3920 6130
971 425 1070 431 _____
1213 418 1734 427 ____________________-__--
1751 416 1798 423 -ο
1829 411 2348 422 φ-κ-ο--α--ψ-ν
2369 412 2380 414 -
2415 410 2426 412 “
2545 406 2710 413 ---—_
3091 429 3132 433 ρ-
3163 428 3182 432 _'
3215 429 3234 434 _
3277 428 3306 436 ’-

283 439 294 443 _
397 437 402 439 Α
453 438 462 440 -
491 433 610 440 ,κς-.-
857 426 992 458 -ῡ-
1013 452 1044 456 __
1095 424 1130 429 "'
1559 447 1564 450 _
1649 447 1666 451 __
1821 445 1824 447 _
1952 444 1970 449 -
1988 440 2040 448 ..ψ
2163 439 2174 445 ,
2197 437 2380 445 _______-_
2423 437 2492 442 .-
2509 436 2544 442 .ν-
2567 434 2676 441 .———
3037 429 3082 435 η’

363 465 408 470 ο-
533 458 734 467 _—
763 454 946 461 -——-——-—
1045 449 1200 458 ’.δ-’.υ
1213 446 1532 456 "——_-'—'—-
1577 447 1622 453 ““¹

282 748 289 751 -
439 667 704 827 DE
813 656 1812 821 THEODORI
1942 641 3293 809 MOPSUESTENI

1190 962 1544 1086 VITA
1614 966 1803 1081 ET
1893 892 2553 1113 scatens

604 1224 1501 1327 COMMENTATIO
1573 1217 2230 1315 HISTOBICA
2294 1209 3124 1307 THEOLOGICA.
3230 1318 3235 1319 ί

1744 1454 1855 1501 εει
1863 1452 2025 1499 19811⁵

1275 1560 1496 1652 afro
1544 1581 1963 1647 FRIDOLIN
2013 1579 2494 1645 FRITZSCHE
3512 1602 3559 1637 -ι

1556 1745 1843 1784 τηοιοαιι
1880 1740 2200 1782 ιιεεκτυτυι

1052 1862 1251 1933 (Halm,
1280 1859 1556 1925 sumptibus
1578 1858 1793 1911 libraria
1815 1856 2242 1919 Orphanotrophei
2264 1853 2720 1917 HDCCCXXIVL)

1485 2108 2303 2295 PRAEFJATIO.

306 2566 507 2626 Schola
550 2565 918 2621 Antiochena
944 2600 962 2628 ,
1002 2574 1125 2631 qum
1164 2576 1194 2614 a
1237 2554 1520 2613 Dorotheo
1557 2565 1612 2614 et
1650 2554 1931 2621 Luciano,
1972 2553 2311 2627 presbyteris
2337 2595 2352 2621 ,
2387 2554 2494 2609 sub
2527 2551 2690 2607 tinem
2729 2552 2913 2608 saeculi
2949 2554 3095 2609 tertii
3135 2554 3356 2611 condita
3393 2564 3477 2612 est
3504 2594 3520 2618 ,

250 2676 369 2716 cum
413 2677 474 2716 ea
522 2660 614 2714 via
656 2655 954 2711 incederet
992 2666 1157 2723 quam
1200 2651 1415 2722 priores
1464 2650 1720 2704 doctores
1758 2647 2084 2705 Autioebeui
2125 2647 2392 2711 inierant,
2428 2644 2756 2715 theologiam
2797 2645 2999 2701 sensim
3039 2660 3101 2700 ac
3140 2646 3403 2717 paulatim
3442 2646 3520 2702 iu

258 2751 444 2808 studiis
476 2752 597 2806 suis
630 2754 936 2820 persecuta
971 2753 1093 2806 est,
1126 2755 1187 2799 ut
1232 2742 1414 2796 indole
1454 2754 1553 2794 sua
1590 2736 1853 2808 peculiari
1892 2737 2186 2793 admodum
2225 2736 2508 2807 Splendeat
2547 2750 2928 2806 summamque
2968 2735 3075 2790 vim
3122 2736 3177 2791 in
3218 2736 3521 2793 Ecclesium

258 2840 493 2898 Graecam
529 2837 876 2896 exhibuerit.
916 2834 1151 2890 Frustra
1190 2832 1336 2887 enim
1378 2829 1636 2885 Ecclesiae
1672 2829 1877 2886 Graeca
1900 2867 1917 2895 ,
1960 2829 2160 2885 veteris
2220 2831 2458 2884 maxime
2482 2868 2498 2891 ,
2558 2829 2796 2883 rationes
2832 2829 3146 2899 perspicere
3184 2829 3477 2886 conaberis
3504 2869 3520 2891 .

264 2938 368 2992 nisi
395 2937 729 3006 theologiam
761 2931 1166 2987 Antiochenam
1202 2928 1374 2999 probe
1406 2925 1751 2998 cognoveris.
1785 2924 1897 2982 Nec
1930 2925 2163 2981 nimium
2194 2923 2308 2979 dixi
2331 2963 2347 2987 ,
2381 2924 2493 2978 imo
2522 2931 2638 2977 tota
2667 2922 2944 2994 theologia
2977 2923 3162 2979 Graeca
3190 2964 3204 2987 ,
3236 2938 3363 2995 quae
3394 2926 3521 2994 qui-

264 3031 387 3085 dem
419 3028 549 3099 quid
587 3027 699 3083 sibi
736 3026 905 3081 vellet
937 3022 1143 3078 sciebat
1180 3034 1360 3091 neque
1395 3017 1636 3074 infausto
1673 3025 1900 3089 torpore
1937 3018 2244 3081 tenebatur,
2279 3031 2366 3070 me
2399 3016 2583 3086 judice
2618 3030 2719 3085 per
2755 3024 3064 3086 temporum
3095 3017 3389 3074 decursum
3421 3021 3525 3075 tri-

265 3120 464 3190 partita
506 3125 660 3182 erat,
710 3112 1119 3175 Alexandrina,
1172 3107 1509 3164 Antiochena
1560 3118 1610 3163 et
1664 3122 1786 3177 quae
1838 3104 2072 3160 mediam
2122 3102 2415 3174 quamdam
2456 3104 2598 3157 viam
2654 3103 2801 3160 iniit.
2852 3104 2990 3161 Cum
3030 3105 3200 3177 igitur
3239 3116 3390 3165 tanta
3439 3111 3527 3167 vis

270 3208 471 3264 schol:
498 3206 861 3263 Antiocheam
896 3202 1095 3267 fuerit,
1136 3199 1373 3255 maxime
1406 3195 1698 3253 dolendum
1734 3194 1882 3265 quod
1921 3210 2031 3250 non
2068 3209 2136 3249 ea
2174 3194 2299 3249 luce
2337 3208 2447 3264 qua
2482 3194 2852 3249 Alexandrina
2892 3194 3215 3252 collustrata
3257 3206 3364 3254 est.
3408 3196 3524 3254 Hac

270 3300 489 3357 denum
518 3308 682 3356 etate
713 3299 784 3355 de
814 3312 876 3353 ea
908 3294 1156 3351 nonnulli
1187 3290 1306 3348 νγ.
1338 3288 1447 3346 DD.
1481 3291 1797 3347 accuratius
1822 3288 2260 3361 disputaverunt,
2286 3288 2379 3360 qui
2402 3303 2715 3361 quanquam
2740 3290 2797 3346 in
2821 3293 3102 3351 nonnullis
3139 3305 3527 3364 peccaverunt,

270 3409 472 3471 magna
504 3408 603 3447 sua
638 3391 802 3446 laude
835 3389 953 3444 hac
986 3386 1169 3443 studia
1202 3382 1608 3471 excitaverunt.

348 3468 463 3552 Ego
492 3496 620 3535 vero
648 3494 756 3549 quo
785 3477 996 3532 diutius
1034 3477 1091 3530 in
1125 3470 1353 3528 historia
1387 3470 1765 3524 ecclesiastica
1797 3468 2201 3539 perscrutanda
2236 3470 2498 3527 Versabar
2530 3481 2585 3527 et
2617 3486 2727 3542 quo
2755 3474 2930 3545 magis
2960 3474 3068 3529 vim
3111 3489 3176 3530 ac
3208 3479 3529 3547 gravitatem

269 3575 480 3630 scholae
509 3570 867 3627 Antiochense
897 3568 1298 3638 perspiciebam
1324 3607 1340 3632 ,
1377 3583 1444 3624 eo
1478 3568 1677 3640 majori
1711 3569 1897 3624 studio
1936 3569 1993 3624 in
2023 3568 2145 3639 ejus
2183 3584 2273 3626 res
2312 3569 2570 3639 inquisivi
2591 3608 2607 3635 ,
2646 3584 2766 3640 quae
2796 3571 2851 3625 in
2881 3570 3117 3625 maxima
3151 3586 3534 3633 monumento-

268 3684 400 3724 rum
455 3668 842 3722 historicorum
894 3665 1122 3735 penuria
1160 3665 1234 3719 ita
1269 3664 1672 3735 quodammodo
1714 3664 2005 3720 dilucidari
2045 3673 2318 3734 possunt,
2352 3671 2412 3717 ut
2442 3664 2634 3734 quales
2671 3664 2907 3719 diversis
2945 3667 3288 3737 temporibus
3328 3669 3534 3741 singuli

265 3762 481 3818 schola
506 3761 658 3815 illius
685 3757 938 3813 doctores
973 3755 1176 3829 fuerint
1208 3758 1493 3827 anquiras.
1529 3755 1585 3810 in
1619 3757 1724 3812 hac
1755 3770 1886 3811 vero
1924 3752 2229 3825 perditlicili
2258 3753 2655 3823 disquisitione
2677 3793 2693 3817 ,
2732 3764 2788 3813 et
2824 3764 3073 3827 tempora
3108 3762 3283 3829 prob.
3319 3762 3536 3819 δίκαι,

264 3852 491 3914 nenda,
523 3858 579 3907 et
608 3865 682 3906 ea
720 3864 841 3920 qua:
868 3849 1208 3920 singulorum
1234 3847 1524 3906 doctorum
1555 3850 1779 3919 propria
1813 3856 1943 3904 sunt
1972 3862 2150 3918 neque
2183 3847 2238 3901 in
2268 3846 2446 3917 ipsam
2483 3847 2727 3903 scholam
2756 3849 2976 3906 cadunt.

344 3942 483 4010 Quae
508 3958 635 3999 cum
666 3942 741 3996 ita
768 3942 913 4006 sint,
945 3956 1127 4012 opem
1159 3942 1395 4012 pretium
1427 3956 1517 3996 me
1544 3942 1818 3996 {acturum
1854 3940 2079 4011 putavi,
2116 3940 2161 3996 si
2197 3941 2252 3994 in
2285 3940 2450 3996 rebus
2483 3938 2757 3996 Theodori
2787 3944 3115 4000 Antiocheni
3136 3985 3153 4012 ,
3190 3945 3538 4018 Mopsuestia

267 4035 559 4105 episcopi,
589 4034 683 4103 qui
712 4032 1039 4104 theologiam
1068 4031 1464 4087 Antiochenam
1496 4032 1564 4086 ad
1596 4046 1716 4087 eam
1748 4047 1911 4103 quam
1941 4038 2103 4088 nacta
2129 4038 2213 4088 est
2242 4031 2630 4102 perfectionem
2657 4036 2869 4099 evexit,
2898 4051 3073 4091 meam
3104 4040 3539 4115 qualemcunque

266 4138 475 4178 curam
505 4123 837 4177 collocarem
866 4131 1032 4192 atque
1059 4123 1128 4178 de
1156 4122 1277 4191 ejus
1311 4124 1454 4189 vita,
1491 4123 1747 4194 scriptis,
1783 4122 2081 4194 Scriptura:
2107 4139 2280 4181 sacrae
2316 4126 2789 4197 interpretatione,
2826 4129 3109 4192 doctrina.
3155 4143 3434 4202 postremo
3467 4137 3539 4194 de

268 4215 405 4284 ejus
434 4213 565 4268 fatis
592 4220 722 4284 post
752 4212 864 4267 fata
895 4213 1207 4269 accuratius
1236 4221 1663 4269 commentarer.
1694 4214 1896 4284 Accipe
1920 4255 1935 4281 ,
1967 4215 2168 4271 Lector
2203 4216 2463 4272 benevole
2483 4257 2497 4281 ,
2533 4218 2675 4273 hanc
2706 4222 2939 4289 primam
2971 4222 3039 4278 de
3066 4222 3356 4283 Theodoro
3385 4243 3538 4285 com-

269 4306 670 4363 assentationem
706 4304 781 4374 (α)
818 4319 1049 4376 eamque
1082 4306 1417 4376 bipartitam.
1448 4308 1527 4361 Ac
1562 4307 1725 4360 vitam
1755 4306 1974 4376 quidem
2009 4306 2282 4364 Theodori
2317 4308 2374 4363 in
2421 4318 2571 4364 tanta
2620 4320 3098 4369 monumentorum
3142 4316 3534 4377 historicorum

276 4398 569 4467 paucitate
606 4412 767 4453 nemo
804 4398 1118 4454 describere
1153 4406 1375 4469 potest;
1414 4414 1539 4471 qua:
1574 4416 1706 4457 vero
1734 4401 1802 4456 de
1836 4402 1949 4456 vita
1990 4402 2154 4469 hujus
2190 4403 2296 4457 viri
2335 4413 2485 4460 certe
2520 4412 2617 4459 aut
2653 4407 3007 4475 probabiliter
3042 4408 3149 4464 dici
3184 4426 3347 4481 posse
3383 4412 3541 4471 vide—

266 4484 702 4546 rentur.sedulo
735 4489 986 4560 congessi
1019 4499 1073 4546 et
1102 4490 1410 4547 examinavi
1440 4530 1456 4556 ,
1490 4506 1560 4547 ne
1590 4490 1889 4548 levioribus
1921 4494 2141 4564 quidem
2171 4493 2361 4556 rebus.
2393 4503 2456 4549 ut
2482 4510 2583 4564 par
2609 4503 2749 4559 erat,
2778 4499 3019 4551 omissis.

352 4574 479 4643 Quo
510 4579 765 4649 pauciora
797 4578 866 4633 de
896 4578 1017 4633 viro
1046 4580 1285 4649 quodam
1316 4580 1628 4636 clarissimo
1656 4579 1792 4634 edas
1826 4590 2040 4650 tempus
2070 4581 2281 4650 reliqua
2312 4581 2476 4646 fecit,
2504 4594 2572 4637 eo
2600 4582 2793 4649 majori
2824 4585 3007 4639 studio
3035 4600 3098 4641 ea
3122 4589 3229 4643 etsi
3264 4590 3540 4648 levissima

264 4682 578 4740 congerere
613 4670 770 4725 decet
805 4678 969 4739 atque
1006 4672 1378 4741 perscrutari,
1421 4685 1533 4741 quo
1568 4671 1748 4751 qualis
1786 4671 1954 4725 fuerit
1994 4670 2041 4727 si
2083 4686 2195 4726 non
2234 4670 2474 4737 docere,
2515 4673 2832 4742 conjectura
2867 4683 3016 4731 certe
3062 4682 3282 4749 assequi
3324 4685 3533 4753 possis.

264 4761 519 4831 Hagnus
554 4762 701 4815 enim
738 4762 823 4814 vir
858 4764 941 4815 vel
979 4777 1049 4815 ex
1090 4763 1192 4826 iis,
1231 4762 1424 4832 paucis
1464 4764 1623 4826 licet,
1665 4778 1790 4832 quae
1824 4763 1893 4817 de
1930 4777 1994 4816 eo
2042 4763 2256 4834 reliqua
2297 4762 2442 4818 facta
2483 4772 2611 4818 sunt
2649 4770 2906 4837 cognosci
2953 4776 3150 4838 potest.
3202 4769 3301 4825 Vir
3347 4776 3542 4833 doctus

258 4869 466 4913 autem
500 4863 555 4912 et
585 4857 931 4913 clarissimus
964 4857 1221 4913 Ecclesiae
1253 4858 1451 4913 doctor
1480 4856 1592 4914 fere
1626 4859 1780 4913 libris
1813 4858 1933 4913 suis
1971 4860 2186 4914 censeri
2228 4867 2409 4927 potest
2439 4899 2455 4923 ,
2486 4859 2554 4913 de
2593 4862 2794 4930 quibus
2825 4864 2870 4918 si
2903 4867 3034 4919 satis
3068 4876 3324 4924 accurate
3355 4870 3543 4942 dispu-

254 4953 488 5007 taveris
508 4992 525 5015 ,
554 4950 679 5019 ejus
708 4966 798 5005 res
827 4965 1025 5021 magna
1052 4965 1118 5005 ex
1152 4959 1305 5020 parte
1336 4953 1731 5008 illustraveris.
1779 4951 2105 5019 Quanquam
2136 4968 2207 5005 ne
2240 4962 2352 5004 tum
2382 4951 2602 5021 quidem
2653 4953 2967 5023 hujusmodi
3002 4957 3303 5027 disputatio
3334 4962 3544 5019 inutilis

252 5052 363 5101 est
394 5083 410 5108 ,
443 5045 489 5097 si
518 5043 785 5099 librorum
825 5046 1047 5098 illorum
1084 5044 1197 5100 fere
1229 5060 1406 5115 pauca
1438 5045 1742 5117 fragmenta
1776 5053 2098 5116 supersunt.
2129 5045 2271 5111 Quid
2313 5048 2457 5116 quod
2489 5063 2551 5101 ex
2585 5048 2717 5103 solis
2750 5065 2939 5104 eorum
2982 5052 3157 5108 titulis
3188 5056 3395 5124 aliquid
3428 5058 3545 5114 eiii—

251 5135 444 5190 cias?
473 5136 555 5188 Ad
588 5134 938 5191 Theodorum
978 5149 1160 5193 autem
1192 5146 1251 5191 ut
1282 5149 1545 5205 revertar,
1577 5139 1960 5193 diliicillimum
1995 5148 2111 5195 erat
2146 5155 2210 5194 ac
2240 5140 2424 5209 magni
2459 5140 2665 5195 laboris
2686 5178 2699 5205 ,
2744 5143 2810 5196 de
2853 5143 2974 5211 ejus
3014 5148 3227 5212 scriptis
3244 5154 3547 5209 exponere.

254 5245 413 5285 cum
448 5247 569 5301 qua:
602 5231 712 5287 huc
748 5234 1089 5302 pertinerent
1123 5234 1363 5288 nondum
1405 5235 1540 5290 satis
1579 5242 1835 5289 accurate
1863 5243 2124 5305 congesta
2159 5244 2322 5305 atque
2359 5236 2673 5289 examinata
2723 5245 2911 5291 essent
2935 5275 2950 5298 ,
3002 5237 3119 5306 ipsa
3161 5252 3298 5297 vero
3338 5239 3549 5311 disqui-
3620 5244 3623 5245 ⁷

255 5323 450 5390 sitio,
500 5338 663 5391 quam
713 5324 904 5379 nullus
956 5324 1043 5377 vir
1092 5325 1289 5380 doctus
1332 5340 1507 5391 usque
1535 5326 1714 5381 adhuc
1741 5333 1851 5379 tam
1879 5327 1986 5379 late
2019 5335 2203 5395 patere
2232 5325 2439 5391 voluit,
2473 5325 2527 5378 in
2577 5332 2729 5378 tanto
2769 5335 3010 5380 veterum
3062 5329 3279 5382 silentio
3326 5332 3547 5400 spinosa

253 5428 464 5483 esset,
507 5421 560 5474 in
608 5435 716 5489 qua
756 5435 826 5474 ne
864 5427 1113 5488 Optarem
1152 5423 1337 5491 potius
1375 5437 1537 5491 quam
1579 5421 1831 5476 docerem
1872 5421 2182 5475 cavendum
2213 5429 2348 5475 erat.
2386 5419 2506 5474 Non
2537 5419 2713 5474 solum
2753 5430 2934 5474 autem
2976 5438 3097 5489 qua:
3140 5422 3399 5477 historica
3446 5426 3550 5477 fida

252 5510 447 5582 digna
486 5522 664 5570 essent
708 5513 1007 5584 disquisivi
1034 5552 1052 5577 ,
1094 5529 1282 5569 verum
1323 5516 1490 5569 etiam
1529 5515 1645 5570 haec
1685 5515 1804 5586 ipsa
1844 5523 1993 5570 recte
2031 5515 2337 5583 intelligere
2376 5523 2540 5583 atque
2578 5529 2645 5567 ex
2687 5513 2755 5568 iis
2795 5529 2859 5567 ea
2892 5528 3014 5584 qua:
3044 5526 3189 5571 recte
3220 5516 3358 5571 είΙίςί
3388 5532 3551 5586 poSse

352 5710 429 5779 (rt)
458 5712 587 5780 Qua:
628 5715 696 5769 dc
714 5702 1023 5784 Theodori
1036 5715 1451 5784 commentariis
1484 5715 1536 5769 in
1565 5714 1812 5771 Psalmos
1845 5726 1901 5770 et
1932 5716 1984 5769 in
2015 5716 2187 5768 libros
2218 5712 2352 5768 Novi
2383 5712 2717 5768 Testantenti
2748 5712 3046 5784 disputavi,
3083 5728 3143 5768 ea
3182 5716 3393 5783 integra
3439 5712 3554 5769 fere

256 5785 587 5853 nuperrime
618 5786 926 5856 separatim
959 5781 1131 5848 edidi,
1167 5790 1223 5835 ut
1250 5785 1485 5842 honores
1512 5784 1800 5843 Licentiati
1833 5787 2116 5857 theologia:
2143 5787 2242 5840 rite
2264 5785 2633 5854 impetrarem.

624 5878 915 5942 Parnoz.
960 5870 1086 5934 Gn.
1133 5873 1355 5937 LXVI.
2678 5928 2693 5943 ,
3177 5874 3212 5933 ι

2134 6023 2179 6037 rw

1664 6049 1678 6069 Ι
1720 6043 1739 6069 i.
1770 6046 1781 6055 τ
1862 6035 1923 6059 ’μ’
1976 6044 1997 6066 .3
2028 6028 2103 6045 '1'.”

1714 6043 1781 6099 ig
1808 6074 1831 6095 -,
1862 6040 1923 6086 ’ἶ
1968 6040 2199 6107 ᾗ

1688 6098 1693 6101 ,
1714 6084 1725 6089 ’⁷
1760 6090 1773 6099 ι
1824 6086 1831 6095 ι
1920 6084 1923 6086 “
1968 6084 2013 6101 ‹,¹·-
2062 6096 2069 6105 κ

1665 6108 2075 6130 ωτι-’.νμκ
2168 6114 2171 6115 ⁷

2054 6110 2075 6125 ’ί
2168 6114 2171 6115 ν
3252 6118 3592 6130 ___—'—_
