3920 6130
273 349 336 410 i3
1066 348 1153 403 DE
1188 342 1537 413 THEODORI
1575 338 2057 409 MOPSUESTENI
2098 341 2260 400 V'ITA
2296 343 2388 400 ET
2428 338 2753 401 SCNPTIS.
3444 344 3515 406 Νι

274 482 352 535 sq.
367 466 406 534 l,
438 462 679 519 inﬁrmis
709 463 827 517 uixi
859 464 1198 530 rationibus,
1227 464 1293 518 ad
1321 480 1371 518 ι.
1400 464 1523 519 Ωῖ.
1560 494 1630 507 —-
1657 462 1836 518 Theo-

1949 480 1995 535 p.
2028 464 2151 525 (ὧι),
2183 463 2255 517 cl.
2295 479 2348 531 p.
2374 462 2499 528 618,
2530 462 2672 518 unde
2703 477 2828 518 eum
2858 476 2905 515 a.
2944 462 3054 517 428
3082 462 3287 519 obiisse
3318 464 3511 519 vet-isi-

277 557 435 610 doret.
474 552 548 607 ﬂ.
598 570 648 607 e.
696 570 754 619 v,
787 554 861 609 39
900 574 913 607 :
948 556 1116 608 Πέντε
1165 555 1258 608 καὶ
1290 554 1481 608 ἑκατὸν
1514 555 1651 608 ἐτῶν
1684 554 1777 623 ἥδε
1808 557 1841 624 ἡ

281 645 473 715 ἱστορία
527 642 780 713 περιέχει
833 644 1058 715 χρόνον,
1118 642 1395 714 ἀρξαμένη
1452 643 1552 712 μὲν
1588 641 1699 695 ἀπὸ
1745 641 1844 709 τῆς

290 736 486 808 ’Δρείου
514 734 740 805 λύττης,
786 733 1059 806 δεξαμένη
1090 734 1147 788 δὲ
1181 735 1350 806 πέρας
1378 735 1485 789 τῶν
1517 735 1843 802 ditandiva

280 827 477 896 ἀνδρῶν
511 826 792 899 Θεοδώρου
818 827 917 880 καὶ
939 826 1191 880 Θεοδότου
1216 826 1315 898 τὴν
1351 826 1627 897 τελευτήν.
1660 825 1842 883 Praef.

278 919 544 983 eadem.
577 959 592 972 .
632 957 646 971 .
681 956 695 972 .
733 958 748 972 .
783 957 799 972 .
842 918 1004 989 μέχρι
1026 918 1124 973 τοῦ
1150 918 1223 987 (ι.
1257 918 1391 989 τῆς)
1432 919 1843 975 Κωνσταντινον

285 1008 555 1079 θεοφιλοῦς
586 1009 866 1078 βασιλείας
892 1012 964 1061 τὰ
998 1011 1120 1071 ταῖς
1176 1009 1522 1078 Ἐκκλησίαις
1562 1009 1844 1079 συμσεὸηφ

283 1102 407 1155 me
435 1100 797 1171 συνέγραψεν·
840 1099 955 1167 ιγὼ
978 1099 1040 1152 δὲ
1063 1100 1162 1169 τῆς
1186 1101 1507 1171 συγγραφῆς
1538 1099 1758 1169 ἐκείνης
1783 1101 1846 1155 τὸ

284 1192 422 1252 τέλος
446 1190 625 1261 ἀρχὴν
650 1191 751 1259 τῆς
784 1190 1027 1261 ἱστορίας
1052 1191 1366 1260 ποιήσομαι.
1399 1188 1627 1246 Eusebii
1660 1188 1845 1244 Histoo

286 1286 361 1335 ria
397 1281 587 1335 tinitur
632 1282 956 1335 narratione
995 1281 1063 1337 de
1099 1280 1312 1337 Ucinio
1346 1282 1561 1337 devicto
1589 1282 1609 1351 (
1629 1297 1684 1336 a.
1717 1282 1843 1338 524.

286 1370 523 1444 [32321)
553 1385 622 1425 ac
656 1371 728 1425 de
755 1369 937 1426 medio
972 1370 1191 1429 subiato
1235 1371 1328 1441 (a.
1384 1371 1550 1441 ωδ),
1590 1370 1845 1427 Theodo-

282 1475 427 1519 retus
450 1471 658 1528 autem,
694 1463 789 1518 ubi
822 1462 861 1516 l.
907 1478 950 1526 t,
981 1477 1033 1516 c.
1070 1464 1123 1529 1,
1152 1461 1445 1525 Maxentio,
1474 1462 1769 1519 Maximino
1793 1469 1849 1517 et

280 1551 490 1609 Licinio
532 1552 787 1623 tyrannis
812 1551 886 1607 de
926 1552 1111 1608 medio
1143 1552 1399 1617 sublatis,
1432 1551 1693 1609 Ecclesia
1720 1568 1850 1623 pro-

284 1646 471 1699 cellam
520 1644 769 1699 sedatam
806 1642 979 1700 fuisse
1027 1643 1338 1713 perhibuit,
1377 1644 1447 1699 ad
1488 1658 1577 1700 res
1611 1644 1848 1701 Arianae

1945 554 2150 619 tnilius.
2172 552 2373 608 Eodem
2389 554 2625 620 denique
2650 568 2750 607 nos
2772 551 2922 607 ducit
2943 552 3172 622 epistola
3186 551 3511 609 Theodoreti

1944 643 2017 699 ad
2050 643 2366 699 Μυσίαι-ωε
2398 659 2449 696 a.
2479 643 2585 697 με
2610 647 2695 714 (v.
2727 643 2857 713 Pagi
2895 643 2930 696 l.
2960 644 2996 696 l.
3028 644 3094 699 ad
3126 658 3178 698 a.
3209 644 3355 713 125)
3384 646 3511 699 data

1947 735 2066 805 (ed.
2114 737 2236 790 Hal.
2286 734 2377 799 IV,
2425 750 2479 804 p.
2513 734 2654 791 Hi5
2695 749 2780 803 sq.
2803 734 2844 805 ),
2885 735 2939 789 in
2980 750 3087 803 qua
3128 734 3259 790 dicit
3298 752 3357 791 se
3395 737 3509 790 Au-

1943 825 2162 879 tiochiae
2189 825 2295 881 sub
2318 840 2404 893 ep.
2436 823 2715 880 Theodoto
2746 840 2842 894 per
2875 841 2974 880 sex
3002 840 3178 881 annos
3202 837 3254 880 et
3280 843 3375 896 per
3402 837 3513 881 tre-

1943 917 2123 973 decim
2162 917 2266 973 sub
2294 933 2381 983 ep.
2414 915 2624 973 Joanne
2653 918 2926 983 docuisse,
2952 919 3067 985 jam
3100 919 3393 988 septimum
3426 920 3513 989 agi

1946 1024 2150 1063 annum
2170 1047 2185 1072 ,
2216 1023 2329 1078 quo
2359 1009 2464 1064 sub
2488 1024 2577 1079 ep.
2612 1006 2825 1063 Domno
2862 1008 3072 1064 doceat.
3106 1040 3175 1051 -—
3207 1008 3513 1080 Episcopa-

1947 1109 2086 1164 tum,
2118 1101 2173 1154 in
2195 1115 2307 1171 quo
2339 1100 2560 1170 triginta
2584 1115 2679 1156 sex
2713 1114 2886 1157 annos
2916 1100 3179 1170 transegit
3206 1100 3300 1170 (cf.
3332 1098 3515 1156 Theo-

1945 1193 2124 1247 doret.
2155 1191 2231 1245 Η.
2268 1193 2398 1247 ccci.
2429 1207 2496 1253 ν,
2529 1191 2641 1260 '59),
2678 1189 3000 1248 Theodorus
3047 1199 3142 1246 aut
3189 1201 3421 1246 exeunte
3458 1207 3512 1246 ι.

1946 1283 2072 1347 592,
2104 1291 2198 1338 aut
2223 1284 2443 1338 ineunte
2474 1283 2580 1338 593
2616 1282 2843 1352 adeptus
2877 1290 2983 1337 est.
3017 1281 3152 1337 Eum
3178 1298 3232 1337 a.
3258 1283 3384 1353 382,
3418 1290 3514 1337 aut

1946 1373 2073 1441 385,
2105 1374 2483 1444 presbyterum
2512 1373 2909 1429 Antiochenam
2937 1373 3143 1428 factum
3171 1388 3315 1438 esse,
3345 1372 3514 1429 Tille~

1948 1468 2140 1523 montii
2177 1467 2213 1520 l.
2247 1468 2309 1531 l.,
2346 1482 2403 1537 p.
2437 1466 2565 1527 436,
2603 1475 2690 1520 est
2727 1465 3069 1533 conjectura,
3098 1465 3244 1519 haud
3278 1465 3516 1522 absurde

1949 1557 2041 1611 illa
2071 1558 2290 1627 quidem
2322 1557 2504 1613 verbis
2529 1555 2761 1611 Joannis
2783 1570 2873 1626 ep.
2901 1557 3029 1611 Ant.
3063 1571 3150 1625 ap.
3177 1554 3422 1611 Faeund.
3451 1568 3513 1623 Il,

1948 1648 1985 1702 2
2011 1663 2023 1700 :
2053 1649 2294 1718 Quinque
2335 1657 2386 1702 et
2430 1647 2789 1717 quadraginta
2827 1648 2982 1700 anuis
3023 1646 3163 1701 clare
3190 1648 3244 1699 in
3274 1646 3518 1701 doctrina

285 1735 584 1791 sanandas
612 1732 954 1806 aggreditur.
1006 1733 1194 1805 Neque
1231 1750 1362 1791 vero
1388 1734 1733 1793 obiciendum
1779 1750 1848 1790 ex
1882 1808 1905 1809 ί
1951 1739 2215 1808 ρηνῙιΙιᾰι
2268 1768 2337 1780 -—
2393 1768 2463 1780 —
2510 1740 2895 1809 quinquaginta
2938 1753 3065 1806 pene
3117 1740 3273 1792 annis
3310 1738 3518 1805 fortiter

284 1828 391 1882 illis
427 1827 603 1889 locis,
652 1825 802 1894 quod
849 1824 982 1896 Pagi
1034 1826 1249 1889 Olfecit,
1304 1827 1572 1881 rationem
1628 1826 1848 1881 illorum
1880 1808 1923 1864 Β
1950 1839 2331 1900 repugnantem
2396 1808 2602 1884 cunctis
2651 1830 2940 1884 [tussim
2992 1857 3063 1870 —
3112 1829 3364 1893 ﬁrmata,
3421 1830 3518 1885 ad.

288 1916 389 1970 itl‘)’
435 1930 699 1969 annorum
729 1915 800 1970 ab
831 1928 884 1969 a.
914 1912 1021 1969 525
1062 1914 1355 1969 iucundam
1381 1928 1527 1970 esse.
1556 1912 1702 1969 Sane
1726 1914 1851 1983 qui-

289 2005 410 2059 dem
460 2003 699 2059 licinius
746 2018 798 2058 a.
832 2002 939 2059 325
970 2004 1269 2073 suspendio
1314 2004 1565 2059 sublatus
1611 2012 1717 2069 est,
1751 2003 1850 2060 sed

285 2095 391 2164 iam
434 2102 596 2159 ante,
643 2103 932 2164 postquam
989 2093 1235 2151 Licinius
1288 2096 1466 2151 victus
1523 2096 1754 2165 imperio
1789 2109 1850 2153 se

288 2186 583 2251 abdicavit,
624 2186 1028 2244 Constantinus
1070 2188 1221 2244 solus
1277 2190 1576 2259 imperator
1613 2198 1756 2254 erat,
1793 2196 1850 2244 et

289 2280 423 2334 male
450 2278 834 2335 Theodoretus
864 2294 894 2332 a
927 2288 1101 2335 morte
1129 2279 1326 2336 Licinii
1360 2268 1471 2337 non
1508 2282 1849 2338 memorabili

286 2371 401 2436 illa,
424 2371 520 2427 sed
556 2388 725 2441 quam
762 2371 1031 2428 Eusebius
1074 2388 1377 2429 memorare
1404 2374 1579 2443 potuit
1605 2373 1706 2444 (a),
1743 2376 1848 2429 Hi-

282 2466 464 2517 storia
514 2478 633 2518 sua:
661 2463 885 2517 initium
935 2465 1188 2534 cepisset.
1220 2466 1290 2518 At
1322 2464 1698 2521 memorabilis
1729 2475 1851 2521 erat

286 2555 508 2609 victoria
536 2555 607 2608 de
642 2553 856 2609 Licinio
893 2562 1203 2626 reportata,
1236 2570 1343 2625 qua
1373 2557 1663 2626 imperium
1703 2557 1849 2629 apud

278 2647 459 2701 solum
482 2646 912 2701 Constantinum
940 2661 1063 2702 esse
1085 2648 1270 2717 cepit.
1299 2646 1469 2702 Multo
1487 2645 1851 2703 minusTheo-

281 2738 503 2793 det-etus
536 2738 707 2806 priori
751 2738 846 2791 illo
870 2738 991 2793 loco
1025 2752 1085 2793 se
1112 2738 1182 2793 ab
1212 2751 1280 2793 eo
1317 2752 1465 2792 anno
1487 2776 1504 2802 ,
1543 2753 1653 2808 quo
1683 2738 1849 2795 Arius

282 2825 343 2881 in
396 2828 607 2897 synodo
667 2826 888 2882 Nicaeus
949 2828 1242 2883 damnatus
1297 2837 1474 2891 esset,
1551 2829 1850 2884 Historiam

281 2933 575 2974 narrasse
606 2917 895 2973 indicavit.
950 2916 1069 2974 Hoc
1115 2920 1260 2974 enim
1296 2928 1659 2989 praeterquam
1696 2920 1849 2989 quod

284 3011 569 3080 perspicue
597 3011 963 3071 enuntiasset,
1002 3010 1092 3064 ille
1121 3009 1275 3064 locus
1305 3010 1427 3065 ideo
1470 3011 1537 3063 ad
1591 3010 1849 3064 trutinam

286 3100 426 3169 exigi
462 3116 575 3154 non
604 3108 806 3171 potest,
846 3100 994 3170 quod
1026 3101 1266 3170 alioquin
1297 3101 1366 3155 ab
1386 3116 1439 3154 a.
1477 3099 1589 3156 fere
1617 3100 1719 3156 319
1748 3100 1850 3154 Hi-

280 3194 505 3245 storiam
556 3206 713 3245 suam
753 3191 1045 3246 inchoasse
1090 3200 1254 3261 atque
1283 3192 1362 3246 ita
1397 3206 1582 3247 secum
1606 3192 1722 3262 ipse
1750 3208 1849 3262 pu-

280 3297 451 3352 gnare
475 3281 855 3337 Thcodoretus
886 3281 1197 3337 censendus
1239 3291 1405 3337 esset.
1459 3279 1626 3337 Recte
1663 3289 1850 3337 tamen

284 3372 385 3425 illo
409 3372 563 3426 modo
591 3371 742 3441 loqui
777 3370 972 3441 potuit,
1004 3371 1132 3440 quia
1164 3372 1355 3440 paucis
1383 3372 1689 3440 prmissis
1722 3369 1850 3439 priu-

281 3474 437 3514 mum
482 3475 569 3515 res
609 3461 843 3517 Arianae
881 3460 1148 3514 narravit.
1197 3460 1385 3529 Itaque
1432 3460 1721 3530 posteriori
1758 3444 1849 3513 illo

284 3548 409 3605 loco
451 3560 636 3621 utpote
673 3552 969 3622 perspicuo
1000 3551 1255 3622 illiusque
1288 3550 1539 3605 Historia:
1573 3552 1848 3620 prioribus

284 3646 445 3697 nixus
500 3644 810 3713 capitibus,
866 3643 1178 3698 accuratius
1224 3642 1372 3699 extim
1417 3658 1482 3698 ea
1529 3650 1845 3706 narrantur,

280 3748 405 3804 quae
442 3751 561 3805 syn.
600 3733 876 3788 Nicmnam
906 3732 1003 3803 (d.
1034 3750 1101 3786 xx
1137 3750 1210 3787 tu.
1254 3733 1376 3787 Mai.
1427 3742 1521 3787 aut
1547 3732 1675 3788 Jun.
1707 3733 1846 3789 325i

284 3813 682 3897 princesserunt
713 3841 946 3898 quaeque
986 3824 1132 3879 haud
1161 3825 1323 3880 dubie
1354 3841 1603 3896 magnam
1637 3834 1844 3895 partem

286 3930 334 3971 ι
372 3917 475 3971 524
495 3925 651 3988 gesta
692 3926 846 3983 sunt,
880 3915 923 3968 Τ
928 3916 1279 3970 heodoretum
1307 3916 1378 3970 ab
1400 3932 1453 3970 a.
1489 3916 1592 3971 524
1629 3917 1845 3970 illorum

283 4022 547 4062 annorum
572 4007 848 4062 rationem
880 4004 1008 4060 iniri
1047 4005 1285 4060 voluisse
1318 4006 1673 4075 probabiliter
1694 4005 1848 4059 dixe-

283 4101 387 4154 ris.
411 4097 523 4152 iam
555 4099 602 4154 si
631 4113 807 4152 annos
844 4095 947 4150 l05
979 4095 1138 4150 annis
1168 4095 1272 4150 524
1306 4095 1481 4160 addis,
1508 4110 1688 4162 annus
1715 4096 1842 4162 428,

280 4188 399 4244 duo
422 4190 558 4244 enim
589 4188 720 4243 anni
750 4188 854 4243 105
881 4197 935 4241 et
955 4187 1059 4242 524
1086 4187 1397 4256 incompleti
1439 4158 1537 4256 pro
1569 4158 1844 4256 completo

282 4281 631 4345 numerandi,
681 4279 917 4336 eliicitur
959 4286 1015 4335 et
1058 4279 1277 4349 quidem
1323 4280 1444 4348 ejus
1484 4281 1702 4343 exitus,
1734 4293 1844 4347 quo

281 4370 599 4427 Theodorus
635 4379 888 4425 mortuus
924 4380 1008 4425 est
1035 4368 1130 4439 (ὁ).
1163 4367 1300 4423 Huic
1328 4377 1509 4425 autem
1542 4370 1846 4424 ratiocina-

1949 1920 2171 1975 modum
2206 1929 2390 1975 tamen
2443 1920 2633 1975 dubia.
2673 1918 2846 1975 Natus
2886 1928 2973 1974 est
3038 1933 3092 1973 ι.
3136 1920 3276 1985 350,
3340 1920 3517 1990 siqui~

1948 2009 2074 2066 dem
2102 2011 2314 2081 priores
2342 2011 2464 2066 dua
2511 2009 2891 2081 Chrysostomi
2925 2009 2994 2063 ad
3036 2009 3365 2064 Theodorum
3402 2010 3518 2079 cpio

1948 2101 2106 2158 stolae
2124 2109 2275 2157 recte
2309 2102 2376 2156 ad
2392 2116 2447 2157 a.
2467 2101 2571 2156 369
2592 2100 2925 2155 referuntur.
2946 2098 3031 2155 Cf.
3064 2099 3350 2170 Chrysost.
3374 2098 3515 2169 Opp.

1944 2192 1993 2259 Ι,
2015 2209 2070 2263 p.
2104 2193 2198 2259 59,
2226 2220 2296 2233 —-
2318 2192 2435 2255 νῦν,
2462 2193 2550 2245 ὅτε
2570 2191 2722 2245 οὔπω
2753 2190 2997 2244 εἰκοστὸν
3021 2191 3176 2259 ἄγεις
3208 2191 3345 2253 ἔτος.
3378 2189 3516 2245 Eum

1951 2295 2098 2341 certe
2133 2285 2228 2338 illo
2277 2282 2391 2337 fere
2427 2292 2671 2352 tempore
2716 2284 2771 2338 in
2796 2284 2971 2338 lucem
3005 2283 3210 2338 editum
3244 2292 3390 2345 esse,
3424 2296 3517 2336 ra-

1950 2376 2147 2437 tiones,
2166 2375 2366 2445 quibus
2386 2389 2509 2427 cum
2533 2373 2926 2445 Chrysostomo
2950 2374 3238 2428 tenebatur
3259 2373 3346 2443 (ν.
3368 2372 3516 2439 int),

1950 2472 2277 2536 argumento
2326 2471 2475 2519 sunt.
2543 2462 2611 2517 Et
2668 2464 2884 2517 videtur
2935 2478 3070 2518 sane
3122 2464 3520 2534 Chrysostomo

1950 2556 2169 2613 duobus
2198 2556 2445 2611 tribusve
2484 2557 2643 2610 annis
2676 2554 2904 2609 inferior
2930 2554 3119 2609 luisse.
3154 2554 3336 2624 Itaque
3369 2570 3518 2607 sene.

1944 2656 2089 2702 etate
2118 2663 2255 2702 cana
2290 2646 2597 2701 debilitatus
2631 2644 2726 2712 (cf.
2758 2644 2990 2716 Hesych.
3024 2647 3077 2699 in
3107 2647 3224 2699 Act.
3258 2662 3308 2700 ε.
3332 2645 3515 2699 Const.

1948 2737 2017 2805 ll,
2046 2740 2110 2794 A.
2144 2737 2228 2805 V;
2260 2737 2426 2791 Harii.
2465 2737 2629 2793 Coac.
2660 2736 2748 2799 lll,
2783 2753 2837 2805 p.
2873 2738 2974 2792 104
3001 2746 3054 2791 et
3087 2754 3137 2805 p.
3169 2735 3295 2801 653,
3326 2737 3381 2791 in
3411 2736 3517 2792 Pe-

1947 2832 2056 2902 lag.
2113 2846 2237 2902 pap.
2304 2845 2390 2901 ep.
2445 2830 2535 2896 IlI,
2587 2831 2655 2884 ad
2708 2830 2884 2883 Etiam
2931 2840 2977 2884 et
3013 2830 3189 2884 [urite
3215 2831 3323 2900 ep.)
3351 2846 3518 2886 senex

1948 2919 2291 2991 septuaginta
2318 2920 2432 2976 fere
2458 2928 2515 2975 et
2546 2930 2673 2975 octo
2693 2936 2965 2976 annorum
2989 2920 3340 2976 obdormivit.

2021 3008 2267 3066 Fratrem
2301 3011 2489 3066 habuit
2526 3012 2968 3082 Polychronium,
3000 3012 3057 3066 S.
3089 3012 3304 3066 Zebina:
3322 3021 3517 3065 ascetm

1952 3098 2281 3168 discipulum
2321 3108 2375 3154 et
2409 3101 2663 3155 aemulum
2687 3140 2702 3166 ,
2751 3110 2874 3171 post
2904 3103 3265 3171 Apamensem
3300 3102 3515 3171 episco-

1952 3204 2079 3259 pum
2116 3190 2230 3263 (c);
2268 3190 2541 3246 Paeonium
2567 3232 2582 3255 ,
2632 3193 2806 3247 virum
2849 3193 3084 3247 nobilem
3110 3233 3124 3258 ,
3176 3193 3268 3261 qui
3304 3193 3359 3247 in
3398 3208 3515 3247 ma-

1950 3280 2181 3351 gistratu
2207 3289 2344 3349 erat,
2380 3291 2671 3353 cognatum
2705 3284 2993 3354 (ἀνεψιόν)
3020 3284 3118 3353 (d).
3151 3284 3289 3339 Cum
3343 3285 3509 3337 vitam

1949 3372 2332 3442 qmtuaﬁam
2369 3375 2683 3429 scholastici
2718 3379 2832 3432 sive
2870 3376 3156 3442 causidici,
3191 3391 3355 3448 quam
3398 3386 3512 3431 tum

1953 3465 2064 3521 l‘ere
2095 3467 2234 3520 inire
2262 3467 2621 3537 solebantqui
2653 3467 2717 3521 ad
2752 3469 2960 3538 amplos
2993 3468 3230 3522 honores
3265 3470 3511 3537 publicos

1952 3555 2212 3609 accedere
2252 3555 2577 3624 cupiebant,
2608 3558 2862 3626 amplecti
2896 3558 3084 3620 vellet,
3112 3556 3361 3618 Libanio,
3399 3557 3514 3609 cla-

1950 3645 2171 3699 rissimo
2222 3646 2368 3700 illius
2405 3647 2669 3714 temporis
2718 3647 2996 3715 sophista,
3029 3653 3362 3716 praeceptore
3390 3647 3516 3700 rhe-

1950 3736 2139 3789 toricae
2164 3750 2271 3788 una
2301 3750 2427 3788 cum
2457 3736 2850 3805 Chrysostonto
2876 3744 2930 3791 et
2962 3736 3213 3798 Maximo,
3248 3747 3368 3807 post
3414 3736 3513 3791 Se-

1951 3823 2137 3878 leuciae
2178 3823 2232 3877 in
2277 3820 2482 3878 lsauria
2512 3838 2623 3893 ep.,
2672 3840 2805 3879 usus
2835 3833 2918 3881 est
2956 3826 3045 3895 (ε).
3072 3824 3294 3881 Iuvenis
3323 3826 3475 3880 dives
3496 3864 3511 3889 ,

1952 3923 2011 3968 ut
2053 3923 2193 3978 erat,
2255 3913 2381 3968 vitae
2442 3914 2669 3968 delicias
2716 3922 2771 3970 et
2823 3917 3146 3985 elegantiam
3198 3918 3513 3983 neutiquam

1950 4006 2187 4074 sprevit,
2222 4019 2531 4074 quanquam
2573 4005 2749 4060 laudis
2776 4006 3007 4075 cupidus
3041 4006 3284 4075 profanis
3318 4006 3513 4059 litteris

1951 4095 2171 4151 assidue
2237 4096 2447 4152 studuit
2500 4095 2601 4167 (Γ).
2667 4096 2840 4151 Aliter
2890 4112 3017 4166 vero
3063 4097 3509 4169 Chrysostomus,

1951 4184 2222 4242 Theodori
2295 4188 2536 4251 amicus,
2592 4187 2685 4257 qui
2722 4188 2849 4242 licet
2894 4196 2949 4241 et
2997 4187 3112 4257 ipse
3164 4189 3331 4242 nobili
3392 4191 3513 4241 loco

1949 4287 2111 4334 natus
2164 4288 2311 4335 esset
2363 4287 2526 4348 atque
2576 4279 2819 4333 eamdem
2862 4279 2984 4332 vitae
3038 4281 3298 4335 rationem
3349 4294 3511 4348 quam

1949 4370 2265 4426 Theodorus
2297 4370 2504 4441 ingredi
2537 4371 2840 4435 statuisset,
2874 4387 2995 4425 mox
3020 4382 3197 4426 tamen
3231 4372 3331 4425 lori
3369 4381 3510 4426 stre-

279 4461 423 4516 tioai
452 4461 616 4530 major
648 4460 785 4516 ﬁdes
816 4475 879 4515 eo
924 4459 1200 4527 adjicitur,
1228 4458 1374 4529 quod
1398 4456 1712 4513 Theodotus
1745 4473 1840 4527 ep.
1874 4465 1924 4524 ι)
1949 4462 2092 4529 pitus
2144 4466 2425 4528 pertaesus,
2460 4458 2514 4511 in
2556 4458 2789 4523 Meletii,
2821 4477 2905 4529 ep.
2941 4462 3231 4523 Antioch.,
3265 4462 3512 4530 discipli-

278 4548 553 4612 Antioch.,
575 4549 668 4617 qui
696 4548 862 4617 paulo
883 4555 1006 4616 post
1025 4545 1367 4601 Theodorum
1390 4547 1523 4602 obiit
1547 4546 1643 4617 (cl'.
1663 4545 1841 4602 Theo-

277 4635 462 4693 dorct.
488 4638 557 4692 Η.
580 4635 785 4701 eccl.v,
805 4636 979 4705 59),si
1003 4651 1111 4691 non
1142 4638 1246 4691 sub
1267 4638 1414 4691 exitu
1448 4651 1499 4690 a.
1527 4638 1650 4703 428,
1680 4646 1832 4693 certe

281 4724 435 4779 initio
474 4742 523 4779 a.
566 4726 673 4780 429
717 4735 966 4779 mortuus
995 4736 1097 4782 est.
1138 4727 1340 4782 Marius
1378 4727 1647 4782 Mercator
1680 4745 1825 4783 anno

280 4816 379 4870 429
404 4833 527 4873 eum
546 4824 763 4874 sancta;
791 4818 1069 4872 memoriae
1092 4819 1406 4887 episcOpunt
1434 4820 1718 4888 appellavit
1736 4820 1833 4874 :cf.

345 5040 423 5107 ia)
480 5038 748 5095 Eusebius

1954 4564 2078 4603 nam
2106 4557 2216 4601 tres
2248 4562 2345 4614 per
2368 4563 2540 4601 annos
2571 4564 2628 4602 se
2657 4550 2901 4611 tradidit,
2927 4566 3035 4617 quo
3060 4566 3148 4604 res
3171 4551 3514 4605 Christianas

1955 4638 2265 4692 accuratius
2322 4646 2689 4706 pernosceret.
2748 4638 3066 4709 Baptizatus
3123 4642 3315 4695 deinde
3377 4657 3511 4696 ana-

1954 4736 2173 4801 gnostes
2215 4736 2352 4783 erat.
2403 4728 2506 4783 Sed
2539 4730 2681 4784 haud
2732 4733 2801 4785 ita
2839 4739 3007 4785 multo
3054 4742 3175 4801 post
3214 4736 3506 4800 desiderio,

1954 4835 2063 4889 quo
2094 4819 2406 4888 aliquandiu
2451 4820 2561 4889 jam
2596 4826 2903 4888 tenebatur,
2948 4824 3214 4879 satisfecit
3245 4842 3409 4894 seque
3444 4829 3509 4880 ad

798 5039 993 5111 igitur_
1022 5050 1081 5091 re
1136 5049 1261 5090 vera
1300 5044 1353 5090 et
1390 5037 1457 5090 de
1498 5037 1830 5095 Theodoreti
1925 5043 2049 5111 jure
2096 5044 2407 5098 tribuantur
2449 5045 2578 5099 mihi
2615 5048 2856 5101 nondum
2909 5051 3042 5104 satis
3073 5060 3311 5105 constat.
3350 5054 3503 5105 Ilaml

332 5055 423 5118 te)
482 5055 748 5095 nusetnus
788 5055 993 5161 Itium.
1022 5055 1081 5091 re
1136 5055 1261 5090 vera
1300 5055 1353 5090 et
1390 5055 1457 5090 ue
1508 5055 1830 5095 tneouorett
1925 5058 2049 5111 iure
2096 5055 2407 5098 tribuantur
2449 5055 2578 5099 mihi
2615 5055 2856 5101 nondum
2909 5055 3042 5104 satis
3073 5060 3311 5105 consmt.
3350 5055 3499 5105 lland

278 5110 737 5188 altatusettttmtia
843 5112 1084 5188 istprtam
1122 5116 1527 5188 suam_tantu_nn
1558 5126 1729 5188 usque
1762 5111 1829 5164 ad
1929 5127 2100 5188 putca
2129 5123 2275 5167 certe
2314 5114 2660 5188 Polychronii
2701 5118 2915 5188 diaconi
2950 5130 3097 5181 sunt,
3138 5123 3227 5188 qui
3261 5125 3499 5174 nonnul-

280 5190 329 5228 a.
355 5176 460 5230 324
486 5177 783 5245 pertexuit,
815 5179 1039 5231 omissis
1073 5189 1204 5233 sane
1233 5174 1405 5229 initiis
1449 5177 1558 5232 litis
1591 5174 1828 5233 Arianae.

346 5244 422 5313 (b)
462 5244 711 5302 Facundo
752 5247 956 5303 dicitur
987 5253 1110 5314 post
1153 5250 1682 5316 eentuntetviginti
1717 5265 1832 5302 sure

277 5312 636 5369 det'u'nctionis
662 5331 838 5370 annos
858 5312 1151 5369 damnatus
1177 5328 1320 5367 esse.
1348 5313 1432 5367 Cl‘.
1466 5312 1587 5370 libr.
1622 5318 1683 5371 ϐ.
1721 5317 1832 5371 Μο-

278 5384 622 5455 gina._scltol.
661 5383 943 5453 (Gallaud.
999 5382 1140 5437 Bibl.
1192 5382 1371 5443 Ριιιν...
1427 5383 1519 5455 XI,
1573 5402 1626 5455 p.
1667 5388 1827 5445 8l3l.

280 5449 383 5504 Sed
429 5449 704 5508 Facundos
744 5468 1008 5511 numero.
1060 5467 1223 5520 quem
1260 5449 1825 5517 rotundum'dicunt,

278 5533 413 5595 usus
437 5532 529 5595 est.
562 5524 646 5578 cui
678 5524 838 5595 inuiti
867 5539 979 5578 non
1014 5522 1158 5577 licet.
1188 5520 1273 5575 Cl.
1306 5523 1341 5575 l.
1372 5536 1448 5589 c.,
1479 5541 1532 5595 p.
1568 5526 1693 5590 8l6,
1727 5526 1825 5580 Eo.

279 5589 368 5654 βά.
402 5591 555 5655 c'atlt.,
584 5610 633 5655 β.
662 5594 786 5648 817.

345 5661 423 5727 (ei
459 5660 535 5731 Cl'.
560 5660 886 5719 Theodoret.
928 5664 999 5720 Π.
1036 5668 1129 5721 rei.
1166 5682 1218 5722 c.
1248 5667 1338 5731 24,
1378 5665 1444 5719 11.
1487 5667 1612 5718 erat.
1643 5682 1697 5723 v,
1730 5666 1816 5720 59.

282 5724 538 5804 Permulta
589 5734 642 5787 in
687 5738 900 5789 catenis
937 5734 1026 5788 ed.
1078 5745 1134 5791 et
1180 5724 1337 5792 inedi
1361 5739 1413 5789 in
1462 5733 1523 5787 V.
1558 5735 1621 5789 Τ.
1661 5736 1820 5804 Putr-

284 5799 718 5860 cbroniinoutinc
752 5814 938 5861 notata
986 5804 1257 5877 leguntur,
1302 5808 1395 5863 sed
1433 5823 1497 5859 an
1532 5799 1818 5874 Apameusi

1930 5184 2008 5255 las
2039 5192 2280 5255 catenas
2325 5187 2751 5255 consarciuavit.
2803 5187 2984 5254 Nuper
3037 5184 3171 5255 Aug.
3234 5189 3409 5249 liuius
3453 5192 3504 5245 in

1929 5247 2326 5328 Scripto_r.vett.
2349 5254 2697 5328 no_v_.__collect.
2732 5271 2762 5328 e
2800 5247 2917 5309 Vat.
2952 5257 3076 5308 cdzl.
3109 5247 3194 5311 «id.
3231 5260 3247 5310 l
3278 5247 3500 5328 (Roma,-

1930 5323 2090 5391 1825.
2126 5323 2199 5384 αἱ),
2227 5323 2283 5381 ‘2,
2325 5336 2374 5390 p.
2406 5322 2509 5373 103
2533 5339 2617 5391 sq.
2645 5325 2813 5375 multa
2844 5322 3365 5382 commentariorum
3398 5329 3501 5380 Ριιη

1934 5389 2195 5458 lychronii
2250 5392 2303 5442 in
2329 5389 2610 5444 ’Dauieleut
2653 5393 2839 5445 edidit.
2874 5396 3141 5450 leertun
3177 5414 3227 5451 v.
3275 5397 3491 5454 Fabric.

1932 5458 1968 5513 ι.
2006 5460 2065 5520 1.,
2104 5475 2154 5527 p.
2184 5460 2306 5517 562.
2338 5461 2461 5513 505.

2001 5529 2077 5603 (d7)
2231 5530 2523 5603 gltrysost.
2548 5547 2632 5600 ep.
2665 5533 2790 5593 '20i,
2826 5531 2912 5595 Ill,
2940 5550 2991 5603 p.
3025 5536 3149 5589 7H.

1999 5602 2070 5665 (e)
2109 5598 2192 5650 Ci‘.
2227 5599 2440 5651 Socrat.
2479 5600 2545 5652 ΙΙ.
2578 5598 2624 5654 ὲ.
2658 5618 2731 5664 Vl,
2765 5605 2828 5668 ὃς
2862 5598 3076 5656 δοὶοιη.
3110 5605 3179 5657 ΙΙ.
3212 5623 3256 5659 e.
3294 5621 3412 5669 vnt,
3435 5608 3488 5660 ἓ.

1933 5668 2358 5737 Andragathium
2402 5668 2780 5737 philosophum
2836 5674 3088 5727 docuisse
3141 5668 3488 5730 Theodorum

1928 5746 2203 5809 tomoreiv.
2236 5739 2289 5789 d.
2323 5740 2391 5790 cl.
2420 5738 2453 5790 Ι.
2484 5741 2516 5790 l.
2547 5742 2969 5809 perhiluu-runl;
3001 5743 3152 5797 Pltol.
3182 5761 3227 5798 c.
3263 5745 3349 5799 96.

1999 5809 2075 5871 (fl
2117 5808 2195 5859 tll'.
2234 5809 2518 5876 Chrysust.
2554 5814 2593 5869 I,
2641 5827 2689 5878 p.
2726 5812 2811 5864 756.
