3920 6130
299 259 358 311 £5
1051 257 1146 312 DE
1173 257 1524 317 THEODORI
1571 260 2052 319 IOPSUESTENI
2097 262 2255 319 VITA
2295 262 2382 317 ΕΤ
2415 263 2747 320 SCRlPTlS.
3464 269 3533 324 ’ὥ

301 367 451 436 iisque
476 365 728 437 religiose
754 383 896 424 usos.
922 386 1064 435 esse,
1107 388 1281 442 neque
1328 374 1517 428 dubito
1542 377 1672 445 quin
1708 376 1845 445 apud
1883 383 1924 439 Α
1955 385 2043 431 tur
2076 377 2215 431 infra
2248 378 2385 430 inter
2417 377 2623 432 Theod.
2671 377 2971 448 fragmenta
3015 378 3064 433 in
3107 376 3391 441 Joannem,
3427 397 3528 448 pu-

303 473 377 514 eos
420 473 522 512 non
545 458 725 511 solum
770 459 1068 516 innumera
1098 463 1364 517 Theodori
1400 462 1720 534 fragmenta,
1763 482 1853 520 ve-

301 564 397 604 rum
424 550 660 620 integros
705 551 875 605 etiam
924 553 1094 609 libros
1120 554 1359 609 invenire
1396 556 1594 624 possis,
1621 571 1853 625 quorum

298 642 449 697 aditus
490 650 549 696 ut
587 644 753 700 nobis
798 648 1025 701 tandem
1057 648 1343 716 aliquando
1375 646 1530 700 dctttr
1559 648 1852 717 optandum

296 741 374 786 est.
401 732 480 786 Ad
509 734 612 788 hoc
639 736 791 789 enim
822 753 1005 807 usque
1032 746 1243 808 tempus
1269 753 1433 791 unum
1461 747 1690 803 tantum,
1711 739 1854 808 quod

293 825 454 890 sciam,
483 825 855 897 fragmentum
891 827 1199 900 Syriacum,
1225 829 1368 900 quod
1402 827 1592 886 Latine
1632 831 1856 885 exhibe-

1957 467 2080 520 blici
2106 467 2249 535 juris
2294 466 2494 522 factum
2537 476 2624 523 est
2677 469 2985 539 (Assemani
3028 468 3167 524 Bibl.
3227 472 3322 526 0r.
3357 470 3442 537 ΙΙΙ,
3489 488 3528 535 ι,

1955 572 2007 627 p.
2045 557 2195 624 ηδ).

2026 645 2122 702 llis
2151 647 2465 717 praemissis,
2499 649 2569 704 de
2609 650 2840 720 singulis
2873 650 3116 721 scriptis,
3145 667 3266 721 qua:
3307 659 3526 722 propter

1954 747 2327 807 argumentum
2369 737 2423 791 in
2454 739 2695 810 quinque
2738 755 2936 811 genera
2980 741 3284 811 dispescui,
3338 742 3525 797 dicen-

1955 831 2107 886 dum.

1707 1217 1962 1279 CAPUT
2032 1217 2082 1278 l.

907 1421 1000 1464 DE
1041 1421 1286 1468 DUOBUS
1329 1422 1650 1465 τηκοοοιιι
1695 1420 1895 1464 ιιηιιιε
1942 1419 2314 1464 ΔΒΕῸΙΕΝἸῚ
2357 1417 2866 1463 Βηωιιιειυτισῑ.

321 1767 549 1832 ροεειὶο
577 1767 652 1822 de
685 1767 998 1839 allegorica
1054 1768 1348 1838 Scriptum
1372 1781 1540 1823 sacrae
1575 1769 1840 1837 interpre-

266 1858 469 1919 tatione,
498 1872 623 1926 qua
663 1858 782 1926 iam
826 1866 996 1912 antea
1037 1865 1182 1914 mota
1212 1864 1348 1924 erat,
1373 1855 1642 1912 Theodori
1676 1857 1837 1911 etiam

1943 1765 2250 1836 legoristas,
2281 1766 2566 1836 Origeuem
2610 1722 2898 1836 praecipue,
2941 1766 3159 1823 refellit.
3207 1765 3349 1822 Idem
3379 1768 3532 1822 enim

1945 1857 2085 1911 haud
2133 1858 2295 1912 dubie
2341 1858 2480 1913 liber
2518 1867 2621 1922 est,
2661 1874 2821 1928 quem
2863 1858 3127 1913 Ebediesu
3170 1859 3206 1913 l.
3251 1874 3302 1912 c.
3335 1873 3389 1928 ιι.
3432 1859 3523 1922 54,

263 1955 409 2002 atate
437 1957 488 2002 et
528 1947 884 2003 fructuosius
935 1948 1156 2018 quidem
1193 1949 1392 2019 agitata
1429 1957 1534 2004 est.
1572 1947 1835 2001 Nimirum
1870 1982 1914 2037 Β
1944 1949 2165 2017 quinque
2199 1956 2364 2002 tantos
2415 1949 2664 2003 adversus
2707 1948 3016 2019 allegoricos
3049 1953 3123 2017 (v.
3156 1949 3321 2002 etiam
3352 1963 3404 2016 p.
3435 1948 3521 2011 -l9,

264 2052 379 2091 cum
431 2039 728 2109 allegorica
788 2040 1164 2108 interpretatio
1229 2041 1478 2109 pluribus
1528 2037 1840 2094 doctoribus

268 2129 574 2184 Christianis
603 2131 733 2184 ideo
764 2131 1007 2184 maxime
1038 2145 1095 2186 se
1124 2131 1428 2199 probasset,
1452 2130 1597 2199 quod
1636 2130 1708 2200 ita
1736 2128 1838 2182 du-

235 2269 239 2271 .
270 2221 358 2274 hiis
383 2218 501 2273 Ser.
539 2220 601 2275 3.
647 2221 793 2276 locis
834 2221 1101 2276 honorem
1133 2221 1366 2292 adjicere
1399 2223 1608 2286 liceret,
1633 2222 1726 2291 qui
1762 2221 1842 2275 al-

270 2309 575 2379 legoriarum
617 2327 760 2368 usus
797 2313 980 2382 primo
1025 2315 1236 2369 cautius
1287 2314 1343 2368 in
1384 2313 1645 2368 auxilium
1678 2328 1842 2367 voca-

271 2397 433 2463 batur,
459 2401 672 2456 sensim
702 2416 774 2455 ac
818 2403 1082 2471 paulatim
1120 2403 1280 2458 latius
1310 2401 1630 2473 vagabatur,
1667 2417 1841 2472 usque

273 2487 386 2542 dum
418 2487 688 2560 Origenes
741 2492 1066 2562 allegorica
1126 2493 1365 2548 rationes
1411 2492 1725 2548 accuratius
1771 2492 1838 2545 il-

274 2578 487 2636 lustrare
516 2590 836 2636 conaretur.
875 2583 1194 2652 Quanquam
1228 2598 1356 2638 vero
1380 2583 1490 2653 jam
1520 2589 1634 2638 tum
1670 2582 1840 2637 inter-

272 2668 389 2722 dum
434 2671 776 2725 intellectum
831 2681 937 2739 est,
981 2688 1144 2742 quam
1189 2672 1362 2727 dubia
1407 2682 1568 2742 atque
1625 2671 1838 2727 inﬁrma

273 2762 402 2814 ratio
421 2759 757 2832 Origeniana
790 2772 960 2828 esset,
986 2779 1161 2834 neque
1197 2763 1462 2834 Origenes
1493 2774 1672 2819 tamen
1706 2764 1840 2820 satis

273 2861 514 2904 accurate
553 2850 826 2907 refutatus
854 2860 960 2921 est,
995 2854 1130 2907 nihil
1175 2854 1319 2923 enim
1365 2853 1477 2922 egit
1514 2852 1692 2924 Nepos
1738 2868 1840 2907 suo

284 2939 528 3009 Ἐλιέα-χω
558 2943 1016 3012 ἁλληγοριστῶν
1047 2945 1138 3016 (cf.
1174 2944 1369 3000 Euseb.
1419 2942 1488 2999 Η.
1518 2961 1566 2999 e.
1602 2961 1700 3011 vn,
1721 2944 1834 3014 24),

273 3045 439 3100 neque
490 3031 690 3086 melius
737 3034 1117 3103 allegoriarutn
1169 3035 1306 3090 ratio
1360 3033 1665 3089 enucleata.
1727 3034 1839 3088 lmo

274 3122 598 3191 posteriores
627 3121 817 3180 Patres
845 3123 1054 3189 Graeci,
1083 3128 1183 3182 etsi
1222 3143 1334 3182 non
1355 3141 1420 3181 ea
1445 3141 1550 3196 qua
1577 3124 1838 3196 Origenes

273 3214 484 3269 licentia
517 3215 574 3268 in
609 3214 734 3269 Scr.
786 3213 841 3269 S.
870 3217 1278 3288 grassabantur,
1315 3219 1370 3272 in
1400 3217 1710 3273 universum
1753 3228 1836 3274 ta-

1941 2038 2096 2099 dixit,
2131 2046 2186 2093 et
2216 2037 2344 2094 Fac.
2375 2054 2457 2103 ttt,
2491 2037 2546 2101 6,
2583 2039 2774 2092 librum
2811 2039 2874 2092 de
2913 2039 3168 2108 allegoria
3206 2048 3254 2092 et
3300 2040 3522 2093 historia

1941 2141 2126 2186 contra
2149 2130 2435 2200 Origenem
2457 2131 2718 2200 scriptum
2744 2132 2819 2199 (ν.
2845 2137 2918 2184 et.
2951 2146 2990 2192 ι,
3012 2129 3161 2191 2,1v,
3180 2129 3213 2182 4
3235 2146 3249 2194 ;
3275 2127 3518 2184 Liberat.

1940 2223 2118 2284 Brem,
2153 2237 2203 2276 c.
2231 2222 2346 2291 ‘24).
2379 2219 2533 2276 Patet
2572 2237 2640 2276 ex
2681 2221 2717 2274 ι.
2752 2219 2882 2276 Fac.
2919 2236 3000 2283 ιιι,
3046 2219 3100 2284 6,
3139 2220 3232 2273 ubi
3273 2219 3434 2274 breve
3465 2221 3522 2272 li-

1941 2313 2025 2368 bri
2055 2312 2416 2382 fragmentum
2445 2313 2662 2383 legitur,
2683 2328 2806 2368 eum
2835 2320 2890 2367 et
2915 2313 2980 2364 ad
3002 2312 3301 2366 Cerdonem
3334 2326 3521 2380 quem~

1940 2401 2065 2456 dam
2087 2410 2142 2457 et
2174 2402 2455 2472 aliquanto
2484 2411 2608 2472 post
2654 2401 3152 2471 interpretationem
3183 2399 3520 2455 Psalmorum

1942 2497 2013 2563 (v.
2042 2492 2165 2564 inf.)
2194 2492 2457 2562 scriptum
2482 2508 2624 2556 esse,
2657 2495 2752 2547 sed
2781 2507 2941 2562 quam
2984 2493 3125 2546 viam
3171 2493 3221 2544 in
3250 2506 3316 2546 eo
3344 2488 3524 2546 Theo-

1941 2585 2106 2642 dorus
2137 2586 2419 2655 ingressus
2457 2585 2534 2640 sit
2576 2600 2683 2637 non
2716 2585 2902 2653 liquet.
2932 2582 3252 2653 Quanquam
3287 2597 3390 2636 nou
3421 2581 3513 2635 ob-

1941 2692 2162 2733 scurum
2186 2688 2296 2740 est,
2315 2692 2440 2732 eum
2471 2691 2593 2730 cum
2621 2676 2960 2746 allegoristas
2982 2675 3342 2743 impugnaret,
3368 2686 3518 2726 suam

1939 2769 2101 2823 etiam
2131 2767 2519 2837 interpretandi
2564 2766 2850 2820 formulam
2885 2766 3222 2833 exposuisse.
3262 2762 3522 2816 Diversus

1938 2864 2053 2912 erat
2083 2856 2300 2911 Diodori
2339 2856 2474 2912 liber
2512 2856 2610 2920 Τίς
2640 2854 2892 2922 διαφορὰ
2927 2853 3169 2921 θεωρίας
3195 2852 3290 2905 καὶ
3330 2851 3520 2919 άλλη-

1937 2949 2139 3018 rapiat;
2173 2947 2267 3016 (cf.
2317 2947 2473 3002 Suid.
2523 2962 2572 3002 s.
2602 2963 2654 3001 ν.
2702 2945 2903 3013 Diod.),
2943 2944 3100 3013 cujus
3141 2949 3521 3014 argumentum

1938 3039 2041 3092 hoc
2080 3038 2292 3094 fuisse:
2327 3037 2569 3092 diversas
2613 3038 2754 3091 inter
2793 3053 2851 3090 se
2889 3051 3010 3090 esse
3045 3035 3376 3104 allegoriam,
3413 3048 3520 3102 qua

1939 3131 2201 3187 historica
2241 3130 2442 3186 veritas
2477 3139 2568 3182 aut
2607 3129 2826 3182 tollatur
2852 3135 2944 3180 aut
2983 3126 3094 3180 fere
3129 3126 3263 3178 nihil
3295 3124 3397 3179 nisi
3434 3124 3521 3176 in-

1939 3221 2216 3275 volucrum
2263 3221 2404 3274 alius
2455 3221 2615 3289 plane
2671 3219 2751 3272 rei
2809 3219 2901 3283 sit,
2955 3225 3010 3272 et
3058 3216 3345 3280 theoriam,
3389 3231 3518 3285 qua,

272 3319 388 3360 men
416 3303 708 3376 Origenem
737 3307 858 3377 plus
898 3307 1079 3362 minus
1123 3309 1294 3363 secuti
1338 3319 1482 3365 sunt.
1519 3309 1588 3364 At
1619 3318 1838 3364 contra-
1866 3306 1912 3368 C
1943 3312 2089 3366 salva
2123 3311 2350 3366 veritate
2390 3311 2666 3374 historica,
2697 3310 2936 3380 typicum
2985 3307 3148 3362 etiam
3196 3322 3415 3361 sensum
3463 3306 3519 3360 in

270 3394 406 3448 riam
457 3397 613 3465 plane
658 3398 923 3454 rationem
965 3397 1204 3452 inierunt
1247 3397 1439 3455 Patres
1483 3401 1697 3468 quidem
1729 3399 1839 3452 An-

269 3483 529 3548 tiocheni,
559 3489 649 3556 qui
683 3489 1015 3558 exegeticam
1049 3487 1333 3543 formulam
1369 3505 1400 3544 a
1434 3489 1685 3546 Patribus
1715 3490 1840 3560 (An-

268 3574 558 3644 tiochenis)
587 3587 862 3647 acceptam
902 3579 1115 3634 ratione
1149 3589 1202 3634 et
1227 3580 1312 3633 via
1358 3580 1431 3633 ita
1460 3581 1832 3644 excoluerunt,

271 3673 325 3717 ut
358 3665 471 3734 jam
521 3667 591 3722 ab
629 3669 738 3722 illis
783 3667 1168 3738 interpretibus
1202 3671 1360 3739 plane
1399 3670 1686 3728 distarent.
1713 3671 1836 3725 Non

269 3755 390 3811 licet
439 3759 660 3827 quidem
702 3759 1010 3814 accuratius
1056 3775 1328 3826 enarrare,
1377 3776 1496 3833 qua:
1531 3768 1833 3831 temporum

270 3847 496 3902 decursu
529 3848 830 3903 Antiochia:
857 3850 976 3905 Scr.
1009 3849 1067 3904 S.
1105 3851 1264 3905 fuerit
1296 3852 1687 3920 interpretatio,
1712 3868 1838 3921 pro-

272 3936 516 3993 babiliter
550 3948 732 3993 tamen
771 3941 1053 4010 conjicias,
1076 3957 1196 3996 cum
1223 3943 1433 4012 priores
1460 3943 1637 4012 ipsum
1666 3940 1730 3998 N.
1769 3941 1833 3996 Τ.

276 4028 437 4084 secuti
479 4030 801 4100 plerumque
840 4033 1155 4086 historicam
1211 4034 1624 4102 explicationem
1682 4033 1834 4089 iniis-

275 4128 407 4183 sent,
452 4135 554 4176 nec
601 4136 831 4190 prorsus
877 4131 1053 4178 tamen
1103 4124 1388 4195 allegorias
1436 4123 1831 4195 repudiassent,

278 4208 558 4265 Eusebium
589 4211 796 4277 Emes.,
823 4211 1115 4267 Diodorum
1153 4215 1306 4270 Tars.
1356 4223 1409 4270 et
1460 4217 1630 4286 magis
1671 4216 1833 4269 etiam

281 4297 608 4356 Theodorum
639 4304 914 4374 allegoriis
959 4305 1116 4374 plane
1173 4304 1387 4375 rejectis
1421 4305 1683 4361 historice
1713 4305 1833 4360 Scr.

284 4387 339 4442 S.
370 4396 702 4462 exposuisse.
733 4394 810 4450 Ita
849 4411 978 4450 vero
1012 4411 1082 4450 ne
1120 4396 1187 4450 de
1240 4397 1562 4452 auctoritate
1602 4395 1724 4451 Scr.
1774 4397 1831 4451 S‘.

285 4481 610 4538 detraherent
638 4501 704 4540 ac
735 4487 992 4542 doctrinae
1029 4487 1346 4544 Christianae
1386 4489 1641 4543 damnum
1677 4487 1835 4544 atl'er-

289 4578 417 4633 rent,
450 4573 510 4627 ad
546 4579 783 4644 typicam
841 4577 1236 4648 interpretandi.
1268 4579 1531 4634 rationem
1579 4578 1836 4649 confuge:

1942 3403 2117 3457 verbis
2160 3403 2336 3457 inesse
2382 3412 2657 3472 emergat:
2701 3401 2752 3454 in
2783 3400 3096 3454 universum
3133 3398 3350 3467 quidem
3387 3397 3518 3449 mihi

1939 3507 2058 3545 cum
2091 3491 2226 3546 Caes.
2269 3507 2299 3545 a
2349 3491 2624 3564 Lengerke
2655 3492 2693 3546 l.
2727 3492 2791 3554 l.,
2823 3506 2878 3560 p.
2916 3491 3038 3553 145,
3070 3489 3188 3552 146,
3233 3489 3518 3554 convenit,

1938 3583 2029 3637 sed
2051 3581 2195 3652 quod
2223 3582 2362 3637 idem
2385 3600 2434 3636 ν.
2462 3583 2513 3637 d.
2533 3582 2739 3646 docuit,
2764 3581 2997 3652 θεωρίαν
3018 3579 3517 3648 interpretationem

1937 3689 2060 3728 vere
2087 3673 2367 3743 mysticam
2399 3674 2661 3736 indicare,
2684 3689 2749 3727 eo
2783 3673 2872 3726 illa
2901 3672 3170 3727 sententia
3203 3673 3515 3740 neutiquam

1939 3759 2203 3816 firmatur.
2237 3761 2379 3816 Sane
2406 3777 2527 3816 voc.
2562 3762 2785 3832 Θεωρία,
2815 3762 2880 3817 de
2911 3761 3069 3830 cujus
3110 3762 3316 3831 origine
3345 3777 3396 3813 v.
3436 3760 3514 3814 ill.

1937 3850 2171 3906 Lobeck.
2222 3851 2476 3922 Aglaoph.
2528 3849 2583 3915 l,
2641 3867 2695 3920 p.
2749 3851 2860 3917 14,
2899 3851 3163 3906 latissime
3215 3857 3361 3920 patet
3398 3857 3450 3903 et
3486 3866 3514 3902 a

1935 3941 2188 3998 Patribus
2220 3943 2287 3996 de
2312 3942 2757 4012 interpretatione
2789 3942 3100 4012 allegorica,
3128 3941 3342 4004 morali,
3377 3941 3516 4010 typi-

1935 4051 2020 4102 ca,
2046 4035 2280 4105 denique
2298 4037 2527 4106 mystica
2552 4033 2793 4088 adhiberi
2817 4041 3023 4102 poterat
3044 4034 3116 4104 (ν.
3142 4031 3511 4087 Suicer.Thes.

1933 4126 2059 4181 εισι.
2097 4142 2142 4182 s.
2178 4142 2227 4179 ν.
2265 4126 2505 4193 θεωρία,
2543 4132 2596 4178 et
2625 4122 2761 4178 Cres.
2795 4138 2825 4177 a
2864 4121 3138 4192 Lengerke
3181 4122 3216 4176 Ι.
3265 4122 3302 4176 l.
3329 4137 3380 4191 p.
3416 4121 3516 4174 H7

1935 4218 2065 4285 sq.),
2107 4213 2201 4270 sed
2233 4213 2467 4268 Diodoro
2513 4214 2662 4268 notio
2701 4213 2820 4282 ejus
2865 4212 2998 4266 satis
3044 4211 3264 4266 delluita
3305 4220 3358 4265 et
3390 4211 3516 4266 dis-

1933 4307 2103 4359 tincta
2131 4320 2252 4360 esse
2275 4303 2523 4359 debebat.
2557 4301 2747 4373 Itaque
2777 4319 2884 4357 non
2913 4303 3101 4356 dubito
3128 4303 3257 4372 quin
3287 4302 3517 4373 θεωρίαν

1936 4397 2152 4452 nonnisi
2202 4398 2433 4466 typicam
2482 4394 3006 4465 interpretationem,
3039 4394 3236 4462 quippe
3284 4409 3402 4460 quae
3448 4409 3515 4445 er

1937 4485 2290 4540 meditatione
2321 4498 2501 4535 rerum
2531 4483 2832 4535 caelestium
2864 4489 2918 4533 et
2949 4483 3263 4533 meonomite
3299 4479 3417 4532 Scr.
3454 4479 3512 4531 S.

1937 4582 2204 4634 manaret,
2231 4571 2508 4624 vocaverit
2543 4571 2639 4639 (a).
2672 4568 2729 4622 lu
2758 4585 2822 4622 eo
2852 4577 3030 4621 autem
3060 4569 3134 4620 illi
3168 4569 3290 4620 libri
3314 4567 3516 4621 diversi

285 4672 422 4726 runt,
452 4680 556 4719 non
589 4667 806 4738 quidem
837 4668 906 4722 ab
937 4684 995 4724 se
1017 4670 1284 4724 inventam
1320 4670 1486 4736 illam,
1525 4672 1832 4725 accuratius
1865 4653 1908 4706 Ι)
1937 4673 2110 4728 erant,
2140 4664 2284 4735 quod
2314 4677 2439 4718 cum
2481 4661 2748 4715 Diodorus
2792 4659 3007 4713 nonnisi
3041 4658 3408 4712 diversitatem
3436 4659 3517 4710 in-

288 4761 455 4811 numen
477 4758 818 4827 explicatam.
846 4757 964 4812 Jam
998 4775 1103 4814 non
1126 4761 1354 4814 arduum
1384 4771 1501 4816 erat
1534 4762 1838 4816 edissercre

289 4859 436 4915 quam
461 4855 607 4903 arcta
636 4856 785 4904 esset
812 4847 885 4904 ν,
916 4849 981 4904 Τ.
1017 4866 1139 4904 cum
1188 4851 1351 4906 rebus
1390 4851 1713 4907 Christianis
1745 4867 1838 4906 ne-

289 4937 519 4994 cessitas.
553 4940 822 4994 Caeterum
859 4940 969 5008 jam
999 4956 1066 4996 ex
1103 4941 1186 4997 his
1218 4942 1509 5015 intelligas,
1541 4944 1632 5012 qui
1663 4943 1838 4998 Theoa

290 5023 438 5084 dorus
463 5043 581 5084 cum
609 5030 679 5085 de
711 5029 775 5084 Y.
807 5029 868 5084 Τ.
903 5031 956 5084 in
993 5032 1328 5096 universum,
1366 5041 1477 5086 tum
1511 5033 1577 5087 de
1600 5034 1830 5088 auctori-

287 5123 381 5170 tate
414 5121 794 5176 nonnullorum
842 5121 962 5188 ejus
1011 5121 1271 5177 librorum
1317 5122 1591 5178 liberalius
1637 5124 1837 5179 sentire

284 5208 513 5273 potuerit,
541 5209 653 5265 imo
676 5209 948 5267 debuerit.

337 5293 649 5356 Theodorus
678 5300 951 5371 singulari
977 5315 1148 5370 eoque
1185 5301 1318 5358 satis
1365 5303 1544 5373 amplo
1569 5301 1708 5356 libro
1758 5302 1838 5355 al-

337 5506 392 5577 α)
417 5505 641 5562 Socrat.
687 5503 843 5577 HLe.
874 5519 952 5577 Vt_.
996 5504 1030 5556 3
1055 5502 1253 5577 {Villii
1278 5503 1354 5577 τῷ
1392 5504 1676 5577 γρᾴμματΑι
1729 5502 1835 5553 τῶν

1551 5573 1574 5585 ω

250 5572 394 5654 dcimo
414 5577 713 5654 xpogéxmv
747 5573 989 5654 Γραφῷν
1016 5572 1146 5654 fde.
1166 5573 1394 5654 Θεωρίας
1432 5572 1616 5654 θαύτςῑρν
1648 5573 1837 5641 ἐκτρε-

690 5625 971 5702 ξηὸᾶὀῖιε
1016 5625 1247 5698 Diodoro
1275 5625 1487 5701 sciam.
1531 5641 1598 5696 ιι.
1638 5625 1836 5704 etin,

1935 4756 2334 4826 terpretationis
2394 4754 2588 4825 typicre
2657 4760 2710 4808 et
2772 4751 3072 4822 allegorica:
3134 4750 3512 4818 cxplanasset,

1936 4848 2254 4903 Theodorus
2301 4846 2430 4916 quid
2491 4846 2631 4898 inter
2683 4843 2996 4896 historicam
3060 4849 3114 4896 et
3168 4840 3512 4911 allegoricum

1936 4940 2350 5010 explicationem
2384 4936 2675 4991 interesset
2705 4935 2912 4989 docuit.

2007 5031 2180 5084 Etiam
2223 5030 2360 5082 liber
2393 5028 2466 5082 Dc
2506 5029 2730 5081 obscura
2764 5025 3022 5078 locutione
3053 5022 3145 5094 (cf.
3182 5021 3446 5075 Eliediesu
3473 5019 3508 5072 l.

1943 5121 2002 5184 l.,
2043 5123 2095 5190 β.
2129 5121 2216 5187 54)
2261 5119 2476 5172 videtur
2524 5115 2824 5188 argumenti
2870 5111 3258 5168 hermeneutiei
3324 5109 3513 5171 fuisse,

1944 5212 2038 5266 sed
2088 5212 2246 5282 quale
2303 5209 2462 5264 fuerit
2519 5207 2860 5278 conjiciendo
2918 5203 3203 5258 enucleare
3254 5217 3359 5258 non
3419 5215 3515 5255 au-

1942 5304 2064 5358 deo.

1942 5502 1996 5554 2.
2060 5499 2162 5557 Sed
2213 5502 2263 5557 hi
2296 5517 2412 5556 voc.
2466 5499 2663 5570 θεωρία
2718 5495 3059 5568 allegoricum
3114 5509 3330 5550 sensum
3377 5491 3515 5549 inde

1945 5579 2156 5626 carunt.
