3920 6130
382 278 456 338 9.7

1258 278 1560 337 OTTONIS
1597 279 1776 336 FRID.
1815 275 2205 334 FRITZSCHE
2243 275 2749 334 COMMENTATI‘O‘

3598 273 3671 327 28

406 425 3639 456 ______________________________________________._..__.___

1822 578 2079 643 CAPUT
2143 579 2222 639 II.

1211 748 1295 792 DE
1337 745 1666 799 TBEODORI
1707 744 1775 789 IN
1818 743 2042 789 LIBROS
2069 739 2134 789 Υ.
2172 744 2232 787 Τ.
2281 740 2786 787 COMMENTARIIS.

448 1048 506 1104 In
529 1048 593 1105 ιτ.
617 1048 682 1103 Τ.
705 1047 1001 1104 lectitando
1023 1054 1078 1104 et
1102 1044 1513 1118 interpretando
1544 1044 1772 1099 multum
1790 1041 1966 1098 Theo-
1992 1025 2154 1109 Ajus
2199 1034 2462 1091 Leontius
2518 1033 2554 1089 l.
2596 1048 2671 1099 c.,
2718 1048 2771 1103 p.
2826 1031 2952 1097 686,
3005 1031 3272 1099 meminit,
3308 1048 3328 1082 ‹
3363 1031 3529 1099 hunc,
3577 1033 3670 1090 in.

377 1143 547 1197 dorus
600 1141 862 1211 temporis
915 1149 968 1195 et
1020 1139 1187 1196 studii
1238 1138 1554 1202 collocavit,
1587 1144 1641 1191 et
1681 1151 1806 1190 cum
1865 1149 1967 1190 nec

375 1233 533 1288 tardo
582 1248 681 1288 nec
739 1233 929 1286 timido
981 1231 1196 1301 ingenio
1240 1238 1406 1295 esset,
1442 1229 1598 1298 plura
1633 1244 1772 1283 nova
1808 1227 1873 1282 de
1902 1241 1966 1282 eo

371 1323 584 1377 invenit
616 1330 668 1376 et
695 1322 938 1391 protulit.
969 1319 1108 1385 Quid
1147 1319 1214 1374 de
1241 1319 1472 1388 singulis
1503 1319 1783 1373 nonnullis
1810 1317 1966 1373 libris

373 1415 651 1468 censuerit
700 1412 842 1466 infra
887 1411 1086 1476 dicam,
1131 1409 1357 1465 omnino
1394 1416 1574 1464 autem
1598 1407 1663 1464 V.
1695 1407 1759 1463 Τ.
1794 1409 1964 1465 libros

372 1503 427 1555 in
461 1503 772 1568 historicos,
797 1500 1142 1570 propheticos
1169 1506 1223 1554 et
1259 1499 1351 1568 qui
1380 1514 1480 1568 pro
1503 1499 1754 1554 doctrina
1781 1498 1963 1552 homi-

370 1609 502 1647 num
535 1593 722 1662 scripti
749 1599 934 1648 essent
965 1591 1266 1647 distribuit.
1301 1591 1384 1644 Ad
1410 1591 1534 1654 hos,
1566 1606 1802 1662 quorum
1832 1590 1966 1646 seria

369 1694 552 1754 plores
586 1686 907 1754 prudentiae,
951 1699 1057 1737 non
1096 1683 1394 1752 prophetiae
1433 1683 1663 1750 gratiam
1716 1683 1962 1752 accepis-

363 1775 509 1831 sent,
566 1770 751 1823 retulit
814 1770 1129 1832 Proverbia,
1184 1767 1592 1833 Ecclesiasten,
1650 1769 1962 1826 Salomonis

365 1859 561 1925 libros,
596 1868 649 1914 et
682 1855 879 1914 Jobum
912 1859 1005 1929 (cf.
1034 1861 1154 1916 Act.
1188 1874 1238 1914 c.
1277 1859 1468 1916 Const.
1499 1877 1558 1924 ιι,
1589 1876 1663 1925 ιν,
1697 1861 1785 1926 68,
1815 1862 1852 1917 1.
1883 1878 1959 1928 c.,

367 1965 424 2019 p.
466 1949 554 2013 86,
581 1949 672 2013 68,
704 1963 756 2018 p.
795 1949 906 2020 88).
946 1947 1053 2004 Sed
1094 1949 1380 2004 Canticum
1426 1951 1767 2006 canticorum
1804 1953 1963 2022 plane

367 2040 635 2109 despexit,
683 2046 737 2094 et
787 2039 925 2094 duos
967 2040 1136 2096 libros
1169 2038 1625 2112 Paralipomenon
1658 2052 1821 2113 atque
1863 2045 1962 2100 Es-

365 2133 519 2185 dram
552 2132 877 2200 repudiavit.
922 2131 1007 2186 Cf.
1052 2131 1244 2190 Leont.
1297 2135 1333 2188 l.
1366 2148 1443 2199 c.,
1472 2149 1526 2205 p.
1564 2135 1688 2190 687.
1726 2135 1833 2192 Eos
1863 2151 1961 2192 au-

365 2233 475 2277 tem
519 2223 706 2287 libros,
747 2223 948 2294 quibus
985 2225 1252 2280 minorem
1293 2233 1388 2279 aut
1424 2227 1630 2281 nullam
1665 2227 1830 2283 etiam
1864 2244 1962 2284 au-

364 2317 675 2371 ctoritatem
721 2317 939 2381 statuit,
980 2317 1139 2371 aliter
1182 2331 1246 2372 ac
1292 2318 1532 2389 reliquos
1565 2317 1960 2390 interpretatus

363 2417 468 2463 est.
527 2406 732 2462 Horum
779 2408 926 2462 enim
959 2408 1141 2464 verbis
1192 2424 1315 2464 cum
1363 2415 1528 2465 etiam
1581 2419 1746 2482 atque
1793 2413 1956 2467 etiam

364 2498 674 2563 inhaereret,
710 2498 926 2552 illorum
969 2513 1032 2554 ea
1079 2514 1200 2570 quae
1233 2499 1415 2554 minus
1447 2500 1553 2555 sibi
1582 2501 1852 2572 quadrare
1878 2502 1958 2556 vi-

363 2588 634 2643 debantur
661 2589 1026 2644 audacissime
1075 2588 1442 2659 reprehendit.
1479 2590 1601 2660 Ipsa
1645 2600 1826 2648 autem
1876 2594 1958 2647 in-

364 2683 678 2752 terpretatio
712 2683 984 2738 interdum
1018 2683 1238 2754 quidem
1275 2685 1412 2740 bene
1457 2694 1772 2756 comparata
1815 2696 1954 2752 erat,

364 2791 505 2829 nova
553 2775 736 2841 etiam,
783 2775 879 2832 sed
912 2785 970 2831 ut
1001 2777 1192 2846 reliqui
1248 2779 1574 2849 interpretes
1624 2778 1800 2834 Graeci
1855 2779 1960 2836 Ec-

365 2867 547 2924 clesia:
585 2869 803 2934 veteris,
831 2869 905 2923 ita
942 2868 1264 2926 Theodorus
1313 2873 1476 2926 etiam
1517 2872 1853 2927 intellectum
1889 2871 1956 2930 V.

363 2959 428 3013 Τ.
463 2975 570 3013 non
605 2961 833 3014 multum
865 2959 1096 3030 adjuvit,
1130 2976 1256 3015 cum
1290 2961 1487 3032 linguae
1515 2961 1773 3024 ,liebrawe
1805 2964 1960 3034 igna-

363 3069 482 3118 rus,
535 3053 706 3107 solam
759 3049 902 3106 LXX
945 3052 1466 3124 interpretationem,
1521 3071 1685 3126 quam
1739 3057 1960 3112 maximi

364 3145 622 3210 faciebat,
674 3145 1007 3214 comparatis
1073 3144 1299 3214 reliquis
1352 3145 1555 3206 Graecis
1615 3148 1960 3205 versionibus

362 3237 750 3306 nonnullisque
785 3235 1175 3306 interpretibus
1215 3237 1533 3293 illustraret.
1571 3237 1802 3293 Tantam
1830 3255 1962 3296 vero

364 3327 670 3381 molestiam
699 3326 818 3396 ejus
843 3326 1028 3397 lingua
1055 3333 1106 3382 et
1140 3326 1349 3384 indoles
1383 3330 1431 3384 ei
1463 3332 1688 3395 creavit,
1725 3339 1782 3386 ut
1813 3334 1960 3402 quod

364 3420 537 3474 multa
599 3419 844 3487 peccavit
896 3417 1246 3472 excusandus
1305 3419 1484 3490 potius
1521 3435 1686 3490 quam
1741 3423 1957 3494 vitupe-

363 3510 569 3564 randus
622 3509 710 3563 sit.
770 3507 944 3564 Habet
994 3515 1176 3563 tamen
1222 3524 1352 3565 suas
1393 3512 1644 3569 virtutes.
1693 3513 1960 3572 Caeterum

363 3601 610 3672 singulos
632 3611 762 3654 suos
785 3599 1228 3664 commentarios,
1246 3615 1385 3670 quos
1408 3600 1564 3657 libris
1584 3601 1833 3660 distinxit
1857 3605 1955 3676 (a),

1990 2379 2032 2435 Β

2071 1129 2286 1200 quiens,
2321 1127 2472 1181 aiunt
2506 1141 2614 1179 non
2643 1124 2876 1194 amplius
2905 1137 3070 1193 quam
3105 1123 3293 1178 decem
3324 1133 3378 1179 et
3405 1132 3530 1180 octo
3561 1140 3665 1180 an-

2070 1236 2173 1276 nos
2213 1228 2402 1273 natum
2436 1217 2490 1271 in
2526 1215 2843 1284 Scripturas
2903 1214 3296 1268 debacchatum
3335 1231 3458 1271 esse
3495 1235 3506 1270 :
3553 1231 3664 1270 non

2069 1313 2216 1369 enim
2253 1311 2358 1367 nisi
2387 1309 2842 1365 debaccbationes
2888 1307 3292 1375 Seripturarum
3338 1307 3672 1377 interpreta-

2066 1405 2266 1472 tiones,
2291 1418 2431 1474 quas
2460 1402 2515 1456 in
2547 1415 2642 1456 eas
2671 1399 3003 1470 composuit,
3038 1400 3312 1470 appellare
3342 1415 3590 1471 possum,
3637 1419 3663 1455 ν

2069 1496 2226 1552 (idem
2268 1497 2492 1564 derogo.
2528 1492 2824 1548 Verissime
2868 1491 3178 1546 Tillemont.
3229 1492 3266 1546 l.
3317 1492 3378 1557 l.,
3421 1509 3475 1563 p.
3511 1493 3661 1549 454:

2072 1606 2090 1639 ι
2125 1586 2260 1642 Mais
2307 1587 2344 1640 il
2377 1602 2445 1640 en
2467 1585 2611 1639 avait
2645 1581 2772 1654 pres
2817 1583 2883 1638 de
2923 1583 3072 1652 vingt
3103 1583 3200 1653 (sc.
3233 1582 3356 1653 ans)
3396 1593 3560 1638 avaut
3603 1600 3667 1640 sa

2066 1680 2302 1738 seconde
2328 1678 2552 1733 retraite
2583 1679 2654 1748 (v.
2689 1675 2792 1746 s.);
2823 1682 2877 1730 et
2908 1674 2945 1728 il
2981 1675 3071 1745 n’y
3105 1689 3135 1726 a
3173 1689 3268 1744 pas
3303 1674 3669 1744 d’apparence

2064 1774 2196 1844 qu’il
2221 1779 2345 1827 eust
2387 1785 2586 1827 encore
2633 1769 2750 1824 rieu
2791 1767 2947 1822 écrit.
2979 1785 3000 1819 ι
3033 1767 3102 1829 1η,
3127 1766 3445 1836 fragmentis
3479 1774 3668 1821 autem

2065 1863 2440 1920 commentarii
2466 1861 2686 1932 juvenis
2728 1858 2970 1914 eruditio
3008 1867 3063 1912 et
3108 1856 3337 1911 audacia
3364 1856 3666 1925 deprehen-

2065 1959 2234 2023 ditur,
2285 1973 2395 2012 non
2441 1956 2598 2026 pueri
2658 1952 2931 2023 imperitia
2981 1963 3034 2006 et
3090 1950 3338 2006 lascivia.
3405 1947 3668 2006 Fortasse

2063 2049 2442 2123 Chrysostomi
2487 2049 2655 2103 altera
2702 2048 2768 2102 ad
2818 2043 3167 2100 Theodorum
3216 2042 3445 2113 epistola
3481 2057 3667 2098 rumo-

2064 2159 2180 2198 rem
2211 2142 2364 2196 illum
2393 2139 2592 2195 eﬂecit.

2135 2232 2402 2302 Pleraque
2424 2229 2803 2285 commentarii
2839 2229 3144 2300 fragmenta
3176 2224 3323 2279 viros
3357 2224 3413 2279 d.
3451 2224 3665 2278 hucus-

2063 2339 2169 2396 que
2196 2325 2492 2380 latuerunt.
2540 2323 2600 2376 In
2637 2320 2756 2376 Act.
2809 2335 2860 2375 c.
2892 2320 3082 2374 Const.
3124 2334 3185 2383 ιι,
3219 2332 3292 2381 tv,
3333 2317 3510 2372 tribus
3554 2317 3666 2372 illis

2059 2413 2250 2482 20-22,
2287 2429 2335 2485 p.
2375 2412 2466 2479 78,
2501 2411 2766 2480 exceptis,
2809 2411 2877 2465 de
2913 2409 3114 2480 quibus
3161 2408 3228 2462 ad
3274 2414 3567 2460 comment.
3608 2407 3667 2460 in

2059 2521 2137 2561 xu
2159 2505 2442 2576 prophetas
2465 2503 2777 2567 dicendum,
2809 2501 2917 2555 duo
2947 2499 3324 2554 tantummodo
3356 2499 3665 2569 fragmenta

2061 2596 2318 2665 leguntur
2355 2592 2427 2647 25
2462 2591 2550 2662 (de
2601 2607 2685 2662 ps.
2736 2607 2852 2655 xxi,
2887 2589 2974 2652 17,
3017 2590 3082 2644 18
3130 2588 3240 2660 (b))
3273 2597 3326 2643 et
3370 2589 3460 2652 24,
3505 2604 3558 2658 p.
3594 2588 3670 2642 79

2061 2688 2128 2742 de
2156 2702 2240 2758 ps.
2283 2701 2478 2749 vam,
2513 2684 2575 2738 21
2605 2700 2620 2746 ;
2653 2699 2778 2738 nam
2811 2700 2930 2754 qua;
2955 2683 3043 2747 19,
3079 2698 3130 2750 p.
3169 2681 3258 2747 77,
3295 2692 3348 2736 et
3385 2697 3438 2743 v,
3479 2696 3531 2750 p.
3568 2680 3664 2744 91,

2059 2778 2436 2841 inveniuntur,
2473 2791 2537 2831 ea
2580 2791 2647 2831 ex
2700 2775 2854 2831 libris
2908 2775 2984 2828 De
3027 2773 3396 2827 incarnatione
3446 2779 3680 2841 sumpta

2062 2879 2227 2937 sunt;
2259 2884 2428 2924 unum
2481 2867 2548 2921 ad
2602 2882 2683 2936 ps.
2737 2883 2866 2920 κων
2913 2866 2966 2919 in
3008 2863 3268 2919 Facundo
3311 2879 3386 2930 Ix,
3428 2863 3488 2930 1;
3538 2880 3672 2935 per-

2059 2964 2231 3016 multa
2267 2973 2457 3016 contra
2489 2961 2734 3014 continet
2789 2957 3066 3026 Expositio
3112 2955 3340 3009 Patrum
3398 2953 3566 3009 Cra'c.
3610 2957 3680 3010 in

2064 3052 2182 3119 Ps.,
2237 3069 2268 3106 a
2311 3049 2492 3105 Balth.
2555 3048 2811 3105 Corderio
2859 3046 2920 3104 S.
2973 3046 3031 3102 Ι.
3079 3062 3144 3102 ea:
3183 3047 3556 3101 vetustissimis
3601 3045 3668 3102 S.

2063 3143 2200 3199 Cas.
2234 3140 2372 3210 Maj.
2419 3150 2468 3196 et
2513 3156 2680 3195 seren.
2729 3139 2978 3194 Bavarite
3025 3137 3176 3192 ducis
3216 3155 3344 3194 mss.
3378 3137 3530 3191 cadd.
3563 3139 3674 3192 ἀν-

2062 3235 2298 3298 εκδότοις
2339 3234 2677 3296 concinnata,
2711 3233 2766 3285 in
2807 3231 3184 3300 paraphrasin,
3217 3231 3671 3287 commentarium

2061 3336 2111 3382 et
2139 3336 2380 3380 catenam
2411 3325 2634 3396 digesta,
2673 3322 2969 3378 Latinitate
2992 3323 3189 3376 donata
3220 3332 3268 3376 et
3301 3323 3678 3377 adnotationi-

2063 3419 2159 3473 bus
2191 3418 2488 3478 illustrata,
2532 3416 2660 3468 tomi
2697 3413 2816 3478 111,
2851 3418 3104 3484 Antverp.
3142 3413 3298 3477 1645,
3335 3413 3406 3468 46
3438 3413 3531 3483 fol.
3561 3416 3670 3484 (c).

2066 3513 2175 3571 Sed
2206 3513 2274 3568 de
2302 3509 2531 3580 singulis
2561 3507 2724 3563 tomis
2747 3509 3060 3579 singulatim
3095 3507 3499 3564 disserendum.
3717 3506 3720 3508 ⁷

2132 3609 2214 3660 Ac
2237 3603 2447 3673 primus
2473 3601 2689 3670 quidem
2721 3611 2901 3656 tomus
2938 3601 3001 3654 Θ.
3040 3600 3368 3672 Ἀντιοχείας
3399 3601 3674 3656 nonnulla

362 3693 430 3748 ad
459 3692 608 3746 viros
645 3689 910 3761 quosdam
957 3690 1126 3755 misit,
1163 3707 1397 3762 quorum
1443 3702 1625 3751 tamen
1655 3712 1798 3754 unus
1830 3704 1956 3754 tan—
1983 3717 2024 3776 ρ
2059 3700 2279 3760 exhibet
2323 3711 2379 3763 p.
2437 3694 2470 3748 8
2505 3695 2592 3766 (de
2645 3710 2730 3767 ps.
2784 3709 2824 3760 ι,
2858 3695 2946 3765 1);
3003 3693 3108 3746 272
3137 3694 3226 3764 (de
3280 3711 3365 3766 ps.
3393 3695 3482 3763 xv)
3510 3712 3524 3762 ;
3557 3694 3676 3750 276

361 3791 476 3838 tum
505 3782 682 3838 duove
715 3781 805 3852 qui
835 3780 1037 3836 fuerint
1062 3782 1290 3838 scimus.

696 3875 762 3928 Α.
797 3871 1225 3929 Commentarius
1262 3875 1316 3929 in
1341 3877 1611 3936 Psalmas.

429 3967 577 4022 lnter
630 3981 822 4022 omnes
866 3964 1137 4021 Theodori
1198 3967 1366 4023 libros
1413 3973 1844 4028 commentarius
1898 3975 1952 4028 in

361 4057 634 4122 Psatmos,
661 4071 842 4127 quem,
871 4052 1139 4111 Ebediesu
1170 4065 1306 4112 teste
1330 4058 1366 4111 l.
1395 4072 1470 4126 c.,
1503 4074 1558 4129 p.
1595 4059 1684 4126 51,
1711 4061 1954 4132 quinque

361 4152 524 4207 tomis
561 4151 628 4204 ad
666 4148 968 4205 Cerdonem
996 4150 1225 4219 ejusque
1275 4149 1498 4204 fratrem
1534 4152 1774 4221 scripsit,
1811 4161 1952 4207 tem-

360 4258 496 4316 pore
539 4241 775 4312 primum
815 4241 994 4295 locum
1047 4241 1150 4295 sibi
1194 4239 1451 4295 vindicat.
1513 4239 1783 4297 Nimirum
1827 4259 1954 4299 cum

361 4333 682 4390 Theodorus
715 4333 831 4402 ipse
865 4346 952 4402 ap.
978 4329 1106 4386 Fac.
1155 4345 1237 4397 ιιι,
1266 4346 1344 4396 vt,
1378 4330 1488 4402 (l0,
1523 4330 1575 4398 1,
1607 4332 1661 4404 5)
1691 4332 1857 4398 dicat,
1895 4350 1955 4390 se

366 4446 384 4480 ι
417 4442 482 4483 ea
529 4440 651 4496 quae
707 4423 911 4498 scripta
958 4432 1145 4479 essent
1194 4425 1250 4478 in
1292 4421 1542 4481 Psalmos
1577 4426 1739 4480 etiam
1778 4427 1954 4495 prima

358 4533 670 4575 cwterorum
703 4513 938 4568 omnium
967 4513 1278 4585 scripsisse,
1317 4534 1336 4566 ι
1365 4515 1510 4588 quod
1536 4516 1678 4572 idem
1713 4515 1948 4590 Hesych.

357 4613 397 4669 l.
442 4627 517 4672 c.,
568 4625 621 4680 p.
665 4606 792 4673 104,
841 4615 1094 4674 testatur,
1151 4607 1207 4661 in
1259 4623 1450 4664 errore
1497 4610 1706 4665 versari
1753 4609 1949 4665 Chron.

360 4699 806 4771 Edessen.,quod
847 4698 1008 4752 XLVI
1051 4699 1264 4754 Assem.
1298 4701 1336 4754 l.
1362 4701 1398 4752 Ι.
1439 4699 1480 4763 Ι,
1525 4717 1574 4769 p.
1611 4701 1734 4766 409,
1777 4700 1956 4756 Theo-

360 4795 556 4849 dorum
597 4807 741 4846 anno
781 4789 1058 4860 714(405,
1097 4788 1262 4859 401?)
1313 4788 1626 4860 Scripturas
1673 4789 1730 4844 S.
1788 4793 1954 4846 inter-

363 4884 562 4955 pretari
597 4882 870 4952 incepisse
900 4887 1109 4944 narrat,
1133 4880 1246 4950 jam
1269 4895 1336 4934 ex
1360 4895 1424 4936 eo
1446 4881 1788 4952 intelligitur,
1810 4883 1956 4953 quod

364 4979 549 5048 plures
595 4972 872 5030 Theodori
925 4971 1095 5028 libros
1152 4971 1324 5026 multo
1371 4981 1498 5028 ante
1547 4973 1698 5027 illum
1751 4987 1953 5028 annum

2059 3793 2173 3862 (xv,
2223 3789 2317 3856 8);
2375 3786 2484 3842 296
2537 3784 2672 3854 (xvt,
2729 3784 2817 3847 11,
2877 3783 2998 3850 12);
3056 3783 3162 3840 528
3217 3783 3372 3857 (xvii,
3416 3783 3508 3854 8);
3556 3783 3674 3840 374

2057 3880 2284 3953 (xxxu);
2313 3878 2419 3934 575
2452 3877 2648 3948 (xxxii,
2679 3876 2752 3946 1).
2783 3876 3046 3931 Praeterea
3070 3877 3318 3945 qumdam
3343 3877 3461 3932 solo
3484 3874 3676 3932 Theo-

2056 3972 2177 4028 dori
2211 3970 2431 4024 nomine
2467 3974 2748 4032 notantur,
2797 3982 2917 4038 quae
2950 3967 3132 4022 sintne
3175 3965 3448 4022 Theodori
3490 3967 3674 4024 Hera-

2058 4064 2246 4120 cleotte
2285 4077 2354 4115 an
2397 4059 2763 4130 Mopsuesteni
2806 4061 3066 4115 constitui
3097 4075 3206 4114 non
3240 4076 3402 4131 posse
3444 4060 3680 4117 Sieflert

2058 4156 2096 4211 l.
2129 4156 2192 4218 l.,
2237 4170 2289 4224 p.
2324 4152 2414 4216 50,
2447 4152 2538 4222 qui
2581 4152 2681 4205 hac
2711 4159 2905 4205 catena
2934 4166 3043 4205 non
3071 4152 3146 4206 ita
3178 4163 3232 4206 ut
3269 4152 3500 4208 debebat
3527 4170 3676 4212 usus

2058 4255 2161 4315 est,
2190 4258 2472 4316 perperam
2520 4241 2790 4313 perhibet.
2834 4239 2946 4295 lmo
2977 4241 3308 4298 Theodoreti
3350 4251 3495 4309 sunt,
3539 4261 3673 4315 quae

2058 4354 2113 4408 p.
2154 4337 2220 4392 15
2254 4336 2522 4407 (fortasse
2555 4349 2677 4404 qua:
2719 4333 2920 4388 ibidem
2955 4331 3300 4389 Theodoreto
3345 4337 3680 4392 tribuuntur

2057 4427 2331 4485 Theodori
2367 4427 2540 4494 sunt),
2577 4425 2668 4488 41,
2712 4423 2834 4491 157,
2869 4423 2992 4490 165,
3039 4424 3158 4491 189,
3204 4425 3325 4491 199,
3366 4425 3494 4492 200,
3531 4429 3672 4494 215,

2055 4521 2182 4586 260,
2216 4519 2325 4575 275
2371 4519 2625 4590 leguntur
2661 4515 2761 4587 (ά),
2804 4516 2899 4572 sed
2941 4517 3149 4587 reliqua
3180 4532 3233 4586 p.
3271 4519 3340 4572 52
3371 4518 3457 4590 (de
3487 4536 3567 4590 ps.
3603 4538 3674 4586 ιι,

2061 4614 2135 4684 7),
2170 4613 2401 4684 195(1):,
2457 4610 2569 4678 16),
2622 4610 2725 4664 530
2775 4609 2931 4677 (xvii,
2985 4609 3095 4680 11),
3152 4609 3258 4665 965
3310 4610 3508 4684 (xux),
3561 4629 3676 4669 cur

2057 4704 2428 4775 Mopsuesteni
2468 4717 2592 4757 esse
2650 4715 2812 4770 neges
2867 4699 3017 4754 nulla
3066 4701 3205 4755 ratio
3243 4710 3347 4756 est.
3390 4703 3678 4761 Caeterum

2058 4811 2179 4866 quae
2212 4794 2444 4848 Schulze
2473 4793 2526 4846 in
2560 4790 2692 4846 edit.
2734 4789 3084 4858 Theodoreti,
3120 4788 3159 4858 Ι,
3187 4807 3239 4862 p.
3285 4793 3410 4858 792,
3440 4793 3564 4860 795,
3596 4813 3678 4853 ex

2059 4885 2184 4941 cod.
2225 4883 2376 4938 Flor.
2415 4883 2482 4938 de
2506 4898 2588 4952 ps.
2623 4897 2750 4946 xxx,
2782 4883 2836 4948 5,
2874 4884 3080 4950 attulit,
3109 4898 3173 4938 ea
3215 4881 3489 4942 Theodori
3539 4905 3682 4948 esse

2062 4976 2355 5032 admodum
2398 4973 2699 5045 probabile.

362 5067 701 5139 compositos
732 5079 856 5122 esse
897 5062 1033 5118 nihil
1062 5063 1267 5119 certius
1309 5071 1412 5120 est.
1463 5062 1567 5121 Sed
1595 5065 1825 5134 rumori,
1860 5081 1957 5121 cu-
1991 5054 2036 5110 D
2139 5069 2194 5122 ln
2218 5067 2390 5122 altero
2411 5066 2628 5120 Catenae
2655 5075 2804 5120 tomo
2834 5064 3104 5134 permulta
3129 5064 3402 5122 Theodori
3424 5066 3684 5126 afferun-

435 5240 514 5308 (a)
545 5239 651 5296 Sed
690 5248 1183 5310 tomorumkquos
1226 5239 1493 5297 Ebediesu
1542 5244 1952 5301 commentariis

365 5313 578 5373 tribuit,
607 5311 750 5366 ratio
778 5327 886 5365 non
921 5311 974 5364 in
1013 5309 1322 5377 Theodoro,
1347 5312 1442 5367 sed
1480 5317 1533 5366 ιιι
1564 5313 1953 5383 interpretibus

370 5383 611 5454 Syriacis
641 5383 955 5454 quzerenda.

437 5452 512 5523 (b)
549 5453 772 5506 Adduco
804 5452 1053 5523 lectores,
1082 5467 1234 5510 more
1261 5450 1557 5522 Theodori,
1591 5452 1657 5507 ad
1688 5452 1826 5507 LXX
1868 5455 1952 5509 in-

367 5519 811 5590 lcr'pretationem
851 5519 910 5575 γ.
953 5520 1016 5575 Τ.

441 5596 513 5662 (c)
546 5591 768 5662 Barbari
816 5592 1076 5648 Catenam
1128 5593 1326 5654 (Aurea
1371 5593 1422 5646 in
1460 5593 1499 5646 L
1539 5593 1819 5649 Davidicos
1867 5611 1949 5661 ps.

369 5661 645 5716 doeturum
697 5661 864 5716 Cm’c.
919 5663 1138 5715 Catena.
1179 5691 1243 5732 :—
1285 5662 1572 5732 lnterprele
1628 5665 1762 5718 Dan.
1819 5666 1954 5718 Bar-

372 5735 519 5788 bara.
555 5733 737 5788 Venet.
795 5733 972 5798 1569),
1024 5749 1142 5801 qum
1178 5731 1449 5787 Theodori
1505 5736 1757 5789 Antioch.
1792 5737 1952 5788 etiam

372 5805 564 5877 pannis
592 5813 842 5862 contexta
885 5814 960 5861 est
1007 5809 1076 5875 (v.
1118 5801 1310 5858 Thom.
1349 5803 1486 5875 lttig.
1531 5805 1600 5858 Dc
1632 5806 1954 5867 bilv’iot/ict’is

2061 5253 2110 5296 et
2142 5243 2340 5296 catenis
2378 5241 2623 5296 Patrum.
2665 5239 2813 5309 Lips.
2863 5237 3029 5313 1707,
3060 5237 3116 5305 8,
3146 5256 3199 5312 p.
3234 5239 3384 5311 658),
3413 5240 3468 5295 iit
3501 5241 3686 5313 pluri-

2065 5315 2168 5368 bus
2198 5313 2544 5368 bibliothecis
2571 5313 2774 5367 frustra
2808 5309 3052 5378 quaasivi.

2135 5384 2211 5453 (ά)
2243 5382 2534 5438 Nominum
2586 5377 2911 5436 Theodoreti
2957 5377 3521 5453 et-Tl_ieodori,Acum
3568 5397 3687 5451 per

2063 5447 2449 5524 compendium
2493 5453 2888 5524 scriberentur,
2922 5447 3175 5524 conl_usi9
3210 5451 3469 5524 proclivis
3520 5447 3679 5524 erat.

2064 5524 2148 5580 Cf.
2191 5520 2384 5578 Montf.
2418 5523 2688 5592 Ραιιῑνοςῖνἒ
2720 5521 2926 5592 (Imp.
2961 5520 3087 5592 517.
3134 5520 3238 5575 Sed
3284 5523 3457 5592 major
3487 5523 3687 5592 negli-

2066 5597 2241 5665 gentia
2276 5596 2330 5648 in
2367 5595 2487 5648 cod.
2529 5589 2761 5665 DCXVIl
2805 5590 2938 5646 bibl.
2966 5589 3150 5665 _Vatic._
3201 5589 3684 5665 observaturnln

2065 5660 2173 5732 quo
2199 5665 2393 5733 legitur
2426 5663 2804 5734 interpretatio
2833 5661 3092 5734 continua
3140 5662 3194 5714 in
3245 5662 3331 5716 Ps.
3369 5660 3681 5734 Θεοδῲρᾳυ

2067 5730 2410 5860 ιίΛίιτῐνάἑως,
2450 5735 2542 5789 sed
2573 5730 2691 5805 quae
2724 5730 3050 5788 'l'hcodorcti
3097 5741 3197 5786 cst.
3230 5736 3312 5790 tif.
3351 5733 3492 5802 Ang.
3529 5730 3675 5792 Mai.

2091 5845 2100 5856 .
2160 5846 2170 5859 .
2234 5822 2331 5860 .n.
2370 5822 2502 5860 xxii.

2091 5822 2170 5859 .ι.
2209 5822 2245 5871 ι,
2281 5822 2331 5874 p.
2370 5822 2502 5860 χχιι.
