3920 6130
278 281 341 336 99
1062 301 1148 356 DE
1188 303 1538 364 τιιευυοιιι
1574 309 2057 370 ιιοΡευΕετΕΝι
2092 317 2251 375 νιτΑ
2287 320 2377 376 ΕΤ
2417 316 2745 381 εειιιρτιετ
3470 332 3541 387 50

290 415 638 505 [tumnetum
666 413 932 486 pleraque
955 417 1339 489 lopsuesteno
1369 428 1691 485 vindicanda
1715 441 1863 486 sunt.
1893 437 1937 494 A
1968 437 2081 491 rior
2119 439 2155 492 l.
2195 440 2416 498 uberior
2452 446 2615 501 etiam
2655 447 2709 502 in
2740 449 2863 504 cod.
2899 448 2924 502 1
2969 447 3292 504 Theodoreti
3326 465 3385 504 se
3416 451 3545 505 iusi~

292 497 419 554 Sane
457 500 793 559 Catenarum
846 506 983 565 ﬁdes
1024 510 1138 567 fere
1172 529 1280 569 non
1318 531 1533 587 magna,
1580 520 1633 573 in
1676 521 1861 577 multis

288 592 435 648 etiam
465 592 797 654 Theodorus
844 598 1189 670 Heracleota,
1224 605 1493 666 Diodorus
1526 618 1581 665 et
1614 609 1861 668 Theodo-

290 692 425 741 retus
469 701 597 741 cum
650 689 1041 761 Mopsuesteao
1076 700 1441 766 conveniunt,
1477 702 1641 773 hujus
1678 712 1859 761 tamen

291 776 461 847 lingua
496 777 1003 855 interpretandique
1042 789 1184 844 ratio
1229 788 1340 847 fere
1377 794 1681 851 manifestis
1713 796 1860 855 notis

294 866 520 935 tligﬂOSCi
545 880 748 939 potest.
776 873 918 939 Quid
951 880 1120 933 vero?
1140 880 1209 936 Ut
1230 882 1364 938 alias
1388 882 1661 942 dilicilius
1683 885 1860 943 Theo-

297 957 443 1012 derea
466 960 738 1025 odoreris,
763 978 825 1019 ea
860 982 982 1035 quae
1017 984 1087 1024 ex
1117 974 1519 1031 commentariis
1557 976 1613 1047 in
1642 976 1730 1031 Ps.
1761 992 1858 1048 pe—

296 1048 381 1102 tita
423 1058 551 1104 sunt
594 1054 924 1126 investigare
960 1059 1097 1114 nihil
1129 1070 1213 1116 est
1247 1064 1468 1134 negotii.
1510 1064 1587 1121 De
1627 1066 1857 1125 Psalmis

293 1140 425 1192 enim
455 1155 578 1195 cum
612 1143 888 1201 breviores
926 1148 1041 1203 sint
1081 1162 1138 1205 et
1167 1153 1235 1205 ad
1266 1153 1515 1212 diversas
1540 1172 1628 1212 res
1665 1158 1857 1214 referri

293 1232 509 1300 possint,
537 1234 612 1287 illi
640 1236 966 1307 interpretes
1006 1241 1188 1297 minus
1221 1247 1586 1314 consentiunt,
1622 1250 1857 1305 maxime

291 1334 463 1418 autem
483 1324 817 1418 Theodorus
849 1331 1167 1402 plerumque
1212 1336 1283 1390 ab
1317 1336 1425 1392 illis
1470 1339 1723 1405 dissidet,
1759 1343 1856 1418 qui

290 1414 370 1467 hic
403 1415 622 1484 quidem
660 1419 831 1473 multa
870 1423 1112 1477 novavit.
1144 1422 1237 1480 illa
1271 1442 1400 1482 vero
1441 1428 1714 1486 Theodori
1743 1414 1855 1486 fre;

287 1514 491 1575 gmenta
521 1522 646 1560 cum
680 1510 734 1561 in
765 1508 1089 1569 Theodoreti
1120 1522 1174 1571 et
1204 1514 1305 1573 Th.
1338 1516 1672 1577 Heracleotes
1703 1537 1854 1578 com-

287 1599 557 1654 mentariis
600 1600 761 1671 (pars
806 1600 974 1672 hujus
1006 1603 1339 1664 Heracleotte
1369 1614 1745 1668 commentarii
1797 1615 1854 1671 in

283 1688 478 1745 Catena
525 1691 776 1746 Corderii
830 1694 1063 1764 singulis
1119 1699 1346 1767 psalmis
1404 1703 1686 1771 prmissa
1743 1707 1850 1776 est)

283 1795 385 1837 non
413 1782 682 1853 legantur,
710 1784 804 1839 sed
844 1801 969 1840 cum
1023 1786 1133 1843 illis
1171 1790 1280 1846 fere
1320 1803 1561 1867 pugnent
1595 1800 1669 1865 (v.
1706 1813 1757 1851 v.
1797 1813 1851 1853 c.

178 1878 188 1885 ‘
278 1871 343 1926 de
390 1889 473 1943 ps.
527 1890 675 1928 vatt
727 1874 934 1943 dicta),
987 1882 1286 1949 praesertim
1336 1886 1427 1940 ubi
1483 1902 1596 1957 quo
1654 1890 1851 1960 singuli

280 1965 470 2033 psalmi
507 1965 812 2034 pertineant
831 1969 1177 2035 edisseritur,
1210 1982 1399 2029 contra
1425 1976 1571 2033 inter
1606 1995 1665 2034 se
1691 1988 1745 2034 et
1784 1980 1854 2036 iis

277 2071 396 2125 qua
422 2056 489 2110 de
518 2055 807 2113 Theodoro
838 2057 1181 2117 Psaimorum
1220 2063 1517 2137 interprete
1543 2073 1854 2141 accepimus

276 2144 407 2201 belle
457 2149 826 2215 conveniant,
883 2150 1251 2221 Mopsuesteni
1297 2172 1421 2215 esse
1485 2170 1696 2216 certum
1745 2172 1851 2222 est.

276 2234 531 2293 Ceterum
582 2240 701 2296 haec
746 2242 909 2297 etiam
962 2243 1166 2301 Catena
1221 2254 1493 2306 communi
1535 2261 1851 2311 catenarum

273 2330 387 2384 labe
417 2330 623 2387 infecta
656 2340 742 2388 est
776 2343 940 2405 atque
981 2336 1129 2393 haud
1150 2355 1319 2410 pauca
1343 2341 1536 2415 fragm.
1566 2360 1848 2418 perperam

270 2424 592 2491 quibusdam
626 2426 1021 2496 interpretibus
1064 2431 1412 2503 tribuuntur;
1467 2438 1547 2494 sie
1591 2444 1850 2497 nonnulla

271 2512 593 2571 Theodoreti
619 2519 675 2573 in
702 2519 805 2576 Th.
849 2522 1181 2583 Heracleotes
1221 2531 1627 2586 commentariis
1658 2533 1849 2603 legun-

270 2614 375 2676 tur,
425 2610 665 2682 ideoque
706 2616 875 2671 nolim
926 2619 1211 2688 praefracte
1259 2624 1623 2690 contendere,
1665 2626 1849 2681 omnia

267 2714 381 2769 qua:
424 2718 537 2758 non
588 2708 777 2774 spuria
820 2718 915 2764 aut
972 2722 1119 2768 certe
1162 2713 1324 2769 dubia
1383 2714 1656 2779 indicabo,
1704 2718 1847 2773 haud

269 2792 425 2848 dubie
452 2792 727 2852 Theodori
761 2814 906 2855 esse.
957 2800 1193 2858 Possunt
1221 2807 1481 2861 nonnulla
1512 2806 1649 2862 falso
1671 2807 1847 2865 ’Πιθο-

265 2880 377 2935 deri
411 2885 659 2952 nomine,
709 2887 817 2942 alia
867 2900 1059 2945 contra
1097 2891 1367 2949 Theodori
1400 2896 1541 2951 male
1580 2898 1719 2954 alius
1749 2915 1848 2954 no-

266 2972 405 3027 mine
433 2984 627 3030 uotata
667 2992 825 3045 esse;
858 2980 933 3034 ita
958 2996 1080 3049 quae
1126 2998 1179 3052 p.
1218 2984 1324 3038 574
1366 2983 1693 3041 Theodoreti
1725 2988 1848 3044 alie-

1964 530 2155 584 uuavit
2189 532 2282 600 (cf.
2324 532 2654 594 Titeodoret.
2693 538 2833 610 Opp.
2872 541 2915 606 l,
2948 556 3003 611 p.
3040 540 3193 610 965),
3224 540 3314 603 91,
3354 540 3423 594 94
3451 557 3535 610 sq.

1964 618 2075 687 (ιν,
2103 623 2157 686 5,
2187 624 2237 676 7.
2272 625 2565 684 Posteriori
2587 630 2623 685 l.
2654 630 2723 687 de
2743 631 3059 687 discrimine
3080 631 3368 686 disseritur
3393 632 3537 700 quod

1961 713 2105 770 inter
2126 716 2268 771 LXX
2288 729 2341 774 et
2366 719 2675 790 Symmachi
2718 723 3216 791 interpretationem
3242 720 3307 775 ν.
3344 722 3406 776 Τ.
3455 724 3541 777 in—

1960 808 2218 863 tercedat.
2255 806 2319 863 γ.
2360 819 2510 880 pnet.
2546 827 2602 882 p.
2634 808 2771 875 200,
2799 812 2948 881 505),
2994 812 3115 874 152.
3164 811 3264 866 154
3293 812 3444 881 (LVII.
3478 812 3535 876 4,

1961 897 2030 965 5;
2067 898 2138 953 cf.
2167 912 2288 969 quat
2315 902 2380 956 ad
2410 903 2526 957 haec
2547 904 2584 958 l.
2613 903 2873 958 adnatant
2899 903 3002 957 Th.
3036 902 3248 958 Heracl.
3275 918 3326 972 p.
3359 902 3461 957 126
3482 914 3541 958 et.

1962 985 2333 1059 Theodoret.),
2370 993 2469 1047 140
2497 994 2645 1065 (ινιι,
2693 994 2783 1059 11,
2822 994 2933 1063 12),
2961 992 3086 1058 158,
3117 993 3238 1059 159,
3282 993 3403 1056 162,
3434 994 3537 1049 165

1956 1084 2132 1146 (um,
2183 1080 2239 1145 8,
2289 1082 2383 1145 12,
2428 1084 2695 1155 15),180,
2743 1085 2865 1147 181,
2913 1083 3015 1137 182
3062 1084 3196 1152 (ιιι,
3236 1083 3379 1153 4-6),
3428 1084 3532 1139 557

1957 1173 2145 1241 (urit,
2185 1172 2293 1241 19),
2320 1174 2418 1227 411
2454 1176 2664 1247 (uvm,
2699 1176 2812 1246 28),
2844 1175 2968 1237 469,
3000 1175 3127 1238 471,
3151 1172 3256 1228 478
3282 1176 3449 1242 (Lm,
3477 1176 3531 1241 5,

1956 1263 2010 1326 7,
2052 1264 2163 1332 17),
2205 1264 2314 1319 502
2348 1269 2540 1335 (Lxxu,
2586 1268 2696 1337 10),
2734 1268 2839 1321 552
2880 1264 3097 1338 (tum,
3130 1264 3210 1334 4),
3240 1266 3366 1329 551,
3404 1266 3531 1331 552,

1953 1350 2079 1421 855,
2116 1355 2222 1410 556
2252 1360 2456 1425 (uxrv,
2488 1360 2542 1423 5,
2583 1358 2635 1422 7,
2668 1360 2719 1413 9.
2762 1358 2820 1415 In
2855 1361 3047 1416 ultimo
3088 1362 3123 1415 l.
3156 1372 3255 1427 pro
3285 1356 3535 1411 Βαϐυλώ-

1953 1462 2055 1501 νιοι
2082 1448 2184 1517 leg.
2226 1448 2522 1519 Ἀσσύριοι.
2547 1451 2813 1505 Caeterum
2841 1451 2914 1505 cf.
2943 1468 3066 1521 quin
3092 1453 3159 1507 ad
3200 1452 3256 1506 h.
3285 1451 3322 1505 1.
3359 1446 3533 1504 Theo-

1953 1538 2131 1595 doret.
2159 1545 2214 1595 et
2244 1538 2347 1594 Th.
2392 1540 2606 1597 ﬂeraci.
2642 1540 2946 1611 adnotant),
2982 1545 3088 1598 650
3121 1544 3373 1615 (uxvtt),
3401 1540 3526 1605 655,

1953 1630 2060 1687 642
2097 1634 2323 1702 (cum,
2346 1632 2400 1697 8,
2424 1634 2537 1703 49),
2591 1634 2697 1691 664
2745 1636 2994 1707 (unm,
3034 1636 3149 1707 15).
3203 1635 3307 1690 Sed
3348 1635 3401 1687 in
3440 1633 3528 1697 iis.

1952 1724 2143 1793 paucis
2181 1723 2308 1783 illis,
2346 1735 2469 1793 quae
2513 1723 2579 1777 ad
2611 1740 2693 1794 ps.
2736 1740 2963 1781 Lxxxt-c
3003 1726 3206 1796 passim
3255 1722 3529 1778 Theodori

1953 1814 2174 1870 nomine
2200 1821 2476 1881 notantur,
2502 1814 2848 1871 Theodorum
2873 1832 2980 1873 non
3011 1816 3227 1887 agnovi.
3257 1813 3529 1869 Nonnulla

1952 1920 2141 1962 eorum
2172 1906 2319 1961 haud
2346 1906 2510 1962 dubie
2536 1906 2911 1963 Theoderetea
2937 1915 3083 1963 sunt.

2027 1999 2098 2054 De
2135 1998 2460 2069 fragmentis
2498 1999 2555 2052 in
2603 2002 2767 2054 tertio
2793 2008 2945 2054 torno
2983 1998 3257 2055 Theodori
3300 1996 3530 2054 nomine

1952 2092 2134 2146 allatis
2170 2107 2224 2161 p.
2260 2090 2503 2145 250-542
2532 2089 2806 2146 difficilius
2838 2092 3008 2146 dictu.
3060 2089 3167 2145 Sex
3198 2086 3533 2145 Theodoreti

1950 2193 2096 2247 sunt,
2124 2199 2177 2252 p.
2210 2182 2337 2245 250,
2351 2182 2476 2247 507,
2503 2182 2627 2246 561,
2648 2182 2775 2249 450,
2794 2182 2919 2247 515,
2947 2181 3086 2248 516;
3118 2180 3525 2244 novemdecim,

1950 2288 2072 2329 meo
2101 2272 2321 2343 quidem
2340 2273 2569 2340 judicio,
2601 2286 2630 2325 a
2649 2272 3037 2342 Mopsuesteno
3067 2285 3295 2341 prorsus
3321 2270 3525 2326 abhor-

1946 2372 2072 2421 rent
2112 2379 2126 2416 :
2168 2379 2220 2434 p.
2270 2364 2394 2428 519,
2429 2364 2703 2430 521,518,
2749 2365 2875 2428 559,
2917 2364 3042 2425 562,
3079 2364 3204 2428 565,
3236 2363 3363 2426 577,
3395 2360 3526 2429 405,

1946 2457 2073 2519 407,
2104 2455 2231 2520 tos,
2271 2454 2396 2518 us,
2430 2453 2530 2507 ιιι
2560 2455 2889 2524 (multa),
2921 2454 3048 2518 448,
3088 2453 3211 2517 tes.
3238 2452 3364 2517 489,
3395 2451 3523 2517 tot,

1946 2549 2051 2603 510
2083 2549 2154 2621 (v.
2196 2561 2249 2617 p.
2288 2547 2436 2612 508),
2466 2547 2589 2612 512,
2623 2547 2745 2611 515,
2787 2554 2841 2601 et
2872 2561 2995 2616 quae
3024 2554 3234 2601 restant
3262 2558 3397 2599 mn
3431 2546 3519 2599 ni-

1946 2640 2024 2695 hil
2054 2640 2331 2709 peculiare
2362 2640 2690 2708 habentquo
2712 2652 2900 2693 eorum
2921 2646 3203 2692 auctorem
3227 2636 3522 2706 dignoscas

1948 2740 2108 2802 atque
2136 2732 2359 2785 omnino
2403 2731 2608 2785 nullius
2640 2729 2751 2784 fere
2782 2729 3041 2783 momenti
3071 2736 3220 2783 sunt.
3259 2724 3527 2795 Suspicor

1946 2824 2209 2894 pleraque
2238 2837 2428 2875 eorum
2460 2821 2564 2875 Th.
2615 2819 2829 2875 Hcraci.
2868 2826 2984 2884 aut,
3014 2818 3162 2887 quod
3193 2818 3368 2883 magis
3402 2818 3522 2885 plac

1945 2922 2058 2976 cet,
2113 2910 2331 2965 Diodori
2393 2926 2537 2966 esse.
2597 2909 2683 2965 Cf.
2740 2909 2936 2980 fragm.
2997 2906 3219 2961 Diodori
3271 2907 3327 2960 ia
3362 2914 3405 2962 ι.
3452 2904 3519 2969 li,

1947 3014 2003 3073 ρ,
2023 3002 2285 3057 705-962.

266 3071 475 3166 ΐξωξιπ,
509 3066 767 3168 videntur
807 3068 1084 3168 Theodori
1113 3088 1233 3129 esse
1257 3094 1272 3141 ;
1297 3082 1427 3168 sunt
1461 3092 1523 3132 ea
1555 3087 1735 3134 tamen
1764 3080 1844 3134 ιθ·
1872 3107 1916 3168 c
1947 3066 1966 3073 ’
2018 3093 2342 3163 Fragmenta
2370 3091 2737 3161 Mopsuesteni
2765 3091 2955 3145 insunt
2988 3090 3044 3143 in
3062 3088 3183 3144 Cat.
3216 3087 3367 3143 ined.
3393 3086 3516 3141 cod.

263 3161 422 3212 vteris
465 3161 749 3226 momenti,
787 3175 912 3230 quae
953 3162 1236 3233 cujusnam
1282 3166 1394 3222 sint
1445 3182 1555 3224 non
1614 3170 1845 3225 multum

1951 3180 1995 3239 Χ
2033 3161 2164 3239 bibl.
2204 3183 2432 3239 Coislin.
2467 3182 2554 3236 cr.
2604 3181 2794 3238 Moutf.
2845 3182 2987 3235 Bibl.
3024 3181 3189 3235 eam.
3234 3195 3287 3249 ρ.
3324 3179 3427 3238 58,
3463 3186 3521 3233 et

264 3245 442 3302 refert.
476 3247 537 3303 in
570 3248 658 3305 his
681 3251 900 3307 Catenae
929 3257 1307 3312 auctoritatem
1347 3262 1499 3330 sequi
1542 3264 1713 3319 tutius
1738 3276 1844 3330 est,

260 3353 425 3407 quam
481 3342 842 3411 ccujectando
886 3345 1101 3415 nugari.
1147 3346 1358 3420 (Edipo
1388 3351 1535 3406 enim
1571 3368 1708 3422 opus
1737 3362 1841 3410 est.

260 3428 339 3485 De
370 3431 594 3501 singulis
624 3432 820 3504 fragm.
858 3442 918 3489 ut
958 3435 1070 3504 jam
1110 3437 1323 3508 loquar,
1346 3442 1531 3511 spuria
1569 3452 1697 3498 sunt
1725 3460 1845 3515 qua

262 3536 315 3592 ι).
344 3523 442 3578 241
484 3526 558 3595 (v.
595 3541 648 3595 p.
691 3526 844 3598 254),
869 3528 998 3592 291,
1025 3528 1151 3597 296)
1182 3531 1670 3605 (Ὁλοκαυτὼματα
1711 3539 1842 3609 -—),

261 3616 362 3671 402
389 3617 547 3682 (Οὐδὲ
579 3618 689 3690 γάρ
750 3618 850 3688 -),
893 3619 1000 3679 652
1043 3622 1598 3694 (Συμπαραλαμϐάνει
1630 3629 1723 3697 ⁶--)
1775 3630 1846 3685 le-

259 3715 494 3777 guntur;
528 3708 739 3777 reliqua
768 3708 878 3764 huc
939 3709 1217 3765 referenda
1249 3728 1304 3783 p.
1352 3713 1453 3768 185
1483 3731 1564 3786 sq.
1605 3719 1845 3785 (Οἰκείαν

260 3794 396 3861 λέγει
424 3796 545 3863 ω),
577 3796 687 3851 215
727 3796 801 3867 (v.
854 3813 906 3868 p.
962 3798 1112 3868 210),
1161 3800 1289 3863 255,
1327 3801 1435 3858 252
1477 3804 1553 3874 (v.
1597 3821 1652 3876 p.
1691 3807 1840 3877 248),

260 3888 377 3955 268,
398 3888 528 3954 269,
557 3889 687 3952 275,
726 3890 833 3944 288
862 3894 937 3959 (v.
978 3907 1033 3961 ρ.
1071 3892 1221 3963 285),
1249 3894 1379 3958 565,
1409 3896 1534 3961 475,
1558 3898 1684 3962 597,
1715 3900 1840 3966 675,

261 3980 433 4034 omnia
463 3980 722 4035 videntur
751 3980 1080 4038 Theodoreti
1110 3999 1231 4040 esse
1250 4003 1265 4052 ;
1284 3987 1463 4041 vdubia
1487 4004 1619 4044 vero
1649 3990 1844 4047 habue-

262 4071 356 4124 vim
384 4088 439 4141 ι).
476 4071 568 4133 57,
618 4072 721 4126 182
750 4072 958 4144 (Ταῦτα
996 4074 1186 4145 δέ--),
1242 4076 1365 4144 189,
1392 4078 1500 4134 270
1546 4082 1621 4150 (v.
1665 4078 1843 4138 Theo-

261 4162 425 4217 duret.
484 4162 623 4233 Opp.
681 4165 723 4229 l,
767 4180 820 4234 p.
858 4164 1040 4231 1055),
1087 4166 1191 4223 298
1239 4168 1342 4238 (εις
1388 4172 1532 4242 ζωήν
1557 4174 1673 4243 -),
1712 4175 1835 4239 295,

264 4251 381 4314 297,
406 4255 510 4311 519
538 4248 733 4325 (Οὗτός
755 4273 920 4326 φησιν
945 4258 1063 4326 -—-),
1090 4259 1216 4324 551,
1238 4261 1345 4317 568
1376 4263 1584 4333 (Ταῦτά
1604 4282 1701 4319 σου
1720 4267 1837 4338 --),

267 4342 355 4396 451
378 4364 392 4410 ;
415 4360 538 4414 qua
579 4355 844 4416 praeterea
872 4346 1145 4405 Theodori
1187 4350 1511 4423 aﬂeruntur,
1540 4371 1625 4422 ea,
1651 4360 1839 4428 paucis

1947 3276 2001 3330 in
2026 3277 2145 3330 Cat.
2184 3274 2331 3329 ined.
2361 3274 2485 3328 cod.
2514 3272 2657 3326 XVII
2685 3275 2818 3328 bibl.
2856 3272 3025 3327 Marc.
3064 3269 3252 3325 Venet.
3283 3270 3369 3324 Cf.
3396 3268 3516 3323 Jac.

1946 3364 2171 3422 “orellii
2197 3366 2357 3429 bibl.,
2388 3363 2555 3419 Marc.
2584 3364 2772 3420 Venet.
2803 3364 2941 3418 Bibl.
2972 3380 3099 3417 mss.
3129 3363 3221 3416 Gr.
3254 3371 3301 3415 et
3324 3361 3467 3427 Lat,
3500 3360 3518 3413 Ι

1946 3459 2197 3528 (Bassaui
2223 3460 2401 3529 1802),
2436 3474 2489 3530 p.
2519 3460 2608 3513 55.
2643 3459 2853 3514 Caveus
2883 3460 2922 3511 l.
2946 3458 3005 3521 l.,
3032 3474 3085 3527 p.
3108 3457 3234 3519 249,
3262 3476 3279 3505 ε
3309 3456 3516 3516 Exstat,

1945 3550 2142 3619 inquit,
2157 3551 2301 3621 apud
2330 3551 2400 3604 cl.
2422 3548 2645 3604 Galeum
2671 3557 3048 3620 argumentum
3069 3550 3289 3616 longum
3305 3547 3357 3598 in
3376 3547 3521 3614 psal-

1949 3657 2100 3696 mum
2133 3657 2237 3695 ιιν
2272 3640 2372 3709 (a),
2412 3641 2469 3694 in
2508 3655 2618 3710 quo
2658 3640 2893 3695 breviter
2932 3639 3199 3709 percurrit
3234 3637 3517 3693 historiam

1942 3731 2253 3787 Iudaeorum
2287 3746 2317 3784 a
2354 3741 2595 3800 tempore
2642 3728 2976 3799 captivitatis
3024 3742 3200 3798 usque
3235 3726 3304 3781 ad
3334 3725 3520 3779 Antio-

1943 3823 2106 3879 chum
2131 3830 2185 3878 et
2215 3821 2367 3877 Onite
2393 3821 2571 3893 fugam
2606 3821 2661 3875 in
2683 3819 2996 3892 Egyptum.
3035 3838 3055 3872 ι

2016 3914 2215 3984 Utjam
2248 3914 2486 3968 indolem
2521 3912 2686 3982 hujus
2722 3911 3104 3967 commentarii
3133 3910 3294 3980 plane
3324 3910 3515 3979 singu-

1942 4007 2112 4062 larem
2144 4006 2334 4075 paucis
2371 4005 2702 4067 describam,
2727 4003 3020 4058 dicendum
3052 4002 3311 4071 primum,
3339 4016 3518 4068 quan-

1942 4103 2057 4150 tum
2113 4095 2165 4150 id
2199 4094 2417 4165 quidem
2452 4093 2566 4149 fieri
2603 4100 2803 4163 potest,
2838 4092 2970 4162 quid
3004 4089 3325 4146 Theodorus
3362 4098 3417 4145 et
3446 4090 3521 4145 de

1942 4186 2169 4258 psalmis
2208 4187 2261 4241 in
2290 4188 2606 4242 universum
2631 4193 2686 4242 et
2714 4185 2782 4240 de
2803 4184 3039 4255 singulis
3062 4183 3435 4255 ps.statuerit.
3465 4184 3524 4237 Is

1941 4292 2073 4333 vero
2096 4292 2288 4332 omnes
2321 4292 2404 4347 ps.
2425 4292 2453 4330 a
2474 4275 2693 4335 Davide.
2726 4288 2888 4345 quem
2918 4276 3218 4345 saepissime
3242 4273 3519 4343 prophetat

1941 4369 2160 4424 nomine
2184 4366 2486 4439 insignivit,
2511 4367 2729 4437 repetiit
2758 4367 2929 4438 (b),et
2962 4368 3295 4436 psalmorum
3323 4364 3519 4419 inscri-

265 4438 513 4506 exceptis,
544 4437 933 4508 Mopsuesteno
955 4442 1236 4510 assignare
1260 4458 1369 4499 non
1393 4445 1606 4503 dubito.
1638 4448 1840 4505 Horum

1951 4461 2157 4529 ptiones
2185 4437 2373 4527 reiecit
2403 4458 2735 4527 (c),ideoque
2757 4437 2868 4511 non
2889 4456 3201 4511 mirandum
3227 4453 3374 4523 quod
3411 4454 3519 4507 siu-

267 4536 432 4583 autem
472 4542 595 4583 cum
626 4543 825 4601 magna
877 4531 1035 4602 copia
1084 4534 1179 4601 sit,
1225 4552 1377 4592 nunc
1419 4539 1637 4608 quidem
1676 4543 1743 4595 ad
1784 4558 1849 4596 ea

266 4628 461 4674 tantum
489 4637 615 4691 qum
644 4622 776 4676 mihi
798 4637 912 4693 pra:
932 4625 1145 4681 caeteris
1174 4639 1363 4684 notato
1384 4629 1548 4702 digna
1570 4633 1845 4699 vitientur,

264 4711 472 4766 lectoris
526 4713 769 4767 animum
818 4715 1101 4773 advertere
1144 4719 1319 4787 placet
1358 4738 1372 4776 :
1426 4736 1481 4790 p.
1523 4722 1612 4787 25,
1654 4725 1722 4778 27
1761 4725 1848 4788 (de

265 4816 339 4872 ps.
365 4818 461 4870 ιιι,
491 4804 547 4869 5,
574 4804 650 4877 7),
678 4806 749 4863 55
774 4807 914 4878 (ιλιι,
947 4809 1024 4878 1),
1052 4810 1143 4878 54,
1168 4813 1232 4868 61
1267 4813 1399 4883 (LIV,
1431 4814 1486 4879 5,
1511 4816 1620 4886 14).
1658 4816 1843 4874 Poste-

327 4983 401 5049 (ιι)
435 4979 548 5038 lioc
601 4993 1014 5065 argumentum,
1046 4988 1100 5065 in
1132 4991 1323 5065 codice
1345 4992 1610 5050 Vaticano
1649 5011 1833 5065 repero

262 5056 520 5131 umquam
564 5052 1098 5131 aliis_Mopsttesteni
1145 5060 1465 5131 fragmentis
1495 5066 1547 5120 in
1584 5052 1833 5127 Psalinos

261 5120 417 5173 edidit
445 5123 582 5192 Aug.
616 5120 872 5198 91³1,ίαὶιί
911 5132 1058 5198 notat
1084 5120 1493 5198 apudVCaveum
1528 5143 1580 5189 et
1614 5120 1831 5192 Fabric:

258 5196 852 5273 errorentypographico
873 5196 1137 5273 scriptum
1158 5201 1325 5257 fuisse
1344 5204 1414 5257 45
1441 5218 1539 5273 pro
1562 5205 1648 5258 54.
1670 5206 1830 5262 Eutr.

322 5260 394 5343 (ρ)
420 5260 529 5317 Etsi
558 5260 613 5317 in
646 5260 801 5320 nitito
828 5260 1022 5336 fragm.
1048 5269 1149 5343 hoc
1182 5260 1472 5341 perspicue
1504 5260 1830 5343 enuntiavit,

259 5340 317 5415 eo
339 5339 510 5415 tamen
537 5344 752 5415 certum
785 5338 1075 5415 estkqu-od
1100 5338 1551 5415 plu’res‘psaimos
1584 5347 1675 5415 qui
1701 5338 1835 5401 alio;

262 5412 369 5485 tum
405 5400 663 5485 dicuntur
697 5420 845 5485 esse,
884 5398 1401 5485 Davidi'c'osjll‘ert.
1656 5398 1705 5469 c.

258 5480 413 5539 sun,
446 5471 676 5528 Cordcr.
732 5475 885 5533 C.tt..
947 5476 1007 5539 11,

258 5534 524 5625 ΙιιιΙιοὸρρη
562 5545 631 5600 de
654 5561 770 5615 quo
800 5544 953 5599 infra
988 5534 1239 5615 pluribus
1266 5534 1532 5631 'di'centu'sﬁ

258 5623 360 5662 nar.
389 5627 557 5676 optma
582 5614 647 5669 de
673 5615 902 5673 mundo.
937 5616 974 5668 l.
1010 5632 1063 5676 ν,
1092 5617 1345 5675 Galiand.
1374 5623 1518 5675 Btbl.
1578 5626 1699 5676 ’atr.
1732 5623 1821 5676 ΧΙ.

258 5614 557 5687 ποτᾈτιρὺιὶρ
582 5614 647 5669 de
673 5614 902 5687 munde.
937 5614 1063 5679 Liv,
1092 5617 1345 5675 Galiand.
1374 5623 1518 5675 Bibl.
1547 5614 1699 5676 Patr.
1732 5623 1821 5687 ΧΙ,

259 5681 450 5761 Ρη48ἓ,
479 5682 627 5761 485),
662 5685 1285 5761 calildmﬂﬁelllcnllﬂlli
1310 5694 1617 5747 accuratius
1655 5681 1823 5761 ιτκιιωέ

258 5750 373 5809 διω-
395 5752 520 5824 Qua:
548 5750 633 5811 hic
658 5756 857 5811 eadem
886 5752 1233 5812 Theodorum
1268 5762 1524 5817 stat-tisse
1550 5750 1817 5818 cvistiz'm.

1946 4552 2197 4620 guiorum
2220 4566 2300 4619 ps.
2325 4548 2609 4611 ὑποθέσεις
2631 4562 2768 4602 nova
2788 4557 2840 4602 ct
2863 4561 2983 4615 qua:
3014 4546 3069 4599 in
3099 4545 3285 4598 multis
3307 4559 3336 4596 a
3366 4545 3520 4612 prio-

1948 4641 2100 4695 ribus
2133 4639 2524 4709 interpretibus
2561 4636 2843 4692 recederet
2871 4637 3086 4691 ratione
3118 4635 3518 4691 constituit.Ac

1946 4740 2093 4788 recte
2123 4732 2341 4802 quidem
2390 4729 2689 4786 secundum
2734 4726 3081 4783 Theodorum
3118 4726 3360 4797 psalmos
3387 4740 3516 4794 pro-

1945 4833 2065 4895 pter
2093 4839 2282 4879 eorum
2309 4829 2687 4893 argumentum
2732 4821 2786 4875 in
2826 4829 3061 4890 quatuor
3092 4834 3291 4892 genera
3323 4819 3515 4874 distri-

2011 5002 2082 5072 (c)
2113 5000 2303 5078 Leout.
2329 5002 2369 5055 i.
2415 5016 2466 5057 c.
2486 5038 2502 5065 ,
2535 5017 2588 5071 p.
2621 5001 2726 5056 687
2752 5018 2778 5078 :_
2811 5020 2829 5053 ι
2870 5000 3261 5078 Inscriptiones
3288 4998 3513 5078 hymnO'

1943 5071 2071 5141 rum
2096 5081 2150 5128 et
2175 5074 2507 5141 psalmorum
2541 5078 2597 5127 et
2637 5071 2973 5126 canticorum
3017 5071 3446 5141 penitusejecit.
3489 5086 3515 5119 ι

1942 5140 2142 5217 Recte._
2159 5137 2267 5195 Nec
2297 5157 2534 5217 unquam
2565 5141 2707 5194 enim
2729 5137 3219 5217 inscriptionum‘in
3245 5137 3500 5217 fragmen-

1939 5213 2307 5287 tis__ration_em
2335 5206 2541 5287 habuit,
2565 5224 2629 5287 ac
2655 5224 2721 5263 ne
2744 5206 3015 5287 potuisset
3044 5206 3263 5287 quidem
3300 5209 3366 5260 de
3388 5207 3514 5287 .sin-

1941 5283 2082 5351 gulis
2114 5282 2440 5351 quibusdam
2476 5296 2584 5348 ps.,
2618 5281 2692 5351 ita
2727 5286 2787 5333 ut
2828 5278 3025 5351 statuit
3058 5285 3319 5351 statuere,
3356 5278 3401 5351 si
3429 5278 3515 5329 in-

1941 5348 2270 5419 scriptiones
2321 5352 2609 5419 genuinas,
2649 5350 2686 5400 i.
2726 5364 2778 5403 c.
2819 5348 2920 5401 fide
2952 5348 3167 5419 dignas,
3205 5348 3509 5401 habuisset.

1930 5421 2037 5475 Eas
2060 5418 2230 5492 igitur
2260 5418 2383 5490 post
2445 5420 2685 5492 adiectas
2724 5433 2845 5492 es_s_c
2868 5418 3103 5492 censuit,
3137 5424 3505 5492 quretantum

1052 5479 1826 5562 p.'.497,‘qttodque§0sni_as
1929 5506 2037 5562 LIOI]
2068 5479 2449 5559 (ﬁrmes-nugas
2469 5479 2743 5562 ail‘crrcnt.
2763 5479 3280 5562 ΤΙιροιΙρΓςῑώίΠυῘ
3306 5486 3509 5562 εῖνιιῖιξε

1929 5558 2301 5624 Theodorum,
2341 5558 2558 5612 nomine
2613 5559 2731 5626 ejus
2768 5574 2874 5611 non
2926 5558 3129 5619 addito,
3167 5558 3509 5622 impugnavit

1926 5629 2020 5695 (cf.
2050 5648 2098 5682 ν.
2135 5647 2182 5684 (ι.
2222 5647 2301 5696 ps.
2339 5643 2378 5692 ι,
2423 5644 2470 5696 p.
2514 5625 2856 5695 605.1125),
2904 5645 3019 5683 mea
3052 5625 3317 5680 sententia
3340 5630 3515 5678 etiam

1928 5715 1977 5768 ι).
2028 5702 2130 5755 om;
2193 5702 2316 5753 606.
2354 5700 2417 5753 ad
2452 5699 2798 5754 'l'itcndnrum
2838 5699 3091 5768 respexit.
