3920 6130
365 287 458 340 ’51

1257 286 1556 347 OTTONIS
1578 287 1758 344 FRID.
1802 287 1939 344 Fl'il‘l

2046 287 2191 344 iC‘llE
2227 285 2725 345 (ΖΟΜΜῈΝΤᾹΤΙΟ
3571 286 3646 342 3°!

376 404 531 457 buas.
563 403 710 458 Alios
736 403 1012 458 historicos
1053 407 1324 476 appellare
1364 409 1563 477 placet,
1597 423 1830 478 quorum
1864 411 1939 464 ni-

2057 405 2352 464 ἀπολαύειν
2375 421 2390 437 ο
2445 423 2497 456 v.
2529 405 2564 459 l.
2618 405 2681 466 1.,
2729 419 2781 474 p.
2818 401 2981 471 265):
3015 416 3117 455 ειν
3153 402 3240 465 (ν-
3277 402 3638 471 προαγορεύει

376 495 572 550 mirum
601 511 765 549 causa
798 510 862 550 ac
888 497 1029 550 ratio
1061 499 1120 552 in
1158 499 1295 568 ipsis
1325 499 1491 555 rebus
1521 498 1745 554 Davidis
1775 515 1952 572 popu-

373 583 522 654 lique
559 584 767 640 llebrxi
791 587 894 642 sita
929 595 1066 643 erat.
1102 587 1220 643 Huc
1262 590 1537 645 referendi
1573 598 1702 645 sunt
1726 608 1807 662 ps.
1833 609 1947 661 xxI,

373 691 526 738 uix,
553 677 752 746 quibus
789 676 959 732 David
1001 679 1066 733 ad
1101 678 1270 734 Deum
1303 696 1492 751 preces
1529 682 1690 747 fudit,
1721 698 1846 737 cum
1882 684 1950 738 ab

371 766 668 821 Absalouio
711 778 1054 838 premeretur
1089 770 1167 841 (v..
1204 777 1331 828 Aet.
1365 788 1522 827 conc.
1553 772 1743 830 Const.
1777 791 1839 837 II,
1874 791 1946 843 Iv,

369 858 461 921 22,
487 859 576 912 25.
611 857 776 913 Cord.
814 860 933 914 Cat.
981 861 1046 930 ll,
1089 879 1142 933 p.
1175 864 1300 927 422,
1349 864 1499 932 424),
1535 880 1620 934 ps.
1647 880 1797 929 uxr,
1839 883 1949 937 quo

369 950 475 1005 sibi
512 965 576 1004 ac
623 954 931 1008 successori
967 955 1290 1024 sapientiam
1329 971 1363 1010 a
1395 956 1505 1011 Deo
1540 958 1764 1026 expetiit
1798 958 1872 1028 (v.
1906 959 1943 1012 1.

369 1041 433 1103 1.,
477 1057 532 1110 p.
568 1041 733 1111 466),
771 1060 854 1113 ps.
897 1061 1072 1109 uvu,
1103 1062 1264 1115 quem
1323 1048 1554 1112 cecinit,
1585 1063 1708 1102 cum
1761 1063 1948 1104 arcam

367 1131 595 1191 foederis
629 1135 700 1190 ad
731 1152 790 1192 se
845 1137 1143 1194 adduceret
1174 1138 1245 1208 (v.
1281 1139 1318 1192 1.
1373 1139 1433 1203 1.,
1471 1154 1526 1208 p.
1553 1139 1702 1209 555),
1745 1157 1831 1210 ps.
1866 1157 1942 1204 ιι,

368 1239 459 1286 xv.
482 1225 685 1296 quibus
710 1228 894 1296 populi
928 1243 1158 1296 persona
1177 1229 1278 1283 sibi
1304 1229 1715 1284 accommodata
1741 1234 1946 1300 gratias

366 1315 481 1384 agit
504 1315 572 1370 de
607 1315 858 1373 hostibus
894 1318 1138 1373 finitimis
1165 1334 1195 1371 a
1233 1318 1341 1372 Deo
1382 1321 1588 1389 punitis
1620 1321 1694 1390 (v.
1735 1322 1770 1375 1.
1809 1322 1870 1387 1.,
1903 1321 1945 1390 l,

365 1419 423 1474 p.
462 1403 590 1461 272.
617 1407 739 1461 Act.
768 1423 924 1464 conc.
954 1408 1144 1464 Const.
1186 1425 1246 1474 II,
1287 1426 1364 1474 Iv,
1397 1411 1510 1481 21).
1543 1411 1716 1481 Major
1736 1422 1821 1468 est
1850 1430 1948 1469 nuo

366 1509 550 1551 merus
582 1498 915 1565 psalmorum
948 1499 1390 1569 prapheticorum,
1427 1503 1628 1572 quibus
1661 1519 1757 1560 eos
1783 1507 1942 1560 velim

363 1587 660 1658 intelligas,
720 1591 814 1659 qui
876 1589 1053 1646 fausta
1121 1593 1387 1648 nonnulla
1429 1601 1482 1649 et
1528 1594 1789 1662 infausta,
1822 1613 1944 1667 qua:
1972 1603 1990 1620 ’

360 1679 563 1746 populo
617 1678 846 1736 Hebraeo
915 1698 1094 1752 usque
1174 1683 1241 1736 ad
1281 1691 1528 1754 tempora
1588 1686 1942 1744 Machabaica

2053 499 2152 570 τὴν
2185 496 2441 550 ἐπάνοδον
2487 525 2547 538 --
2582 493 2746 563 φησὶν
2770 522 2836 532 —
2861 493 2924 544 ὲκ
2947 489 3291 563 [προσώπου]
3327 490 3503 560 μόνων
3529 491 3640 543 τῶν

2055 592 2185 661 παρ’
2214 590 2400 651 αὐτοῖς
2459 584 2790 656 θαυμαστῶν
2835 603 2894 637 τε
2948 584 3040 636 καὶ
3080 581 3354 654 ὲναρέτων
3389 581 3636 652 ἀνδρῶν·

2051 699 2105 737 v.
2139 682 2174 736 l.
2207 681 2268 742 1.,
2307 696 2358 750 p.
2388 678 2548 748 287);
2576 693 2740 730 ωαχ.
2769 675 2903 746 (Τὴν
2925 703 2991 714 -
3022 674 3277 728 ἐπάνοδον
3303 704 3372 714 -
3397 689 3640 744 προαγο-

2055 772 2228 841 ρεύων
2253 770 2346 823 ἐπὶ
2367 767 2716 839 εὐχαριστίαν
2755 765 3002 828 ἅπαντας
3035 795 3105 806 -
3131 765 3500 836 προτρέπεται
3524 779 3536 793 ·
3568 793 3640 806 —

2051 879 2103 917 v.
2146 861 2183 914 l.
2221 861 2283 926 1.,
2318 876 2370 930 p.
2414 857 2576 928 69l);
2613 857 2798 927 plures
2829 870 2958 909 vero
3001 855 3067 909 ad
3097 870 3188 910 res
3225 853 3637 915 Machabaicas,

2051 966 2132 1020 ps.
2171 965 2259 1003 I.Iv
2315 951 2388 1017 (v.
2433 947 2470 1002 l.
2509 948 2569 1011 l.,
2601 946 2812 1018 ρ.61);
2851 961 2937 998 LIII
2974 945 3046 1014 (v.
3091 946 3125 998 1.
3169 944 3207 998 l.
3257 959 3309 1013 p.
3349 943 3475 1015 185)
3502 962 3515 1010 ;
3543 957 3636 997 ut

2051 1042 2191 1112 (v.1.
2223 1041 2282 1104 1.,
2314 1056 2366 1110 p.
2422 1039 2582 1109 2l9);
2620 1053 2754 1091 XLIII
2803 1037 2878 1104 (v.
2912 1038 2947 1090 I.
2994 1037 3058 1097 1.,
3103 1051 3154 1105 p.
3195 1035 3319 1105 550)
3345 1053 3359 1101 ;
3388 1050 3476 1099 tv,
3503 1050 3635 1089 Lvm

2048 1133 2143 1197 (--
2170 1132 2234 1183 ὲκ
2268 1130 2378 1182 τῶν
2418 1127 2794 1182 Μακκαὸαίων
2830 1127 3124 1196 προσώπου
3167 1125 3342 1194 λέγων
3365 1126 3466 1179 ὅσα
3500 1126 3639 1179 ὲκεί-

2049 1239 2158 1285 νοις
2182 1224 2356 1275 εἰπεῖν
2412 1223 2680 1292 ἥρμοττεν
2723 1220 2782 1271 ἐν
2834 1221 2953 1282 ταῖς
2991 1221 3337 1290 συμφοραῖς·
3394 1236 3446 1274 v.
3489 1221 3526 1273 l.
3570 1220 3633 1282 l.,

2049 1326 2102 1380 p.
2125 1311 2216 1373 88,
2248 1311 2371 1379 152)
2401 1328 2415 1377 ;
2445 1325 2532 1364 ι.ιί
2549 1311 2644 1381 (——
2669 1309 2834 1379 φησὶν
2853 1337 2923 1348 -
2939 1307 3098 1371 -ώς
3117 1309 3210 1360 ἐπὶ
3239 1309 3638 1379 γεγενημέναις

2025 1389 2224 1467 ’νίκαις
2253 1403 2394 1456 κατὰ
2424 1403 2534 1456 τῶν
2565 1400 2774 1472 ἐχθρῶν
2791 1401 3252 1472 εὐχαριστούντων
3278 1400 3409 1472 [τῶν
3443 1403 3638 1456 Maxu—

2047 1490 2263 1562 δαίων),
2289 1493 2336 1544 εἰ
2362 1491 2456 1544 καὶ
2480 1491 2554 1553 ὡς
2582 1490 2762 1558 ὀλίγου
2795 1491 2935 1553 τινὸς
2963 1490 3114 1553 ὄντος
3148 1489 3228 1542 ἔτι
3254 1490 3346 1543 τοῦ
3381 1491 3640 1562 περιλιμ⁴

2048 1583 2359 1651 πανομένου
2390 1581 2590 1636 κακοῦ”
2626 1598 2676 1635 v.
2710 1582 2746 1634 l.
2783 1582 2845 1644 1.,
2880 1597 2936 1652 p.
2971 1581 3132 1651 “0);
3163 1597 3274 1635 ινιι
3311 1580 3634 1651 (vafritiam,

2045 1689 2151 1744 qua
2189 1672 2499 1728 Demetrius
2518 1689 2614 1728 rex
2647 1681 2703 1728 et
2743 1673 3004 1744 Tryphon
3051 1682 3247 1728 contra
3265 1674 3484 1729 ludaaos
3511 1680 3635 1728 ute-

359 1770 726 1840 ohtingerent,
759 1775 1184 1843 portenderunt.
1220 1775 1447 1832 Diversa
1471 1784 1652 1832 tamen
1693 1781 1834 1835 ratio
1860 1788 1939 1837 est

2048 1771 2236 1819 rentur
2292 1765 2570 1834 praedixit;
2621 1781 2669 1819 ν.
2712 1765 2749 1818 1.
2795 1766 2858 1829 1.,
2905 1780 2958 1833 p.
2995 1764 3152 1835 M9);
3190 1781 3379 1832 vam,
3424 1782 3634 1820 Lxxvm

359 1863 752 1933 prophetarum
803 1875 857 1920 et
903 1865 1147 1922 Davidis.
1187 1865 1265 1920 Illi
1309 1869 1455 1922 enim
1489 1870 1626 1925 satis
1655 1873 1945 1940 perspicue

357 1968 452 2012 res
484 1956 701 2012 futuras
737 1959 1017 2021 nuntiant,
1057 1959 1148 2014 hic
1190 1959 1304 2015 fere
1340 1959 1409 2016 de
1451 1961 1618 2018 rebus
1652 1973 1839 2032 utpote
1862 1963 1944 2018 fa-

359 2047 468 2103 ctis
496 2048 762 2116 loquitur.
787 2047 894 2103 Sed
935 2049 1039 2104 hoc
1063 2050 1355 2106 Theodoro
1391 2060 1585 2121 parum
1617 2056 1826 2124 negotii
1862 2056 1944 2110 fa-

357 2138 602 2195 cessivit.
631 2138 835 2193 Statuit
886 2141 1171 2206 nimirum,
1216 2141 1497 2208 Davidem,
1539 2146 1634 2213 qui
1684 2161 1795 2199 non
1832 2157 1942 2201 tam

360 2229 544 2283 futura
585 2228 932 2300 praedixisset
979 2244 1146 2299 quam
1194 2245 1256 2286 ea
1299 2239 1357 2285 ut
1402 2231 1545 2288 facta
1582 2233 1940 2302 adhibuisset,

359 2319 474 2376 fere
505 2321 562 2375 in
623 2320 882 2375 omnibus
911 2321 1020 2375 illis
1066 2335 1150 2390 ps.
1194 2322 1379 2391 populi
1424 2338 1714 2394 personam
1747 2340 1940 2380 susce-

358 2415 507 2483 pisse
534 2414 636 2485 (a),
669 2423 724 2470 et
747 2413 859 2482 jam
902 2413 1151 2470 rationes
1197 2415 1471 2484 dispexit,
1504 2416 1559 2470 in
1591 2417 1796 2487 quibus
1828 2433 1939 2473 non

355 2507 578 2576 quidem
600 2506 832 2562 Davides
859 2507 954 2563 sed
987 2508 1220 2578 populus
1251 2509 1586 2565 constitutus
1615 2520 1787 2576 esset,
1813 2525 1940 2567 cum

357 2599 469 2653 illis
494 2614 580 2668 ps.
640 2613 738 2653 sua
794 2599 878 2654 vis
922 2597 1136 2654 fuisset.
1180 2599 1368 2670 Itaque
1414 2602 1652 2672 populus
1704 2601 1940 2659 diversis

355 2691 698 2761 temporibus
725 2691 961 2747 diversis
992 2693 1046 2746 in
1080 2692 1216 2748 locis
1252 2695 1591 2749 constitutus
1615 2692 1745 2748 felix
1783 2694 1937 2750 laeta-

356 2788 467 2845 tur,
494 2779 603 2836 Deo
624 2782 831 2852 gratias
856 2783 986 2851 agit,
1015 2781 1186 2838 Deum
1205 2784 1470 2846 celebrat,
1495 2783 1686 2838 infelix
1717 2792 1936 2852 moeret,

357 2869 526 2926 Deum
566 2872 788 2927 invocat
822 2882 877 2928 et
902 2874 1178 2944 implorat.
1211 2877 1292 2930 vel
1327 2877 1491 2931 etiam
1511 2877 1578 2931 de
1610 2876 1720 2932 Deo
1735 2879 1938 2936 dubius

356 2962 546 3027 lueret,
577 2961 809 3018 Davides
829 2965 1088 3034 propheta
1113 2967 1426 3038 interpretis
1450 2983 1738 3037 personam
1770 2971 1932 3040 gerit.

353 3050 676 3107 Theodorus
715 3062 898 3108 autem
929 3053 1029 3108 hac
1053 3055 1270 3110 ratione
1321 3072 1429 3111 non
1469 3057 1648 3112 solum
1681 3074 1932 3130 magnam

353 3146 672 3200 varietatem
717 3145 826 3201 illis
875 3162 959 3215 ps.
1015 3148 1239 3217 adjecit,
1291 3165 1481 3204 verum
1530 3151 1934 3220 quodammodo

350 3238 517 3291 etiam
556 3237 916 3291 dramaticum
943 3239 1074 3301 vim,
1107 3255 1232 3294 cum
1274 3241 1577 3310 praesertim
1613 3257 1801 3298 eorum
1843 3259 1933 3298 ra-

351 3328 536 3383 tiones
595 3328 1016 3384 accuratissime
1080 3331 1357 3399 reperisse
1393 3340 1448 3387 et
1481 3334 1800 3390 enucleasse
1829 3336 1934 3391 sibi

351 3418 650 3474 videretur.
681 3418 760 3473 Ad
787 3420 892 3473 tria
927 3437 1057 3476 vero
1089 3437 1171 3491 ps.
1211 3424 1566 3492 prophetieos
1596 3426 1803 3480 retulit.
1829 3427 1934 3481 Alii

349 3509 497 3564 enim
533 3509 600 3564 ad
623 3509 833 3565 cladem
865 3518 1117 3580 spectant
1166 3510 1366 3567 lliskize
1415 3520 1661 3582 tempore
1690 3513 1936 3586 Assyriis

351 3618 382 3656 ι
408 3601 517 3658 Deo
545 3601 831 3665 inﬂict’aln,
865 3619 948 3672 ps.
982 3619 1126 3657 xxxII
1161 3603 1254 3675 (——-
1282 3607 1641 3676 προφητεύων
1671 3637 1738 3649 -
1773 3607 1938 3662 Δαϐὶδ

351 3692 543 3764 ῶσπερ
571 3693 693 3746 τινὰ
725 3694 990 3748 ἐπινίκιον
1020 3695 1188 3766 ὕμνον
1205 3727 1269 3738 -—
1293 3697 1385 3751 τὸν
1408 3697 1624 3768 ψαλμὸν
1649 3699 1934 3770 ἅνεὸόησε.

351 3812 420 3823 --
457 3781 521 3838 ν.
552 3782 716 3838 Cord.
749 3784 872 3841 Cat.
913 3785 954 3850 l,
981 3803 1034 3856 p.
1090 3787 1239 3857 574),
1273 3804 1348 3850 ιι,
1383 3805 1477 3853 Lll,
1508 3805 1602 3843 LIII
1630 3793 1705 3858 (v.
1741 3791 1778 3847 1.
1809 3792 1844 3845 l.
1872 3789 1935 3857 ll,

351 3891 406 3945 p.
438 3875 491 3941 7,
514 3875 606 3938 25,
631 3875 720 3945 55)
747 3894 761 3942 ;
795 3891 956 3930 Lxxw
983 3878 1074 3947 (—
1096 3879 1428 3948 προφητεύει
1465 3910 1535 3920 —-—
1567 3881 1644 3944 ώς
1673 3882 1738 3934 ὲκ
1765 3898 1940 3952 προσ-

349 3968 502 4021 ώπου
523 3968 704 4021 κοινοῦ
735 3968 957 4021 πάντων
984 3968 1082 4038 τὴν
1111 3969 1470 4040 εὐχαριστίαν
1496 4001 1564 4012 —-
1594 3971 1941 4040 ἀναφθεγγό-

353 4077 534 4130 μενος.
567 4058 632 4112 γ.
674 4060 790 4125 1.1.,
826 4057 889 4120 ιι,
942 4075 993 4130 p.
1029 4061 1198 4130 550);
1255 4062 1344 4115 alii
1383 4063 1450 4116 ad
1496 4078 1583 4117 res
1625 4063 1938 4117 Judaaorum

350 4152 732 4223 Babylonicas,
786 4167 869 4222 ps.
909 4168 1011 4206 ιιι
1059 4153 1544 4223 (-προαγορεύει
1579 4152 1668 4224 [ὲκ
1691 4154 1785 4207 τοῦ
1810 4155 1939 4208 λαοῦ

350 4241 525 4310 λέγων
574 4239 891 4311 προσώπου]
941 4269 1011 4280 -
1052 4242 1152 4293 ὅσα
1213 4257 1276 4293 τε
1335 4242 1430 4294 καὶ
1479 4237 1565 4294 οἷα
1625 4242 1939 4306 πείσονται,

350 4333 526 4401 λέγων
555 4332 650 4384 καὶ
679 4331 762 4384 ὅτι
787 4332 868 4394 εἰς
899 4330 1184 4401 διόρθωσιν
1216 4331 1400 4394 αὐτοῖς
1425 4331 1581 4386 ἔσται
1606 4332 1701 4386 τοῦ
1734 4333 1850 4403 βίου
1871 4334 1940 4388 τὰ

348 4424 456 4478 τῶν
492 4420 810 4494 συμφορῶν,
847 4421 1221 4476 ὑπαινίττεται
1257 4422 1315 4475 δὲ
1345 4423 1462 4492 ἅμα
1488 4422 1583 4476 καὶ
1614 4422 1714 4494 τὴν
1742 4424 1937 4480 ἐπάνο-
1969 4452 2015 4508 D

343 4517 453 4572 δον.
488 4515 552 4570 ν.
584 4516 622 4571 l.
651 4516 687 4570 Ι.
717 4515 946 4586 ρ.458);
974 4531 1118 4570 usu
1149 4514 1239 4584 (—
1264 4514 1339 4578 ὼς
1366 4517 1432 4569 ὲκ
1471 4514 1761 4587 προσώπου
1791 4517 1936 4570 Exst-

345 4626 450 4662 νων
488 4608 758 4677 λέγοντος,
789 4603 878 4662 οἷα
922 4607 1069 4671 εἰκὸς
1096 4603 1164 4678 ἦν
1200 4608 1259 4660 ὲν
1289 4607 1368 4678 τῷ
1399 4607 1577 4678 καιρῷ
1611 4608 1713 4678 τῆς
1733 4611 1936 4679 αἰχμα-

345 4699 548 4762 λωσίας
568 4699 790 4753 καὶτῶν
822 4699 1117 4769 συμφορῶν
1145 4700 1341 4760 αὐτοὺς
1379 4699 1772 4768 λογισαμένους
1811 4701 1934 4753 ἀτο-

347 4791 576 4844 πώτατὰ
596 4807 656 4842 τε
681 4791 775 4842 καὶ
805 4789 1034 4858 ἀπρεπῆ
1064 4789 1194 4858 περὶ
1213 4787 1350 4840 Θεοῦ
1379 4788 1814 4857 μεταγινώσκειν
1841 4791 1934 4844 ἐπὶ

347 4884 558 4946 τούτοις
591 4881 729 4952 μετὰ
754 4880 853 4950 τὴν
883 4880 1158 4934 ἐπάνοδον.
1192 4896 1244 4934 v.
1267 4881 1302 4933 l.
1329 4880 1368 4934 Ι.
1389 4896 1423 4949 p
1468 4880 1627 4951 497);
1661 4897 1823 4936 LXXVI
1845 4882 1934 4953 (—

350 4975 498 5044 λέγει
522 5003 594 5017 -
610 4973 720 5028 ἀπὸ
758 4972 853 5026 τοῦ
883 4971 1106 5024 ἐκείνων
1125 4970 1418 5042 προσώπου
1443 4971 1645 5026 ὡσανεὶ
1681 4972 1821 5040 μετὰ
1841 4973 1939 5045 τὴν

351 5067 606 5122 ἐπάνοδον
641 5063 910 5134 λεγόντων
939 5063 1007 5115 τὰ
1034 5061 1154 5114 τότε
1184 5061 1472 5133 συμϐάντα
1495 5064 1592 5118 καὶ
1613 5063 1732 5118 τίνα
1759 5064 1939 5132 ἐλογίο

353 5175 546 5215 σαντο·
575 5176 625 5215 v.
659 5157 698 5212 l.
730 5158 793 5222 l.,
832 5173 886 5228 p.
911 5155 1074 5222 588);
1104 5170 1168 5208 LX
1199 5154 1684 5226 (-προαγορεύει
1705 5189 1774 5198 —
1798 5156 1939 5211 οὕτω

352 5252 442 5306 τὸν
473 5251 686 5321 ψαλμὸν
715 5247 977 5317 ἐκφωνῶν
1009 5247 1211 5300 ὡσανεὶ
1253 5246 1547 5299 αἰτούντων
1585 5248 1809 5301 ἐκείνων
1847 5267 1939 5302 τυ·-

355 5347 468 5415 χείν
497 5342 597 5412 τῆς
635 5339 730 5393 τοῦ
760 5338 897 5392 Θεοῦ
935 5336 1187 5409 βοηθείας
1227 5336 1363 5408 ὁμοῦ
1403 5339 1496 5390 καὶ
1543 5337 1640 5410 τὴν
1678 5341 1933 5394 ἐπάνοδον

355 5430 890 5506 προῢπισχνούμενος
911 5447 922 5459 '
964 5445 1019 5484 v.
1045 5429 1080 5482 I.
1108 5428 1169 5496 1.,
1203 5445 1255 5498 p.
1294 5429 1416 5500 I98)
1441 5447 1454 5495 ;
1476 5445 1603 5484 LXIV
1633 5430 1652 5502 (
1677 5462 1736 5471 —
1768 5451 1934 5504 προα-

356 5524 772 5599 γορεύων-ὲκ
821 5520 917 5575 τοῦ
965 5518 1188 5574 ἐκείνων
1242 5521 1536 5592 προσώπου
1567 5522 1739 5576 ταῦτὰ
1777 5543 1938 5595 φησιν

358 5617 500 5688 ἆπερ
531 5615 705 5668 εἰπεῖν
733 5613 914 5676 αὐτοῖς
935 5612 1210 5682 ἥρμοττεν
1231 5613 1330 5681 τῆς
1359 5609 1616 5668 ἐπανόδου
1655 5615 1938 5685 μέλλουσιν

427 5779 503 5850 (a)
533 5776 619 5837 Cf.
653 5775 818 5835 Cord.
848 5776 969 5834 Cat.
997 5772 1062 5841 ll,
1088 5791 1140 5847 ρ.
1174 5773 1300 5829 265.

2051 1856 2546 1928 (Προαγορεύων-
2563 1856 2829 1928 διηγεῖται
2861 1857 2969 1911 τῶν
2995 1857 3289 1928 συμφορῶν
3314 1859 3373 1912 τὸ
3408 1859 3638 1929 μέγεθος
3741 1863 3746 1867 ’

2046 1980 2116 1989 -
2150 1949 2393 2020 συνήθως
2452 1950 2633 2020 μέντοι
2668 1953 2744 2014 ὡς
2771 1952 2848 2018 ’ἐξ
2897 1953 3123 2006 ἐκείνων
3147 1971 3160 1984 ⁸
3207 1986 3274 1997 -
3303 1971 3356 2008 v.
3402 1957 3437 2010 Ι.
3484 1956 3542 2016 1.,
3577 1971 3632 2024 p.

2047 2039 2171 2106 595,
2205 2040 2359 2110 660);
2388 2057 2577 2106 LXXIII,
2603 2059 2770 2097 LXXIX
2799 2043 2942 2113 (Τῶν
2972 2045 3312 2099 Μακαόαίων
3339 2075 3406 2086 —
3437 2047 3638 2117 διηγεῖ-

2046 2143 2134 2180 ται
2162 2129 2260 2192 τὰς
2286 2126 2588 2202 συμφορὰς,
2617 2133 2692 2194 ῶς
2725 2133 2791 2187 ἂν
2814 2135 3040 2188 ἐκείνων
3064 2136 3330 2205 λεγόντων
3367 2139 3427 2191 τό
3451 2156 3510 2192 τε
3535 2140 3635 2210 μέ-

2046 2219 2202 2286 γεθος
2239 2221 2475 2275 τῶντότε
2507 2225 2867 2298 περιεχόντων
2898 2228 3095 2290 αὐτοὺς
3125 2229 3310 2283 κακῶν
3339 2229 3434 2283 καὶ
3459 2229 3636 2284 ἁπαλ-

2044 2310 2276 2382 λαγῆναι
2313 2313 2405 2366 τὸν
2451 2314 2570 2369 θεὸν
2609 2318 2702 2369 ἐπὶ
2738 2317 2952 2382 τούτοις
2974 2319 3268 2383 ἀξιούντων
3291 2339 3305 2354 ⁸
3335 2339 3387 2378 v.
3421 2324 3538 2387 1.1.,
3577 2338 3636 2393 p.

2049 2400 2175 2466 529,
2213 2400 2358 2474 675).
2389 2403 2659 2460 Caeterum
2694 2422 2790 2464 eos
2819 2411 2982 2463 etiam
3027 2426 3260 2480 quorum
3289 2414 3481 2469 eadem
3514 2422 3638 2469 erat

2047 2493 2324 2559 ὑπόθεσις,
2353 2512 2421 2551 eo
2461 2496 2786 2554 Theodorus
2827 2501 3124 2555 admodum
3177 2505 3431 2570 variavit,
3485 2506 3637 2572 quod

2043 2583 2226 2639 varias
2245 2586 2311 2640 iis
2337 2587 2581 2642 subdidit
2605 2591 3240 2648 rationes.Aliosdeinde
3254 2596 3496 2663 psalmos
3517 2597 3638 2666 ipse

2040 2685 2095 2729 et
2122 2676 2265 2730 Iu'cos
2291 2679 2602 2747 appellavit,
2631 2681 2834 2750 quibus
2876 2679 3110 2738 Davides
3166 2684 3329 2738 modo
3377 2687 3638 2744 omnibus

2043 2766 2358 2825 hominibus
2388 2770 2493 2841 (ps.
2525 2772 2738 2843 XLVIII),
2761 2775 2922 2830 modo
2951 2776 3084 2830 solis
3119 2775 3322 2833 Judaeis
3347 2777 3451 2848 (ps.
3471 2795 3634 2846 XLIX;

2040 2873 2092 2912 v.
2137 2859 2174 2912 l.
2205 2858 2242 2912 1.
2286 2857 2328 2923 l,
2361 2876 2415 2929 p.
2442 2861 2589 2926 965;
2630 2877 2683 2931 p.
2717 2877 2926 2927 Lxxvtl,
2962 2880 3015 2917 ν.
3046 2865 3082 2917 l.
3117 2865 3154 2918 l.
3187 2863 3249 2932 ll,
3275 2883 3328 2936 p.
3361 2867 3488 2938 651)
3525 2869 3639 2924 vir-

2040 2949 2172 3005 tutis
2194 2951 2434 3005 studium
2459 2953 2922 3009 commendasset.
2966 2955 3071 3010 Sed
3108 2957 3305 3010 horum
3335 2961 3501 3013 etiam
3537 2975 3630 3013 ra-

2039 3040 2116 3094 tio
2163 3041 2307 3095 inter
2353 3056 2413 3096 se
2448 3042 2605 3096 valde
2641 3043 2861 3099 diversa
2897 3055 3036 3100 erat.
3082 3047 3333 3112 Quatuor
3386 3049 3632 3121 denique

2040 3132 2282 3202 psalmos
2341 3137 2630 3188 messianos
2662 3136 2847 3190 habuit
2883 3136 2989 3208 (ps.
3024 3154 3146 3192 VIII.
3181 3138 3377 3195 Leont.
3415 3141 3468 3195 in
3503 3141 3632 3198 Mai.

2039 3225 2078 3279 l.
2111 3225 2146 3278 l.
2209 3223 2295 3291 Vl,
2341 3241 2389 3295 ι).
2430 3227 2572 3289 5H;
2613 3228 2734 3282 Aet.
2776 3244 2935 3284 conc.
2985 3229 3179 3286 Const.
3219 3248 3280 3298 II,
3334 3250 3406 3300 Iv,
3442 3235 3543 3302 l9;
3579 3253 3633 3290 vv.

2040 3331 2095 3386 p.
2126 3316 2236 3383 94;
2283 3333 2365 3387 ps.
2410 3334 2572 3385 xuv;
2627 3336 2678 3373 v.
2734 3320 2860 3374 Fac.
2906 3337 2980 3384 Ix,
3026 3322 3096 3391 l).
3135 3322 3253 3376 Non
3302 3325 3442 3379 satis
3485 3336 3637 3382 recte

2041 3410 2236 3468 Leont.
2266 3412 2538 3482 (Galland.
2561 3413 2703 3468 Bibl.
2728 3413 2843 3479 Xll,
2879 3415 3104 3484 p.687):
3144 3418 3364 3473 «Omnes
3392 3421 3634 3489 psalmos

2039 3501 2266 3558 Judaice
2287 3504 2354 3557 ad
2387 3503 2775 3560 Zorobabelem
2807 3515 2861 3560 et
2887 3507 3176 3562 Ezechiam
3221 3510 3434 3574 retulit,
3463 3511 3632 3565 tribus

2040 3602 2254 3648 tantum
2310 3595 2378 3648 ad
2433 3595 2726 3650 Dominum
2769 3596 3009 3666 rejectis.
3046 3619 3062 3650 ι
3101 3600 3232 3653 Nam
3277 3601 3634 3656 Theodorum

2041 3686 2188 3741 haud
2229 3687 2393 3744 dubie
2437 3697 2663 3743 secutus
2697 3695 2782 3745 est
2807 3689 3039 3746 Cosmas
3089 3691 3351 3764 lndicopl.
3401 3696 3437 3749 l.
3485 3695 3547 3760 1.,
3575 3709 3629 3765 p.

2041 3777 2146 3832 483
2165 3795 2178 3830 :
2198 3780 2304 3830 -ὁ
2323 3777 2486 3832 Δαυῒδ
2518 3775 2722 3848 ἢξιώθη
2757 3780 2820 3831 ἐκ
2853 3781 3166 3850 πνεύματος
3196 3787 3482 3854 προειπεῖν
3501 3785 3636 3858 περὶ

2040 3869 2136 3923 τοῦ
2167 3871 2438 3924 Δεσπότου
2469 3870 2707 3942 Χριστοῦ
2739 3871 2990 3943 ψαλμοὺς
3020 3873 3084 3926 δ”
3107 3874 3199 3927 τὸν
3222 3874 3284 3944 β’,
3319 3877 3413 3928 καὶ
3438 3877 3529 3930 τὸν
3558 3885 3631 3948 η’,

2043 3962 2137 4014 καὶ
2168 3962 2259 4015 τὸν
2315 3960 2420 4031 μδ’,
2480 3962 2694 4015 καὶτὸν
2729 3963 2830 4033 ρθ⁹,
2874 3964 3030 4028 ὅλους
3076 3967 3204 4029 τοὺς
3228 3967 3268 4020 δ’
3296 3967 3364 4020 δι’
3402 3969 3524 4021 ὅλου
3553 3972 3636 4032 εἰς

2043 4051 2204 4106 αὐτὸν
2235 4051 2492 4124 εἰρηκώς.
3459 4039 3468 4047 ’

2112 4140 2231 4196 Jam
2250 4157 2346 4198 eos
2377 4145 2620 4213 psalmos
2652 4147 2908 4202 recensui
2946 4147 3014 4203 de
3051 4148 3254 4217 quibus
3291 4150 3425 4220 quid
3451 4151 3636 4207 Theo-

2042 4237 2212 4294 dorus
2233 4240 2490 4296 statuerit
2520 4256 2586 4295 ex
2620 4241 2939 4312 fragmentis
2962 4245 3336 4314 cognoscitur.
3367 4243 3506 4298 Eum
3549 4261 3641 4301 re-

2043 4330 2226 4400 liquos
2254 4331 2420 4385 etiam
2455 4332 2522 4387 ad
2565 4343 2804 4402 quatuor
2850 4335 2942 4388 illa
2967 4350 3168 4405 genera
3204 4337 3464 4393 retulisse
3496 4339 3639 4394 satis

2044 4423 2305 4479 credibile
2328 4430 2432 4480 est.
2469 4423 2556 4480 CI.
2593 4410 2934 4481 Cosm.‘lnd.
2990 4428 3027 4482 l.
3064 4428 3128 4492 l.,
3162 4446 3217 4500 p.
3247 4429 3394 4482 483:
3439 4430 3639 4484 Ἦνίκα

2041 4546 2112 4557 --
2140 4516 2374 4570 ἐκινεῖτο
2407 4517 2471 4572 ὲκ
2501 4516 2594 4570 τοῦ
2617 4517 2926 4588 πνεύματος
2954 4519 3216 4592 προεῖπεν
3242 4537 3303 4572 τε
3333 4520 3366 4592 ἢ
3391 4521 3642 4592 περὶτῆς

2043 4610 2424 4680 αἰχμαλωσίας
2450 4608 2543 4662 τοῦ
2573 4610 2723 4675 λαοῦ,
2756 4611 2789 4680 ἢ
2832 4612 2958 4680 περὶ
3001 4612 3102 4682 τῆς
3136 4613 3393 4666 ἐπανόδου
3430 4615 3637 4677 αὐτῶν,

2043 4701 2076 4769 ἢ
2110 4700 2236 4770 περὶ
2274 4701 2420 4770 ἠθῶν
2469 4701 2845 4767 διδασκαλικὰ,
2887 4702 2918 4772 ἢ
2961 4705 3090 4774 περ).
3123 4706 3398 4776 προνοίας,
3507 4709 3641 4778 περὶ

2043 4789 2140 4841 τοῦ
2193 4790 2464 4843 Δεσπότου
2512 4791 2770 4860 Χριστοῦ.
2813 4791 3052 4850 Omnino
3095 4811 3224 4850 vero
3260 4812 3456 4854 omnes
3488 4801 3639 4868 psal»

2044 4897 2185 4947 mos,
2250 4885 2500 4953 quamvis
2562 4899 2661 4939 sua
2695 4887 2898 4956 cuique
2931 4889 3197 4956 primaria
3252 4891 3396 4945 ratio
3444 4907 3510 4946 ac
3552 4893 3643 4948 vis

2043 4971 2262 5039 fuisset,
2295 4975 2363 5029 ad
2399 4977 2644 5030 omnium
2667 4977 2961 5064 utilitatem
2992 4982 3334 5051 compositos
3352 4997 3475 5037 esse
3501 4998 3641 5037 cen-

2041 5065 2172 5119 suit.
2209 5063 2293 5118 Cf.
2325 5064 2492 5121 Cord.
2528 5065 2647 5121 Cat.
2679 5065 2744 5133 ll,
2787 5066 3007 5137 p.496;
3045 5067 3088 5133 l,
3123 5086 3180 5142 p.
3208 5073 3333 5126 575.
3362 5072 3643 5128 Cancrum

2041 5155 2095 5210 in
2128 5156 2543 5227 interpretando
2575 5174 2727 5214 more
2760 5174 2863 5214 suo
2893 5169 3149 5218 versatus
3171 5171 3278 5219 est.
3315 5162 3454 5220 Fere
3494 5168 3643 5219 scri-

2040 5246 2214 5314 ptoris
2244 5249 2573 5302 sententiam
2596 5249 2722 5305 aliis
2749 5251 2934 5306 verbis
2950 5253 3190 5322 repetiit,
3212 5255 3304 5309 sed
3336 5255 3641 5326 imaginum

2045 5339 2352 5409 linguazque
2382 5341 2626 5396 rationes
2669 5342 2982 5397 accuratius
3023 5344 3340 5414 explicavit,
3400 5346 3644 5416 ideoque

2045 5432 2099 5486 in
2135 5431 2220 5488 his
2247 5432 2478 5489 lectores
2510 5433 2709 5503 sacpius
2738 5435 2805 5489 ad
2837 5435 3378 5492 hoscommentarios
3412 5439 3638 5508 allegat.

2121 5521 2371 5578 Profecto
2408 5541 2602 5580 novam
2652 5527 2795 5580 viam
2836 5525 3162 5584 Theodorus
3203 5529 3278 5582 ita
3307 5537 3645 5599 persecutus

2050 5629 2152 5680 est,
2178 5625 2236 5671 ut
2261 5627 2505 5675 nostram
2538 5617 2954 5676 admirationem
2992 5620 3048 5675 in
3082 5636 3141 5676 se
3164 5637 3270 5677 non
3306 5630 3645 5680 convertere
