3920 6130
371 291 438 344 35
1237 304 1536 368 OTTONIS
1569 311 1749 366 riuo.
1793 304 2183 363 rmrzscns
2222 297 2724 360 COMMENTATIO

3571 297 3640 354 35

387 436 502 493 bris
529 433 798 496 distinxit,
828 443 1058 500 quorum
1090 427 1318 497 primus,
1344 427 1537 480 I’ltotio
1566 433 1721 488 teste,
1747 430 1952 490 septem
1986 425 2029 477 A
2059 418 2263 487 optime
2322 416 2649 474 illustrabat,
2685 428 2784 467 nec
2829 412 3052 473 mirum,
3087 409 3237 479 quod
3267 411 3320 463 in
3345 409 3642 479 reprehen-

387 529 552 585 tomis
601 525 910 580 constabat.
945 521 1260 574 Tillemont.
1302 519 1338 572 Ι.
1385 519 1422 570 l.
1471 533 1522 586 p.
1561 515 1665 568 415
1694 529 1707 565 :
1739 533 1757 564 ‹
1793 527 1956 564 ——un

388 617 578 686 (tome)
613 629 741 670 sans
795 613 958 666 doute
983 625 1122 678 pour
1147 607 1361 676 ehaque
1409 607 1555 675 jour.
1596 625 1614 656 ι
1638 603 1960 657 Theodorus

387 724 512 766 cum
570 708 766 761 librum
809 704 884 758 ita
917 701 1298 770 distingueret,
1342 698 1508 764 haud
1553 696 1717 750 dubie
1766 694 1956 763 primae

389 797 743 856 hebdomadis
789 795 1056 850 rationem
1111 791 1319 845 habuit.
1350 789 1436 844 Cf.
1466 797 1540 844 ct.
1574 787 1760 859 Cyrill.
1803 787 1958 840 Alex.

373 893 483 948 'Iib.
519 905 598 945 vn
630 887 1017 957 Glaphyrorum
1049 886 1103 938 in
1131 882 1375 937 ϐοηθοίη.

459 1027 628 1081 Recte
651 1024 814 1078 Phot.
841 1037 890 1076 c.
921 1019 1009 1080 58,
1031 1018 1122 1073 ubi
1145 1017 1245 1087 τὴν
1275 1013 1568 1086 ἑρμηνείαν
1596 1011 1698 1081 τῆς
1728 1009 1962 1070 κτίσεως

400 1117 735 1180 memoravit,
759 1114 856 1184 τὴν
871 1113 929 1166 δὲ
960 1111 1178 1181 φράσιν,
1206 1107 1403 1176 inquit,
1436 1103 1560 1156 οὔτε
1589 1101 1841 1173 λαμπρὸς
1863 1099 1960 1169 (sc.

389 1209 480 1277 ὃ.)
508 1205 633 1260 οὕτε
677 1205 796 1257 λίαν
847 1201 1042 1271 σαφὴς,
1092 1198 1306 1267 φεύγων
1333 1197 1390 1249 δὲ
1427 1195 1516 1248 τὸν
1551 1194 1774 1247 δυνατὸν
1818 1189 1966 1260 αὐτῷ

391 1298 592 1368 τρόπον
631 1294 729 1356 τὰς
773 1289 1100 1360 ἀλληγορίας
1153 1287 1246 1340 καὶ
1292 1284 1432 1338 κατὰ
1468 1283 1566 1354 τὴν
1597 1283 1840 1353 ἱστορίαν
1868 1281 1966 1352 τὴν

394 1390 686 1463 ἑρμηνείαν
709 1383 1044 1453 ποιούμενος.
1076 1379 1404 1445 Ταυτολογεῖ
1427 1377 1485 1429 δὲ
1511 1375 1582 1428 τὰ
1607 1375 1838 1428 πλεῖστα
1869 1374 1967 1429 καὶ

393 1483 586 1554 ἄχαρίς
610 1497 726 1543 πως
753 1479 846 1530 καὶ
864 1473 1030 1544 ἀηδὴς
1049 1468 1186 1526 εἶναι
1220 1471 1386 1533 δοκεῖ,
1405 1469 1540 1523 ἀλλὰ
1559 1468 1652 1521 καὶ
1680 1468 1740 1521 τὸ
1767 1468 1969 1521 Νεστο-

395 1575 510 1647 ρίου
565 1571 760 1640 δόγμα,
800 1567 849 1619 εἰ
893 1566 986 1620 καὶ
1020 1563 1126 1636 πρὸ
1167 1560 1462 1630 Νεστορίω
1498 1559 1764 1629 ὑπῆρχεν,
1798 1557 1969 1627 ὑπερ-

393 1663 712 1733 ευγόμενος·
789 1672 891 1717 nec
966 1656 1149 1710 minus
1225 1662 1405 1706 tamen
1475 1657 1623 1704 recte
1703 1649 1970 1704 Ebediesu

392 1750 845 1810 commentarium
882 1748 1032 1801 illum
1067 1741 1324 1797 methodo
1353 1748 1405 1795 et
1440 1739 1814 1809 speculatione
1856 1739 1973 1794 ela-

395 1850 648 1903 boratum
700 1849 878 1897 vocat.
934 1833 1196 1903 Quamvis
1251 1833 1395 1886 enim
1447 1831 1502 1882 in
1554 1843 1620 1884 eo
1671 1829 1871 1899 stylum
1921 1831 1976 1880 et

397 1937 698 1996 sententias
744 1932 1008 2002 quasdam
1043 1927 1168 1996 jure
1203 1920 1652 1993 reprehenderes,
1681 1919 1754 1972 ita
1792 1926 1976 1973 tamen

396 2031 458 2086 ni
505 2028 663 2082 fallor
718 2027 1069 2091 comparatus
1121 2022 1260 2079 erat,
1303 2021 1363 2068 ut
1411 2029 1476 2068 ex
1523 2027 1588 2068 eo
1629 2009 1976 2080 potissimum

397 2119 531 2191 quid
579 2114 902 2170 Theodorus
963 2104 1378 2177 interpretando
1431 2111 1486 2158 et
1544 2099 1976 2170 philosophando

401 2189 605 2280 posset,
651 2209 959 2274 appareret,
994 2198 1160 2266 idque
1202 2210 1309 2249 non
1347 2193 1656 2257 miraberis,
1709 2191 1756 2244 si
1787 2189 1977 2258 quanti

400 2313 516 2357 tum
579 2297 815 2352 Genesin
880 2292 1111 2348 fecerint
1167 2303 1231 2344 ac
1273 2302 1434 2358 quam
1492 2284 1660 2339 multa
1697 2299 1762 2339 ex
1803 2298 1866 2340 ea
1896 2297 1979 2337 re-

402 2392 653 2464 petierint
702 2388 871 2458 probe
933 2381 1307 2454 perpenderis.
1365 2378 1472 2434 Pro
1529 2377 1745 2432 diverso
1794 2383 1974 2430 autem

401 2489 720 2555 argumento
771 2476 1005 2532 Genesin
1036 2513 1050 2540 ,
1101 2471 1214 2528 'cui
1264 2483 1532 2528 summam
1600 2467 1975 2522 auctoritatem

403 2575 612 2636 tribuit,
643 2572 858 2626 diverse
897 2569 1290 2634 interpretatus
1331 2571 1435 2616 est.
1499 2559 1616 2628 Ipse
1663 2555 1883 2626 quidem
1922 2555 1977 2607 in

403 2669 472 2724 iis
508 2681 629 2736 qua:
678 2663 745 2718 de
782 2659 972 2716 mundi
1028 2658 1238 2728 origine
1279 2656 1453 2723 deque
1500 2650 1813 2705 hominibus
1843 2663 1980 2704 non-

403 2760 532 2814 dum
586 2754 847 2826 dispersis
901 2748 1240 2819 disputavit,
1305 2744 1584 2800 Geneseos
1651 2740 1979 2796 auctoritate

405 2851 503 2907 niti
536 2850 639 2904 sibi
662 2848 814 2902 visus
837 2853 941 2908 est,
965 2841 1236 2914 permulta
1263 2849 1446 2894 tamen
1473 2839 1542 2892 ab
1571 2851 1633 2892 ea
1665 2837 1840 2892 aliena
1861 2850 1980 2905 pro-

405 2944 547 3006 tulit,
579 2955 699 3011 qure
720 2954 831 2992 non
860 2946 970 2990 tam
1004 2951 1070 2990 ex
1093 2949 1156 2989 ea
1196 2933 1404 2997 elicuit,
1441 2945 1604 3001 quam
1641 2928 1862 2983 aliunde
1883 2943 1977 2982 ac-

405 3031 550 3102 cepit
575 3034 672 3101 (α).
700 3029 1021 3096 Quanquam
1056 3039 1180 3078 cum
1211 3022 1395 3078 verbis
1416 3022 1567 3091 justo
1592 3020 1767 3088 magis
1811 3017 1980 3072 inhae-

2068 509 2275 562 sioncm
2314 507 2543 560 incurrit
2575 520 2638 557 ac
2661 502 2923 573 temporis
2956 502 3156 571 injuria
3192 501 3417 554 interiit.
3453 501 3644 570 Itaque

2067 616 2132 655 ex
2162 598 2429 653 sententia
2479 597 2638 651 nobis
2671 595 2885 666 obtigit,
2933 591 3078 663 quod
3111 585 3352 646 Joannes
3387 591 3652 660 Philone-

2069 705 2173 743 nus
2212 688 2371 757 (Περὶ
2405 685 2775 754 κοσμοποίας
2820 685 2953 753 λόγ.
2994 683 3165 748 ἑπτά,
3209 683 3460 738 Gallaud.
3501 683 3644 736 Bibl.

2069 779 2183 843 XII,
2221 795 2274 848 p.
2309 779 2407 832 HI
2446 793 2554 847 sq.,
2588 777 2681 847 qui
2715 777 2851 830 liber
2881 790 2987 829 non
3025 783 3150 828 ante
3184 789 3234 828 a.
3259 773 3364 827 6I0
3399 774 3644 842 seriplus

2070 870 2176 937 est)
2209 869 2561 923 vehementer
2608 882 2740 922 sane
2769 867 2824 920 in
2864 864 3235 928 Theodorum,
3265 864 3646 918 inauditoruut

2071 967 2329 1023 satorem,
2381 959 2630 1012 invectus
2670 964 2775 1012 est.
2814 956 3180 1025 Praeterquam
3216 956 3361 1009 enim
3409 954 3557 1024 quod
3580 969 3651 1008 ex

2070 1052 2192 1119 ejus
2237 1051 2294 1102 in
2332 1047 2554 1103 δεηθείη
2593 1049 2991 1104 commentario
3031 1047 3292 1100 nonnulla
3347 1047 3646 1116 excerpsit,

2072 1157 2386 1215 quanquam
2435 1157 2547 1196 non
2597 1141 2822 1211 ubique,
2873 1148 2936 1193 ut
2985 1139 3221 1205 videtur,
3273 1141 3338 1192 ad
3384 1140 3648 1201 verbum,

2074 1235 2229 1303 plura
2262 1231 2425 1287 etiam
2455 1231 2800 1293 memoravit,
2823 1244 2946 1297 qua:
2986 1229 3052 1282 ad
3083 1230 3202 1297 ejus
3227 1229 3534 1282 doctrinam
3565 1225 3652 1280 fa—

2073 1323 2244 1378 ciant.
2268 1321 2353 1376 Cf.
2379 1337 2417 1383 ι,
2453 1319 2833 1390 12(b);n,21,
2867 1333 3000 1382 xxu,
3023 1318 3084 1384 ὃς
3107 1334 3180 1382 ix,
3216 1317 3302 1382 10,
3337 1317 3422 1372 11.
3462 1316 3652 1386 Neque

2075 1416 2164 1469 hic
2178 1412 2551 1484 praetereunda
2564 1410 2776 1466 Cosma:
2788 1409 3426 1478 Indicopl.Topographia
3446 1407 3650 1463 Christ.

2075 1503 2325 1560 Galland.
2352 1502 2518 1568 Bibl.,
2554 1499 2646 1565 XI,
2666 1516 2721 1569 p.
2744 1501 2842 1554 401
2880 1517 2987 1568 sq.,
3014 1499 3216 1567 scripta
3233 1497 3402 1552 ferme
3441 1505 3564 1567 post
3597 1512 3649 1551 a.

2077 1597 2202 1664 555,
2233 1596 2300 1650 de
2332 1609 2439 1664 qua
2485 1608 2593 1647 non
2621 1593 2754 1647 satis
2784 1598 2932 1645 recte
2977 1590 3134 1644 Phot.
3185 1606 3234 1644 c.
3266 1589 3335 1644 36
3364 1590 3650 1658 judicavit.

2077 1688 2332 1743 Cosmam
2370 1683 2752 1739 Nestorianum
2777 1681 2948 1736 fuisse
2982 1689 3037 1735 et
3074 1681 3132 1734 in
3174 1680 3364 1735 multis
3396 1679 3654 1735 Theodo-

2007 1787 2049 1841 B
2074 1793 2195 1832 rum
2211 1791 2334 1831 esse
2355 1781 2605 1830 secutum
2626 1773 2837 1842 primus
2858 1779 3006 1826 recte
3033 1771 3344 1826 observavit
3377 1771 3448 1824 La
3475 1771 3655 1826 Croze

2045 1864 2756 1937 ~(Hist.duChristianisme
2797 1861 2887 1916 des
2923 1861 3104 1926 Indos,
3140 1862 3181 1927 I,
3214 1878 3271 1930 p.
3299 1863 3368 1916 40
3398 1864 3536 1931 sq.);
3566 1862 3654 1914 id-

2077 1972 2183 2028 que
2216 1956 2390 2026 magis
2442 1954 2511 2008 iis
2565 1953 2814 2008 ﬁrmatur
2855 1969 2977 2023 quae
3019 1953 3227 2008 Semler
3269 1952 3437 2022 (Hist.
3462 1953 3650 2009 ecclcs.

2078 2047 2271 2100 selecto
2306 2045 2484 2112 capita
2511 2045 2552 2110 I,
2578 2060 2633 2114 p.
2663 2045 2761 2098 421
2797 2046 2906 2115 sq.)
2939 2061 3003 2100 ex
3041 2045 3406 2116 Topographia
3435 2045 3522 2098 illa
3553 2062 3656 2097 ex-

2077 2139 2302 2208 cerpsit,
2333 2151 2646 2207 quanquam
2673 2138 2988 2192 accuratius
3036 2138 3199 2191 etiam
3230 2136 3414 2190 doceri
3450 2144 3652 2205 potest.

2081 2231 2186 2286 Sed
2212 2245 2338 2284 cum
2369 2228 2692 2284 Theodorus
2720 2238 2774 2283 et
2797 2229 3046 2294 Cosmas,
3073 2229 3176 2282 etsi
3209 2228 3457 2281 doctrina
3485 2227 3660 2282 simil-

2077 2320 2215 2386 limi,
2241 2319 2535 2374 dissimiles
2563 2326 2746 2373 tamen
2767 2326 2952 2373 essent
2988 2327 3250 2386 tempore,
3289 2317 3468 2371 indole
3491 2327 3659 2386 atque

2079 2413 2406 2474 eruditione,
2459 2425 2612 2480 atque
2649 2425 2782 2466 sane
2824 2411 3128 2480 jucundum
3167 2419 3330 2480 atque
3388 2411 3519 2464 utile
3570 2419 3658 2466 (st

2080 2511 2375 2572 utrumque
2433 2501 2578 2555 inter
2629 2517 2688 2556 se
2737 2517 3086 2570 componere,
3116 2502 3264 2572 quod
3295 2502 3473 2555 alieno
3506 2513 3660 2554 certe

2079 2594 2310 2649 Iocohic
2337 2592 2600 2647 facerem.
2633 2592 2703 2647 Ut
2762 2601 2922 2648 caute
2969 2602 3149 2648 tamen
3189 2593 3335 2647 illam
3390 2593 3664 2661 Topogra-

2078 2687 2279 2757 phiam,
2313 2701 2433 2756 quae
2473 2685 2795 2740 Theodorea
2850 2687 3078 2756 aperiat.
3126 2685 3386 2740 adhibeas
3438 2699 3660 2738 moneo.

2078 2777 2350 2833 Caeterum
2377 2777 2698 2844 conjectura
2737 2777 2882 2831 haud
2922 2777 3263 2846 improbabili
3309 2777 3462 2830 dicas
3489 2774 3666 2830 Joan-

2081 2883 2206 2923 nem
2239 2866 2520 2937 Phil.,qui
2555 2866 2829 2922 Theodori
2858 2868 3094 2924 asseclas
3123 2869 3324 2937 sa‘pius
3361 2867 3558 2938 carpit,
3591 2865 3668 2920 ad

2081 2959 2336 3015 Cosmam
2366 2961 2530 3016 etiam
2569 2961 2900 3030 respexisse.

407 3131 572 3187 reret,
610 3124 726 3192 ipse
782 3120 947 3172 etiam
1005 3115 1177 3169 multa
1222 3115 1357 3168 mira
1401 3129 1466 3168 ex
1503 3128 1568 3168 ea
1592 3109 2051 3190 cruit.Magnac
2153 3115 2484 3185 Priusquam
2540 3117 2652 3186 jam
2710 3117 3084 3172 commentarii
3147 3117 3294 3173 illius
3358 3117 3668 3189 fragmenta

409 3225 589 3270 utem
614 3212 831 3267 licentia
848 3207 1130 3262 historiam
1148 3207 1334 3276 lapsus
1355 3204 1659 3275 primorum
1695 3201 1978 3257 hominum

410 3312 729 3377 persecutus
754 3310 838 3356 est
865 3309 1028 3369 atque
1056 3299 1144 3352 hic
1163 3299 1438 3367 praecipue
1455 3309 1655 3349 vanum
1688 3292 1823 3348 illud
1859 3299 1981 3346 stu-

412 3400 558 3456 dium
587 3395 848 3456 cernitur,
880 3408 989 3462 quo
1009 3391 1173 3446 dubia
1194 3397 1248 3444 et
1274 3389 1431 3458 plane
1450 3389 1661 3441 incerta
1679 3385 1818 3440 mire
1849 3398 1984 3438 con-

411 3489 665 3562 iectando
705 3486 1017 3541 certissima
1070 3481 1328 3538 reddidit.
1384 3479 1554 3534 Multo
1599 3477 1818 3534 brevior
1864 3485 1986 3532 erat

411 3583 634 3637 alterius
691 3579 965 3633 Geneseos
1022 3576 1193 3645 partis
1255 3571 1652 3642 interpretatio,
1712 3569 1985 3638 inprimis

414 3685 636 3747 propter
675 3681 834 3743 typos
883 3668 1274 3725 memorabilis.
1307 3665 1441 3738 Typi
1491 3674 1704 3731 autem,
1741 3679 1881 3734 quos
1930 3664 1986 3717 in

397 3767 696 3838 prophetis
741 3763 908 3819 certis
958 3760 1287 3832 quibusdam
1328 3760 1453 3814 licet
1481 3758 1870 3814 remotioribus
1897 3771 1988 3810 ra-

415 3858 657 3916 tionibus
692 3857 979 3919 nitidicas,
1013 3855 1102 3908 hic
1123 3854 1338 3922 quidem
1371 3853 1486 3907 fere
1513 3869 1540 3904 a
1567 3852 1686 3906 solo
1719 3851 1990 3920 interpre-

414 3951 490 4007 tis
511 3948 739 4004 arbttrio
768 3943 1158 4017 pependerunt.
1188 3943 1328 4009 Quid
1361 3942 1566 3996 multa?
1597 3940 1689 3995 Ille
1711 3954 1990 3994 commen~

420 4041 618 4106 tarius,
657 4040 712 4094 in
741 4053 848 4108 quo
898 4035 1222 4092 Theodorus
1269 4034 1412 4088 haud
1458 4047 1582 4086 raro
1616 4031 1684 4084 de
1709 4031 1796 4083 via
1824 4030 1992 4083 eccle-

418 4132 643 4190 siastica
700 4127 1012 4192 declinavit,
1059 4125 1233 4180 nostri
1294 4123 1532 4178 indolem
1579 4128 1636 4176 et
1676 4119 1981 4174 doctrinam

421 4306 595 4361 tarios
624 4303 938 4359 exaravisse
975 4302 1228 4370 opinatus
1254 4303 1357 4370 est,
1395 4295 1621 4370 alterum
1646 4296 1988 4370 philosophi-

421 4392 546 4433 cum
599 4375 666 4428 ab
730 4365 1030 4432 Ebcdiesu,
1060 4369 1243 4430 Phot.,
1299 4366 1455 4419 Joan.
1499 4365 1726 4420 PhiL'ct
1777 4370 1830 4421 in
1863 4365 1984 4420 Act.

420 4462 578 4503 conc.
603 4445 793 4500 Const.
829 4449 1210 4499 memoratum,
1243 4438 1468 4490 alterum
1499 4439 1861 4506 exegeticum,
1887 4437 1985 4505 qui

422 4518 489 4570 ad
530 4516 771 4583 reliquos
817 4513 981 4566 etiam
1013 4509 1364 4583 Pentateuehi
1408 4507 1578 4561 libros
1609 4508 1983 4583 pertinuisset.

421 4584 605 4656 Neque
638 4578 805 4646 enim,
831 4584 877 4637 si
922 4583 1010 4636 ille
1051 4580 1117 4634 ad
1155 4578 1387 4656 amplius
1431 4593 1568 4656 opus
1612 4579 1984 4656 pertinuisset,

465 4647 658 4707 rimam
684 4662 894 4706 tantum
924 4660 1130 4720 partem
1162 4649 1216 4720 in
1247 4647 1483 4720 Ceno-sin
1517 4649 1886 4720 consc_riptam
1919 4647 1988 4698 ab

476 4723 695 4778 bediesu
721 4714 1074 4774 memoratam
1106 4718 1294 4770 fuisse.
1318 4715 1484 4778 Quasi
1508 4730 1636 4767 vero
1666 4714 1988 4769 Theodorus

427 4793 672 4859 singulos
717 4789 1066 4859 Pentateuchi
1100 4787 1406 4859 libi-ostioli
1442 4783 1672 4859 singulis
1707 4798 1989 4859 commen-

427 4852 584 4917 tariis
621 4862 870 4930 persequi
907 4857 1168 4930 potuisset
1199 4856 1214 4930 ξ
1257 4852 1363 4905 Sed
1393 4867 1499 4930 non
1526 4854 1663 4930 male
1690 4853 1989 4920 conjiceres

426 4932 574 4986 illam
621 4922 938 4999 ἒρμηνὲίακξ
971 4926 1069 4995 τῆς
1114 4923 1364 4999 κτίσεως.
1399 4922 1991 4999 uberioremneamquc

425 4990 860 5072 philosophicam
889 4990 1312 5072 disputationem
1336 4990 1684 5072 deprioribas
1713 4992 1987 5072 Geneseos

426 5061 697 5140 capitibus
735 5069 927 5128 fuisse,
962 5061 1065 5119 nisi
1105 5063 1370 5118 Ebediesu
1422 5063 1655 5115 maxime
1686 5063 1847 5115 verba
1884 5061 1988 5114 im-

426 5143 737 5210 pedimento
762 5145 983 5210 essent.

499 5211 576 5278 (a)
617 5210 707 5262 Sic
759 5208 1079 5278 Theodorus
1123 5204 1284 5278 etiam
1349 5200 1517 5278 mensi
1571 5199 1736 5278 Nisan
1799 5200 1988 5253 mundi

427 5270 756 5334 creationem
784 5276 1098 5347 assignavit.
1130 5273 1273 5347 quod
1295 5289 1356 5325 ex
1396 5271 1463 5324 iis
1497 5271 1990 5347 intelligitur,_qua:

429 5351 494 5403 de
521 5350 620 5400 hac
671 5341 939 5414 Ephrtenii
979 5346 1251 5399 sententia
1295 5343 1570 5410 congessit
1603 5343 1738 5396 Caes.
1772 5357 1801 5395 a
1843 5341 1990 5395 Len-

428 5418 588 5488 gerke
626 5417 665 5469 l.
706 5418 740 5468 l.
773 5433 825 5485 p.
854 5416 1056 5480 20,9.I.

501 5487 574 5556 (ὁ)
616 5487 731 5556 Qui
766 5481 926 5554 hujus
960 5501 1079 5556 cap.
1121 5485 1274 5539 locus
1313 5484 1601 5540 admodum
1633 5482 1806 5556 torsit
1833 5481 1992 5556 Cote-

428 5551 618 5611 lerium
665 5551 890 5620 (Eccles.
935 5551 1101 5609 om.
1145 5572 1397 5620 monum.,
1429 5556 1515 5622 III,
1545 5572 1598 5626 p.
1632 5551 1754 5626 571)
1785 5552 1855 5626 ita
1890 5551 1986 5626 ha:

429 5627 560 5704 bet:
601 5627 705 5677 Kal.
742 5627 788 5704 si
841 5627 1245 5704 συνυπέστησαν
1299 5627 1346 5676 οἱ
1388 5620 1604 5694 ἄγγὲὶῖοι
1646 5622 1723 5688 τῷ
1757 5620 1986 5704 *οὐρανῴ

430 5697 523 5749 καὶ
555 5700 618 5766 τῇ
655 5699 722 5766 γῇ
763 5695 1072 5764 Θαυμαστὸν
1102 5687 1150 5745 εί
1176 5695 1348 5744 πέντε
1383 5687 1542 5764 μένας
1565 5687 1702 5762 (cod.
1731 5687 1879 5742 εἶπέν
1904 5687 1983 5744 τέ.

431 5761 759 5835 δοτείῘτωῇ.
793 5761 981 5822 εἰπὲίν,
1018 5771 1068 5826 ς’
1091 5775 1127 5833 ’)
1161 5761 1456 5831 ἡμέραςέν
1486 5771 1558 5840 τῷ
1593 5765 1704 5831 ἰδῐῳ
1746 5761 1985 5830 μεμένη-

2088 3223 2211 3279 quae
2265 3217 2564 3278 supersunt
2612 3223 2959 3274 recenseam,
3015 3210 3083 3265 de
3139 3209 3397 3275 Catenis,
3461 3212 3670 3280 quibus

2089 3301 2328 3358 maxime
2357 3301 2728 3365 continentur,
2760 3315 2932 3370 pauca
2983 3303 3379 3372 praemittenda.
3417 3303 3667 3368 Quarum

2091 3394 2231 3450 mira
2258 3401 2342 3448 est
2370 3391 2606 3448 Camena
2635 3412 2681 3448 ε.
2716 3395 3002 3462 εωρίὶεαιὶο
3046 3395 3281 3449 locorum
3325 3396 3413 3464 qui
3443 3397 3496 3448 in
3526 3394 3670 3447 Pen~

2092 3484 2334 3540 tateuclto
2367 3484 2790 3539 subobscuriorea
2823 3496 3123 3548 occurrunt,
3157 3501 3222 3539 ex
3256 3485 3487 3553 antiquis
3514 3482 3671 3538 Cra:-

2092 3593 2276 3632 corum
2309 3575 2559 3646 theologis
2605 3577 2936 3645 deprompta.
2979 3574 3064 3628 Ea:
3109 3578 3295 3646 quibus
3319 3574 3671 3642 quorumdam

2085 3669 2338 3722 hactenus
2386 3666 2518 3720 nihil
2558 3677 2633 3721 est
2683 3668 2738 3719 in
2796 3667 2964 3720 lucem
3015 3667 3218 3721 editum
3260 3684 3277 3720 :
3325 3665 3523 3720 Franc.
3559 3665 3671 3719 Ze-

2086 3760 2252 3830 phyro
2296 3756 2611 3812 Florentino
2641 3760 2940 3825 interprete.
2974 3758 3110 3813 Item
3137 3759 3372 3814 Cathena
3406 3760 3673 3827 explana-

2086 3851 2289 3904 tionum
2325 3859 2446 3904 vett.
2487 3866 2534 3902 ε.
2572 3848 2796 3902 Patrum
2835 3850 2888 3902 in
2929 3850 3108 3904 omnia
3156 3860 3264 3904 tam
3306 3849 3366 3904 V.
3399 3866 3554 3921 quam
3587 3849 3668 3903 Ν.

2091 3940 2228 3996 Test.
2285 3941 2494 3994 cantica
2519 3955 2537 3992 :
2567 3941 2632 3996 ab
2671 3942 2904 3996 Antonio
2933 3941 3136 4012 Carafa
3179 3961 3206 3998 e
3238 3943 3416 3998 (ira'co
3449 3945 3502 3996 in
3535 3942 3669 3998 Lat.

2097 4044 2390 4083 sermonem
2442 4044 2690 4086 conversa
2743 4031 2836 4102 (c).
2895 4032 3083 4087 Colon.
3141 4033 3554 4103 Agripp.157'2,
3606 4034 3667 4088 8.

2094 4120 2375 4190 Zephyrus
2422 4121 2537 4189 ipse
2587 4123 2892 4190 prolitetur,
2928 4139 2987 4179 se
3019 4125 3074 4178 in
3123 4125 3483 4180 translatione
3524 4138 3670 4178 con-

2020 4297 2065 4354 ι)
2096 4312 2190 4372 κεν
2237 4297 2533 4372 ῥδιάὅολος
2558 4301 2820 4370 τάγματι,
2856 4303 3012 4372 εἴπερ
3051 4300 3156 4370 ἄρα
3191 4305 3283 4356 καὶ
3318 4303 3542 4367 ταύτας,
3568 4305 3674 4358 καὶ

2093 4369 2173 4442 εζς
2201 4366 2300 4442 τὴν
2323 4371 2590 4442 τφσαύτην
2620 4366 2780 4436 εὖοὺς
2811 4372 2930 4442 ἅμα
2951 4366 3028 4442 τῷ
3056 4366 3307 4440 γὲνέσθαι
3338 4366 3534 4426 κακίαν
3570 4375 3672 4427 καὶ

2088 4425 2180 4490 τὸν
2355 4425 2644 4509 ἀνθρώέτου
2681 4425 2872 4510 ιρθᾶνοῦ
2904 4425 3230 4495 ἀπῶλίσοεν.
3265 4425 3330 4496 II.
3487 4425 3673 4507 (.Ioan-l

2091 4523 2189 4562 nes
2221 4507 2566 4564 Theodorum
2595 4507 2817 4581 refutat)
2845 4530 2856 4565 :
2887 4531 2905 4581 ς
2942 4511 2997 4564 Si
3026 4512 3139 4581 (tua
3167 4513 3459 4576 sententia)
3485 4512 3668 4577 angeli

2090 4593 2199 4649 una
2252 4594 2373 4649 eum
2409 4581 2549 4636 ecelo
2593 4590 2649 4633 et
2687 4580 2834 4634 terra
2888 4580 3206 4644 faetisunt,
3256 4582 3474 4639 mirum.
3519 4581 3673 4649 quod

2091 4648 2341 4702 diabolus
2380 4665 2475 4717 per
2518 4651 2760 4719 quinque
2806 4658 3012 4703 tantum
3058 4651 3175 4703 dies
3219 4652 3274 4704 in
3325 4667 3427 4704 suo
3474 4648 3674 4705 ordine

2093 4719 2392 4788 permansit
2429 4720 2666 4788 (Statuit
2712 4721 2856 4774 enim
2897 4719 3253 4782 Theodorus,
3299 4722 3673 4788 proloplastos

2093 4793 2248 4865 sexto
2289 4786 2378 4841 die
2418 4787 2617 4865 factos,
2651 4798 2778 4865 post
2806 4805 2896 4843 sex
2934 4790 3096 4865 horas
3129 4790 3245 4865 ipsa
3285 4786 3510 4844 meridie
3539 4804 3671 4865 cum

2131 4858 2325 4934 rimum
2373 4858 2646 4934 esurirent
2687 4859 2943 4934 seductos
2991 4859 3340 4934 licusedisse
3383 4875 3463 4934 ac‘
3479 4860 3675 4934 tribus

2113 4927 2395 4996 torispost
2425 4927 2682 4992 paradiso
2711 4929 2898 4996 pulsos
2921 4944 3061 4982 esse.
3100 4928 3182 4981 Cl'.
3225 4928 3386 4982 Joan.
3432 4928 3570 4981 Phil.
3626 4943 3671 4988 ι,

2094 4994 2193 5066 1‘2;
2219 4993 2352 5066 Mar.
2391 4995 2552 5050 Merc.
2591 5013 2640 5050 c.
2675 4993 2726 5060 I,
2760 5015 2812 5066 p.
2837 4999 2984 5065 ῬΟ-1),
3011 5000 3054 5051 si
3092 4999 3348 5052 nimirum
3373 5000 3534 5050 etiam
3563 4997 3674 5051 hos

2095 5064 2231 5126 (dies
2269 5065 2320 5116 in
2357 5081 2457 5119 suo
2484 5067 2676 5121 ordine
2721 5064 2939 5121 mansit.
2978 5068 3102 5121 Ilazc
3135 5069 3270 5122 bene
3304 5067 3508 5129 addita,
3537 5082 3671 5120 nam
3726 5076 3731 5080 '

2092 5135 2160 5186 de
2212 5132 2480 5190 Theodori
2533 5141 2804 5190 sententia
2861 5138 3112 5192 diabolus
3167 5139 3279 5206 jam
3347 5146 3472 5191 ante
3520 5137 3670 5189 diem

2094 5214 2306 5283 sextum
2357 5207 2599 5275 peccavit
2629 5207 2861 5283 ideoque
2887 5209 2940 5260 in
2975 5217 3188 5283 terrant
3208 5208 3586 5283 dejectuscst)
3612 5214 3672 5258 et

2094 5277 2290 5345 statim
2316 5286 2437 5342 post
2475 5284 2656 5329 ortum
2705 5277 2758 5328 in
2791 5285 2996 5328 tantam
3033 5278 3326 5345 nequitiam
3377 5285 3430 5330 et
3466 5278 3517 5328 in
3567 5278 3670 5329 ho-

2094 5343 2258 5415 minis
2281 5344 2538 5398 invidiam
2573 5349 2756 5415 (quam
2786 5358 2973 5400 contra
3005 5343 3277 5400 hominem
3314 5346 3511 5413 alebat)
3539 5361 3671 5414 pro-

2093 5412 2288 5484 lapsus
2306 5425 2411 5484 est.
2455 5435 2473 5466 ι

2164 5483 2234 5552 (c)
2277 5483 2400 5537 Ilaec
2435 5485 2487 5537 in
2525 5485 2745 5539 Cantica
2781 5496 2970 5540 catena
3013 5485 3322 5539 accuratior
3347 5493 3400 5537 et
3450 5486 3670 5539 auctior

2095 5549 2186 5604 Gr.
2220 5549 2280 5606 ct
2317 5554 2430 5607 Lat.
2481 5555 2676 5622 legitur
2706 5557 2756 5608 in
2805 5557 3030 5609 Corder.
3078 5557 3195 5609 Cat.
3227 5558 3279 5608 in
3319 5555 3434 5617 Ps.,
3471 5555 3561 5616 III,
3613 5572 3666 5613 ο.

2095 5624 2201 5675 855
2237 5639 2318 5690 sq.
2351 5625 2465 5676 Alia
2508 5627 2882 5694 tantumnodo
2912 5637 3057 5688 sunt,
3087 5642 3208 5694 qua:
3257 5625 3321 5677 ad
3369 5625 3520 5677 .Ionzn
3553 5641 3671 5692 pre-

2097 5707 2187 5763 ces
2241 5696 2508 5761 leguntur.
2557 5693 2699 5746 Nihil
2749 5697 2799 5748 in
2840 5711 2899 5749 ea
2963 5693 3138 5747 inveni
3178 5696 3323 5763 quod
3376 5694 3668 5749 Theodoro

2097 5760 2481 5830 Mopsuesteno
2518 5766 2870 5834 probabiliter
2902 5767 3185 5821 tribucrcs.
