3920 6130
419 377 500 434 ἰδ
1334 371 1633 428 ΟΤἸῸΝΙΞ
1676 367 1850 424 FRID.
1895 367 1998 421 FB:

2107 363 2279 420 SBHE
2317 365 2813 423 COMMENTATIO
3611 379 3683 435 ιι

423 496 499 551 ει.
534 493 602 549 πίε
648 507 768 562 qua,
801 491 1122 545 Theodorus
1154 487 1386 558 in-praef.
1419 486 1486 540 ad
1517 485 1636 550 0s.,
1665 484 1730 538 ad
1762 481 1928 552 Soph.
1960 497 1999 543 I,
2037 485 2076 538 Α
2109 488 2292 550 ageret
2322 482 2460 536 ratio
2498 467 2632 536 erat.
2669 479 2787 536 Non
2822 482 3038 539 cautius
3068 483 3204 539 alter
3251 486 3404 544 locus
3459 489 3680 548 allatus.

428 587 526 642 ιοδ
547 626 561 651 ,
580 601 663 650 ιιι,
714 584 768 647 '5,
825 582 1003 650 dixit).
1036 581 1132 634 Illa
1159 587 1338 635 autem
1362 587 1469 632 tam
1495 576 1787 647 peculiaris
1813 582 1918 639 est,
1944 581 2000 627 ut

427 681 559 754 quid
589 677 862 734 Theodori
891 676 963 732 sit
988 674 1188 745 quidve
1217 673 1400 728 minus
1429 671 1588 727 facile
1629 669 1832 725 videas.
1865 667 2000 722 Illud

431 789 560 829 vero
591 771 793 827 morari
828 784 926 824 nos
957 783 1067 822 non
1112 773 1290 838 potest
1310 806 1324 830 ,
1375 765 1518 834 quod
1551 766 1651 818 tria
1697 763 1815 817 loca
1836 801 1850 825 ,
1882 778 2001 832 qua:

429 868 484 919 in
537 873 642 918 act.
689 877 844 917 conc.
889 861 1078 916 Const.
1108 875 1168 924 ιι,
1209 874 1282 924 tv,
1328 857 1498 911 2οο22
1553 853 1760 925 (Vigil.
1807 854 1996 909 Const.

427 954 642 1023 21-23)
680 972 700 1005 ι
735 970 800 1009 ετ
844 952 1112 1023 principio
1162 947 1452 1004 commenti
1479 947 1590 1016 (α),
1624 946 1766 1016 quod
1793 946 1852 998 in
1881 944 1998 999 ΧΠ

428 1051 618 1118 prnph.
648 1047 888 1114 scripsit,
919 1074 989 1085 —
1017 1051 1143 1115 post
1175 1041 1279 1096 alia
1309 1038 1494 1104 infert,
1521 1068 1591 1079 —
1614 1045 1736 1108 post
1764 1039 1867 1092 alia
1919 1039 2002 1093 in-

433 1140 588 1204 fert,»
615 1137 934 1197 afferuntur,
965 1135 1018 1189 in
1045 1135 1136 1188 illo
1165 1131 1558 1187 commentario
1589 1145 1696 1183 non
1725 1131 1996 1200 leguntur.

431 1230 731 1285 Sententiae
757 1237 902 1283 certe
925 1241 1063 1297 quas
1083 1223 1360 1278 continent
1377 1221 1710 1276 Tlieodoreze
1729 1229 1876 1278 sunt.
1905 1221 2000 1278 sed

431 1322 592 1377 facile
645 1322 761 1375 fieri
809 1319 1020 1390 potuit,
1056 1324 1112 1370 ut
1132 1331 1285 1369 unus
1327 1315 1531 1368 alterve
1559 1313 1830 1368 Theodori
1865 1314 2001 1368 liber

430 1431 533 1484 pro
556 1413 727 1467 altero
751 1412 1028 1467 citaretur.
1056 1407 1175 1462 alam
1201 1422 1327 1461 cum
1358 1407 1511 1460 locus
1539 1406 1632 1474 qui
1661 1407 1712 1458 in
1757 1405 1863 1457 illis
1891 1413 1998 1457 act.

421 1505 501 1560 25
529 1505 792 1575 sequitur,
826 1502 892 1556 ad
925 1517 1007 1570 ps.
1041 1514 1132 1562 χχι
1157 1498 1445 1569 pertineat,
1478 1496 1752 1566 probabile
1782 1497 1882 1549 tria
1911 1497 2000 1550 illa

430 1597 547 1650 loca
570 1611 602 1650 e
629 1593 1027 1648 commentario
1055 1593 1109 1644 in
1142 1589 1389 1643 Psatmos
1412 1630 1424 1651 ,
1451 1596 1505 1642 et
1534 1587 1752 1657 quidem
1787 1602 1852 1640 ex
1882 1587 2000 1654 ejus

430 1685 696 1755 principio
721 1684 794 1752 (ὁ)
825 1682 1150 1751 deprompta
1179 1694 1300 1735 esse
1320 1720 1336 1745 ,
1381 1693 1502 1732 cum
1531 1678 1838 1748 praesertim
1891 1677 2000 1731 duo

429 1775 732 1847 posteriora
753 1775 816 1828 21
848 1815 863 1838 ,
893 1772 966 1825 22
989 1812 1002 1835 ,
1038 1771 1106 1825 ad
1136 1786 1224 1841 ps.
1258 1785 1328 1823 xv
1363 1775 1416 1823 et
1465 1785 1559 1822 ut
1598 1776 1861 1838 spectent.
1893 1766 2000 1822 Sed

2109 571 2327 628 Davidis
2359 579 2411 627 et
2460 574 2847 644 prophetarum
2891 574 3150 630 vaticinia
3188 577 3404 632 interno
3442 582 3682 650 quodam

2108 665 2326 720 vinculo
2353 666 2623 721 contineri
2654 666 2788 720 dicit
2817 666 3140 724 Theodorus
3161 708 3176 732 ,
3209 670 3303 724 sed
3353 673 3420 727 de
3470 673 3586 729 suis
3628 677 3682 728 in

2105 769 2168 809 ea
2201 757 2608 812 commentariis
2631 757 2736 812 hoc
2765 758 2946 813 valere
2980 775 3047 814 ne
3077 760 3310 816 obscure
3343 763 3562 831 quidem
3595 767 3681 819 in-

2108 848 2246 902 nuit.
2290 848 2364 905 De
2400 851 2583 906 verbis
2628 851 2748 904 καθ’
2775 850 2811 904 ἃ
2841 851 3078 921 πρόσθεν
3110 851 3282 922 ἔφθην
3311 854 3482 908 εἰπών
3513 869 3684 925 supra

2106 941 2330 996 dictum.
2356 939 2531 996 Nolim
2557 942 2610 995 in
2637 958 2696 994 rc
2717 950 2823 995 tam
2849 942 3053 996 lubrica
3079 944 3374 1014 quidquam
3404 961 3502 1015 pro
3531 956 3687 1001 certo

2108 1029 2393 1095 afﬁrmare,
2421 1032 2516 1087 sed
2545 1031 2890 1086 Theodorum
2925 1035 3299 1104 presbyterum
3325 1033 3416 1090 XII
3443 1039 3689 1109 prophe-

2111 1133 2193 1177 tas
2215 1123 2495 1193 aliquanto
2531 1133 2652 1194 post
2698 1123 2944 1182 Psaltuos
2992 1127 3076 1197 (ν.
3117 1144 3239 1198 qua!
3285 1128 3352 1184 de
3395 1145 3592 1185 comm.
3625 1131 3684 1185 in

2112 1214 2356 1269 Psalmos
2388 1230 2553 1285 supra
2589 1215 2867 1286 adnotavi)
2891 1220 3214 1289 explauasse
3244 1222 3552 1276 statuerim.

2177 1303 2463 1369 Codicum,
2509 1319 2614 1358 non
2647 1306 2920 1361 editorum
2956 1308 3197 1364 bonitate
3231 1311 3432 1363 factum
3467 1321 3584 1372 est,
3621 1318 3687 1364 ut

2111 1396 2198 1451 ille
2230 1397 2658 1451 commentarius
2679 1398 2860 1452 minus
2891 1411 3148 1470 corrupte
3178 1403 3359 1457 editus
3403 1401 3496 1456 sit.
3521 1400 3689 1457 Utra—

2108 1504 2213 1559 que
2232 1489 2470 1544 editione
2500 1499 2812 1559 eomparata
2841 1490 2980 1545 facili
3016 1494 3230 1561 negotio
3266 1495 3556 1564 plerosque
3591 1510 3684 1548 er-

2111 1595 2263 1634 rores
2312 1581 2404 1650 qui
2459 1581 2511 1634 in
2561 1597 2682 1635 eum
2720 1582 3099 1653 irrepserunt,
3131 1586 3199 1639 de
3255 1587 3432 1640 medio
3494 1587 3686 1640 tollere

2108 1680 2282 1743 potes.
2320 1672 2395 1728 De
2433 1675 2711 1729 nonnullis
2745 1682 2956 1729 tantum
2985 1677 3122 1732 locis
3149 1677 3420 1747 corruptis
3457 1677 3546 1732 hic
3592 1678 3688 1747 ju-

2107 1765 2308 1819 dicium
2352 1780 2528 1820 mcum
2558 1767 2936 1837 qualecunque
2964 1770 3309 1839 interponere
3353 1771 3546 1840 placet.
3580 1769 3680 1824 Os.

429 1841 496 1922 de
517 1881 724 1936 nupera
763 1864 882 1917 Maii
927 1864 1195 1919 sententia
1243 1861 1279 1913 1.
1320 1861 1357 1915 1.
1393 1861 1654 1930 praemisit
1685 1858 2002 1914 Theodorus
2036 1841 2076 1896 Β
2111 1873 2151 1920 ι,
2189 1857 2244 1922 2,
2273 1858 2565 1928 prophetas
2595 1860 2762 1914 multa
2803 1876 2941 1914 nova
2995 1861 3193 1916 fecisse
3231 1873 3391 1930 atque
3437 1861 3686 1914 inaudita

429 1956 817 2014 commentario
836 1955 1084 2024 generale
1104 1953 1318 2023 aliquod
1338 1953 1657 2022 precantium
1685 1953 1740 2005 in
1767 1953 2002 2008 minores

434 2048 725 2119 prophetas
748 2084 762 2110 ,
803 2053 1022 2115 propter
1053 2043 1413 2098 reverentiam
1459 2041 1690 2095 fortasse
1717 2055 1842 2111 erga
1874 2055 2004 2094 con-

424 2138 617 2194 cilium
639 2177 652 2200 ,
705 2137 760 2190 in
811 2135 967 2191 codd.
997 2135 1281 2188 omissum.
1315 2134 1458 2185 Idem
1495 2131 1636 2185 enim
1665 2141 1717 2184 et
1752 2130 2003 2184 Theodo-

435 2239 609 2286 retqu
638 2228 833 2283 fecisse
859 2233 910 2280 et
944 2225 1102 2279 verba
1147 2225 1309 2278 etiam
1339 2222 1461 2275 καθ’
1493 2222 1529 2275 δι
1560 2221 1792 2292 πρόσθεν
1832 2222 2002 2292 ἔφθην

432 2322 599 2376 εἰπών
633 2323 721 2393 (v.
751 2327 1042 2373 comment.
1080 2331 1134 2386 p.
1169 2317 1220 2384 l)
1247 2357 1260 2383 ,
1297 2315 1342 2370 si
1378 2322 1503 2369 ante
1544 2317 1599 2367 ὲν
1641 2314 1875 2384 ψαλμοῖς
1924 2313 2002 2367 in-

431 2423 786 2484 terpungatur
808 2411 906 2479 (ita
937 2409 1079 2463 haud
1106 2408 1270 2462 dubie
1289 2407 1828 2477 interpungendum),
1857 2405 1998 2459 haud

435 2523 544 2561 rem
581 2505 634 2558 in
667 2503 773 2557 alio
823 2515 987 2571 opere
1023 2500 1224 2554 dictam
1271 2497 1550 2552 denotare.
1586 2496 1643 2550 Si
1697 2497 2001 2550 scribamus

433 2614 529 2667 pro
556 2598 650 2660 Εἰς
675 2596 892 2664 ἔλεγχον
919 2592 1026 2646 τῶν
1054 2610 1106 2645 κ.
1127 2591 1263 2653 τ.λ.,
1291 2592 1384 2653 Ei;
1412 2590 1489 2643 ἐλ.
1518 2584 1632 2642 οὖν
1651 2588 1758 2642 τῶν
1778 2605 1832 2641 κ.
1855 2605 1900 2640 τ.
1924 2587 1998 2650 λ.,

431 2685 572 2742 hanc
603 2701 761 2738 unam
797 2683 1116 2754 particulam
1152 2682 1284 2736 satis
1318 2682 1449 2734 illud
1489 2681 1811 2749 prommium
1859 2678 2002 2732 indi-

424 2792 576 2833 care.
605 2775 864 2847 Equidem
895 2773 1142 2844 quamvis
1177 2775 1500 2841 prommiuul
1533 2770 1599 2825 ad
1618 2769 1843 2840 Tyrium
1873 2785 2002 2839 prae-

429 2870 660 2926 missum
699 2867 867 2920 fuisse
905 2867 1121 2919 credam
1153 2904 1166 2926 ,
1199 2863 1328 2918 mihi
1357 2871 1537 2916 tamen
1596 2861 1838 2917 nondum
1878 2877 2002 2932 per-

430 2961 620 3022 suasi,
673 2957 761 3010 illa
812 2955 914 3008 tria
947 2957 1060 3009 loca
1109 2952 1324 3022 (Maius
1359 2961 1410 3006 et
1439 2951 1507 3006 de
1539 2951 1734 3022 Wegn.
1773 2950 1841 3007 de
1891 2966 2001 3006 uno

433 3059 644 3106 tantum
671 3050 987 3117 loquuntur,
1009 3045 1100 3100 sed
1123 3044 1422 3115 posteriora
1443 3044 1551 3097 duo
1576 3045 1694 3098 loca
1724 3059 1790 3097 ex
1811 3044 1999 3097 eodem

435 3145 572 3197 libro
592 3150 808 3210 sumpta
837 3155 959 3195 esse
985 3145 1040 3191 et
1064 3138 1214 3190 illum
1254 3137 1413 3205 paulo
1446 3143 1566 3204 post
1600 3135 1882 3204 excepisse
1905 3134 1997 3204 qui

431 3250 496 3290 ea
521 3233 792 3303 excerpsit
821 3232 999 3286 verbis
1021 3268 1036 3295 ,
1075 3237 1190 3296 post
1237 3227 1348 3281 alia
1395 3226 1554 3297 infert
1603 3225 1902 3297 indicavit)
1935 3241 1998 3281 ex

422 3340 498 3379 eo
531 3324 692 3394 petita
717 3337 859 3377 esse.

509 3413 642 3471 Mire
688 3429 859 3484 nuper
893 3410 1031 3467 Vict.
1082 3411 1149 3466 de
1177 3409 1450 3480 Wegnern
1499 3409 1536 3463 l.
1567 3423 1652 3475 c.,
1688 3424 1742 3478 p.
1773 3424 1886 3462 xm
1919 3423 2002 3478 sq.

421 3509 679 3564 evincere
709 3505 934 3570 studuit,
957 3503 1302 3558 Theodorum
1327 3503 1580 3571 juvenem
1611 3517 1734 3556 cum
1759 3499 2004 3555 Psalmos

424 3599 786 3668 explicuisset
838 3605 893 3649 et
943 3596 1176 3648 fortasse
1207 3594 1370 3648 etiam
1401 3591 1695 3662 prophetas
1746 3591 2004 3659 majores,

431 3689 526 3744 Xll
561 3690 855 3759 prophetas
893 3687 1128 3741 minores
1166 3685 1582 3754 interpretatum
1617 3698 1760 3738 esse.
1807 3683 2006 3737 Attulit

427 3784 574 3836 hanc
600 3783 653 3836 in
685 3796 796 3834 rem
817 3781 926 3834 loc.
955 3777 1224 3833 Theodori
1250 3779 1318 3831 ad
1347 3775 1508 3830 Zach.
1541 3791 1618 3840 Ix,
1645 3776 1705 3831 9:
1742 3775 2005 3847 Ὀπεροῦν

426 3873 536 3942 (sc.
569 3871 677 3924 τῶν
710 3871 914 3942 χρόνων
947 3872 1044 3941 τὴν
1086 3868 1382 3939 ἐναλλαγὴν
1433 3867 1684 3940 ποικίλην
1721 3863 1860 3921 εἶναι
1910 3866 2006 3920 ἐπὶ

426 3961 528 4031 τῆς
583 3960 732 4021 θείας
773 3958 1035 4030 Γραφῆς)
1069 3958 1156 4012 διὰ
1188 3956 1396 4011 πολλῶν
1423 3958 1586 4028 ἡμεῖς
1627 3957 1683 4009 ἐν
1711 3973 1770 4010 τε
1802 3958 1869 4027 τῇ
1894 3955 2003 4010 τῶν

428 4051 659 4120 ψαλμῶν
689 4050 954 4120 ἑρμηνείᾳ
999 4049 1090 4103 καὶ
1119 4047 1210 4102 ἐπὶ
1243 4047 1352 4101 τῶν
1385 4045 1680 4118 προφητῶν
1722 4045 2004 4117 ἐδείξαμεν

432 4142 753 4212 αὐτάρκως,
784 4149 838 4194 et
870 4141 991 4194 init.
1022 4141 1184 4210 praet.
1217 4139 1271 4191 in
1313 4136 1408 4192 Os.
1446 4136 1560 4191 Hoc
1615 4151 1680 4192 ex
1735 4138 1918 4206 priore
1965 4137 2002 4192 l.

432 4233 608 4302 sequi,
635 4247 757 4286 cum
791 4231 1111 4286 Theodorus
1141 4227 1287 4299 quod
1322 4229 1588 4283 universas
1613 4227 1674 4282 S.
1700 4227 2003 4297 Scriptura

433 4326 714 4396 proprium
736 4341 858 4380 esse
887 4323 1055 4389 dicat,
1079 4324 1132 4377 in
1163 4322 1504 4377 Psalmorum
1533 4329 1588 4378 et
1611 4321 2002 4393 prophetarum

431 4416 883 4489 interpretatione
913 4430 944 4470 a
973 4430 1032 4472 se
1059 4414 1365 4485 expositum
1399 4420 1655 4470 testetur.
1678 4412 1791 4470 Sed
1821 4413 2003 4470 Theo-

2112 1946 2433 2004 Theodorus
2455 1948 2620 2013 dicit,
2653 1965 2762 2018 quo
2791 1950 3070 2004 hominum
3104 1953 3481 2014 curiositatem
3531 1953 3688 2006 exci-

2111 2045 2290 2094 tarent
2348 2039 2562 2109 sibique
2597 2040 2826 2096 docendi
2887 2043 3232 2097 occasionem
3280 2055 3552 2112 pararent.
3599 2043 3684 2098 Ita

2102 2129 2304 2185 Oscam
2335 2137 2574 2184 scortum
2609 2131 2662 2184 in
2687 2132 3092 2186 matrimonium
3123 2134 3366 2188 duxisse.
3405 2134 3470 2187 Ἦ
3493 2134 3568 2199 δὲ,
3599 2135 3686 2188 in-

2103 2223 2225 2292 quit
2256 2221 2342 2277 ed.
2391 2220 2458 2275 de
2489 2220 2686 2290 chn.
2723 2238 2774 2290 p.
2820 2223 2923 2286 10,
2960 2223 3051 2278 τοῦ
3097 2225 3382 2295 γινομένου
3428 2227 3687 2296 καινότης

2108 2314 2358 2385 ἀφορμὴν
2383 2315 2553 2368 ἐδίδου
2586 2315 2662 2385 τῷ
2701 2318 2954 2389 προφήτῃ
2989 2317 3056 2371 τὰ
3115 2321 3458 2390 προσήκοντα
3501 2319 3685 2388 λέγειν

2109 2407 2245 2478 πρὸς
2272 2408 2466 2468 αὐτοὺς
2487 2447 2500 2468 ,
2540 2409 2674 2479 πρὸς
2702 2408 2780 2478 τῷ
2809 2411 2826 2478 (
2851 2409 2973 2464 cod.
3007 2407 3242 2464 Vindob.
3261 2449 3279 2473 .
3315 2413 3375 2463 τὸ
3400 2427 3448 2465 c.
3474 2410 3685 2476 Vatic.)

2110 2499 2200 2550 ml.
2233 2498 2400 2569 πολλῇ
2455 2503 2519 2569 τῇ
2556 2500 2853 2570 παραθέσει
2896 2500 3116 2571 μείζονα
3166 2502 3450 2570 φαίνεσθαι
3484 2504 3544 2556 τὸ
3588 2505 3688 2557 τὸν

2108 2588 2226 2641 θεὸν
2257 2589 2526 2660 αἱρεῖσθαι
2565 2590 2736 2653 οὕτως
2765 2592 3092 2662 ἀγνωμόνων
3137 2593 3345 2663 ἀνδρῶν
3375 2595 3453 2659 είς
3483 2596 3687 2664 ἐπιμέ-

2107 2681 2253 2734 λειαν
2285 2683 2472 2735 ἑαυτὸν
2507 2683 2768 2745 κατιέναι,
2818 2682 2871 2735 εἴ
2896 2679 3084 2751 γεκαὶ
3120 2685 3209 2738 τὸν
3241 2687 3520 2757 προφήτην
3549 2691 3689 2740 θαυ-

2111 2774 2316 2843 μαστὸν
2337 2770 2404 2845 ἦν
2436 2804 2505 2812 -
2527 2776 2607 2835 είς
2637 2774 2839 2843 πόρνης
2867 2773 3083 2844 ὁμιλίαν
3123 2779 3341 2846 χωρεῖν.
3385 2777 3456 2832 De
3481 2776 3685 2847 Wegn.

2109 2865 2254 2934 conj.
2314 2866 2448 2935 πρὸς
2497 2865 2578 2936 τῷ
2633 2883 2686 2918 κ.
2750 2865 3024 2936 πολλῴ-
3053 2869 3234 2936 μεῖζον
3265 2869 3686 2937 ἀναφαίνεσθαι.

2111 2955 2237 3024 Leg.
2270 2984 2331 2996 —
2361 2955 2496 3027 πρὸς
2529 2959 2588 3008 τὸ
2628 2960 2721 3023 (v.
2759 2972 2808 3008 ι’.
2848 2971 2896 3010 c.
2939 2971 2992 3025 ρ.
3029 2957 3176 3027 250)
3221 2975 3273 3010 κ.
3313 2959 3478 3029 πολλῇ
3527 2975 3577 3013 τ.
3617 2978 3688 3014 π.

2112 3046 2293 3117 μεῖζον
2323 3049 2511 3114 ἀναφ.,
2545 3049 2581 3101 i.
2614 3063 2664 3102 e.
2703 3063 2811 3117 quo
2855 3049 3031 3116 majus
3061 3051 3228 3103 multa
3258 3052 3421 3104 etiam
3458 3068 3692 3122 compa-

2111 3139 2319 3192 ratione
2345 3146 2646 3208 appareret.
2668 3139 2844 3208 Eque
2873 3140 3007 3194 bene
3038 3156 3101 3194 ac
3132 3157 3182 3195 v.
3210 3157 3258 3195 c.
3281 3159 3330 3212 p.
3352 3142 3476 3208 250,
3510 3145 3688 3217 πολλὴ

2107 3231 2421 3301 πολιορκία,
2461 3247 2510 3300 p.
2543 3231 2649 3285 242
2672 3269 2685 3295 ,
2721 3230 2885 3294 πολὺς
2915 3230 3175 3295 Θάνατος,
3211 3249 3261 3302 p.
3298 3234 3422 3296 244,
3458 3251 3515 3288 π.
3544 3235 3689 3309 0ρῆ-

2107 3340 2230 3385 νος,
2264 3339 2317 3393 ρ.
2344 3323 2467 3388 652,
2520 3339 2580 3375 π.
2610 3323 2875 3393 εὐκοσμία
2899 3366 2912 3387 ,
2958 3324 3119 3378 habet
3161 3324 3326 3394 πολλὴ
3359 3343 3490 3396 παρ.
3523 3342 3688 3381 corn-

2109 3416 2318 3484 paratio
2342 3415 2526 3470 multis
2550 3415 2852 3469 rationibus
2874 3415 3146 3479 instituta,
3172 3417 3333 3485 idque
3355 3433 3454 3471 cur
3473 3419 3688 3477 dictum

2107 3509 2170 3564 sit
2206 3509 2489 3578 sequentia
2521 3508 2725 3562 indicio
2753 3517 2902 3563 sunt.
2931 3540 3000 3548 —
3031 3508 3124 3564 Os.
3165 3526 3251 3573 rt,
3288 3511 3339 3573 5,
3377 3528 3473 3582 pro
3513 3531 3691 3585 μετα-

2105 3600 2334 3654 ϐαλόντα
2363 3603 2466 3672 leg.
2495 3600 3074 3670 μεταϐαλόντος-08.
3099 3619 3169 3667 Vr,
3201 3603 3254 3662 6.
3283 3621 3333 3673 p.
3355 3605 3439 3659 58.
3471 3623 3567 3676 pro
3589 3609 3691 3662 εὐ-

2104 3693 2257 3757 τελές
2289 3708 2476 3748 vereor
2508 3709 2574 3748 ne
2608 3692 2753 3746 ἔλεον
2781 3694 3177 3748 restituendum
3215 3696 3392 3750 sit.-—
3425 3695 3517 3753 Os.
3555 3715 3688 3766 xm,

2108 3785 2196 3850 10,
2223 3800 2320 3854 pro
2353 3786 2597 3854 καίτοιγε
2627 3786 2806 3840 scribe
2833 3786 2973 3838 κατὰ
3000 3786 3059 3838 τὸ
3086 3785 3193 3858 γὰρ
3219 3828 3234 3852 ,
3263 3796 3314 3841 et
3345 3789 3505 3858 paulo
3558 3801 3690 3861 post

2106 3891 2205 3948 pro
2235 3876 2406 3947 Xpt'Et
2447 3878 2622 3946 κρινεῖ
2667 3891 2731 3928 ac
2779 3891 2876 3946 pro
2909 3875 3000 3928 ἐπὶ
3046 3877 3390 3942 τούτοις,ἐπὶ
3433 3879 3687 3945 τούτους.

2104 3966 2393 4030 Ιὴίό.-ὼς
2417 3966 2483 4020 ἂν
2505 3965 2578 4037 μὴ
2599 3967 2980 4036 ἀντιπράττειν
3007 3967 3133 4037 ὑμῖν
3155 3968 3223 4021 τὰ
3250 3969 3510 4024 κάλλιστα
3537 3973 3689 4044 ὑπὲρ

2105 4059 2262 4130 ὑμῶν
2314 4057 2793 4129 διαπραττομένοις
2837 4059 3072 4129 δοκοίην.
3129 4058 3233 4114 Sed
3282 4063 3402 4116 cod.
3457 4062 3575 4118 Vat.
3606 4095 3689 4108 —-

2108 4150 2248 4222 ὑπὲρ
2295 4147 2502 4203 ἑαυτῶν
2558 4148 3058 4220 διαπραττομένοις.
3113 4180 3182 4192 --
3226 4149 3349 4206 Haec
3392 4154 3528 4209 bene
3581 4171 3688 4226 per

2107 4242 2338 4297 ironiam
2385 4241 2550 4295 dicta.
2601 4240 2673 4293 De
2719 4239 2913 4310 chn.
2945 4241 3174 4296 debebat
3216 4243 3688 4317 διαπραττόμενος

2105 4331 2368 4386 scribere.
2398 4361 2466 4371 —
2489 4329 2583 4385 Os.
2615 4345 2714 4384 xm
2737 4371 2752 4395 ,
2785 4330 2884 4393 l5.
2926 4332 3112 4405 ἐπειδὴ
3157 4334 3334 4387 τοίνυν
3359 4337 3583 4407 αἰχμαλ.
3605 4367 3689 4380 -—-

2105 4421 2264 4491 Conj.
2314 4423 2402 4474 ὲπ.
2439 4419 2594 4474 τονῦν
2640 4423 2795 4490 αίχμ.
2824 4450 2894 4462 --
2935 4421 3070 4476 Joel.
3111 4441 3171 4488 ιι,
3200 4426 3256 4488 2,
3292 4426 3471 4480 πάντα
3518 4430 3685 4482 καθει-

429 4512 598 4568 dorus
626 4526 750 4566 eum
780 4509 999 4580 juvenis
1027 4505 1271 4564 Psalmos
1308 4505 1645 4578 explicaret,
1685 4507 1996 4563 accuratius

2107 4513 2287 4570 στῶτα
2317 4555 2332 4580 ,
2411 4513 2596 4567 malim
2673 4513 2882 4576 πάντας
2953 4515 3318 4581 καθεστῶτας.
3369 4548 3438 4559 —-
3488 4521 3682 4590 Amos.

431 4605 624 4675 lingua:
653 4603 894 4657 rationes
925 4599 1210 4671 exposuit,
1249 4613 1421 4668 eoque
1465 4599 1635 4669 magis
1667 4613 1776 4669 quo
1816 4600 2000 4655 minus

431 4695 740 4766 hujusmodi
770 4711 866 4749 res
894 4695 962 4748 ab
977 4694 1106 4746 aliis
1133 4690 1520 4759 interpretibus
1546 4691 1846 4747 illustratas
1871 4707 1998 4748 esse

429 4787 668 4842 videbat.
717 4784 898 4849 Quare
925 4785 1120 4837 iterum
1152 4783 1458 4849 iterumque
1481 4782 1736 4836 lectorem
1775 4783 1998 4841 uberius

430 4877 486 4933 in
530 4875 871 4931 Psalmorum
923 4872 1366 4942 interpretatione
1403 4871 1676 4942 disputata
1731 4875 2000 4944 inspicere

424 4969 598 5042 jubet.
641 4965 963 5035 Quanquam
1016 4964 1117 5016 hoc
1165 4978 1332 5016 unum
1391 4963 1548 5016 istam
1585 4966 1997 5021 cenclusionem

428 5059 671 5124 coniicit,
700 5057 844 5128 quod
876 5069 973 5109 cur
1001 5055 1069 5109 de
1111 5055 1200 5107 ilia
1242 5061 1544 5123 temporum
1585 5056 1829 5126 euallage
1856 5071 1992 5127 pm-

427 5156 587 5224 cipue
634 5153 688 5206 in
719 5148 1056 5206 Psalmorum
1112 5147 1602 5218 prophetarumque
1649 5151 1996 5207 enarratione

500 5306 578 5377 (α)
613 5304 744 5359 Voc.
774 5313 1142 5377 commentum,
1173 5301 1408 5377 quodin
1449 5302 1567 5377 Act.
1604 5317 1768 5377 conc._
1793 5303 1984 5362 Const.

431 5393 469 5430 ιι
497 5372 696 5445 sacpius
730 5377 920 5443 legitur
944 5373 1083 5429 Maio
1107 5374 1293 5442 jucice
1324 5372 1354 5424 l.
1393 5374 1451 5434 l.,
1492 5373 1709 5445 librario
1739 5374 1985 5441 debetur,

431 5445 524 5516 qui
569 5443 677 5500 non
710 5445 1260 5516 intellexeritilittcrat
1290 5443 1683 5516 compendium
1723 5461 1846 5498 cum
1895 5463 1991 5501 stt-

435 5509 707 5586 perpusita
762 5516 1001 5586 lineola._
1032 5515 1254 5586 Contra
1290 5509 1443 5586 Vict;
1471 5511 1552 5586 _de
1599 5509 1791 5583 Wagn.
1856 5518 1890 5569 l.
1929 5519 1988 5583 l.,

431 5583 488 5656 ξι.
519 5583 627 5644 ivi.
661 5584 1091 5656 commentarium
1119 5584 1219 5636 levi
1245 5583 1442 5653 ingenii
1470 5583 1590 5636 lusu
1628 5585 1684 5656 in
1729 5601 1992 5656 commen-

432 5654 539 5708 tum
573 5655 852 5725 opprobrii
887 5669 1050 5708 causa
1094 5661 1357 5725 mutatum
1391 5668 1512 5707 esse
1551 5654 1825 5722 Opinatur.
1855 5655 1990 5712 Male

433 5724 677 5796 uterque.
704 5724 1081 5796 (Inrnmentum
1115 5724 1338 5796 serioris
1371 5727 1632 5791 temporis
1661 5727 1986 5796 vocabulum

429 5806 532 5856 est,
567 5791 674 5854 ιἰιιη
707 5811 756 5848 v.
796 5811 846 5850 ί).
890 5797 1001 5864 ipse
1033 5792 1159 5864 Fac.
1193 5807 1275 5864 ιιι,
1310 5794 1371 5864 6_.
1404 5808 1534 5864 usus
1563 5803 1662 5864 est.
1698 5791 1989 5863 Pompeius

421 5878 772 5925 ωωιηεηιιιίη
805 5858 937 5921 artis
971 5862 1160 5920 Donati
1195 5861 1296 5933 (ed.
1332 5858 1421 5915 Fr.
1450 5861 1805 5918 Liudetuaun.
1837 5858 1984 5936 Lips.

2099 4608 2358 4672 Promm.,
2403 4605 2501 4658 εἴτ’
2530 4601 2624 4659 οὖν
2652 4609 2779 4670 τοὺς
2814 4606 3035 4671 λοιποὺς
3080 4610 3204 4672 τοὺς
3260 4609 3357 4678 τῆς
3403 4601 3686 4681 βασιλείας

2097 4697 2313 4768 ἐκείνης
2340 4725 2426 4751 —-.
2458 4694 2563 4749 Pro
2591 4694 2810 4759 λοιπούς
2855 4697 2956 4766 leg.
2993 4712 3189 4752 censeo
3224 4700 3557 4769 περιοίκους.
3606 4731 3686 4742 ——

2096 4791 2218 4842 Am.
2248 4803 2321 4841 vtt
2349 4828 2362 4851 ,
2399 4787 2493 4841 1-5
2513 4826 2529 4851 ,
2563 4786 2746 4857 μεῖζον
2777 4787 2958 4842 (codd.
2991 4788 3231 4859 μείζονα)
3265 4790 3493 4860 ἱλασμοῦ
3521 4823 3588 4832 -
3617 4793 3689 4848 τὸ

2098 4879 2318 4949 πλῆθος.
2349 4907 2418 4918 -—
2441 4879 2562 4931 Am.
2595 4893 2689 4943 vn,
2720 4875 2837 4942 4-6,
2877 4878 2998 4931 καθ’
3033 4878 3100 4950 ἢν
3149 4879 3348 4949 (δίκην)
3389 4881 3560 4936 ἄπασι
3606 4883 3692 4937 δι-

2109 4970 2294 5034 κάζειν
2328 4968 2482 5021 είωθε
2521 4971 2628 5032 τοῖς
2681 4968 2989 5041 ἀνθρώποις
3018 4970 3216 5036 (codd.
3272 4973 3682 5045 ἀνθρωπίνοις),

2108 5089 2178 5102 --
2209 5058 2349 5113 Abd.
2387 5074 2529 5113 vers.
2558 5059 2609 5122 1,
2641 5059 2734 5112 καὶ
2761 5059 2859 5128 τὴν
2886 5059 3229 5113 διδασκαλίαν
3256 5061 3365 5113 τῶν
3406 5063 3689 5134 ἐσομένων
3786 5099 3791 5103 η

2104 5150 2351 5223 ὡσπερεί
2377 5149 2557 5220 (codd.
2591 5151 2665 5214 ὼς
2701 5151 2846 5222 περί.
2872 5150 2994 5204 Mai.
3027 5160 3080 5206 et
3103 5151 3169 5207 de
3202 5150 3398 5224 chn.
3427 5155 3571 5224 conj.
3603 5155 3689 5221 ὡς

2090 5308 2248 5371 1820,
2281 5308 2336 5379 8)
2371 5309 2617 5380 scripsit.
2651 5307 2870 5364 Exstitit
2901 5325 2965 5364 ex
2999 5310 3089 5364 illa
3133 5325 3267 5365 voce
3308 5309 3571 5366 Italorum
3635 5316 3687 5370 il

2089 5390 2378 5433 commento
2393 5413 2405 5428 σ

2160 5450 2232 5519 (b)
2262 5448 2346 5502 Cf.
2378 5447 2567 5503 Leout.
2601 5450 2637 5502 l.
2669 5465 2742 5511 c.,
2767 5467 2818 5520 p.
2853 5449 2977 5515 690,
3013 5469 3030 5500 ι
3052 5479 3125 5520 -ί
3149 5451 3683 5520 etiprzemeditatio-

2091 5535 2213 5592 nem
2235 5529 2620 5592 excaecando-nr
2652 5521 2706 5573 in
2743 5519 2787 5575 s.
2824 5521 2910 5574 Ps.
2937 5540 2960 5592 r
3005 5519 3159 5592 (cod.
3191 5519 3312 5575 Vat.
3337 5560 3352 5583 ,
3379 5521 3502 5592 τὴν.
3535 5523 3686 5576 κατὰ

2091 5587 2198 5640 τῶν
2217 5589 2393 5662 ίερῶν
2419 5587 2662 5662 Ψαλμῶν
2684 5587 3394 5662 τυφλοποιδνπροθειιιρίαν)
3415 5631 3428 5651 ,
3443 5587 3680 5646 ἼἸιεοά.

2095 5673 2180 5726 ap.
2216 5657 2342 5730 Fac.
2387 5675 2466 5730 ιιι,
2513 5659 2613 5710 6η
2653 5691 2720 5700 -
2749 5657 2922 5730 magis
2979 5657 3314 5730 negligenter
3370 5657 3684 5729 composita

2096 5736 2223 5800 sunt
2265 5728 2493 5793 plurima
2528 5733 2626 5794 (sc.
2656 5729 2709 5782 in
2745 5728 2886 5784 Psﬁa
2915 5728 3147 5796 ιιιεπεί
3165 5730 3400 5784 maxime
3433 5728 3530 5800 ille
3559 5748 3685 5800 qua

2093 5797 2265 5863 prima
2286 5807 2424 5849 sum.
2444 5817 2460 5847 ι
2483 5799 2682 5872 itaque
2710 5801 2797 5854 illa
2826 5801 2943 5856 loca
2973 5817 3036 5855 ex
3070 5800 3168 5854 hac
3198 5799 3507 5872 7:900:pr
3531 5797 3686 5855 sumo

2099 5877 2185 5936 pta
2223 5880 2344 5922 esse
2373 5867 2553 5923 credo.
