3920 6130
221 267 277 321 ιδ
964 270 1055 324 DE
1093 269 1439 327 TIIEODORI
1480 269 1711 328 IIOPSU
1722 270 1774 324 Et

1878 273 1966 325 ΞΜ
2008 271 2168 327 V'ITA
2212 269 2301 326 ΕΤ
2342 269 2675 328 ΞΟΗΙΡΤᾸΞ.
3380 273 3449 329 ις

224 378 386 449 παρά)
416 393 558 438 τινος
589 376 887 441 λαλοῦντος
919 380 1196 452 ὑπήκουον
1221 410 1379 436 -.-
1421 381 1559 437 Abd.
1595 382 1774 446 12-”,

1885 384 2045 447 ratio,
2074 398 2174 438 cur
2205 384 2362 438 cII'ata
2395 384 2557 439 modo
2595 383 2662 438 ad
2715 398 2799 438 res
2827 382 3136 439 Iudaeorum
3168 383 3446 463 Assyrias.

224 471 283 523 Τό
305 469 370 539 μὴ
403 466 587 539 (codd.
618 467 742 538 μὲν)
777 470 974 542 ὲπίδῃς
1003 472 1124 526 ἀντὶ
1161 471 1254 526 τοῦ
1295 473 1383 528 ἵνα
1414 473 1491 544 μὴ
1539 472 1782 543 ἱφησθῇς

223 556 344 623 λέγει
369 584 538 609 -.-
566 553 693 609 Jun.
754 572 810 627 p.
851 557 959 612 154
985 596 1002 622 ,
1037 559 1123 613 διὰ
1168 567 1291 630 post
1331 560 1432 632 τὴν
1484 560 1782 633 παράδοξον

222 645 394 716 ταύτην
439 646 710 716 ἐργασίαν
755 664 947 703 errore
987 658 1175 705 natum
1213 651 1527 708 delendum.
1560 682 1630 694 —-
1652 651 1776 708 Jon.

223 755 252 799 ι,
276 738 323 802 2,
348 736 472 792 fort.
510 738 616 809 leg.
652 767 724 778 --
756 739 790 809 ἧ
823 741 899 811 μὴ
924 741 1384 811 μεταϐαλομένοις
1406 743 1586 811 (codd.
1617 762 1782 815 μετα-

222 830 552 901 εαλομένους)
570 859 742 884 -.-
762 830 890 887 Jon.
924 847 966 893 1,
992 833 1047 895 5,
1080 832 1157 897 ὡς
1181 833 1346 888 αὑτοῦ
1385 834 1460 904 μὴ
1506 833 1690 902 (codd.
1719 833 1780 887 τό

221 920 713 990 τε)ἐπιφαξνεσθαι
762 923 821 977 ὲν
870 924 965 991 (ὲν
1004 924 1059 980 in
1107 923 1268 980 codd.
1302 925 1477 995 deest)
1509 926 1619 989 τοῖς
1665 926 1784 979 ἐκεῖ

219 1012 380 1073 viast;
412 1011 555 1081 μηδὲ
599 1041 671 1051 -
703 1012 1059 1083 ἀνεχομένου.
1089 1043 1161 1055 —--
1192 1012 1359 1068 Micb.
1413 1029 1466 1067 tv
1485 1054 1501 1080 ,
1533 1014 1635 1080 15,
1683 1013 1781 1084 τὴν

219 1099 471 1153 ἀπώλειαν
510 1100 688 1169 λογιεῖ
740 1100 909 1173 (cod.
959 1100 1083 1156 Vat.
1126 1102 1278 1173 λογιῇ
1309 1144 1325 1167 ,
1379 1103 1505 1159 cod.
1539 1101 1775 1157 Viudob.

218 1189 490 1257 ἁναλοτιεῖ.
529 1188 607 1243 De
632 1188 827 1261 Wegn.
859 1190 962 1261 legi
995 1192 1202 1244 mavult
1224 1191 1531 1259 ἀναλοτιείς
1556 1190 1621 1260 (?)
1648 1192 1664 1257 )
1701 1189 1779 1262 τῷ

216 1280 319 1350 Θεῷ
340 1309 507 1333 --.—-
538 1279 680 1335 Nab.
710 1296 772 1347 ιι,
800 1280 854 1345 8,
876 1280 1273 1352 -διήλλαττεν
1307 1282 1497 1354 (codd.
1528 1281 1779 1352 διήλλατ-

216 1374 321 1444 m)
350 1401 518 1424 -.—
540 1370 680 1426 Nah.
715 1389 799 1436 ιιι,
842 1372 933 1437 15,
996 1372 1137 1426 Ἀλλ’
1163 1372 1313 1426 οὐδὲν
1348 1371 1500 1426 ἔσται
1534 1389 1616 1426 σοι
1643 1373 1779 1444 πρὸς

218 1463 473 1533 σωτηρίαν
500 1464 804 1535 μηχάνημα
831 1464 979 1527 τότε,
1006 1462 1314 1517 τούναντίον
1340 1463 1439 1534 μὲν
1464 1458 1558 1517 οὖν
1590 1463 1780 1535 ὥσπερ

217 1551 283 1613 εἷς
303 1568 420 1602 τινα
444 1551 616 1621 πηλὸν
646 1552 866 1624 ἐμπέσῃ
894 1551 957 1605 τὸ
999 1552 1228 1624 μέγεθος
1254 1552 1363 1606 τῶν
1393 1552 1596 1619 κακῶν,
1623 1552 1779 1622 δίκην

218 1642 415 1711 ἀχύρων
460 1644 522 1694 ὲν
553 1644 772 1711 ποιήσει
815 1644 1055 1697 πλίνθων
1088 1643 1553 1713 συμπατουμένων
1596 1659 1655 1695 τε
1685 1641 1780 1696 καὶ

219 1732 732 1801 συναναφυρομένων
764 1731 843 1803 τῷ
880 1731 1039 1803 πηλῷ
1079 1733 1258 1802 (codd.
1294 1734 1583 1805 ἐμποιήσει
1628 1732 1777 1786 πλίν-

218 1821 299 1875 θον
321 1821 772 1893 σνμπατούμενόν
802 1839 860 1874 τε
884 1823 983 1876 καὶ
1009 1823 1594 1895 συναναφυρόμενονα)
1618 1840 1667 1876 τ.
1689 1823 1775 1895 π.)

217 1911 269 1965 ὲν
284 1911 459 1965 ἅπασι
487 1913 735 1975 τοίςτότε
760 1912 1066 1983 φυρόμενος
1088 1914 1267 1982 (codd.
1295 1915 1641 1986 φυρομένοις)
1669 1932 1772 1970 κα-

218 2002 324 2064 κοῖς
364 2002 460 2054 καὶ
482 2003 660 2065 αὐτὸς.
690 2002 759 2058 H.
789 2018 842 2059 e.
875 2021 894 2054 ι
921 2002 1303 2060 Verumtamen
1340 2012 1455 2060 tum
1486 2007 1633 2059 nulla
1677 2007 1775 2062 tibi

220 2092 311 2145 erit
337 2093 533 2149 salutis
565 2093 923 2159 machinatio,
948 2096 1060 2149 imo
1094 2096 1256 2150 veluti
1287 2097 1340 2153 in
1364 2097 1539 2152 lutum
1566 2097 1777 2153 incides

218 2184 267 2236 in
289 2185 548 2238 malorum
584 2185 1018 2255 magnitudinem
1046 2194 1102 2242 et
1129 2188 1405 2258 palearum
1438 2188 1634 2253 instar,
1656 2204 1778 2260 qua

216 2286 329 2326 cum
354 2274 550 2329 lateres
572 2274 967 2341 conﬁciuntur,
996 2279 1392 2335 conculcantur
1412 2288 1469 2336 et
1492 2281 1607 2336 Iulo
1630 2297 1779 2338 com-

219 2365 536 2429 miscentur,
584 2367 841 2423 omnibus
871 2368 1022 2425 illius
1050 2371 1310 2442 temporis
1363 2374 1523 2428 malis
1570 2381 1626 2430 et
1660 2375 1779 2446 ipse

216 2455 705 2510 reminisceberis.»
741 2487 809 2497 —
844 2456 1051 2513 Babae.
1089 2476 1150 2523 tt,
1181 2460 1234 2527 4,
1266 2462 1429 2516 ’Ὥστε
1474 2464 1655 2534 (codd.
1679 2466 1778 2536 ὡς)

215 2546 366 2598 elui
397 2564 483 2610 τις
508 2549 760 2619 ὀκνήσειε
781 2578 949 2603 -.-
975 2549 1111 2605 IIab.
1140 2568 1201 2616 tt,
1232 2553 1319 2617 15,
1366 2554 1459 2608 τὸν
1501 2550 1644 2610 οἶνον
1685 2559 1780 2610 καὶ

214 2637 271 2691 τὸ
290 2639 460 2691 πίνειν
498 2641 663 2693 αὐτὸν
702 2642 793 2695 ἐπὶ
832 2642 935 2714 τῆς
980 2645 1267 2714 συμφορᾶς
1305 2645 1486 2710 (codd.
1513 2648 1611 2709 τὰς
1643 2665 1779 2719 συμ-

218 2730 398 2803 φορὰς)
422 2732 590 2801 λέγει.
625 2764 695 2774 —
723 2734 891 2789 Zacb.
920 2752 960 2799 ι,
995 2735 1049 2798 7,
1084 2735 1193 2790 τῶν
1233 2738 1330 2807 μὲν
1367 2738 1548 2793 ἵππων
1569 2740 1782 2809 δηλούν·

212 2835 317 2891 τφν
360 2821 458 2892 τὴν
502 2823 778 2893 taxum-ca.
833 2824 936 2894 τῆς
973 2826 1346 2898 λειτουργίας,
1400 2829 1536 2883 ἀλλὰ
1578 2831 1634 2883 δὲ
1668 2831 1780 2884 τῶν

214 2912 430 2983 stuppth
456 2915 532 2983 (ς.
574 2912 698 2968 Vat.
728 2915 878 2969 ἄλλοι
908 2917 965 2969 δὲ
997 2919 1203 2989 πυῤῥὺν
1227 2919 1292 2989 (ἲ)
1312 2961 1326 2983 ,
1358 2936 1410 2975 c.
1458 2920 1613 2976 Vind.
1643 2923 1777 2978 ἀλλὰ

210 3001 508 3077 δὲπνῤῥὸν)
544 3005 637 3058 τὸν
680 3005 874 3074 θυμὸν,
914 3006 974 3060 ὃν
1015 3009 1171 3062 κατά.
1198 3040 1265 3050 -
1291 3009 1455 3064 Zaclt.
1491 3026 1565 3074 Ix,
1603 3013 1658 3077 9,
1693 3014 1756 3069 l0

209 3093 438 3148 τοιοῦτον
464 3098 581 3148 ἐστι
619 3096 713 3149 καὶ
734 3097 798 3150 τὸ
824 3097 976 3169 παρὰ
1004 3098 1074 3167 (τ.
1102 3115 1162 3150 π.
1195 3102 1450 3154 omittunt
1471 3102 1657 3171 codd.)
1700 3104 1779 3174 τῷ

210 3203 266 3255 μ
305 3190 368 3239 Δ.
410 3188 519 3241 Sed
549 3186 687 3243 Joel.
738 3203 821 3252 ιιι,
873 3189 1077 3257 16-18,
1124 3191 1284 3246 verba
1329 3193 1387 3246 at
1436 3194 1679 3248 εἰωθυῖαι
1707 3224 1778 3237 --

209 3275 432 3348 δωρεαί,
484 3278 706 3335 lectoris
761 3278 1050 3348 cujusdam
1098 3279 1675 3351 interpretamentum,
1722 3284 1777 3339 in

209 3375 417 3423 textum
452 3371 587 3424 male
618 3371 891 3425 invasisse
929 3372 1204 3440 SllSplCOI'.

274 3451 356 3508 De
376 3455 748 3509 commentarii
783 3455 988 3520 indole,
1030 3454 1186 3509 laude
1217 3467 1271 3510 et
1294 3456 1440 3513 vitiis
1461 3458 1666 3513 multus
1695 3468 1780 3513 est

210 3542 343 3609 Aug.
381 3540 552 3597 Maius
582 3542 619 3595 l.
648 3544 711 3607 l.,
749 3543 936 3607 Prat,
969 3561 1024 3615 p.
1053 3560 1118 3599 xv
1146 3560 1264 3614 sq.;
1313 3561 1415 3616 ego
1447 3547 1638 3617 paucis
1679 3548 1778 3603 ab-

212 3633 428 3688 solvam.
453 3634 604 3691 Solet
623 3635 950 3692 Theodorus
981 3638 1094 3704 ubi,
1114 3653 1221 3708 quo
1242 3646 1486 3710 tempore
1512 3641 1776 3710 propheta

214 3725 532 3780 vaticinatus
556 3727 649 3790 sit,
688 3743 828 3796 quas
856 3743 946 3782 res
979 3729 1312 3798 praedixerit,
1343 3738 1395 3783 et
1424 3744 1533 3800 qua
1562 3730 1774 3787 ratione

214 3815 324 3882 ejus
372 3816 534 3872 effata
581 3832 707 3871 cum
757 3819 924 3874 rebus
984 3817 1313 3877 Christianis
1370 3820 1780 3876 continerentur

218 3904 401 3967 dicere,
428 3905 749 3977 plerumque
773 3908 888 3975 ipsa
929 3908 1203 3977 prophetae
1231 3908 1393 3963 verba
1426 3924 1491 3962 ex
1525 3906 1664 3963 LXX
1697 3912 1780 3965 in-

217 4000 592 4065 terpretatione
620 4003 697 4068 (a)
729 3998 923 4054 aﬂ‘erre
956 4015 1130 4068 eaque
1153 4001 1449 4070 explicare.
1479 4000 1615 4057 Cum
1644 4017 1777 4057 vero

217 4089 485 4144 mittentia:
525 4090 817 4144 verborum
861 4091 1208 4145 enucleanda:
1239 4092 1475 4147 maxime
1517 4103 1663 4149 esset
1694 4095 1777 4148 in-

218 4183 423 4241 tentus,
471 4179 646 4233 missa
680 4176 1034 4249 ἀκριϐολογίᾳ
1081 4178 1145 4233 de
1178 4180 1340 4235 rebus
1382 4197 1505 4249 qua:
1534 4181 1670 4252 πρὸς
1717 4182 1776 4236 τδ

217 4264 386 4337 νόημα
421 4269 555 4322 nihil
580 4268 846 4332 facerent,
878 4283 932 4323 v.
961 4283 1009 4322 c.
1039 4268 1105 4323 de
1130 4269 1356 4324 urbibus
1392 4269 1625 4339 ignotis,
1656 4287 1775 4342 quae

1883 472 2045 528 modo
2096 473 2161 526 ad
2200 472 2556 545 Babylonicas
2579 513 2593 534 ,
2628 473 2790 528 modo
2840 471 2906 527 ad
2938 472 3315 528 Marhabaicas
3364 488 3449 528 re-

1882 565 2085 619 tulerit.
2119 563 2226 635 Ipsi
2266 566 2319 619 in
2352 565 2453 620 bas
2504 565 2691 621 illasve
2737 566 3011 636 prophetae
3052 566 3213 620 verba
3253 567 3449 621 melius

1880 655 2152 723 quadrare
2185 655 2527 711 videbantur.
2558 654 2665 710 Sed
2727 656 2990 725 quidquid
3039 656 3090 709 ci
3145 656 3447 721 videbatur,

1881 744 1934 801 id
1964 744 2020 800 in
2053 753 2200 799 tanta
2228 745 2694 816 interpretationis
2719 746 2935 801 licentia
2961 763 3025 801 ex
3049 746 3228 799 verbis
3256 761 3449 800 eruere

1881 852 1989 891 non
2019 837 2249 892 arduum
2279 849 2416 893 erat.
2453 839 2775 908 Quanquam
2808 839 2911 893 hoc
2961 838 3133 907 magis
3168 852 3197 889 a
3222 837 3449 907 reliquis

1880 924 1947 982 ν.
1983 925 2046 982 Τ.
2083 928 2473 999 interpretibus
2519 928 2724 984 Graecis
2784 928 3142 984 commissum
3184 943 3291 982 non
3336 936 3447 982 tam

1882 1018 2173 1075 Theodoro
2200 1034 2364 1091 quam
2388 1020 2615 1091 tempori
2644 1034 2755 1090 quo
2786 1019 2920 1073 vixit
2946 1018 3074 1072 vitio
3104 1017 3445 1075 vertendum,

1884 1109 2072 1165 Voluit
2105 1111 2384 1165 licentiam
2422 1124 2676 1166 coercere
2697 1150 2712 1169 .
2744 1110 2837 1165 sed
2866 1125 2972 1164 non
3001 1111 3208 1180 potuit,
3239 1115 3292 1161 et
3316 1108 3447 1163 dum

1879 1200 2017 1256 alios
2042 1199 2166 1269 jure
2192 1200 2427 1255 licentia:
2459 1202 2778 1270 postularet,
2809 1199 2926 1269 ipse
2956 1201 3063 1255 alia
3121 1201 3335 1256 ratione
3378 1200 3449 1257 Ιίς

1879 1290 2072 1346 centiae
2099 1290 2288 1344 vitium
2320 1290 2575 1344 incurrit.
2606 1288 2711 1344 Sed
2738 1291 3164 1347 commentarius
3187 1290 3450 1345 doctrinas

1881 1382 2149 1441 Theodori
2188 1384 2396 1438 rectius
2426 1382 2823 1453 cognoscenda:
2874 1383 3217 1452 aliquatenus
3271 1383 3449 1439 inser-

1878 1475 1975 1529 vit.
2007 1473 2119 1528 Etsi
2144 1474 2289 1528 enim
2317 1474 2611 1544 prephetas
2636 1488 2758 1543 qua:
2786 1472 2987 1527 Iudicis
3024 1488 3195 1543 usque
3224 1472 3291 1526 ad
3319 1481 3450 1528 tem-

1879 1579 2011 1636 pora
2058 1560 2410 1619 llaebabaica
2468 1564 2782 1618 acciderent
2841 1565 3183 1634 portendisse
3235 1564 3447 1627 statuit,

1879 1654 2113 1723 quodam
2144 1661 2327 1707 tamen
2355 1654 2570 1708 vinculo
2598 1655 2987 1724 prophetarum
3013 1654 3175 1710 en'ata
3207 1670 3333 1709 cum
3360 1670 3450 1710 re-

1808 1730 1851 1786 Β
1879 1743 1982 1798 bus
2006 1741 2338 1797 Christianis
2390 1744 2761 1805 consociavit,
2808 1759 2931 1799 cum
2969 1745 3090 1799 aliis
3125 1744 3452 1811 rationibus,

1878 1837 1992 1884 tum
2031 1844 2098 1884 eo
2147 1838 2454 1885 commotus
2478 1871 2492 1894 ,
2522 1832 2667 1902 quod
2720 1835 2838 1889 loca
2878 1831 2943 1886 ν.
2974 1831 3038 1886 Τ.
3086 1833 3138 1886 in
3170 1831 3236 1886 N.
3269 1831 3335 1886 ad
3366 1848 3452 1889 res

1875 1916 2219 1974 Christianas
2251 1918 2606 1975 referrentur.
2633 1920 2810 1989 Atque
2841 1920 3150 1989 huiusmodi
3206 1920 3322 1974 loca
3357 1921 3449 1977 ubi

1878 2009 2270 2079 interpretatur
2290 2051 2306 2073 ,
2358 2009 2471 2065 fere
2514 2011 2738 2066 uberius
2786 2012 3011 2081 exponit
3044 2013 3170 2080 quil
3199 2013 3266 2066 de
3297 2008 3356 2066 ιτ.
3382 2011 3447 2068 Τ.

1878 2104 2078 2159 sentiat
2102 2110 2157 2159 et
2187 2118 2310 2173 qua:
2347 2101 2543 2158 horum
2575 2102 2843 2168 locorum,
2883 2118 3003 2173 quae
3030 2103 3204 2172 primo
3227 2104 3447 2173 quidem

1879 2195 2015 2252 alias
2041 2210 2129 2251 res
2159 2195 2372 2251 futuras
2400 2193 2759 2259 iudicassent,
2792 2195 2932 2249 ratio
2958 2210 3084 2251 cum
3119 2195 3279 2251 rebus
3294 2196 3452 2253 Chri-

1879 2285 2073 2342 stianis
2104 2286 2197 2353 sit,
2228 2293 2482 2357 typorum
2513 2300 2614 2357 ope
2645 2286 2920 2357 explanat.
2953 2316 3024 2327 —-
3059 2287 3217 2342 Clare
3249 2295 3303 2342 et
3330 2304 3454 2356 per-

1879 2375 2065 2446 spicue
2091 2390 2214 2430 cum
2243 2376 2484 2432 scribere
2511 2377 2691 2443 vellet,
2710 2376 2929 2431 easdem
2953 2376 3254 2433 sententias
3280 2378 3449 2433 etiam

1878 2477 2040 2539 atque
2070 2469 2235 2525 etiam
2269 2467 2504 2540 repetiit,
2525 2475 2579 2523 et
2608 2467 2846 2537 periodis
2872 2483 3008 2525 usus
3037 2478 3119 2523 est
3143 2483 3282 2540 quas
3304 2483 3447 2539 agre

1882 2561 2059 2632 primo
2085 2560 2281 2615 obtutu
2309 2557 2632 2629 perspicias.
2673 2556 2749 2613 Ita
2776 2559 2952 2631 stylus
2979 2560 3243 2616 verbosus
3264 2597 3280 2622 ,
3307 2561 3448 2617 sale-

1879 2656 2079 2707 brosus
2122 2660 2177 2705 et
2235 2650 2509 2706 obscurus
2561 2650 2829 2706 redditus.
2862 2649 2920 2705 In
2978 2652 3217 2723 periodis
3267 2660 3448 2707 autem

1879 2741 2277 2798 constituendis
2338 2743 2628 2813 verbisque
2692 2742 2962 2814 eligendis
3021 2758 3082 2796 ea
3140 2744 3450 2800 constantia

1879 2841 2127 2890 versatus
2158 2842 2262 2898 est,
2298 2848 2459 2904 quam
2497 2834 2589 2888 vix
2637 2833 2691 2889 in
2724 2834 2835 2888 ullo
2887 2835 2995 2889 alio
3045 2836 3313 2905 scriptore
3358 2836 3453 2891 de-

1880 2923 2206 2995 prehendas.
2233 2923 2500 2978 Caeterum
2537 2922 2715 2978 oratio
2737 2921 2925 2979 Gram
2957 2923 3264 2981 laudabilis.

1741 3054 1776 3117 ζ’
1806 3055 1848 3114 C
1883 3057 1945 3113 ll.
1972 3056 2355 3114 Commentarii
2377 3058 2430 3112 in
2464 3056 2680 3122 labant,
2715 3058 3065 3113 Ecclesiasten
3094 3070 3143 3115 et
3169 3060 3449 3118 Canticum

2490 3130 2835 3183 canticorum.

1950 3259 2220 3316 Theodori
2256 3262 2309 3315 in
2344 3259 2538 3315 Jobum
2577 3262 2956 3318 commentarii
2989 3260 3093 3333 (cf.
3130 3267 3250 3320 Act.
3288 3281 3445 3322 conc.

1880 3350 2066 3406 Const.
2098 3367 2261 3416 ll,‘lV,
2303 3351 2489 3424 63-67)
2513 3370 2528 3420 ;
2554 3351 2745 3409 Leout.
2784 3355 2824 3408 l.
2849 3368 2922 3418 c.,
2957 3370 3006 3422 p.
3044 3355 3168 3420 690,
3204 3376 3300 3409 s—
3328 3373 3452 3428 que

1880 3457 2016 3498 vane
2044 3443 2344 3498 elaboravit
2372 3474 2395 3484 ο
2418 3474 2440 3485 ο
2469 3443 2523 3498 in
2562 3444 2757 3498 librum
2802 3454 2992 3499 contra
3039 3444 3204 3506 Job,»
3257 3446 3447 3507 Ebcdi.

1879 3534 1917 3588 l.
1943 3548 2017 3597 c.,
2070 3550 2124 3605 p.
2170 3537 2232 3590 51
2264 3553 2276 3586 :
2314 3554 2334 3588 ι
2363 3565 2430 3576 -
2470 3534 2571 3591 Job
2601 3536 2817 3591 duobus
2860 3537 3022 3591 tomis
3072 3536 3139 3589 ad
3188 3537 3447 3609 Cyrillum

1878 3624 2242 3684 Alexandr.»
2286 3625 2478 3681 dubito
2509 3641 2614 3689 an,
2664 3625 2909 3695 exceptis
2949 3626 3016 3680 iis
3052 3641 3174 3695 qute
3224 3628 3278 3682 in
3326 3628 3446 3683 Act.

1879 3730 2038 3771 conc.
2072 3715 2260 3770 Const.
2297 3732 2359 3781 ιι,
2385 3718 2422 3770 l.
2462 3719 2495 3771 l.
2531 3718 2821 3787 leguntur,
2855 3718 3022 3771 multa
3062 3727 3274 3797 aetatem
3309 3721 3449 3778 tule-

1878 3811 2009 3861 rint.
2036 3804 2368 3861 Memoratur
2409 3815 2590 3863 tamen
2621 3805 2942 3863 Theodorus
2981 3808 3034 3862 in
3072 3808 3193 3864 Cat.
3230 3810 3448 3865 ineditis

1880 3897 2020 3952 inter
2040 3897 2435 3966 explicatores;
2462 3897 2534 3952 cf.
2568 3907 2675 3953 cat.
2705 3898 2884 3953 Vatic.
2915 3899 3179 3953 vetustior
3207 3907 3260 3954 ct
3305 3917 3449 3971 qna:-

1878 3988 2002 4043 dam
2041 3989 2207 4043 altera
2268 3990 2539 4044 recentior
2561 4031 2576 4053 ,
2609 3990 2731 4045 cod.
2771 3988 3084 4043 IVinccntii
3117 3989 3327 4045 Pinelli.
3358 3989 3444 4047 Cf.

1877 4078 2158 4135 Possevini
2194 4078 2453 4147 Apparat.
2504 4098 2551 4135 δ.
2604 4076 2668 4143 ΙΙ,
2706 4096 2760 4152 p.
2805 4078 2932 4143 269,
2964 4079 3102 4145 270;
3145 4077 3267 4135 Cat.
3320 4080 3442 4134 cod.

1876 4171 1996 4226 XXI
2032 4172 2163 4227 bibl.
2194 4171 2360 4227 Marc.
2403 4170 2596 4227 Venet.
2625 4190 2639 4237 ;
2676 4172 2750 4227 cf.
2784 4171 2989 4227 IlIorell.
3019 4173 3139 4237 1.1.,
3176 4170 3215 4239 l,
3246 4189 3298 4242 p.
3333 4170 3445 4242 3S;

1875 4261 1995 4316 Cat.
2027 4261 2147 4317 cod.
2182 4260 2387 4317 CXCIV
2419 4262 2549 4316 bibl.
2579 4262 2744 4317 Coisl.
2778 4280 2792 4329 ;
2826 4264 2898 4317 cf.
2930 4262 3117 4317 Moutl‘.
3150 4263 3217 4319 Β.
3252 4263 3444 4329 Coisl.,

215 4369 265 4412 et
290 4357 379 4413 ubi
408 4359 641 4415 fuissent
673 4358 791 4431 (cf.
820 4360 944 4414 Am.
996 4376 1073 4422 vi,
1102 4362 1156 4422 9,
1189 4360 1296 4426 IO;
1346 4375 1399 4431 p.
1441 4359 1569 4426 227,
1606 4376 1680 4426 ix,
1719 4359 1771 4424 7,

1878 4367 1929 4421 p.
1957 4352 2059 4406 247
2083 4370 2098 4418 ;
2126 4351 2244 4406 Cat.
2277 4353 2398 4407 cod.
2433 4350 2616 4406 XXVII
2648 4354 2777 4407 bibl.
2802 4354 2939 4410 Med.
2976 4354 3138 4412 Laur.
3163 4373 3177 4420 ;
3206 4355 3277 4410 cl'.
3307 4356 3445 4410 Ban-
3508 4402 3527 4415 .

214 4450 336 4523 aL),
364 4453 638 4508 interdum
678 4419 1077 4524 prophetarum
1105 4419 1240 4521 quas
1280 4419 1506 4522 putabat
1553 4419 1773 4508 senten-
1806 4419 1847 4474 θ
1877 4419 1992 4496 δίη·
2030 4443 2067 4495 1ο
2103 4443 2166 4505 lu
2204 4442 2248 4507 lo
2294 4459 2346 4512 1)·
2390 4444 2478 4497 52·
2510 4441 2612 4495 sed
2654 4450 2845 4496 εθιοηῖι
2893 4445 3070 4511 Primo
3105 4419 3224 4497 ιοέο
3268 4448 3445 4514 Ροείιθ

214 4540 309 4595 tias
331 4543 710 4597 tantummodo
735 4542 856 4596 aliis
883 4541 1065 4596 verbis
1086 4540 1340 4604 reddidit,
1362 4541 1564 4611 sapius
1588 4548 1771 4596 tamen

211 4643 354 4683 sam
379 4632 888 4701 interpretationem
927 4629 1125 4700 lingua:
1156 4636 1209 4685 et
1239 4645 1423 4685 rerum
1466 4631 1772 4686 rationibus

209 4723 359 4776 etiam
389 4724 603 4778 munire
627 4722 852 4790 studuit,
883 4718 1153 4793 praecipue
1177 4738 1304 4778 vero
1340 4723 1608 4793 imagines
1626 4723 1769 4776 haud

206 4825 322 4868 raro
355 4824 505 4869 recte
548 4813 770 4884 quidem
825 4814 1100 4884 exposuit.
1130 4813 1376 4868 Aliorum
1412 4814 1767 4883 interpretum

206 4906 499 4960 sententias
528 4921 652 4961 raro
707 4905 929 4970 attulit,
961 4905 1139 4962 rarius
1169 4904 1445 4960 refutavit.
1488 4903 1764 4972 Quemad«

203 4994 415 5050 modum
444 5006 627 5050 autem
649 4997 939 5065 permulta,
974 4995 1173 5065 quibus
1199 5010 1328 5051 suas
1374 4995 1766 5064 explicationes

207 5081 451 5149 ﬁrmavit,
482 5084 838 5141 fundamento
857 5092 1070 5149 carent,
1095 5087 1182 5140 cui
1207 5096 1351 5141 recte
1373 5087 1531 5141 inniti
1562 5087 1763 5157 possis,

207 5175 272 5230 ita
317 5190 451 5249 vaga
499 5178 664 5232 etiam
715 5185 772 5233 et
827 5176 884 5231 in
947 5172 1221 5230 Theodori
1258 5175 1487 5231 arbitrio
1529 5175 1635 5229 sita
1682 5183 1767 5230 est

626 5289 637 5301 ,ι

263 5336 519 5465 (omne
546 5339 851 5395 versionem
887 5334 1112 5389 maximi
1144 5335 1289 5399 fecit,
1316 5333 1596 5406 Syriacam
1624 5350 1757 5391 con-

263 5426 276 5463 l
443 5409 769 5465 inenendit.
810 5406 969 5460 Illam
1006 5406 1154 5459 viros
1202 5404 1400 5465 linguae
1434 5403 1670 5460 Hebraeae
1704 5414 1757 5460 et

443 5406 969 5481 ipependiLAIllam
1006 5406 1154 5459 viros
1202 5403 1400 5481 lingu-ae
1434 5403 1670 5481 Hebraeae
1704 5414 1759 5460 et

208 5475 515 5551 βώμιοι-ε’
561 5475 941 5551 peritissimos
1003 5482 1056 5551 et
1122 5475 1366 5544 pontilici
1435 5477 1759 5551 populoque

207 5543 488 5607 Israelitico
512 5543 768 5619 probatos
795 5543 1116 5619 confecisse
1128 5543 1370 5619 eamque
1400 5543 1467 5619 a_b
1495 5543 1759 5619 apostolis

208 5633 456 5690 receptam
489 5610 599 5690 jam
650 5622 703 5675 in
735 5610 1299 5690 Ecclesiaatl‘bibe‘ri'
1331 5612 1489 5684 (πῶς
1515 5610 1614 5690 οὖν
1662 5616 1760 5690 est:

206 5683 405 5761 eam
427 5683 686 5761 νοξιίζειν,
700 5693 780 5747 ὅτι
803 5691 857 5744 οι
886 5683 1410 5761 μὶνίεδρομήξωντα
1430 5684 1763 5761 -τ-διξ-ςξφάλ-

207 5754 339 5815 λαγὼ
368 5754 503 5834 περῖ
522 5754 681 5830 λέξιν,
706 5762 754 5818 οἳ
776 5754 1019 5826 καῖπρδ
1045 5754 1227 5823 πάσης
1251 5754 1541 5825 ἑρμηνείας
1568 5755 1764 5825 ᾕδευιν

1872 4533 2059 4588 eadem
2091 4532 2306 4586 videtur
2334 4547 2456 4587 esse
2491 4547 2655 4601 quam
2691 4533 2753 4585 A.
2785 4531 2957 4587 .‘llalus
2983 4534 3100 4596 I.I.,
3140 4534 3178 4594 I,
3214 4551 3267 4605 p.
3305 4552 3440 4601 xxtt,

1874 4637 2039 4676 unum
2072 4622 2341 4677 Theodori
2374 4623 2550 4677 locum
2586 4622 2946 4691 eutudemque
2984 4638 3050 4676 ex
3096 4623 3216 4692 ejus
3241 4625 3295 4677 in
3334 4624 3441 4681 Za-

1871 4714 2108 4768 chariam
2138 4714 2532 4770 commentario
2561 4712 2785 4783 petitum
2822 4713 3103 4769 continere
3134 4715 3400 4787 perhibet.

1942 4804 2216 4861 Theodori
2262 4805 2329 4861 de
2353 4805 2494 4861 libro
2522 4804 2643 4859 .lobi
2694 4805 2959 4859 sententia
2996 4807 3096 4877 (v.
3132 4807 3325 4879 fragm.
3385 4810 3439 4865 in

1874 4897 1996 4951 Act.
2030 4911 2188 4951 conc.
2220 4894 2409 4952 Const.
2443 4913 2503 4963 ιι,
2530 4898 2565 4950 l.
2612 4897 2647 4951 l.
2685 4904 2739 4952 et
2770 4896 2961 4952 Leont.
2998 4896 3034 4950 l.
3064 4913 3139 4963 c.,
3172 4914 3224 4968 p.
3267 4899 3371 4953 637
3398 4902 3440 4971 ),

1874 5005 1995 5060 qua
2031 5005 2165 5045 sane
2210 4987 2531 5044 orthodoxis
2560 4991 2900 5045 stomachum
2931 5005 3149 5046 movere
3188 4992 3440 5059 debebat,

1875 5083 1983 5137 huc
2008 5081 2168 5136 redit.
2192 5080 2365 5136 Jobus
2400 5095 2429 5133 a
2454 5081 2720 5151 scriptore
2756 5082 2876 5136 libri
2912 5083 3079 5151 probe
3122 5082 3441 5137 discernen-

1876 5172 1999 5227 dus.
2040 5171 2133 5227 Ille
2164 5173 2325 5226 homo
2353 5181 2470 5228 erat
2496 5171 2766 5227 barbarus
2794 5214 2809 5237 ,
2844 5171 3093 5225 Edomita
3130 5186 3360 5241 genere.
3387 5180 3441 5227 et

1856 5337 2073 5399 πάντως
2106 5335 2165 5388 τὸ
2209 5336 2266 5387 ἐν
2288 5336 2361 5406 ᾼτῇ
2394 5332 2514 5403 θείᾳ
2552 5331 2800 5406 κ-εεμενον
2830 5330 3012 5402 Γραφῇ
3048 5348 3153 5406 _—-;
3185 5345 3236 5399 p.
3265 5331 3371 5386 252
3397 5334 3438 5396 ),

1860 5407 2003 5460 hanc
2035 5421 2163 5460 vero
2204 5421 2233 5457 a
2282 5399 2420 5474 Sfro
2450 5399 2686 5474 quodam
2721 5399 2907 5474 ignoto
2947 5399 3254 5474 profectam,
3289 5417 3432 5474 esse.

1856 5475 2123 5530 Pl’tl‘tPt'ett
2155 5471 2353 5544 smpius
2385 5488 2458 5541 (ρ.
2479 5472 2613 5535 263)
2652 5472 2703 5524 itt
2733 5471 3074 5577 θαυξιαστοὺς
3107 5471 3437 5538 μυθολόγους

1857 5546 1966 5577 με’...
2014 5545 2199 5577 τε.·.,.,....
2243 5553 2293 5577 οι
2337 5541 2633 5577 νηωηηρς-
2683 5558 2737 5577 ηις
2779 5559 2843 5577 νη
2925 5540 3182 5577 sum”-
3236 5540 3435 5577 ...ιιιημκ

1857 5546 1966 5598 τῶν
2014 5545 2199 5615 Σύρων
2234 5540 2296 5615 et
2337 5540 2740 5615 Euptaxoﬁ;_ts
2779 5540 2871 5615 καλ
2915 5540 3182 5615 Δγριιὼῥξις
3234 5540 3435 5610 μύθους

1860 5610 2155 5677 invehitur,
2181 5610 2489 5680 cujusmddi
2515 5610 2695 5665 verbis
2725 5612 2865 5664 haud
2894 5610 3059 5665 dubio
3084 5610 3431 5680 Ephraemum

1867 5687 2029 5738 ctiam
2066 5677 2289 5741 notavit.
2323 5681 2405 5734 (If.
2440 5683 2662 5736 omnino
2707 5680 2888 5734 Ilabac
2942 5698 3003 5744 ιι,
3042 5682 3093 5731 ll
3133 5677 3144 5744 ζ
3192 5677 3360 5746 Soph.
3395 5692 3433 5742 ι,

1872 5756 2002 5822 4-6,
2038 5771 2114 5815 ιιι,
2165 5755 2210 5816 l,
2246 5758 2297 5805 2.
