3920 6130
2280 151 2317 161 *ιι-υ

442 263 515 319 ιι
1325 262 1627 320 ΟΤΤΟΝΙΒ
1649 263 1828 321 FRID.
1870 261 2025 318 FRiT

2112 262 2258 319 lCHE
2291 262 2791 320 COMMENTATIO
3632 270 3704 329 ιιι

442 398 687 469 probus,
731 397 890 469 cujus
937 398 1167 454 historia
1222 417 1243 452 ι
1278 403 1513 455 maxima
1569 411 1622 459 et
1665 404 1812 459 clara
1842 404 1896 458 in
1924 418 2020 459 ore

2125 378 2451 440 Theodorus
2480 384 2547 438 ad
2588 385 2822 438 amicum
2850 383 3041 439 nescio
3061 397 3245 455 quem,
3271 398 3351 447 se,
3380 396 3507 439 cum
3541 395 3703 442 antes

441 489 684 543 omnium
742 489 996 545 similiter
1027 486 1305 545 ferebatur
1328 530 1343 555 ,
1379 506 1488 546 non
1520 493 1697 547 solum
1732 492 2019 548 Israelitici

441 580 678 650 generis,
714 581 809 636 sed
834 588 888 635 et
906 580 1170 647 aliorum;
1206 597 1366 653 quem
1398 582 1562 639 etiam
1598 584 1890 639 clariorem
1924 583 2018 640 Dei

440 671 813 726 testimonium
842 670 1092 736 faciebat,
1129 672 1273 741 quod
1317 671 1523 728 factum
1558 682 1643 729 est
1673 674 1739 728 ad
1780 674 2017 744 prephe-

441 769 573 827 tam,
617 781 636 814 ι
662 761 752 817 hic
776 764 1058 832 gentilium
1087 764 1287 820 fabulis
1310 766 1551 822 imbutus
1569 772 1758 822 eratet
1782 769 2018 822 humana

440 853 742 925 prudentia.
786 854 853 909 Et
907 856 996 911 hic
1035 857 1253 927 quidem
1287 857 1333 913 si
1369 858 1530 912 vitam
1550 856 1683 913 ‘Jobi
1707 900 1723 926 ,
1776 866 1837 913 ut
1873 864 2014 928 erat,

437 953 782 1010 enarrasset,
839 947 1038 1002 librum
1091 949 1496 1020 composuisset
1529 949 1811 1004 hominum
1848 949 2016 1004 mori-

438 1033 543 1090 bus
595 1034 954 1092 emendandis
1010 1038 1392 1108 aptissimum,
1454 1053 1630 1109 neque
1686 1037 1757 1096 iis
1805 1038 1898 1110 qui
1948 1039 2015 1095 de

438 1122 641 1195 Script.
685 1124 743 1184 S.
776 1143 885 1183 non
941 1143 1004 1183 ea
1057 1143 1164 1199 qua
1205 1128 1361 1184 decet
1410 1130 1713 1185 reverentia
1762 1129 2015 1200 judicent

437 1218 786 1275 occasionem
817 1219 1147 1290 praebuisset
1173 1220 1274 1290 ipsi
1308 1217 1446 1275 Jobo
1472 1222 1841 1277 conviciandi.
1869 1220 2012 1288 Quid

432 1309 796 1365 enim?Num
851 1311 1001 1366 cadit
1053 1312 1109 1366 in
1162 1312 1341 1366 virum
1394 1312 1689 1368 honestum
1746 1314 1881 1367 mira
1920 1315 2012 1375 illa

433 1403 747 1458 exsecratio
781 1418 904 1474 cap.
937 1421 996 1459 ιιι
1023 1405 1343 1476 consignata
1370 1405 1394 1459 τ
1424 1405 1529 1461 Sed
1563 1408 1669 1461 alia
1700 1411 1863 1463 etiam
1908 1409 2012 1463 fin-

434 1494 533 1557 xit,
563 1510 616 1547 ν.
650 1508 700 1548 c.
735 1493 932 1549 Jobttm
965 1494 1128 1550 filiam
1172 1496 1499 1567 Ἀμαλθείας
1522 1499 1690 1569 κέρας
1729 1497 1884 1570 (χιιι.
1922 1500 2009 1572 £4)

428 1582 759 1655 appellasse.
817 1584 1041 1640 Scilicet
1088 1587 1349 1656 superbia
1390 1588 1613 1653 elatus,
1668 1600 1726 1643 ut
1777 1591 2009 1647 lectores

426 1677 800 1732 Gmcanicam
834 1692 991 1732 suam
1022 1678 1386 1734 eruditionem
1436 1690 1877 1750 cognoscerent,
1917 1683 2007 1737 illa

430 1768 659 1825 addidit.
692 1768 931 1824 Omnino
986 1770 1227 1839 tragoedi
1287 1771 1462 1825 instar
1508 1773 1709 1827 librum
1767 1775 2007 1846 scripsit,

429 1873 540 1929 quo
591 1859 880 1929 cupiditati
936 1859 1123 1930 gloriae
1171 1859 1275 1914 sibi
1330 1863 1586 1930 paranda:
1643 1863 2008 1929 satisfaceret,

436 1968 455 2000 ι
485 1965 591 2003 non
639 1950 889 2020 cogitans
951 1949 1097 2020 quod
1141 1949 1312 2004 multa
1374 1948 1680 2007 differentia
1736 1961 1822 2009 est
1867 1953 2013 2008 inter

432 2038 715 2092 historiam
744 2039 879 2105 justi
909 2035 1212 2093 secundum
1236 2036 1434 2093 divina:
1464 2037 1664 2095 Scr.'ct
1688 2041 2012 2112 simplicita-

434 2137 544 2183 tem
577 2135 631 2182 et
664 2128 1028 2183 subtilitatem
1068 2128 1408 2199 propositam
1450 2138 1498 2184 et
1536 2130 1678 2186 inter
1721 2134 1881 2187 verba
1915 2149 2012 2189 su~

433 2215 637 2291 perdita
653 2225 708 2273 et
738 2218 803 2272 ad
819 2218 1195 2288 probationem
1216 2219 1470 2274 conﬁcta.
1495 2240 1513 2273 ι
1540 2218 2007 2287 Quemadmodum

431 2309 575 2363 enim
604 2308 835 2378 tragmdi
866 2325 923 2365 re
952 2308 1173 2378 quidem
1200 2309 1476 2378 nituntur,
1499 2326 1622 2382 qum
1655 2310 1708 2365 in
1742 2315 1887 2385 vulgi
1914 2328 2010 2369 ore

431 2407 723 2463 versatur,
758 2415 867 2469 quo
906 2399 1092 2454 fabula
1149 2399 1413 2470 majorem
1463 2404 1713 2459 veritatis
1769 2406 2007 2476 speciem

428 2487 652 2554 referat,
683 2490 775 2546 sed
802 2498 860 2544 ut
892 2505 1045 2545 suam
1074 2498 1287 2545 tantum
1323 2500 1494 2547 artem
1519 2502 1571 2548 et
1600 2496 1928 2564 sapientiam
1954 2497 2006 2550 in

430 2581 826 2652 componendis
862 2580 1150 2650 tragcndiis
1184 2583 1456 2653 probent,
1502 2600 1764 2655 personas
1801 2585 2009 2656 fingunt

430 2687 635 2742 easque
664 2686 727 2727 ea
768 2672 1055 2741 loquentes
1090 2671 1337 2741 faciunt,
1373 2676 1577 2744 quibus
1607 2677 1708 2747 ipsi
1741 2678 2008 2734 clariores

434 2765 564 2818 ﬂant
590 2805 604 2829 ,
628 2765 702 2818 ita
732 2770 791 2818 ut
823 2763 946 2820 laus
990 2774 1085 2819 aut
1137 2765 1467 2836 vituperatio
1496 2769 1785 2824 verborum
1818 2785 1923 2825 non
1952 2770 2008 2826 in

430 2870 696 2926 personas
728 2855 882 2921 illas,
919 2854 1013 2911 sed
1062 2856 1117 2911 in
1173 2856 1370 2912 fabulae
1399 2860 1720 2929 scriptorem
1758 2862 2002 2917 confera-

430 2956 562 3003 ttu':
596 2948 676 3002 sic
710 2947 801 3003 ille
826 2949 992 3002 etiam
1026 2964 1149 3003 cum
1202 2949 1258 3004 in
1297 2949 1579 3006 historiam
1622 2950 1679 3003 Β.
1711 2950 1831 3005 Jobi
1869 2953 2006 3007 inci-

426 3039 622 3104 disset,
653 3039 842 3109 gloria;
874 3055 1045 3096 causa
1075 3041 1274 3096 librum
1296 3042 1632 3112 cetiscripsit
1653 3057 1831 3113 neque
1858 3050 2004 3098 com-

2121 474 2411 530 Canticum
2444 474 2786 530 canticorum
2816 484 3041 546 propter
3079 475 3199 545 ejus
3248 476 3488 531 indolem
3524 476 3707 547 legere

2118 568 2409 637 noluisset,
2464 569 2624 625 amici
2656 570 2855 624 litteris
2885 577 3242 640 provocatum
3293 566 3554 637 majorem
3584 571 3701 639 jam

2121 661 2174 716 in
2215 676 2281 716 eo
2310 662 2560 732 posuisse
2594 660 2955 732 diligentiam,
2983 660 3111 714 licet
3141 661 3297 714 initio
3318 662 3566 718 oscitans
3594 662 3704 717 fre-

2118 757 2355 822 quenter
2397 756 2453 805 et
2498 749 2802 804 dermitans
2846 748 2979 803 illttd
3017 748 3356 819 perlegisset.
3404 747 3524 802 Jam
3568 748 3706 820 quid

2117 846 2185 902 de
2215 860 2283 901 eo
2316 845 2517 901 sentiat
2540 843 2788 915 exponit,
2828 843 2922 898 sed
2949 842 3021 895 ita
3058 849 3114 895 ut
3146 854 3229 901 ea,
3264 854 3497 910 quorum
3526 853 3705 911 pauca

2126 945 2340 992 tantum
2380 936 2557 991 media
2591 943 2661 990 et‘
2688 935 2921 989 fortasse
2949 933 3111 989 etiam
3143 941 3385 989 extrema
3410 933 3710 988 intercide-

2114 1027 2248 1093 rint,
2269 1044 2448 1098 neque
2475 1025 2874 1082 commentario
2899 1025 3181 1096 praemissa
3210 1039 3385 1095 neque
3416 1024 3554 1079 ineo
3583 1024 3707 1095 ipso

2115 1118 2396 1190 disputata
2429 1134 2550 1175 esse
2578 1127 2862 1190 appareat.
2899 1116 3163 1172 Praeterea
3203 1133 3269 1173 ex
3300 1118 3707 1181 commentario

2131 1211 2219 1266 illa
2256 1209 2540 1280 desumpta
2588 1225 2710 1265 esse
2739 1208 2830 1281 qui
2869 1224 2930 1265 ea
2969 1210 3243 1278 excerpsit
3287 1223 3356 1263 ne
3381 1209 3548 1263 verbo
3572 1208 3704 1279 qui-

2113 1301 2235 1355 dem
2262 1300 2462 1364 immit,
2495 1297 2590 1354 sed
2632 1300 2747 1354 haec
2780 1298 2894 1354 sola
2924 1296 3151 1352 Leontio
3181 1299 3218 1353 ι.
3249 1313 3298 1352 c.
3328 1314 3379 1370 p.
3415 1296 3556 1352 687:
3597 1317 3705 1349 r—

2110 1391 2269 1447 Cant.
2305 1391 2366 1448 C.
2394 1423 2464 1433 —
2489 1421 2560 1434 —
2582 1390 2873 1447 libidinose
2904 1406 2999 1461 pro
3018 1406 3115 1446 sua
3138 1400 3191 1445 et
3222 1400 3404 1445 mente
3428 1398 3482 1445 et
3511 1390 3700 1458 lingua

2111 1483 2422 1539 meretricia
2462 1483 2854 1553 interpretans,
2898 1496 2997 1537 sua
3050 1494 3216 1551 supra
3256 1481 3476 1535 modum
3511 1480 3702 1536 incre-

2118 1571 2271 1627 dibili
2303 1573 2531 1628 audacia
2560 1588 2626 1628 ex
2676 1572 2834 1626 libris
2859 1569 2916 1626 S.
2951 1570 3218 1638 abscidit;
3259 1590 3279 1622 ι
3317 1566 3536 1639 Pelagio
3568 1584 3697 1639 pap.

2110 1677 2198 1736 ep.
2254 1665 2307 1729 '5,
2350 1665 2419 1718 ad
2450 1664 2627 1720 Etiam
2664 1673 2713 1719 et
2754 1661 2884 1718 Isti.
2918 1678 2998 1732 ep.
3036 1658 3223 1733 (Hard.
3251 1660 3288 1714 ι.
3321 1676 3395 1723 C.,
3434 1677 3485 1730 p.
3527 1660 3699 1731 438):

2041 1739 2084 1795 Β
2118 1774 2137 1809 ι
2166 1756 2301 1812 Cum
2325 1755 2428 1811 Tit.
2449 1756 2607 1810 Cant.
2638 1756 2697 1810 C.
2724 1755 2884 1809 vellet
2913 1768 3185 1824 exponere
3218 1760 3272 1807 et
3307 1768 3416 1809 non
3444 1752 3511 1807 ad
3541 1768 3705 1809 com-

2113 1854 2320 1907 menta,
2371 1844 2466 1900 sed
2515 1845 2700 1915 potius
2751 1843 2817 1898 ad
2867 1844 3223 1899 deliramenta
3260 1844 3556 1910 laboraret,
3594 1859 3701 1915 per

2111 1936 2259 1991 hunc
2287 1937 2487 1991 librum
2526 1935 2879 2006 Ethiopissm
2925 1936 3128 2006 reginae
3174 1935 3480 1991 bianditum
3521 1935 3701 1992 fuisse

2111 2026 2399 2098 professus
2433 2035 2538 2090 est,
2568 2027 2712 2098 quod
2739 2024 3114 2082 Theodoretus
3149 2025 3244 2090 (cf.
3281 2042 3511 2098 prodam.
3546 2029 3599 2083 in
3629 2026 3700 2084 C.

2114 2116 2201 2185 C.,
2239 2116 2298 2173 II.
2334 2135 2383 2190 p.
2416 2118 2472 2183 2,
2504 2119 2559 2188 '5)
2594 2118 3022 2189 reprehendens,
3053 2122 3253 2173 nomen
3295 2118 3513 2189 quidem
3544 2120 3702 2189 ejus—

2109 2209 2232 2265 dem
2266 2208 2542 2265 Theodori
2586 2209 2902 2281 supprimit,
2939 2211 3033 2265 sed
3066 2218 3250 2267 tamen
3290 2210 3569 2270 vesaniam
3597 2226 3705 2281 pa-

2115 2300 2342 2369 tefecit;
2388 2311 2482 2357 ιρι
2517 2298 2867 2371 Pachymerav
2902 2302 2956 2355 in
2996 2302 3254 2373 paraplir.
3277 2319 3364 2374 ep.
3397 2302 3431 2356 9
3468 2301 3701 2375 Dionys.

2108 2392 2304 2465 Areop.
2339 2392 2500 2465 (Opp.
2527 2391 2591 2448 D.
2621 2390 2687 2447 ΑΖ
2720 2392 2807 2449 ed.
2834 2390 3014 2448 Bal‘tb.
3039 2393 3299 2459 Corder.,
3330 2394 3393 2461 ll,
3428 2394 3698 2466 Antverp.

2111 2485 2269 2551 165$,
2319 2484 2442 2550 fol.,
2482 2500 2538 2557 p.
2576 2484 2702 2556 169)
2740 2504 2847 2537 ‹-
2883 2485 2950 2539 δι’
2986 2485 3022 2540 ἃ
3070 2485 3389 2558 (φιλήματα)
3429 2487 3491 2559 δὴ
3533 2488 3629 2541 καὶ
3670 2487 3704 2541 ὁ

2108 2578 2252 2648 Μοψ.
2283 2575 2432 2631 Θ.ὁδ.
2460 2578 2709 2651 ἀφρόνως
2738 2578 2799 2632 τὸ
2829 2576 3029 2647 βιϐλίον
3059 2574 3330 2632 διέϐαλλε
3351 2599 3368 2630 ι
3401 2580 3701 2634 observata

2109 2669 2281 2726 fuisse
2315 2669 2368 2724 in
2400 2679 2592 2740 aperto
2622 2678 2726 2725 est.
2782 2668 3073 2725 Canticum
3111 2680 3258 2723 cant.
3295 2675 3497 2735 autem,
3547 2667 3704 2739 quod

2110 2761 2271 2831 plane
2304 2760 2553 2830 despexit
2574 2758 2924 2825 Theodorus,
2977 2759 3206 2813 uberius
3234 2758 3320 2811 vix
3345 2758 3701 2828 cxplicuerit.

2110 2848 2253 2919 Quid
2286 2852 2492 2923 igitur?
2532 2850 2647 2907 Mea
2690 2851 2911 2920 quidem
2954 2851 3225 2906 Sententia
3259 2849 3350 2902 illa
3381 2850 3434 2902 in
3462 2849 3709 2918 epistola

2108 2943 2342 3013 quadam
2393 2943 2478 3015 (v.
2526 2941 2662 3013 inf.)
2705 2942 2988 2997 disseruit.
3034 2941 3306 2996 Caeterum
3357 2940 3425 2995 de
3468 2939 3709 2996 Cantica

2110 3045 2254 3089 cant.
2284 3035 2356 3087 ita
2384 3034 2755 3089 statuittﬂum
2787 3034 3030 3098 Salomo,
3049 3047 3207 3102 quem
3234 3029 3454 3101 propter
3477 3031 3710 3100 sapien-

432 3139 615 3185 tnenta
644 3104 803 3198 fugit.
848 3128 1036 3199 Itaque
1068 3129 1352 3185 diabolum
1398 3104 1541 3185 cum-
1562 3130 1670 3187 Deo
1706 3104 2010 3188 introduxit
2035 3104 2078 3164 (ἶ
2112 3125 2240 3179 tiam
2274 3125 2505 3196 gentiles
2555 3136 2608 3177 et
2638 3123 2812 3178 Judaei
2865 3124 3236 3194 pra'dicahant
3280 3133 3334 3177 et
3369 3138 3499 3176 vero
3528 3122 3707 3176 etiam

431 3229 731 3276 certantem
777 3220 860 3290 (ι.
906 3221 1062 3287 7-12;
1104 3236 1165 3287 ιι,
1192 3222 1368 3296 2-6.),
1421 3238 1702 3280 sermones
1734 3264 1751 3287 ,
1809 3226 2009 3297 quibus

432 3310 601 3364 multa
630 3310 925 3381 peccavit,
963 3323 1127 3383 prout
1179 3315 1378 3380 libuit,
1414 3315 1577 3370 modo
1605 3317 1755 3386 justo
1794 3319 2004 3385 tribuit,

431 3401 596 3457 ιιιθιιο
632 3402 826 3458 amicis
874 3406 948 3470 (c.
986 3404 1177 3478 ιιι-51)
1204 3423 1220 3472 ;
1252 3407 1446 3461 deinde
1482 3407 1639 3463 Elihu
1697 3411 2005 3477 arcessivit,

430 3493 524 3566 qui
546 3493 734 3547 multis
746 3494 1061 3564 opprobriis
1078 3493 1276 3551 Jobum
1305 3496 1483 3551 affecit
1504 3510 1575 3567 (ο.
1594 3501 2008 3571 xxxn-xxxvtt),

432 3597 608 3653 neque.
638 3585 859 3639 erubuit
888 3584 1087 3641 divinae
1127 3602 1377 3657 persona:
1417 3590 1520 3646 ceti
1562 3589 1879 3661 ﬁgmentum
1910 3593 2011 3648 tri-

426 3673 598 3728 buere
656 3671 674 3737 (
692 3690 742 3729 c.
775 3678 888 3746 ιιι)
918 3684 974 3731 et
1004 3696 1027 3730 ι
1055 3678 1482 3734 nominationem
1534 3679 1657 3738 ﬁlia:
1692 3698 1758 3737 ex
1809 3683 2010 3740 fabulis

424 3762 712 3833 paganicis
744 3775 1014 3837 arreptam
1044 3766 1105 3823 Β.
1135 3765 1275 3825 Jobo
1304 3771 1602 3840 applicare.
1628 3792 1646 3824 ι
1666 3773 1822 3844 (χιιι,
1850 3774 1963 3848 id.)

501 3849 581 3907 Ex
613 3853 698 3909 bis
722 3854 881 3910 facile
910 3858 1140 3928 colligas
1170 3860 1265 3929 qui
1302 3861 1390 3916 hic
1418 3861 1690 3917 Theodori
1722 3879 2009 3920 commcn-

425 3943 605 3999 tarius
635 3959 665 3998 a
691 3945 923 4016 reliquis
947 3947 1204 4004 diversus
1234 3947 1421 4005 fuerit.
1486 3950 1673 4021 Neque
1694 3951 2011 4008 Christiana

429 4037 485 4089 in
509 4033 649 4091 Jobo
675 4037 1058 4108 deprehendit,
1081 4043 1487 4114 et_scriptorem
1516 4045 1778 4098 audacter
1809 4044 2017 4114 vitupe-

426 4128 594 4191 ravit,
629 4128 685 4183 in
712 4129 817 4184 hoc
846 4146 1015 4185 unum
1050 4112 1315 4195 intdntus,
1358 4141 1418 4189 ut
1464 4149 1647 4188 veram
1678 4133 1802 4191 Jobi
1836 4112 2014 4193 histo-

430 4216 570 4270 riam
612 4225 852 4285 erueret,
887 4233 1009 4290 quat
1037 4221 1353 4278 hominibus
1376 4223 1500 4277 usui
1536 4234 1702 4281 esset.

501 4302 880 4365 Ecclesiasten
910 4325 1025 4366 uno
1053 4320 1204 4368 tonio
1234 4312 1559 4383 deprecante
1589 4313 1892 4389 Porphyrio
1924 4317 2010 4373 in-

430 4405 764 4493 terpretatus
807 4411 912 4468 est,
956 4409 1095 4460 teste
1150 4402 1419 4462 Ebediesu
1460 4406 1498 4461 l.
1529 4422 1605 4472 c.,
1647 4424 1700 4479 ρ.
1745 4409 1835 4464 32.
1901 4409 2006 4466 Sed
2040 4438 2083 4493 ο

345 4525 351 4551 ~,
434 4505 554 4546 cum
582 4490 873 4548 Canticum
905 4496 1249 4552 canticorum
1276 4499 1670 4556 commentario
1700 4500 2009 4559 illustrasse

384 4568 747 4654 ’pervulgata
796 4584 1053 4653 quidem,
1111 4586 1295 4643 minus
1338 4594 1522 4643 tamen
1574 4588 1873 4657 probabilis
1924 4598 2009 4647 est

430 4672 724 4736 sententia,
744 4687 866 4741 quae
886 4682 1098 4728 tantum
1123 4675 1279 4730 abest
1302 4685 1361 4731 ut
1390 4677 1458 4732 iis
1488 4692 1609 4746 qua:
1637 4677 1822 4733 iuAct.
1848 4694 2005 4736 conc.

428 4760 621 4815 Const.
657 4777 716 4824 ιι,
763 4779 840 4826 tv,
866 4763 1058 4830 68-7l,
1093 4766 1369 4836 leguntur.
1409 4768 1720 4839 quibusque
1742 4771 2006 4840 originem

429 4866 586 4906 suam
611 4850 792 4915 debet,
825 4846 1093 4915 firmetur.
1116 4864 1184 4910 .ut
1214 4858 1557 4928 reprobetur.
1591 4856 1795 4914 Scribit
1826 4872 2010 4917 autem

2112 3216 2407 3280 timebant,
2443 3214 2753 3287 Egyptiam
2790 3215 3097 3284 fugiendam
3123 3215 3339 3283 quidem
3375 3213 3491 3284 ipso
3519 3213 3707 3282 patrio

2108 3306 2295 3361 colore
2325 3306 2581 3370 deformi,
2631 3305 2804 3373 magis
2844 3321 2972 3357 vero
3006 3304 3317 3373 fugiendam
3367 3310 3558 3373 utpote
3600 3316 3698 3367 ge-

2112 3415 2239 3453 nere
2279 3398 2468 3452 Chami
2521 3407 2717 3457 ortatn,
2769 3396 2823 3450 in
2862 3395 3270 3450 matrimonium
3325 3388 3707 3453 duceretJu-

2110 3489 2349 3544 decorum
2397 3490 2583 3543 odium
2633 3487 2736 3541 sibi
2787 3486 3097 3548 contraxit,
3150 3484 3324 3556 legum
3391 3483 3704 3556 patriarum

2111 3589 2470 3651 contemplor.
2532 3580 2715 3649 itaque
2744 3594 2962 3631 carmen
3013 3576 3276 3639 condidit,
3305 3593 3413 3646 quo
3446 3584 3499 3630 ct
3537 3562 3704 3629 uxoii

2110 3672 2319 3744 gratior
2342 3681 2489 3726 esset
2522 3681 2575 3724 et
2609 3670 3009 3739 vituperatores
3049 3668 3115 3722 ad
3159 3667 3437 3722 silentium
3476 3666 3707 3736 redige-

2110 3769 2214 3827 ret,
2249 3770 2412 3832 atque
2442 3760 2708 3815 indicavit
2733 3773 2791 3813 se
2814 3759 3129 3828 nuptiarum
3152 3774 3258 3812 non
3289 3759 3584 3829 paenitere,
3598 3753 3709 3812 sed

2111 3852 2303 3908 laetari.
2363 3850 2503 3906 Sunt
2542 3857 2722 3905 autem
2779 3851 2889 3904 duo
2934 3851 3187 3912 tenenda,
3233 3865 3425 3912 unum,
3470 3864 3709 3905 carmen

2112 3959 2220 3999 non
2257 3942 2326 3998 ad
2354 3940 2753 4013 impudicitiam
2806 3940 3087 3996 adhortari
3116 3956 3245 4000 :cur
3271 3942 3417 3997 enim
3449 3940 3707 4009 Salomo,

2111 4036 2198 4089 cui
2250 4034 2467 4089 etiamsi
2512 4048 2621 4088 non
2677 4033 2991 4103 scripsisset
3039 4041 3284 4103 potestas
3341 4032 3709 4103 impudicitiae

2111 4135 2250 4195 erat,
2287 4142 2506 4182 carmen
2540 4127 2661 4182 ideo
2683 4126 3129 4197 composuisset?
3155 4126 3410 4194 alterum,
3443 4142 3549 4180 non
3576 4126 3710 4180 lau-

2111 4217 2350 4274 dandum
2388 4235 2514 4274 esse
2562 4228 2753 4291 utpote
2800 4219 3205 4289 propheticum,
3243 4219 3390 4289 quod
3441 4216 3486 4274 si
3522 4227 3704 4284 esset,

2113 4311 2316 4366 mentio
2352 4310 2449 4366 Det
2486 4311 2686 4366 alicubi
2723 4313 2863 4365 facta
2916 4319 3080 4365 esset.
3138 4310 3294 4368 Sicut
3324 4311 3477 4365 Plato
3506 4319 3708 4381 postea

2113 4400 2181 4457 de
2216 4417 2402 4458 amore
2441 4403 2754 4458 convivium
2799 4402 3041 4473 scripsit,
3094 4403 3167 4456 ita
3212 4402 3435 4456 Salomo
3473 4412 3710 4472 propter

2112 4492 2333 4564 nuptias
2364 4492 2613 4548 illashoc
2644 4490 2919 4546 canticum
2953 4493 3237 4547 convivale
3256 4492 3476 4549 cecinit.
3508 4490 3709 4551 «Unde

2114 4599 2214 4639 nec
2241 4582 2443 4640 Iudaeis
2480 4599 2579 4639 nec
2613 4583 2770 4639 nobis
2802 4582 3022 4655 publica
3059 4584 3222 4639 lectio
3275 4600 3516 4655 unquam
3547 4585 3706 4639 Can-

2114 4678 2206 4732 tici
2260 4679 2598 4732 canticorum
2647 4675 2790 4730 facta
2827 4685 2931 4742 est,
2972 4685 3232 4751 tanquam
3264 4677 3604 4733 domesticus
3642 4686 3709 4735 et

2114 4769 2376 4839 nuptialis
2436 4769 2751 4826 Salomonis
2814 4769 3049 4825 convivii
3140 4779 3339 4826 cantus
3400 4768 3709 4841 opprobria

2115 4874 2332 4928 sponsze
2373 4874 2599 4915 sonans.
2637 4879 2657 4911 ι

449 4987 3669 5017 mm

1875 5077 2118 5137 CAPUT
2156 5078 2261 5138 III.

1300 5184 1383 5231 D8
1417 5185 1739 5234 THEODORI
1769 5190 1836 5236 IN
1864 5191 2082 5237 LIBROS
2117 5190 2185 5237 N.
2221 5194 2280 5237 Τ.
2323 5193 2816 5240 COMMENTARIIS.
2876 5208 2883 5213 λ

494 5289 708 5347 Sovum
746 5289 1183 5358 Testamentum,
1217 5291 1378 5360 cujus
1406 5294 1584 5348 oratio
1618 5303 1671 5348 ct
1699 5309 1786 5354 res
1826 5296 2007 5353 minus

428 5382 760 5438 didicultatis
798 5382 1156 5447 exbibereut,
1206 5386 1381 5440 multo
1430 5385 1644 5440 felicius
1686 5386 2009 5445 Theodorus

420 5489 588 5543 quam
615 5473 673 5527 ν.
696 5483 784 5528 tus
815 5474 1207 5543 interpretatus
1238 5486 1342 5532 est.
1380 5474 1684 5541 Sobrietas,
1712 5495 1818 5549 qua
1852 5481 2010 5549 plura

432 5568 492 5620 ι’.
512 5564 576 5620 Τ.
608 5565 971 5635 interpretum
1004 5578 1310 5624 commenta
1345 5570 1416 5622 ita
1446 5570 1775 5640 reprobavit,
1800 5579 1858 5625 ut
1891 5574 2009 5629 laus

422 5659 468 5711 ei
494 5652 640 5713 haud
667 5655 985 5726 deneganda
1017 5657 1109 5724 sit,
1135 5673 1310 5727 neque
1333 5658 1419 5713 hic
1454 5660 1648 5725 defuit,
1682 5668 1736 5716 et
1766 5677 2007 5732 pers:rpe

430 5774 560 5816 sane
587 5763 697 5807 non
727 5763 790 5806 ea
821 5749 1051 5821 singulis
1074 5750 1129 5805 in
1163 5750 1299 5807 locis
1322 5751 1697 5822 deprehendit,
1725 5768 1846 5825 qua
1871 5754 2008 5811 alio-

2110 5311 2232 5351 rum
2281 5296 2662 5365 interpretum,
2724 5305 2786 5354 ut
2822 5296 3010 5371 Cyrilli
3041 5298 3221 5366 Alex.,
3274 5300 3555 5359 subtilitas
3609 5305 3707 5362 vel

2108 5389 2272 5444 etiam
2297 5392 2542 5462 argutias.
2596 5391 2862 5447 Praeterea
2897 5392 2956 5446 in
2984 5392 3396 5463 interpretando
3423 5406 3545 5450 eam
3573 5409 3710 5451 ven-2

2109 5484 2325 5548 borum,
2367 5483 2615 5538 locorum
2658 5490 2713 5539 et
2748 5496 2930 5538 rerum
2962 5484 3383 5557 diligentissime
3410 5486 3697 5541 rationem

2111 5574 2321 5641 habuit,
2372 5583 2431 5629 ut
2479 5574 2980 5645 interpretationem
3023 5576 3344 5633 historicam
3382 5578 3708 5647 grammati-

2113 5681 2257 5730 cam,
2300 5682 2424 5735 qua:
2461 5666 2679 5737 quidem
2712 5668 2768 5722 in
2798 5667 2890 5722 illa
2920 5676 3164 5739 tempora
3198 5670 3453 5733 caderet,
3500 5667 3707 5726 iniisse

2115 5760 2419 5817 censendus
2462 5762 2553 5817 sit.
2592 5760 2738 5817 Bene
2771 5776 2900 5818 vero
2930 5777 3081 5821 more
3120 5778 3223 5822 suo
3250 5764 3482 5836 singulis
3510 5765 3707 5824 verbis
