  <div class='ocr_page' id='page_1' title='image "/cluster/home/n/w/nwhite01/storage/ocr_20150623/66/mdp.39015008467477/034.png"; bbox 0 0 3920 6130; ppageno 0'>
   <div class='ocr_carea' id='block_1_1' title="bbox 214 245 334 309">
    <p class='ocr_par' dir='ltr' id='par_1_1' title="bbox 214 245 334 309">
     <span class='ocr_line' id='line_1_1' title="bbox 214 245 334 309; baseline 0 0"><span class='ocrx_word' id='word_1_1' title='bbox 214 245 227 258; x_wconf 82' lang='grc'><em>’</em></span> <span class='ocrx_word' id='word_1_2' title='bbox 267 250 334 309; x_wconf 73' lang='lat'><strong>53</strong></span> 
     </span>
    </p>
   </div>
   <div class='ocr_carea' id='block_1_2' title="bbox 1061 252 2737 314">
    <p class='ocr_par' dir='ltr' id='par_1_2' title="bbox 1061 252 2737 314">
     <span class='ocr_line' id='line_1_2' title="bbox 1061 252 2737 314; baseline 0.001 -4"><span class='ocrx_word' id='word_1_3' title='bbox 1061 254 1150 312; x_wconf 84' lang='lat' dir='ltr'><strong>DE</strong></span> <span class='ocrx_word' id='word_1_4' title='bbox 1182 252 1532 314; x_wconf 79' lang='lat' dir='ltr'><strong>THEODOBI</strong></span> <span class='ocrx_word' id='word_1_5' title='bbox 1571 252 2053 312; x_wconf 73' lang='lat' dir='ltr'><strong>MOPSUESTENI</strong></span> <span class='ocrx_word' id='word_1_6' title='bbox 2092 256 2252 312; x_wconf 71' lang='lat' dir='ltr'><strong>VITA</strong></span> <span class='ocrx_word' id='word_1_7' title='bbox 2280 257 2365 314; x_wconf 80' lang='grc' dir='ltr'><strong>ΕΙ·</strong></span> <span class='ocrx_word' id='word_1_8' title='bbox 2409 257 2737 314; x_wconf 71' lang='grc' dir='ltr'>εειιιιιτιε.</span> 
     </span>
    </p>
   </div>
   <div class='ocr_carea' id='block_1_3' title="bbox 3454 264 3530 318">
    <p class='ocr_par' dir='ltr' id='par_1_3' title="bbox 3454 264 3530 318">
     <span class='ocr_line' id='line_1_3' title="bbox 3454 264 3530 318; baseline -0.013 0"><span class='ocrx_word' id='word_1_9' title='bbox 3454 264 3530 318; x_wconf 65' lang='grc' dir='ltr'><strong>Βῦτ</strong></span> 
     </span>
    </p>
   </div>
   <div class='ocr_carea' id='block_1_4' title="bbox 274 356 3525 442">
    <p class='ocr_par' dir='ltr' id='par_1_4' title="bbox 274 356 3525 442">
     <span class='ocr_line' id='line_1_4' title="bbox 274 356 3525 442; baseline 0.004 -26"><span class='ocrx_word' id='word_1_10' title='bbox 274 365 447 416; x_wconf 80' lang='lat' dir='ltr'><strong>dorus.</strong></span> <span class='ocrx_word' id='word_1_11' title='bbox 482 356 768 418; x_wconf 73' lang='lat' dir='ltr'><strong>Ebediesu</strong></span> <span class='ocrx_word' id='word_1_12' title='bbox 800 371 942 419; x_wconf 85' lang='lat' dir='ltr'><strong>teste</strong></span> <span class='ocrx_word' id='word_1_13' title='bbox 969 364 1008 419; x_wconf 95' lang='lat' dir='ltr'><strong>l.</strong></span> <span class='ocrx_word' id='word_1_14' title='bbox 1043 381 1121 434; x_wconf 90' lang='lat' dir='ltr'><strong>c.,</strong></span> <span class='ocrx_word' id='word_1_15' title='bbox 1162 383 1215 437; x_wconf 91' lang='lat' dir='ltr'><strong>p.</strong></span> <span class='ocrx_word' id='word_1_16' title='bbox 1246 367 1339 434; x_wconf 64' lang='grc' dir='ltr'><strong>δέ,</strong></span> <span class='ocrx_word' id='word_1_17' title='bbox 1377 367 1442 420; x_wconf 88' lang='lat' dir='ltr'><strong>ad</strong></span> <span class='ocrx_word' id='word_1_18' title='bbox 1481 367 1739 421; x_wconf 84' lang='lat' dir='ltr'><strong>Basilium</strong></span> <span class='ocrx_word' id='word_1_19' title='bbox 1769 367 1847 437; x_wconf 80' lang='grc' dir='ltr'><strong>(α)</strong></span> <span class='ocrx_word' id='word_1_20' title='bbox 1881 374 1923 430; x_wconf 78' lang='grc' dir='ltr'>Α</span> <span class='ocrx_word' id='word_1_21' title='bbox 1955 371 2182 442; x_wconf 90' lang='lat' dir='ltr'><strong>intelligi</strong></span> <span class='ocrx_word' id='word_1_22' title='bbox 2214 370 2470 440; x_wconf 64' lang='lat' dir='ltr'><strong>conjec-it,</strong></span> <span class='ocrx_word' id='word_1_23' title='bbox 2512 371 2606 441; x_wconf 90' lang='lat' dir='ltr'><strong>qui</strong></span> <span class='ocrx_word' id='word_1_24' title='bbox 2650 380 2703 424; x_wconf 93' lang='lat' dir='ltr'><strong>et</strong></span> <span class='ocrx_word' id='word_1_25' title='bbox 2750 371 2830 425; x_wconf 80' lang='lat' dir='ltr'><strong>vir</strong></span> <span class='ocrx_word' id='word_1_26' title='bbox 2861 371 3218 429; x_wconf 82' lang='lat' dir='ltr'><strong>doctissimus</strong></span> <span class='ocrx_word' id='word_1_27' title='bbox 3253 377 3442 432; x_wconf 78' lang='lat' dir='ltr'><strong>fuisset</strong></span> <span class='ocrx_word' id='word_1_28' title='bbox 3473 389 3525 430; x_wconf 88' lang='lat' dir='ltr'><strong>et</strong></span> 
     </span>
    </p>
   </div>
   <div class='ocr_carea' id='block_1_5' title="bbox 278 452 1854 524">
    <p class='ocr_par' dir='ltr' id='par_1_5' title="bbox 278 452 1854 524">
     <span class='ocr_line' id='line_1_5' title="bbox 278 452 1854 524; baseline 0.002 -17"><span class='ocrx_word' id='word_1_29' title='bbox 278 452 503 522; x_wconf 81' lang='lat' dir='ltr'><strong>scripsit,</strong></span> <span class='ocrx_word' id='word_1_30' title='bbox 534 469 716 507; x_wconf 87' lang='lat' dir='ltr'><strong>unum</strong></span> <span class='ocrx_word' id='word_1_31' title='bbox 747 453 947 524; x_wconf 80' lang='lat' dir='ltr'><strong>fragm.</strong></span> <span class='ocrx_word' id='word_1_32' title='bbox 979 456 1033 510; x_wconf 90' lang='lat' dir='ltr'><strong>in</strong></span> <span class='ocrx_word' id='word_1_33' title='bbox 1063 456 1183 512; x_wconf 80' lang='lat' dir='ltr'><strong>Act.</strong></span> <span class='ocrx_word' id='word_1_34' title='bbox 1217 457 1433 513; x_wconf 86' lang='lat' dir='ltr'><strong>concilii</strong></span> <span class='ocrx_word' id='word_1_35' title='bbox 1461 455 1652 512; x_wconf 90' lang='lat' dir='ltr'><strong>Const.</strong></span> <span class='ocrx_word' id='word_1_36' title='bbox 1689 473 1751 520; x_wconf 95' lang='grc' dir='ltr'><strong>ιι,</strong></span> <span class='ocrx_word' id='word_1_37' title='bbox 1778 471 1854 520; x_wconf 82' lang='lat' dir='ltr'><strong>tv,</strong></span> 
     </span>
    </p>
   </div>
   <div class='ocr_carea' id='block_1_6' title="bbox 282 544 1853 618">
    <p class='ocr_par' dir='ltr' id='par_1_6' title="bbox 282 544 1853 618">
     <span class='ocr_line' id='line_1_6' title="bbox 282 544 1853 618; baseline 0.001 -18"><span class='ocrx_word' id='word_1_38' title='bbox 282 545 338 600; x_wconf 81' lang='lat' dir='ltr'><strong>I6</strong></span> <span class='ocrx_word' id='word_1_39' title='bbox 375 545 482 615; x_wconf 91' lang='lat'><strong>(—</strong></span> <span class='ocrx_word' id='word_1_40' title='bbox 508 544 654 599; x_wconf 84' lang='lat' dir='ltr'><strong>libro</strong></span> <span class='ocrx_word' id='word_1_41' title='bbox 688 548 889 616; x_wconf 81' lang='lat' dir='ltr'><strong>primo.</strong></span> <span class='ocrx_word' id='word_1_42' title='bbox 923 546 1089 618; x_wconf 78' lang='lat' dir='ltr'><strong>Vigil.</strong></span> <span class='ocrx_word' id='word_1_43' title='bbox 1120 549 1309 604; x_wconf 87' lang='lat' dir='ltr'><strong>Const.</strong></span> <span class='ocrx_word' id='word_1_44' title='bbox 1350 548 1452 615; x_wconf 81' lang='lat' dir='ltr'><strong>I7;</strong></span> <span class='ocrx_word' id='word_1_45' title='bbox 1495 547 1698 618; x_wconf 82' lang='lat' dir='ltr'><strong>Pelagii</strong></span> <span class='ocrx_word' id='word_1_46' title='bbox 1731 563 1853 618; x_wconf 88' lang='lat' dir='ltr'><strong>pap.</strong></span> 
     </span>
    </p>
   </div>
   <div class='ocr_carea' id='block_1_7' title="bbox 281 638 1856 712">
    <p class='ocr_par' dir='ltr' id='par_1_7' title="bbox 281 638 1856 712">
     <span class='ocr_line' id='line_1_7' title="bbox 281 638 1856 712; baseline 0.001 -20"><span class='ocrx_word' id='word_1_47' title='bbox 281 654 353 708; x_wconf 78' lang='lat' dir='ltr'><strong>ep.</strong></span> <span class='ocrx_word' id='word_1_48' title='bbox 387 639 440 703; x_wconf 75' lang='lat'><strong>5,</strong></span> <span class='ocrx_word' id='word_1_49' title='bbox 470 638 544 690; x_wconf 79' lang='lat' dir='ltr'><strong>ad</strong></span> <span class='ocrx_word' id='word_1_50' title='bbox 572 638 786 704; x_wconf 77' lang='lat' dir='ltr'><strong>Etiam,</strong></span> <span class='ocrx_word' id='word_1_51' title='bbox 817 640 853 694; x_wconf 92' lang='lat' dir='ltr'><strong>l.</strong></span> <span class='ocrx_word' id='word_1_52' title='bbox 891 657 968 705; x_wconf 92' lang='lat' dir='ltr'><strong>c.,</strong></span> <span class='ocrx_word' id='word_1_53' title='bbox 1005 657 1056 712; x_wconf 91' lang='lat' dir='ltr'><strong>p.</strong></span> <span class='ocrx_word' id='word_1_54' title='bbox 1093 641 1218 705; x_wconf 66' lang='lat'><strong>429,</strong></span> <span class='ocrx_word' id='word_1_55' title='bbox 1248 640 1396 710; x_wconf 70' lang='grc'>450),</span> <span class='ocrx_word' id='word_1_56' title='bbox 1431 641 1498 696; x_wconf 87' lang='lat' dir='ltr'><strong>de</strong></span> <span class='ocrx_word' id='word_1_57' title='bbox 1525 641 1645 695; x_wconf 84' lang='lat' dir='ltr'><strong>Act.</strong></span> <span class='ocrx_word' id='word_1_58' title='bbox 1680 658 1740 705; x_wconf 91' lang='lat' dir='ltr'><strong>II,</strong></span> <span class='ocrx_word' id='word_1_59' title='bbox 1765 639 1856 704; x_wconf 76' lang='lat'><strong>38,</strong></span> 
     </span>
    </p>
   </div>
   <div class='ocr_carea' id='block_1_8' title="bbox 281 728 1860 800">
    <p class='ocr_par' dir='ltr' id='par_1_8' title="bbox 281 728 1860 800">
     <span class='ocr_line' id='line_1_8' title="bbox 281 728 1860 800; baseline 0.003 -19"><span class='ocrx_word' id='word_1_60' title='bbox 281 728 565 782; x_wconf 70' lang='lat' dir='ltr'><strong>invenitur.</strong></span> <span class='ocrx_word' id='word_1_61' title='bbox 618 728 876 783; x_wconf 74' lang='lat' dir='ltr'><strong>Meminit</strong></span> <span class='ocrx_word' id='word_1_62' title='bbox 913 731 1081 800; x_wconf 84' lang='lat' dir='ltr'><strong>hujus</strong></span> <span class='ocrx_word' id='word_1_63' title='bbox 1120 731 1500 784; x_wconf 87' lang='lat' dir='ltr'><strong>commentarii</strong></span> <span class='ocrx_word' id='word_1_64' title='bbox 1543 739 1598 784; x_wconf 88' lang='lat' dir='ltr'><strong>ct</strong></span> <span class='ocrx_word' id='word_1_65' title='bbox 1641 731 1860 800; x_wconf 80' lang='lat' dir='ltr'><strong>exposi-</strong></span> 
     </span>
    </p>
   </div>
   <div class='ocr_carea' id='block_1_9' title="bbox 280 821 1854 893">
    <p class='ocr_par' dir='ltr' id='par_1_9' title="bbox 280 821 1854 893">
     <span class='ocr_line' id='line_1_9' title="bbox 280 821 1854 893; baseline 0.003 -20"><span class='ocrx_word' id='word_1_66' title='bbox 280 821 432 875; x_wconf 83' lang='lat' dir='ltr'><strong>tionis</strong></span> <span class='ocrx_word' id='word_1_67' title='bbox 456 821 832 890; x_wconf 83' lang='lat' dir='ltr'><strong>quarumdam</strong></span> <span class='ocrx_word' id='word_1_68' title='bbox 874 823 1008 893; x_wconf 82' lang='lat' dir='ltr'><strong>Epp.</strong></span> <span class='ocrx_word' id='word_1_69' title='bbox 1049 821 1202 876; x_wconf 91' lang='lat' dir='ltr'><strong>Pauli</strong></span> <span class='ocrx_word' id='word_1_70' title='bbox 1242 822 1593 878; x_wconf 86' lang='lat' dir='ltr'><strong>Abulbarcat.</strong></span> <span class='ocrx_word' id='word_1_71' title='bbox 1643 822 1718 877; x_wconf 92' lang='lat' dir='ltr'><strong>De</strong></span> <span class='ocrx_word' id='word_1_72' title='bbox 1747 822 1854 878; x_wconf 70' lang='lat' dir='ltr'><strong>die.</strong></span> 
     </span>
    </p>
   </div>
   <div class='ocr_carea' id='block_1_10' title="bbox 281 911 1364 982">
    <p class='ocr_par' dir='ltr' id='par_1_10' title="bbox 281 911 1364 982">
     <span class='ocr_line' id='line_1_10' title="bbox 281 911 1364 982; baseline 0.002 -16"><span class='ocrx_word' id='word_1_73' title='bbox 281 911 422 981; x_wconf 57' lang='lat' dir='ltr'><strong>alia,</strong></span> <span class='ocrx_word' id='word_1_74' title='bbox 453 927 507 966; x_wconf 88' lang='lat' dir='ltr'><strong>c.</strong></span> <span class='ocrx_word' id='word_1_75' title='bbox 544 913 600 964; x_wconf 84' lang='grc'><strong>7.</strong></span> <span class='ocrx_word' id='word_1_76' title='bbox 639 911 726 966; x_wconf 82' lang='lat' dir='ltr'><strong>Cf.</strong></span> <span class='ocrx_word' id='word_1_77' title='bbox 761 917 978 969; x_wconf 80' lang='lat' dir='ltr'><strong>Assem.</strong></span> <span class='ocrx_word' id='word_1_78' title='bbox 1017 915 1056 968; x_wconf 91' lang='grc'><strong>1.</strong></span> <span class='ocrx_word' id='word_1_79' title='bbox 1087 915 1151 978; x_wconf 91' lang='lat' dir='ltr'><strong>l.,</strong></span> <span class='ocrx_word' id='word_1_80' title='bbox 1187 930 1240 982; x_wconf 89' lang='lat' dir='ltr'><strong>p.</strong></span> <span class='ocrx_word' id='word_1_81' title='bbox 1275 914 1364 970; x_wconf 83' lang='lat'><strong>&#39;50.</strong></span> 
     </span>
    </p>
   </div>
   <div class='ocr_carea' id='block_1_11' title="bbox 293 1000 1858 1078">
    <p class='ocr_par' dir='ltr' id='par_1_11' title="bbox 293 1000 1858 1078">
     <span class='ocr_line' id='line_1_11' title="bbox 293 1000 1858 1078; baseline 0.004 -22"><span class='ocrx_word' id='word_1_82' title='bbox 293 1069 302 1078; x_wconf 86' lang='lat'><em>_</em></span> <span class='ocrx_word' id='word_1_83' title='bbox 339 1001 547 1057; x_wconf 87' lang='lat' dir='ltr'><strong>Omnes</strong></span> <span class='ocrx_word' id='word_1_84' title='bbox 576 1000 737 1056; x_wconf 80' lang='lat' dir='ltr'><strong>Pauli</strong></span> <span class='ocrx_word' id='word_1_85' title='bbox 774 1001 1046 1072; x_wconf 80' lang='lat' dir='ltr'><strong>Epistolas</strong></span> <span class='ocrx_word' id='word_1_86' title='bbox 1074 1012 1129 1058; x_wconf 86' lang='lat' dir='ltr'><strong>et</strong></span> <span class='ocrx_word' id='word_1_87' title='bbox 1166 1003 1463 1075; x_wconf 87' lang='lat' dir='ltr'><strong>Epistolam</strong></span> <span class='ocrx_word' id='word_1_88' title='bbox 1496 1002 1563 1058; x_wconf 88' lang='lat' dir='ltr'><strong>ad</strong></span> <span class='ocrx_word' id='word_1_89' title='bbox 1598 1003 1858 1062; x_wconf 66' lang='lat' dir='ltr'><strong>Hebraea</strong></span> 
     </span>
    </p>
   </div>
   <div class='ocr_carea' id='block_1_12' title="bbox 279 1091 1856 1166">
    <p class='ocr_par' dir='ltr' id='par_1_12' title="bbox 279 1091 1856 1166">
     <span class='ocr_line' id='line_1_12' title="bbox 279 1091 1856 1166; baseline 0.002 -19"><span class='ocrx_word' id='word_1_90' title='bbox 279 1110 308 1147; x_wconf 90' lang='lat' dir='ltr'><strong>a</strong></span> <span class='ocrx_word' id='word_1_91' title='bbox 332 1091 630 1148; x_wconf 80' lang='lat' dir='ltr'><strong>Theodoro</strong></span> <span class='ocrx_word' id='word_1_92' title='bbox 659 1095 965 1164; x_wconf 81' lang='lat' dir='ltr'><strong>explicatas</strong></span> <span class='ocrx_word' id='word_1_93' title='bbox 988 1111 1110 1152; x_wconf 86' lang='lat' dir='ltr'><strong>esse</strong></span> <span class='ocrx_word' id='word_1_94' title='bbox 1141 1093 1262 1166; x_wconf 84' lang='lat' dir='ltr'><strong>(Ep.</strong></span> <span class='ocrx_word' id='word_1_95' title='bbox 1295 1093 1361 1148; x_wconf 90' lang='lat' dir='ltr'><strong>ad</strong></span> <span class='ocrx_word' id='word_1_96' title='bbox 1393 1092 1552 1150; x_wconf 79' lang='lat' dir='ltr'><strong>Rom.</strong></span> <span class='ocrx_word' id='word_1_97' title='bbox 1586 1095 1652 1149; x_wconf 88' lang='lat' dir='ltr'><strong>ad</strong></span> <span class='ocrx_word' id='word_1_98' title='bbox 1684 1095 1856 1150; x_wconf 85' lang='lat' dir='ltr'><strong>Euse-</strong></span> 
     </span>
    </p>
   </div>
   <div class='ocr_carea' id='block_1_13' title="bbox 276 1185 1856 1259">
    <p class='ocr_par' dir='ltr' id='par_1_13' title="bbox 276 1185 1856 1259">
     <span class='ocr_line' id='line_1_13' title="bbox 276 1185 1856 1259; baseline 0.003 -19"><span class='ocrx_word' id='word_1_99' title='bbox 276 1186 442 1248; x_wconf 85' lang='lat' dir='ltr'><strong>bium,</strong></span> <span class='ocrx_word' id='word_1_100' title='bbox 467 1186 614 1240; x_wconf 90' lang='lat' dir='ltr'><strong>duas</strong></span> <span class='ocrx_word' id='word_1_101' title='bbox 643 1186 712 1242; x_wconf 88' lang='lat' dir='ltr'><strong>ad</strong></span> <span class='ocrx_word' id='word_1_102' title='bbox 740 1186 871 1241; x_wconf 85' lang='lat' dir='ltr'><strong>Cor.</strong></span> <span class='ocrx_word' id='word_1_103' title='bbox 901 1195 1094 1259; x_wconf 84' lang='lat' dir='ltr'><strong>rogatu</strong></span> <span class='ocrx_word' id='word_1_104' title='bbox 1120 1185 1417 1250; x_wconf 85' lang='lat' dir='ltr'><strong>Theodori,</strong></span> <span class='ocrx_word' id='word_1_105' title='bbox 1454 1185 1587 1256; x_wconf 84' lang='lat' dir='ltr'><strong>Epp.</strong></span> <span class='ocrx_word' id='word_1_106' title='bbox 1619 1187 1687 1240; x_wconf 89' lang='lat' dir='ltr'><strong>ad</strong></span> <span class='ocrx_word' id='word_1_107' title='bbox 1711 1186 1856 1253; x_wconf 88' lang='lat' dir='ltr'><strong>Gal.,</strong></span> 
     </span>
    </p>
   </div>
   <div class='ocr_carea' id='block_1_14' title="bbox 279 1276 1858 1350">
    <p class='ocr_par' dir='ltr' id='par_1_14' title="bbox 279 1276 1858 1350">
     <span class='ocr_line' id='line_1_14' title="bbox 279 1276 1858 1350; baseline 0.002 -20"><span class='ocrx_word' id='word_1_108' title='bbox 279 1278 434 1347; x_wconf 78' lang='lat' dir='ltr'><strong>pr.,</strong></span> <span class='ocrx_word' id='word_1_109' title='bbox 487 1276 763 1349; x_wconf 85' lang='lat' dir='ltr'><strong>Philipp.,</strong></span> <span class='ocrx_word' id='word_1_110' title='bbox 815 1277 1033 1335; x_wconf 84' lang='lat' dir='ltr'><strong>Coloss.</strong></span> <span class='ocrx_word' id='word_1_111' title='bbox 1089 1293 1203 1350; x_wconf 64' lang='grc' dir='ltr'><strong>τοι.</strong></span> <span class='ocrx_word' id='word_1_112' title='bbox 1255 1277 1542 1343; x_wconf 89' lang='lat' dir='ltr'><strong>Eustratii,</strong></span> <span class='ocrx_word' id='word_1_113' title='bbox 1600 1278 1736 1349; x_wconf 86' lang='lat' dir='ltr'><strong>Epp.</strong></span> <span class='ocrx_word' id='word_1_114' title='bbox 1789 1278 1858 1334; x_wconf 88' lang='lat' dir='ltr'><strong>ad</strong></span> 
     </span>
    </p>
   </div>
   <div class='ocr_carea' id='block_1_15' title="bbox 276 1368 1856 1440">
    <p class='ocr_par' dir='ltr' id='par_1_15' title="bbox 276 1368 1856 1440">
     <span class='ocr_line' id='line_1_15' title="bbox 276 1368 1856 1440; baseline 0.001 -18"><span class='ocrx_word' id='word_1_115' title='bbox 276 1368 466 1425; x_wconf 81' lang='lat' dir='ltr'><strong>Thess.</strong></span> <span class='ocrx_word' id='word_1_116' title='bbox 515 1385 639 1440; x_wconf 90' lang='lat' dir='ltr'><strong>rog.</strong></span> <span class='ocrx_word' id='word_1_117' title='bbox 694 1369 903 1430; x_wconf 78' lang='lat' dir='ltr'><strong>Jacobi.</strong></span> <span class='ocrx_word' id='word_1_118' title='bbox 945 1369 1084 1440; x_wconf 85' lang='lat' dir='ltr'><strong>Epp.</strong></span> <span class='ocrx_word' id='word_1_119' title='bbox 1109 1370 1174 1424; x_wconf 92' lang='lat' dir='ltr'><strong>ad</strong></span> <span class='ocrx_word' id='word_1_120' title='bbox 1207 1368 1473 1430; x_wconf 81' lang='lat' dir='ltr'><strong>Titnotb.,</strong></span> <span class='ocrx_word' id='word_1_121' title='bbox 1515 1368 1582 1424; x_wconf 90' lang='lat' dir='ltr'><strong>ad</strong></span> <span class='ocrx_word' id='word_1_122' title='bbox 1610 1369 1856 1435; x_wconf 88' lang='lat' dir='ltr'><strong>Petrum,</strong></span> 
     </span>
    </p>
   </div>
   <div class='ocr_carea' id='block_1_16' title="bbox 277 1457 1855 1532">
    <p class='ocr_par' dir='ltr' id='par_1_16' title="bbox 277 1457 1855 1532">
     <span class='ocr_line' id='line_1_16' title="bbox 277 1457 1855 1532; baseline 0.004 -21"><span class='ocrx_word' id='word_1_123' title='bbox 277 1457 406 1529; x_wconf 82' lang='lat' dir='ltr'><strong>Epp.</strong></span> <span class='ocrx_word' id='word_1_124' title='bbox 442 1459 512 1512; x_wconf 85' lang='lat' dir='ltr'><strong>ad</strong></span> <span class='ocrx_word' id='word_1_125' title='bbox 558 1459 673 1514; x_wconf 79' lang='lat' dir='ltr'><strong>Tit.</strong></span> <span class='ocrx_word' id='word_1_126' title='bbox 707 1469 762 1515; x_wconf 91' lang='lat' dir='ltr'><strong>et</strong></span> <span class='ocrx_word' id='word_1_127' title='bbox 797 1459 1025 1515; x_wconf 87' lang='lat' dir='ltr'><strong>Pbilem.</strong></span> <span class='ocrx_word' id='word_1_128' title='bbox 1064 1475 1180 1532; x_wconf 84' lang='lat' dir='ltr'><strong>rog.</strong></span> <span class='ocrx_word' id='word_1_129' title='bbox 1219 1461 1429 1532; x_wconf 79' lang='lat' dir='ltr'><strong>Cyrini,</strong></span> <span class='ocrx_word' id='word_1_130' title='bbox 1460 1460 1560 1532; x_wconf 88' lang='lat' dir='ltr'><strong>Ep.</strong></span> <span class='ocrx_word' id='word_1_131' title='bbox 1589 1461 1655 1517; x_wconf 90' lang='lat' dir='ltr'><strong>ad</strong></span> <span class='ocrx_word' id='word_1_132' title='bbox 1690 1460 1855 1518; x_wconf 81' lang='lat' dir='ltr'><strong>Hebr.</strong></span> 
     </span>
    </p>
   </div>
   <div class='ocr_carea' id='block_1_17' title="bbox 275 1548 1852 1621">
    <p class='ocr_par' dir='ltr' id='par_1_17' title="bbox 275 1548 1852 1621">
     <span class='ocr_line' id='line_1_17' title="bbox 275 1548 1852 1621; baseline 0.003 -20"><span class='ocrx_word' id='word_1_133' title='bbox 275 1550 339 1602; x_wconf 89' lang='lat' dir='ltr'><strong>ad</strong></span> <span class='ocrx_word' id='word_1_134' title='bbox 363 1548 687 1618; x_wconf 82' lang='lat' dir='ltr'><strong>Cyrinum)</strong></span> <span class='ocrx_word' id='word_1_135' title='bbox 738 1549 986 1620; x_wconf 88' lang='lat' dir='ltr'><strong>perhibet</strong></span> <span class='ocrx_word' id='word_1_136' title='bbox 1029 1549 1297 1606; x_wconf 87' lang='lat' dir='ltr'><strong>Ebedicsu</strong></span> <span class='ocrx_word' id='word_1_137' title='bbox 1349 1551 1384 1603; x_wconf 93' lang='lat' dir='ltr'><strong>l.</strong></span> <span class='ocrx_word' id='word_1_138' title='bbox 1417 1566 1494 1614; x_wconf 91' lang='lat' dir='ltr'><strong>c.,</strong></span> <span class='ocrx_word' id='word_1_139' title='bbox 1543 1567 1595 1621; x_wconf 91' lang='lat' dir='ltr'><strong>p.</strong></span> <span class='ocrx_word' id='word_1_140' title='bbox 1629 1552 1721 1614; x_wconf 69' lang='lat'><strong>39.,</strong></span> <span class='ocrx_word' id='word_1_141' title='bbox 1759 1551 1852 1606; x_wconf 81' lang='grc'><strong>55.</strong></span> 
     </span>
    </p>
   </div>
   <div class='ocr_carea' id='block_1_18' title="bbox 276 1637 1858 1711">
    <p class='ocr_par' dir='ltr' id='par_1_18' title="bbox 276 1637 1858 1711">
     <span class='ocr_line' id='line_1_18' title="bbox 276 1637 1858 1711; baseline 0.001 -18"><span class='ocrx_word' id='word_1_142' title='bbox 276 1637 537 1694; x_wconf 60' lang='lat' dir='ltr'><strong>[centius</strong></span> <span class='ocrx_word' id='word_1_143' title='bbox 590 1640 630 1694; x_wconf 94' lang='grc'><strong>1.</strong></span> <span class='ocrx_word' id='word_1_144' title='bbox 689 1657 738 1696; x_wconf 92' lang='lat' dir='ltr'><strong>c.</strong></span> <span class='ocrx_word' id='word_1_145' title='bbox 801 1639 970 1709; x_wconf 70' lang='lat' dir='ltr'><strong>(Mai.</strong></span> <span class='ocrx_word' id='word_1_146' title='bbox 1026 1641 1064 1695; x_wconf 90' lang='grc'><strong>1.</strong></span> <span class='ocrx_word' id='word_1_147' title='bbox 1113 1641 1175 1704; x_wconf 84' lang='lat' dir='ltr'><strong>l.,</strong></span> <span class='ocrx_word' id='word_1_148' title='bbox 1218 1657 1293 1706; x_wconf 76' lang='lat' dir='ltr'><strong>Vt,</strong></span> <span class='ocrx_word' id='word_1_149' title='bbox 1333 1657 1385 1710; x_wconf 90' lang='lat' dir='ltr'><strong>p.</strong></span> <span class='ocrx_word' id='word_1_150' title='bbox 1417 1640 1545 1711; x_wconf 74' lang='lat'><strong>299)</strong></span> <span class='ocrx_word' id='word_1_151' title='bbox 1590 1647 1858 1696; x_wconf 76' lang='lat' dir='ltr'><strong>memorat</strong></span> 
     </span>
    </p>
   </div>
   <div class='ocr_carea' id='block_1_19' title="bbox 1962 462 3524 536">
    <p class='ocr_par' dir='ltr' id='par_1_19' title="bbox 1962 462 3524 536">
     <span class='ocr_line' id='line_1_19' title="bbox 1962 462 3524 536; baseline 0.004 -20"><span class='ocrx_word' id='word_1_152' title='bbox 1962 462 2153 534; x_wconf 91' lang='lat' dir='ltr'><strong>Syrus,</strong></span> <span class='ocrx_word' id='word_1_153' title='bbox 2181 471 2235 518; x_wconf 88' lang='lat' dir='ltr'><strong>et</strong></span> <span class='ocrx_word' id='word_1_154' title='bbox 2281 472 2407 518; x_wconf 89' lang='lat' dir='ltr'><strong>ante</strong></span> <span class='ocrx_word' id='word_1_155' title='bbox 2444 478 2530 516; x_wconf 88' lang='lat' dir='ltr'><strong>an.</strong></span> <span class='ocrx_word' id='word_1_156' title='bbox 2571 462 2677 518; x_wconf 77' lang='lat'><strong>596</strong></span> <span class='ocrx_word' id='word_1_157' title='bbox 2722 465 3012 534; x_wconf 85' lang='lat' dir='ltr'><strong>episcopus</strong></span> <span class='ocrx_word' id='word_1_158' title='bbox 3051 475 3106 520; x_wconf 86' lang='lat' dir='ltr'><strong>et</strong></span> <span class='ocrx_word' id='word_1_159' title='bbox 3155 465 3524 536; x_wconf 85' lang='lat' dir='ltr'><strong>Epistolarum</strong></span> 
     </span>
    </p>
   </div>
   <div class='ocr_carea' id='block_1_20' title="bbox 1959 554 3526 626">
    <p class='ocr_par' dir='ltr' id='par_1_20' title="bbox 1959 554 3526 626">
     <span class='ocr_line' id='line_1_20' title="bbox 1959 554 3526 626; baseline 0.004 -18"><span class='ocrx_word' id='word_1_160' title='bbox 1959 554 2311 608; x_wconf 88' lang='lat' dir='ltr'><strong>Paulinarum</strong></span> <span class='ocrx_word' id='word_1_161' title='bbox 2363 555 2658 624; x_wconf 85' lang='lat' dir='ltr'><strong>interpres,</strong></span> <span class='ocrx_word' id='word_1_162' title='bbox 2703 554 2860 625; x_wconf 91' lang='lat' dir='ltr'><strong>cujus</strong></span> <span class='ocrx_word' id='word_1_163' title='bbox 2911 557 3145 626; x_wconf 88' lang='lat' dir='ltr'><strong>denique</strong></span> <span class='ocrx_word' id='word_1_164' title='bbox 3189 573 3386 613; x_wconf 86' lang='lat' dir='ltr'><strong>nomen</strong></span> <span class='ocrx_word' id='word_1_165' title='bbox 3429 575 3526 615; x_wconf 83' lang='lat' dir='ltr'><strong>cur</strong></span> 
     </span>
    </p>
   </div>
   <div class='ocr_carea' id='block_1_21' title="bbox 1959 645 3523 718">
    <p class='ocr_par' dir='ltr' id='par_1_21' title="bbox 1959 645 3523 718">
     <span class='ocr_line' id='line_1_21' title="bbox 1959 645 3523 718; baseline 0.001 -16"><span class='ocrx_word' id='word_1_166' title='bbox 1959 647 2220 702; x_wconf 90' lang='lat' dir='ltr'><strong>omissum</strong></span> <span class='ocrx_word' id='word_1_167' title='bbox 2255 653 2426 712; x_wconf 82' lang='lat' dir='ltr'><strong>esset,</strong></span> <span class='ocrx_word' id='word_1_168' title='bbox 2458 646 2600 700; x_wconf 82' lang='lat' dir='ltr'><strong>ratio</strong></span> <span class='ocrx_word' id='word_1_169' title='bbox 2635 645 2936 716; x_wconf 78' lang='lat' dir='ltr'><strong>probabilis</strong></span> <span class='ocrx_word' id='word_1_170' title='bbox 2967 647 3116 702; x_wconf 89' lang='lat' dir='ltr'><strong>reddi</strong></span> <span class='ocrx_word' id='word_1_171' title='bbox 3153 659 3357 718; x_wconf 81' lang='lat' dir='ltr'><strong>posset.</strong></span> <span class='ocrx_word' id='word_1_172' title='bbox 3399 648 3523 704; x_wconf 82' lang='lat' dir='ltr'><strong>Mihi</strong></span> 
     </span>
    </p>
   </div>
   <div class='ocr_carea' id='block_1_22' title="bbox 1960 734 3527 804">
    <p class='ocr_par' dir='ltr' id='par_1_22' title="bbox 1960 734 3527 804">
     <span class='ocr_line' id='line_1_22' title="bbox 1960 734 3527 804; baseline 0.002 -15"><span class='ocrx_word' id='word_1_173' title='bbox 1960 734 2074 789; x_wconf 69' lang='lat' dir='ltr'><strong>haec</strong></span> <span class='ocrx_word' id='word_1_174' title='bbox 2100 736 2433 803; x_wconf 83' lang='lat' dir='ltr'><strong>conjectura,</strong></span> <span class='ocrx_word' id='word_1_175' title='bbox 2471 751 2591 804; x_wconf 74' lang='lat' dir='ltr'><strong>quae</strong></span> <span class='ocrx_word' id='word_1_176' title='bbox 2621 737 2666 789; x_wconf 94' lang='lat' dir='ltr'><strong>si</strong></span> <span class='ocrx_word' id='word_1_177' title='bbox 2703 750 2828 789; x_wconf 80' lang='lat' dir='ltr'><strong>vera</strong></span> <span class='ocrx_word' id='word_1_178' title='bbox 2867 747 3013 790; x_wconf 84' lang='lat' dir='ltr'><strong>esset</strong></span> <span class='ocrx_word' id='word_1_179' title='bbox 3046 739 3312 791; x_wconf 88' lang='lat' dir='ltr'><strong>nonnulla</strong></span> <span class='ocrx_word' id='word_1_180' title='bbox 3350 736 3527 792; x_wconf 84' lang='lat' dir='ltr'><strong>Theo-</strong></span> 
     </span>
    </p>
   </div>
   <div class='ocr_carea' id='block_1_23' title="bbox 1958 825 3524 897">
    <p class='ocr_par' dir='ltr' id='par_1_23' title="bbox 1958 825 3524 897">
     <span class='ocr_line' id='line_1_23' title="bbox 1958 825 3524 897; baseline 0.003 -18"><span class='ocrx_word' id='word_1_181' title='bbox 1958 825 2076 880; x_wconf 91' lang='lat' dir='ltr'><strong>dori</strong></span> <span class='ocrx_word' id='word_1_182' title='bbox 2111 825 2166 880; x_wconf 92' lang='lat' dir='ltr'><strong>in</strong></span> <span class='ocrx_word' id='word_1_183' title='bbox 2199 825 2446 880; x_wconf 88' lang='lat' dir='ltr'><strong>Eutbalio</strong></span> <span class='ocrx_word' id='word_1_184' title='bbox 2481 826 2767 895; x_wconf 87' lang='lat' dir='ltr'><strong>reperires,</strong></span> <span class='ocrx_word' id='word_1_185' title='bbox 2810 841 2915 879; x_wconf 91' lang='lat' dir='ltr'><strong>non</strong></span> <span class='ocrx_word' id='word_1_186' title='bbox 2950 828 3087 882; x_wconf 85' lang='lat' dir='ltr'><strong>satis</strong></span> <span class='ocrx_word' id='word_1_187' title='bbox 3120 827 3413 897; x_wconf 80' lang='lat' dir='ltr'><strong>probabilis</strong></span> <span class='ocrx_word' id='word_1_188' title='bbox 3447 829 3524 883; x_wconf 76' lang='lat' dir='ltr'><strong>vi-</strong></span> 
     </span>
    </p>
   </div>
   <div class='ocr_carea' id='block_1_24' title="bbox 1958 915 3526 988">
    <p class='ocr_par' dir='ltr' id='par_1_24' title="bbox 1958 915 3526 988">
     <span class='ocr_line' id='line_1_24' title="bbox 1958 915 3526 988; baseline 0.001 -17"><span class='ocrx_word' id='word_1_189' title='bbox 1958 917 2156 982; x_wconf 90' lang='lat' dir='ltr'><strong>detur;</strong></span> <span class='ocrx_word' id='word_1_190' title='bbox 2221 931 2332 970; x_wconf 92' lang='lat' dir='ltr'><strong>non</strong></span> <span class='ocrx_word' id='word_1_191' title='bbox 2388 923 2567 971; x_wconf 87' lang='lat' dir='ltr'><strong>tamen</strong></span> <span class='ocrx_word' id='word_1_192' title='bbox 2615 915 2811 978; x_wconf 79' lang='lat' dir='ltr'><strong>habeo,</strong></span> <span class='ocrx_word' id='word_1_193' title='bbox 2867 932 2977 985; x_wconf 86' lang='lat' dir='ltr'><strong>quo</strong></span> <span class='ocrx_word' id='word_1_194' title='bbox 3022 933 3138 971; x_wconf 85' lang='lat' dir='ltr'><strong>eam</strong></span> <span class='ocrx_word' id='word_1_195' title='bbox 3197 919 3356 988; x_wconf 86' lang='lat' dir='ltr'><strong>plane</strong></span> <span class='ocrx_word' id='word_1_196' title='bbox 3403 934 3526 988; x_wconf 85' lang='lat' dir='ltr'><strong>pro-</strong></span> 
     </span>
    </p>
   </div>
   <div class='ocr_carea' id='block_1_25' title="bbox 1960 1015 2221 1063">
    <p class='ocr_par' dir='ltr' id='par_1_25' title="bbox 1960 1015 2221 1063">
     <span class='ocr_line' id='line_1_25' title="bbox 1960 1015 2221 1063; baseline 0 0"><span class='ocrx_word' id='word_1_197' title='bbox 1960 1015 2221 1063; x_wconf 82' lang='lat' dir='ltr'><strong>sternam.</strong></span> 
     </span>
    </p>
   </div>
   <div class='ocr_carea' id='block_1_26' title="bbox 2026 1091 3526 1167">
    <p class='ocr_par' dir='ltr' id='par_1_26' title="bbox 2026 1091 3526 1167">
     <span class='ocr_line' id='line_1_26' title="bbox 2026 1091 3526 1167; baseline -0.001 -14"><span class='ocrx_word' id='word_1_198' title='bbox 2026 1091 2417 1154; x_wconf 82' lang='lat' dir='ltr'><strong>Commentarii</strong></span> <span class='ocrx_word' id='word_1_199' title='bbox 2451 1101 2505 1153; x_wconf 78' lang='lat' dir='ltr'><strong>in</strong></span> <span class='ocrx_word' id='word_1_200' title='bbox 2536 1097 2826 1167; x_wconf 79' lang='lat' dir='ltr'><strong>Epistulam</strong></span> <span class='ocrx_word' id='word_1_201' title='bbox 2855 1099 2922 1150; x_wconf 83' lang='lat' dir='ltr'><strong>ad</strong></span> <span class='ocrx_word' id='word_1_202' title='bbox 2953 1095 3218 1152; x_wconf 82' lang='lat' dir='ltr'><strong>Romanos</strong></span> <span class='ocrx_word' id='word_1_203' title='bbox 3251 1100 3526 1167; x_wconf 81' lang='lat' dir='ltr'><strong>fragmen-</strong></span> 
     </span>
    </p>
   </div>
   <div class='ocr_carea' id='block_1_27' title="bbox 1959 1185 3528 1257">
    <p class='ocr_par' dir='ltr' id='par_1_27' title="bbox 1959 1185 3528 1257">
     <span class='ocr_line' id='line_1_27' title="bbox 1959 1185 3528 1257; baseline 0.001 -17"><span class='ocrx_word' id='word_1_204' title='bbox 1959 1194 2069 1240; x_wconf 89' lang='lat' dir='ltr'><strong>tum</strong></span> <span class='ocrx_word' id='word_1_205' title='bbox 2097 1185 2165 1242; x_wconf 90' lang='lat' dir='ltr'><strong>de</strong></span> <span class='ocrx_word' id='word_1_206' title='bbox 2193 1202 2233 1251; x_wconf 90' lang='grc' dir='ltr'><strong>ι,</strong></span> <span class='ocrx_word' id='word_1_207' title='bbox 2260 1187 2316 1251; x_wconf 72' lang='lat'><strong>2,</strong></span> <span class='ocrx_word' id='word_1_208' title='bbox 2353 1187 2408 1252; x_wconf 74' lang='grc'><strong>5,</strong></span> <span class='ocrx_word' id='word_1_209' title='bbox 2440 1186 2643 1257; x_wconf 65' lang='lat' dir='ltr'><strong>prabet</strong></span> <span class='ocrx_word' id='word_1_210' title='bbox 2672 1185 2797 1241; x_wconf 81' lang='lat' dir='ltr'><strong>Fac.</strong></span> <span class='ocrx_word' id='word_1_211' title='bbox 2833 1201 2910 1249; x_wconf 89' lang='grc' dir='ltr'>ιιι,</span> <span class='ocrx_word' id='word_1_212' title='bbox 2947 1185 3015 1252; x_wconf 87' lang='lat'><strong>6;</strong></span> <span class='ocrx_word' id='word_1_213' title='bbox 3061 1187 3212 1254; x_wconf 89' lang='lat' dir='ltr'><strong>plura</strong></span> <span class='ocrx_word' id='word_1_214' title='bbox 3243 1187 3298 1239; x_wconf 90' lang='lat' dir='ltr'><strong>in</strong></span> <span class='ocrx_word' id='word_1_215' title='bbox 3334 1187 3528 1242; x_wconf 84' lang='lat' dir='ltr'><strong>itinere</strong></span> 
     </span>
    </p>
   </div>
   <div class='ocr_carea' id='block_1_28' title="bbox 1958 1273 3522 1346">
    <p class='ocr_par' dir='ltr' id='par_1_28' title="bbox 1958 1273 3522 1346">
     <span class='ocr_line' id='line_1_28' title="bbox 1958 1273 3522 1346; baseline -0.003 -15"><span class='ocrx_word' id='word_1_216' title='bbox 1958 1278 2146 1332; x_wconf 82' lang='lat' dir='ltr'><strong>Italico</strong></span> <span class='ocrx_word' id='word_1_217' title='bbox 2169 1293 2236 1332; x_wconf 80' lang='lat' dir='ltr'><strong>ex</strong></span> <span class='ocrx_word' id='word_1_218' title='bbox 2264 1276 2426 1332; x_wconf 87' lang='lat' dir='ltr'><strong>codd.</strong></span> <span class='ocrx_word' id='word_1_219' title='bbox 2458 1283 2513 1332; x_wconf 89' lang='lat' dir='ltr'><strong>et</strong></span> <span class='ocrx_word' id='word_1_220' title='bbox 2545 1276 2766 1332; x_wconf 79' lang='lat' dir='ltr'><strong>Catenis</strong></span> <span class='ocrx_word' id='word_1_221' title='bbox 2811 1273 2985 1330; x_wconf 78' lang='lat' dir='ltr'><strong>Vatic.</strong></span> <span class='ocrx_word' id='word_1_222' title='bbox 3031 1277 3320 1346; x_wconf 77' lang='lat' dir='ltr'><strong>exscripsit</strong></span> <span class='ocrx_word' id='word_1_223' title='bbox 3360 1274 3424 1329; x_wconf 85' lang='lat' dir='ltr'><strong>N.</strong></span> <span class='ocrx_word' id='word_1_224' title='bbox 3461 1275 3522 1331; x_wconf 90' lang='lat' dir='ltr'><strong>C.</strong></span> 
     </span>
    </p>
   </div>
   <div class='ocr_carea' id='block_1_29' title="bbox 1959 1367 3526 1439">
    <p class='ocr_par' dir='ltr' id='par_1_29' title="bbox 1959 1367 3526 1439">
     <span class='ocr_line' id='line_1_29' title="bbox 1959 1367 3526 1439; baseline -0.001 -15"><span class='ocrx_word' id='word_1_225' title='bbox 1959 1367 2171 1424; x_wconf 76' lang='lat' dir='ltr'><strong>Kallius</strong></span> <span class='ocrx_word' id='word_1_226' title='bbox 2217 1369 2291 1439; x_wconf 74' lang='grc' dir='ltr'><strong>(ν.</strong></span> <span class='ocrx_word' id='word_1_227' title='bbox 2321 1367 2528 1422; x_wconf 73' lang='lat' dir='ltr'><strong>liuent.</strong></span> <span class='ocrx_word' id='word_1_228' title='bbox 2559 1367 2597 1423; x_wconf 92' lang='lat' dir='ltr'><strong>l.</strong></span> <span class='ocrx_word' id='word_1_229' title='bbox 2630 1368 2692 1434; x_wconf 91' lang='lat' dir='ltr'><strong>l.,</strong></span> <span class='ocrx_word' id='word_1_230' title='bbox 2728 1384 2782 1438; x_wconf 89' lang='lat' dir='ltr'><strong>p.</strong></span> <span class='ocrx_word' id='word_1_231' title='bbox 2820 1368 2932 1438; x_wconf 78' lang='grc'><strong>¹18),</strong></span> <span class='ocrx_word' id='word_1_232' title='bbox 2960 1367 3227 1431; x_wconf 90' lang='lat' dir='ltr'><strong>nondum,</strong></span> <span class='ocrx_word' id='word_1_233' title='bbox 3259 1375 3526 1437; x_wconf 88' lang='lat' dir='ltr'><strong>quantum</strong></span> 
     </span>
    </p>
   </div>
   <div class='ocr_carea' id='block_1_30' title="bbox 1959 1457 3525 1530">
    <p class='ocr_par' dir='ltr' id='par_1_30' title="bbox 1959 1457 3525 1530">
     <span class='ocr_line' id='line_1_30' title="bbox 1959 1457 3525 1530; baseline -0.003 -14"><span class='ocrx_word' id='word_1_234' title='bbox 1959 1460 2098 1526; x_wconf 86' lang='lat' dir='ltr'><strong>scio,</strong></span> <span class='ocrx_word' id='word_1_235' title='bbox 2145 1458 2312 1515; x_wconf 85' lang='lat' dir='ltr'><strong>edita.</strong></span> <span class='ocrx_word' id='word_1_236' title='bbox 2361 1458 2688 1530; x_wconf 82' lang='lat' dir='ltr'><strong>Fragmenta</strong></span> <span class='ocrx_word' id='word_1_237' title='bbox 2740 1461 2987 1516; x_wconf 79' lang='lat' dir='ltr'><strong>continet</strong></span> <span class='ocrx_word' id='word_1_238' title='bbox 3037 1459 3157 1513; x_wconf 87' lang='lat' dir='ltr'><strong>Cat.</strong></span> <span class='ocrx_word' id='word_1_239' title='bbox 3210 1457 3356 1514; x_wconf 76' lang='lat' dir='ltr'><strong>ined.</strong></span> <span class='ocrx_word' id='word_1_240' title='bbox 3404 1457 3525 1512; x_wconf 88' lang='lat' dir='ltr'><strong>cod.</strong></span> 
     </span>
    </p>
   </div>
   <div class='ocr_carea' id='block_1_31' title="bbox 1963 1548 3528 1618">
    <p class='ocr_par' dir='ltr' id='par_1_31' title="bbox 1963 1548 3528 1618">
     <span class='ocr_line' id='line_1_31' title="bbox 1963 1548 3528 1618; baseline -0.003 -14"><span class='ocrx_word' id='word_1_241' title='bbox 1963 1550 2195 1606; x_wconf 78' lang='lat' dir='ltr'><strong>Vindob.</strong></span> <span class='ocrx_word' id='word_1_242' title='bbox 2231 1549 2415 1606; x_wconf 78' lang='lat' dir='ltr'><strong>XLVI.</strong></span> <span class='ocrx_word' id='word_1_243' title='bbox 2451 1550 2537 1607; x_wconf 84' lang='lat' dir='ltr'><strong>cr.</strong></span> <span class='ocrx_word' id='word_1_244' title='bbox 2600 1550 2854 1605; x_wconf 85' lang='lat' dir='ltr'><strong>Lambec.</strong></span> <span class='ocrx_word' id='word_1_245' title='bbox 2889 1552 2925 1605; x_wconf 90' lang='grc' dir='ltr'>ι.</span> <span class='ocrx_word' id='word_1_246' title='bbox 2952 1551 3012 1613; x_wconf 77' lang='lat'><strong>1.,</strong></span> <span class='ocrx_word' id='word_1_247' title='bbox 3043 1549 3129 1612; x_wconf 83' lang='lat' dir='ltr'><strong>III,</strong></span> <span class='ocrx_word' id='word_1_248' title='bbox 3160 1565 3213 1618; x_wconf 87' lang='lat' dir='ltr'><strong>p.</strong></span> <span class='ocrx_word' id='word_1_249' title='bbox 3249 1549 3369 1602; x_wconf 71' lang='grc' dir='ltr'><strong>ηε.</strong></span> <span class='ocrx_word' id='word_1_250' title='bbox 3417 1548 3528 1602; x_wconf 66' lang='lat' dir='ltr'><strong>Atia</strong></span> 
     </span>
    </p>
   </div>
   <div class='ocr_carea' id='block_1_32' title="bbox 1959 1633 3528 1708">
    <p class='ocr_par' dir='ltr' id='par_1_32' title="bbox 1959 1633 3528 1708">
     <span class='ocr_line' id='line_1_32' title="bbox 1959 1633 3528 1708; baseline -0.002 -17"><span class='ocrx_word' id='word_1_251' title='bbox 1959 1639 2146 1692; x_wconf 85' lang='lat' dir='ltr'><strong>edidit.</strong></span> <span class='ocrx_word' id='word_1_252' title='bbox 2172 1639 2308 1708; x_wconf 77' lang='lat' dir='ltr'><strong>Aug.</strong></span> <span class='ocrx_word' id='word_1_253' title='bbox 2337 1638 2510 1694; x_wconf 78' lang='lat' dir='ltr'><strong>Maius</strong></span> <span class='ocrx_word' id='word_1_254' title='bbox 2544 1656 2597 1693; x_wconf 89' lang='grc' dir='ltr'><strong>ιιι</strong></span> <span class='ocrx_word' id='word_1_255' title='bbox 2625 1638 2896 1707; x_wconf 81' lang='lat' dir='ltr'><strong>Spicilegii</strong></span> <span class='ocrx_word' id='word_1_256' title='bbox 2931 1636 3155 1691; x_wconf 79' lang='lat' dir='ltr'><strong>Romani</strong></span> <span class='ocrx_word' id='word_1_257' title='bbox 3191 1647 3320 1690; x_wconf 92' lang='lat' dir='ltr'><strong>tom.</strong></span> <span class='ocrx_word' id='word_1_258' title='bbox 3359 1633 3449 1696; x_wconf 71' lang='grc' dir='ltr'>ιν,</span> <span class='ocrx_word' id='word_1_259' title='bbox 3475 1649 3528 1704; x_wconf 92' lang='lat' dir='ltr'><strong>p.</strong></span> 
     </span>
    </p>
   </div>
   <div class='ocr_carea' id='block_1_33' title="bbox 277 1709 1857 1802">
    <p class='ocr_par' dir='ltr' id='par_1_33' title="bbox 277 1709 1855 1802">
     <span class='ocr_line' id='line_1_33' title="bbox 277 1709 1855 1802; baseline 0.001 -22"><span class='ocrx_word' id='word_1_260' title='bbox 277 1727 371 1798; x_wconf 76' lang='grc' dir='ltr'><strong>τὴν</strong></span> <span class='ocrx_word' id='word_1_261' title='bbox 419 1729 806 1800; x_wconf 62' lang='grc' dir='ltr'><strong>παρεξήγησιν</strong></span> <span class='ocrx_word' id='word_1_262' title='bbox 833 1732 975 1800; x_wconf 86' lang='lat' dir='ltr'><strong>ejus,</strong></span> <span class='ocrx_word' id='word_1_263' title='bbox 1026 1732 1093 1802; x_wconf 73' lang='grc' dir='ltr'>ἢν</span> <span class='ocrx_word' id='word_1_264' title='bbox 1127 1732 1208 1794; x_wconf 80' lang='grc' dir='ltr'><strong>εις</strong></span> <span class='ocrx_word' id='word_1_265' title='bbox 1252 1709 1349 1800; x_wconf 73' lang='grc' dir='ltr'>τὴν</span> <span class='ocrx_word' id='word_1_266' title='bbox 1387 1709 1533 1802; x_wconf 48' lang='grc' dir='ltr'><strong>πρὸςὲ</strong></span> <span class='ocrx_word' id='word_1_267' title='bbox 1572 1732 1855 1801; x_wconf 74' lang='grc' dir='ltr'><strong>Ἑϐραίους</strong></span> 
     </span>
    </p>
   </div>
   <div class='ocr_carea' id='block_1_34' title="bbox 1966 1709 3531 1802">
    <p class='ocr_par' dir='ltr' id='par_1_34' title="bbox 1966 1725 3531 1800">
     <span class='ocr_line' id='line_1_34' title="bbox 1966 1725 3531 1800; baseline -0.003 -16"><span class='ocrx_word' id='word_1_268' title='bbox 1966 1728 2082 1785; x_wconf 67' lang='grc'><strong>199.</strong></span> <span class='ocrx_word' id='word_1_269' title='bbox 2103 1729 2258 1784; x_wconf 83' lang='lat' dir='ltr'><strong>Errat</strong></span> <span class='ocrx_word' id='word_1_270' title='bbox 2275 1739 2454 1784; x_wconf 85' lang='lat' dir='ltr'><strong>autem</strong></span> <span class='ocrx_word' id='word_1_271' title='bbox 2478 1729 2781 1796; x_wconf 77' lang='lat' dir='ltr'><strong>Fabricius,</strong></span> <span class='ocrx_word' id='word_1_272' title='bbox 2805 1729 2896 1800; x_wconf 88' lang='lat' dir='ltr'><strong>qui</strong></span> <span class='ocrx_word' id='word_1_273' title='bbox 2923 1729 2959 1783; x_wconf 91' lang='lat' dir='ltr'><strong>l.</strong></span> <span class='ocrx_word' id='word_1_274' title='bbox 2985 1729 3045 1790; x_wconf 92' lang='lat' dir='ltr'><strong>l.,</strong></span> <span class='ocrx_word' id='word_1_275' title='bbox 3071 1743 3124 1799; x_wconf 87' lang='lat' dir='ltr'><strong>p.</strong></span> <span class='ocrx_word' id='word_1_276' title='bbox 3141 1728 3264 1783; x_wconf 74' lang='lat'><strong>359.</strong></span> <span class='ocrx_word' id='word_1_277' title='bbox 3287 1725 3531 1796; x_wconf 66' lang='lat' dir='ltr'><strong>quadam</strong></span> 
     </span>
    </p>
   </div>
   <div class='ocr_carea' id='block_1_35' title="bbox 287 1818 1856 1892">
    <p class='ocr_par' dir='ltr' id='par_1_35' title="bbox 287 1818 1856 1892">
     <span class='ocr_line' id='line_1_35' title="bbox 287 1818 1856 1892; baseline 0.002 -20"><span class='ocrx_word' id='word_1_278' title='bbox 287 1818 609 1891; x_wconf 73' lang='grc' dir='ltr'><strong>Ἐπιστολὴν</strong></span> <span class='ocrx_word' id='word_1_279' title='bbox 656 1820 950 1892; x_wconf 77' lang='grc' dir='ltr'><strong>πεποίηται</strong></span> <span class='ocrx_word' id='word_1_280' title='bbox 984 1821 1080 1875; x_wconf 73' lang='grc' dir='ltr'><strong>καὶ</strong></span> <span class='ocrx_word' id='word_1_281' title='bbox 1123 1822 1228 1892; x_wconf 79' lang='grc' dir='ltr'><strong>μὴν</strong></span> <span class='ocrx_word' id='word_1_282' title='bbox 1257 1821 1348 1874; x_wconf 68' lang='grc' dir='ltr'><strong>καὶ</strong></span> <span class='ocrx_word' id='word_1_283' title='bbox 1389 1822 1468 1885; x_wconf 76' lang='grc' dir='ltr'><strong>εις</strong></span> <span class='ocrx_word' id='word_1_284' title='bbox 1498 1824 1597 1892; x_wconf 75' lang='grc' dir='ltr'><strong>τὴν</strong></span> <span class='ocrx_word' id='word_1_285' title='bbox 1625 1821 1688 1888; x_wconf 67' lang='grc' dir='ltr'><strong>(ἲ)</strong></span> <span class='ocrx_word' id='word_1_286' title='bbox 1722 1823 1856 1892; x_wconf 59' lang='grc' dir='ltr'><strong>πρὸς</strong></span> 
     </span>
    </p>
   </div>
   <div class='ocr_carea' id='block_1_36' title="bbox 275 1910 1856 1982">
    <p class='ocr_par' dir='ltr' id='par_1_36' title="bbox 275 1910 1856 1982">
     <span class='ocr_line' id='line_1_36' title="bbox 275 1910 1856 1982; baseline 0.001 -18"><span class='ocrx_word' id='word_1_287' title='bbox 275 1911 601 1982; x_wconf 65' lang='grc' dir='ltr'><strong>Κορινθίους</strong></span> <span class='ocrx_word' id='word_1_288' title='bbox 643 1912 740 1965; x_wconf 81' lang='grc' dir='ltr'><strong>καὶ</strong></span> <span class='ocrx_word' id='word_1_289' title='bbox 786 1911 1053 1975; x_wconf 79' lang='grc' dir='ltr'><strong>Γαλάτας.</strong></span> <span class='ocrx_word' id='word_1_290' title='bbox 1089 1941 1158 1951; x_wconf 89' lang='grc'><strong>-</strong></span> <span class='ocrx_word' id='word_1_291' title='bbox 1199 1910 1334 1966; x_wconf 91' lang='lat' dir='ltr'><strong>Cum</strong></span> <span class='ocrx_word' id='word_1_292' title='bbox 1367 1910 1750 1965; x_wconf 85' lang='lat' dir='ltr'><strong>Tbeodoretus</strong></span> <span class='ocrx_word' id='word_1_293' title='bbox 1799 1910 1856 1965; x_wconf 89' lang='lat' dir='ltr'><strong>in</strong></span> 
     </span>
    </p>
   </div>
   <div class='ocr_carea' id='block_1_37' title="bbox 277 2001 1857 2073">
    <p class='ocr_par' dir='ltr' id='par_1_37' title="bbox 277 2001 1857 2073">
     <span class='ocr_line' id='line_1_37' title="bbox 277 2001 1857 2073; baseline -0.001 -18"><span class='ocrx_word' id='word_1_294' title='bbox 277 2001 438 2056; x_wconf 64' lang='lat' dir='ltr'><strong>Pref.</strong></span> <span class='ocrx_word' id='word_1_295' title='bbox 471 2003 528 2056; x_wconf 90' lang='lat' dir='ltr'><strong>in</strong></span> <span class='ocrx_word' id='word_1_296' title='bbox 556 2001 711 2056; x_wconf 82' lang='lat' dir='ltr'><strong>Pauli</strong></span> <span class='ocrx_word' id='word_1_297' title='bbox 737 2003 872 2073; x_wconf 79' lang='lat' dir='ltr'><strong>Epp.</strong></span> <span class='ocrx_word' id='word_1_298' title='bbox 903 2004 1172 2058; x_wconf 87' lang='lat' dir='ltr'><strong>scriberet</strong></span> <span class='ocrx_word' id='word_1_299' title='bbox 1204 2023 1216 2056; x_wconf 89' lang='lat'>:</span> <span class='ocrx_word' id='word_1_300' title='bbox 1249 2033 1317 2043; x_wconf 90' lang='lat'>—</span> <span class='ocrx_word' id='word_1_301' title='bbox 1347 2001 1640 2065; x_wconf 76' lang='grc' dir='ltr'><strong>Αὑθαδείας</strong></span> <span class='ocrx_word' id='word_1_302' title='bbox 1673 2018 1738 2072; x_wconf 82' lang='grc' dir='ltr'><strong>με</strong></span> <span class='ocrx_word' id='word_1_303' title='bbox 1763 2019 1857 2054; x_wconf 81' lang='grc' dir='ltr'><strong>τυ-</strong></span> 
     </span>
    </p>
   </div>
   <div class='ocr_carea' id='block_1_38' title="bbox 276 2089 1857 2162">
    <p class='ocr_par' dir='ltr' id='par_1_38' title="bbox 276 2089 1857 2162">
     <span class='ocr_line' id='line_1_38' title="bbox 276 2089 1857 2162; baseline 0.002 -21"><span class='ocrx_word' id='word_1_304' title='bbox 276 2089 367 2158; x_wconf 69' lang='grc' dir='ltr'><strong>χὸν</strong></span> <span class='ocrx_word' id='word_1_305' title='bbox 388 2091 484 2143; x_wconf 70' lang='grc' dir='ltr'><strong>καὶ</strong></span> <span class='ocrx_word' id='word_1_306' title='bbox 507 2089 850 2161; x_wconf 77' lang='grc' dir='ltr'><strong>Θρασΰτητος</strong></span> <span class='ocrx_word' id='word_1_307' title='bbox 873 2089 1176 2162; x_wconf 61' lang='grc' dir='ltr'><strong>γράφονται</strong></span> <span class='ocrx_word' id='word_1_308' title='bbox 1203 2089 1342 2161; x_wconf 78' lang='grc' dir='ltr'><strong>μετὰ</strong></span> <span class='ocrx_word' id='word_1_309' title='bbox 1369 2090 1458 2144; x_wconf 86' lang='grc' dir='ltr'><strong>τὺν</strong></span> <span class='ocrx_word' id='word_1_310' title='bbox 1483 2091 1628 2143; x_wconf 78' lang='grc' dir='ltr'>δεῖνα</span> <span class='ocrx_word' id='word_1_311' title='bbox 1653 2091 1746 2143; x_wconf 68' lang='grc' dir='ltr'><strong>καὶ</strong></span> <span class='ocrx_word' id='word_1_312' title='bbox 1766 2089 1857 2144; x_wconf 74' lang='grc' dir='ltr'><strong>τὸν</strong></span> 
     </span>
    </p>
   </div>
   <div class='ocr_carea' id='block_1_39' title="bbox 275 2184 1860 2258">
    <p class='ocr_par' dir='ltr' id='par_1_39' title="bbox 275 2184 1860 2258">
     <span class='ocr_line' id='line_1_39' title="bbox 275 2184 1860 2258; baseline 0.002 -23"><span class='ocrx_word' id='word_1_313' title='bbox 275 2184 443 2245; x_wconf 68' lang='grc' dir='ltr'>δεῖνα,</span> <span class='ocrx_word' id='word_1_314' title='bbox 479 2186 610 2248; x_wconf 69' lang='grc' dir='ltr'><strong>τοὺς</strong></span> <span class='ocrx_word' id='word_1_315' title='bbox 638 2186 740 2255; x_wconf 77' lang='grc' dir='ltr'><strong>τῆς</strong></span> <span class='ocrx_word' id='word_1_316' title='bbox 785 2186 1109 2256; x_wconf 80' lang='grc' dir='ltr'><strong>οἰκουμένης</strong></span> <span class='ocrx_word' id='word_1_317' title='bbox 1140 2185 1450 2258; x_wconf 76' lang='grc' dir='ltr'><strong>φωστῆρας,</strong></span> <span class='ocrx_word' id='word_1_318' title='bbox 1489 2187 1588 2255; x_wconf 84' lang='grc' dir='ltr'><strong>τῆς</strong></span> <span class='ocrx_word' id='word_1_319' title='bbox 1630 2186 1860 2238; x_wconf 80' lang='grc' dir='ltr'><strong>ἀποστο-</strong></span> 
     </span>
    </p>
   </div>
   <div class='ocr_carea' id='block_1_40' title="bbox 274 2274 1854 2350">
    <p class='ocr_par' dir='ltr' id='par_1_40' title="bbox 274 2274 1854 2350">
     <span class='ocr_line' id='line_1_40' title="bbox 274 2274 1854 2350; baseline 0.002 -22"><span class='ocrx_word' id='word_1_320' title='bbox 274 2274 430 2346; x_wconf 74' lang='grc' dir='ltr'><strong>ὶικῆς</strong></span> <span class='ocrx_word' id='word_1_321' title='bbox 463 2278 768 2348; x_wconf 75' lang='grc' dir='ltr'><strong>ἑρμηνείας</strong></span> <span class='ocrx_word' id='word_1_322' title='bbox 818 2278 1266 2350; x_wconf 79' lang='grc' dir='ltr'><strong>κατατολμῶντα,</strong></span> <span class='ocrx_word' id='word_1_323' title='bbox 1308 2278 1454 2332; x_wconf 85' lang='lat' dir='ltr'><strong>haud</strong></span> <span class='ocrx_word' id='word_1_324' title='bbox 1492 2279 1657 2334; x_wconf 87' lang='lat' dir='ltr'><strong>dubie</strong></span> <span class='ocrx_word' id='word_1_325' title='bbox 1691 2279 1854 2334; x_wconf 82' lang='lat' dir='ltr'><strong>etiam</strong></span> 
     </span>
    </p>
   </div>
   <div class='ocr_carea' id='block_1_41' title="bbox 272 2365 1857 2438">
    <p class='ocr_par' dir='ltr' id='par_1_41' title="bbox 272 2365 1857 2438">
     <span class='ocr_line' id='line_1_41' title="bbox 272 2365 1857 2438; baseline 0.001 -19"><span class='ocrx_word' id='word_1_326' title='bbox 272 2368 336 2421; x_wconf 86' lang='lat' dir='ltr'><strong>ad</strong></span> <span class='ocrx_word' id='word_1_327' title='bbox 370 2365 728 2422; x_wconf 84' lang='lat' dir='ltr'><strong>Theodorum</strong></span> <span class='ocrx_word' id='word_1_328' title='bbox 769 2370 1030 2438; x_wconf 76' lang='lat' dir='ltr'><strong>respexit,</strong></span> <span class='ocrx_word' id='word_1_329' title='bbox 1065 2368 1160 2424; x_wconf 89' lang='lat' dir='ltr'><strong>sed</strong></span> <span class='ocrx_word' id='word_1_330' title='bbox 1198 2383 1383 2424; x_wconf 88' lang='lat' dir='ltr'><strong>errore</strong></span> <span class='ocrx_word' id='word_1_331' title='bbox 1426 2367 1722 2424; x_wconf 87' lang='lat' dir='ltr'><strong>observant</strong></span> <span class='ocrx_word' id='word_1_332' title='bbox 1754 2367 1857 2421; x_wconf 90' lang='lat' dir='ltr'><strong>Ca-</strong></span> 
     </span>
    </p>
   </div>
   <div class='ocr_carea' id='block_1_42' title="bbox 273 2460 1857 2531">
    <p class='ocr_par' dir='ltr' id='par_1_42' title="bbox 273 2460 1857 2531">
     <span class='ocr_line' id='line_1_42' title="bbox 273 2460 1857 2531; baseline 0.001 -17"><span class='ocrx_word' id='word_1_333' title='bbox 273 2475 406 2516; x_wconf 67' lang='lat' dir='ltr'><strong>seus</strong></span> <span class='ocrx_word' id='word_1_334' title='bbox 434 2461 473 2512; x_wconf 91' lang='grc'><strong>1.</strong></span> <span class='ocrx_word' id='word_1_335' title='bbox 507 2460 575 2522; x_wconf 92' lang='grc'><strong>1.,</strong></span> <span class='ocrx_word' id='word_1_336' title='bbox 621 2476 679 2530; x_wconf 89' lang='lat' dir='ltr'><strong>p.</strong></span> <span class='ocrx_word' id='word_1_337' title='bbox 707 2460 836 2524; x_wconf 68' lang='grc'><strong>248,</strong></span> <span class='ocrx_word' id='word_1_338' title='bbox 863 2469 918 2515; x_wconf 93' lang='lat' dir='ltr'><strong>et</strong></span> <span class='ocrx_word' id='word_1_339' title='bbox 972 2463 1189 2517; x_wconf 80' lang='lat' dir='ltr'><strong>Assem.</strong></span> <span class='ocrx_word' id='word_1_340' title='bbox 1226 2462 1264 2517; x_wconf 94' lang='lat' dir='ltr'><strong>l.</strong></span> <span class='ocrx_word' id='word_1_341' title='bbox 1313 2462 1375 2526; x_wconf 93' lang='lat' dir='ltr'><strong>l.,</strong></span> <span class='ocrx_word' id='word_1_342' title='bbox 1423 2478 1477 2531; x_wconf 90' lang='lat' dir='ltr'><strong>p.</strong></span> <span class='ocrx_word' id='word_1_343' title='bbox 1507 2461 1596 2528; x_wconf 73' lang='lat'><strong>&#39;52,</strong></span> <span class='ocrx_word' id='word_1_344' title='bbox 1631 2470 1857 2516; x_wconf 88' lang='lat' dir='ltr'><strong>auctore</strong></span> 
     </span>
    </p>
   </div>
   <div class='ocr_carea' id='block_1_43' title="bbox 273 2549 1858 2623">
    <p class='ocr_par' dir='ltr' id='par_1_43' title="bbox 273 2549 1858 2623">
     <span class='ocr_line' id='line_1_43' title="bbox 273 2549 1858 2623; baseline 0.003 -19"><span class='ocrx_word' id='word_1_345' title='bbox 273 2549 628 2606; x_wconf 82' lang='lat' dir='ltr'><strong>Theodoreto</strong></span> <span class='ocrx_word' id='word_1_346' title='bbox 653 2567 845 2608; x_wconf 76' lang='lat' dir='ltr'><strong>mones</strong></span> <span class='ocrx_word' id='word_1_347' title='bbox 875 2551 1030 2607; x_wconf 88' lang='lat' dir='ltr'><strong>Pauli</strong></span> <span class='ocrx_word' id='word_1_348' title='bbox 1065 2553 1337 2623; x_wconf 84' lang='lat' dir='ltr'><strong>Epistolas</strong></span> <span class='ocrx_word' id='word_1_349' title='bbox 1368 2569 1398 2607; x_wconf 88' lang='lat' dir='ltr'><strong>a</strong></span> <span class='ocrx_word' id='word_1_350' title='bbox 1426 2551 1714 2608; x_wconf 85' lang='lat' dir='ltr'><strong>Theodoro</strong></span> <span class='ocrx_word' id='word_1_351' title='bbox 1739 2552 1858 2608; x_wconf 76' lang='lat' dir='ltr'><strong>fuse</strong></span> 
     </span>
    </p>
   </div>
   <div class='ocr_carea' id='block_1_44' title="bbox 271 2642 1854 2714">
    <p class='ocr_par' dir='ltr' id='par_1_44' title="bbox 271 2642 1854 2714">
     <span class='ocr_line' id='line_1_44' title="bbox 271 2642 1854 2714; baseline 0.003 -20"><span class='ocrx_word' id='word_1_352' title='bbox 271 2642 580 2710; x_wconf 72' lang='lat' dir='ltr'><strong>cxpl?catas</strong></span> <span class='ocrx_word' id='word_1_353' title='bbox 615 2657 762 2698; x_wconf 88' lang='lat' dir='ltr'><strong>esse.</strong></span> <span class='ocrx_word' id='word_1_354' title='bbox 797 2673 866 2684; x_wconf 89' lang='lat'><strong><em>—</em></strong></span> <span class='ocrx_word' id='word_1_355' title='bbox 910 2642 1233 2714; x_wconf 82' lang='lat' dir='ltr'><strong>Fragmenta</strong></span> <span class='ocrx_word' id='word_1_356' title='bbox 1281 2645 1496 2699; x_wconf 84' lang='lat' dir='ltr'><strong>suntin</strong></span> <span class='ocrx_word' id='word_1_357' title='bbox 1543 2643 1663 2699; x_wconf 89' lang='lat' dir='ltr'><strong>Cat.</strong></span> <span class='ocrx_word' id='word_1_358' title='bbox 1709 2644 1854 2699; x_wconf 89' lang='lat' dir='ltr'><strong>ined.</strong></span> 
     </span>
    </p>
   </div>
   <div class='ocr_carea' id='block_1_45' title="bbox 270 2730 1855 2799">
    <p class='ocr_par' dir='ltr' id='par_1_45' title="bbox 270 2730 1855 2799">
     <span class='ocr_line' id='line_1_45' title="bbox 270 2730 1855 2799; baseline 0.005 -19"><span class='ocrx_word' id='word_1_359' title='bbox 270 2732 399 2783; x_wconf 75' lang='lat' dir='ltr'><strong>rod.</strong></span> <span class='ocrx_word' id='word_1_360' title='bbox 441 2730 624 2793; x_wconf 75' lang='lat' dir='ltr'><strong>CCIV,</strong></span> <span class='ocrx_word' id='word_1_361' title='bbox 656 2741 730 2791; x_wconf 88' lang='lat' dir='ltr'><strong>et.</strong></span> <span class='ocrx_word' id='word_1_362' title='bbox 780 2743 836 2786; x_wconf 93' lang='lat' dir='ltr'><strong>ut</strong></span> <span class='ocrx_word' id='word_1_363' title='bbox 886 2733 1102 2786; x_wconf 65' lang='lat' dir='ltr'><strong>videtur</strong></span> <span class='ocrx_word' id='word_1_364' title='bbox 1134 2732 1368 2798; x_wconf 78' lang='lat' dir='ltr'><strong>XXVIII,</strong></span> <span class='ocrx_word' id='word_1_365' title='bbox 1405 2732 1571 2799; x_wconf 77' lang='lat' dir='ltr'><strong>XXX,</strong></span> <span class='ocrx_word' id='word_1_366' title='bbox 1605 2734 1855 2788; x_wconf 81' lang='lat' dir='ltr'><strong>bibliotli.</strong></span> 
     </span>
    </p>
   </div>
   <div class='ocr_carea' id='block_1_46' title="bbox 273 2820 1858 2895">
    <p class='ocr_par' dir='ltr' id='par_1_46' title="bbox 273 2820 1858 2895">
     <span class='ocr_line' id='line_1_46' title="bbox 273 2820 1858 2895; baseline 0.003 -22"><span class='ocrx_word' id='word_1_367' title='bbox 273 2821 446 2875; x_wconf 87' lang='lat' dir='ltr'><strong>Coisl.</strong></span> <span class='ocrx_word' id='word_1_368' title='bbox 505 2820 590 2875; x_wconf 81' lang='lat' dir='ltr'><strong>Cf.</strong></span> <span class='ocrx_word' id='word_1_369' title='bbox 631 2821 822 2878; x_wconf 71' lang='lat' dir='ltr'><strong>Monii.</strong></span> <span class='ocrx_word' id='word_1_370' title='bbox 875 2823 1015 2878; x_wconf 83' lang='lat' dir='ltr'><strong>Bibl.</strong></span> <span class='ocrx_word' id='word_1_371' title='bbox 1050 2824 1272 2878; x_wconf 79' lang='lat' dir='ltr'><strong>Coislin.</strong></span> <span class='ocrx_word' id='word_1_372' title='bbox 1303 2841 1356 2895; x_wconf 77' lang='grc' dir='ltr'><strong>ρ.</strong></span> <span class='ocrx_word' id='word_1_373' title='bbox 1385 2825 1513 2891; x_wconf 71' lang='grc'>264,</span> <span class='ocrx_word' id='word_1_374' title='bbox 1544 2826 1632 2889; x_wconf 76' lang='lat'><strong>83,</strong></span> <span class='ocrx_word' id='word_1_375' title='bbox 1665 2825 1752 2878; x_wconf 69' lang='grc'><strong>84.</strong></span> <span class='ocrx_word' id='word_1_376' title='bbox 1787 2855 1858 2864; x_wconf 93' lang='grc'><strong><em>-</em></strong></span> 
     </span>
    </p>
   </div>
   <div class='ocr_carea' id='block_1_47' title="bbox 275 2910 1842 2986">
    <p class='ocr_par' dir='ltr' id='par_1_47' title="bbox 275 2910 1842 2986">
     <span class='ocr_line' id='line_1_47' title="bbox 275 2910 1842 2986; baseline 0.003 -22"><span class='ocrx_word' id='word_1_377' title='bbox 275 2910 591 2974; x_wconf 78' lang='lat' dir='ltr'><strong>Enthalius,</strong></span> <span class='ocrx_word' id='word_1_378' title='bbox 629 2913 721 2983; x_wconf 91' lang='lat' dir='ltr'><strong>qui</strong></span> <span class='ocrx_word' id='word_1_379' title='bbox 773 2929 898 2968; x_wconf 71' lang='lat' dir='ltr'><strong>saec.</strong></span> <span class='ocrx_word' id='word_1_380' title='bbox 951 2931 983 2967; x_wconf 85' lang='grc' dir='ltr'><strong>ν</strong></span> <span class='ocrx_word' id='word_1_381' title='bbox 1016 2916 1193 2969; x_wconf 83' lang='lat' dir='ltr'><strong>medio</strong></span> <span class='ocrx_word' id='word_1_382' title='bbox 1224 2916 1377 2982; x_wconf 64' lang='lat' dir='ltr'><strong>vixit,</strong></span> <span class='ocrx_word' id='word_1_383' title='bbox 1411 2931 1570 2986; x_wconf 84' lang='lat' dir='ltr'><strong>quem</strong></span> <span class='ocrx_word' id='word_1_384' title='bbox 1627 2915 1842 2972; x_wconf 84' lang='lat' dir='ltr'><strong>Patrem</strong></span> 
     </span>
    </p>
   </div>
   <div class='ocr_carea' id='block_1_48' title="bbox 1955 1812 3520 1891">
    <p class='ocr_par' dir='ltr' id='par_1_48' title="bbox 1955 1812 3520 1891">
     <span class='ocr_line' id='line_1_48' title="bbox 1955 1812 3520 1891; baseline -0.005 -16"><span class='ocrx_word' id='word_1_385' title='bbox 1955 1835 2020 1875; x_wconf 79' lang='lat' dir='ltr'><strong>ea</strong></span> <span class='ocrx_word' id='word_1_386' title='bbox 2039 1819 2446 1874; x_wconf 86' lang='lat' dir='ltr'><strong>commentariis</strong></span> <span class='ocrx_word' id='word_1_387' title='bbox 2477 1821 2531 1874; x_wconf 92' lang='lat' dir='ltr'><strong>in</strong></span> <span class='ocrx_word' id='word_1_388' title='bbox 2560 1821 2654 1891; x_wconf 63' lang='lat' dir='ltr'><strong>lip.</strong></span> <span class='ocrx_word' id='word_1_389' title='bbox 2691 1821 2757 1875; x_wconf 90' lang='lat' dir='ltr'><strong>ad</strong></span> <span class='ocrx_word' id='word_1_390' title='bbox 2787 1819 2974 1885; x_wconf 81' lang='lat' dir='ltr'><strong>Rom.,</strong></span> <span class='ocrx_word' id='word_1_391' title='bbox 3022 1819 3076 1871; x_wconf 89' lang='lat' dir='ltr'><strong>in</strong></span> <span class='ocrx_word' id='word_1_392' title='bbox 3126 1815 3143 1868; x_wconf 95' lang='lat' dir='ltr'><strong>I</strong></span> <span class='ocrx_word' id='word_1_393' title='bbox 3179 1812 3246 1868; x_wconf 89' lang='lat' dir='ltr'><strong>ad</strong></span> <span class='ocrx_word' id='word_1_394' title='bbox 3272 1813 3520 1870; x_wconf 73' lang='lat' dir='ltr'><strong>Corinth.</strong></span> 
     </span>
    </p>
   </div>
   <div class='ocr_carea' id='block_1_49' title="bbox 1954 1903 3528 1982">
    <p class='ocr_par' dir='ltr' id='par_1_49' title="bbox 1954 1903 3528 1982">
     <span class='ocr_line' id='line_1_49' title="bbox 1954 1903 3528 1982; baseline -0.004 -17"><span class='ocrx_word' id='word_1_395' title='bbox 1954 1919 2008 1965; x_wconf 83' lang='lat' dir='ltr'><strong>et</strong></span> <span class='ocrx_word' id='word_1_396' title='bbox 2059 1909 2080 1964; x_wconf 93' lang='grc'><strong>1</strong></span> <span class='ocrx_word' id='word_1_397' title='bbox 2125 1910 2189 1964; x_wconf 88' lang='lat' dir='ltr'><strong>ad</strong></span> <span class='ocrx_word' id='word_1_398' title='bbox 2253 1909 2490 1966; x_wconf 83' lang='lat' dir='ltr'><strong>Timotb.</strong></span> <span class='ocrx_word' id='word_1_399' title='bbox 2549 1926 2578 1964; x_wconf 91' lang='lat' dir='ltr'><strong>a</strong></span> <span class='ocrx_word' id='word_1_400' title='bbox 2631 1909 2827 1982; x_wconf 81' lang='lat' dir='ltr'><strong>Vigilio</strong></span> <span class='ocrx_word' id='word_1_401' title='bbox 2887 1909 3064 1965; x_wconf 77' lang='lat' dir='ltr'><strong>alIerri</strong></span> <span class='ocrx_word' id='word_1_402' title='bbox 3126 1907 3392 1978; x_wconf 83' lang='lat' dir='ltr'><strong>perhibet.</strong></span> <span class='ocrx_word' id='word_1_403' title='bbox 3442 1903 3528 1961; x_wconf 86' lang='lat' dir='ltr'><strong>Cl&#39;.</strong></span> 
     </span>
    </p>
   </div>
   <div class='ocr_carea' id='block_1_50' title="bbox 1956 1995 3528 2069">
    <p class='ocr_par' dir='ltr' id='par_1_50' title="bbox 1956 1995 3528 2069">
     <span class='ocr_line' id='line_1_50' title="bbox 1956 1995 3528 2069; baseline -0.002 -18"><span class='ocrx_word' id='word_1_404' title='bbox 1956 1997 2115 2069; x_wconf 84' lang='lat' dir='ltr'><strong>Vigil.</strong></span> <span class='ocrx_word' id='word_1_405' title='bbox 2151 2000 2339 2055; x_wconf 85' lang='lat' dir='ltr'><strong>Const.</strong></span> <span class='ocrx_word' id='word_1_406' title='bbox 2369 2000 2456 2065; x_wconf 78' lang='lat'><strong>55,</strong></span> <span class='ocrx_word' id='word_1_407' title='bbox 2490 1999 2578 2066; x_wconf 65' lang='lat'><strong>4‘2,</strong></span> <span class='ocrx_word' id='word_1_408' title='bbox 2610 2000 2698 2066; x_wconf 64' lang='lat'><strong>43,</strong></span> <span class='ocrx_word' id='word_1_409' title='bbox 2733 2010 2786 2057; x_wconf 89' lang='lat' dir='ltr'><strong>et</strong></span> <span class='ocrx_word' id='word_1_410' title='bbox 2808 2001 2927 2055; x_wconf 81' lang='lat' dir='ltr'><strong>Act.</strong></span> <span class='ocrx_word' id='word_1_411' title='bbox 2952 2012 3109 2054; x_wconf 89' lang='lat' dir='ltr'><strong>conc.</strong></span> <span class='ocrx_word' id='word_1_412' title='bbox 3138 1995 3327 2052; x_wconf 88' lang='lat' dir='ltr'><strong>Const.</strong></span> <span class='ocrx_word' id='word_1_413' title='bbox 3359 2010 3422 2061; x_wconf 88' lang='grc' dir='ltr'><strong>ιι,</strong></span> <span class='ocrx_word' id='word_1_414' title='bbox 3451 2009 3528 2059; x_wconf 81' lang='lat' dir='ltr'><strong>Iv,</strong></span> 
     </span>
    </p>
   </div>
   <div class='ocr_carea' id='block_1_51' title="bbox 1955 2089 2159 2152">
    <p class='ocr_par' dir='ltr' id='par_1_51' title="bbox 1955 2089 2159 2152">
     <span class='ocr_line' id='line_1_51' title="bbox 1955 2089 2159 2152; baseline -0.005 -8"><span class='ocrx_word' id='word_1_415' title='bbox 1955 2089 2045 2152; x_wconf 80' lang='lat'><strong>35,</strong></span> <span class='ocrx_word' id='word_1_416' title='bbox 2071 2091 2159 2144; x_wconf 68' lang='grc'><strong>42.</strong></span> 
     </span>
    </p>
   </div>
   <div class='ocr_carea' id='block_1_52' title="bbox 2031 2177 3527 2253">
    <p class='ocr_par' dir='ltr' id='par_1_52' title="bbox 2031 2177 3527 2253">
     <span class='ocr_line' id='line_1_52' title="bbox 2031 2177 3527 2253; baseline 0 -18"><span class='ocrx_word' id='word_1_417' title='bbox 2031 2177 2209 2235; x_wconf 85' lang='lat' dir='ltr'><strong>Unum</strong></span> <span class='ocrx_word' id='word_1_418' title='bbox 2247 2179 2612 2253; x_wconf 75' lang='lat' dir='ltr'><strong>fragmentum</strong></span> <span class='ocrx_word' id='word_1_419' title='bbox 2642 2178 3020 2235; x_wconf 89' lang='lat' dir='ltr'><strong>commentarii</strong></span> <span class='ocrx_word' id='word_1_420' title='bbox 3050 2179 3102 2232; x_wconf 85' lang='lat' dir='ltr'><strong>in</strong></span> <span class='ocrx_word' id='word_1_421' title='bbox 3134 2177 3229 2247; x_wconf 87' lang='lat' dir='ltr'><strong>Ep.</strong></span> <span class='ocrx_word' id='word_1_422' title='bbox 3261 2180 3330 2233; x_wconf 82' lang='lat' dir='ltr'><strong>ad</strong></span> <span class='ocrx_word' id='word_1_423' title='bbox 3367 2181 3527 2235; x_wconf 78' lang='lat' dir='ltr'><strong>Hebr.</strong></span> 
     </span>
    </p>
   </div>
   <div class='ocr_carea' id='block_1_53' title="bbox 1956 2272 3530 2344">
    <p class='ocr_par' dir='ltr' id='par_1_53' title="bbox 1956 2272 3530 2344">
     <span class='ocr_line' id='line_1_53' title="bbox 1956 2272 3530 2344; baseline 0.002 -18"><span class='ocrx_word' id='word_1_424' title='bbox 1956 2273 2012 2328; x_wconf 89' lang='lat' dir='ltr'><strong>in</strong></span> <span class='ocrx_word' id='word_1_425' title='bbox 2053 2274 2174 2329; x_wconf 81' lang='lat' dir='ltr'><strong>Act.</strong></span> <span class='ocrx_word' id='word_1_426' title='bbox 2207 2288 2361 2328; x_wconf 91' lang='lat' dir='ltr'><strong>conc.</strong></span> <span class='ocrx_word' id='word_1_427' title='bbox 2409 2272 2597 2328; x_wconf 87' lang='lat' dir='ltr'><strong>Const.</strong></span> <span class='ocrx_word' id='word_1_428' title='bbox 2643 2290 2704 2337; x_wconf 88' lang='grc' dir='ltr'><strong>ιι,</strong></span> <span class='ocrx_word' id='word_1_429' title='bbox 2759 2289 2833 2338; x_wconf 78' lang='grc' dir='ltr'><strong>ιν,</strong></span> <span class='ocrx_word' id='word_1_430' title='bbox 2882 2273 2952 2327; x_wconf 69' lang='grc'><strong>32</strong></span> <span class='ocrx_word' id='word_1_431' title='bbox 3000 2272 3183 2344; x_wconf 78' lang='lat' dir='ltr'><strong>(V&#39;igil.</strong></span> <span class='ocrx_word' id='word_1_432' title='bbox 3216 2273 3405 2330; x_wconf 88' lang='lat' dir='ltr'><strong>Const.</strong></span> <span class='ocrx_word' id='word_1_433' title='bbox 3438 2276 3530 2337; x_wconf 71' lang='lat'><strong>32,</strong></span> 
     </span>
    </p>
   </div>
   <div class='ocr_carea' id='block_1_54' title="bbox 1957 2364 3528 2437">
    <p class='ocr_par' dir='ltr' id='par_1_54' title="bbox 1957 2364 3528 2437">
     <span class='ocr_line' id='line_1_54' title="bbox 1957 2364 3528 2437; baseline 0.001 -19"><span class='ocrx_word' id='word_1_434' title='bbox 1957 2365 2140 2437; x_wconf 86' lang='lat' dir='ltr'><strong>Pelag.</strong></span> <span class='ocrx_word' id='word_1_435' title='bbox 2185 2383 2236 2436; x_wconf 89' lang='lat' dir='ltr'><strong>p.</strong></span> <span class='ocrx_word' id='word_1_436' title='bbox 2284 2381 2370 2436; x_wconf 88' lang='lat' dir='ltr'><strong>ep.</strong></span> <span class='ocrx_word' id='word_1_437' title='bbox 2418 2367 2471 2426; x_wconf 80' lang='lat'><strong>5,</strong></span> <span class='ocrx_word' id='word_1_438' title='bbox 2524 2367 2592 2418; x_wconf 84' lang='lat' dir='ltr'><strong>ad</strong></span> <span class='ocrx_word' id='word_1_439' title='bbox 2633 2364 2806 2418; x_wconf 86' lang='lat' dir='ltr'><strong>Eliam</strong></span> <span class='ocrx_word' id='word_1_440' title='bbox 2849 2365 2884 2418; x_wconf 96' lang='lat' dir='ltr'><strong>I.</strong></span> <span class='ocrx_word' id='word_1_441' title='bbox 2928 2381 3002 2428; x_wconf 93' lang='lat' dir='ltr'><strong>c.,</strong></span> <span class='ocrx_word' id='word_1_442' title='bbox 3038 2381 3090 2436; x_wconf 89' lang='lat' dir='ltr'><strong>p.</strong></span> <span class='ocrx_word' id='word_1_443' title='bbox 3128 2365 3254 2435; x_wconf 67' lang='grc' dir='ltr'><strong>ιδο)</strong></span> <span class='ocrx_word' id='word_1_444' title='bbox 3308 2366 3528 2436; x_wconf 88' lang='lat' dir='ltr'><strong>legitur.</strong></span> 
     </span>
    </p>
   </div>
   <div class='ocr_carea' id='block_1_55' title="bbox 1956 2454 3534 2526">
    <p class='ocr_par' dir='ltr' id='par_1_55' title="bbox 1956 2454 3534 2526">
     <span class='ocr_line' id='line_1_55' title="bbox 1956 2454 3534 2526; baseline 0.001 -16"><span class='ocrx_word' id='word_1_445' title='bbox 1956 2457 2112 2523; x_wconf 82' lang='lat' dir='ltr'><strong>Quod</strong></span> <span class='ocrx_word' id='word_1_446' title='bbox 2157 2457 2359 2512; x_wconf 87' lang='lat' dir='ltr'><strong>ibidem</strong></span> <span class='ocrx_word' id='word_1_447' title='bbox 2414 2455 2480 2512; x_wconf 68' lang='grc'><strong>46</strong></span> <span class='ocrx_word' id='word_1_448' title='bbox 2531 2454 2675 2526; x_wconf 70' lang='lat' dir='ltr'><strong>(Vig.</strong></span> <span class='ocrx_word' id='word_1_449' title='bbox 2711 2456 2814 2510; x_wconf 74' lang='grc' dir='ltr'><strong>(ΣΡ.</strong></span> <span class='ocrx_word' id='word_1_450' title='bbox 2854 2455 2944 2526; x_wconf 66' lang='lat'><strong>£7)</strong></span> <span class='ocrx_word' id='word_1_451' title='bbox 2993 2472 3057 2509; x_wconf 74' lang='lat' dir='ltr'><strong>ex</strong></span> <span class='ocrx_word' id='word_1_452' title='bbox 3105 2456 3534 2525; x_wconf 81' lang='lat' dir='ltr'><strong>interpretatione</strong></span> 
     </span>
    </p>
   </div>
   <div class='ocr_carea' id='block_1_56' title="bbox 1960 2546 3532 2617">
    <p class='ocr_par' dir='ltr' id='par_1_56' title="bbox 1960 2546 3532 2617">
     <span class='ocr_line' id='line_1_56' title="bbox 1960 2546 3532 2617; baseline 0.003 -16"><span class='ocrx_word' id='word_1_453' title='bbox 1960 2548 2057 2617; x_wconf 73' lang='lat' dir='ltr'><strong>Ep.</strong></span> <span class='ocrx_word' id='word_1_454' title='bbox 2113 2551 2182 2603; x_wconf 85' lang='lat' dir='ltr'><strong>ad</strong></span> <span class='ocrx_word' id='word_1_455' title='bbox 2244 2549 2403 2604; x_wconf 86' lang='lat' dir='ltr'><strong>Hebr.</strong></span> <span class='ocrx_word' id='word_1_456' title='bbox 2464 2548 2710 2615; x_wconf 78' lang='lat' dir='ltr'><strong>aﬂ&#39;ertur,</strong></span> <span class='ocrx_word' id='word_1_457' title='bbox 2763 2563 2829 2602; x_wconf 79' lang='lat' dir='ltr'><strong>ex</strong></span> <span class='ocrx_word' id='word_1_458' title='bbox 2879 2547 3018 2602; x_wconf 82' lang='lat' dir='ltr'><strong>libro</strong></span> <span class='ocrx_word' id='word_1_459' title='bbox 3070 2563 3145 2602; x_wconf 78' lang='lat' dir='ltr'><strong>xu</strong></span> <span class='ocrx_word' id='word_1_460' title='bbox 3195 2547 3267 2602; x_wconf 80' lang='lat' dir='ltr'><strong>De</strong></span> <span class='ocrx_word' id='word_1_461' title='bbox 3316 2546 3532 2606; x_wconf 73' lang='lat' dir='ltr'><strong>Ineunt.</strong></span> 
     </span>
    </p>
   </div>
   <div class='ocr_carea' id='block_1_57' title="bbox 1958 2647 2371 2709">
    <p class='ocr_par' dir='ltr' id='par_1_57' title="bbox 1958 2647 2371 2709">
     <span class='ocr_line' id='line_1_57' title="bbox 1958 2647 2371 2709; baseline -0.005 -13"><span class='ocrx_word' id='word_1_462' title='bbox 1958 2651 2232 2709; x_wconf 87' lang='lat' dir='ltr'><strong>sumptum</strong></span> <span class='ocrx_word' id='word_1_463' title='bbox 2261 2647 2371 2694; x_wconf 81' lang='lat' dir='ltr'><strong>cst.</strong></span> 
     </span>
    </p>
   </div>
   <div class='ocr_carea' id='block_1_58' title="bbox 2027 2727 3531 2799">
    <p class='ocr_par' dir='ltr' id='par_1_58' title="bbox 2027 2727 3531 2799">
     <span class='ocr_line' id='line_1_58' title="bbox 2027 2727 3531 2799; baseline -0.003 -15"><span class='ocrx_word' id='word_1_464' title='bbox 2027 2730 2376 2785; x_wconf 87' lang='lat' dir='ltr'><strong>Theodorum</strong></span> <span class='ocrx_word' id='word_1_465' title='bbox 2430 2727 2704 2799; x_wconf 84' lang='lat' dir='ltr'><strong>Epistolas</strong></span> <span class='ocrx_word' id='word_1_466' title='bbox 2753 2736 2960 2798; x_wconf 82' lang='lat' dir='ltr'><strong>septem</strong></span> <span class='ocrx_word' id='word_1_467' title='bbox 3012 2730 3313 2782; x_wconf 78' lang='lat' dir='ltr'><strong>catholicas</strong></span> <span class='ocrx_word' id='word_1_468' title='bbox 3363 2728 3531 2782; x_wconf 87' lang='lat' dir='ltr'><strong>inter-</strong></span> 
     </span>
    </p>
   </div>
   <div class='ocr_carea' id='block_1_59' title="bbox 1958 2818 3529 2893">
    <p class='ocr_par' dir='ltr' id='par_1_59' title="bbox 1958 2818 3529 2893">
     <span class='ocr_line' id='line_1_59' title="bbox 1958 2818 3529 2893; baseline -0.003 -19"><span class='ocrx_word' id='word_1_469' title='bbox 1958 2831 2226 2893; x_wconf 87' lang='lat' dir='ltr'><strong>pretatum</strong></span> <span class='ocrx_word' id='word_1_470' title='bbox 2257 2837 2400 2885; x_wconf 89' lang='lat' dir='ltr'><strong>esse,</strong></span> <span class='ocrx_word' id='word_1_471' title='bbox 2431 2820 2662 2874; x_wconf 87' lang='lat' dir='ltr'><strong>Bandini</strong></span> <span class='ocrx_word' id='word_1_472' title='bbox 2693 2820 2730 2874; x_wconf 94' lang='lat' dir='ltr'><strong>l.</strong></span> <span class='ocrx_word' id='word_1_473' title='bbox 2763 2820 2825 2880; x_wconf 93' lang='lat' dir='ltr'><strong>l.,</strong></span> <span class='ocrx_word' id='word_1_474' title='bbox 2853 2819 2937 2882; x_wconf 87' lang='lat' dir='ltr'><strong>Ill,</strong></span> <span class='ocrx_word' id='word_1_475' title='bbox 2969 2836 3020 2889; x_wconf 92' lang='lat' dir='ltr'><strong>p.</strong></span> <span class='ocrx_word' id='word_1_476' title='bbox 3048 2819 3173 2883; x_wconf 78' lang='lat'><strong>585,</strong></span> <span class='ocrx_word' id='word_1_477' title='bbox 3197 2827 3280 2872; x_wconf 84' lang='lat' dir='ltr'><strong>est</strong></span> <span class='ocrx_word' id='word_1_478' title='bbox 3309 2825 3363 2870; x_wconf 84' lang='lat' dir='ltr'><strong>et</strong></span> <span class='ocrx_word' id='word_1_479' title='bbox 3395 2818 3529 2888; x_wconf 77' lang='lat' dir='ltr'><strong>Aug.</strong></span> 
     </span>
    </p>
   </div>
   <div class='ocr_carea' id='block_1_60' title="bbox 1957 2907 3520 2981">
    <p class='ocr_par' dir='ltr' id='par_1_60' title="bbox 1957 2907 3520 2981">
     <span class='ocr_line' id='line_1_60' title="bbox 1957 2907 3520 2981; baseline -0.004 -15"><span class='ocrx_word' id='word_1_480' title='bbox 1957 2912 2080 2966; x_wconf 78' lang='lat' dir='ltr'><strong>Maii</strong></span> <span class='ocrx_word' id='word_1_481' title='bbox 2116 2913 2151 2966; x_wconf 95' lang='lat' dir='ltr'><strong>l.</strong></span> <span class='ocrx_word' id='word_1_482' title='bbox 2185 2913 2246 2972; x_wconf 93' lang='lat' dir='ltr'><strong>l.,</strong></span> <span class='ocrx_word' id='word_1_483' title='bbox 2289 2911 2328 2977; x_wconf 95' lang='lat' dir='ltr'><strong>l,</strong></span> <span class='ocrx_word' id='word_1_484' title='bbox 2375 2927 2426 2981; x_wconf 94' lang='lat' dir='ltr'><strong>p.</strong></span> <span class='ocrx_word' id='word_1_485' title='bbox 2482 2926 2597 2972; x_wconf 77' lang='lat' dir='ltr'><strong>ut,</strong></span> <span class='ocrx_word' id='word_1_486' title='bbox 2641 2909 2850 2980; x_wconf 80' lang='lat' dir='ltr'><strong>Opinio,</strong></span> <span class='ocrx_word' id='word_1_487' title='bbox 2887 2925 3007 2980; x_wconf 74' lang='lat' dir='ltr'><strong>qua:</strong></span> <span class='ocrx_word' id='word_1_488' title='bbox 3053 2909 3156 2962; x_wconf 87' lang='lat' dir='ltr'><strong>hoc</strong></span> <span class='ocrx_word' id='word_1_489' title='bbox 3192 2922 3322 2969; x_wconf 91' lang='lat' dir='ltr'><strong>uno,</strong></span> <span class='ocrx_word' id='word_1_490' title='bbox 3373 2907 3520 2960; x_wconf 89' lang='lat' dir='ltr'><strong>nullo</strong></span> 
     </span>
    </p>
   </div>
   <div class='ocr_carea' id='block_1_61' title="bbox 270 2995 1857 3097">
    <p class='ocr_par' dir='ltr' id='par_1_61' title="bbox 270 3002 1855 3078">
     <span class='ocr_line' id='line_1_61' title="bbox 270 3002 1855 3078; baseline 0.004 -23"><span class='ocrx_word' id='word_1_491' title='bbox 270 3003 480 3063; x_wconf 72' lang='lat' dir='ltr'><strong>verbis,</strong></span> <span class='ocrx_word' id='word_1_492' title='bbox 507 3002 631 3056; x_wconf 74' lang='grc' dir='ltr'><strong>καθ’</strong></span> <span class='ocrx_word' id='word_1_493' title='bbox 658 3005 890 3074; x_wconf 67' lang='grc' dir='ltr'><strong>ἑκάστην</strong></span> <span class='ocrx_word' id='word_1_494' title='bbox 915 3005 1186 3076; x_wconf 73' lang='grc' dir='ltr'><strong>συντόμως</strong></span> <span class='ocrx_word' id='word_1_495' title='bbox 1221 3007 1535 3078; x_wconf 79' lang='grc' dir='ltr'><strong>Ἐπιστολὴν</strong></span> <span class='ocrx_word' id='word_1_496' title='bbox 1573 3008 1684 3077; x_wconf 73' lang='grc' dir='ltr'><strong>(τοῦ</strong></span> <span class='ocrx_word' id='word_1_497' title='bbox 1710 3007 1855 3061; x_wconf 80' lang='grc' dir='ltr'><strong>Παύ-</strong></span> 
     </span>
    </p>
   </div>
   <div class='ocr_carea' id='block_1_62' title="bbox 1966 2995 3530 3097">
    <p class='ocr_par' dir='ltr' id='par_1_62' title="bbox 1966 2995 3530 3070">
     <span class='ocr_line' id='line_1_62' title="bbox 1966 2995 3530 3070; baseline -0.006 -13"><span class='ocrx_word' id='word_1_498' title='bbox 1966 3017 2088 3057; x_wconf 80' lang='lat' dir='ltr'><strong>sane</strong></span> <span class='ocrx_word' id='word_1_499' title='bbox 2112 3002 2306 3055; x_wconf 90' lang='lat' dir='ltr'><strong>nititur</strong></span> <span class='ocrx_word' id='word_1_500' title='bbox 2325 3009 2667 3070; x_wconf 83' lang='lat' dir='ltr'><strong>argumento,</strong></span> <span class='ocrx_word' id='word_1_501' title='bbox 2690 3001 2834 3069; x_wconf 88' lang='lat' dir='ltr'><strong>quod</strong></span> <span class='ocrx_word' id='word_1_502' title='bbox 2867 3001 2919 3054; x_wconf 90' lang='lat' dir='ltr'><strong>in</strong></span> <span class='ocrx_word' id='word_1_503' title='bbox 2953 3000 3073 3054; x_wconf 88' lang='lat' dir='ltr'><strong>Cat.</strong></span> <span class='ocrx_word' id='word_1_504' title='bbox 3097 2998 3220 3052; x_wconf 89' lang='lat' dir='ltr'><strong>cod.</strong></span> <span class='ocrx_word' id='word_1_505' title='bbox 3251 2997 3313 3059; x_wconf 76' lang='grc' dir='ltr'>ν,</span> <span class='ocrx_word' id='word_1_506' title='bbox 3342 2998 3416 3068; x_wconf 92' lang='lat' dir='ltr'><strong>pl.</strong></span> <span class='ocrx_word' id='word_1_507' title='bbox 3444 2995 3530 3058; x_wconf 82' lang='lat' dir='ltr'><strong>Vl,</strong></span> 
     </span>
    </p>
   </div>
   <div class='ocr_carea' id='block_1_63' title="bbox 269 3093 1860 3168">
    <p class='ocr_par' dir='ltr' id='par_1_63' title="bbox 269 3093 1860 3168">
     <span class='ocr_line' id='line_1_63' title="bbox 269 3093 1860 3168; baseline 0.003 -22"><span class='ocrx_word' id='word_1_508' title='bbox 269 3093 388 3164; x_wconf 76' lang='grc' dir='ltr'><strong>λου)</strong></span> <span class='ocrx_word' id='word_1_509' title='bbox 421 3097 481 3148; x_wconf 82' lang='grc' dir='ltr'>ὲν</span> <span class='ocrx_word' id='word_1_510' title='bbox 501 3097 615 3157; x_wconf 80' lang='grc' dir='ltr'><strong>τοῖς</strong></span> <span class='ocrx_word' id='word_1_511' title='bbox 651 3095 778 3164; x_wconf 75' lang='grc' dir='ltr'><strong>ἑξῆς</strong></span> <span class='ocrx_word' id='word_1_512' title='bbox 805 3095 1143 3166; x_wconf 72' lang='grc' dir='ltr'><strong>προτάξομεν</strong></span> <span class='ocrx_word' id='word_1_513' title='bbox 1173 3095 1270 3168; x_wconf 73' lang='grc' dir='ltr'>τὴν</span> <span class='ocrx_word' id='word_1_514' title='bbox 1304 3097 1412 3150; x_wconf 81' lang='grc' dir='ltr'><strong>τῶν</strong></span> <span class='ocrx_word' id='word_1_515' title='bbox 1433 3097 1742 3166; x_wconf 74' lang='grc' dir='ltr'><strong>κεφαλαίων</strong></span> <span class='ocrx_word' id='word_1_516' title='bbox 1770 3098 1860 3151; x_wconf 76' lang='grc' dir='ltr'><strong>ἐκ·</strong></span> 
     </span>
    </p>
   </div>
   <div class='ocr_carea' id='block_1_64' title="bbox 275 3184 1863 3256">
    <p class='ocr_par' dir='ltr' id='par_1_64' title="bbox 275 3184 1863 3256">
     <span class='ocr_line' id='line_1_64' title="bbox 275 3184 1863 3256; baseline 0.003 -22"><span class='ocrx_word' id='word_1_517' title='bbox 275 3184 429 3236; x_wconf 71' lang='grc' dir='ltr'>ῦεσιν</span> <span class='ocrx_word' id='word_1_518' title='bbox 458 3225 474 3250; x_wconf 89' lang='grc'>,</span> <span class='ocrx_word' id='word_1_519' title='bbox 535 3185 617 3237; x_wconf 77' lang='grc' dir='ltr'>ἐνὶ</span> <span class='ocrx_word' id='word_1_520' title='bbox 663 3184 773 3236; x_wconf 83' lang='grc' dir='ltr'>τῶν</span> <span class='ocrx_word' id='word_1_521' title='bbox 824 3187 1148 3252; x_wconf 54' lang='grc' dir='ltr'><strong>σοφωτάτων</strong></span> <span class='ocrx_word' id='word_1_522' title='bbox 1188 3186 1292 3240; x_wconf 76' lang='grc' dir='ltr'>τινὶ</span> <span class='ocrx_word' id='word_1_523' title='bbox 1347 3188 1442 3241; x_wconf 73' lang='grc' dir='ltr'><strong>καὶ</strong></span> <span class='ocrx_word' id='word_1_524' title='bbox 1503 3187 1863 3256; x_wconf 80' lang='grc' dir='ltr'><strong>φιλοχρίστων</strong></span> 
     </span>
    </p>
   </div>
   <div class='ocr_carea' id='block_1_65' title="bbox 279 3274 1860 3348">
    <p class='ocr_par' dir='ltr' id='par_1_65' title="bbox 279 3274 1860 3348">
     <span class='ocr_line' id='line_1_65' title="bbox 279 3274 1860 3348; baseline 0.006 -24"><span class='ocrx_word' id='word_1_525' title='bbox 279 3274 545 3344; x_wconf 70' lang='grc' dir='ltr'><strong>Πατέρων</strong></span> <span class='ocrx_word' id='word_1_526' title='bbox 591 3274 754 3345; x_wconf 67' lang='grc' dir='ltr'>ἡμῶν</span> <span class='ocrx_word' id='word_1_527' title='bbox 801 3277 1182 3347; x_wconf 80' lang='grc' dir='ltr'><strong>πεπονημένην</strong></span> <span class='ocrx_word' id='word_1_528' title='bbox 1241 3277 1532 3348; x_wconf 86' lang='lat' dir='ltr'><strong>(Galland.</strong></span> <span class='ocrx_word' id='word_1_529' title='bbox 1585 3277 1752 3344; x_wconf 85' lang='lat' dir='ltr'><strong>Bibl.,</strong></span> <span class='ocrx_word' id='word_1_530' title='bbox 1791 3278 1860 3344; x_wconf 83' lang='lat' dir='ltr'><strong>X,</strong></span> 
     </span>
    </p>
   </div>
   <div class='ocr_carea' id='block_1_66' title="bbox 279 3363 1860 3434">
    <p class='ocr_par' dir='ltr' id='par_1_66' title="bbox 279 3363 1860 3434">
     <span class='ocr_line' id='line_1_66' title="bbox 279 3363 1860 3434; baseline 0.003 -17"><span class='ocrx_word' id='word_1_531' title='bbox 279 3380 335 3432; x_wconf 88' lang='lat' dir='ltr'><strong>p.</strong></span> <span class='ocrx_word' id='word_1_532' title='bbox 373 3363 525 3432; x_wconf 72' lang='grc' dir='ltr'><strong>ΞΠ)</strong></span> <span class='ocrx_word' id='word_1_533' title='bbox 575 3366 819 3421; x_wconf 84' lang='lat' dir='ltr'><strong>innuerit</strong></span> <span class='ocrx_word' id='word_1_534' title='bbox 851 3368 1118 3422; x_wconf 89' lang='lat' dir='ltr'><strong>nescitur.</strong></span> <span class='ocrx_word' id='word_1_535' title='bbox 1161 3368 1220 3423; x_wconf 91' lang='lat' dir='ltr'><strong>Si</strong></span> <span class='ocrx_word' id='word_1_536' title='bbox 1265 3377 1433 3434; x_wconf 81' lang='lat' dir='ltr'><strong>recte,</strong></span> <span class='ocrx_word' id='word_1_537' title='bbox 1487 3377 1545 3421; x_wconf 94' lang='lat' dir='ltr'><strong>ut</strong></span> <span class='ocrx_word' id='word_1_538' title='bbox 1583 3369 1770 3433; x_wconf 87' lang='lat' dir='ltr'><strong>credo,</strong></span> <span class='ocrx_word' id='word_1_539' title='bbox 1822 3369 1860 3422; x_wconf 92' lang='grc'><strong>1.</strong></span> 
     </span>
    </p>
   </div>
   <div class='ocr_carea' id='block_1_67' title="bbox 281 3454 1859 3529">
    <p class='ocr_par' dir='ltr' id='par_1_67' title="bbox 281 3454 1859 3529">
     <span class='ocr_line' id='line_1_67' title="bbox 281 3454 1859 3529; baseline 0.005 -23"><span class='ocrx_word' id='word_1_540' title='bbox 281 3470 338 3523; x_wconf 89' lang='lat' dir='ltr'><strong>p.</strong></span> <span class='ocrx_word' id='word_1_541' title='bbox 383 3454 492 3508; x_wconf 76' lang='grc'><strong>250</strong></span> <span class='ocrx_word' id='word_1_542' title='bbox 541 3457 616 3509; x_wconf 91' lang='lat' dir='ltr'><strong>illi</strong></span> <span class='ocrx_word' id='word_1_543' title='bbox 663 3457 810 3511; x_wconf 86' lang='lat' dir='ltr'><strong>Patri</strong></span> <span class='ocrx_word' id='word_1_544' title='bbox 862 3459 1140 3522; x_wconf 88' lang='lat' dir='ltr'><strong>tribuitur,</strong></span> <span class='ocrx_word' id='word_1_545' title='bbox 1187 3459 1436 3529; x_wconf 87' lang='lat' dir='ltr'><strong>sequitur</strong></span> <span class='ocrx_word' id='word_1_546' title='bbox 1479 3458 1859 3514; x_wconf 88' lang='lat' dir='ltr'><strong>tantummodo</strong></span> 
     </span>
    </p>
   </div>
   <div class='ocr_carea' id='block_1_68' title="bbox 280 3547 1864 3620">
    <p class='ocr_par' dir='ltr' id='par_1_68' title="bbox 280 3547 1864 3620">
     <span class='ocr_line' id='line_1_68' title="bbox 280 3547 1864 3620; baseline 0.003 -21"><span class='ocrx_word' id='word_1_547' title='bbox 280 3559 406 3599; x_wconf 84' lang='lat' dir='ltr'><strong>eum</strong></span> <span class='ocrx_word' id='word_1_548' title='bbox 435 3561 530 3600; x_wconf 87' lang='lat' dir='ltr'><strong>an.</strong></span> <span class='ocrx_word' id='word_1_549' title='bbox 573 3547 681 3601; x_wconf 78' lang='lat'><strong>596</strong></span> <span class='ocrx_word' id='word_1_550' title='bbox 723 3556 932 3602; x_wconf 81' lang='lat' dir='ltr'><strong>textum</strong></span> <span class='ocrx_word' id='word_1_551' title='bbox 974 3548 1340 3620; x_wconf 86' lang='lat' dir='ltr'><strong>Epistolarum</strong></span> <span class='ocrx_word' id='word_1_552' title='bbox 1384 3548 1737 3604; x_wconf 88' lang='lat' dir='ltr'><strong>Paulinarum</strong></span> <span class='ocrx_word' id='word_1_553' title='bbox 1773 3565 1864 3604; x_wconf 80' lang='lat' dir='ltr'><strong>ca-</strong></span> 
     </span>
    </p>
   </div>
   <div class='ocr_carea' id='block_1_69' title="bbox 283 3636 1863 3710">
    <p class='ocr_par' dir='ltr' id='par_1_69' title="bbox 283 3636 1863 3710">
     <span class='ocr_line' id='line_1_69' title="bbox 283 3636 1863 3710; baseline 0.003 -22"><span class='ocrx_word' id='word_1_554' title='bbox 283 3636 470 3705; x_wconf 87' lang='lat' dir='ltr'><strong>pitulis</strong></span> <span class='ocrx_word' id='word_1_555' title='bbox 493 3638 842 3693; x_wconf 81' lang='lat' dir='ltr'><strong>distinxisse.</strong></span> <span class='ocrx_word' id='word_1_556' title='bbox 864 3636 1051 3708; x_wconf 87' lang='lat' dir='ltr'><strong>Neque</strong></span> <span class='ocrx_word' id='word_1_557' title='bbox 1071 3639 1213 3694; x_wconf 90' lang='lat' dir='ltr'><strong>enim</strong></span> <span class='ocrx_word' id='word_1_558' title='bbox 1237 3655 1306 3694; x_wconf 74' lang='lat' dir='ltr'><strong>ex</strong></span> <span class='ocrx_word' id='word_1_559' title='bbox 1325 3640 1507 3696; x_wconf 84' lang='lat' dir='ltr'><strong>verbis</strong></span> <span class='ocrx_word' id='word_1_560' title='bbox 1552 3669 1602 3680; x_wconf 81' lang='lat'><em>-</em></span> <span class='ocrx_word' id='word_1_561' title='bbox 1624 3638 1863 3710; x_wconf 74' lang='grc' dir='ltr'><strong>ἐμαρτύ-</strong></span> 
     </span>
    </p>
   </div>
   <div class='ocr_carea' id='block_1_70' title="bbox 287 3723 1862 3801">
    <p class='ocr_par' dir='ltr' id='par_1_70' title="bbox 287 3723 1862 3801">
     <span class='ocr_line' id='line_1_70' title="bbox 287 3723 1862 3801; baseline 0.004 -23"><span class='ocrx_word' id='word_1_562' title='bbox 287 3741 448 3798; x_wconf 74' lang='grc' dir='ltr'>ρησεν</span> <span class='ocrx_word' id='word_1_563' title='bbox 475 3759 548 3768; x_wconf 94' lang='lat'><strong>—</strong></span> <span class='ocrx_word' id='word_1_564' title='bbox 581 3727 798 3791; x_wconf 71' lang='grc' dir='ltr'><strong>Παῦλος</strong></span> <span class='ocrx_word' id='word_1_565' title='bbox 831 3760 898 3771; x_wconf 90' lang='grc'><strong>--</strong></span> <span class='ocrx_word' id='word_1_566' title='bbox 928 3731 1154 3800; x_wconf 77' lang='grc' dir='ltr'><strong>πέμπτῃ</strong></span> <span class='ocrx_word' id='word_1_567' title='bbox 1190 3723 1374 3801; x_wconf 64' lang='grc' dir='ltr'>ἡμέρᾳ</span> <span class='ocrx_word' id='word_1_568' title='bbox 1417 3731 1566 3786; x_wconf 77' lang='grc' dir='ltr'><strong>κατὰ</strong></span> <span class='ocrx_word' id='word_1_569' title='bbox 1596 3733 1862 3801; x_wconf 81' lang='grc' dir='ltr'><strong>Συρομα-</strong></span> 
     </span>
    </p>
   </div>
   <div class='ocr_carea' id='block_1_71' title="bbox 285 3816 1866 3892">
    <p class='ocr_par' dir='ltr' id='par_1_71' title="bbox 285 3816 1866 3892">
     <span class='ocr_line' id='line_1_71' title="bbox 285 3816 1866 3892; baseline 0.002 -23"><span class='ocrx_word' id='word_1_570' title='bbox 285 3816 534 3884; x_wconf 76' lang='grc' dir='ltr'><strong>κεδόνας</strong></span> <span class='ocrx_word' id='word_1_571' title='bbox 570 3822 852 3888; x_wconf 80' lang='grc' dir='ltr'><strong>Πανέμου</strong></span> <span class='ocrx_word' id='word_1_572' title='bbox 876 3820 1088 3889; x_wconf 75' lang='grc' dir='ltr'><strong>μηνὸς,</strong></span> <span class='ocrx_word' id='word_1_573' title='bbox 1116 3821 1236 3892; x_wconf 74' lang='grc' dir='ltr'>ἥτις</span> <span class='ocrx_word' id='word_1_574' title='bbox 1266 3819 1478 3889; x_wconf 79' lang='grc' dir='ltr'><strong>λέγοιτο</strong></span> <span class='ocrx_word' id='word_1_575' title='bbox 1515 3819 1579 3874; x_wconf 71' lang='grc' dir='ltr'>ἂν</span> <span class='ocrx_word' id='word_1_576' title='bbox 1610 3820 1741 3890; x_wconf 79' lang='grc' dir='ltr'><strong>παρ’</strong></span> <span class='ocrx_word' id='word_1_577' title='bbox 1769 3821 1866 3872; x_wconf 81' lang='lat' dir='ltr'><strong>Ai-</strong></span> 
     </span>
    </p>
   </div>
   <div class='ocr_carea' id='block_1_72' title="bbox 288 3909 1864 3983">
    <p class='ocr_par' dir='ltr' id='par_1_72' title="bbox 288 3909 1864 3983">
     <span class='ocr_line' id='line_1_72' title="bbox 288 3909 1864 3983; baseline 0.002 -22"><span class='ocrx_word' id='word_1_578' title='bbox 288 3910 528 3976; x_wconf 76' lang='grc' dir='ltr'><strong>γυπτὶοις</strong></span> <span class='ocrx_word' id='word_1_579' title='bbox 559 3911 751 3980; x_wconf 71' lang='grc' dir='ltr'><strong>Ἐπιφὶ</strong></span> <span class='ocrx_word' id='word_1_580' title='bbox 781 3909 842 3975; x_wconf 87' lang='grc' dir='ltr'><strong>ε’,</strong></span> <span class='ocrx_word' id='word_1_581' title='bbox 877 3912 1026 3983; x_wconf 74' lang='grc' dir='ltr'>παρὰ</span> <span class='ocrx_word' id='word_1_582' title='bbox 1065 3911 1120 3965; x_wconf 77' lang='grc' dir='ltr'><strong>δὲ</strong></span> <span class='ocrx_word' id='word_1_583' title='bbox 1164 3911 1454 3982; x_wconf 76' lang='grc' dir='ltr'><strong>Ῥωμαίοις</strong></span> <span class='ocrx_word' id='word_1_584' title='bbox 1491 3912 1525 3981; x_wconf 81' lang='grc' dir='ltr'><strong>ὴ</strong></span> <span class='ocrx_word' id='word_1_585' title='bbox 1565 3911 1670 3982; x_wconf 79' lang='grc' dir='ltr'><strong>πρὸ</strong></span> <span class='ocrx_word' id='word_1_586' title='bbox 1696 3910 1864 3982; x_wconf 78' lang='grc' dir='ltr'>τριῶν</span> 
     </span>
    </p>
   </div>
   <div class='ocr_carea' id='block_1_73' title="bbox 291 3998 1861 4072">
    <p class='ocr_par' dir='ltr' id='par_1_73' title="bbox 291 3998 1861 4072">
     <span class='ocr_line' id='line_1_73' title="bbox 291 3998 1861 4072; baseline 0.004 -23"><span class='ocrx_word' id='word_1_587' title='bbox 291 3998 570 4053; x_wconf 74' lang='grc' dir='ltr'><strong>Καλανδῶν</strong></span> <span class='ocrx_word' id='word_1_588' title='bbox 615 4000 855 4054; x_wconf 78' lang='grc' dir='ltr'><strong>Ἰουλίων</strong></span> <span class='ocrx_word' id='word_1_589' title='bbox 877 4029 980 4066; x_wconf 83' lang='grc'><strong>-,</strong></span> <span class='ocrx_word' id='word_1_590' title='bbox 1007 4009 1067 4056; x_wconf 85' lang='lat' dir='ltr'><strong>ut</strong></span> <span class='ocrx_word' id='word_1_591' title='bbox 1097 4000 1298 4056; x_wconf 61' lang='lat' dir='ltr'><strong>“illius</strong></span> <span class='ocrx_word' id='word_1_592' title='bbox 1331 4000 1570 4072; x_wconf 80' lang='lat' dir='ltr'><strong>(Proleg.</strong></span> <span class='ocrx_word' id='word_1_593' title='bbox 1595 4002 1650 4055; x_wconf 74' lang='lat' dir='ltr'><strong>in</strong></span> <span class='ocrx_word' id='word_1_594' title='bbox 1675 3999 1746 4054; x_wconf 82' lang='lat' dir='ltr'><strong>N.</strong></span> <span class='ocrx_word' id='word_1_595' title='bbox 1776 4001 1861 4067; x_wconf 83' lang='lat' dir='ltr'><strong>T.,</strong></span> 
     </span>
    </p>
   </div>
   <div class='ocr_carea' id='block_1_74' title="bbox 294 4091 1864 4167">
    <p class='ocr_par' dir='ltr' id='par_1_74' title="bbox 294 4091 1864 4167">
     <span class='ocr_line' id='line_1_74' title="bbox 294 4091 1864 4167; baseline 0.006 -25"><span class='ocrx_word' id='word_1_596' title='bbox 294 4105 344 4143; x_wconf 82' lang='grc' dir='ltr'>ιι.</span> <span class='ocrx_word' id='word_1_597' title='bbox 380 4091 498 4163; x_wconf 84' lang='grc'><strong>906)</strong></span> <span class='ocrx_word' id='word_1_598' title='bbox 549 4104 708 4149; x_wconf 86' lang='lat' dir='ltr'><strong>certo</strong></span> <span class='ocrx_word' id='word_1_599' title='bbox 744 4093 1140 4160; x_wconf 88' lang='lat' dir='ltr'><strong>concluserim,</strong></span> <span class='ocrx_word' id='word_1_600' title='bbox 1176 4095 1232 4150; x_wconf 90' lang='lat' dir='ltr'><strong>in</strong></span> <span class='ocrx_word' id='word_1_601' title='bbox 1265 4095 1420 4167; x_wconf 83' lang='lat' dir='ltr'><strong>Syria</strong></span> <span class='ocrx_word' id='word_1_602' title='bbox 1467 4111 1590 4150; x_wconf 89' lang='lat' dir='ltr'><strong>eum</strong></span> <span class='ocrx_word' id='word_1_603' title='bbox 1625 4095 1864 4167; x_wconf 68' lang='lat' dir='ltr'><strong>Egypto</strong></span> 
     </span>
    </p>
   </div>
   <div class='ocr_carea' id='block_1_75' title="bbox 293 4181 1863 4254">
    <p class='ocr_par' dir='ltr' id='par_1_75' title="bbox 293 4181 1863 4254">
     <span class='ocr_line' id='line_1_75' title="bbox 293 4181 1863 4254; baseline 0.007 -22"><span class='ocrx_word' id='word_1_604' title='bbox 293 4181 450 4237; x_wconf 79' lang='lat' dir='ltr'><strong>vicina</strong></span> <span class='ocrx_word' id='word_1_605' title='bbox 492 4185 724 4241; x_wconf 77' lang='lat' dir='ltr'><strong>vixisse.</strong></span> <span class='ocrx_word' id='word_1_606' title='bbox 781 4183 894 4239; x_wconf 84' lang='lat' dir='ltr'><strong>Sed</strong></span> <span class='ocrx_word' id='word_1_607' title='bbox 931 4185 1136 4240; x_wconf 77' lang='lat' dir='ltr'><strong>Miliius</strong></span> <span class='ocrx_word' id='word_1_608' title='bbox 1169 4185 1207 4242; x_wconf 89' lang='lat' dir='ltr'><strong>l.</strong></span> <span class='ocrx_word' id='word_1_609' title='bbox 1246 4186 1308 4252; x_wconf 89' lang='lat' dir='ltr'><strong>l.,</strong></span> <span class='ocrx_word' id='word_1_610' title='bbox 1351 4202 1409 4241; x_wconf 87' lang='grc' dir='ltr'>ιι.</span> <span class='ocrx_word' id='word_1_611' title='bbox 1453 4187 1580 4254; x_wconf 84' lang='grc'><strong>906,</strong></span> <span class='ocrx_word' id='word_1_612' title='bbox 1607 4186 1732 4251; x_wconf 79' lang='lat'><strong>907,</strong></span> <span class='ocrx_word' id='word_1_613' title='bbox 1772 4188 1863 4242; x_wconf 92' lang='lat' dir='ltr'><strong>illo</strong></span> 
     </span>
    </p>
   </div>
   <div class='ocr_carea' id='block_1_76' title="bbox 291 4268 1860 4347">
    <p class='ocr_par' dir='ltr' id='par_1_76' title="bbox 291 4268 1860 4347">
     <span class='ocr_line' id='line_1_76' title="bbox 291 4268 1860 4347; baseline 0.004 -23"><span class='ocrx_word' id='word_1_614' title='bbox 291 4268 337 4325; x_wconf 81' lang='lat' dir='ltr'><strong>in</strong></span> <span class='ocrx_word' id='word_1_615' title='bbox 367 4275 544 4342; x_wconf 89' lang='lat' dir='ltr'><strong>primis</strong></span> <span class='ocrx_word' id='word_1_616' title='bbox 591 4278 720 4331; x_wconf 89' lang='lat' dir='ltr'><strong>loco</strong></span> <span class='ocrx_word' id='word_1_617' title='bbox 750 4276 920 4330; x_wconf 87' lang='lat' dir='ltr'><strong>nisus</strong></span> <span class='ocrx_word' id='word_1_618' title='bbox 945 4316 962 4341; x_wconf 96' lang='lat'><strong>,</strong></span> <span class='ocrx_word' id='word_1_619' title='bbox 1013 4275 1084 4331; x_wconf 88' lang='lat' dir='ltr'><strong>ab</strong></span> <span class='ocrx_word' id='word_1_620' title='bbox 1123 4275 1371 4330; x_wconf 82' lang='lat' dir='ltr'><strong>Eutbalio</strong></span> <span class='ocrx_word' id='word_1_621' title='bbox 1419 4275 1860 4347; x_wconf 70' lang='lat' dir='ltr'><strong>biopsuestenum</strong></span> 
     </span>
    </p>
   </div>
   <div class='ocr_carea' id='block_1_77' title="bbox 334 4447 1865 4518">
    <p class='ocr_par' dir='ltr' id='par_1_77' title="bbox 334 4447 1865 4518">
     <span class='ocr_line' id='line_1_77' title="bbox 334 4447 1865 4518; baseline 0 -14"><span class='ocrx_word' id='word_1_622' title='bbox 334 4449 401 4518; x_wconf 77' lang='grc' dir='ltr'><strong>(α)</strong></span> <span class='ocrx_word' id='word_1_623' title='bbox 456 4448 619 4508; x_wconf 83' lang='lat' dir='ltr'><strong>Hunc</strong></span> <span class='ocrx_word' id='word_1_624' title='bbox 670 4447 959 4505; x_wconf 79' lang='lat' dir='ltr'><strong>Basiliam</strong></span> <span class='ocrx_word' id='word_1_625' title='bbox 987 4449 1306 4518; x_wconf 85' lang='lat' dir='ltr'><strong>episcopum</strong></span> <span class='ocrx_word' id='word_1_626' title='bbox 1349 4448 1660 4518; x_wconf 69' lang='lat' dir='ltr'><strong>Raphaneaa</strong></span> <span class='ocrx_word' id='word_1_627' title='bbox 1693 4449 1865 4504; x_wconf 74' lang='lat' dir='ltr'><strong>fuisse</strong></span> 
     </span>
    </p>
   </div>
   <div class='ocr_carea' id='block_1_78' title="bbox 266 4517 1850 4594">
    <p class='ocr_par' dir='ltr' id='par_1_78' title="bbox 266 4517 1850 4594">
     <span class='ocr_line' id='line_1_78' title="bbox 266 4517 1850 4594; baseline 0.001 -21"><span class='ocrx_word' id='word_1_628' title='bbox 266 4517 447 4594; x_wconf 80' lang='lat' dir='ltr'><strong>credo,</strong></span> <span class='ocrx_word' id='word_1_629' title='bbox 500 4524 598 4593; x_wconf 88' lang='lat' dir='ltr'><strong>qui</strong></span> <span class='ocrx_word' id='word_1_630' title='bbox 648 4518 889 4594; x_wconf 77' lang='lat' dir='ltr'><strong>synodo</strong></span> <span class='ocrx_word' id='word_1_631' title='bbox 941 4517 1707 4594; x_wconf 56' lang='lat' dir='ltr'><strong>Constantinopolitanaaan.</strong></span> <span class='ocrx_word' id='word_1_632' title='bbox 1753 4521 1850 4594; x_wconf 59' lang='grc' dir='ltr'>διξι</span> 
     </span>
    </p>
   </div>
   <div class='ocr_carea' id='block_1_79' title="bbox 258 4585 1860 4667">
    <p class='ocr_par' dir='ltr' id='par_1_79' title="bbox 258 4585 1860 4667">
     <span class='ocr_line' id='line_1_79' title="bbox 258 4585 1860 4667; baseline -0.002 -22"><span class='ocrx_word' id='word_1_633' title='bbox 258 4585 593 4667; x_wconf 70' lang='lat' dir='ltr'><strong>subscripsit,</strong></span> <span class='ocrx_word' id='word_1_634' title='bbox 627 4585 1040 4660; x_wconf 74' lang='lat' dir='ltr'><strong>eumdemque</strong></span> <span class='ocrx_word' id='word_1_635' title='bbox 1080 4589 1136 4643; x_wconf 90' lang='lat' dir='ltr'><strong>in</strong></span> <span class='ocrx_word' id='word_1_636' title='bbox 1171 4585 1542 4658; x_wconf 63' lang='lat' dir='ltr'><strong>CbrySostomi</strong></span> <span class='ocrx_word' id='word_1_637' title='bbox 1585 4589 1743 4646; x_wconf 82' lang='lat' dir='ltr'><strong>libris</strong></span> <span class='ocrx_word' id='word_1_638' title='bbox 1786 4588 1860 4642; x_wconf 84' lang='lat' dir='ltr'><strong>De</strong></span> 
     </span>
    </p>
   </div>
   <div class='ocr_carea' id='block_1_80' title="bbox 1964 3086 3534 3160">
    <p class='ocr_par' dir='ltr' id='par_1_80' title="bbox 1964 3086 3534 3160">
     <span class='ocr_line' id='line_1_80' title="bbox 1964 3086 3534 3160; baseline -0.003 -13"><span class='ocrx_word' id='word_1_639' title='bbox 1964 3093 2095 3148; x_wconf 86' lang='lat' dir='ltr'><strong>bibl.</strong></span> <span class='ocrx_word' id='word_1_640' title='bbox 2142 3091 2305 3145; x_wconf 80' lang='lat' dir='ltr'><strong>Laur.</strong></span> <span class='ocrx_word' id='word_1_641' title='bbox 2363 3090 2501 3144; x_wconf 83' lang='lat' dir='ltr'><strong>Med.</strong></span> <span class='ocrx_word' id='word_1_642' title='bbox 2541 3091 2682 3144; x_wconf 87' lang='lat' dir='ltr'><strong>inter</strong></span> <span class='ocrx_word' id='word_1_643' title='bbox 2725 3091 3088 3160; x_wconf 71' lang='lat' dir='ltr'><strong>cxplicatores</strong></span> <span class='ocrx_word' id='word_1_644' title='bbox 3137 3089 3352 3142; x_wconf 87' lang='lat' dir='ltr'><strong>illarum</strong></span> <span class='ocrx_word' id='word_1_645' title='bbox 3407 3086 3534 3158; x_wconf 83' lang='lat' dir='ltr'><strong>Epi-</strong></span> 
     </span>
    </p>
   </div>
   <div class='ocr_carea' id='block_1_81' title="bbox 1963 3179 3529 3244">
    <p class='ocr_par' dir='ltr' id='par_1_81' title="bbox 1963 3179 3529 3244">
     <span class='ocr_line' id='line_1_81' title="bbox 1963 3179 3529 3244; baseline -0.004 -6"><span class='ocrx_word' id='word_1_646' title='bbox 1963 3183 2228 3238; x_wconf 85' lang='lat' dir='ltr'><strong>stolarum</strong></span> <span class='ocrx_word' id='word_1_647' title='bbox 2263 3189 2638 3236; x_wconf 85' lang='lat' dir='ltr'><strong>memorantur</strong></span> <span class='ocrx_word' id='word_1_648' title='bbox 2669 3181 2770 3234; x_wconf 87' lang='lat' dir='ltr'><strong>Th.</strong></span> <span class='ocrx_word' id='word_1_649' title='bbox 2807 3180 3045 3244; x_wconf 85' lang='lat' dir='ltr'><strong>Heracl.,</strong></span> <span class='ocrx_word' id='word_1_650' title='bbox 3095 3179 3194 3236; x_wconf 81' lang='lat' dir='ltr'><strong>Th.</strong></span> <span class='ocrx_word' id='word_1_651' title='bbox 3238 3181 3413 3242; x_wconf 85' lang='lat' dir='ltr'><strong>alter;</strong></span> <span class='ocrx_word' id='word_1_652' title='bbox 3456 3179 3529 3234; x_wconf 76' lang='lat' dir='ltr'><strong>cf.</strong></span> 
     </span>
    </p>
   </div>
   <div class='ocr_carea' id='block_1_82' title="bbox 1968 3271 3531 3343">
    <p class='ocr_par' dir='ltr' id='par_1_82' title="bbox 1968 3271 3531 3343">
     <span class='ocr_line' id='line_1_82' title="bbox 1968 3271 3531 3343; baseline -0.001 -16"><span class='ocrx_word' id='word_1_653' title='bbox 1968 3274 2132 3328; x_wconf 83' lang='lat' dir='ltr'><strong>Band.</strong></span> <span class='ocrx_word' id='word_1_654' title='bbox 2173 3273 2210 3328; x_wconf 95' lang='lat' dir='ltr'><strong>l.</strong></span> <span class='ocrx_word' id='word_1_655' title='bbox 2256 3273 2316 3338; x_wconf 91' lang='lat' dir='ltr'><strong>l.,</strong></span> <span class='ocrx_word' id='word_1_656' title='bbox 2354 3271 2393 3339; x_wconf 88' lang='lat' dir='ltr'><strong>I,</strong></span> <span class='ocrx_word' id='word_1_657' title='bbox 2443 3289 2496 3343; x_wconf 89' lang='lat' dir='ltr'><strong>p.</strong></span> <span class='ocrx_word' id='word_1_658' title='bbox 2536 3272 2650 3326; x_wconf 72' lang='lat' dir='ltr'><strong>I02.</strong></span> <span class='ocrx_word' id='word_1_659' title='bbox 2711 3273 2852 3339; x_wconf 82' lang='lat' dir='ltr'><strong>Quid</strong></span> <span class='ocrx_word' id='word_1_660' title='bbox 2907 3274 3051 3343; x_wconf 91' lang='lat' dir='ltr'><strong>quod</strong></span> <span class='ocrx_word' id='word_1_661' title='bbox 3100 3274 3326 3329; x_wconf 89' lang='lat' dir='ltr'><strong>Cosmas</strong></span> <span class='ocrx_word' id='word_1_662' title='bbox 3360 3273 3531 3326; x_wconf 88' lang='lat' dir='ltr'><strong>lndic.</strong></span> 
     </span>
    </p>
   </div>
   <div class='ocr_carea' id='block_1_83' title="bbox 1964 3360 3534 3434">
    <p class='ocr_par' dir='ltr' id='par_1_83' title="bbox 1964 3360 3534 3434">
     <span class='ocr_line' id='line_1_83' title="bbox 1964 3360 3534 3434; baseline -0.002 -15"><span class='ocrx_word' id='word_1_663' title='bbox 1964 3365 2000 3419; x_wconf 91' lang='grc'><strong>1.</strong></span> <span class='ocrx_word' id='word_1_664' title='bbox 2033 3365 2096 3429; x_wconf 87' lang='grc'><strong>1.,</strong></span> <span class='ocrx_word' id='word_1_665' title='bbox 2144 3379 2198 3434; x_wconf 91' lang='lat' dir='ltr'><strong>p.</strong></span> <span class='ocrx_word' id='word_1_666' title='bbox 2247 3364 2373 3430; x_wconf 72' lang='lat'><strong>555,</strong></span> <span class='ocrx_word' id='word_1_667' title='bbox 2414 3393 2484 3404; x_wconf 92' lang='lat'><strong>——</strong></span> <span class='ocrx_word' id='word_1_668' title='bbox 2517 3364 2642 3418; x_wconf 65' lang='grc' dir='ltr'><strong>οὔτε</strong></span> <span class='ocrx_word' id='word_1_669' title='bbox 2681 3360 2782 3428; x_wconf 76' lang='grc' dir='ltr'>εἷς,</span> <span class='ocrx_word' id='word_1_670' title='bbox 2830 3364 3027 3434; x_wconf 88' lang='lat' dir='ltr'><strong>inquit,</strong></span> <span class='ocrx_word' id='word_1_671' title='bbox 3073 3363 3251 3417; x_wconf 78' lang='grc' dir='ltr'>αὐτῶν</span> <span class='ocrx_word' id='word_1_672' title='bbox 3295 3365 3534 3431; x_wconf 76' lang='grc' dir='ltr'><strong>(πάντων</strong></span> 
     </span>
    </p>
   </div>
   <div class='ocr_carea' id='block_1_84' title="bbox 1963 3453 3535 3526">
    <p class='ocr_par' dir='ltr' id='par_1_84' title="bbox 1963 3453 3535 3526">
     <span class='ocr_line' id='line_1_84' title="bbox 1963 3453 3535 3526; baseline 0 -18"><span class='ocrx_word' id='word_1_673' title='bbox 1963 3455 2071 3508; x_wconf 83' lang='grc' dir='ltr'>τῶν</span> <span class='ocrx_word' id='word_1_674' title='bbox 2118 3456 2682 3526; x_wconf 78' lang='grc' dir='ltr'><strong>ὑπομνηματισάντων</strong></span> <span class='ocrx_word' id='word_1_675' title='bbox 2727 3456 2826 3518; x_wconf 79' lang='grc' dir='ltr'><strong>τὰς</strong></span> <span class='ocrx_word' id='word_1_676' title='bbox 2879 3454 3028 3517; x_wconf 79' lang='grc' dir='ltr'>θείας</span> <span class='ocrx_word' id='word_1_677' title='bbox 3067 3453 3330 3525; x_wconf 68' lang='grc' dir='ltr'>Γραφὰς)</span> <span class='ocrx_word' id='word_1_678' title='bbox 3380 3455 3535 3522; x_wconf 71' lang='grc' dir='ltr'><strong>λόγον</strong></span> 
     </span>
    </p>
   </div>
   <div class='ocr_carea' id='block_1_85' title="bbox 1965 3545 3532 3616">
    <p class='ocr_par' dir='ltr' id='par_1_85' title="bbox 1965 3545 3532 3616">
     <span class='ocr_line' id='line_1_85' title="bbox 1965 3545 3532 3616; baseline -0.001 -17"><span class='ocrx_word' id='word_1_679' title='bbox 1965 3548 2257 3616; x_wconf 69' lang='grc' dir='ltr'><strong>ἐποιήσατο</strong></span> <span class='ocrx_word' id='word_1_680' title='bbox 2296 3547 2406 3599; x_wconf 87' lang='grc' dir='ltr'><strong>τῶν</strong></span> <span class='ocrx_word' id='word_1_681' title='bbox 2447 3546 2803 3600; x_wconf 75' lang='grc' dir='ltr'><strong>Καθολικῶντ</strong></span> <span class='ocrx_word' id='word_1_682' title='bbox 2855 3545 3126 3600; x_wconf 67' lang='lat' dir='ltr'><strong>Caeterum</strong></span> <span class='ocrx_word' id='word_1_683' title='bbox 3163 3560 3270 3599; x_wconf 92' lang='lat' dir='ltr'><strong>non</strong></span> <span class='ocrx_word' id='word_1_684' title='bbox 3306 3545 3532 3599; x_wconf 89' lang='lat' dir='ltr'><strong>dubium</strong></span> 
     </span>
    </p>
   </div>
   <div class='ocr_carea' id='block_1_86' title="bbox 1965 3634 3531 3706">
    <p class='ocr_par' dir='ltr' id='par_1_86' title="bbox 1965 3634 3531 3706">
     <span class='ocr_line' id='line_1_86' title="bbox 1965 3634 3531 3706; baseline -0.001 -17"><span class='ocrx_word' id='word_1_685' title='bbox 1965 3637 2097 3706; x_wconf 88' lang='lat' dir='ltr'><strong>quin</strong></span> <span class='ocrx_word' id='word_1_686' title='bbox 2125 3635 2447 3692; x_wconf 87' lang='lat' dir='ltr'><strong>Theodorus</strong></span> <span class='ocrx_word' id='word_1_687' title='bbox 2484 3637 2529 3692; x_wconf 88' lang='lat' dir='ltr'><strong>si</strong></span> <span class='ocrx_word' id='word_1_688' title='bbox 2563 3652 2668 3691; x_wconf 85' lang='lat' dir='ltr'><strong>non</strong></span> <span class='ocrx_word' id='word_1_689' title='bbox 2697 3651 2888 3691; x_wconf 87' lang='lat' dir='ltr'><strong>omnes</strong></span> <span class='ocrx_word' id='word_1_690' title='bbox 2913 3634 3187 3705; x_wconf 86' lang='lat' dir='ltr'><strong>Epistolas</strong></span> <span class='ocrx_word' id='word_1_691' title='bbox 3214 3635 3531 3698; x_wconf 85' lang='lat' dir='ltr'><strong>catholicas,</strong></span> 
     </span>
    </p>
   </div>
   <div class='ocr_carea' id='block_1_87' title="bbox 1965 3725 3534 3798">
    <p class='ocr_par' dir='ltr' id='par_1_87' title="bbox 1965 3725 3534 3798">
     <span class='ocr_line' id='line_1_87' title="bbox 1965 3725 3534 3798; baseline -0.002 -16"><span class='ocrx_word' id='word_1_692' title='bbox 1965 3725 2182 3782; x_wconf 83' lang='lat' dir='ltr'><strong>Leontii</strong></span> <span class='ocrx_word' id='word_1_693' title='bbox 2217 3726 2362 3781; x_wconf 90' lang='lat' dir='ltr'><strong>enim</strong></span> <span class='ocrx_word' id='word_1_694' title='bbox 2403 3726 2588 3782; x_wconf 82' lang='lat' dir='ltr'><strong>verbis</strong></span> <span class='ocrx_word' id='word_1_695' title='bbox 2630 3725 2789 3796; x_wconf 86' lang='lat' dir='ltr'><strong>(Gali.</strong></span> <span class='ocrx_word' id='word_1_696' title='bbox 2815 3725 2955 3782; x_wconf 84' lang='lat' dir='ltr'><strong>Bibl.</strong></span> <span class='ocrx_word' id='word_1_697' title='bbox 2986 3727 3022 3781; x_wconf 95' lang='grc'><strong>1.</strong></span> <span class='ocrx_word' id='word_1_698' title='bbox 3053 3742 3127 3791; x_wconf 92' lang='lat' dir='ltr'><strong>c.,</strong></span> <span class='ocrx_word' id='word_1_699' title='bbox 3157 3743 3210 3798; x_wconf 92' lang='lat' dir='ltr'><strong>p.</strong></span> <span class='ocrx_word' id='word_1_700' title='bbox 3241 3727 3390 3798; x_wconf 81' lang='lat'><strong>687),</strong></span> <span class='ocrx_word' id='word_1_701' title='bbox 3426 3746 3444 3778; x_wconf 76' lang='grc' dir='ltr'><strong>ι</strong></span> <span class='ocrx_word' id='word_1_702' title='bbox 3464 3727 3534 3780; x_wconf 85' lang='lat' dir='ltr'><strong>ob</strong></span> 
     </span>
    </p>
   </div>
   <div class='ocr_carea' id='block_1_88' title="bbox 1965 3814 3532 3890">
    <p class='ocr_par' dir='ltr' id='par_1_88' title="bbox 1965 3814 3532 3890">
     <span class='ocr_line' id='line_1_88' title="bbox 1965 3814 3532 3890; baseline -0.002 -17"><span class='ocrx_word' id='word_1_703' title='bbox 1965 3833 2128 3890; x_wconf 87' lang='lat' dir='ltr'><strong>quam</strong></span> <span class='ocrx_word' id='word_1_704' title='bbox 2173 3832 2397 3873; x_wconf 87' lang='lat' dir='ltr'><strong>causam</strong></span> <span class='ocrx_word' id='word_1_705' title='bbox 2444 3817 2559 3888; x_wconf 89' lang='lat' dir='ltr'><strong>(sc.</strong></span> <span class='ocrx_word' id='word_1_706' title='bbox 2591 3817 2720 3887; x_wconf 90' lang='lat' dir='ltr'><strong>quia</strong></span> <span class='ocrx_word' id='word_1_707' title='bbox 2752 3815 2871 3872; x_wconf 75' lang='lat' dir='ltr'><strong>Jac.</strong></span> <span class='ocrx_word' id='word_1_708' title='bbox 2899 3834 2953 3881; x_wconf 72' lang='grc' dir='ltr'>ν,</span> <span class='ocrx_word' id='word_1_709' title='bbox 2988 3819 3074 3883; x_wconf 80' lang='lat' dir='ltr'><strong>il,</strong></span> <span class='ocrx_word' id='word_1_710' title='bbox 3109 3819 3369 3888; x_wconf 88' lang='lat' dir='ltr'><strong>patientia</strong></span> <span class='ocrx_word' id='word_1_711' title='bbox 3411 3814 3532 3872; x_wconf 75' lang='lat' dir='ltr'><strong>Jobi</strong></span> 
     </span>
    </p>
   </div>
   <div class='ocr_carea' id='block_1_89' title="bbox 1965 3907 3534 3979">
    <p class='ocr_par' dir='ltr' id='par_1_89' title="bbox 1965 3907 3534 3979">
     <span class='ocr_line' id='line_1_89' title="bbox 1965 3907 3534 3979; baseline -0.002 -14"><span class='ocrx_word' id='word_1_712' title='bbox 1965 3907 2316 3979; x_wconf 88' lang='lat' dir='ltr'><strong>celebratur),</strong></span> <span class='ocrx_word' id='word_1_713' title='bbox 2348 3914 2408 3962; x_wconf 93' lang='lat' dir='ltr'><strong>ut</strong></span> <span class='ocrx_word' id='word_1_714' title='bbox 2438 3907 2694 3974; x_wconf 87' lang='lat' dir='ltr'><strong>arbitror,</strong></span> <span class='ocrx_word' id='word_1_715' title='bbox 2723 3907 2897 3979; x_wconf 89' lang='lat' dir='ltr'><strong>ipsam</strong></span> <span class='ocrx_word' id='word_1_716' title='bbox 2939 3907 3232 3978; x_wconf 83' lang='lat' dir='ltr'><strong>Epistolam</strong></span> <span class='ocrx_word' id='word_1_717' title='bbox 3259 3908 3447 3963; x_wconf 85' lang='lat' dir='ltr'><strong>Jacobi</strong></span> <span class='ocrx_word' id='word_1_718' title='bbox 3478 3916 3534 3962; x_wconf 78' lang='lat' dir='ltr'><strong>ct</strong></span> 
     </span>
    </p>
   </div>
   <div class='ocr_carea' id='block_1_90' title="bbox 1966 4000 3534 4072">
    <p class='ocr_par' dir='ltr' id='par_1_90' title="bbox 1966 4000 3534 4072">
     <span class='ocr_line' id='line_1_90' title="bbox 1966 4000 3534 4072; baseline -0.001 -15"><span class='ocrx_word' id='word_1_719' title='bbox 1966 4003 2106 4058; x_wconf 88' lang='lat' dir='ltr'><strong>alias</strong></span> <span class='ocrx_word' id='word_1_720' title='bbox 2135 4001 2396 4072; x_wconf 87' lang='lat' dir='ltr'><strong>deinceps</strong></span> <span class='ocrx_word' id='word_1_721' title='bbox 2445 4001 2678 4055; x_wconf 90' lang='lat' dir='ltr'><strong>aliorum</strong></span> <span class='ocrx_word' id='word_1_722' title='bbox 2721 4000 3028 4056; x_wconf 83' lang='lat' dir='ltr'><strong>catholicas</strong></span> <span class='ocrx_word' id='word_1_723' title='bbox 3059 4001 3283 4071; x_wconf 88' lang='lat' dir='ltr'><strong>abrogat</strong></span> <span class='ocrx_word' id='word_1_724' title='bbox 3309 4006 3362 4055; x_wconf 89' lang='lat' dir='ltr'><strong>et</strong></span> <span class='ocrx_word' id='word_1_725' title='bbox 3392 4002 3534 4055; x_wconf 89' lang='lat' dir='ltr'><strong>anti-</strong></span> 
     </span>
    </p>
   </div>
   <div class='ocr_carea' id='block_1_91' title="bbox 1963 4090 3532 4166">
    <p class='ocr_par' dir='ltr' id='par_1_91' title="bbox 1963 4090 3532 4166">
     <span class='ocr_line' id='line_1_91' title="bbox 1963 4090 3532 4166; baseline -0.001 -19"><span class='ocrx_word' id='word_1_726' title='bbox 1963 4103 2114 4166; x_wconf 90' lang='lat' dir='ltr'><strong>quat,</strong></span> <span class='ocrx_word' id='word_1_727' title='bbox 2152 4111 2172 4146; x_wconf 82' lang='grc'>›</span> <span class='ocrx_word' id='word_1_728' title='bbox 2208 4101 2359 4148; x_wconf 90' lang='lat' dir='ltr'><strong>certo</strong></span> <span class='ocrx_word' id='word_1_729' title='bbox 2389 4092 2489 4146; x_wconf 87' lang='lat' dir='ltr'><strong>niti</strong></span> <span class='ocrx_word' id='word_1_730' title='bbox 2521 4107 2630 4146; x_wconf 88' lang='lat' dir='ltr'><strong>non</strong></span> <span class='ocrx_word' id='word_1_731' title='bbox 2669 4092 2812 4155; x_wconf 79' lang='lat' dir='ltr'><strong>licet,</strong></span> <span class='ocrx_word' id='word_1_732' title='bbox 2837 4098 3074 4162; x_wconf 88' lang='lat' dir='ltr'><strong>quatuor</strong></span> <span class='ocrx_word' id='word_1_733' title='bbox 3096 4101 3240 4146; x_wconf 89' lang='lat' dir='ltr'><strong>certe</strong></span> <span class='ocrx_word' id='word_1_734' title='bbox 3262 4099 3319 4145; x_wconf 93' lang='lat' dir='ltr'><strong>ut</strong></span> <span class='ocrx_word' id='word_1_735' title='bbox 3347 4090 3532 4145; x_wconf 81' lang='lat' dir='ltr'><strong>Eccle-</strong></span> 
     </span>
    </p>
   </div>
   <div class='ocr_carea' id='block_1_92' title="bbox 1965 4182 3533 4259">
    <p class='ocr_par' dir='ltr' id='par_1_92' title="bbox 1965 4182 3533 4259">
     <span class='ocr_line' id='line_1_92' title="bbox 1965 4182 3533 4259; baseline -0.003 -18"><span class='ocrx_word' id='word_1_736' title='bbox 1965 4187 2047 4242; x_wconf 90' lang='lat' dir='ltr'><strong>sia</strong></span> <span class='ocrx_word' id='word_1_737' title='bbox 2094 4185 2430 4241; x_wconf 86' lang='lat' dir='ltr'><strong>Autiocbena</strong></span> <span class='ocrx_word' id='word_1_738' title='bbox 2489 4185 2601 4258; x_wconf 81' lang='lat' dir='ltr'><strong>(cf.</strong></span> <span class='ocrx_word' id='word_1_739' title='bbox 2653 4185 2842 4244; x_wconf 71' lang='lat' dir='ltr'><strong>Menti.</strong></span> <span class='ocrx_word' id='word_1_740' title='bbox 2914 4184 3050 4259; x_wconf 88' lang='lat' dir='ltr'><strong>Opp.</strong></span> <span class='ocrx_word' id='word_1_741' title='bbox 3133 4186 3367 4258; x_wconf 83' lang='lat' dir='ltr'><strong>Cbrys.,</strong></span> <span class='ocrx_word' id='word_1_742' title='bbox 3441 4182 3533 4248; x_wconf 81' lang='lat' dir='ltr'><strong>Vl,</strong></span> 
     </span>
    </p>
   </div>
   <div class='ocr_carea' id='block_1_93' title="bbox 1965 4277 2659 4353">
    <p class='ocr_par' dir='ltr' id='par_1_93' title="bbox 1965 4277 2659 4353">
     <span class='ocr_line' id='line_1_93' title="bbox 1965 4277 2659 4353; baseline 0.004 -22"><span class='ocrx_word' id='word_1_743' title='bbox 1965 4295 2019 4350; x_wconf 91' lang='lat' dir='ltr'><strong>p.</strong></span> <span class='ocrx_word' id='word_1_744' title='bbox 2050 4278 2174 4345; x_wconf 75' lang='lat'><strong>508,</strong></span> <span class='ocrx_word' id='word_1_745' title='bbox 2206 4277 2356 4349; x_wconf 79' lang='lat'><strong>309),</strong></span> <span class='ocrx_word' id='word_1_746' title='bbox 2382 4279 2659 4353; x_wconf 90' lang='lat' dir='ltr'><strong>rejecerit.</strong></span> 
     </span>
    </p>
   </div>
   <div class='ocr_carea' id='block_1_94' title="bbox 1965 4450 3527 4518">
    <p class='ocr_par' dir='ltr' id='par_1_94' title="bbox 1965 4450 3527 4518">
     <span class='ocr_line' id='line_1_94' title="bbox 1965 4450 3527 4518; baseline 0.004 -15"><span class='ocrx_word' id='word_1_747' title='bbox 1965 4450 2262 4505; x_wconf 83' lang='lat' dir='ltr'><strong>sacerdotio</strong></span> <span class='ocrx_word' id='word_1_748' title='bbox 2295 4457 2750 4518; x_wconf 84' lang='lat' dir='ltr'><strong>commemorari,</strong></span> <span class='ocrx_word' id='word_1_749' title='bbox 2796 4456 3254 4510; x_wconf 83' lang='lat' dir='ltr'><strong>verisimillitnum</strong></span> <span class='ocrx_word' id='word_1_750' title='bbox 3288 4465 3391 4510; x_wconf 76' lang='lat' dir='ltr'><strong>est.</strong></span> <span class='ocrx_word' id='word_1_751' title='bbox 3443 4453 3527 4510; x_wconf 75' lang='grc' dir='ltr'><strong>(π.</strong></span> 
     </span>
    </p>
   </div>
   <div class='ocr_carea' id='block_1_95' title="bbox 1967 4519 2982 4594">
    <p class='ocr_par' dir='ltr' id='par_1_95' title="bbox 1967 4519 2982 4594">
     <span class='ocr_line' id='line_1_95' title="bbox 1967 4519 2982 4594; baseline 0.005 -21"><span class='ocrx_word' id='word_1_752' title='bbox 1967 4519 2154 4575; x_wconf 77' lang='lat' dir='ltr'><strong>Montl‘.</strong></span> <span class='ocrx_word' id='word_1_753' title='bbox 2188 4521 2326 4592; x_wconf 87' lang='lat' dir='ltr'><strong>Opp.</strong></span> <span class='ocrx_word' id='word_1_754' title='bbox 2361 4521 2671 4592; x_wconf 82' lang='lat' dir='ltr'><strong>Chrysost.,</strong></span> <span class='ocrx_word' id='word_1_755' title='bbox 2702 4525 2740 4589; x_wconf 91' lang='lat' dir='ltr'><strong>l,</strong></span> <span class='ocrx_word' id='word_1_756' title='bbox 2774 4539 2826 4594; x_wconf 90' lang='lat' dir='ltr'><strong>p.</strong></span> <span class='ocrx_word' id='word_1_757' title='bbox 2860 4525 2982 4578; x_wconf 76' lang='grc'><strong>561.</strong></span> 
     </span>
    </p>
   </div>
  </div>
