3920 6130
391 367 462 422 67
1273 358 1576 415 OTTONIS
1615 356 1796 412 ΕΒΗ).
1838 354 2222 409 FRITZSCHE
2261 351 2763 412 (ΣΟΜΜΕΝΤΑΊΊΟ
3569 353 3639 410 ὕ8

393 476 480 542 ιν,
514 491 562 546 p.
599 476 725 540 47);
761 474 906 528 Dial.
953 471 1049 526 III
1092 475 1213 528 adv.
1268 473 1480 543 Pelug.,
1530 472 1679 534 iuit.,
1716 486 1768 540 p.
1822 468 1960 530 555;
1993 476 2036 530 Α
2067 467 2162 539 (cf.
2198 467 2330 524 Cav.
2359 470 2396 524 l.
2431 469 2677 536 l.,Basn.
2712 469 2750 522 l.
2783 469 2848 531 l.,
2876 465 3126 522 Neander
3150 465 3265 527 l.l.,
3293 467 3358 531 ll,
3389 482 3443 536 p.
3478 467 3639 534 1560,

396 569 470 622 De
494 568 737 634 scriptor.
766 566 918 628 eccl.,
964 582 1010 620 s.
1040 582 1087 619 ν.
1123 565 1310 619 Jacob.
1371 564 1452 618 Cf.
1487 564 1697 617 Schott.
1729 560 1875 629 Isag.
1906 560 1962 612 in

392 660 552 712 libros
582 656 656 710 N.
683 656 771 720 T.,
809 674 858 725 p.
894 655 927 708 8
961 671 1046 724 sq.
1074 671 1089 720 ;
1141 651 1399 709 CreJneri
1429 653 1668 722 Beitrdge
1697 665 1788 702 aur
1815 649 1956 705 Einf.

389 749 448 802 in
491 747 578 801 die
629 745 753 799 bibl.
789 744 961 809 Schn,
991 745 1032 809 l,
1065 761 1116 815 p.
1143 745 1248 800 $88
1277 760 1360 814 sq.
1392 743 1538 797 Nova
1571 750 1748 795 autem
1774 741 1964 795 Hiero-

397 841 540 910 nymi
580 838 876 892 bibliorum
906 836 1198 890 translatio
1235 835 1473 889 inimicis
1503 834 1623 903 ejus
1651 832 1787 886 satis
1811 847 1964 885 com-

398 930 610 985 modam
639 927 988 996 vituperandi
1021 917 1571 981 oceasionemdedit.
1611 922 1669 974 V.
1695 939 1747 976 ν.
1771 938 1819 974 e.
1852 921 1965 976 Ru-

402 1024 488 1077 fin.
531 1021 717 1072 invect.
752 1017 816 1082 ll,
847 1017 988 1088 Opp.
1036 1016 1183 1071 Hier.
1221 1016 1308 1079 IV,
1350 1031 1402 1085 p.
1429 1015 1556 1068 ut.
1602 1014 1753 1080 Quos
1795 1013 1967 1068 libros

397 1111 463 1164 de
492 1126 631 1164 nova
660 1110 854 1165 haeresi
887 1111 940 1163 in
960 1110 1187 1179 patriam
1222 1107 1440 1163 misisse
1470 1107 1674 1160 dicitur
1703 1104 1967 1174 Hierony-

407 1218 557 1270 mus,
594 1205 728 1257 nulli
758 1204 846 1256 alii
881 1218 1005 1258 esse
1035 1211 1262 1271 possunt
1300 1215 1466 1269 quam
1499 1208 1610 1254 tres
1644 1197 1852 1268 Dialogi
1873 1195 1969 1251 ad—

400 1311 579 1349 versus
610 1295 928 1363 Pelagianos
966 1291 1077 1363 (IV,
1110 1308 1162 1360 p.
1196 1290 1298 1344 483
1339 1307 1400 1359 sq
1431 1291 1471 1360 ),
1506 1290 1694 1358 scripti
1739 1303 1790 1341 a.
1837 1286 1966 1342 M5.

401 1385 730 1454 Intelligitur
759 1400 821 1438 ex
860 1385 969 1436 illis
995 1397 1117 1452 quae
1141 1381 1367 1435 Photius
1390 1381 1597 1443 retulit,
1620 1379 1967 1434 Theodorum

399 1483 594 1530 contra
627 1473 1012 1530 Occidentales
1035 1473 1089 1526 in
1109 1471 1333 1527 Oriente
1352 1480 1636 1526 versantes
1654 1470 1965 1538 scripsisse,

399 1581 463 1620 ac
492 1581 662 1628 novre,
699 1579 861 1634 quam
911 1573 1131 1634 putaret
1161 1565 1419 1628 hazresin,
1465 1574 1741 1617 auctorem
1776 1561 1966 1614 Hiero-

397 1671 642 1727 nymum.
677 1658 768 1726 qui
804 1654 1156 1712 Occidentem
1188 1657 1354 1711 etiam
1389 1655 1506 1709 viro
1535 1671 1637 1709 suo
1665 1653 1966 1715 infecisset,

399 1748 679 1802 habuisse.
720 1747 948 1802 Photius
990 1755 1171 1801 autem
1205 1747 1293 1800 ubi
1331 1747 1422 1798 illa
1461 1744 1757 1814 perhibuit,
1794 1744 1966 1798 luere-

2065 559 2260 629 1561);
2313 558 2444 628 quid
2476 558 2621 629 quod
2673 556 2978 612 Garnerius
3025 556 3344 625 conjectura
3381 556 3638 612 Theodo-

2063 666 2184 704 rum
2216 650 2489 705 mendacii
2529 651 2612 704 vel
2635 650 2792 703 malae
2827 648 3058 711 fraudis,
3089 664 3193 718 qua
3239 649 3406 702 libros
3449 659 3641 703 contra

2064 742 2454 813 Hieronymum
2522 742 2762 810 scriptos
2820 749 2944 810 post
2995 741 3312 794 immutatos
3376 741 3642 796 adversus

2065 835 2434 905 Augustinum
2488 833 2786 895 edidisset,
2840 833 3164 885 accusavit?
3219 831 3487 886 Garnerio
3543 834 3644 886 ali-

2066 939 2271 997 quanto
2302 927 2496 982 melius
2524 926 2774 981 Norisius
2811 925 2846 980 Ι.
2881 925 2941 988 1.,
2979 925 3022 985 l,
3057 940 3112 994 p.
3164 925 3230 978 88
3264 940 3345 994 sq.
3383 944 3397 980 :
3429 945 3447 976 ς
3484 923 3637 980 Pela-

2068 1019 2213 1088 giani
2245 1034 2370 1072 cum
2404 1034 2462 1074 se
2496 1019 2564 1072 ab
2602 1017 2930 1087 Hieronymo
2964 1024 3017 1072 et
3045 1017 3350 1087 Augustino
3388 1018 3648 1072 adversa-

2069 1109 2168 1164 riis
2199 1109 2420 1179 scriptis
2452 1109 2692 1164 vellicari
2723 1111 3131 1178 cognovissent,
3159 1107 3428 1163 Theodori
3463 1109 3648 1180 Mops-

2069 1200 2280 1255 uesteni
2318 1201 2675 1270 patrocinium
2730 1201 3118 1268 implorarunt,
3166 1200 3230 1253 ad
3275 1215 3436 1270 quem
3478 1203 3645 1255 etiam

2069 1294 2387 1364 Hieronymi
2426 1294 2685 1364 Dialogos
2724 1310 2918 1349 recens
2953 1295 3173 1364 quidem
3205 1295 3510 1364 publicatos
3545 1297 3635 1352 de-

2069 1385 2261 1439 tulere.
2303 1383 2396 1440 llle
2437 1386 2665 1440 scientia
2701 1385 2963 1450 tumidus,
2999 1401 3108 1454 quo
3144 1387 3294 1440 solus
3339 1401 3530 1455 sapere
3559 1387 3643 1439 vi-

2069 1474 2307 1542 deretur,
2358 1477 2588 1531 aliorum
2641 1477 2859 1547 ingenia
2912 1477 3247 1547 despiciens,
3279 1493 3375 1533 sua
3429 1486 3646 1532 tantum

2070 1567 2366 1635 probabat:
2402 1582 2573 1636 quare
2602 1577 2794 1622 contra
2822 1579 2934 1623 tres
2959 1568 3271 1636 Hieronymi
3305 1569 3478 1623 libros
3507 1572 3646 1625 satis

2067 1659 2276 1727 justum
2318 1659 2567 1713 volumen
2618 1660 2672 1713 in
2708 1660 2949 1728 quinque
2993 1660 3163 1715 libros
3197 1660 3466 1731 digestum
3519 1677 3648 1730 pro-

2071 1740 2241 1795 cudit.
2287 1759 2305 1791 ι
2343 1741 2401 1796 Ρ.
2439 1741 2527 1796 88.
2571 1741 2716 1796 Idem
2757 1757 2810 1795 ν.
2843 1740 2899 1795 d.
2951 1743 3242 1812 Augustini
3283 1745 3445 1797 etiam
3477 1744 3648 1799 libros

398 1839 477 1893 sis
499 1838 650 1890 illius
678 1837 988 1891 doctrinam
1017 1836 1367 1892 Theodorum
1401 1803 1625 1891 secutus
1660 1803 1755 1890 his,
1785 1835 1971 1904 paucis
2004 1803 2042 1858 Β
2076 1829 2150 1883 De
2181 1842 2378 1898 peccat.
2405 1833 2575 1886 merit.
2599 1842 2649 1885 et
2676 1834 2906 1896 remiss,
2937 1840 2989 1888 et
3018 1803 3101 1902 ep.
3127 1833 3216 1898 89,
3247 1833 3315 1886 ad
3345 1833 3644 1894 Hilarium.

397 1928 719 1996 complexus
754 1938 876 1981 est:
910 1927 962 1997 l)
999 1927 1250 1981 homines
1269 1925 1428 1993 φύσει
1454 1926 1716 1996 πρότερον
1739 1923 1972 1992 ἀγαθοὺς

401 2022 460 2074 ιν
492 2022 558 2089 τῇ
595 2017 777 2086 φύσει,
826 2025 1083 2087 corrupta
1140 2017 1252 2086 jam
1309 2024 1365 2070 et
1404 2016 1623 2069 mortali
1681 2013 1824 2068 facta
1879 2029 1976 2083 per

405 2110 599 2164 Adami
636 2109 946 2178 pecc’atnm,
977 2107 1071 2160 καὶ
1102 2107 1202 2162 οὐκ
1241 2109 1299 2160 ἐν
1326 2109 1392 2177 τῇ
1421 2105 1734 2177 προαιρέσει
1779 2107 1975 2178 κεκτῆ-

405 2198 530 2253 σθαι
556 2201 658 2268 τὴν
684 2199 1000 2268 ἁμαρτίανῗ
1025 2198 1081 2268 2)
1119 2197 1194 2253 Ne
1223 2213 1416 2253 recens
1453 2205 1611 2253 natos
1639 2197 1858 2267 quidem
1892 2199 1976 2252 in-

404 2290 586 2344 fantes
625 2303 654 2341 a
684 2299 906 2358 peccato
947 2288 1150 2344 liberos
1183 2302 1328 2352 esse,
1358 2303 1481 2341 cum
1514 2288 1586 2342 ob
1616 2287 1812 2341 Adami
1849 2302 1976 2357 pec-

403 2386 585 2433 catum
609 2386 805 2432 natura
831 2377 1134 2448 ἁμαρτωλή
1171 2377 1316 2430 facta
1341 2377 1408 2431 ad
1434 2393 1628 2433 omnes
1656 2377 1778 2448 ejus
1801 2385 1979 2448 poste-

405 2485 496 2522 ros
528 2477 872 2538 propagetur.
929 2468 1012 2521 Cf.
1053 2483 1137 2536 ps.
1177 2483 1227 2532 ι,
1261 2466 1314 2532 7,
1358 2468 1455 2522 aL.
1508 2467 1793 2538 Baptism,
1830 2483 1972 2524 cten.

405 2573 542 2613 sacr.
573 2597 589 2621 ,
646 2557 792 2626 quod
862 2567 1156 2626 utrumque
1209 2565 1610 2612 sacramentum
1676 2555 1977 2610 infantibus

405 2650 730 2718 praebeatur.
769 2649 824 2716 3)
856 2645 1074 2701 Nullum
1128 2647 1402 2703 hominem
1462 2647 1672 2716 justum
1714 2661 1858 2700 esse.
1889 2645 1974 2700 Cf.

405 2756 492 2811 ps.
531 2755 699 2802 cun,
729 2741 784 2802 Ξ,
824 2740 895 2793 al.
927 2740 981 2810 4)
1027 2739 1104 2795 Ne
1136 2740 1417 2795 Christum
1453 2741 1673 2810 quidem
1707 2749 1979 2810 quatenus

405 2839 658 2888 naturam
690 2832 1058 2902 peccatricem
1097 2833 1509 2900 assumpsisset,
1543 2833 1748 2901 peccati
1781 2832 1980 2886 immu-

406 2937 529 2976 nem
559 2937 704 2984 esse,
757 2936 1072 2991 quanquam
1103 2921 1152 2976 ei
1199 2923 1329 2978 alibi
1364 2924 1600 2993 σχήματι
1631 2922 1775 2993 μόνῳ
1799 2922 1982 2976 incar-

407 3014 687 3068 nationem
723 3013 1070 3067 tribuissent.
1105 3011 1157 3082 5)
1215 3012 1642 3082 Matrimonium,
1695 3015 1778 3070 vel
1832 3023 1980 3069 certe

2075 1919 2421 1976 Theodorum
2446 1923 2797 1993 impugnasse
2821 1931 2998 1993 putat.
3035 1943 3053 1974 ‹
3090 1923 3648 1996 Hieronymumeuinr

2076 2013 2130 2067 in
2174 2013 2280 2067 fine
2315 2013 2662 2085 Dialogorum
2696 2031 2869 2084 pauca
2905 2023 3116 2070 tantum
3175 2018 3338 2070 verba
3382 2031 3480 2085 pro
3528 2032 3651 2086 pce-

2075 2113 2200 2160 cato
2241 2106 2494 2173 originali
2540 2107 2840 2161 astruendo
2869 2108 3087 2172 habere,
3124 2107 3348 2162 laudare
3393 2124 3518 2162 vero
3548 2122 3650 2177 pro

2076 2211 2137 2250 ea
2173 2212 2230 2251 re
2274 2211 2503 2266 operosa
2535 2196 2829 2266 Augustini
2861 2196 3140 2251 volumina
3179 2195 3256 2248 De
3302 2211 3441 2265 pecc.
3474 2213 3546 2252 m.
3595 2205 3648 2251 et

2077 2304 2230 2349 rem.,
2275 2289 2329 2340 in
2382 2287 2569 2342 Asiam
2601 2287 2668 2340 ad
2717 2301 2777 2341 se
2817 2287 3030 2351 delata;
3087 2286 3436 2342 Theodorum
3467 2295 3648 2341 autem

2077 2393 2199 2433 cum
2237 2377 2350 2430 lia-c
2391 2376 2782 2446 lcgisset,haud
2820 2377 2988 2431 dubie
3023 2377 3110 2430 illa
3142 2379 3480 2446 quaisivisse,
3510 2393 3650 2447 pra:-

2077 2469 2262 2525 sertim
2304 2485 2426 2522 cum
2468 2485 2535 2524 ex
2572 2468 2747 2522 Photii
2794 2471 3069 2539 cxcerptis
3113 2476 3350 2533 constet,
3401 2483 3526 2524 eum
3581 2482 3649 2523 ea

2079 2560 2452 2631 impugnasse,
2487 2575 2608 2631 quae
2639 2561 2778 2631 apud
2808 2563 3172 2631 Augustinum
3199 2571 3412 2614 tantum
3448 2561 3514 2615 de
3537 2562 3651 2615 ori-

2079 2653 2219 2724 ginis
2256 2659 2411 2706 reatu
2452 2653 2726 2721 explicata
2774 2653 3045 2721 legantur.
3081 2650 3334 2707 Profecto
3370 2650 3650 2721 Pelagium

2079 2747 2306 2815 ejusque
2329 2744 2635 2813 discipulos
2665 2743 2881 2796 laudata
2911 2742 3203 2814 Augustini
3236 2742 3510 2796 volumina
3540 2758 3654 2796 una

2079 2853 2203 2892 cum
2243 2838 2471 2908 epistola
2513 2837 2578 2891 ad
2611 2835 2902 2897 Hilarium,
2943 2836 2996 2888 in
3029 2835 3242 2906 synodo
3278 2834 3653 2904 Diospolitana

2079 2933 2238 2995 lecta,
2262 2929 2326 2984 ad
2355 2944 2555 2984 novum
2601 2937 2765 2983 sectae
2793 2936 3083 2998 patronum
3122 2927 3363 2982 misisse.
3405 2947 3423 2979 ι
3464 2926 3523 2980 Ρ.
3558 2927 3651 2981 99.

2083 3021 2324 3091 Denique
2353 3021 2476 3076 illos
2525 3021 2798 3074 Theodori
2843 3021 3014 3074 libros
3050 3034 3197 3072 anno
3227 3019 3338 3074 fere
3382 3019 3486 3073 416
3518 3033 3658 3072 con-

408 3105 587 3158 coitus
621 3103 974 3177 cupiditatem
1011 3110 1067 3156 et
1097 3102 1323 3158 seminis
1373 3104 1722 3159 emissionem
1768 3107 1976 3158 omnia-
2005 3131 2054 3190 C
2084 3115 2318 3183 scriptos
2344 3128 2468 3169 esse
2498 3112 2779 3168 existimat
2823 3119 3044 3180 propter
3075 3111 3253 3164 Photii
3286 3111 3448 3163 verba
3475 3139 3544 3149 ——
3567 3108 3658 3161 λό-

409 3210 515 3264 quc
553 3193 887 3263 hujusmodi,
919 3193 1120 3262 quibus
1141 3209 1313 3262 genus
1341 3203 1589 3248 nostrum
1621 3203 1970 3264 propagetur,

410 3300 523 3340 θοι-ι
542 3293 685 3353 opta:
705 3292 912 3336 naturae
934 3297 1076 3336 esse.
1093 3281 1386 3352 Postquam
1412 3281 1608 3337 deinde
1628 3282 1976 3338 Theodorum

409 3377 617 3444 Optime
659 3373 934 3428 interdum
973 3373 1241 3442 praecipue
1273 3373 1514 3442 legitima
1551 3371 1674 3429 Scr.
1720 3372 1776 3426 S.
1810 3376 1974 3428 inter-

411 3468 726 3536 pretatione
752 3465 869 3519 haec
894 3464 1188 3525 refutasse,
1225 3463 1321 3519 sed
1355 3465 1408 3517 in
1439 3462 1674 3518 Nestorii
1705 3472 1759 3518 et
1788 3463 1980 3535 Orige-

412 3559 497 3612 nis
527 3571 742 3611 errores
789 3555 1047 3609 incidisse
1079 3555 1409 3618 observavit,
1452 3553 1522 3608 de
1580 3556 1664 3608 his
1695 3557 1980 3611 sententiis

411 3645 744 3698 Theodoreis
791 3644 1064 3698 disserit:
1128 3643 1197 3697 ab
1242 3643 1398 3698 initio
1452 3644 1668 3712 quidem
1715 3645 1980 3699 Adamum

412 3737 698 3790 mortalem
735 3735 934 3788 factum
969 3748 1112 3800 esse,
1146 3734 1238 3790 sed
1275 3743 1333 3788 ut
1367 3745 1647 3805 peccaturo
1674 3735 1982 3791 odissemus

413 3828 584 3880 Deum
635 3827 950 3889 simulasse,
986 3827 1145 3896 quasi
1200 3836 1424 3897 propter
1477 3836 1760 3898 peccatum
1809 3842 1984 3897 pmna:

327 3947 330 3950 η
413 3919 533 3970 loco
565 3931 714 3970 mors
745 3915 1001 3984 imposita
1037 3924 1184 3972 esset
1213 3935 1228 3970 :
1277 3917 1549 3986 duplicem
1579 3933 1702 3974 esse
1733 3929 1986 3988 peceato-

412 4024 531 4062 rum
560 4009 956 4062 remissionem.
991 4005 1236 4078 Denique
1261 4007 1536 4064 Theodori
1572 4024 1744 4080 genus
1765 4008 1984 4063 dicendi

414 4111 558 4157 recte
590 4101 902 4170 descripsit.

485 4212 554 4263 At
586 4225 716 4264 vero
741 4208 941 4262 Photio
972 4222 1080 4262 non
1123 4222 1350 4276 prorsus
1375 4207 1634 4262 convenit
1657 4224 1780 4262 cum
1815 4209 1987 4266 Mario

414 4300 740 4364 Mercatore,
783 4300 876 4369 qui
909 4320 928 4352 ‹
972 4298 1246 4354 Theodori
1282 4299 1350 4354 de
1373 4300 1616 4355 secundo
1640 4302 1828 4357 codice
1859 4304 1983 4357 libr.

416 4409 471 4450 tv
537 4404 590 4448 et
618 4408 678 4447 Ill
707 4399 902 4448 contra
937 4408 987 4447 s.
1017 4391 1384 4462 Augustinum
1413 4392 1793 4450 defendentem
1820 4397 1990 4468 origi-

413 4487 541 4541 nale
572 4492 860 4556 peccatum
885 4489 939 4538 et
969 4482 1143 4538 Adam
1180 4498 1278 4553 per
1313 4485 1810 4554 transgressionem
1848 4503 1988 4542 mor-

413 4575 576 4631 talem
640 4575 843 4630 factum
915 4576 1187 4631 catholice
1253 4558 1714 4644 disserentem,»
1749 4591 1988 4651 quatuor

416 4665 716 4736 fragmenta
743 4665 933 4721 Latine
966 4667 1131 4720 vertit
1161 4665 1196 4720 l.
1235 4682 1310 4730 c.,
1349 4683 1404 4736 p.
1443 4669 1546 4723 702
1588 4686 1672 4738 sq.
1709 4672 1989 4743 (leguntur

415 4755 578 4811 etiam
615 4756 669 4808 iu
696 4753 881 4810 Neris.
913 4756 950 4809 1.
1000 4756 1062 4818 1.,
1097 4755 1137 4820 l,
1177 4771 1228 4826 p.
1277 4757 1348 4810 93
1375 4757 1507 4827 sq.).
1543 4757 1745 4815 Tribus
1789 4765 1988 4831 priori-

416 4845 520 4901 bus
569 4845 889 4916 fragmentis
936 4847 1096 4900 docet
1149 4847 1494 4916 Theodorus,
1531 4849 1750 4906 biblicis
1805 4853 1992 4924 impri-

418 4935 524 4990 mis
565 4933 748 4988 nitens
789 4935 1149 5003 argumentis,
1185 4935 1453 4991 Adamum
1502 4940 1786 4994 mortalem
1832 4957 1992 4997 creas

419 5032 532 5079 tmn
592 5024 915 5093 nullumque
955 5037 1081 5079 csse
1131 5032 1419 5094 peceatum
1467 5028 1762 5097 originale;
1799 5031 1993 5086 ultimo

419 5129 551 5170 vero
599 5124 801 5169 aeterna
849 5122 978 5184 post
1031 5115 1492 5171 resurrectionem
1545 5119 1814 5188 supplicia
1871 5136 1994 5182 esse

423 5214 602 5276 negat.

408 5334 411 5337 -
497 5296 554 5350 In
602 5296 703 5351 hac
739 5293 917 5350 Photii
963 5303 1018 5350 et
1075 5294 1235 5350 Marii
1280 5294 1600 5351 Mercatoris
1649 5297 1994 5354 dissensione

421 5389 738 5458 disputatur
784 5403 814 5442 τι
865 5388 1000 5442 viris
1051 5388 1250 5454 doctis,
1297 5399 1479 5442 utrum
1506 5398 1696 5442 contra
1733 5389 1992 5461 Hierony-

426 5495 573 5537 mum
603 5496 669 5532 an
716 5485 905 5533 contra
953 5478 1315 5550 Augustinum
1361 5479 1682 5536 Theodorus
1711 5483 1993 5551 scripserit

423 5680 713 5754 pariteriac
745 5679 1120 5754 celeberrimo,
1153 5695 1273 5754 qua
1295 5681 1609 5754 inheptade
1635 5682 1875 5737 dissertt.
1897 5700 1986 5754 ap-

422 5746 634 5822 pendici
661 5750 884 5822 dissert.
922 5746 997 5822 De
1026 5746 1391 5805 hcreiiarchis
1427 5746 1523 5806 (cui
1545 5755 1822 5821 apostolici
1858 5746 1985 5808 sub-

423 5818 627 5893 juncta,
650 5838 700 5891 ν.
724 5818 826 5876 466
848 5835 927 5890 Sq.
957 5820 1184 5890 legatur,
1211 5829 1403 5875 auctor
1433 5818 1674 5876 mihi'est
1700 5825 1764 5891 l.,
1784 5824 1978 5880 Franc.

2077 3223 2205 3273 γους
2239 3204 2379 3274 ὑπὲρ
2419 3203 2518 3272 τῆς
2560 3193 3040 3272 ὶεαινοποιηθείσης
3083 3201 3230 3270 αὑτῷ
3259 3201 3518 3270 αἱρέσεως
3549 3229 3655 3259 ——,

2078 3304 2132 3350 et
2153 3295 2272 3347 ideo
2307 3295 2434 3364 quia
2467 3291 2668 3345 Zosimi
2697 3291 2896 3344 litteris
2928 3288 3241 3360 encyclicis,
3281 3303 3371 3340 an.
3421 3287 3521 3341 H8
3549 3301 3658 3355 pu-

2085 3385 2320 3448 blicatis,
2341 3395 2416 3446 et,
2451 3383 2622 3436 Mario
2650 3381 2813 3436 Merc.
2847 3389 3006 3441 teste,
3041 3381 3104 3434 ad
3138 3379 3442 3432 Orientales
3467 3377 3661 3431 Eccle-

2085 3477 2196 3532 sias
2236 3477 2416 3531 missis
2454 3491 2517 3529 ac
2551 3490 2644 3544 per
2691 3483 2864 3528 totum
2900 3474 3086 3527 orbem
3143 3471 3661 3540 subseriptionibus

2085 3569 2185 3628 SS.
2218 3569 2436 3622 Patrum
2475 3566 2767 3626 roboretis.
2790 3563 3109 3618 Theodorus
3138 3565 3225 3617 vix
3251 3578 3416 3615 ausus
3451 3560 3651 3614 fuisset

2083 3669 2273 3716 contra
2308 3657 2670 3713 orthodoxam
2704 3656 3028 3711 sententiam
3060 3663 3167 3708 tam
3195 3655 3364 3709 multa
3390 3653 3658 3707 scribere.

2084 3753 2431 3809 Theodorum
2460 3751 2776 3806 Coele-stium
2804 3758 2999 3803 contra
3039 3745 3432 3813 Hieronymum
3465 3742 3654 3798 defen-

2084 3847 2231 3901 disse
2261 3844 2425 3898 verbo
2456 3842 2667 3896 monuit
2700 3837 3339 3910 Baumgarten-Crusius,
3385 3834 3662 3889 Leftrbuch

2085 3934 2176 3988 der
2204 3933 2406 3986 christl.
2445 3931 2874 4002 Dogmengesch.,
2911 3947 2963 4000 p.
3000 3929 3124 3984 525.
3160 3929 3254 3982 Vir
3281 3929 3440 3998 plane
3470 3929 3668 3999 singu-

2086 4025 2221 4080 laris
2254 4024 2418 4078 latius
2446 4023 2640 4077 vellem
2673 4037 2828 4078 suam
2858 4021 3183 4077 sententiam
3219 4019 3583 4088 exposuisset.

2159 4135 2228 4191 Ut
2266 4137 2378 4205 jam
2418 4135 2548 4205 quid
2593 4135 2727 4189 mihi
2759 4134 3013 4188 videatur
3062 4134 3260 4196 dicam,
3304 4132 3658 4187 Theodorum

2087 4230 2249 4299 paulo
2282 4235 2406 4297 post
2450 4237 2697 4283 exortam
2741 4228 2891 4282 litem
2942 4226 3286 4296 Pelagianam
3333 4227 3501 4280 libros
3533 4225 3663 4281 illos

2088 4320 2418 4382 confecisse,
2465 4320 2561 4375 sed
2591 4335 2768 4388 neque
2811 4317 3124 4389 Hieronymi
3157 4333 3330 4388 neque
3362 4318 3661 4387 Augustini

2091 4413 2292 4482 scripta
2334 4412 2532 4482 legisse
2567 4411 2794 4466 afﬁrmo.
2841 4410 2975 4464 Illud
3023 4409 3338 4478 Hieronymi
3391 4408 3661 4462 memoria

2090 4504 2452 4558 indubitatum
2498 4502 2770 4565 redditur,
2817 4502 2919 4556 hoc
2961 4515 3090 4555 vero
3116 4515 3240 4556 cum
3282 4499 3408 4553 inde
3449 4506 3661 4568 pateat,

2087 4595 2232 4665 quod
2268 4595 2591 4650 Theodorus
2647 4593 2840 4648 Latine
2883 4593 3136 4652 nescivit,
3173 4599 3289 4644 tum
3325 4606 3390 4644 eo
3439 4597 3660 4644 certum

2089 4693 2190 4748 est,
2223 4685 2365 4754 quod
2405 4701 2579 4755 neque
2608 4685 2661 4738 in
2695 4682 3014 4753 fragmentis
3047 4697 3224 4751 neque
3255 4682 3308 4736 in
3336 4681 3404 4736 iis
3440 4695 3559 4750 quas
3593 4679 3668 4735 de

2090 4774 2244 4828 libris
2286 4774 2394 4827 illis
2449 4772 2764 4841 accepimus
2816 4770 2983 4840 hujus
3032 4771 3111 4825 rei
3153 4771 3320 4824 ullum
3371 4769 3666 4839 vestigium

2091 4871 2197 4918 est.
2232 4861 2553 4930 Quanquam
2591 4860 2954 4930 Hieronymus
3004 4861 3243 4930 Dialogis
3274 4859 3392 4915 suis
3425 4866 3677 4913 tantum-

2090 4952 2254 5007 modo
2284 4953 2522 5020 negavit,
2558 4967 2719 5022 posse
2764 4953 3040 5007 hominem
3071 4953 3115 5008 si
3144 4954 3309 5007 vellet
3357 4953 3476 5006 sine
3531 4965 3672 5020 pec-

2091 5054 2216 5100 cato
2237 5059 2359 5099 esse
2391 5053 2444 5098 et
2475 5042 2658 5098 facilia
2704 5059 2829 5100 esse
2855 5043 2946 5098 Dei
2975 5052 3268 5113 precepta.
3288 5043 3400 5096 Imo
3432 5043 3475 5096 si
3495 5057 3672 5112 quam

2091 5135 2356 5190 rationem
2397 5132 2721 5189 Theodorus
2777 5135 2832 5187 in
2885 5133 3217 5201 disputando
3284 5143 3510 5187 secutus
3566 5133 3674 5200 sit,

2092 5227 2261 5296 probe
2289 5224 2629 5290 memineris,
2661 5223 2913 5276 dubitare
2946 5238 3053 5275 non
3087 5222 3206 5275 licet
3241 5221 3370 5290 quin
3391 5220 3674 5289 Pelagiani

2100 5318 2282 5371 statim
2314 5327 2432 5386 post
2459 5317 2725 5387 synodum
2753 5313 2994 5384 Diospoli
3019 5331 3202 5368 mense
3229 5313 3510 5368 Decembr.
3534 5313 3675 5368 anni

2098 5406 2202 5459 415
2249 5405 2492 5460 habitam
2526 5421 2647 5476 quae
2678 5405 2826 5458 litem
2879 5404 3026 5458 illam
3081 5388 3423 5458 continerent
3469 5402 3522 5457 ei
3573 5418 3679 5471 per

2100 5499 2306 5552 litteras
2341 5498 2417 5569 (a)
2446 5499 2892 5570 significaverim,
2922 5498 2988 5552 iis
3027 5499 3252 5567 adjeCtis
3309 5513 3430 5567 quac
3462 5499 3516 5551 in
3571 5499 3673 5550 illa

2097 5685 2351 5761 Buddeus
2381 5687 2520 5761 Isag.
2551 5692 2604 5744 in
2633 5691 2789 5744 theol.
2824 5694 3031 5747 unioers
3063 5733 3076 5753 ,
3118 5709 3170 5761 p.
3201 5694 3324 5750 952.

2171 5755 2427 5833 (a)_Fieri
2472 5755 2654 5833 potuit
2698 5772 2753 5812 ut
2802 5763 2894 5833 illo
2947 5755 3188 5833 tempore
3221 5768 3334 5833 ipse
3376 5763 3682 5825 Calestius

2092 5823 2438 5882 TheOdorum
2476 5823 2679 5891 adiret;
2714 5832 2844 5886 nihil
2879 5823 3309 5893 tamen'aﬂirm'o.
