3920 6130
211 364 272 415 fil
1009 362 1094 416 DE
1135 361 1483 418 THEODORI
1527 359 2003 416 MOPSUESTENI
2050 363 2208 418 VlTA
2251 366 2335 422 ΕΤ
2379 365 2717 422 SCRIPTIS.
3389 371 3459 427 70

214 477 395 548 synotlo
425 488 560 530 acta
596 488 761 532 erant
789 480 866 548 (ν.
896 489 1019 534 acta
1045 496 1106 535 ex
1138 481 1445 551 Augustino
1477 481 1706 534 collecta
1737 481 1790 533 in
1823 489 1864 542 Α
1896 483 1990 536 sed
2031 487 2412 540 tantummodo
2448 488 2620 552 taciti,
2657 487 2750 556 qui
2789 485 2898 541 div.
2933 485 3336 556 Scripturarum
3363 489 3452 546 ha-

215 571 453 625 llsrduin.
493 571 532 624 Ι.
570 571 639 633 1.,
675 571 720 631 1,
765 588 821 642 p.
850 572 997 626 2009
1028 589 1136 643 sq.,
1177 572 1379 635 Fuchs,
1409 570 1660 626 Biblioth.
1697 573 1789 626 der

212 660 596 726 [iri-tenuere,
655 664 748 726 Ill,
805 679 859 732 p.
908 664 1014 718 528
1064 664 1197 734 sq),
1240 662 1562 719 Theodorus
1607 671 1788 718 autem

213 769 345 810 suum
364 756 654 823 putaverit
673 757 843 826 impia
861 758 1245 810 nonnullorum
1267 758 1335 813 de
1349 758 1582 811 humana
1598 767 1789 811 natura

213 844 406 898 decreta
458 847 780 902 scribendo
819 847 1053 903 diluere.
1102 847 1226 902 Haec
1266 849 1558 912 sententia,
1607 863 1704 919 per
1733 864 1792 904 se

215 935 521 1004 probabilis.
554 937 650 992 bis
706 939 944 992 maxime
978 939 1172 993 nititur
1213 939 1551 1009 argumentis
1589 958 1602 993 :
1638 938 1793 994 Pela-

214 1021 338 1090 gium
367 1021 440 1075 de
474 1025 629 1079 actis
670 1024 826 1080 illius
851 1026 1051 1094 synodi
1084 1030 1444 1097 excerpsisse,
1466 1044 1589 1098 quae
1613 1028 1792 1082 divul-

214 1121 478 1184 garentur,
516 1111 747 1170 certum
774 1126 859 1170 est
888 1115 983 1187 (cf.
1017 1118 1246 1188 August.
1274 1117 1354 1174 De
1376 1121 1534 1189 gestis
1563 1119 1788 1191 Pelagii,

215 1221 254 1258 ε.
277 1205 400 1267 39);
429 1221 563 1259 eam
601 1205 936 1263 Theodorus
968 1209 1328 1278 quaestionum
1367 1220 1480 1264 tum
1517 1219 1790 1266 motarum

217 1299 576 1367 cognitionem
624 1299 842 1360 habuit,
873 1315 1038 1369 quam
1065 1300 1284 1356 nonnisi
1315 1315 1382 1356 ex
1415 1301 1630 1364 litteris,
1672 1317 1792 1372 quae

217 1391 435 1444 breviter
454 1405 558 1444 eas
583 1400 941 1455 enarrarent,
965 1391 1209 1447 hauserit
1234 1412 1246 1446 :
1273 1393 1640 1457 contumeliae,
1671 1396 1792 1464 qui-

215 1482 301 1534 bus
334 1480 755 1552 Hieronymum
798 1481 983 1537 ati’eeit
1032 1482 1350 1538 Theodorus
1396 1500 1463 1538 ex
1515 1485 1619 1538 hoc
1670 1487 1790 1541 solo

214 1570 345 1625 fonte
385 1573 779 1626 manaverint.
814 1573 970 1638 Quod
1001 1587 1131 1626 vero
1162 1575 1400 1642 pessime
1427 1589 1560 1629 sane
1596 1575 1789 1629 Hiero-

215 1675 390 1730 nymus
415 1661 578 1714 illius
610 1661 848 1715 haeresis
877 1661 1146 1731 ἀρχηγός,
1184 1661 1294 1717 imo
1324 1670 1536 1726 auctor,
1569 1663 1662 1732 qui
1692 1677 1790 1716 sua

214 1751 316 1806 labe
361 1750 771 1807 Occidentales
809 1752 976 1806 etiam
1033 1751 1306 1807 Eeclesias
1335 1753 1788 1817 contaminasset,

214 1847 526 1914 appellatur,
591 1860 670 1899 ne
710 1845 820 1898 hoc
859 1845 1082 1914 quidem
1129 1846 1288 1914 quale
1339 1847 1413 1900 sit
1467 1846 1785 1900 obscurum.
1819 1837 1860 1894 Β

215 1936 480 2006 Pelagiani
525 1937 706 2000 enim,
739 1935 836 2005 qui
883 1937 951 1990 ad
989 1935 1332 1990 Theodorum
1384 1936 1593 1992 litteras
1628 1935 1791 1992 dedo-

212 2032 326 2076 nmt
377 2033 432 2079 et
472 2039 715 2093 quorum
743 2022 897 2077 furor
923 2032 1038 2077 tum
1071 2024 1128 2078 in
1164 2025 1551 2094 Hieronymum
1587 2025 1641 2078 in
1664 2025 1791 2094 pri-

213 2118 305 2169 is
333 2131 649 2170 conversus
676 2124 823 2174 erat.
860 2130 948 2169 res
993 2123 1154 2169 antea
1187 2117 1240 2170 in
1273 2116 1572 2172 Occidente
1607 2125 1791 2187 gestas

210 2223 357 2274 tinam
387 2208 505 2261 fieri
543 2217 745 2277 posset
787 2209 1026 2263 maxime
1063 2209 1325 2263 oblivioni
1355 2209 1572 2264 tradere
1605 2208 1792 2264 stude—

211 2301 345 2362 bant,
376 2315 447 2354 ne
468 2298 806 2354 Occidentis
837 2301 1144 2355 auctoritas
1172 2299 1381 2355 Orienti
1415 2300 1591 2354 fraudi
1623 2308 1786 2356 esset.

209 2391 464 2444 Ceterum
500 2391 658 2444 haud
694 2392 1029 2460 importuna:
1073 2390 1306 2445 fortasse
1346 2389 1634 2446 Theodoro
1686 2390 1792 2444 illae

211 2481 514 2551 Hieronymi
538 2484 902 2537 contumelia:
931 2489 1114 2543 erant,
1146 2481 1200 2535 in
1228 2483 1388 2550 cujus
1409 2481 1658 2535 notitiam
1679 2495 1790 2535 non

211 2585 311 2626 lum
344 2577 590 2643 primum
634 2574 868 2628 venerit.
907 2575 1068 2628 Certe
1095 2582 1178 2628 ter
1208 2573 1571 2644 llierouymus
1596 2574 1788 2628 Antio-

211 2663 334 2716 t-biae
371 2664 705 2716 morabatur
737 2663 808 2730 (a.
858 2664 986 2726 δη,
1017 2664 1142 2725 578,
1184 2664 1266 2718 vel
1299 2663 1424 2725 579,
1471 2663 1621 2732 585),
1661 2670 1716 2716 et
1744 2664 1790 2718 si

211 2761 312 2803 tum
339 2751 644 2805 Theodoro
694 2752 956 2812 innotuit,
993 2753 1114 2820 ejus
1143 2752 1326 2806 odium
1374 2767 1439 2806 eo
1472 2752 1618 2820 quod
1651 2751 1790 2804 Pau-

212 2843 296 2896 lini
326 2851 510 2910 partes
534 2842 1166 2910 seqttehatur,incurrit.
1194 2841 1326 2898 Post
1349 2858 1478 2898 vero
1498 2841 1788 2913 Origenetn

211 2939 399 2986 temere
423 2932 665 2986 adortus
695 2941 802 2986 est.

273 3056 401 3121 Quae
447 3057 494 3111 si
534 3065 690 3111 recte
735 3057 1161 3126 disputavimus,
1190 3057 1540 3114 Theodorum
1574 3075 1622 3113 a.
1662 3059 1786 3121 3l6,

1893 572 2094 626 hebant
2139 576 2412 639 notitiam,
2464 576 2851 641 detrahebant,
2892 596 2909 630 ν
2969 578 3104 631 nihil
3153 579 3258 631 huc
3309 578 3455 636 facit.

1892 660 2076 733 Neque
2099 666 2243 719 enim
2270 666 2444 735 legum
2465 667 2808 735 publicarum
2830 669 3066 738 potentia
3089 668 3456 738 intelligenda,

1892 754 1986 807 sed
2016 754 2358 809 austeritatis
2395 753 2713 825 Hieronymi
2747 764 2910 826 atque
2949 756 3312 818 auctoritatis,
3352 772 3459 827 qua

1892 843 1945 898 in
1977 845 2227 900 homines
2261 846 2654 915 grassabatur;
2691 862 2744 900 v.
2777 847 2938 901 etiam
2995 847 3180 900 statim
3243 861 3396 917 seqq.
3436 865 3449 901 :

1911 958 1928 991 ι
1965 935 2267 990 Nouissime
2302 952 2434 992 vero
2466 938 2521 993 in
2552 937 2694 993 hanc
2723 936 2994 1008 dogmatis
3034 937 3230 992 recidit
3257 941 3462 993 novita-

1893 1036 2021 1090 tem,
2059 1041 2165 1096 qua
2194 1027 2491 1082 diceret—.
2523 1046 2543 1080 ι

1963 1129 2031 1183 At
2079 1145 2210 1185 vero
2242 1129 2484 1186 nondum
2523 1132 2590 1186 de
2631 1131 2811 1186 Mario
2855 1129 3156 1186 Mercatore
3194 1131 3457 1187 diximus.

1891 1219 2217 1289 Quanquam
2247 1219 2334 1274 hic
2364 1220 2606 1290 quidem,
2633 1220 2722 1273 cui
2756 1219 2902 1274 facili
2925 1236 3112 1275 errore
3139 1218 3462 1276 Theodorus

1891 1315 1958 1366 de
2013 1320 2236 1381 peccato
2287 1311 2538 1381 originali
2594 1313 2809 1366 nonnisi
2857 1319 3047 1366 contra
3098 1313 3461 1381 Augustinum

1890 1402 2173 1472 disputare
2218 1405 2466 1472 potuisse
2502 1402 2775 1457 videretur
2800 1444 2813 1466 ,
2847 1403 3048 1456 morari
3084 1418 3185 1457 nos
3221 1418 3326 1456 non
3364 1417 3463 1472 po-

1891 1504 2020 1551 test.
2055 1494 2158 1551 Sed
2189 1505 2457 1552 memorat
2480 1505 2661 1550 tamen
2690 1496 3013 1551 Theodorus
3043 1497 3461 1562 sapientissimos

1891 1588 2192 1656 defensores
2240 1589 2444 1656 peccati
2486 1589 2764 1657 originalis
2797 1589 2832 1642 I.
2867 1605 2914 1644 c.
2965 1587 3145 1642 Potuit
3175 1587 3240 1641 de
3274 1589 3460 1655 Augu-

1893 1681 2038 1734 stino
2067 1681 2310 1750 quadam
2337 1682 2700 1750 comperisse;
2729 1682 2832 1734 hoc
2853 1679 3083 1742 afﬁrmo,
3108 1695 3230 1733 eum
3256 1679 3309 1731 in
3340 1677 3466 1731 llie-

1895 1785 2184 1842 ronymum
2222 1769 2602 1839 potissimum,
2657 1777 2843 1838 utpote
2894 1767 3124 1822 haeresis
3169 1766 3318 1820 illius
3363 1762 3466 1818 du-

1891 1877 2032 1926 cem,
2061 1862 2166 1916 tela
2201 1875 2298 1914 sua
2330 1861 2651 1930 conjecisse.

1963 1950 2020 2005 Si
2055 1949 2376 2006 Theodorus
2405 1951 2636 2020 singulis
2664 1949 2909 2020 quinque
2941 1947 3098 2004 libris
3126 1947 3369 2019 quinque
3402 1947 3465 2001 il-

1891 2041 1972 2095 las
2003 2041 2446 2095 adversariorum
2485 2041 2811 2102 sententias,
2834 2055 2971 2109 quas
2993 2039 3176 2092 attulit
3207 2038 3461 2098 Photius.

1889 2130 2086 2194 diluit,
2120 2131 2196 2184 rei
2232 2139 2555 2199 argumento
2587 2129 2855 2184 adductus
2904 2129 3092 2183 eadem
3133 2127 3333 2198 sapius
3379 2142 3465 2182 re-

1891 2225 2067 2294 petiit.
2111 2221 2336 2276 Snmma
2383 2222 2651 2290 qnzcstio,
2703 2235 2733 2274 a
2779 2235 2886 2289 qua
2937 2221 3145 2290 reliqua
3196 2234 3463 2288 suspensa

1891 2325 2068 2375 erant,
2087 2314 2140 2367 in
2158 2313 2367 2366 Adamo
2386 2310 2730 2378 versabatur,
2748 2327 2906 2381 quem
2927 2312 3205 2366 mortalem
3223 2319 3463 2365 creatum

1893 2405 2031 2458 nihil
2066 2404 2361 2474 importuni
2397 2403 2648 2457 humanm
2681 2412 2887 2457 natura;
2918 2403 3241 2471 importasse
3267 2404 3466 2456 docen-

1892 2494 2026 2548 dum
2066 2504 2204 2549 erat.
2244 2494 2595 2564 Argumentis
2636 2509 2768 2548 usus
2823 2502 2907 2547 est
2953 2493 3187 2546 maxime
3226 2492 3466 2561 exegeti-

1893 2588 2004 2652 cis;
2040 2589 2297 2641 titubavit
2331 2597 2510 2641 tamen
2546 2587 2667 2655 ejus
2696 2587 2730 2639 Ι.
2762 2584 2954 2640 Cenes.
2993 2602 3050 2648 ιι,
3085 2586 3166 2651 17,
3201 2585 3464 2652 interpre-

1895 2680 2032 2733 tatio
2053 2689 2105 2732 et
2131 2695 2249 2733 cant
2277 2681 2604 2733 sententiam
2631 2677 2903 2748 provudit,
2929 2692 3049 2746 qua:
3079 2673 3234 2730 facile
3264 2677 3463 2729 multos

1893 2769 2210 2825 offenderet.
2249 2771 2399 2838 Apta!
2438 2777 2594 2822 erant
2627 2769 2693 2820 ab
2732 2769 2818 2820 illa
2855 2768 3156 2837 qumstione
3191 2766 3466 2820 nonnulla:

1893 2862 2034 2923 alie,
2077 2878 2126 2914 ν.
2162 2875 2212 2912 c.
2263 2861 2329 2914 de
2364 2859 2619 2929 baptismi
2669 2857 2741 2923 vl,
2779 2861 2830 2912 in
2877 2873 3013 2928 quas
3051 2856 3284 2911 fortasse
3329 2872 3465 2909 non-

1893 2953 2020 3006 dum
2065 2951 2200 3006 satis
2231 2961 2482 3006 accurate
2523 2951 2863 3020 inquisierat.
2923 2951 3159 3002 Omnino
3201 2949 3321 3003 lites
3367 2947 3465 3002 Pc-

1891 3041 2122 3109 lagiame
2150 3039 2269 3108 ejus
2301 3039 2605 3093 doctrinam
2641 3038 3063 3108 amplificarunt.
3107 3038 3328 3092 Summa
3364 3053 3464 3091 au-

209 3149 515 3201 ,msahem
543 3164 598 3201 ε,
637 3147 766 3209 517.
821 3125 889 3202 δε
939 3158 1166 3217 peccato
1197 3150 1449 3219 originali
1497 3150 1857 3224 scripsissec
1896 3137 2004 3184 tem
2049 3127 2344 3183 diversitas
2403 3125 2747 3181 Theodorum
2803 3131 2942 3182 inter
2993 3129 3305 3197 peccatique
3359 3129 3467 3180 ori-

209 3238 557 3291 manifrstum
595 3245 682 3292 cst
718 3237 817 3305 (α).
854 3237 1031 3291 Aliter
1057 3253 1186 3292 vero
1215 3237 1526 3293 Tillemont.
1561 3240 1594 3293 1.
1631 3239 1691 3301 1.,
1735 3255 1787 3310 p.

211 3327 329 3389 us,
363 3327 702 3382 Garnerium
742 3329 940 3398 partim
979 3336 1202 3383 secutus
1235 3347 1247 3382 :
1286 3349 1302 3380 ι
1345 3327 1383 3382 ll
1421 3329 1469 3382 le
1511 3327 1790 3398 (ouvrage)

212 3418 265 3470 fit
297 3418 465 3487 aprés
502 3419 580 3472 les
615 3419 726 3471 loix
767 3420 833 3472 de
877 3420 982 3472 l‘an
1019 3421 1121 3474 418
1150 3429 1340 3474 contre
1389 3421 1468 3474 les
1509 3418 1794 3488 Pclagiens

213 3513 547 3580 (rescriptum
582 3511 836 3573 Honorii,
874 3512 1044 3581 pridie
1073 3510 1199 3565 Kal.
1234 3509 1410 3565 Maias
1444 3511 1546 3565 418
1585 3514 1792 3574 datum,

213 3603 406 3672 legitur
447 3604 503 3656 in
528 3605 768 3674 August.
819 3602 956 3672 Opp.
995 3601 1064 3664 Χ,
1115 3617 1264 3673 app.,
1303 3618 1354 3671 p.
1405 3599 1500 3664 70;
1552 3601 1793 3655 Salviani

214 3695 324 3765 Opp
352 3737 365 3758 ,
402 3696 624 3750 Brema:
663 3695 824 3760 1688,
876 3697 928 3758 4,
973 3709 1026 3764 p.
1061 3694 1163 3747 574
1194 3694 1327 3763 sq.),
1371 3692 1630 3762 puisqu‘il
1679 3694 1797 3762 pré-

216 3788 415 3841 tendoit
460 3803 574 3856 que
614 3787 667 3840 la
696 3787 908 3841 crainte
947 3787 1013 3840 de
1048 3786 1096 3838 la
1135 3786 1426 3854 puissauce
1455 3787 1795 3855 empcschoit

215 3878 273 3931 de
320 3881 508 3948 parler
539 3887 742 3932 contre
786 3895 874 3933 ses
916 3876 1298 3944 adversaires;
1339 3885 1391 3931 et
1427 3892 1490 3932 ce
1526 3875 1606 3931 fut
1640 3893 1793 3933 asscz

212 3969 791 4024 misemblablement
817 3968 976 4040 aprés
1003 3968 1108 4022 l‘an
1137 3967 1264 4031 421,
1306 3969 1507 4021 durant
1539 3969 1588 4023 le
1617 3977 1794 4041 tetnps

214 4076 314 4128 que
351 4076 451 4116 son
482 4059 711 4127 diocese
742 4061 947 4132 εδει·νοίι
980 4059 1046 4114 de
1071 4060 1293 4114 retraite
1327 4061 1356 4113 ὲ
1387 4058 1565 4115 Julien
1589 4069 1644 4115 et
1685 4077 1790 4118 aus

214 4164 393 4208 autres
427 4154 704 4221 ércsqucs
747 4151 1051 4221 Pelagiens,
1085 4159 1138 4205 et
1189 4158 1494 4223 peutvestre
1521 4151 1550 4206 it
1597 4149 1794 4224 Pelage

215 4257 437 4300 mesme,
470 4243 568 4312 qui
620 4241 789 4296 estoit
831 4241 1342 4309 particulierement
1391 4245 1574 4302 animé
1605 4254 1796 4301 contre

215 4331 271 4384 8.
319 4331 540 4387 Jérome
575 4339 631 4385 et
660 4333 884 4401 pouvoit
912 4332 1038 4386 bien
1103 4333 1183 4404 s‘y
1213 4345 1360 4389 estre
1401 4335 1586 4400 retire,
1635 4335 1796 4405 aprés

212 4425 366 4479 svoir
390 4423 511 4479 esté
545 4422 745 4479 cbassé
769 4421 837 4478 de
874 4419 1191 4478 Jerusalem.
1241 4422 1364 4490 Que
1390 4426 1436 4480 si
1467 4425 1517 4480 la
1552 4426 1796 4483 maniére

1893 3221 2091 3292 ginalis
2148 3227 2452 3274 assertores
2506 3220 2835 3274 intercessit.
2895 3219 2988 3274 llle
3052 3220 3340 3289 augustius
3398 3219 3464 3273 de

1895 3322 2088 3367 natura
2125 3312 2360 3365 humana
2398 3311 2600 3366 sentire
2632 3321 2844 3374 suetus,
2884 3313 3172 3380 exegcticis
3202 3320 3253 3364 ct
3283 3311 3347 3363 iis
3379 3326 3466 3363 ar-

1894 3407 2169 3477 gumentis
2204 3423 2324 3474 quas
2367 3407 2548 3460 sobria
2591 3406 2731 3459 ratio
2773 3407 3174 3474 suppeditasset
3218 3421 3328 3458 rem
3368 3406 3465 3457 ab-

1896 3498 2093 3564 solvit;
2139 3498 2191 3551 hi
2227 3499 2467 3568 pectoris
2500 3499 2740 3552 motibus
2770 3497 2970 3550 conciti
3007 3505 3059 3551 et
3096 3497 3255 3548 rebus
3289 3495 3466 3551 eccle-

1895 3589 2134 3642 siasticis
2158 3588 2304 3641 ducti
2333 3589 2417 3642 via
2445 3603 2506 3642 ac
2531 3589 2742 3642 ratione
2767 3587 3089 3659 philosopha
3121 3586 3336 3639 decreta
3365 3600 3464 3641 sua

1897 3680 2171 3748 persecuti
2205 3687 2354 3733 sunt.

1967 3787 2177 3851 Restat,
2212 3794 2268 3841 ut
2314 3787 2378 3840 de
2421 3785 2725 3839 rationibus
2764 3784 2940 3840 dicam
2975 3786 3175 3857 quibus
3213 3786 3466 3844 Theodo-

1895 3896 1990 3935 rus
2013 3887 2134 3948 post
2160 3895 2282 3933 cum
2312 3877 2618 3946 Pelagianis
2641 3877 2868 3945 junctus
2894 3889 3032 3932 erat.
3065 3877 3256 3934 Plures
3280 3889 3462 3935 autem

1893 3973 2170 4043 Pelagiani
2202 3971 2354 4026 Italia
2400 3971 2565 4041 pulsi,
2605 3972 2729 4025 aliis
2764 3971 2898 4025 locis
2938 3971 3136 4040 pressi,
3171 3987 3221 4025 a.
3257 3973 3363 4026 422
3395 3971 3464 4026 ad

1893 4062 2240 4118 Theodorum
2268 4100 2282 4128 ,
2315 4077 2476 4130 quem
2513 4060 2618 4114 sibi
2660 4059 2843 4115 favere
2887 4061 3298 4130 cognovissent,
3339 4077 3469 4131 pro-

1895 4155 2018 4214 fecti
2050 4164 2198 4212 sunt.
2227 4154 2527 4215 lulianum,
2559 4169 2646 4223 ep.
2680 4154 3057 4218 Eclanensem,
3097 4173 3114 4205 t
3148 4169 3272 4208 cum
3301 4153 3468 4208 sociis

1894 4259 1947 4304 et
1968 4247 2325 4318 participibus
2344 4255 2396 4300 et
2419 4245 2880 4316 συνταλαιπώροις
2905 4245 3019 4300 suis
3037 4261 3232 4315 magno
3253 4247 3376 4302 uisu
3400 4247 3468 4302 ad

1894 4352 2016 4392 eum
2047 4343 2307 4405 tanquam
2341 4335 2408 4387 ad
2442 4335 2882 4389 Christianorum
2916 4333 3230 4404 tlogmatum
3269 4336 3466 4405 pradi-

1896 4436 2080 4484 catum
2126 4426 2450 4498 magistrum
2483 4427 2781 4481 tetendisse
2810 4427 2884 4495 (b)
2927 4446 2946 4478 ι
2991 4426 3193 4480 Marius
3229 4426 3394 4480 Merc.
3427 4426 3468 4492 l,

211 4514 343 4570 dunt
363 4511 602 4571 Photius
618 4525 875 4585 rapporte
903 4515 1039 4584 qu’il
1082 4530 1114 4584 γ
1149 4516 1345 4584 parloit
1375 4515 1445 4572 de
1477 4516 1537 4571 S.
1571 4515 1794 4573 Jérome
1825 4508 1870 4564 Ι)
1898 4533 1974 4582 c.,
2005 4531 2058 4586 p.
2083 4516 2209 4580 625,
2245 4523 2498 4579 testatur,
2525 4516 2620 4569 sed
2646 4515 2966 4569 thlestium
3000 4516 3163 4569 etiam
3197 4521 3214 4582 (
3247 4530 3296 4567 v.
3328 4531 3381 4568 v.
3415 4529 3466 4567 c.

212 4621 353 4661 nous
379 4608 647 4676 obligeoit
683 4606 752 4662 de
797 4607 978 4662 croire
1025 4606 1158 4676 qu’il
1210 4621 1278 4661 en
1333 4608 1532 4678 parloit
1583 4623 1794 4664 comme

212 4697 339 4754 d'un
372 4698 597 4754 homine
630 4700 837 4765 vivant,
873 4699 909 4754 il
939 4698 1176 4754 faudroit
1201 4708 1397 4756 metue
1429 4707 1519 4757 cet
1553 4716 1796 4772 onvrage

211 4806 274 4844 en
303 4791 413 4847 419
451 4807 525 4844 ou
551 4790 679 4845 ‘20.
715 4809 735 4842 ›
767 4788 970 4847 Verum
996 4791 1263 4848 Theodori
1296 4794 1386 4849 ille
1409 4795 1562 4849 locus
1594 4793 1785 4863 (Marc.

214 4881 380 4937 Merc.
404 4884 441 4936 1.
474 4899 550 4949 c.,
573 4899 629 4954 p.
662 4883 810 4952 705),
853 4885 908 4939 in
941 4900 1070 4955 quo,
1101 4886 1191 4940 ubi
1258 4887 1552 4940 mirabilem
1585 4886 1795 4954 peccati

213 4975 490 5044 originalis
532 4986 853 5029 assertorem
890 4976 1142 5030 absurda!
1163 4976 1635 5046 interpretationis
1663 4975 1788 5031 Scr.

215 5062 269 5116 S.
303 5066 745 5136 dogmatumque
774 5067 1149 5136 perversitatis
1196 5071 1497 5131 accusavit,
1531 5087 1549 5119 t
1594 5076 1794 5138 poten-

215 5155 316 5218 tia,
359 5157 565 5227 inquit,
613 5166 791 5212 metus
841 5159 1052 5212 nullum
1102 5170 1293 5216 contra
1347 5161 1562 5216 sinebat
1610 5161 1787 5228 effari,

279 5358 356 5425 (α)
393 5356 546 5411 Nihil
583 5357 692 5411 huc
737 5360 995 5428 pertinet,
1048 5360 1191 5429 quod
1240 5360 1294 5414 in
1343 5357 1537 5414 Chron.
1601 5359 1788 5417 Edess.

216 5425 436 5499 heresis
469 5425 838 5482 asserentinm
863 5425 1146 5499 peccatum
1173 5439 1382 5483 natura:
1400 5431 1618 5484 insitum
1646 5447 1790 5499 esse,

217 5498 412 5571 dicitur
449 5515 504 5551 a.
541 5499 652 5552 428
697 5498 1013 5554 emersisse.
1061 5499 1145 5554 Cf.
1190 5501 1482 5571 Assem._l.
1536 5501 1596 5560 Ι..
1645 5498 1685 5561 l,
1739 5516 1791 5571 p.

217 5567 334 5639 402.
371 5567 484 5622 lloc
515 5584 580 5622 eo
625 5571 790 5622 credo
827 5573 1050 5631 nititur,
1081 5570 1223 5638 quod
1268 5571 1360 5622 illo
1403 5569 1514 5623 fere
1551 5567 1796 5639 tempore

219 5637 525 5697 leestius.
553 5639 808 5710 Julianus
842 5643 1050 5708 aliique
1078 5637 1352 5710 Pelagiani
1389 5655 1446 5694 se
1482 5637 1795 5695 Constanti-

220 5711 430 5776 aopolin
465 5711 533 5762 ad
562 5709 874 5766 Nestorium
905 5711 1212 5763 contulere.

284 5781 353 5846 (bl
385 5778 664 5833 lulianum
703 5781 1076 5850 llupsnestize.
1121 5780 1209 5832 ubi
1246 5788 1374 5850 9cm
1408 5780 1572 5834 libros
1605 5788 1793 5832 contra

222 5847 572 5919 Augustinum
617 5847 866 5924 scripsit,
910 5866 1090 5922 usque
1130 5851 1194 5904 ad
1239 5848 1506 5905 Theodori
1564 5859 1794 5903 mortem

1901 4607 2237 4663 Schroeckh.
2289 4607 2327 4661 Ι.
2378 4605 2422 4668 1,
2459 4605 2574 4670 XV,
2615 4621 2666 4675 p.
2702 4606 2792 4666 92.
2844 4603 3469 4675 Baumgarten-Crusius

1882 4701 1936 4756 .l.
1975 4701 2068 4768 l.')
2101 4708 2155 4753 et
2195 4697 2470 4768 Pelagium
2514 4697 2589 4762 (ν.
2632 4695 2842 4751 Tillem.
2876 4695 2914 4752 Ι,
2951 4711 3000 4750 c.
3032 4698 3048 4762 )
3079 4693 3467 4766 Mopsuestiam

1898 4809 1958 4850 se
2007 4791 2310 4847 contulisse
2356 4791 2498 4844 haud
2544 4789 2780 4845 absurde
2815 4788 3100 4858 conjicias.
3150 4790 3288 4843 'l'um
3338 4804 3470 4844 vero

1899 4887 2133 4957 primum
2174 4883 2498 4954 Pelagianos
2547 4882 2798 4938 Nestorio
2844 4883 3148 4937 innotuisse
3192 4891 3356 4951 atque
3388 4883 3471 4935 in—

1902 4977 2138 5031 faustum
2189 4991 2312 5029 cum
2348 4990 2412 5029 eo
2446 4975 2836 5029 commercium
2889 4974 3080 5028 iniisse
3129 4974 3314 5027 credo.
3363 4972 3469 5026 Sed

1897 5066 2217 5123 Theodorus
2255 5083 2426 5136 usque
2455 5065 2518 5120 ad
2557 5075 2784 5120 mortem
2817 5081 2942 5119 cum
2982 5067 3048 5119 iis
3075 5065 3201 5118 fecit
3235 5064 3328 5132 (c),
3371 5079 3468 5117 ne-

1899 5174 2005 5227 que
2039 5173 2301 5228 unquam,
2337 5157 2478 5225 quod
2526 5157 2630 5211 sibi
2671 5155 3050 5209 Tillemontius
3097 5153 3130 5206 l.
3169 5152 3210 5218 Ι,
3253 5169 3304 5223 p.
3342 5153 3468 5220 440,

1894 5369 2165 5413 versatum
2210 5373 2332 5413 esse
2372 5359 2512 5412 male
2545 5358 2800 5426 opinatus
2849 5364 2929 5410 est
2965 5356 3214 5412 Norisitts
3256 5357 3292 5412 l.
3328 5359 3390 5424 l.,
3425 5359 3467 5425 l,

1893 5447 1946 5500 p.
1976 5432 2095 5500 219.
2136 5429 2221 5483 Cf.
2252 5428 2381 5480 Mar.
2425 5429 2588 5500 Merc.
2624 5429 2771 5500 μς)..-
2806 5443 2855 5496 p.
2886 5427 3012 5500 625.

1966 5497 2039 5570 (c)
2070 5499 2468 5570 ln_ttnivcrsttm
2503 5496 2702 5563 Pelagii
2743 5497 3045 5550 doctrinam
3070 5496 3219 5570 haud
3263 5499 3468 5566 impro-

1894 5567 2062 5624 bavit.
2127 5567 2526 5635 Pelagianorum
2576 5575 2728 5635 pater
2777 5583 2930 5636 atque
2979 5568 3116 5620 male
3155 5568 3356 5620 dicitur
3409 5582 3470 5620 ac

1895 5639 2094 5708 Pelagii
2131 5639 2394 5708 asseclam
2430 5651 2552 5708 eum
2579 5639 2857 5708 appelles.
2893 5636 3127 5691 Omnino
3157 5636 3463 5692 Nestorimi

1896 5707 2220 5761 cunisccttti
2268 5714 2394 5757 sunt
2433 5707 2786 5776 pluribusque
2825 5708 3156 5763 Assemanus
3195 5709 3228 5759 l.
3267 5724 3311 5759 c.
3345 5718 3471 5774 pro-

1906 5779 2082 5836 Ιντῑνὶι,
2123 5775 2408 5845 tilialtlzetts
2458 5774 2811 5832 Nt-stot‘ianos
2861 5779 2925 5831 dt:
2973 5777 3201 5845 originis
3249 5782 3472 5844 poculo

1909 5864 2078 5906 usque
2118 5840 2289 5898 adhuc
2333 5846 2466 5898 male
2505 5847 2727 5902 sentire.
