3920 6130
388 333 450 387 ἠ

1258 321 1562 381 οττοΝιε
1594 321 1778 380 FBID.
1820 314 2210 374 FRlTZSCHE
2238 311 2737 371 COMMEN'I'ATIO

3562 312 3630 366 ⁸72

387 444 658 521 persuasit
689 441 764 514 (α)
787 483 803 506 .
836 439 1110 497 lulianum
1144 437 1643 495 anathematizavit.
1673 436 1874 491 Nititur
1900 451 1953 490 v.
1981 434 2031 495 Α
2057 447 2182 486 eum
2235 438 2424 484 narrat
2462 447 2479 481 t
2532 427 2703 484 libros
2745 440 3080 497 componere
3108 425 3378 483 adversus
3414 424 3626 480 Domini

387 538 444 594 d.
476 537 577 588 hoc
613 532 766 589 Marii
797 531 959 590 Mere.
994 532 1054 593 l.,
1084 547 1136 601 p.
1172 529 1299 594 69.33,
1335 548 1353 582 ι
1390 531 1663 600 Agnoscat
1692 556 1762 566 --
1788 525 1959 580 Julia-

389 643 494 686 nus
538 641 604 681 ex
656 628 756 680 hac
804 625 1162 678 translatione
1197 621 1466 691 (symboli
1503 619 1878 686 Theodorei),
1909 616 1961 670 si

387 715 568 787 legere
593 731 700 770 non
724 713 1034 775 fastidierit,
1063 723 1316 765 manente
1341 711 1482 781 apud
1513 740 1584 752 -—
1611 706 1959 764 Theodorum

390 808 482 866 illa
514 823 617 870 qua
650 823 773 862 eum
817 806 1058 861 diximus
1093 806 1235 866 mala
1279 802 1383 858 ﬁde
1421 816 1606 858 secum
1649 799 1960 856 Nestorium

391 899 690 968 decepisse,
720 897 884 952 etiam
912 896 1011 952 sibi
1047 897 1216 964 magis
1242 909 1452 967 suoque
1477 891 1717 962 dogmati
1746 917 1816 930 -~
1841 904 1965 948 esse

393 991 754 1051 contrarium,
789 1004 956 1058 seque
984 989 1145 1042 etiam
1178 998 1302 1057 post
1331 988 1394 1042 de
1424 985 1614 1040 Cilicia
1643 985 1964 1039 abscessum

396 1083 465 1139 ab
493 1098 558 1136 eo
591 1082 648 1137 in
673 1083 1054 1151 episcoporum
1080 1077 1372 1149 provincia:
1400 1092 1512 1133 sure
1533 1084 1805 1133 conventu
1837 1089 1968 1128 ana—

396 1174 632 1228 themate
677 1187 801 1226 esse
842 1172 1182 1224 damnatum.
1239 1187 1256 1220 ι
1313 1168 1380 1222 At
1427 1181 1558 1222 vero
1605 1165 1856 1220 Julianus
1901 1179 1969 1220 ex

393 1247 630 1336 symboli
669 1263 1026 1322 translatione
1056 1271 1352 1330 agnoscere
1382 1259 1632 1328 jubetur,
1661 1257 1765 1313 sibi
1793 1255 1970 1310 Theo-

399 1355 593 1412 dorum
625 1355 960 1408 contrarium
990 1367 1112 1406 esse
1142 1366 1310 1419 seque
1340 1358 1462 1419 post
1495 1351 1703 1404 abitum
1733 1349 1800 1404 de
1836 1348 1972 1403 (lili-

401 1448 484 1502 eia
509 1447 578 1499 ab
605 1459 668 1499 eo
704 1445 755 1498 in
788 1445 1168 1513 episcoporum
1205 1442 1498 1511 provinciae
1529 1447 1800 1495 conventu
1843 1455 1975 1494 ana—

401 1537 639 1591 themate
673 1549 796 1588 esse
830 1532 1167 1588 damnatum.
1207 1530 1346 1585 Hinc
1382 1532 1473 1584 illa
1513 1531 1696 1600 opinio
1734 1539 1846 1583 tum
1883 1529 1976 1584 de-

399 1643 547 1682 mum
578 1635 724 1679 stare
757 1630 970 1694 posset,
1008 1623 1055 1678 si
1086 1622 1337 1676 Julianus
1373 1622 1428 1676 in
1465 1622 1714 1695 symbolo
1758 1623 1976 1680 nomine

400 1715 689 1772 damnatus
725 1721 890 1768 esset.
927 1710 1041 1766 lmo
1089 1711 1293 1767 Marius
1338 1711 1502 1766 Mere.
1538 1713 1640 1767 hoc
1675 1713 1777 1768 sibi
1812 1713 1927 1767 vult
1958 1729 1972 1766 :

402 1808 590 1864 Cilicia
648 1808 718 1861 ab
763 1805 983 1862 Juliano
1028 1805 1219 1858 relicta
1258 1806 1638 1876 episcoporum
1682 1807 1973 1876 provinciae

401 1908 520 1956 erat
547 1905 868 1962 conventus,
902 1897 958 1950 in
990 1913 1101 1966 quo
1131 1895 1452 1950 Theodorus
1481 1898 1787 1968 symbolum
1815 1912 1973 1954 suum

404 1990 556 2061 legit,
597 2005 706 2058 quo
754 1989 859 2042 alia
910 2003 1188 2056 perverse,
1209 1988 1307 2042 sed
1342 1987 1410 2042 de
1459 1989 1666 2043 Adamo
1713 1989 1977 2045 catholice

407 2079 616 2136 docuit.
649 2078 754 2133 Eos
782 2079 873 2148 qui
905 2079 1063 2131 aliter
1093 2078 1360 2132 sentirent
1389 2081 1733 2135 anathemate
1757 2080 1977 2136 damna-

407 2171 668 2238 vitatque
693 2169 766 2223 ita
791 2170 956 2224 etiam
991 2167 1290 2222 Iulianum.
1323 2165 1474 2224 Hanc
1501 2170 1607 2224 loci
1635 2171 1782 2227 illius
1806 2173 1975 2228 inter-

409 2262 776 2333 pretationem
835 2275 1020 2314 veram
1071 2275 1193 2316 esse
1246 2277 1368 2315 cum
1423 2262 1599 2332 ipsum
1649 2265 2014 2334 symbolum,.

409 2350 556 2421 quod
589 2351 746 2419 plura
781 2349 846 2404 de
887 2349 1094 2405 Adamo
1136 2351 1380 2404 eontinet
1419 2365 1540 2418 quae
1575 2349 1777 2408 Marius
1807 2351 1974 2408 Merc.

411 2439 466 2495 in
513 2455 666 2495 suam
705 2440 1030 2496 sententiam
1082 2439 1429 2507 interpretari
1481 2448 1724 2508 poterat,
1757 2449 1870 2498 tum
1912 2457 1976 2498 ea

410 2537 733 2600 argumento
783 2536 931 2590 sunt,
983 2543 1104 2601 quae
1151 2527 1354 2581 Marius
1400 2527 1567 2582 Merc.
1619 2531 1685 2584 de
1730 2530 1976 2600 symbolo

411 2619 730 2688 diSputavit.
761 2615 1077 2670 Perversam
1122 2616 1242 2686 ejus
1276 2618 1342 2671 de
1373 2617 1748 2673 incarnatione
1775 2619 1980 2674 doctri-

413 2726 538 2766 nam
579 2709 880 2771 damnavit,
927 2708 996 2761 de
1043 2715 1268 2778 peccato
1320 2709 1551 2779 originis
1586 2711 1719 2764 nihil
1755 2711 1977 2779 adjecit.

413 2799 565 2854 Adde
604 2799 746 2869 quod
782 2798 940 2852 aliter
980 2798 1024 2852 si
1058 2799 1255 2853 statuis
1290 2797 1697 2856 dillicultatibus
1733 2801 1978 2871 implica-

414 2891 512 2954 ris,
536 2908 603 2946 ex
633 2893 833 2964 quibus
861 2900 912 2946 te
930 2906 1073 2961 aegre
1103 2891 1383 2962 expedias.
1415 2890 1571 2945 Illum
1604 2908 1732 2947 vero
1766 2894 1982 2963 episco-

416 2997 608 3052 porum
654 2991 980 3037 conventum
1024 2990 1240 3052 pr0pter
1291 2983 1413 3037 lites
1447 2981 1764 3052 Pelagianas
1799 2995 1979 3040 actum

2063 522 2154 578 Dei
2196 523 2612 592 apparitionem.
2643 538 2682 582 ,ι
2735 518 2919 587 Neque
2966 531 3096 572 vero
3131 517 3200 571 de
3249 517 3634 572 incarnatione

2069 616 2246 670 solum
2282 613 2390 668 illis
2417 613 2572 668 libris
2607 612 2918 682 expositum
2944 609 3117 664 fuisse
3143 609 3419 667 existi-mo.
3453 612 3550 665 sed
3578 611 3634 664 in

2063 705 2382 762 universum
2421 705 2488 758 de
2525 703 2744 758 arcanis
2799 701 3150 756 Christianis.
3199 701 3639 756 tui-sementim

2063 810 2129 850 eo
2175 794 2424 848 nonnihil
2459 791 2952 848 commendationis
3006 780 3295 859 adjicitur,
3345 789 3492 859 quod
3549 787 3637 844 Si-

2065 901 2224 940 meon
2258 884 2436 954 presb.
2467 893 2520 937 et
2551 882 2801 938 monacb.
2835 880 3050 942 Nestor.
3081 895 3206 934 saec.
3241 895 3340 933 mi
3372 879 3638 934 nonnulla

2067 977 2134 1034 de
2169 993 2326 1032 saera
2357 992 2514 1034 creua
2545 984 2600 1032 et
2654 975 2984 1044 baptismate
3045 971 3214 1030 refert
3262 971 3372 1041 (cf.
3415 972 3635 1027 Assem.

2067 1069 2212 1126 Bibl.
2247 1068 2342 1138 φτ,
2367 1068 2456 1132 ω,
2485 1083 2524 1133 ι,
2551 1084 2605 1137 p.
2638 1066 2742 1122 565
2759 1067 2802 1135 ),
2829 1080 2948 1135 qua:
2973 1063 3294 1120 Theodorus
3326 1063 3378 1116 in
3399 1061 3542 1116 libro
3559 1060 3642 1116 De

2067 1163 2378 1234 profundis,
2404 1162 2496 1230 qui
2536 1159 2720 1218 nullus
2752 1158 2860 1214 nisi
2907 1157 2976 1213 de
3003 1171 3114 1225 quo
3147 1169 3332 1210 sermo
3370 1161 3474 1214 est,
3516 1167 3643 1206 esse

2057 1262 2270 1324 (potest,
2303 1253 2562 1313 docuisse
2583 1251 2920 1322 perhibetur.
2962 1247 3147 1318 Nugas
3175 1245 3392 1316 quidem
3429 1243 3582 1298 all‘ert
3609 1257 3641 1295 a

2073 1347 2359 1404 Theodoro
2408 1346 2498 1399 vix
2553 1345 2827 1414 profectas
2901 1359 2914 1396 :
2978 1341 3135 1409 panis
3192 1336 3544 1394 eucharistiei
3608 1347 3643 1388 α

2073 1437 2293 1492 Christo
2325 1439 2382 1491 in
2412 1451 2570 1491 cinna
2601 1433 2908 1492 consecrati
2939 1431 3226 1502 particulis
3251 1429 3481 1500 singulis
3511 1441 3646 1494 apo-

2073 1530 2230 1587 stolis
2259 1529 2592 1592 distributis,
2630 1526 2806 1582 solum
2833 1522 3098 1579 Joannem
3127 1536 3282 1578 suam
3317 1519 3642 1589 particulam

2082 1635 2258 1690 usque
2283 1620 2351 1673 ad
2376 1618 2737 1674 Pentecosten
2762 1630 3138 1677 conservasse,
3165 1629 3231 1668 ex
3254 1627 3360 1682 qua
3385 1619 3645 1680 tanquam

2067 1731 2140 1772 ex
2173 1713 2442 1768 fermento
2465 1709 2700 1780 apostoli
2730 1723 2926 1779 panem
2966 1706 3352 1765 confecissent,
3388 1719 3495 1772 quo
3529 1702 3648 1774 pri-

2081 1822 2224 1862 mam
2277 1803 2552 1873 liturgium
2585 1803 2642 1856 in
2688 1801 2973 1858 cenaculo
3016 1799 3376 1854 celebrarent.
3423 1798 3498 1850 lta
3536 1797 3648 1850 fer-

2082 1906 2324 1954 mentum
2365 1911 2585 1952 sacrum
2621 1909 2688 1950 ex
2716 1906 2827 1948 uno
2853 1895 2912 1946 in
2943 1894 3173 1948 alterum
3209 1906 3404 1960 panem
3444 1888 3646 1942 eueha-

2079 1988 2330 2044 risticum
2362 2001 2460 2055 per
2496 1983 2716 2038 Adaeum
2744 1993 2798 2038 et
2842 1982 3032 2036 Harim
3073 1983 3444 2050 apostolorum
3479 1980 3650 2034 disci-

2081 2080 2240 2149 pulos
2263 2077 2332 2132 ad
2355 2077 2525 2147 Syros
2543 2075 2851 2130 Orientales
2873 2075 3206 2136 traductum,
3233 2071 3379 2142 quod
3405 2073 3651 2126 sanctis-

2079 2169 2222 2224 sime
2235 2176 2570 2222 asserretur.
2598 2165 2765 2221 Porro
2783 2179 3002 2234 aquam,
3025 2179 3148 2232 qua:
3166 2179 3233 2217 ex
3255 2163 3422 2216 latere
3443 2161 3653 2214 Christi

2081 2261 2382 2318 eﬂluxisset
2409 2261 2479 2313 ab
2501 2259 2713 2314 Joanne
2737 2260 2792 2314 in
2823 2275 2985 2315 urceo
3007 2259 3290 2311 collectam
3323 2256 3651 2310 fermentum

2083 2353 2316 2407 alterum
2348 2365 2505 2420 aqua:
2537 2351 2882 2420 baptismalis
2903 2351 3078 2404 fuisse
3098 2358 3153 2404 et
3184 2350 3251 2402 ab
3271 2347 3460 2402 eodem
3487 2347 3656 2400 Allato

2085 2443 2241 2516 Syris
2285 2444 2661 2500 Orientalibus
2703 2444 2958 2498 traditam
2995 2461 3008 2496 :
3051 2442 3147 2498 sed
3200 2440 3316 2496 sive
3349 2441 3488 2494 liber
3529 2453 3659 2492 cor-

2081 2542 2280 2604 ruptus
2305 2541 2413 2598 est,
2439 2535 2578 2596 sive,
2609 2532 2749 2588 idem
2783 2533 2927 2587 enim
2961 2531 3093 2585 illud
3123 2532 3240 2601 ipse
3269 2527 3510 2584 Joannes
3539 2535 3657 2580 tra-

2074 2627 2215 2682 dere
2245 2627 2470 2690 dicitur,
2503 2626 2646 2679 male
2673 2625 3006 2687 intellectus,
3033 2625 3087 2678 in
3110 2639 3176 2678 eo
3198 2624 3264 2677 de
3295 2620 3659 2678 sacramentis

2077 2718 2248 2774 etiam
2277 2733 2459 2772 sermo
2490 2717 2609 2770 fuit.
2653 2716 2922 2771 Caeterum
2979 2714 3282 2769 Nestoriani
3322 2713 3663 2784 posteriores

2076 2809 2141 2864 in
2168 2809 2370 2863 multas
2399 2823 2570 2878 nugas
2595 2807 2803 2878 delapsi
2835 2814 2988 2864 sunt.
3017 2806 3105 2861 Cf.
3133 2822 3186 2860 v.
3219 2821 3269 2861 e.
3317 2805 3494 2869 'l‘hiio,
3536 2801 3660 2858 eod.

2085 2899 2156 2954 Ν.
2193 2899 2253 2954 T.
2285 2915 2488 2969 apocr.,
2515 2901 2559 2964 Ι,
2588 2913 2639 2968 p.
2676 2913 2825 2952 χχχιι
2862 2914 2984 2968 sqq.

2672 2989 2739 3046 K.
2781 2989 3058 3060 Epistohr.

417 3087 539 3126 esse
562 3071 1064 3174 mill‘19.P';0balf:”e-
1096 3071 1365 3174 θωιεξιηξὲ
1389 3088 1451 3126 6³
1477 3071 1647 3174 Matio
1673 3073 1839 3129 Μιπε-
1867 3091 1976 3130 non
2010 3111 2055 3174 ς
2159 3081 2398 3152 Denique
2427 3082 2686 3152 epistolas
2715 3082 2802 3137 hic
2841 3096 3211 3138 commemoro
3231 3121 3244 3142 ,
3281 3079 3540 3150 quoniam
3585 3093 3654 3132 ex

419 3171 568 3214 certo
600 3159 926 3213 concludere
955 3161 1098 3221 licet,
1133 3161 1438 3231 symbolum
1469 3161 1598 3216 illud
1630 3171 1752 3232 post
1780 3163 1982 3219 Juliani
2013 3159 2055 3174 ’⁸
2085 3187 2237 3245 pane
2265 3185 2410 3230 ρει-ιθ
2449 3176 2755 3243 argumenti
2785 3173 3078 3245 dogmalici
3121 3172 3361 3228 fuerunt,
3398 3171 3662 3225 Pharium

420 3249 635 3303 demum
672 3251 737 3303 de
771 3249 960 3304 Cilicia
993 3251 1196 3304 abitum
1229 3253 1510 3308 conditum
1541 3269 1683 3309 esse.
1717 3254 1851 3309 Tum
1878 3273 1983 3310 non

419 3334 647 3403 factum,
680 3341 772 3395 sed
805 3341 1002 3395 lectum
1039 3351 1143 3415 est.

947 3432 986 3487 l.
1034 3432 1177 3485 Libri
1225 3435 1454 3504 mystici.

489 3522 684 3579 Libros
729 3524 1026 3595 mysticos.
1064 3525 1137 3578 cf.
1181 3523 1415 3596 llesych.
1462 3527 1497 3582 1.
1542 3543 1616 3591 c.,
1650 3545 1702 3599 p.
1753 3531 1874 3593 104,
1919 3561 1990 3572 --

421 3614 669 3682 mysticae
721 3629 981 3667 sermones
1031 3644 1118 3675 —,
1161 3631 1298 3684 quos
1342 3615 1470 3669 Fac.
1523 3633 1604 3677 tu,
1654 3619 1707 3684 2,
1759 3621 1989 3676 codicem

425 3705 705 3772 mysticum
739 3703 893 3768 dixit,
937 3703 1203 3760 Ebediesn
1241 3707 1277 3760 l.
1321 3721 1396 3771 c.,
1447 3723 1500 3778 p.
1536 3710 1627 3772 55,
1683 3721 1878 3764 tomum
1927 3711 1990 3764 de

425 3795 640 3848 arcanis
689 3796 908 3858 (minus
955 3806 1101 3852 recte
1167 3798 1451 3852 Asseman.
1520 3799 1591 3854 De
1641 3804 1989 3856 sacrmnentis

423 3889 587 3939 vertit
612 3884 653 3952 ),
682 3882 1001 3941 Theodorus
1024 3903 1179 3941 senex
1200 3889 1422 3958 scripsit
1446 3889 1536 3961 (cf.
1575 3892 1806 3962 llesyeh.
1834 3894 1869 3946 ι.
1891 3895 1988 3958 αἱ.

428 3975 824 4030 Brevissimnm
870 3980 1012 4033 tertii
1051 3980 1246 4034 decimi
1292 3981 1418 4034 libri
1455 3981 1838 4052 fragmentum,
1885 4002 1992 4054 quo

424 4067 626 4124 Paulus
674 4067 1097 4131 Samosatenus,
1129 4072 1222 4140 qui
1252 4071 1530 4127 Christum
1574 4089 1768 4142 purum
1817 4076 1994 4134 homi-

425 4171 548 4212 nem
579 4161 876 4224 habuisset,
910 4163 1133 4230 angelus
1165 4162 1364 4216 diaboli
1397 4162 1618 4226 dicitur,
1647 4165 1828 4218 attulit
1863 4164 1992 4219 Fac.

417 4248 464 4303 'l.
497 4249 554 4315 l.,
580 4257 635 4303 et
661 4249 962 4321 Hesychius
993 4251 1059 4305 ad
1087 4253 1208 4307 illos
1241 4255 1542 4324 rCSpiciens
1577 4259 1996 4332 praesumpsisse

491 4401 573 4486 ,(ιι)
612 4422 632 4456 ι
666 4432 734 4452 —-.
765 4403 940 4486 Apr-es
960 4406 1090 4477 qu'il
1119 4407 1138 4476 ί
1151 4407 1364 4486 _Julien)
1399 4411 1476 4465 fut
1502 4413 1640 4479 parti
1669 4413 1735 4468 de
1755 4429 1816 4469 ce
1838 4427 1990 4484 pays.

425 4469 513 4526 les
537 4469 893 4545 C-vesqucs'de
927 4469 990 4534 la'
1015 4469 1274 4548 province
1302 4469 1466 4553 aiant
1506 4469 1636 4540 ienu
1673 4500 1746 4540 un
1779 4469 1988 4544 co'ncile

2086 3264 2358 3321 Theodori
2379 3265 2638 3334 epistolas
2671 3264 2865 3333 legisse
2894 3279 2958 3316 ex
2986 3262 3109 3317 cod.
3145 3263 3244 3314 i77
3279 3260 3660 3332 cognoscitur.

2087 3355 2354 3411 Ebediesu
2391 3358 2428 3412 l.
2459 3370 2532 3417 c.,
2564 3371 2616 3425 p.
2648 3355 2736 3417 55,
2769 3383 2838 3394 —-
2873 3354 3066 3407 librum
3103 3351 3159 3406 Μ
3166 3353 3560 3422 argaritarum,
3603 3351 3666 3404 in

2087 3463 2187 3516 qua
2235 3447 2346 3514 ejus
2383 3446 2619 3514 epistola:
2649 3445 2882 3498 collecta:
2923 3453 3071 3512 sunt.
3124 3442 3302 3498 Unum
3351 3442 3544 3512 fragm.
3592 3456 3667 3496 ex

2084 3535 2320 3603 epistola
2368 3534 2435 3593 ad
2487 3536 2774 3588 Artemium
2815 3534 3109 3587 Alemandr.
3149 3535 3338 3603 presb.
3395 3531 3668 3600 secunda,

2090 3627 2234 3696 quod
2267 3627 2334 3681 de
2374 3626 2641 3686 Trinitate
2675 3628 2805 3696 agit,
2851 3625 3099 3680 exhibuit
3143 3623 3272 3679 Fac.
3324 3640 3406 3688 lit,
3439 3622 3518 3692 ,ὃς
3557 3625 3671 3676 tria

2091 3719 2334 3786 epistola:
2384 3719 2452 3770 ad
2510 3717 2790 3782 Damnum,
2845 3719 2900 3778 in
2958 3718 3158 3786 quibus
3217 3717 3285 3772 de
3337 3699 3669 3770 naturarum

2091 3803 2291 3860 Christi
2321 3806 2510 3858 ὲνώσει
2541 3806 2679 3866 κατὰ
2712 3805 2957 3858 εὐδοκίαν
2991 3805 3306 3865 disseritur,
3337 3819 3401 3857 ex
3435 3806 3674 3855 Anasta-

2093 3899 2157 3952 sii
2183 3897 2363 3966 presb.
2397 3899 2580 3967 ecloge
2606 3899 2851 3968 χρήσεων
2882 3895 3224 3966 δογματικῶν
3257 3894 3436 3948 attulit
3463 3890 3670 3956 Jacob,

2095 3986 2372 4040 Sirmond.
2404 3986 2471 4040 ad
2497 3986 2622 4044 Fac.
2653 4003 2726 4052 ix,
2760 3988 2812 4042 5.
2839 3986 3187 4042 Theodorum
3217 3995 3396 4040 autem
3420 3984 3486 4041 de
3513 3982 3671 4038 Can-

2095 4081 2202 4129 tico
2237 4078 2575 4136 canticorum
2616 4092 2733 4129 mea
2765 4079 3035 4133 sententia
3073 4077 3127 4131 in
3161 4076 3389 4146 cpistola
3421 4071 3668 4142 quadam

2089 4167 2343 4246 [pluribus
2375 4170 2700 4238 exposuisse
2737 4168 2848 4238 jam
2880 4184 3045 4246 supra
3076 4184 3128 4239 p.
3166 4168 3252 4232 (ii,
3285 4167 3354 4220 62
3383 4164 3522 4237 (col.
3553 4163 3671 4231 47)

2095 4260 2228 4314 dixi.

2025 4450 2072 4508 Β
2097 4422 2287 4508 contre
2323 4416 2405 4508 les
2448 4414 3072 4508 Pelagi'eiis,l'l‘lieodr:re
3103 4417 3182 4488 s’y
3211 4423 3403 4470 trouva
3423 4427 3561 4508 lavoc
3584 4412 3672 4470 les

2101 4497 2285 4543 autres
2302 4497 2362 4543 et
2383 4501 2416 4559 y
2441 4483 2717 4559 prononea
2745 4488 2843 4543 des
2865 4483 3179 4543 anathémes
3201 4493 3389 4542 centre
3415 4483 3618 4539 Julien.
3645 4501 3667 4535 ι

434 4695 3650 4729 9W

1857 4856 2113 4918 CAPUT
2161 4858 2238 4917 ν.

1295 5016 1376 5056 Ι)ιὶ
1404 5016 1729 5064 THEODOBI
1771 5022 2045 5064 SCIUPT-IS
2077 5022 2446 5068 ABGUMENTI
2479 5021 2794 5068 PRACTICI.

504 5317 582 5373 Ad
620 5317 892 5377 Theodori
923 5325 1128 5397 scripta
1147 5368 1162 5394 ,
1192 5345 1318 5399 quae
1349 5333 1588 5401 praetica
1618 5337 1874 5405 appellari
1925 5338 1993 5390 Ii-

431 5419 535 5472 cet,
561 5410 670 5466 duo
702 5412 883 5483 hymni
911 5415 1180 5473 referendi
1211 5433 1414 5490 essent,
1449 5427 1493 5480 si
1528 5435 1674 5482 recte
1707 5429 1752 5481 ei
1793 5429 1998 5485 tribue-

431 5507 640 5554 rentur.
673 5499 776 5555 Sed
803 5517 990 5558 eorum
1023 5508 1155 5562 alter
1175 5511 1438 5582 Ephraemi
1461 5525 1546 5570 cst
1580 5515 1672 5580 (cf.
1705 5517 1918 5574 Assem.
1956 5518 1994 5570 l.

432 5587 491 5652 l.,
523 5590 561 5652 Ι,
612 5606 663 5661 p.
703 5590 792 5663 60)
838 5603 890 5648 et
937 5603 996 5651 ut
1040 5598 1303 5670 hymnus,
1340 5606 1466 5674 qui,
1503 5607 1716 5663 Assem.
1766 5610 1802 5662 l.
1840 5610 1899 5671 l.,
1932 5607 1995 5673 ll,

432 5695 485 5750 p.
530 5682 678 5742 48$.
715 5696 886 5749 teste.
930 5690 984 5743 in
1029 5693 1150 5747 cod.
1198 5696 1432 5762 quodam
1472 5697 1591 5770 Syr.
1637 5700 1770 5754 bibl.
1817 5699 1996 5755 Vatir.

433 5774 609 5838 inest.
664 5779 836 5854 magis
889 5778 1241 5842 Theodoreus
1297 5788 1369 5844 sit
1422 5804 1522 5862 ego
1581 5791 1796 5862 quidem
1846 5793 2000 5850 ralde

2095 5349 2304 5391 vereor.
2357 5335 2415 5388 In
2468 5332 2759 5390 Theodoro
2815 5350 2974 5391 nemo
3011 5335 3165 5392 facile
3217 5336 3490 5409 ingenium
3539 5351 3686 5408 pne-

2098 5431 2264 5488 ticum
2299 5435 2576 5500 agnoscat.
2613 5427 2839 5486 Rectius
2873 5446 3001 5488 vero
3033 5431 3146 5488 haec
3176 5433 3377 5502 scripta
3409 5433 3460 5488 ei
3492 5432 3684 5488 vindi-

2099 5518 2272 5573 canda
2309 5535 2323 5572 :

2134 5668 2198 5721 Α.
2236 5665 2426 5721 Tantus
2466 5668 2529 5723 de
2566 5671 2881 5725 sacerdotio.
2928 5672 3011 5726 Cf.
3047 5673 3236 5728 Ebedi.
3271 5675 3308 5730 l.
3347 5713 3409 5736 ..,
3451 5689 3504 5745 p.
3538 5674 3636 5732 83.

2144 5795 2202 5854 Β.
2246 5797 2436 5856 T.-n.'ns
2458 5806 2528 5858 ad
2566 5803 2865 5860 monachos.
2912 5806 2996 5861 Cf.
3037 5806 3224 5862 Ebcdi.
3255 5808 3294 5862 -l.
3342 5807 3402 5872 l.,
3435 5822 3489 5878 ι).
3542 5807 3641 5870 δικ
