3920 6130
249 276 303 332 Π
1051 272 1141 329 EX
1171 272 1418 330 LEOle
1449 272 1724 329 ALLA'I‘II
1758 271 2085 329 DlATRlBA
2113 272 2202 328 DE
2235 260 2653 327 THEODORIS.
3420 263 3489 326 73

257 394 335 458 sit,
356 390 625 461 integram
655 402 768 444 non
802 404 934 447 esse
964 391 1066 463 (α),
1102 406 1411 463 quanquam
1440 407 1565 462 qua:
1594 393 1811 462 dempta
1836 399 1886 455 Α
1911 391 2158 463 antiqua,
2203 391 2297 446 sed
2331 388 2587 445 Nestorio
2636 400 2920 458 perperam
2972 382 3255 442 tribuitur.
3302 385 3493 453 Qunam

255 499 413 559 quare
460 481 656 536 addita
685 483 797 537 sint
826 483 1126 539 incertum.
1174 482 1245 537 Ut
1293 498 1422 540 vero
1450 484 1581 553 quid
1614 482 1680 537 de
1711 497 1813 536 au-

255 575 436 630 thentia
462 572 826 628 statuendum
857 573 1221 641 explicemus.
1260 575 1424 643 paulo
1457 573 1624 627 altius
1661 588 1814 643 repe-

254 664 469 720 tendum.
534 662 1008 717 Nestorianorum
1065 671 1298 734 quatuor
1354 671 1481 718 sunt
1534 664 1810 730 liturgite,

251 771 461 825 quarum
497 754 683 823 prima
730 751 837 808 SS.
903 756 1281 823 apostolorum
1316 754 1489 821 (Adtei
1521 762 1580 809 et
1624 753 1812 823 Maris)

250 847 430 920 dicitur
453 844 533 915 (τ.
569 843 823 899 Renaud.
856 845 895 898 1.
921 846 960 900 1.
995 843 1122 914 Il,p.
1154 843 1812 911 584‘597).Usitatissima

251 945 337 998 est,
366 936 599 1003 antiqua
644 936 809 988 etiam
838 974 852 997 ,
889 936 983 988 sed
1018 946 1321 1004 temporum
1377 934 1613 989 decursu
1659 934 1815 990 valde

251 1038 435 1080 mutata
467 1026 564 1095 (cf.
600 1043 654 1079 ν.
685 1041 736 1079 c.
761 1042 815 1094 p.
845 1024 974 1086 588,
999 1026 1091 1080 ubi
1116 1025 1377 1080 sacerdos
1417 1025 1641 1078 Mariam
1668 1033 1811 1091 orat,

252 1133 298 1178 ut
325 1135 423 1189 pro
444 1136 508 1174 se
544 1117 742 1172 Filium
776 1118 1142 1187 deprecetur).
1172 1116 1425 1171 Secunda
1457 1126 1544 1172 est
1573 1117 1814 1180 Diodori,

249 1215 474 1269 nondum
519 1218 791 1282 quantum
856 1208 975 1263 scio
1016 1208 1183 1262 edita.
1235 1207 1636 1263 Renaudotium
1664 1249 1681 1273 ,
1721 1207 1816 1278 qui

248 1306 436 1359 nullam
472 1302 700 1356 Diodori
753 1299 1031 1369 liturgiam
1071 1298 1239 1353 fuisse
1285 1298 1505 1354 dixerat
1543 1299 1582 1351 l.
1633 1299 1695 1365 l.,
1750 1299 1813 1363 ll,

247 1414 293 1466 p.
323 1395 445 1459 569,
503 1395 638 1457 575,
690 1393 837 1456 622,
874 1406 1150 1461 quemque
1200 1389 1272 1443 La
1332 1390 1506 1445 Croze
1553 1390 1695 1444 Hist.
1743 1391 1818 1442 dit

248 1485 427 1539 Ckrist.
458 1484 555 1539 des
598 1483 781 1548 ludes,
813 1482 853 1549 l,
886 1499 939 1552 p.
973 1481 1079 1536 5‘22
1101 1479 1206 1550 (Cf.
1229 1480 1348 1550 ejus
1381 1480 1697 1552 Remarques
1727 1494 1820 1535 sur

248 1578 390 1631 illi“.
434 1576 508 1629 dat
541 1576 670 1630 Chr.
707 1575 801 1629 des
849 1573 1035 1637 Indes,
1081 1572 1233 1628 Halle
1276 1573 1509 1643 1757,p.
1546 1573 1632 1633 15)
1660 1588 1819 1627 880υά

246 1675 323 1722 tus
369 1674 489 1722 erat
515 1707 532 1730 ,
570 1665 834 1721 refutaiit
882 1666 1091 1719 Assem.
1125 1664 1161 1718 l.
1194 1664 1228 1717 l.
1260 1662 1350 1727 Ill,
1399 1680 1451 1728 t,
1482 1679 1536 1734 p.
1573 1663 1660 1727 29,
1697 1664 1768 1717 50
1802 1680 1817 1728 ;

247 1759 353 1813 vide
408 1759 572 1813 etiam
632 1773 685 1827 p.
734 1756 862 1811 236.
898 1756 1103 1811 .Tertia
1137 1755 1405 1811 Theodori
1456 1771 1486 1809 a
1539 1754 1813 1810 Dominica
1847 1746 1889 1804 Β

247 1853 401 1921 prima
428 1849 894 1903 Annuntiationis
923 1864 1099 1918 usque
1121 1850 1185 1904 ad
1220 1849 1556 1903 Dominicam
1605 1846 1813 1901 Palma-

244 1956 355 1994 rum
406 1939 699 2003 celebrata,
743 1954 811 1992 eo
870 1938 1142 2006 imprimis
1176 1954 1205 1992 a
1234 1939 1405 2009 prima
1434 1938 1638 2001 differt,
1666 1938 1812 2006 quod

246 2029 488 2083 sacerdos
530 2029 806 2097 prolixius
868 2012 1134 2097 loquitur.
1172 2027 1377 2094 Quarta
1432 2029 1664 2097 denique
1711 2027 1815 2082 Nec

246 2119 379 2173 Storii
414 2118 690 2186 (Renaud.
733 2119 768 2170 Ι.
799 2118 834 2170 l.
865 2117 930 2178 ΙΙ.
965 2134 1018 2187 p.
1070 2117 1343 2187 626-638),
1383 2119 1672 2188 quinquies
1709 2118 1815 2172 sin-

243 2208 367 2277 gulis
390 2209 549 2261 annis
598 2209 905 2269 celebrata,
934 2208 1180 2261 eamdem
1226 2223 1387 2277 quam
1421 2206 1690 2260 Theodori
1729 2207 1813 2259 itt-

241 2298 397 2354 dolem
427 2299 624 2362 refert,
668 2300 779 2353 nisi
810 2298 961 2368 quod
1003 2299 1289 2354 verbosior
1324 2307 1429 2354 est.
1469 2298 1565 2354 Est
1597 2298 1815 2368 quidem

293 2500 363 2569 (ι)
393 2497 894 2567 Haec‘conjectura,
925 2496 1196 2569 siquidem
1239 2497 1612 2569 conjecturam
1645 2497 1804 2563 dicis,

230 2567 360 2642 quod
405 2585 506 2642 per
542 2584 608 2642 s_e
641 2577 862 2642 eertum
912 2576 1022 2629 est,
1057 2568 1324 2642 immerito
1373 2567 1714 2642 Renautlotio
1766 2570 1801 2620 l.

230 2635 360 2710 12,1).
403 2635 528 2703 578,
557 2638 746 2692 futilis
799 2652 983 2707 neque
1028 2638 1155 2691 ullis
1201 2639 1537 2709 argumentis
1583 2635 1808 2690 fundata

246 2785 1643 2823 pm

1487 2805 1680 2814 ..κ-

1913 499 2074 553 quam
2104 498 2204 537 cur
2240 484 2345 537 hoc
2388 481 2594 535 factum
2626 480 2720 545 sit,
2749 478 2976 547 vestigia
3007 478 3254 547 quaedam
3284 479 3489 533 veteris

1913 576 2148 647 liturgia:
2183 572 2811 642 Constantinopolitanae
2857 570 3117 641 produnt,
3154 586 3276 640 qua:
3318 572 3373 624 in
3410 584 3490 625 ’ea

1915 669 2166 723 videntur
2199 670 2398 721 inesse.
2430 665 2549 719 Jam
2575 680 2699 717 cum
2723 663 2898 732 prima
2936 664 3025 716 illa
3071 670 3126 718 et
3170 672 3364 732 quarta
3400 661 3491 733 (de

1914 757 2155 814 secunda
2206 756 2343 810 nihil
2387 754 2686 825 loquimur)
2736 754 2876 807 falso
2910 753 2978 807 ad
3035 763 3287 808 auctores
3314 768 3488 823 quos-

1913 851 2037 905 dam
2069 849 2400 907 referantur,
2434 846 2576 901 idem
2604 846 2656 899 in
2689 847 2907 899 tertiam
2956 845 3153 899 cadere
3178 845 3319 900 male
3352 860 3489 899 con.-

1914 941 2124 995 cludas.
2152 937 2284 990 Illud
2309 936 2456 991 enim
2486 950 2592 989 non
2631 936 2818 1004 nugati
2842 943 2972 989 sunt
3014 933 3344 998 Ncstoriani,
3380 934 3491 986 imo

1918 1030 2129 1084 facilem
2160 1043 2405 1084 errorem
2437 1027 2794 1081 admiserunt.
2834 1024 3087 1096 Vulgaris
3120 1025 3209 1078 illa
3236 1034 3290 1079 et
3319 1039 3349 1077 a
3391 1023 3493 1077 Pa-

1916 1125 2097 1177 tribus
2126 1130 2352 1191 accepta
2388 1120 2608 1188 Iiturgia
2658 1117 2818 1172 facile
2857 1118 2926 1171 ab
2983 1116 3268 1186 apostolis,
3317 1117 3491 1171 altera

1916 1214 2134 1268 aliunde
2158 1221 2216 1267 ut
2241 1213 2458 1267 videtur
2498 1211 2661 1265 allata
2705 1210 2861 1265 facile
2886 1225 2917 1263 a
2949 1208 3202 1265 Nestorio
3234 1210 3486 1279 repetita.

1919 1305 2024 1359 Sed
2064 1320 2188 1359 cum
2238 1303 2587 1358 Theodorum
2620 1303 2895 1371 liturgiam
2947 1303 3324 1371 composuisse
3351 1316 3488 1355 con-

1918 1403 2044 1459 stet,
2071 1410 2174 1463 ego
2199 1394 2421 1464 quidem
2454 1394 2600 1446 illam
2629 1393 2679 1447 ei
2705 1394 3076 1462 ascripserim.
3110 1390 3262 1445 Ultra
3304 1399 3489 1446 tamen

1917 1486 2360 1557 probabilitatem
2409 1486 2659 1555 progredi
2706 1500 2814 1539 non
2844 1485 3040 1538 audeo.
3067 1483 3142 1535 Ex
3174 1484 3389 1538 interna
3423 1483 3492 1538 li~

1919 1578 2111 1647 turgia:
2140 1577 2320 1631 indole
2353 1576 2493 1629 hanc
2514 1579 2567 1629 in
2594 1591 2704 1630 rem
2735 1575 2869 1629 nihil
2895 1575 3138 1630 eﬂicitur.
3168 1574 3301 1629 Nam
3331 1583 3392 1629 ut
3420 1576 3491 1632 de

1919 1670 2104 1739 lingua
2138 1669 2351 1731 sileam,
2378 1667 2626 1721 doctrina
2663 1668 2715 1720 in
2767 1667 2922 1722 libris
2955 1666 3223 1736 liturgicis
3250 1681 3351 1721 nec
3391 1667 3491 1723 do-

1916 1761 2148 1829 gmatica
2181 1759 2571 1829 perspicuitate
2609 1759 2929 1813 enucleatur
2960 1774 3136 1827 neque
3172 1774 3235 1813 ea
3266 1758 3492 1814 affertur

1914 1852 2019 1906 nisi
2046 1868 2168 1920 qua:
2197 1853 2251 1906 in
2298 1863 2466 1915 coam,
2491 1852 2580 1905 cui
2624 1851 2880 1906 destinati
2933 1858 3084 1914 sunt,
3130 1860 3347 1920 recepta
3381 1860 3487 1906 est.

1912 1939 2330 1995 Nestorianismi
2381 1948 2561 1995 autem
2602 1940 2801 1994 indicia
2842 1939 3130 1993 manifesta
3161 1955 3269 1994 non
3309 1940 3490 1995 solum

1914 2027 2149 2083 Nestorii
2188 2030 2281 2082 illa
2330 2029 2574 2097 liturgia,
2615 2037 2675 2082 ut
2713 2029 2958 2083 lienaud.
3000 2030 3035 2082 Ι.
3062 2030 3099 2083 I.
3137 2045 3189 2099 p.
3219 2028 3488 2094 (“5,644.

1914 2122 2208 2183 existimat,
2238 2121 2331 2174 sed
2358 2120 2579 2189 reliqua)
2610 2121 2773 2173 etiam
2804 2121 3105 2183 continent.
3135 2134 3198 2176 ea
3232 2120 3490 2176 nimirum

1918 2228 2040 2282 quae
2064 2212 2118 2266 in
2149 2212 2398 2283 liturgias
2421 2210 2618 2267 cadere
2645 2219 2895 2281 possunt.

1915 2500 2133 2574 dicitur.
2156 2499 2488 2574 Argumenta
2525 2497 2692 2574 credo
2734 2506 2820 2574 sat
2857 2501 3026 2574 multa
3062 2502 3489 2574 suppeditabunt

1916 2573 2049 2624 varii
2079 2570 2529 2625 Nestorianorum
2566 2571 2689 2624 libri
2716 2570 2986 2626 missalcs.

1650 2781 3472 2817 rm

1380 2961 2346 3089 EXCERPTUM

386 3208 561 3307 EX
648 3206 1108 3308 LEONIS
1161 3205 1631 3299 ALLATII
1692 3207 2249 3299 DIATRIBA
2326 3209 2471 3297 DE
2548 3206 3253 3303 THEODORIS

1628 3404 1813 3468 (Non.
1848 3404 2063 3486 LXV.)
3225 3412 3239 3420 ’

647 3576 845 3640 (Edidit
870 3582 927 3625 et
951 3574 1083 3623 notis
1105 3573 1363 3624 illustravit
1387 3573 1516 3623 card.
1546 3574 1736 3634 Angelo
1768 3572 1881 3631 MAI,
1903 3572 1951 3619 iu
1978 3570 2266 3621 Bibliotheca
2287 3586 2408 3624 nova
2430 3566 2654 3632 Patrum,
2682 3582 2717 3625 t.
2742 3576 2824 3637 Vl,
2848 3589 2894 3639 p.
2925 3576 3055 3636 116.)

279 3884 619 3949 Theodorus
666 3886 1099 3960 Hopsuestenus
1138 3887 1431 3943 Diodorum
1479 3876 1635 3944 Tarsi
1689 3890 1809 3958 epi-
1839 3877 1881 3934 C
1918 3897 2031 3942 tum
2070 3887 2197 3942 vitae
2250 3888 2564 3944 institdtum
2616 3890 2796 3945 denuo
2833 3892 3183 3949 exosculatus
3208 3934 3224 3960 ,
3279 3902 3482 3968 usque.

218 3988 443 4051 Inopiam
476 3981 701 4045 audiit,
729 3988 785 4034 et
810 3978 1135 4033 Flavianum
1165 3979 1517 4033 Antiochense
1553 3980 1813 4034 Ecclesiae

224 4073 565 4137 antistitem;
592 4087 903 4141 eorumque
922 4070 1269 4140 dogmatibus
1287 4073 1560 4126 enutritus
1585 4080 1639 4125 et
1665 4072 1814 4125 clare

226 4172 389 4234 atque
434 4164 666 4219 fortiter
707 4164 999 4220 elaborare
1034 4163 1293 4226 edoctus,
1342 4172 1401 4216 ttt
1450 4164 1527 4217 ait
1569 4163 1812 4217 Domnus

228 4257 609 4313 Antiocbenus
645 4256 717 4310 ad
746 4256 1099 4311 Theodosium
1124 4258 1492 4322 imperatorem
1512 4296 1528 4319 ,
1568 4267 1621 4311 et
1649 4256 1812 4313 Joan-

225 4360 323 4401 nes
356 4348 413 4401 in
437 4363 541 4403 sua
574 4348 645 4401 ad
676 4348 960 4402 concilium
987 4346 1338 4402 Orientalium
1367 4349 1611 4413 epistola,
1638 4350 1811 4406 litore-

228 4440 463 4494 ticorum
496 4442 743 4495 catervis
794 4439 1078 4494 immissus
1108 4448 1212 4493 est.
1243 4436 1366 4493 Fuit
1408 4439 1637 4495 Joannis
1667 4441 1811 4496 Con-

228 4531 715 4602 stantinopolitani
749 4531 999 4601 episcopi
1030 4531 1468 4600 condiscipulus,
1502 4532 1812 4602 erudiitque

230 4621 574 4688 Nestorium,
617 4630 681 4676 ut
710 4633 907 4692 praeter
941 4622 1080 4677 alios
1108 4621 1268 4676 habet
1300 4621 1565 4692 Evagrius
1603 4622 1808 4676 Hister.

227 4714 415 4769 uales.
445 4714 547 4769 lib.
580 4730 620 4778 ι,
654 4727 776 4781 cap.
814 4712 867 4779 2,
901 4719 955 4767 et
1026 4711 1375 4767 Antiochenae
1408 4713 1664 4769 Ecclesia:
1697 4717 1809 4768 tum

230 4803 346 4873 ipse
379 4804 738 4869 Theodorus,
780 4810 895 4858 tum
939 4803 1254 4867 Nestorius,
1286 4806 1544 4862 esstitere
1589 4806 1814 4875 presby-

226 4898 351 4950 teri.
380 4895 489 4952 Sed
509 4894 864 4950 Theodorum
888 4893 1326 4963 Mopsuestenum
1346 4896 1659 4965 episcopum
1688 4910 1814 4950 con-

227 4986 554 5049 eionantem
624 4986 930 5042 Antiochia
987 4985 1242 5041 audiebat
1289 4985 1579 5041 Nestorius
1634 4987 1813 5044 adhuc

224 5080 541 5152 presbyter,
578 5078 814 5148 insignis
851 5087 905 5133 et
935 5077 1054 5146 ipse
1092 5077 1148 5130 in
1183 5076 1464 5140 domando,
1501 5085 1558 5131 ut
1592 5077 1811 5132 Genna-

1913 3992 2022 4047 quo
2066 3978 2221 4032 licuit
2258 3978 2617 4034 continuavit.
2662 3979 2902 4036 Tandem
2934 3982 3227 4053 episc0pus
3260 3985 3439 4045 factus
3464 4029 3481 4055 ,

1914 4068 1967 4122 in
1997 4083 2129 4138 pace
2172 4070 2455 4125 catholica:
2491 4073 2929 4140 communionis,
2972 4090 3082 4129 non
3136 4078 3312 4132 solum
3364 4080 3485 4136 sine

1913 4164 2021 4218 ulla
2057 4168 2295 4236 querela,
2338 4167 2430 4223 sed
2478 4170 2641 4223 etiam
2676 4185 2801 4224 cum
2840 4169 3011 4239 gloria
3054 4186 3248 4242 magna
3284 4170 3483 4227 defun-

1915 4264 2074 4320 ctus,
2111 4265 2169 4311 ut
2209 4264 2361 4313 notat
2411 4259 2701 4315 Facundus
2740 4260 3151 4318 llermianensis
3186 4280 3282 4333 pro
3324 4260 3485 4316 trium

1915 4345 2267 4412 capitulorum
2304 4348 2603 4416 defensione
2634 4351 2728 4403 lib.
2766 4362 2885 4414 vnt,
2919 4366 3042 4420 cap.
3080 4351 3130 4417 1,
3182 4368 3246 4405 ex
3276 4351 3485 4406 Joanne

1915 4436 2291 4501 Antiocheno,
2321 4440 2588 4506 agonibus
2622 4440 2884 4495 adversus
2921 4443 3152 4495 Arianos
3173 4480 3187 4503 ,
3218 4452 3272 4495 et
3299 4441 3485 4495 Enno-

1915 4531 2164 4593 mianos,
2202 4534 2254 4583 et
2305 4529 2442 4581 alios
2498 4527 2783 4583 hzereticos
2834 4529 3082 4598 plurimis
3121 4545 3215 4597 per
3268 4543 3484 4583 omnem

1915 4639 2069 4678 suam
2100 4624 2262 4677 vitam
2289 4623 2490 4692 ubique
2522 4622 2835 4686 decoratur,
2865 4631 2918 4677 et
2954 4636 2983 4674 a
3016 4623 3224 4694 synodo
3257 4623 3484 4678 Chalce-

1915 4715 2177 4777 donensi,
2211 4731 2238 4768 a
2273 4712 2481 4768 Joanne
2506 4712 3116 4784 Constantinopolitano
3155 4722 3315 4784 atque
3343 4713 3483 4770 Gre-

1915 4808 2067 4875 gorio
2120 4805 2460 4861 Nazianzcno
2483 4848 2498 4872 ,
2534 4814 2848 4876 superstes,
2881 4813 2934 4859 et
2984 4804 3106 4875 post
3154 4806 3363 4860 obitum
3392 4846 3407 4869 ,
3452 4822 3482 4858 a

1914 4897 2119 4953 Joanne
2146 4906 2198 4953 et
2223 4898 2428 4953 Domno
2450 4897 2824 4963 Antiochcnis,
2855 4904 2907 4951 et
2932 4905 3040 4951 tota
3059 4897 3269 4967 synodo
3290 4896 3484 4950 Orien-

1913 4990 2005 5050 tis,
2040 4999 2202 5057 atque
2235 4987 2438 5059 Cyrillo
2467 4987 2855 5053 Alexandrino,
2892 4990 2946 5041 ct
2979 4982 3174 5040 Proclo
3212 4986 3483 5040 Constan-

1915 5080 2272 5149 tinopolitano
2305 5089 2494 5133 contra
2530 5079 2969 5133 adversariorum
2999 5077 3302 5131 calumnias
3336 5077 3484 5130 mul-

220 5171 347 5228 d'ms
393 5187 523 5243 cap.
579 5170 653 5225 53
691 5176 950 5233 testatur,
978 5176 1033 5222 et
1069 5182 1134 5223 ex
1166 5177 1408 5238 tempore
1451 5168 1804 5223 declamator.
1839 5203 1885 5257 Β
1915 5170 2081 5239 tiplici
2122 5170 2334 5225 ratione
2380 5169 2713 5225 defenditur.
2757 5169 2822 5222 Et
2867 5180 3027 5229 Sane,
3061 5183 3184 5221 cum
3217 5166 3395 5222 adhuc
3426 5168 3481 5222 in

221 5260 537 5333 amttam
582 5259 925 5330 episcOpatui
961 5267 1241 5329 praeesset,
1274 5259 1329 5312 in
1361 5274 1610 5314 eremum
1653 5274 1809 5315 sece-

221 5351 357 5408 dens
400 5352 710 5409 solitariam
750 5351 923 5406 vitam
976 5349 1122 5420 egit,
1162 5348 1257 5403 sed
1308 5348 1495 5403 mundi
1540 5349 1813 5406 illecebris

221 5451 275 5496 et
308 5444 555 5499 luxuria
604 5441 863 5497 sordibus
911 5440 1209 5511 pellectus,
1255 5454 1420 5510 quam
1471 5440 1811 5509 amplexatus

221 5531 405 5588 fuerat
424 5534 555 5588 vita
595 5533 716 5588 vale
753 5533 988 5595 dicens,
1032 5531 1088 5585 in
1134 5531 1398 5585 mundum
1446 5530 1710 5600 confugit,
1758 5540 1813 5587 et

222 5621 471 5681 desertor
498 5625 679 5682 factus
704 5632 790 5681 est
815 5643 832 5681 :
859 5622 1215 5694 postmodum
1243 5622 1408 5677 dictis
1430 5621 1808 5694 Chrysostomi

214 5717 578 5788 resipiscens,
604 5717 942 5777 delictorum
973 5716 1192 5773 veniam
1223 5716 1501 5786 impetrat,
1535 5724 1589 5772 et
1623 5714 1809 5772 deser—

1917 5258 2051 5312 vivis
2073 5252 2241 5322 esset,
2274 5258 2345 5312 ob
2369 5258 2620 5328 dogmata
2652 5256 2885 5311 neminis
2912 5255 3265 5308 offensionem
3296 5256 3482 5310 incur-

1911 5349 2052 5403 risse
2092 5348 2285 5417 probat
2316 5364 2533 5418 quoque
2561 5347 2823 5403 Leontius
2857 5345 2929 5399 De
2974 5347 3127 5398 sectis
3161 5356 3269 5400 act.
3319 5363 3393 5412 tv,
3425 5341 3481 5402 5.

1910 5438 2041 5506 Περὶ
2085 5437 2142 5487 δὲ
2172 5437 2298 5498 τοὺς
2329 5437 2551 5506 χρόνους
2594 5437 2834 5499 ἐκείνους
2878 5436 3125 5504 ἐγένοντο
3156 5436 3248 5489 δύο
3291 5437 3483 5503 ἄνδρες

1913 5529 2155 5600 μεγάλοι,
2185 5528 2443 5598 Διόδωρος
2465 5532 2492 5580 ὁ
2516 5526 2727 5599 Ταρσοῦ
2759 5528 3070 5595 ἐπίσκοπος,
3098 5528 3188 5581 καὶ
3210 5527 3483 5601 Θεόδωρος

1913 5625 1941 5675 ὁ
1970 5619 2357 5690 Μοψουεστίας,
2386 5621 2438 5672 οἵ
2464 5637 2601 5684 τινες
2632 5622 3063 5691 ἀντηγωνίσαντο
3097 5622 3231 5689 πρὸς
3271 5620 3485 5689 Ἀρειαο

1917 5715 2058 5779 νοὺς,
2075 5713 2167 5767 καὶ
2190 5711 2535 5777 Μακεδόνων,
2566 5716 2659 5767 καὶ
2691 5714 3218 5785 ‘Ami.iavo’tptov,xa‘t
3232 5713 3329 5780 τὴν
3353 5710 3483 5781 ὅλην
