3920 6130
408 298 482 359 79
1678 298 1765 358 EX
1798 296 1983 358 LEON

2093 296 2363 358 ALLATII
3601 292 3669 353 80

409 415 633 490 Γραφὴν
665 416 1137 489 δπιμνημάτισαν,
1177 414 1271 471 καὶ
1317 417 1374 470 ιν
1407 417 1543 489 τιμῇ
1576 416 1727 480 ὄντες
1779 417 1992 490 μεγάλῃ
2022 420 2066 477 Α
2092 415 2183 469 τὸν
2212 416 2521 487 Θιόδωρονς
2550 416 2671 470 Ὀτι
2694 411 2968 469 καὶτοῦτο
2994 413 3257 485 πρότερον
3285 410 3485 484 μᾶλλον
3514 413 3674 481 bynu-

410 507 810 573 ἁπέθανον,καὶ
837 508 1012 572 οὐδεὶς
1047 510 1106 562 δν
1134 510 1202 580 τῇ
1234 506 1348 579 ζωῇ
1377 507 1557 561 αὐτῶν
1586 508 1882 562 ἐπελάσετό
1908 525 1989 561 τι·

410 614 499 665 νος
536 597 737 664 αὐτῶν,
758 598 874 652 ἀλλ’
895 597 1148 669 ἐγκώμια
1173 598 1420 669 ἔγραψαν
1445 600 1524 661 είς
1554 598 1751 661 αὐτοὺς
1781 597 1984 651 πολλοί·

410 690 505 746 καὶ
535 690 813 754 Βασιλείας
830 690 943 761 γὰρ
969 690 1166 753 αὐτοὺς
1201 688 1539 761 ἐγκωμιάζει
1557 730 1571 754 ,
1601 690 1695 743 καὶ
1737 688 1990 758 Ἰωάννης

409 780 854 854 δΧρυσόστομος.
878 781 1146 853 Ὕστερον
1163 781 1222 834 δὲ
1243 780 1561 850 κινουμένου
1575 778 1667 833 τοῦ
1691 779 1987 851 Νεστορια-

409 872 501 927 νοῦ
530 872 820 942 δόγματος,
847 870 1171 943 ἠναγκάσθη
1200 870 1479 942 Κύριλλος,
1510 871 1538 924 ὁ
1572 868 1763 940 πρώην
1794 869 1990 933 αὐτοὺς

408 960 668 1026 ἐπαινῶν,
697 958 839 1016 κατὰ
865 959 976 1014 τῶν
1009 958 1459 1030 συγγραμμάτων
1512 957 1693 1011 αὐτῶν
1741 958 1988 1028 γράψαι,

408 1051 596 1124 ἐπειδὴ
625 1053 719 1108 ἀπ’
740 1051 919 1108 αὐτῶν
940 1050 1250 1123 ἰσχυρίζετο
1270 1050 1332 1103 τὸ
1357 1048 1534 1118 δόγμα
1555 1047 1719 1102 αὐτοῦ
1739 1049 1768 1101 ὁ
1790 1046 1991 1101 Νεστό-

411 1159 546 1216 ριος⁶
582 1145 1131 1217 ὐπομνηματίσαντες
1154 1142 1264 1213 γὰρ
1284 1134 1430 1195 οὗτοι
1445 1140 1542 1212 τὴν
1567 1139 1726 1208 άγίαν
1746 1138 1988 1211 Γραφὴν,

409 1236 513 1293 οὐκ
526 1236 763 1308 ἔστησαν
794 1236 926 1310 ἄχρι
957 1235 1053 1291 τοῦ
1085 1235 1316 1297 δέοντοςο
1347 1232 1483 1287 ἀλλὰ
1518 1231 1870 1303 βουληθέντες
1898 1247 1992 1302 με·

412 1328 562 1401 ρίσαι
589 1328 689 1394 τὰς
726 1329 785 1383 δν
806 1332 875 1402 τῇ
904 1328 1037 1400 ἁγίᾳ
1064 1328 1279 1400 Γραφῇ,
1302 1323 1508 1395 φωνάς,
1540 1323 1641 1388 τὰς
1666 1324 1765 1395 μὲν
1786 1326 1852 1394 τῇ
1873 1322 1991 1377 θεό-

408 1435 553 1493 τητι,
569 1418 734 1485 τὰςδὶ
747 1422 813 1492 τῇ
829 1417 1228 1490 ἀνθρωπότητι,
1240 1414 1544 1486 εὑρέθησαν
1556 1413 1652 1468 δύο
1667 1413 1991 1476 ὑποστάσεις

409 1509 502 1566 τοῦ
527 1509 762 1581 Χριστοῦ
797 1510 890 1564 καὶ
926 1508 1191 1579 διαίρεσιν
1223 1506 1552 1574 εἰσάγοντες.
1586 1504 1697 1558 Καὶ
1740 1504 1807 1557 δι’
1858 1503 1993 1557 αὐτὸ

406 1600 723 1672 ἠναγκάσθη
744 1603 767 1655 5
792 1599 1058 1671 Κύριλλος
1071 1599 1193 1653 κατ’
1215 1597 1395 1652 αὐτῶν
1432 1596 1659 1668 γράψαι,
1677 1595 1863 1667 ἐπειδὴ
1893 1594 1990 1648 ἀπ’

408 1693 588 1751 αὐτῶν
622 1692 929 1765 ίσχυρίζετο
967 1692 1029 1745 τὸ
1053 1691 1232 1760 δόγμα
1277 1689 1443 1744 αὑτοῦ
1486 1692 1516 1744 ὁ
1546 1688 1856 1760 Νεστόριος.
1891 1687 1991 1742 Διά

2094 508 2244 561 λέσαι
2273 505 2347 577 τῷ
2391 508 2532 578 ἁγίῳ
2564 507 2815 579 Κυρίλλῳ
2847 506 3099 578 ὤφειλον,
3142 507 3289 578 ἢπερ
3330 509 3411 578 τῇ
3439 505 3671 577 συνόδῳ⁸

2094 596 2256 660 αὐτὸς
2285 592 2376 650 οὗν
2408 599 2435 651 ὁ
2473 597 2531 650 ὲν
2577 597 2754 665 ἁγίοις
2796 597 3065 669 Κύριλλος
3113 598 3467 668 ζητησάντων
3514 597 3673 652 τινῶν

2095 686 2196 757 ήδη
2208 686 2368 740 ἅναθε
2378 685 2600 757 ματίσαι
2617 686 2707 740 τὸν
2718 686 3013 758 Θεόδωρον,
3033 685 3278 756 φαίνεται
3295 685 3524 756 γράφων
3541 684 3672 757 πρὸς

2096 775 2361 847 Πρόκλον,
2381 776 2463 828 ὅτι
2484 775 2545 829 οὐ
2565 775 2647 829 δεῖ
2665 774 3106 846 ἀναθεματίζειν
3129 775 3178 828 οί
3200 773 3309 846 γὰρ
3346 773 3671 829 Ἀνατολικοὶ

2097 868 2320 931 πάντες,
2344 867 2498 938 φησὶ,
2527 867 2701 938 μέγαν
2728 865 2912 937 ἔχουσι
2927 865 3246 920 διδάσκαλον
3266 862 3357 918 τὸν
3378 864 3670 936 Θεόδωρονο

2097 958 2193 1014 καὶ
2220 957 2328 1011 ἐὰν
2343 958 2507 1012 αὑτὸν
2540 958 3052 1030 ἁναθεματίσωμεν,
3082 958 3226 1029 μέγα
3254 957 3462 1028 σχίσμα
3492 956 3671 1012 ποιοῦ-

2099 1066 2199 1120 μεν
2241 1051 2300 1103 ὲν
2342 1052 2409 1122 τῇ
2461 1050 2758 1123 Ἐκκλησία
2803 1049 2910 1105 τῶν
2951 1049 3333 1104 Ἀνατολικῶνο
3366 1043 3442 1104 ὧν
3475 1042 3556 1113 εἷς
3581 1049 3673 1103 καὶ

2100 1140 2253 1205 Ἴδας
2283 1140 2357 1213 μὴ
2389 1142 2755 1214 ἀνασχόμενος
2791 1143 2954 1196 αὐτὸν
2997 1139 3421 1212 ἀναθεματίσαι.
3452 1141 3518 1194 ‘0
3542 1139 3673 1211 γοῦν

2095 1230 2124 1283 ὁ
2149 1230 2302 1301 ἅγιος
2333 1232 2600 1305 Κύριλλος
2618 1232 2821 1287 ἐκώλυε
2847 1273 2863 1302 ,
2894 1231 3011 1299 πῶς
3038 1230 3197 1287 τοῦτο
3220 1231 3447 1304 ποιῆσαι
3473 1225 3620 1302 εἶχεν
3638 1233 3672 1302 ἡ

2098 1322 2315 1388 σύνοδος
2337 1342 2348 1354 ·
2380 1323 2489 1381 Sed
2506 1330 2691 1380 rursus
2714 1324 2994 1395 objiciunt,
3015 1340 3110 1379 cur
3135 1324 3200 1379 ab
3216 1340 3277 1380 eo
3292 1340 3396 1379 non
3421 1324 3673 1393 requisie-

2097 1415 2188 1479 rit,
2214 1426 2270 1470 ut
2292 1415 2624 1472 Theodorum
2654 1417 3156 1481 anathematizaret,
3188 1418 3293 1472 imo
3319 1417 3575 1486 scriptam
3603 1417 3672 1472 ad

2097 1505 2294 1562 Marim
2308 1509 2582 1578 epistolam
2597 1511 2938 1581 receperithin
2959 1525 3064 1580 qua
3081 1508 3412 1565 Theodorum
3435 1509 3673 1580 frequen-

2099 1606 2176 1652 ter
2204 1597 2660 1668 lbas,pra:dicat?
2688 1601 2935 1655 nimirum
2965 1608 3015 1655 et
3045 1600 3142 1656 hoc
3187 1602 3362 1670 potius
3398 1600 3465 1655 de
3489 1610 3675 1656 sancta

2097 1689 2300 1761 Cyrillo
2327 1693 2475 1763 queri
2500 1693 2774 1757 debebant,
2804 1707 2964 1763 quam
2984 1691 3048 1747 de
3068 1691 3308 1763 synodo;
3329 1705 3454 1746 nam
3475 1701 3673 1748 sancta:

406 1784 566 1842 τοῦτο
614 1787 672 1841 δὲ
710 1788 768 1839 ὲν
795 1788 866 1857 τῇ
897 1784 1011 1855 ζωῇ
1046 1782 1227 1837 αὐτῶν
1263 1782 1439 1846 οὐδεὶς
1491 1782 1675 1844 αὐτοῖς
1717 1782 1987 1835 ἀντεῖπεν·

2096 1783 2363 1836 memoria
2394 1782 2677 1852 Cyrillum,
2712 1800 2831 1837 cum
2857 1783 3103 1838 nonnulli
3135 1783 3232 1837 hoc
3263 1784 3434 1853 ipsum
3467 1800 3670 1854 qutere-

410 1877 599 1949 ἰπειδὴ
616 1877 676 1932 τὸ
698 1876 963 1950 μάχεσθαι
986 1875 1123 1946 πρὸς
1139 1875 1239 1938 τὰς
1265 1873 1484 1945 μείζους
1505 1873 1769 1945 αἱρέσεις,
1791 1873 1992 1927 ἔσκεπε

407 1976 482 2033 τὰ
503 1974 725 2031 τοιαῦτα
751 1975 1016 2046 δόγματα.
1044 1972 1201 2027 Μετὰ
1221 1972 1279 2026 δὲ
1309 1971 1501 2043 χρόνον
1528 1971 1707 2039 ὀλίγον
1735 1969 1831 2023 τοῦ
1856 1970 1992 2024 ἀπο-

410 2070 590 2127 θανεῖν
622 2068 896 2141 Θεόδωρον
923 2068 1017 2122 καὶ
1049 2067 1331 2137 Διόδωρον,
1361 2065 1613 2136 ἀνέστηή
1644 2065 1858 2135 αἵρεσις
1889 2064 1990 2117 Νε-

413 2163 651 2236 στορίουο
700 2161 1034 2217 Εσιιίιενιιηι
1077 2161 1144 2215 iis
1179 2156 1500 2229 temporibus
1554 2158 1734 2228 magni
1772 2156 1989 2227 quidam

411 2256 516 2312 duo
546 2254 666 2317 viri,
710 2252 985 2306 Diodorus
1038 2251 1309 2318 episcopus
1350 2247 1537 2311 Tarsi,
1579 2254 1627 2300 et
1682 2246 1988 2303 Theodorus

409 2344 771 2418 Mopsuestia,
794 2342 885 2413 qui
903 2350 952 2396 et
979 2343 1231 2395 adversus
1255 2339 1507 2403 Arianos,
1534 2346 1584 2391 et
1613 2335 1987 2390 Macedoniam

409 2446 460 2493 ct
514 2436 877 2505 Apollinarem
937 2432 1273 2504 pugnabant,
1332 2430 1705 2499 universasque
1755 2427 1987 2481 Litteras

411 2544 596 2585 sacras
626 2525 1017 2582 commentariis
1054 2524 1430 2584 illustrarunt,
1456 2530 1506 2574 et
1540 2521 1593 2574 in
1622 2520 1790 2589 pretio
1821 2518 1990 2573 ltabiti

411 2627 631 2674 mortem
660 2616 1008 2687 oppetierunt,
1042 2629 1132 2668 nec
1161 2612 1289 2682 ipsis
1321 2612 1448 2666 vivis
1479 2612 1755 2680 quisquam
1786 2607 1986 2662 dictum

411 2709 624 2783 aliquod
655 2724 838 2765 eorum
871 2705 1302 2776 reprehendebat,
1324 2705 1432 2757 imo
1456 2703 1750 2771 complures
1776 2701 1986 2770 scriptis

409 2803 655 2859 encomiis
687 2818 774 2857 eos
804 2799 1134 2856 ceiebrarunt
1157 2813 1175 2859 ;
1201 2812 1326 2851 nam
1364 2805 1415 2850 et
1446 2795 1701 2861 Basilius,
1728 2805 1778 2849 et
1812 2791 1987 2848 Joan-

410 2911 500 2950 nes
526 2893 933 2965 Chrgsostontus
953 2907 1040 2945 eos
1062 2887 1380 2958 praedicant.
1425 2886 1614 2940 Verum
1640 2895 1823 2956 postea
1848 2896 1988 2941 moto

410 2983 653 3055 dogmate
684 2982 1028 3044 Nestoriano,
1072 2986 1286 3033 coactus
1314 2986 1392 3032 est
1417 2975 1653 3047 Cyrillus
1690 2976 1781 3046 qui
1805 2985 1855 3030 et
1878 2976 1989 3045 ipse

408 3076 613 3147 pridem
648 3091 736 3130 eos
774 3074 1079 3134 laudasset,
1120 3070 1369 3125 adversus
1420 3084 1603 3123 eorum
1646 3083 1806 3138 opera
1849 3068 1985 3122 scri-

411 3169 529 3225 bere
560 3166 657 3239 (a),
696 3166 822 3237 quia
852 3163 1045 3234 dogma
1074 3177 1230 3215 suum
1273 3158 1559 3215 Nestorius
1591 3175 1656 3215 ex
1693 3160 1758 3215 iis
1798 3161 1990 3229 conﬁr-

409 3269 603 3323 maret;
635 3271 859 3327 namque
881 3252 1037 3310 editis
1066 3252 1149 3307 illi
1178 3252 1232 3305 in
1256 3267 1442 3306 sacras
1471 3245 1705 3307 Litteras
1732 3266 1995 3306 commen-

412 3350 564 3405 tariis
582 3350 725 3402 intra
743 3347 873 3416 lines
898 3360 1003 3398 non
1020 3342 1387 3405 constiterant,
1417 3341 1506 3395 sed
1530 3358 1650 3395 cum
1677 3341 1993 3395 distribuere

408 3438 594 3494 vellent
624 3450 903 3491 sacrarum
950 3431 1274 3485 Litterarum
1305 3445 1473 3494 voces,
1512 3429 1653 3483 alias
1686 3429 1756 3484 ad
1789 3429 1989 3485 diuini-

410 3538 592 3596 tatem,
627 3528 764 3582 alias
794 3524 863 3580 ad
910 3532 1160 3578 naturam
1212 3519 1500 3574 humanam
1546 3519 1788 3585 relatas,
1818 3519 1993 3589 depre-

408 3623 626 3677 hensum
650 3626 732 3673 est
757 3634 847 3672 eos
878 3615 1019 3670 duas
1052 3614 1252 3669 Christi
1279 3616 1586 3683 hypostases
1609 3621 1660 3666 et
1680 3611 1991 3669 divisionem

405 3710 693 3784 quamdam
745 3704 1096 3761 introducere.
1138 3702 1313 3770 Quam
1365 3701 1430 3755 ob
1476 3717 1699 3756 causam
1742 3701 1990 3773 Cyrillus

408 3800 659 3856 adversus
695 3797 834 3865 ipsos
866 3794 1092 3850 scribere
1121 3801 1336 3847 coactus
1370 3791 1494 3861 fuit,
1523 3793 1873 3859 confirmante
1895 3791 1992 3847 do-

406 3908 529 3962 gma
570 3905 723 3945 suum
757 3904 822 3943 ex
860 3888 926 3942 iis
970 3883 1242 3940 Nestorio.
1300 3883 1443 3939 Vivis
1489 3883 1700 3954 quidem
1734 3884 1865 3952 ipsis
1895 3901 1993 3938 cur

407 3999 557 4038 nemo
606 3979 1023 4040 sontradizerit,
1065 3977 1273 4047 factum
1316 3975 1475 4039 ideo,
1531 3974 1669 4046 quod
1717 3976 1990 4047 pugnandi

406 4085 593 4130 contra
627 4081 798 4127 sectas
832 4069 1059 4137 majores
1106 4064 1391 4120 necessitas
1425 4063 1688 4131 ejusmodi
1738 4063 1991 4134 dogmata

382 4170 618 4240 ,tegeret.
649 4165 713 4217 At
743 4160 903 4231 paulo
942 4168 1222 4227 postquam
1261 4155 1403 4208 diem
1432 4153 1739 4210 Theodorus
1769 4171 1832 4209 ac
1866 4154 1990 4209 Dio-

408 4257 572 4312 dorus
605 4255 874 4315 obiissent,
903 4249 1167 4304 suscitata
1198 4244 1439 4299 Nestorii
1465 4245 1568 4315 fuit
1592 4245 1829 4302 haresis.
1856 4245 1989 4302 Post

407 4355 639 4404 mortem
665 4344 827 4398 etiam
851 4355 881 4394 a
913 4338 1097 4394 multis
1119 4337 1421 4399 laudatum,
1447 4346 1522 4401 et,
1547 4338 1674 4393 licet
1707 4337 1761 4392 id
1788 4354 1819 4393 a
1845 4339 1984 4394 mul-

2094 1881 2229 1937 rent,
2257 1884 2314 1927 ut
2356 1873 2655 1930 Theodorus
2690 1875 3017 1930 anathemati
3043 1875 3409 1945 subjiceretur,
3450 1874 3520 1930 ad
3545 1874 3675 1931 Pro-

2093 1964 2233 2018 clum
2265 1967 2542 2035 scripsisse
2571 1976 2812 2032 constat,
2842 1968 3055 2038 minime
3088 1967 3423 2023 Theodorum
3452 1969 3669 2024 ancllae--

2093 2057 2347 2109 matizari
2390 2055 2574 2112 debere
2601 2076 2618 2110 :
2670 2074 2794 2111 nam
2829 2057 3160 2125 Orientales,
3192 2060 3397 2129 inquit,
3443 2061 3670 2115 universi

2093 2145 2412 2202 Theodorum
2437 2165 2533 2218 pro
2564 2166 2754 2222 magno
2791 2149 3006 2205 doctore
3036 2151 3246 2218 habent,
3278 2166 3429 2222 quem
3459 2152 3508 2206 si
3536 2168 3669 2207 ana-

2093 2236 2308 2291 themati
2336 2239 2728 2309 subjecerimus,
2763 2241 2816 2294 in
2846 2240 3202 2296 Orientalium
3229 2242 3470 2297 Ecclesia
3509 2242 3671 2298 dissi-

2090 2327 2236 2382 dittm
2259 2331 2437 2401 ingens
2467 2332 2819 2388 excitabimus
2845 2349 2864 2388 :
2887 2349 3107 2403 quorum
3139 2350 3273 2389 unus
3297 2343 3377 2389 est
3406 2332 3557 2399 Ibus,
3584 2333 3672 2405 qui

2088 2437 2206 2475 eum
2229 2422 2683 2478 anathematizari
2715 2441 2819 2479 non
2840 2427 3091 2494 patietur.
3121 2425 3275 2492 Quod
3306 2442 3425 2496 ergo
3454 2435 3671 2481 sanctus

2090 2510 2325 2582 Cyrillus
2363 2514 2483 2583 ﬁeri
2523 2516 2863 2584 prohibebat,
2894 2532 2995 2585 quo
3025 2525 3182 2586 pacto
3221 2517 3455 2587 synodus
3491 2517 3667 2585 facere

2087 2612 2291 2671 poterat
2314 2607 2340 2660 i
2369 2603 2480 2661 Nec
2507 2605 2655 2660 aliud
2696 2605 2943 2662 innuisse
2977 2607 3192 2662 videtur
3240 2606 3506 2678 Eulogius
3548 2609 3670 2663 Ale-

2088 2695 2388 2751 xandrinus
2422 2697 2477 2751 in
2501 2698 2751 2753 oratione
2781 2697 2858 2754 De
2885 2701 3079 2753 unione
3111 2698 3600 2755 Theodosianorum
3621 2711 3670 2757 et

2091 2784 2426 2841 Gainitarum
2451 2789 2594 2859 apud
2622 2789 2870 2845 Photium
2898 2790 3022 2847 cod.
3052 2790 3179 2845 227.
3206 2786 3472 2862 Κύριλλος
3497 2793 3558 2846 δὲ
3578 2792 3672 2847 τοῦ

2087 2877 2461 2948 Μοψουεστίας
2507 2881 2783 2953 θεοδὼρου
2829 2881 2974 2936 κατὰ
3027 2882 3125 2954 τὴν
3186 2882 3362 2953 Ἐῴαν
3408 2882 3674 2949 ὡσαύτως

2088 2972 2602 3044 ἀνακηρυττομένου
2636 2975 2738 3045 τῆς
2766 2977 3050 3041 κοινωνίας
3080 2978 3180 3030 οὐκ
3203 2979 3488 3049 ἀφίστατο·
3528 2981 3673 3049 ἑώρα

2090 3064 2201 3135 γὰρ
2250 3066 2550 3136 ἀκηράτοις
2584 3067 2866 3138 σωζόμενα
2912 3068 3144 3139 δόγμασι
3170 3071 3238 3125 τὰ
3262 3071 3362 3142 τῆς
3392 3070 3674 3135 εὐσεϐείας

2099 3154 2468 3227 καιριώτατα·
2505 3158 2740 3229 Cyrillus
2782 3176 2900 3214 vero
2946 3178 2978 3213 a
3028 3160 3290 3216 Theodori
3332 3161 3675 3231 Mopsuestia

2094 3248 2324 3317 episcopi
2365 3263 2456 3317 per
2511 3248 2777 3305 Orientem
2829 3251 3010 3305 eodem
3057 3252 3393 3309 anathemate
3437 3256 3676 3322 percussi

2094 3342 2456 3396 communione
2504 3359 2608 3396 non
2650 3343 2943 3408 abstinuit;
2999 3345 3206 3399 videbat
3255 3347 3393 3400 enim
3449 3349 3674 3403 sinceris

2092 3430 2427 3502 dogmatibus
2463 3435 2664 3487 servari
2692 3434 2987 3503 pracipuos
3018 3434 3291 3505 religionis
3321 3436 3601 3490 articulos.

2162 3521 2435 3594 Quidquid
2464 3530 2643 3578 tamen
2683 3524 2737 3579 hi
2786 3533 3055 3592 asserant,
3100 3533 3313 3580 certum
3359 3534 3444 3581 est
3488 3526 3672 3582 Theo—

2091 3613 2211 3669 dori
2249 3616 2395 3671 dicta
2444 3630 2564 3685 qua:
2609 3613 2950 3672 Nestorianae
3003 3618 3196 3673 hazrc‘si
3238 3617 3534 3680 favebant,
3590 3619 3674 3673 vel

2090 3714 2244 3762 extra
2280 3707 2565 3763 catholica:
2599 3707 2720 3763 ﬁdei
2753 3724 3026 3773 normam,
3058 3708 3174 3764 sive
3203 3709 3319 3765 suis
3340 3709 3395 3764 in
3426 3710 3675 3781 scriptis,

2091 3798 2208 3853 sive
2240 3798 2295 3852 in
2327 3798 2560 3852 aliorum
2595 3800 3006 3855 commentariis
3038 3797 3255 3855 fuerant
3289 3800 3672 3866 disseminata,

2089 3905 2369 3960 nunquam
2398 3889 2571 3947 fuisse
2604 3891 2674 3945 ab
2706 3890 3031 3948 orthodoxis
3058 3891 3316 3947 Patribus
3344 3893 3672 3964 approbata,

2088 3984 2335 4054 quinimo
2355 3998 2385 4036 a
2412 3983 2660 4053 pluribus
2679 3984 2955 4053 privatim,
2985 3992 3099 4039 tum
3121 3984 3340 4040 domum
3361 3986 3415 4039 in
3436 3986 3675 4042 concilio

2094 4073 2130 4128 V
2158 4074 2399 4145 generali
2436 4088 2544 4128 una
2576 4088 2700 4129 cum
2732 4074 3024 4132 Theodoro
3060 4077 3198 4147 ipso,
3234 4085 3295 4132 ut
3326 4078 3586 4135 haeretica
3619 4087 3677 4134 et

2088 4166 2373 4223 catholicis
2397 4165 2623 4221 auribus
2652 4168 2815 4222 noxia
2841 4168 3064 4237 rejecta,
3093 4178 3148 4224 et
3174 4172 3512 4226 anathemati
3542 4171 3675 4226 sub-

2082 4258 2249 4328 jecta,
2269 4263 2323 4311 et
2350 4254 2625 4312 Theodori
2646 4259 2965 4314 memoriam
2989 4277 3019 4313 te
3040 4261 3313 4331 diptychis
3328 4271 3669 4332 protrusam.

2087 4356 2147 4403 ut
2173 4347 2339 4402 tradit
2367 4345 2712 4404 Justinianus
2745 4349 3044 4419 imperator
3084 4353 3140 4406 in
3177 4353 3361 4407 edicto
3393 4354 3472 4425 (b)
3514 4353 3671 4409 Είδό-

408 4439 477 4495 tis
494 4448 840 4505 summopere
862 4431 1252 4504 postularetur,
1269 4430 1338 4485 ab
1353 4429 1472 4499 ejus
1488 4429 1839 4487 damnatione
1860 4434 1985 4488 abs-

2093 4457 2185 4505 τες
2212 4440 2292 4504 ὡς
2330 4439 2530 4492 οὐδέν.
2583 4440 2855 4511 Θεόδωρος
2874 4443 2929 4495 δὲ
2954 4446 3020 4514 τῇ
3066 4445 3244 4516 οἰκείᾳ
3281 4437 3676 4517 ὲντελευτήσας

406 4530 641 4586 tinuisse
672 4525 885 4587 Patres.
935 4530 1127 4577 narrat
1178 4522 1321 4577 idem
1380 4520 1643 4578 Leontius
1689 4523 1977 4589 act.vr,4:

418 4624 478 4677 ὐ
513 4621 570 4676 δὲ
602 4618 749 4683 Ἴδας
771 4618 865 4671 καὶ
890 4616 1053 4680 αὐτὸς
1082 4614 1469 4685 Νεστοριανὸς,
1504 4615 1579 4677 ὡς
1612 4615 1764 4684 δηλοῖ
1789 4617 1822 4685 ἡ
1853 4632 1984 4687 γρα.

407 4715 573 4784 «pelea
596 4709 725 4780 παρ’
751 4706 916 4762 αὑτοῦ
952 4704 1209 4776 ἐπιστολὴ
1242 4702 1378 4775 πρὸς
1405 4705 1588 4777 Μάριν
1616 4704 1707 4759 τὸν
1741 4706 1981 4778 Πέρσην,

407 4805 467 4856 ιν
570 4801 684 4854 ἄνω
714 4797 810 4851 καὶ
842 4796 996 4849 κάτω
1026 4796 1240 4847 ἐπαινεῖ
1262 4794 1356 4847 τὸν
1385 4792 1681 4864 Θεόδωρον,
1703 4794 1797 4864 ἀφ’
1823 4788 1885 4848 οὗ
1917 4796 1983 4850 τὰ

408 4894 520 4949 [δια
544 4888 791 4962 δόγματα
830 4884 1137 4957 ἰσχυρίζετο
1163 4886 1193 4938 ὁ
1228 4881 1541 4953 Νιστόριος.
1574 4883 1702 4940 Ibas
1737 4895 1911 4940 autem
1933 4896 1984 4941 et

407 4986 522 5055 ipse
545 4980 897 5038 Nestorianus
918 4977 1046 5048 fuit,
1064 4973 1506 5047 quemadmodum
1528 4979 1595 5031 ab
1613 4992 1674 5032 eo
1693 4980 1985 5049 perscripta

407 5076 479 5133 ad
500 5072 700 5133 Harim
723 5070 945 5131 Persam
967 5068 1190 5138 epistola
1210 5067 1379 5132 docet,
1401 5068 1456 5123 in
1470 5083 1574 5139 qua
1594 5084 1806 5125 sursum
1831 5068 1983 5126 deor-

407 5183 527 5225 sum
570 5162 900 5223 Theodorum
931 5159 1138 5224 laudat,
1179 5159 1332 5230 cujus
1376 5162 1692 5218 auctoritate
1732 5163 1983 5234 dogmata

408 5275 509 5315 sua
546 5254 828 5314 Nestorius
855 5253 1225 5325 conﬁrmabat.
1258 5250 1325 5307 Et
1370 5251 1513 5308 inira
1545 5273 1560 5311 :
1615 5254 1778 5310 Ἀλλὰ
1822 5256 1986 5311 πάλιν

409 5349 800 5421 ὲπαποροῦσιν,
829 5348 909 5400 ὅτι
935 5347 1045 5401 Καὶ
1071 5346 1161 5400 διὰ
1186 5345 1239 5399 τί
1264 5346 1339 5417 μὴ
1364 5345 1646 5418 ἀπῄτησεν
1670 5347 1830 5401 αὐτὸν
1854 5350 1984 5403 ἀνα-

410 5440 701 5511 θεματίσαι
733 5438 1025 5507 Θεόδωρον,
1055 5437 1169 5491 ἀλλ’
1203 5436 1420 5503 ἐδέξατο
1446 5438 1543 5509 τὴν
1572 5440 1860 5512 ἐπιστολὴν
1889 5442 1985 5494 αὺ-

408 5531 503 5587 τοῦ
535 5532 632 5602 τὴν
671 5531 805 5601 πρῦς
831 5530 919 5582 τὸν
951 5528 1153 5602 Πάριν,
1190 5532 1248 5582 ὲν
1293 5525 1327 5605 ᾖ
1358 5531 1527 5586 πολλά
1553 5534 1699 5586 ἐστιν
1747 5532 1983 5587 ἐπαινῶν

483 5679 560 5745 (tt)
601 5676 675 5731 Ex
709 5675 893 5745 Cyrilli
946 5675 1124 5736 libris,
1163 5692 1307 5730 nunc
1347 5677 1643 5745 doperditis
1667 5721 1680 5737 .
1711 5679 1978 5732 Adversus

413 5736 1201 5815 Theodotum.Mopsuestenum
1240 5756 1289 5800 et
1327 5736 1612 5800 Diodorum
1646 5736 1977 5807 Tarsensem,

412 5822 717 5894 fragmenta
747 5834 849 5875 nos
892 5818 1165 5874 edidimus
1208 5817 1265 5872 in
1309 5815 1464 5873 Nova
1516 5816 1743 5873 Patrum
1794 5819 1979 5873 biblio-

2086 4531 2343 4603 ἀσεϐείᾳ,
2375 4532 2483 4584 ἀπὸ
2514 4533 2695 4605 πάσης
2751 4534 3073 4606 Ἐκκλησίας
3107 4536 3391 4609 ἐξεϐλήθη.
3450 4537 3674 4609 Ἀμέλει

2085 4639 2168 4675 τοι
2197 4622 2291 4676 καὶ
2321 4624 2428 4676 πᾶν
2457 4622 2518 4676 τὸ
2545 4624 2821 4695 πλήρωμα
2848 4626 2946 4697 τῆς
2970 4628 3027 4680 ὲν
3047 4628 3399 4701 Μοψουεστίᾳ
3439 4630 3676 4701 Ἐκκλη-

2088 4714 2228 4779 σίας,
2259 4717 2318 4767 ὲν
2406 4714 2623 4783 λέγεται
2644 4716 2939 4781 ἐπίσκοπος
2962 4719 3288 4790 γεγενῆσθαι
3313 4720 3405 4775 διὰ
3420 4721 3522 4786 τὰς
3546 4721 3677 4792 βλα-

2089 4801 2355 4873 σφημίας,
2379 4801 2446 4855 δι’
2481 4803 2660 4876 ἇσπερ
2709 4804 2941 4877 Ἕλλησί
2985 4824 3046 4861 τε
3082 4809 3175 4863 καὶ
3227 4810 3525 4877 Ἰουδαίοις,
3578 4810 3680 4866 καὶ

2092 4894 2406 4966 Σοδομίταις
2430 4896 2579 4968 παρὰ
2608 4896 2716 4951 τῶν
2750 4898 2920 4968 ἁγίων
2955 4901 3217 4975 Πατέρων
3260 4903 3673 4977 συνηριθμήθη,

2089 4985 2394 5057 aut)me
2421 4986 2483 5055 ἐξ
2513 4988 2722 5043 ἑκείνου
2751 4989 2859 5043 τῶν
2892 4990 3054 5063 ίερῶν
3085 4991 3186 5063 τῆς
3230 4990 3565 5066 Ἐκκλησίας
3592 4995 3677 5049 δι-

2091 5078 2314 5150 πτύχων
2335 5079 2651 5152 τὴν-τούτου
2683 5082 3076 5155 προσηγορίαν,
3111 5084 3189 5149 ὡς
3217 5084 3289 5140 τὰ
3314 5086 3447 5159 περὶ
3472 5085 3680 5140 τούτου

2092 5170 2364 5226 συστάντα
2400 5171 2539 5226 κατὰ
2570 5172 2671 5245 τὴν
2695 5174 2864 5247 αὐτὴν
2889 5174 3044 5229 πόλιν
3070 5177 3222 5248 παρὰ
3245 5179 3311 5249 τῇ
3338 5178 3552 5246 συνόδῳ
3574 5179 3678 5250 τῆς

2092 5262 2364 5333 ἐπαρχίας
2400 5264 2770 5335 ὑπομνήματα
2797 5264 3086 5321 δείκνυσιν.
3134 5267 3434 5323 Theodorus
3466 5285 3592 5324 uero
3620 5270 3677 5323 in

2091 5368 2189 5407 sua
2235 5352 2504 5420 impietate
2537 5363 2810 5413 mortuus.
2843 5354 2908 5407 ab
2953 5359 3197 5411 universa
3253 5356 3498 5413 Ecclesia
3545 5374 3676 5427 pro-

2091 5444 2319 5511 scriptus
2338 5452 2440 5497 est.
2466 5441 2608 5509 Quin
2628 5452 2681 5497 et
2698 5453 2808 5496 tota
2834 5442 3072 5499 Ecclesia
3099 5444 3493 5513 Mopsuestena.
3516 5448 3677 5515 cujus

2089 5536 2360 5603 episcopus
2408 5534 2573 5595 fuisse
2609 5535 2825 5602 dicitur,
2864 5544 3074 5604 propter
3110 5537 3224 5606 ejus
3266 5536 3632 5605 blasphemia
3655 5569 3674 5603 ,

2054 5684 2259 5758 \theca,
2290 5691 2330 5737 t.
2359 5683 2448 5758 iV,
2482 5699 2532 5752 p.
2552 5683 2831 5758 _i5l__-iii;‘$;
2863 5683 3036 5753 deque
3062 5701 3125 5742 ea
3157 5702 3216 5743 re
3233 5694 3391 5758 plura
3415 5686 3495 5743 ibi
3528 5686 3681 5750 dixi-.

2087 5770 2207 5808 mus
2240 5756 2293 5807 in
2324 5755 2785 5808 adnotationibus.

2158 5823 2233 5894 (b)
2269 5824 2429 5877 Lonc.
2465 5822 2638 5879 Lnbb.
2667 5833 2704 5879 t.
2743 5823 2805 5890 V,
2836 5825 2940 5880 col.
2975 5825 3097 5882 716.
