3920 6130
389 404 465 473 εγ,
1632 400 1725 458 sx
1774 399 2025 458 LEONIS
2096 402 2376 461 ALLATII
3581 404 3654 462 st

391 538 579 603 quaces
609 523 781 578 denuo
819 540 971 579 suam
1001 524 1246 580 Iucresim
1273 526 1593 596 confirmare
1612 525 1791 578 conati
1817 533 1963 589 sunt,
1996 529 2038 583 A
2068 526 2278 595 ptione,
2325 526 2709 598 interpretatio
2747 525 3064 583 creationis.
3113 524 3272 580 Liber
3312 524 3519 595 primus
3570 536 3658 580 se-

394 633 553 691 opera
613 615 877 671 Theodori
937 617 1338 686 Mopsuesteni,
1391 618 1480 689 qui
1538 616 1704 672 multo
1764 617 1968 685 pejora,

393 723 554 785 quam
590 702 872 765 Nestorius
901 707 1016 776 ejus
1069 706 1372 776 discipulus
1400 706 1806 776 blasphemavit.
1855 704 1971 758 Nos

399 798 567 869 igitur
598 808 868 871 sequentes
902 808 1115 854 sanctos
1148 798 1340 859 Patres
1377 810 1587 853 nostros
1612 841 1626 864 ,
1658 807 1708 853 et
1745 798 1971 852 volentes

395 900 595 951 rectam
625 889 782 958 ﬁdem
809 891 922 944 sine
953 891 1068 945 ulla
1096 892 1307 945 macula
1336 908 1666 957 conservare,
1697 891 1974 944 hortamur

395 997 505 1046 vos,
528 989 585 1033 ut
615 980 773 1050 hujus
797 999 999 1052 quoque
1016 980 1382 1052 blasphemias
1405 986 1787 1046 examinantes,
1823 985 1886 1037 de
1913 1001 1973 1047 eo

395 1081 444 1126 et
475 1072 827 1127 sectatoribus
857 1075 969 1143 ejus
1002 1077 1317 1129 sententiam
1365 1076 1553 1143 {eratis
1585 1093 1602 1129 :
1634 1066 1757 1131 nam
1783 1088 1975 1145 prccter

395 1166 677 1223 innumera
700 1166 832 1228 alia,
859 1182 976 1234 qua:
996 1168 1152 1236 impie
1171 1169 1223 1220 in
1249 1166 1521 1221 Christum
1548 1167 1715 1221 Deum
1735 1180 1973 1223 nostrum

399 1258 682 1315 maledicta
730 1261 978 1321 evomuit,
1036 1260 1090 1312 id
1128 1277 1330 1330 quoque
1365 1261 1616 1330 protulit,
1660 1263 1828 1315 alium
1863 1279 1975 1317 esse

397 1348 564 1405 Deum
598 1348 847 1414 Verbum,
881 1350 1045 1411 alium
1074 1350 1341 1409 Christum
1363 1354 1454 1421 qui
1482 1354 1546 1406 ab
1569 1353 1736 1406 animi
1764 1364 1974 1423 pertur-

398 1441 697 1501 bationibus
722 1484 735 1507 ,
784 1452 833 1496 et
865 1444 1042 1497 carnis
1080 1446 1489 1512 cupiditatibus,
1523 1446 1827 1500 molestiam
1872 1447 1975 1515 ipsi

397 1532 762 1587 exhibentibus
790 1572 804 1597 ,
849 1536 1114 1602 paulatim
1147 1545 1204 1594 ut
1242 1554 1274 1595 a
1300 1537 1653 1591 deterioribus
1688 1537 1972 1601 desistens,

399 1634 612 1681 actuum
643 1625 885 1695 profectu
939 1627 996 1681 in
1047 1628 1235 1683 melius
1274 1631 1499 1685 euaserit
1528 1672 1542 1693 ,
1599 1629 1975 1699 inculpataque

397 1717 610 1788 optimae
640 1719 758 1779 vita:
790 1720 996 1778 ratione
1020 1737 1148 1776 usus
1165 1724 1256 1785 sit,
1287 1724 1378 1793 qui
1419 1732 1476 1776 ut
1510 1739 1675 1792 purus
1709 1722 1887 1789 homo,
1919 1722 1974 1774 in

399 1808 608 1867 nomine
636 1806 840 1873 Patris,
865 1821 914 1865 et
936 1810 1090 1875 Filii,
1113 1822 1161 1869 et
1184 1812 1418 1879 Spiritus
1445 1814 1620 1867 sancti
1648 1812 1970 1881 baptizatus,

398 1913 489 1965 per
513 1898 834 1967 baptismum
870 1886 1104 1970 gratiam
1152 1900 1389 1970 Spiritus
1434 1905 1607 1956 sancti
1638 1912 1970 1964 consecutus,

399 1989 681 2058 adoptione
715 1993 786 2046 sit
828 1995 1115 2063 dignatus,
1171 2006 1219 2048 et
1265 1997 1349 2049 ad‘
1373 1995 1776 2050 similitudinem
1820 1996 1978 2064 regia:

403 2085 657 2155 imaginis
694 2084 937 2141 Christus
979 2087 1030 2140 in
1068 2104 1291 2156 persona
1325 2088 1421 2142 Dei
1488 2087 1643 2147 Verbi
1679 2088 1976 2150 adoratus;

404 2186 456 2229 et
470 2187 589 2245 post
610 2178 1042 2236 resurrectionem
1062 2181 1242 2241 animo
1264 2180 1552 2243 constanti,
1577 2189 1625 2235 et
1645 2188 1976 2247 peccatorum

400 2284 565 2325 vacuo
583 2268 765 2335 fuerit.
797 2268 1069 2326 Praeterea
1091 2273 1455 2340 pronuntiavit
1478 2288 1595 2325 eam
1625 2271 1793 2340 fuisse
1826 2267 1979 2323 Verbi

400 2377 521 2414 cum
547 2359 759 2417 Christo
790 2364 1056 2427 unionem,
1083 2381 1202 2435 qum
1232 2375 1309 2419 est
1330 2365 1395 2419 ab
1418 2364 1672 2434 Apostolo
1706 2364 1851 2418 dicta
1882 2364 1981 2418 viri

399 2467 521 2515 cum
552 2453 847 2513 mulierem
884 2453 949 2507 Et
980 2464 1133 2509 erunt
1155 2456 1260 2513 duo
1290 2457 1344 2510 in
1377 2473 1483 2510 una
1515 2472 1694 2514 carne.
1740 2475 1758 2507 ι
1802 2455 1980 2511 Theo-

402 2540 528 2596 dori
585 2545 714 2597 item
753 2559 920 2613 prava
955 2543 1211 2616 dogmata
1278 2545 1634 2617 prosequitur
1679 2543 1981 2616 Hesychius

403 2632 690 2707 presbyter
712 2632 1235 2708 llierosolymitanus
1266 2637 1321 2691 in
1338 2638 1583 2691 Historia
1599 2636 1979 2703 ecclesiastica,

404 2724 565 2796 cujus
596 2727 758 2785 verba
788 2727 1091 2781 recitantur
1116 2728 1169 2782 in
1195 2728 1236 2783 V
1260 2730 1495 2799 synodo,
1513 2730 1694 2785 collat.
1723 2729 1776 2793 5,
1800 2729 1980 2785 ctalii.

478 2808 712 2886 Scripsit
730 2811 1016 2866 innumera
1042 2828 1211 2884 prope
1228 2816 1527 2876 volumina,
1556 2816 1609 2868 in
1633 2814 1835 2884 quibus
1859 2829 1982 2869 cum

403 2900 636 2955 aliorum
667 2901 906 2956 haereses
946 2916 1260 2973 Oppugnat,
1290 2916 1402 2959 tum
1451 2906 1567 2975 ipse
1608 2907 1744 2961 alias
1785 2914 1838 2960 et
1867 2904 1956 2976 μεί

405 2988 519 3053 ζονι
575 2989 652 3066 τῷ
708 2991 891 3062 μέτρῳ
922 2994 1181 3061 parturit,
1223 3004 1433 3049 etcum
1484 2996 1861 3064 Apollinarem
1895 3008 1984 3048 re-

404 3083 562 3146 fellit,
615 3081 852 3137 Nestorii
895 3084 1045 3153 impii
1083 3085 1336 3163 dogmata
1396 3088 1690 3155 expromit.
1739 3085 1982 3141 Joannes

403 3174 799 3238 Antiochcnus,
831 3184 884 3229 et
923 3177 1167 3246 synodus
1192 3176 1431 3233 Orientis
1457 3178 1533 3230 Ad
1561 3178 1810 3233 Proclum
1838 3178 1979 3234 Con-

405 3264 961 3337 stantinopolitanum,
1000 3275 1055 3319 ut
1082 3276 1165 3320 est
1194 3266 1337 3336 apud
1369 3266 1686 3323 Facundum
1720 3270 1815 3324 lib.
1855 3286 1976 3337 νιιι,

405 3367 532 3425 cap.
566 3355 626 3407 1:
661 3352 839 3409 Nimis
882 3359 1075 3411 anima:
1118 3366 1314 3411 nostra:
1344 3360 1632 3413 vulnerata:
1676 3370 1818 3423 sunt,
1853 3363 1980 3432 quia

407 3459 511 3501 non
537 3442 709 3501 solum
743 3461 838 3502 nos
876 3446 1100 3501 viventes
1129 3446 1263 3501 tales
1302 3449 1601 3503 calumnias
1635 3450 1699 3503 ab
1731 3452 1810 3505 his
1835 3491 1849 3516 ,
1892 3453 1983 3521 qui

409 3537 726 3595 conturbare
748 3537 927 3592 volunt
956 3537 1227 3593 Ecclesias
1265 3542 1510 3596 continue
1539 3545 1982 3608 sustinemus,sed

408 3632 571 3695 etiam
589 3632 677 3701 qui
705 3636 828 3686 bene
848 3631 910 3686 de
926 3633 1034 3686 vita
1052 3634 1316 3703 profectus
1345 3643 1422 3691 est
1450 3636 1631 3693 beatus
1654 3637 1980 3702 Theodorus,

410 3722 499 3795 qui
526 3722 751 3791 quinque
797 3733 846 3776 et
879 3723 1241 3794 quadraginta
1273 3727 1427 3780 annis
1467 3727 1609 3780 clare
1643 3729 1695 3781 in
1737 3729 1985 3783 doctrina

408 3810 698 3885 pra'futsit,
730 3820 778 3865 et
810 3829 1013 3869 onmem
1053 3814 1296 3869 haeresim
1328 3821 1668 3889 expugnavit,
1706 3829 1755 3874 et
1779 3821 1984 3874 nullam

411 3902 610 3961 alicubi
657 3903 1040 3959 detractionem
1082 3906 1146 3967 ab
1196 3907 1507 3963 orthodoxis
1553 3912 1607 3964 in
1654 3914 1760 3965 vita
1810 3916 1985 3971 susci—

408 3992 555 4063 piens
581 4031 595 4055 ,
625 4004 741 4067 post
775 3993 920 4065 longi
951 3997 1201 4065 tentporis
1237 3997 1357 4051 hinc
1400 4000 1729 4065 discessum,
1784 4012 1832 4057 et
1866 4015 1984 4071 post

412 4086 582 4140 multa
611 4088 924 4150 certamina,
956 4096 1002 4140 et
1035 4097 1153 4153 post
1186 4089 1361 4142 decem
1394 4090 1570 4147 millia
1604 4093 1863 4149 librorum
1891 4098 1989 4151 ad-

410 4189 590 4234 versus
643 4174 866 4227 haereses
914 4175 1147 4241 scripta,
1188 4184 1237 4228 et
1285 4186 1567 4244 postquam
1622 4181 1676 4234 in
1710 4195 1987 4251 conspectu

412 4264 747 4317 sacerdotum
778 4273 827 4317 et
868 4266 1251 4332 imperatorum
1284 4276 1334 4321 et
1366 4269 1681 4336 populorum
1732 4276 1985 4341 probatus

412 4364 512 4419 est,
551 4356 883 4421 periclitatur
910 4373 1029 4426 qua:
1059 4358 1431 4414 haereticorum
1468 4374 1591 4417 sunt
1626 4367 1906 4433 sustinere,
1934 4380 1982 4425 et

407 4449 519 4505 illis
535 4448 809 4517 proximus
833 4449 1143 4518 praedicari.
1174 4450 1281 4507 Nos
1307 4470 1373 4508 ex
1401 4463 1479 4508 tot
1503 4455 1679 4522 libris,
1700 4459 1822 4513 illos
1846 4477 1984 4530 quos

2077 627 2218 692 ptem
2250 620 2406 673 tomis
2438 619 2827 674 absolvebatnr.
2866 618 3050 688 Stylus
3088 618 3172 671 illi
3224 633 3388 686 neque
3420 617 3655 673 illustris

2073 724 2235 777 neque
2275 709 2426 762 valde
2461 710 2793 778 perspicuus.
2830 706 3066 779 Fugiens
3099 722 3219 761 vero
3245 749 3261 773 ,
3293 716 3553 775 quantum
3593 706 3658 761 in

2073 802 2187 870 ipso
2216 810 2294 854 est
2325 800 2610 871 allegorias
2633 841 2647 864 ,
2681 811 2727 854 et
2761 800 3112 853 historiarum
3142 798 3411 851 duntaxat
3442 798 3660 866 exposi-

2075 893 2267 947 tionem
2289 903 2546 955 tractans,
2569 892 2752 945 eadem
2780 890 3064 944 identidem
3099 890 3308 959 repetit,
3334 898 3383 942 et
3408 889 3658 957 ingratus

2074 991 2228 1051 atque
2259 982 2507 1036 molestus
2543 982 2729 1052 legenti
2759 981 2951 1034 accidit
2983 995 3003 1032 :
3033 980 3156 1048 quin
3189 988 3236 1033 et
3270 977 3506 1032 Nestorii
3535 995 3659 1057 sett-

2075 1073 2312 1137 tenliam,
2349 1075 2585 1143 quamvis
2614 1072 2710 1127 illo
2741 1074 2889 1141 prior
2912 1073 3096 1141 fuerit,
3140 1072 3299 1124 tacite
3332 1072 3513 1125 vomit.
3550 1069 3659 1127 Hic

2073 1180 2147 1223 est
2175 1168 2475 1224 Theodorus
2500 1170 2591 1224 ille
2624 1168 2979 1239 Mopsuestice.
3020 1168 3184 1221 Multa
3208 1168 3441 1236 hujusce
3465 1166 3658 1220 videre

2073 1268 2157 1314 est
2180 1260 2233 1314 in
2260 1261 2470 1316 catenis
2495 1260 2699 1321 Graecis
2724 1262 2779 1317 in
2803 1259 3062 1314 Cenesim.
3090 1259 3261 1328 Hujus
3283 1258 3659 1328 expositiones

2074 1365 2183 1402 non
2242 1366 2634 1421 usquequaque
2683 1351 2923 1420 probatae
2974 1357 3104 1404 sunt
3159 1364 3188 1402 a
3235 1348 3541 1416 Philopono
3596 1344 3659 1401 in

2076 1439 2392 1500 Hexaemeri
2436 1444 2780 1509 expositione.
2837 1442 3064 1496 Photius
3115 1439 3314 1494 ibidem
3346 1457 3359 1491 :
3395 1432 3563 1501 Οὗτος
3595 1437 3658 1490 δέ

2073 1535 2220 1587 ἐστιν
2248 1536 2276 1587 ὁ
2306 1534 2704 1604 Μοψουεστίας,
2725 1534 2783 1587 ὃν
2805 1534 2898 1587 καὶ
2923 1532 3180 1596 πλείστας
3206 1532 3434 1596 εὐθύνας
3475 1531 3662 1584 Ἰωάν-

2075 1642 2172 1701 νης
2203 1628 2231 1679 ὁ
2254 1626 2564 1692 Φιλόπονος,
2595 1626 2670 1691 ὡς
2699 1626 2859 1688 αὑτός
2883 1642 3039 1696 φησι,
3063 1625 3162 1695 τῆς
3195 1623 3454 1694 τοιαύτης
3481 1624 3662 1693 ἑρμη-

2074 1720 2223 1782 νείας
2258 1719 2315 1772 ἐν
2350 1719 2534 1790 οἰκείῳ
2559 1717 2637 1787 τῷ
2664 1720 2752 1784 εις
2778 1717 2891 1786 τὴν
2907 1718 3119 1773 Κτίσιν
3148 1718 3417 1787 πονήματι
3443 1713 3660 1785 ἐδείχθη

2079 1811 2387 1875 σπουδαίως
2432 1812 2891 1883 εἰσπραττόμενος
2926 1829 2938 1841 ·
2969 1811 3072 1865 Hic
3111 1819 3189 1863 est
3234 1807 3533 1869 Theodorus
3569 1807 3662 1861 ille

2080 1902 2423 1972 Mopsuestia:
2449 1944 2464 1968 ,
2502 1921 2535 1957 a
2576 1918 2678 1973 quo
2727 1918 3084 1970 swpcnumero
3138 1909 3347 1954 constat
3393 1900 3662 1953 Joannem

2082 1991 2457 2063 Philoponum,
2487 2001 2544 2045 ut
2576 1994 2789 2061 ipsemet
2819 1990 3039 2060 fatetur,
3066 1990 3325 2044 rationem
3352 1988 3662 2057 hujusmodi

2080 2085 2529 2153 interpretationis
2564 2082 2699 2141 bona
2747 2082 2850 2152 ﬁde
2903 2100 2966 2137 ac
2998 2083 3136 2141 serio
3184 2081 3419 2150 exegisse
3461 2080 3514 2133 in
3555 2094 3660 2134 sua

2080 2175 2157 2230 De
2190 2175 2433 2231 universi
2469 2174 2747 2229 creatione
2780 2188 2952 2241 opere.
2992 2175 3056 2226 Et
3089 2173 3341 2242 apertius
3382 2169 3507 2223 cod.
3533 2167 3605 2221 45
3640 2186 3655 2220 :

2081 2266 2191 2320 Καὶ
2222 2264 2531 2335 συμφωνῶν
2555 2267 2582 2317 ὀ
2615 2262 3124 2333 Φιλόπονο;.σχεδὸν
3159 2264 3215 2319 ἐν
3250 2263 3364 2322 τοῖς
3385 2259 3664 2322 πλείστοις

2082 2357 2349 2426 Βασιλείῳ
2396 2355 2473 2426 τῷ
2526 2356 2784 2426 Μεγάλῳ,
2836 2357 3181 2409 ἀντιπίπτων
3223 2353 3280 2406 δὲ
3317 2353 3383 2407 δι’
3416 2352 3535 2405 ὅλου
3578 2351 3665 2422 τῷ

2081 2448 2459 2519 Μοψουεστίας
2483 2446 2761 2520 Θεοδώρῳ,
2784 2447 2842 2511 ὃς
2867 2447 2964 2519 τὴν
2997 2448 3165 2518 αὐτὴν
3188 2446 3440 2499 ὑπόθεσιν
3462 2446 3663 2514 ἐνστης

2085 2541 2340 2611 σάμενος,
2381 2537 2737 2609 Ἐρμηνείαν
2763 2538 2876 2609 τῆς
2907 2540 3159 2604 κτίσεως
3194 2539 3256 2592 τὸ
3291 2538 3492 2608 βιῦλῐον
3523 2536 3662 2590 ἐπέ-

2083 2632 2324 2703 γραψεν·
2362 2623 2423 2683 οὗ
2465 2634 2563 2694 τὰς
2605 2630 2761 2696 δόξας
2807 2629 3095 2700 διελέγχων
3149 2632 3178 2683 ὁ
3227 2629 3516 2693 Φιλόπονος
3556 2628 3664 2698 τὴν

2084 2723 2333 2776 ἐναντίαν
2366 2723 2634 2794 ἐτράπετο
2667 2739 2679 2752 ·
2710 2725 2879 2791 Atque
2912 2731 2969 2774 ut
3008 2721 3215 2775 Basilio
3248 2718 3442 2790 Magno
3472 2718 3665 2771 Philo-

2085 2829 2254 2883 ponus
2291 2813 2581 2883 (lurimum
2612 2813 2719 2883 fere
2754 2815 3034 2876 consentit,
3065 2813 3140 2866 sic
3167 2828 3258 2881 per
3287 2811 3463 2866 omnia
3493 2808 3667 2862 Theo-

2086 2907 2216 2961 doro
2260 2906 2599 2977 Mopsuestia:
2650 2913 2941 2974 repugnat,
2980 2906 3069 2974 qui
3107 2905 3248 2963 idem
3287 2912 3665 2973 argumentum

2089 3014 2363 3069 aggressus
2391 3039 2405 3063 ,
2445 2996 2949 3069 interpretationem
2994 2995 3288 3053 creationis
3323 2994 3516 3048 librum
3573 2994 3668 3048 in-

2089 3090 2323 3159 scripsit,
2364 3088 2517 3158 cujus
2576 3089 2845 3156 opiniones
2906 3086 3232 3156 Philoponus
3284 3084 3667 3156 reprehendens

2009 3207 2055 3269 c
2088 3193 2275 3238 contra
2324 3184 2471 3236 nisus
2501 3189 2599 3237 est.
2644 3182 2707 3236 Et
2739 3181 2882 3250 quod
2923 3181 3093 3251 magis
3127 3190 3229 3246 est,
3280 3180 3334 3233 in
3375 3176 3417 3231 ν
3451 3176 3669 3248 synodo

2088 3276 2351 3348 generali,
2404 3274 2685 3339 collabi,
2726 3290 2788 3329 ea
2837 3283 3099 3343 tanquam
3151 3271 3438 3333 haeretica,
3473 3278 3527 3322 et
3556 3269 3670 3338 piis

2090 3368 2313 3423 auribus
2346 3366 2509 3421 noxia
2535 3366 2986 3420 condemnantur.
3020 3361 3179 3419 Unde
3208 3364 3369 3417 etiam
3390 3360 3673 3431 colligitur

2090 3474 2228 3527 opus
2255 3458 2307 3511 in
2340 3458 2521 3526 plures
2551 3456 2721 3509 libros
2757 3454 2925 3509 fuisse
2953 3455 3187 3509 divisum
3216 3451 3313 3523 (a).

2165 3548 2412 3603 Psalmos
2442 3562 2661 3618 quoque
2687 3546 2978 3602 Davidicos
3009 3545 3400 3601 commentario
3421 3554 3472 3599 et
3505 3558 3676 3613 expue

2094 3642 2386 3697 sitionihus
2421 3640 2726 3712 adornavit.
2764 3637 2839 3692 Ex
2870 3638 3022 3693 hisce
3056 3637 3489 3706 expositionibus
3518 3652 3677 3705 quae—

2092 3734 2215 3787 dam
2244 3733 2564 3797 recitantur,
2599 3732 2796 3802 quibus
2826 3730 2970 3786 illius
2999 3730 3241 3794 haeresis,
3284 3738 3337 3783 et
3386 3743 3510 3782 cum
3545 3725 3678 3782 Ne—

2104 3825 2275 3881 storio
2307 3840 2610 3880 consensus
2648 3825 3011 3888 convincitur,
3041 3838 3105 3878 ex
3135 3822 3529 3877 commentario
3554 3820 3680 3876 sci-

2095 3916 2221 3973 licet
2252 3918 2307 3972 in
2336 3918 2570 3987 psalmos
2616 3933 2746 3981 vm,
2787 3931 2877 3970 ut
2900 3957 2913 3981 ,
2942 3922 2997 3970 et
3040 3930 3206 3969 vam
3231 3956 3246 3981 ,
3280 3915 3336 3968 in
3366 3912 3410 3968 ν
3458 3913 3678 3981 synodo

2094 4009 2354 4078 generali,
2378 4009 2560 4065 collat.
2590 4008 2645 4071 4,
2674 4017 2728 4062 et
2757 4010 2811 4062 in
2837 4008 3101 4077 psalmum
3129 4023 3314 4070 xum,
3350 4022 3379 4060 a
3410 4006 3680 4060 Facundo

2098 4100 2481 4162 Hermianensi
2509 4099 2605 4155 lib.
2639 4115 2715 4163 Ix,
2754 4115 2876 4169 cap.
2911 4100 2963 4164 i,
2992 4109 3051 4153 ut
3082 4098 3428 4155 Theodorum
3459 4096 3529 4151 ab
3560 4096 3681 4151 har.-

2094 4193 2203 4248 resi
2234 4189 2665 4256 defendat.Quod
2682 4205 2749 4245 an
2774 4198 2921 4245 recte
2947 4191 3278 4260 praestiterit,
3298 4189 3527 4243 aliorum
3550 4196 3679 4245 esto

2090 4283 2377 4354 judicium.
2398 4278 2508 4335 Nos
2529 4280 2682 4335 aliter
2705 4282 2907 4334 sentire
2925 4282 3188 4351 cogimur,
3213 4282 3303 4349 qui
3335 4280 3538 4337 scimus
3567 4279 3678 4334 bas

2094 4376 2149 4429 in
2173 4373 2405 4444 psalmos
2426 4370 2795 4441 expositiones
2817 4371 2978 4423 etiam
3011 4370 3079 4431 ab
3103 4371 3220 4439 ipso
3250 4369 3539 4424 Theodoro
3554 4384 3675 4424 non

2096 4467 2266 4527 fuisse
2295 4478 2689 4535 usquequaque
2715 4463 2994 4531 probatas.
3028 4462 3192 4516 Multa
3225 4461 3370 4516 enim
3396 4463 3500 4517 sibi
3530 4460 3678 4517 etin.

410 4537 675 4593 adnotare
708 4534 897 4591 datum
940 4538 1065 4603 fuit,
1098 4544 1682 4601 commemorabimus.
1713 4544 1984 4602 Primum-
2019 4565 2063 4619 ι)
2093 4560 2257 4629 εἱεεε,
2296 4564 2354 4610 ut
2384 4534 2686 4625 incipienti,
2717 4570 2838 4624 qua:
2866 4556 3167 4608 maturiore
3192 4556 3556 4623 caStigatione
3582 4554 3679 4607 in-

407 4646 515 4702 que
544 4630 646 4684 sibi
691 4630 871 4687 locum
899 4631 1095 4687 habeat
1134 4634 1430 4704 Ἐρμηνεία
1466 4636 1568 4705 τῆς
1599 4638 1849 4702 κτίσεως.
1890 4639 1986 4695 Ιη-

412 4722 719 4789 terprelalio
746 4723 1054 4777 creationis.
1084 4722 1236 4791 Legit
1268 4741 1386 4779 eam
1424 4725 1654 4783 Photius
1689 4730 1740 4782 in
1778 4731 1985 4787 Biblio-

414 4812 561 4864 theca
591 4811 713 4867 cod.
738 4812 825 4863 58.
870 4813 1211 4884 Ἀνεγνώςθη
1252 4813 1529 4886 Θεοδώρου
1572 4818 1892 4890 Ἀντιοχέως
1927 4817 1986 4876 οὗ

411 4904 445 4975 ὴ
480 4901 797 4977 ἐπιγραφὴ,
842 4901 1158 4969 Ἐρμηνεία
1208 4902 1319 4973 τῆς
1357 4907 1627 4972 κτίσεως.
1678 4910 1765 4965 Ἐν
1800 4914 1989 4983 τόμοις

412 4994 554 5057 ἑπτὰ
578 4996 611 5062 ἡ
640 4991 831 5064 πρώτη
858 4993 1038 5062 βίϐλος
1067 4996 1404 5066 ἐπεραίνετο.
1424 4997 1534 5069 Τὴν
1566 5001 1622 5053 δὲ
1645 5003 1845 5073 φράσιν
1868 5006 1989 5059 οὐδὲ

411 5085 664 5157 λαμπρὸς
692 5126 706 5149 ,
739 5085 857 5138 οὐδὲ
888 5084 1008 5141 λίαν
1048 5088 1244 5160 σαφὴς.
1277 5088 1496 5157 Φεύγων
1547 5091 1605 5144 δὲ
1648 5094 1740 5147 τὸν
1766 5094 1990 5151 δυνατὸν

414 5177 563 5247 αὐτῷ
588 5177 789 5248 τρόπον
820 5179 918 5241 τὰς
947 5176 1298 5250 ἀλληγορίας,
1327 5180 1421 5232 καὶ
1459 5183 1600 5237 κατὰ
1624 5185 1722 5255 τὴν
1751 5187 1992 5259 ίστορίαν

412 5267 511 5339 τὴν
532 5270 829 5341 ἑρμηνείαν
855 5268 1174 5340 ποιούμενος
1196 5286 1208 5299 ·
1235 5272 1549 5341 ταυτολογεῖ
1569 5273 1625 5326 δὲ
1645 5275 1713 5327 τὰ
1743 5276 1990 5343 πλεῖστα,

416 5357 510 5417 καὶ
540 5357 732 5431 ἄχαρίς
768 5378 884 5422 πως
912 5361 1007 5414 καὶ
1043 5361 1212 5434 ἀηδὴς
1245 5358 1381 5417 εἶναι
1416 5364 1562 5419 δοκεῖ
1583 5382 1595 5397 ·
1646 5367 1783 5421 ἀλλά
1811 5372 1987 5429 καὶτὸ

415 5448 710 5525 Νεστορίου
744 5450 921 5523 δόγμα
948 5493 962 5515 ,
997 5453 1045 5506 εί
1083 5455 1176 5508 καὶ
1221 5455 1329 5527 πρὸ
1366 5456 1661 5528 Νεστορίου
1716 5460 1981 5533 ὑπῆρχεν,

415 5539 873 5612 ὑπερευγόμενος.
905 5537 1073 5609 οὗτος
1097 5547 1153 5600 δέ
1180 5548 1327 5603 ἐστιν
1353 5552 1381 5603 ὀ
1414 5551 1811 5619 Μοψουεστίας.
1849 5555 1977 5611 Lec-

419 5639 503 5685 tus
548 5632 810 5688 Theodori
843 5636 1156 5695 Antiocheni
1187 5640 1321 5695 liber
1363 5651 1442 5697 est
1481 5660 1602 5698 cum
1641 5644 1741 5698 huc
1792 5647 1985 5702 inscri-

486 5782 564 5860 (a)
591 5784 708 5840 Non
734 5787 786 5841 in
815 5789 1147 5860 creationem
1179 5795 1575 5860 tantummodo,
1610 5797 1661 5851 id
1683 5805 1764 5853 est
1792 5798 1843 5852 in
1875 5797 1982 5854 Ge-

417 5858 887 5927 nesimtscripsit
928 5859 1274 5927 Theodorus,
1326 5880 1516 5919 verum
1550 5858 1716 5919 etiam
1762 5867 1814 5921 in
1845 5871 1982 5925 alios

420 5926 589 5993 libros
628 5924 689 5986 γ.
739 5924 801 5987 Τ.
846 5929 976 5988 Mihi
1010 5924 1371 5991 occurrebant
1408 5935 1461 5991 in
1502 5935 1779 5994 Vaticanis
1825 5924 1978 5995 cedi;

2087 4652 2322 4721 digeanl,
2359 4648 2547 4705 scribit
2580 4647 2720 4701 idem
2752 4648 2868 4716 ipse
2917 4647 2985 4701 ad
3017 4646 3306 4701 Cerdonem
3342 4648 3435 4700 lib.
3471 4645 3548 4699 De
3583 4646 3678 4699 at.

2086 4742 2285 4812 legoria
2312 4750 2359 4793 et
2390 4740 2613 4793 historia
2656 4737 2906 4792 adversus
2956 4736 3231 4807 Origenem
3266 4740 3409 4808 apud
3453 4736 3677 4792 Facun-

2088 4835 2214 4889 dum
2252 4834 2346 4887 lib.
2384 4848 2468 4899 ιιι,
2504 4846 2626 4902 cap.
2660 4830 2714 4887 6.
2741 4840 2794 4885 et
2832 4831 2924 4883 lib.
2960 4847 3012 4884 κ.
3042 4847 3164 4900 cap.
3203 4831 3225 4884 1
3257 4851 3269 4885 :
3311 4830 3422 4900 Ego
3452 4831 3673 4901 quidem

2088 4926 2224 4995 quod
2267 4932 2451 4977 nostra
2489 4923 2566 4976 sic
2613 4922 2797 4976 laudes
2825 4963 2839 4984 ,
2888 4938 2990 4975 non
3024 4922 3117 4974 alii
3152 4923 3387 4992 cuipiam
3436 4922 3670 4991 imputo,

2087 5029 2244 5086 quam
2273 5013 2526 5065 amicitice
2545 5051 2559 5075 ,
2583 5028 2740 5081 quam
2773 5011 2919 5063 circa
2969 5026 3061 5062 nos
3093 5008 3252 5062 habes
3271 5048 3285 5070 ,
3317 5026 3474 5079 quam
3501 5009 3672 5063 etiam

2089 5108 2144 5160 in
2190 5105 2373 5159 multis
2430 5113 2480 5157 et
2524 5102 2730 5171 magnis
2782 5101 2934 5154 rebus
2989 5117 3190 5169 semper
3236 5100 3559 5156 ostendisti:
3619 5109 3674 5154 et

2090 5197 2323 5250 niaxime
2354 5193 2606 5263 quoniam
2652 5208 2713 5245 ea
2759 5208 2876 5261 qua:
2922 5192 3121 5259 scripta
3167 5190 3378 5244 suntin
3422 5191 3673 5258 psalmos

2095 5286 2335 5349 miraris,
2367 5300 2482 5352 qua:
2511 5284 2670 5337 etiam
2698 5283 2867 5351 primo
2917 5290 3224 5335 ca'terorum
3265 5282 3498 5334 omnium
3529 5282 3669 5335 scri-

2090 5378 2312 5444 psimus.
2355 5372 2479 5427 Non
2535 5382 2707 5425 autem
2737 5380 2991 5441 quantam
3035 5380 3341 5438 oportuerat
3383 5369 3667 5425 habuimus

2091 5469 2234 5521 circa
2264 5468 2422 5519 istam
2452 5480 2559 5523 rem
2580 5463 2943 5533 diligentiam;
2973 5462 3119 5530 passi
3146 5463 3285 5514 enim
3306 5478 3489 5519 sumus
3514 5479 3668 5532 qua:-

2090 5573 2291 5627 cunque
2319 5557 2645 5624 incipientes,
2681 5563 2736 5606 ut
2767 5553 2931 5607 evenit
2963 5592 2978 5615 ,
3012 5553 3067 5605 in
3094 5553 3361 5622 imperitia
3399 5554 3670 5607 scribendi

2090 5647 2367 5703 constituti
2403 5661 2421 5699 :
2455 5643 2714 5715 siquidem
2768 5652 2815 5697 et
2857 5642 3054 5696 multas
3100 5645 3529 5709 immutationes,
3570 5644 3666 5698 illo

2089 5800 2243 5853 cibus
2283 5797 2514 5867 sparsim
2565 5795 2808 5867 ejusdem
2849 5795 3091 5867 auctoris
3134 5794 3437 5867 fragmenta
3475 5794 3530 5849 id
3577 5803 3663 5867 est

2089 5871 2143 5921 in
2178 5863 2453 5932 modum,
2488 5867 2544 5920 in
2574 5865 2838 5923 Numeros
2859 5904 2874 5929 ,
2907 5865 2963 5917 in
2998 5864 3196 5933 Iosue,
3224 5863 3293 5921 ιη
3328 5863 3578 5932 Judices,
3606 5866 3662 5921 its

2094 5938 2260 5997 Isaia?
2293 5938 2631 6009 Ezechithue
2652 5952 2850 6009 preces,
2885 5937 2937 5991 in
2960 5935 3110 5991 odas.
