3920 6130
376 220 445 281 87
1648 223 1742 279 EX
1780 222 1960 281 LEON

2067 223 2346 291 ALLATU
3550 221 3618 278 ⁸8

377 332 673 407 symboiunt
724 334 1044 401 Nicetium,
1083 337 1387 396 sententias
1425 338 1651 395 Patrum
1698 340 1765 396 ad
1816 356 1948 398 suos

2065 342 2149 406 τὰς
2179 324 2361 407 δόξας,
2403 343 2499 396 ὅτε
2521 344 2652 406 ταῖς
2683 339 2851 396 αὗωὸ
2893 339 3353 413 περιτυγχάνουσι

381 439 604 483 errores
670 426 1112 497 comprobandos
1183 428 1532 500 detorquens.
1603 429 1955 489 Justinianus‘

2065 432 2148 484 sui
2185 432 2244 484 τὺ
2275 431 2582 502 περαιτέρω
2623 432 2850 503 χωρεῖν,
2893 427 3138 499 θορύϐων
3180 425 3292 482 ἔσθ’
3323 429 3413 482 ὅτε
3449 428 3624 482 τίκτει

368 516 678 589 imperator
701 517 755 575 in
786 519 982 575 Edicto
1008 535 1175 590 supra
1195 520 1448 577 laudato:
1494 522 1783 577 Ἀλλ”οὑδὲ
1824 522 1954 589 Qad-

375 601 552 678 δωρος
573 607 604 660 ὁ
637 606 904 678 Ἕλληνάς
936 623 996 661 τε
1021 610 1116 662 καὶ
1154 609 1439 674 Ἰουδαίους
1462 611 1555 677 καὶ
1576 610 1782 675 πάντας
1802 613 1954 682 αἱρε-

381 696 569 760 τικοὺς
607 699 676 768 τῇ
712 697 936 770 ἀσεϐείᾳ
967 699 1432 773 ῥπερϐαλὶώμενος
1460 718 1474 731 ·
1505 695 1658 773 οὗτος
1684 702 1792 776 γὰρ
1820 704 1954 775 πρὸς

379 787 499 849 cui;
545 786 743 851 ἄλλαις
791 788 956 851 αὐτοῦ
1012 790 1398 864 βλασφημίαις,
1459 793 1558 849 οὐκ
1598 778 1838 864 ἠρκέσθη

384 876 521 948 πρὸς
543 877 641 947 τὴν
669 879 804 933 ίδίαν
839 880 1046 953 πλάνην
1075 869 1524 954 παρερμηνεῢσαι
1555 883 1821 955 σύμϐολον
1843 884 1952 938 τῶν

380 970 707 1039 τριακοσίων
763 972 893 1049 δέκα
952 974 1046 1028 καὶ
1100 973 1243 1029 ὀκτὼ
1289 975 1455 1043 ᾁγίων
1506 976 1785 1047 Πατέρων,
1817 976 1952 1031 ἀλλᾶ

383 1057 479 1110 καὶ
500 1063 908 1133 περιφρονήσας
937 1062 1149 1127 τούτου,
1184 1064 1283 1117 καί
1322 1063 1393 1118 τὰ
1417 1062 1582 1133 ἑξῆς.
1638 1064 1819 1136 Neque
1847 1068 1954 1136 ipse

389 1146 695 1204 Theodorus
716 1192 731 1216 ,
768 1152 858 1222 qui
877 1169 1135 1224 paganos,
1161 1153 1410 1221 Iudicas,
1443 1172 1504 1209 ac
1542 1173 1720 1212 omnes
1745 1157 1955 1212 hwreti-

388 1255 477 1293 cos
501 1239 769 1311 impietate
794 1246 1097 1311 superavit;
1132 1245 1254 1298 huic
1291 1247 1431 1299 enim
1461 1257 1655 1317 praeter
1674 1247 1813 1303 alias
1837 1249 1953 1307 bla-

387 1328 650 1398 sphemiae
672 1348 775 1387 non
801 1334 932 1396 satis
958 1335 1059 1403 fuit
1099 1344 1217 1404 apte
1244 1336 1314 1398 ad
1351 1353 1505 1395 suum
1536 1330 1767 1396 errarem
1790 1340 1951 1409 perﬁ-

387 1419 536 1474 diose
570 1422 906 1492 interpretari
948 1425 1242 1497 symbolum
1290 1436 1642 1485 trecentorum
1694 1429 1867 1485 decem
1903 1440 1954 1485 et

389 1518 507 1567 acta
539 1510 840 1571 sanctorum
865 1515 1112 1582 Patrum,
1149 1518 1241 1577 sed
1265 1528 1556 1589 contempta
1582 1520 1694 1584 illo,
1738 1530 1844 1579 etc.
1876 1520 1952 1576 Ex

392 1600 494 1657 hac
530 1606 760 1676 symboii
793 1607 999 1663 Nicaeni
1036 1610 1484 1680 interpretatione
1515 1613 1761 1683 quaedam
1813 1613 1953 1669 refe-

388 1706 585 1751 runtur
615 1696 671 1751 in
697 1696 741 1757 Y
773 1699 1005 1769 synodo,
1041 1703 1223 1756 coilat.
1253 1703 1527 1772 sarpejam
1558 1704 1835 1773 praedicta.

448 1784 647 1855 quue
697 1789 917 1843 tandem
967 1798 1304 1860 contempto,
1358 1791 1577 1861 scripsit
1627 1792 1743 1864 ipse
1785 1801 1958 1849 marte

388 1877 613 1946 proprio
644 1879 948 1949 symbolum
988 1881 1137 1935 omni
1192 1881 1466 1951 impietate
1496 1883 1711 1953 plenum
1733 1926 1748 1952 ,
1780 1884 1834 1938 in
1871 1901 1959 1957 sy-

390 1964 532 2021 nodo
578 1966 851 2038 Epltesina
895 1977 948 2022 et
1002 1969 1433 2026 Chalcedonensi
1476 1973 1675 2027 lectum
1726 1984 1780 2030 et
1825 1990 1958 2030 con-

388 2057 727 2113 demnatum.
774 2058 918 2114 Idem
960 2057 1307 2117 Justinianus
1340 2062 1576 2125 ibidem:
1615 2064 1774 2119 Ἀλλὰ
1804 2083 1961 2137 περι-

390 2148 667 2218 φρονήσας
718 2149 947 2217 τούτου,
994 2152 1180 2224 ἕτερον
1229 2152 1497 2224 σύμϐολον
1536 2155 1747 2223 ἐξέθετο
1779 2157 1961 2229 πάσης

391 2237 642 2303 ἀσεϐείας
692 2241 1138 2314 πεπληρωμένον,
1194 2246 1251 2298 ὲν
1301 2239 1345 2314 ᾧ
1386 2245 1779 2317 ἀναθεματίσαι
1835 2249 1961 2313 τοὺς

392 2327 592 2400 ἑτέρως
623 2331 951 2415 φρονοῦντας
978 2335 1275 2407 ἐτόλμησεν
1307 2353 1320 2367 ·
1365 2336 1505 2395 ὥστε
1538 2339 1659 2393 ὅσον
1693 2339 1833 2393 κατὰ
1863 2339 1962 2411 τὴν

388 2417 600 2472 ἐκείνου
644 2421 843 2491 μανίαν
870 2423 1075 2488 πάντας
1105 2425 1231 2488 τοὺς
1266 2426 1454 2495 ᾁγίους
1491 2428 1818 2492 ἀποστόλους
1869 2431 1963 2485 καὶ

391 2507 642 2580 Πατέρας
677 2515 1125 2586 κατακεκρίσθαι.
1167 2515 1337 2570 Τοῦτο
1382 2517 1438 2570 δὲ
1483 2518 1543 2571 τὸ
1593 2519 1787 2583 ἀσεϐὲς
1835 2520 1963 2581 Θεοτ-

390 2599 564 2675 δώρον
597 2603 861 2673 σύμϐολον
893 2607 986 2659 καὶ
1016 2608 1073 2661 ὲν
1103 2610 1169 2680 τῇ
1210 2611 1328 2663 κατ’
1366 2610 1596 2678 Ἔφεσον
1628 2609 1819 2684 πρώτῃ
1844 2628 1965 2675 συν-

394 2692 524 2763 ὁδῳ,
566 2694 658 2755 καὶ
715 2695 773 2756 ὲν
819 2695 1121 2768 Χαλκηδόνι
1160 2699 1525 2768 ἀναγνωσθὲν,
1572 2701 1660 2769 ὑφ’
1700 2703 1965 2773 ἑκατέρας

391 2781 614 2841 συνόδου
641 2785 778 2855 μετὰ
802 2786 897 2839 τοῦ
923 2787 1219 2860 ἐκθεμένου
1252 2791 1344 2843 καὶ
1366 2791 1471 2844 τῶν
1501 2791 1806 2863 δεξαμένων
1836 2794 1965 2848 αὐτὸ

397 2874 711 2946 ιατεκρίθη.
745 2874 851 2931 Sed
880 2886 1172 2947 contempto
1201 2879 1317 2946 illo,
1359 2880 1506 2935 aliud
1538 2882 1781 2949 procudit
1824 2900 1968 2953 sym-

396 2963 573 3024 bolum
607 2966 752 3021 omni
778 2968 1045 3037 impietate
1082 2970 1333 3038 refertum
1359 3013 1374 3038 ,
1401 2974 1455 3031 in
1489 2988 1587 3042 quo
1616 2975 1774 3028 etiam
1813 2960 1967 3028 dam-

2054 518 2354 591 προφάσεις
2393 536 2407 549 ·
2463 519 2612 575 Sciat
2651 535 2768 583 aero
2800 520 3068 579 sanctitas
3113 527 3211 572 tua
3236 517 3375 588 quod
3404 519 3621 585 exposi-

2055 598 2194 679 tione
2220 652 2236 675 ,
2268 628 2386 682 qua!
2410 611 2543 677 nihil
2574 612 2695 670 sani
2714 611 2964 676 habebat,
3007 610 3072 664 ab
3094 626 3153 664 eo
3172 610 3469 678 conposita
3492 650 3509 674 ,
3541 608 3625 665 uti

2053 702 2297 767 dicebant
2326 705 2365 758 ii
2385 705 2474 775 qui
2502 719 2619 761 eam
2652 705 2944 759 attulerant
2969 742 2984 766 ,
3014 701 3158 770 apud
3194 711 3436 760 sanctam
3462 716 3624 779 syno~

2052 797 2177 853 dum
2203 796 2434 867 prolata.
2463 812 2578 851 eam
2608 795 2819 867 quidem
2855 792 3147 862 reprobaait
3173 802 3361 850 sancta
3390 789 3626 860 synodus

2054 897 2231 957 utpote
2250 887 2505 957 perversis
2535 886 2867 955 conceptibus
2896 885 3144 953 refertam
3163 924 3178 950 ,
3206 892 3257 937 et
3294 880 3624 936 Nestorium:

2055 980 2326 1047 impietate
2351 979 2506 1049 quasi
2532 979 2779 1049 ﬂuentem
2796 993 2815 1040 ;
2846 978 2923 1032 eis
2957 985 3132 1037 autem
3169 975 3264 1045 qui
3292 975 3371 1029 ita
3407 973 3626 1040 sapiunt

2054 1068 2440 1132 condemnatis,
2506 1067 2857 1135 dispensative
2903 1065 3108 1119 nullam
3156 1064 3255 1118 uiri
3307 1062 3625 1116 mentionem

2042 1160 2176 1231 fecit
2209 1200 2223 1226 ,
2284 1174 2377 1213 nec
2444 1159 2618 1226 ipsum
2670 1157 2984 1210 nominatim
3030 1153 3352 1209 anathemati
3398 1149 3626 1220 subiecit

2052 1257 2266 1316 propter
2304 1246 2784 1316 dispensationem,
2835 1260 2898 1305 ne
2927 1243 3124 1298 scilicet
3162 1240 3333 1312 aliqui
3374 1253 3626 1310 magnam

2054 1340 2156 1394 uiri
2190 1339 2488 1408 opinionem
2516 1347 2811 1406 spectantes
2828 1375 2844 1400 ,
2871 1352 2925 1390 se
2953 1335 3094 1404 ipsos
3114 1333 3181 1387 ab
3201 1331 3436 1395 ecclesiis
3462 1344 3624 1399 sapa—-

2055 1439 2255 1483 rarent.
2307 1427 2373 1484 In
2411 1428 2493 1483 his
2543 1445 2660 1483 vero
2710 1426 3098 1496 dispensatione
3134 1426 3234 1488 uti,
3272 1422 3527 1492 optimum
3557 1434 3629 1475 ω

2052 1519 2279 1587 prudens
2313 1528 2390 1573 est
2429 1518 2750 1584 consilium;
2776 1519 2824 1572 si
2858 1520 2998 1571 enim
3035 1516 3224 1570 uiueret
3256 1527 3393 1571 nunc
3413 1550 3429 1575 ,
3457 1519 3508 1564 et
3530 1508 3626 1564 de-

2056 1608 2234 1677 fensor
2263 1618 2397 1663 esset
2441 1606 2887 1678 blasphemiarum
2924 1605 3163 1661 Nestorii
3186 1619 3323 1668 ,seu
3361 1600 3494 1655 tueri
3515 1612 3625 1655 αα

1978 1709 2029 1764 ,Β
2055 1700 2352 1770 patrocinio
2379 1699 2526 1752 vellet
2555 1715 2639 1763 ea,
2671 1714 2786 1768 qua:
2813 1699 2922 1764 ipse
2939 1694 3440 1767 scripserat,utique
3454 1692 3626 1773 etiam

2059 1793 2110 1844 in
2142 1792 2359 1860 propria
2391 1805 2614 1858 persona
2645 1790 2976 1847 anathemate
2999 1790 3290 1858 feriretur:
3324 1793 3377 1838 at
3400 1798 3518 1837 cum
3553 1779 3626 1834 ad

2059 1882 2227 1936 Deum
2282 1883 2608 1953 migraverit,
2655 1891 2740 1936 sat
2782 1889 2893 1945 est,
2944 1888 3100 1950 prout
3131 1895 3223 1949 ego
3254 1893 3435 1933 censeo
3457 1915 3472 1938 ,
3506 1887 3627 1943 qua

2061 1973 2291 2027 absurda
2316 1981 2364 2027 et
2395 1975 2572 2041 inepta
2605 1972 2669 2027 ab
2709 1989 2769 2027 eo
2799 1973 3100 2040 conscripta
3129 1977 3274 2034 sunt,
3299 1966 3527 2036 expungi
3554 1969 3627 2021 ab

2060 2067 2126 2120 iis
2150 2066 2401 2135 qni'recte
2431 2068 2689 2130 sentiunt,
2732 2063 2941 2129 quando
2976 2062 3093 2133 ejus
3138 2060 3261 2114 libri
3300 2067 3628 2123 occurrant;

2061 2157 2281 2213 ulterius
2300 2164 2475 2209 autem
2504 2154 2771 2226 progredi,
2801 2164 2934 2209 esset
2958 2155 3113 2222 plane
3137 2152 3412 2206 turbarum
3432 2164 3630 2206 causas

2060 2249 2309 2305 excitare.
2357 2245 2518 2302 Falso
2564 2247 2748 2315 itaque
2786 2244 3130 2300 Justinianus
3168 2250 3448 2297 auctorem
3479 2253 3632 2309 sym-

2062 2340 2171 2393 boli
2220 2339 2534 2393 damnatum
2577 2352 2700 2393 esse
2744 2346 3043 2393 asseverat.
3084 2333 3374 2390 Facundus
3413 2331 3507 2385 lib.
3540 2345 3629 2393 tu,

2063 2445 2183 2500 cap.
2205 2429 2260 2495 2,
2293 2436 2452 2496 negat
2478 2436 2671 2498 aperte
2703 2427 3007 2499 symbolum
3045 2424 3177 2480 illud
3206 2424 3374 2481 fuisse
3405 2436 3633 2491 campo.

2060 2525 2229 2582 situm
2261 2539 2290 2577 a
2330 2522 2646 2587 Theodoro,
2686 2529 2740 2577 et
2775 2520 3201 2590 conscriptorem
3234 2516 3356 2585 ejus
3398 2512 3571 2568 fuisse
3600 2528 3632 2565 a

2063 2617 2223 2673 dictis
2247 2616 2469 2687 synodis
2508 2614 2974 2671 condemnatum:
3026 2609 3213 2668 Adhuc
3259 2618 3433 2661 tamen
3479 2603 3634 2660 aliud

2065 2725 2310 2778 magnum
2350 2723 2412 2760 ac
2449 2706 2643 2776 duplex
2680 2721 2861 2763 eorum
2882 2699 3581 2776 .mendaciwnpubliccmus
3614 2713 3633 2749 :

2064 2798 2200 2867 quod
2224 2795 2645 2853 Chalcedonense
2671 2795 2977 2856 concilium,
3005 2808 3108 2845 non
3132 2790 3380 2858 Ephesini
3400 2796 3634 2849 tantum,

2065 2904 2242 2943 verum
2290 2887 2449 2939 etiam
2506 2886 2670 2954 ipsius
2735 2881 3172 2938 Chalcedonensis
3204 2878 3414 2948 judicio
3465 2876 3639 2930 videri

2067 2977 2299 3032 notabile
2328 2975 2603 3035 voluerunt
2632 2973 2861 3031 dicentes
2890 2989 2908 3027 :
2946 2970 3207 3026 Theodori
3234 2967 3532 3038 symbolum
3581 2973 3640 3019 et

396 3071 526 3113 nate
556 3072 719 3119 ausus
739 3066 819 3111 est
852 3076 940 3114 eos
970 3060 1060 3129 qui
1094 3060 1249 3115 aliter
1281 3062 1346 3116 ab
1393 3063 1505 3133 ipso
1550 3066 1832 3130 sentirent,
1868 3076 1962 3133 ut,
1992 3045 2035 3102 (ἶ
2069 3069 2121 3121 in
2153 3066 2358 3137 Epheso
2391 3065 2485 3123 sub
2515 3075 2697 3122 sancto
2727 3062 2930 3133 Cyrilla
2959 3062 3188 3133 synodus
3209 3102 3223 3127 ,
3263 3070 3313 3114 et
3335 3059 3390 3111 in
3416 3055 3645 3112 Chalce-

395 3157 652 3217 quantum
686 3150 741 3203 in
772 3166 827 3205 se
855 3151 1019 3205 situm
1041 3163 1177 3217 erat,
1203 3153 1528 3213 damnarerit
1560 3171 1736 3210 omnes
1755 3168 1964 3211 sanctos

396 3240 663 3308 apostolos
696 3249 746 3294 et
780 3240 993 3305 Patres.
1059 3241 1172 3299 Hoc
1212 3253 1385 3297 autem
1438 3245 1654 3313 impium
1707 3243 1967 3301 Theodori

396 3329 691 3401 symbolum
724 3332 848 3389 etin
879 3332 1079 3402 synodo
1114 3335 1286 3401 prima
1327 3333 1586 3403 Ephesina
1617 3344 1669 3389 et
1709 3336 1763 3389 in
1805 3334 1969 3390 Chal-

396 3420 675 3482 cedonensi
697 3421 890 3477 lectum
909 3464 925 3490 ,
956 3423 1021 3476 ab
1054 3433 1279 3495 utraque
1309 3440 1415 3478 una
1441 3441 1558 3479 cum
1589 3435 1801 3485 auctore
1830 3426 1965 3494 ejus,

394 3518 445 3566 et
476 3510 532 3563 id
569 3509 940 3580 recipientibus
990 3511 1303 3567 damnatum
1342 3514 1463 3581 fuit.
1522 3514 1758 3584 Cyl-illus
1789 3524 1968 3570 tamen

395 3599 796 3663 Alexandrinus
820 3642 835 3667 ,
870 3602 959 3658 cui
994 3604 1049 3657 in
1076 3603 1178 3658 hoc
1216 3604 1431 3674 negotio
1465 3604 1641 3673 major
1683 3605 1817 3660 ﬁdes
1870 3605 1970 3659 ha-

397 3691 575 3752 benda
607 3700 713 3758 est,
745 3694 1048 3763 symbolum
1082 3703 1290 3750 tantum
1324 3697 1376 3750 in
1406 3694 1683 3767 Ephesina
1711 3696 1971 3751 condem-

401 3793 590 3843 natum
620 3783 789 3848 dicit,
815 3786 964 3840 nulla
988 3784 1128 3840 facta
1154 3786 1221 3841 de
1241 3787 1389 3842 illius
1419 3795 1642 3842 auctore
1672 3788 1964 3853 mentione,

399 3875 546 3944 quod
591 3876 703 3945 jam
750 3876 807 3931 in
853 3878 991 3935 vivis
1058 3893 1180 3933 esse
1231 3879 1505 3933 desiisset.
1565 3878 1658 3933 Sic
1707 3878 1852 3932 enim
1912 3877 1968 3931 in

404 3965 644 4036 Epistola
661 3966 731 4022 ad
748 3966 1022 4033 Proclum,
1057 3967 1699 4038 Constantinopolitanum
1734 3968 1970 4036 patriar-

399 4060 553 4115 eham
586 4060 698 4128 (ed.
730 4060 972 4122 Aubert,
1010 4067 1051 4113 t.
1085 4057 1149 4126 V,
1198 4067 1340 4128 part.
1391 4073 1464 4123 ll,
1513 4074 1566 4128 p.
1601 4057 1770 4127 200):
1808 4057 1971 4110 Ἵστω

398 4149 458 4204 δὲ
494 4151 529 4220 ἡ
563 4149 630 4222 σὴ
664 4150 881 4219 ὁσιότης
913 4151 996 4204 ὅτι
1033 4148 1487 4226 προσενεχθείσης
1518 4151 1584 4220 τῇ
1610 4149 1741 4219 ἁγίᾳ
1770 4148 1972 4218 συνόδῳ

402 4239 672 4303 ἐκθέσεως
712 4240 843 4310 παρ’
874 4239 1041 4293 αὐτοῦ
1071 4239 1460 4311 συνταχθείσης
1479 4278 1494 4303 ,
1525 4240 1600 4303 ὡς
1637 4242 1683 4293 οἱ
1716 4257 1971 4309 προενεγ-

2066 3159 2199 3231 done
2231 3159 2702 3214 condemnaverunt
2721 3200 2736 3223 ,
2764 3166 2919 3225 atque
2940 3153 3265 3210 anathemati
3287 3149 3642 3206 subdiderunt

2067 3268 2185 3305 cum
2210 3251 2562 3320 conscriptorc
2592 3249 2742 3317 ejus;
2775 3263 2892 3301 cum
2939 3248 2994 3300 in
3028 3243 3295 3314 Ephesiae
3323 3239 3523 3310 synodo
3551 3256 3643 3292 re-

2069 3343 2273 3412 feratur
2303 3341 2516 3410 quidam
2553 3341 2759 3394 nomine
2801 3337 3076 3396 Charisius
3111 3334 3396 3405 presbyter,
3421 3340 3470 3386 et
3496 3345 3643 3384 a’coa

2069 3451 2253 3489 namus
2282 3431 2686 3501 Philadelphia,
2722 3431 3042 3499 nescioquas
3072 3426 3362 3481 Antonium
3394 3432 3443 3477 et
3467 3421 3642 3476 Jaco-

2070 3524 2190 3579 bum
2221 3523 2552 3593 presbyteros
2580 3537 2863 3587 accusasse
2892 3520 2956 3573 de
2997 3518 3248 3573 societate
3274 3511 3511 3568 Nestorii
3535 3550 3551 3574 ,
3584 3519 3643 3564 at

2068 3615 2308 3671 docuisse
2346 3611 2483 3684 quod
2529 3629 2633 3666 non
2672 3610 2925 3667 Ecclesia:
2962 3607 3293 3681 symbolum,
3319 3605 3419 3659 .sed
3446 3602 3603 3657 aliud
3628 3642 3646 3664 ,

2069 3706 2327 3762 conversis
2360 3702 2930 3771 Tessurescwdecatitis
2950 3699 3232 3760 ha'reticis,
3262 3697 3356 3765 qui
3378 3711 3489 3749 non
3516 3707 3649 3746 cum

2072 3795 2351 3857 Ecclesia,
2389 3793 2480 3848 sed
2532 3791 2930 3863 quartadecima
2977 3789 3103 3843 luna
3149 3786 3356 3840 Pascha
3404 3781 3649 3838 celebra-

2072 3890 2235 3951 bant,
2285 3885 2659 3949 tradiderunt;
2715 3897 2807 3935 nec
2857 3880 2931 3935 ibi
2990 3879 3235 3942 dicatur,
3285 3875 3362 3931 cel
3412 3873 3477 3929 ab
3524 3874 3650 3936 ipso

2073 3975 2340 4040 Charisio,
2376 3974 2453 4029 vel
2483 3991 2516 4027 a
2544 3989 2808 4044 quoquam
2830 4011 2845 4036 ,
2878 3969 3011 4024 illud
3043 3968 3337 4038 symbolum
3383 3964 3651 4019 Theodori

2073 4068 2257 4137 fuisse.
2302 4067 2499 4121 Beatus
2536 4063 2770 4136 Cyrillus
2801 4062 3031 4121 scribens
3069 4056 3428 4117 Orientalibus
3463 4054 3590 4109 dicit
3628 4071 3649 4109 :

2074 4158 2295 4212 Prolata
2321 4167 2397 4213 est
2430 4157 2484 4216 in
2513 4166 2701 4212 sancta
2729 4153 2929 4224 synodo
2962 4151 3226 4219 Ephesina
3264 4146 3523 4218 definitio,
3560 4162 3650 4199 re-

2075 4250 2172 4304 luti
2202 4266 2235 4302 a
2277 4247 2547 4302 Theodoro
2574 4247 2831 4316 deposita,
2874 4243 3036 4303 sicuti
3068 4242 3338 4313 offerentes
3375 4235 3646 4293 dicebant.

400 4332 588 4395 κύντες
604 4330 859 4401 ἔφασκον,
892 4331 1045 4389 οὐδὲν
1068 4330 1295 4403 ἐχούσης
1320 4331 1487 4400 ὑγιὲς,
1520 4331 1964 4404 κατεκιϐδήλευσε

2078 4337 2189 4393 Nec
2217 4339 2457 4409 afﬁrmat
2485 4355 2602 4394 eam
2637 4336 2894 4399 Theodori
2920 4335 3104 4403 fuisse,
3120 4348 3305 4393 rerum
3338 4345 3497 4399 neque
3522 4344 3652 4382 cum

403 4421 507 4495 μὲν
543 4422 714 4495 αὐτὴν
738 4425 771 4496 ἡ
795 4423 925 4493 ἁγία
947 4422 1182 4487 σύνοδος.
1208 4423 1283 4487 ὡς
1307 4422 1754 4495 διεστραμμένων
1778 4423 1975 4495 γέμου-

403 4528 504 4571 σαν
546 4514 793 4578 ἐννοιῶν,
836 4515 927 4569 καὶ
969 4515 1068 4588 τὴν
1110 4515 1404 4587 Nec-copiae
1446 4515 1765 4579 δυσσέϐειαν
1816 4516 1973 4569 οἱονεί

404 4623 520 4670 πως
561 4606 912 4677 πηγάξουσαν
939 4623 953 4638 ’
986 4607 1359 4678 κατακρίνασα
1400 4605 1458 4661 δὲ
1502 4607 1629 4671 τοὺς
1656 4605 1799 4659 οὕτω
1844 4622 1976 4679 φρο-

401 4697 628 4760 νοῦντας
652 4737 668 4761 ,
700 4697 1059 4767 οἰκονομικῶς
1088 4697 1188 4765 οὐκ
1214 4697 1585 4768 ἐμνημόνευσε
1616 4695 1711 4749 τοῦ
1752 4695 1941 4768 ἀνδρὸς
1959 4735 1974 4760 ,

404 4787 526 4841 οὐδὲ
555 4787 717 4840 αὑτὸν
740 4787 1011 4856 ὑπέθηκεν
1050 4789 1310 4858 ὀνομαστὶ
1340 4786 1418 4857 τῷ
1457 4786 1882 4858 ἀναθεματισμῷ
1912 4785 1980 4843 δι’

402 4877 746 4948 οίκονομίαν,
796 4877 884 4930 ίνα
933 4879 1008 4948 μή
1049 4894 1193 4941 τινες
1232 4880 1298 4949 τῇ
1342 4866 1606 4950 ὑπολήψει
1644 4877 1739 4932 τοῦ
1786 4879 1979 4950 ἀνδρὸς

403 4967 843 5045 προσεσχηκότες
876 4967 1222 5022 ἀποϐάλωσιν
1252 4970 1480 5033 ἑαυτοὺς
1508 4970 1615 5032 τῶν
1646 4958 1972 5040 ἐκκλησιῶνέ

410 5061 478 5115 Ἦ
516 5059 574 5115 δὲ
617 5061 676 5113 ιν
710 5059 922 5124 τούτοις
959 5058 1238 5131 οἰκονομία
1274 5061 1494 5133 ἄριστόν
1542 5078 1594 5114 τι
1644 5062 1832 5143 χρῆμα
1882 5062 1976 5117 καὶ

403 5153 566 5219 σοφόν
603 5168 617 5181 ·
652 5152 704 5205 εί
744 5151 844 5224 μὶν
880 5151 989 5224 γὰρ
1036 5146 1105 5224 ἦν
1140 5153 1199 5205 ιν
1244 5155 1356 5217 τοῖς
1385 5152 1549 5217 ζῶσιν
1577 5153 1656 5207 ἔτι
1680 5195 1695 5220 ,
1733 5155 1825 5209 καὶ
1853 5154 1971 5208 σύν-

400 5230 566 5305 quia;
589 5235 658 5311 ἦν
684 5243 803 5307 ταῖς
833 5230 1130 5313 Νεστορίου
1162 5241 1567 5317 δυσφημίαις,ἢ
1590 5243 1973 5316 συναγορεύειν

400 5330 592 5402 ἢθελεν
626 5325 710 5395 οἷς
749 5331 987 5403 ἔγραφεν
1010 5333 1210 5398 αὐτὸς,
1245 5332 1510 5387 πέπονθεν
1548 5333 1617 5388 ἂν
1648 5335 1741 5387 καὶ
1769 5335 1859 5389 τὸν
1894 5334 1972 5399 είς

401 5422 534 5477 ίὸιον
561 5420 852 5492 πρόσωπον
878 5421 1319 5495 ἁναθεματισμὸν
1335 5441 1348 5455 ⁸
1366 5424 1553 5498 ἐπειδὴ
1573 5426 1629 5480 δὲ
1656 5426 1972 5499 ἀπεδήμησε

403 5511 539 5586 πρὸς
567 5511 722 5575 Θεὸν,
751 5512 912 5582 ἀρκεῖ
937 5512 1184 5586 καθάπερ
1220 5509 1432 5587 ἐγῷμαι
1454 5517 1522 5570 τὰ
1551 5518 1794 5583 ἐκτόπως
1824 5518 1973 5589 αὐτῷ

403 5600 768 5681 γεγραμμένα
812 5601 1169 5661 ἐκϐάλὶεσθαι
1215 5600 1365 5679 παρὰ
1400 5608 1508 5663 τῶν
1536 5608 1709 5680 ὀρθῶς
1742 5611 1973 5681 ἑχόντων

474 5695 493 5733 ⁸
523 5691 681 5755 lusa.
717 5707 812 5764 vn,
849 5692 936 5749 51.

2072 4431 2184 4501 ejus
2215 4431 2589 4497 conscriptore,
2626 4438 2683 4483 ut
2719 4427 2811 4481 isti
2834 4426 3135 4501 conﬁngunt
3161 4422 3317 4491 refert
3349 4436 3460 4475 esse
3489 4416 3651 4473 dam-

2074 4531 2279 4584 natam,
2305 4522 2430 4591 quia
2454 4534 2503 4575 et
2529 4535 2622 4575 nec
2635 4520 2782 4588 juste
2812 4518 2981 4587 ﬁeret.
3013 4535 3032 4568 ι
3064 4514 3172 4584 Lex
3206 4513 3349 4578 enim
3382 4518 3586 4569 nostra,
3624 4526 3645 4559 ι

2073 4611 2211 4664 sicut
2246 4612 2302 4662 in
2328 4607 2612 4679 Evangelia
2644 4606 2895 4676 scriptum
2927 4615 3028 4669 est,
3064 4623 3082 4657 ι
3114 4620 3213 4656 non
3236 4600 3443 4671 judicat
3473 4596 3651 4650 hami-

2077 4716 2213 4764 nem,
2253 4700 2357 4753 nisi
2400 4699 2627 4752 audierit
2670 4697 2733 4751 ab
2776 4713 2837 4755 eo
2864 4697 3010 4766 prius
3036 4735 3051 4758 ,
3084 4705 3133 4760 et
3181 4691 3474 4762 cognoverit
3512 4683 3650 4758 quid

2079 4790 2244 4857 faciat
2276 4792 2316 4844 ⁸.
2355 4807 2374 4840 ι
2413 4786 2639 4841 Falsum
2665 4804 2786 4857 ergo
2811 4797 2922 4852 est,
2951 4797 3001 4841 et
3034 4783 3172 4855 quod
3209 4782 3347 4836 dixit
3388 4778 3527 4849 apud
3550 4794 3653 4847 sy-

2078 4879 2271 4937 nodum
2304 4878 2621 4948 Ephesinam
2640 4877 2898 4931 Theodori
2929 4874 3221 4947 symbolum
3250 4889 3366 4925 cum
3394 4886 3488 4924 suo
3511 4867 3652 4922 scri-

2075 4979 2224 5036 ptore
2275 4968 2609 5024 damnatum.
2660 4966 2727 5022 In
2777 4967 3102 5025 Chalcedone
3158 4966 3315 5020 etiam
3363 4977 3468 5016 non
3513 4957 3652 5016 alibi

2079 5061 2274 5119 mentio
2299 5057 2559 5121 Theodori
2581 5058 2726 5128 facta
2748 5069 2847 5122 est,
2880 5059 2983 5113 nisi
3016 5056 3111 5111 ubi
3150 5071 3216 5112 es:
3256 5053 3480 5123 epistola
3500 5066 3657 5105 uene.

2077 5153 2261 5207 rabilis
2307 5150 2417 5209 Iba:
2455 5152 2734 5212 recitatum
2773 5161 2850 5205 est
2900 5167 3088 5207 nomen
3129 5149 3267 5219 ejus.
3314 5146 3650 5217 Cognoscant

2078 5247 2255 5315 itaque
2274 5261 2328 5299 se
2350 5243 2482 5303 nihil
2503 5245 2613 5305 suis
2637 5242 3057 5313 subreptiouibus
3098 5239 3383 5310 profecisse
3408 5276 3422 5301 ,
3455 5234 3647 5307 quibus

2079 5337 2311 5392 obtinere
2363 5338 2539 5391 conati
2594 5343 2758 5399 sunt,
2812 5344 2870 5388 ut
2924 5329 3364 5393 Chalcedonensis
3413 5324 3647 5397 synodus

2079 5429 2181 5484 sibi
2229 5430 2505 5482 contraria
2550 5427 2831 5490 uideretur,
2886 5426 3185 5494 upprabans
3225 5419 3505 5492 epistolam
3530 5416 3650 5470 lau-

2079 5522 2291 5576 dantem
2318 5519 2643 5575 Theodorum
2666 5559 2682 5586 ,
2718 5534 2868 5590 quem
2907 5532 3025 5571 cum
3052 5514 3289 5587 symbolo
3310 5509 3649 5577 damnaverit

2080 5629 2197 5669 suo.
2233 5610 2375 5684 Lege
2408 5613 2573 5668 etiam
2602 5609 2848 5684 ejusdem
2878 5608 3002 5665 libri
3031 5607 3329 5687 capitulum
3350 5602 3603 5676 quintum
3624 5634 3648 5667 ,
