3920 6130
2486 166 2507 171 ,.
2524 160 2671 193 NVT...

328 237 392 298 9.
1592 237 1683 291 ex
1708 236 1955 293 LEONIS
1992 237 2266 295 ALLATll
3503 239 3573 295 92

332 353 578 425 ἀγεννῶς
630 354 1073 426 ἀγωνισάμενος,
1102 353 1223 409 ’καὶ
1293 357 1393 427 τὴν
1455 355 1732 409 Βασιλείου
1802 355 1928 416 τοῦ,

2032 358 2098 413 rit.
2134 356 2208 411 Ex
2245 373 2310 413 eo
2345 358 2608 412 nonnulla
2651 357 2998 413 adducuntur
3032 357 3089 411 in
3141 357 3378 413 concilio
3411 356 3452 411 ν
3480 377 3578 430 ge-

336 446 646 511 θεσπεσίου,
682 446 880 517 μᾶλλον
899 447 953 499 δὲ
983 446 1079 516 τῆς
1108 446 1381 514 ἀληθείας,
1418 446 1697 518 κρατύνων
1726 446 1901 512 δόξαν.

338 539 491 595 Idem
541 540 624 594 hic
676 540 970 594 Theodorus
1021 540 1109 592 ille
1152 548 1271 606 est,
1303 541 1394 610 qui
1427 541 1689 596 adversus
1719 540 1904 595 Euno-

340 630 509 684 miuui
543 631 693 684 libris
731 642 846 684 octo
879 642 928 683 et
964 632 1145 700 viginti
1181 649 1284 685 non
1316 634 1542 699 segniter
1571 634 1908 703 depugnavit,

340 728 391 771 et
415 720 588 771 sancti
630 718 821 771 Basilii
861 720 936 773 vel
978 721 1245 787 ipsiusmet
1295 723 1532 775 veritatis
1581 724 1754 789 potius
1791 740 1911 777 sen-

345 810 562 861 tentiam
593 810 946 877 conﬁrmavit.
1012 800 1087 864 lit
1110 813 1232 866 cod.
1276 812 1379 866 158
1404 852 1418 874 ,
1448 812 1691 879 ejusdem
1726 815 1910 882 operis

341 900 625 961 meminit,
685 899 753 953 de
800 900 1047 954 Eunomii
1093 901 1341 956 adversus
1395 903 1652 956 Basiliam
1708 905 1911 973 scripto

322 990 650 1046 -edisscrens
685 1008 698 1045 :
745 985 819 1045 Οὗ
872 995 1254 1063 περιτυχόντες
1306 994 1608 1065 ﬂammeos.
1639 997 1732 1049 καὶ
1772 998 1913 1067 rm"

234 1086 239 1093 ’
341 1082 525 1152 γόριος
554 1082 790 1153 δύσσης,
818 1086 912 1137 καὶ
933 1086 1254 1155 Σωφρόνιος,
1292 1078 1364 1138 ὧν
1390 1086 1738 1159 ἐμνήσθημεν
1772 1086 1913 1140 ἄνω-

344 1171 476 1239 θεν,
535 1174 755 1236 πολλαῖς
804 1176 1011 1238 αἰκίαις
1066 1176 1238 1243 λόγων
1287 1176 1703 1247 λωϐησάμενοι,
1761 1178 1914 1231 οὐδὲν

343 1258 505 1334 ἦττον
562 1262 655 1316 τοῦ
704 1266 969 1336 προτέρου
1011 1265 1231 1334 νεκρὸν,
1281 1266 1375 1318 καὶ
1423 1267 1603 1335 πάσης
1644 1267 1915 1330 ἀπόζοντα

345 1354 682 1424 ἀκαθαρσίας
728 1355 805 1424 τῷ
858 1356 1206 1425 γεγεννηκότι
1259 1356 1570 1428 ἀπέρριψαν
1602 1374 1616 1388 ·
1654 1357 1722 1411 In
1775 1361 1915 1428 quod

345 1442 626 1495 incidentes
662 1442 982 1506 Theodorus,
1019 1454 1067 1497 et
1108 1443 1387 1516 Gregorius
1415 1444 1707 1517 Nyssenus,
1761 1460 1917 1519 atque

346 1531 691 1600 Sophronias.
718 1551 936 1603 quorum
961 1551 1121 1603 supra
1146 1546 1223 1590 est
1268 1554 1301 1590 a
1344 1538 1493 1592 nobis
1525 1538 1670 1607 facta
1696 1541 1913 1603 mentio,

347 1624 526 1677 multis
549 1640 846 1677 sermonum
875 1625 1048 1696 plagis
1075 1644 1177 1681 non
1212 1644 1360 1681 secus
1388 1645 1545 1697 quam
1575 1630 1722 1695 prius
1769 1632 1917 1685 aliud

2005 448 2201 511 nerali,
2224 435 2515 502 collatione
2546 448 2579 502 4
2607 448 2807 518 saepius
2842 447 3081 502 laudata.

2076 536 2298 594 Librum
2336 540 2462 594 item
2501 538 2569 593 ad
2622 539 2992 608 baptizandos.
3023 539 3102 593 Ex
3147 553 3257 609 quo
3308 542 3574 596 nonnulla

2009 630 2313 687 aﬂ‘eruntur
2340 632 2395 686 in
2438 631 2481 685 V
2512 631 2744 702 synodo,
2771 631 2952 686 collat.
2985 632 3153 696 dicta,
3190 639 3244 686 et
3274 632 3455 711 aliqua
3490 647 3578 688 reo

2009 724 2145 776 citat
2174 720 2465 777 Facundus
2490 722 2583 776 lib.
2625 738 2697 786 Ix,
2728 737 2849 792 cap.
2879 723 2932 788 5,
2963 737 3029 774 ex
3062 722 3202 776 libro
3239 722 3306 775 ad
3338 712 3582 790 baptiza-

2013 815 2113 862 tos.
2144 808 2364 863 ldemne
2403 810 2455 863 id
2488 810 2671 873 fuerit,
2705 824 2773 863 an
2800 811 3074 864 diversum
3097 810 3274 879 opus?

2082 899 2158 954 De
2175 900 2552 955 Incarnatione
2576 902 2743 957 libros
2764 918 2854 955 xv.
2884 900 3101 957 Decimo
3122 902 3314 971 quinto
3344 916 3580 972 namque

2014 990 2155 1044 libro
2186 991 2360 1060 ipsum
2389 999 2559 1045 totum
2595 1007 2732 1061 opus
2758 991 2836 1044 De
2869 989 3243 1044 lncarnatione
3285 991 3576 1053 conclusit,
3670 1034 3691 1049 .

2016 1090 2075 1136 ut
2116 1080 2281 1137 refert
2319 1080 2611 1137 Facundus
2650 1083 2745 1136 lib.
2795 1097 2870 1147 ix,
2914 1096 3035 1152 cap.
3080 1083 3133 1136 3.
3177 1081 3374 1137 Eorum
3418 1096 3582 1150 argu-

2014 1177 2198 1225 menta
2247 1178 2496 1226 recenset
2553 1171 2869 1226 Gennadius
2922 1170 2994 1223 De
3041 1170 3165 1223 viris
3194 1170 3274 1223 ill.
3303 1184 3427 1239 cap.
3465 1169 3578 1223 ηε

2020 1260 2318 1314 Theodorus
2349 1260 2689 1316 Antiocheua:
2721 1259 2967 1314 Ecclesite
2993 1261 3275 1330 presbyter.
3312 1261 3392 1313 vir
3414 1261 3585 1313 scien-

2018 1351 2095 1403 tia
2123 1359 2334 1413 cautus,
2358 1361 2406 1404 et
2435 1350 2613 1418 lingua
2637 1349 2889 1411 disertus,
2911 1349 3122 1415 scripsit
3145 1347 3390 1401 adversus
3419 1346 3582 1413 Apol-

2019 1441 2292 1494 linaristas
2330 1449 2380 1495 et
2420 1440 2780 1494 Eunomianos
2817 1439 2894 1495 De
2938 1439 3319 1493 lncaruatione
3364 1437 3582 1491 Domini

2018 1530 2183 1585 libros
2208 1529 2528 1600 quindecim,
2568 1531 2637 1585 ad
2664 1530 2958 1601 quindecim
2988 1529 3157 1583 millia
3186 1544 3427 1583 versuum
3457 1543 3585 1581 con—-

2020 1622 2258 1676 tinentes.
2295 1622 2361 1675 In
2405 1622 2592 1691 quibus
2621 1623 2826 1675 ratione
2860 1621 3146 1689 purissima
3187 1627 3237 1674 et
3269 1617 3583 1672 testimoniis

347 1715 674 1782 conficientes
693 1758 706 1780 ,
742 1717 860 1785 jam
877 1735 986 1785 prie
1009 1720 1313 1786 impnritate
1335 1720 1535 1773 alidum
1562 1721 1614 1774 in
1650 1732 1915 1778 auctorem

2032 1689 2656 1779 Scripturarumbostendit
2678 1710 2959 1764 Dominum
2973 1708 3176 1770 Iesum,
3196 1710 3331 1763 sicut
3353 1707 3585 1775 plenitu-

347 1820 501 1858 suum
538 1809 893 1874 projecerunt.
938 1806 1020 1858 Au
1063 1823 1125 1860 ex
1165 1807 1271 1860 hoc
1303 1808 1385 1861 vel
1438 1809 1708 1877 superiori
1754 1826 1919 1879 opere

349 1893 604 1964 decerpta
636 1904 782 1959 sunt,
817 1911 937 1965 quae
967 1897 1159 1967 recitat
1184 1895 1474 1953 Facundus
1502 1898 1597 1953 lib.
1615 1915 1689 1962 ix,
1719 1915 1837 1971 cap.
1860 1904 1915 1967 3,

350 1982 495 2051 quis,
524 1997 645 2036 cum
677 1992 930 2038 neutrum
953 1992 1148 2049 exstet,
1179 1986 1541 2055 dijudicabit?

422 2095 683 2150 Adversus
717 2094 992 2165 Origenem
1022 2098 1085 2152 de
1105 2101 1359 2170 allegoria
1381 2115 1429 2158 et
1458 2108 1682 2163 historia
1707 2111 1774 2164 ad
1799 2111 1924 2166 Cer-

352 2186 562 2240 donem.
620 2186 773 2241 Unde
817 2196 871 2242 et
929 2188 1385 2259 Origenianorum
1437 2198 1622 2253 odium
1668 2201 1923 2258 incurrit.

354 2271 646 2328 Facundos
675 2275 767 2329 lib.
803 2292 884 2341 ιιι,
910 2293 1030 2344 cap.
1067 2280 1122 2333 6.

426 2387 690 2442 Adversus
727 2405 814 2444 eos
840 2393 930 2461 qui
988 2406 1233 2450 asserunt
1277 2392 1492 2465 peccare
1522 2404 1783 2461 hominem
1828 2426 1926 2463 na—

358 2486 480 2531 tura
504 2495 604 2532 non
629 2481 908 2547 voluntate,
943 2485 1112 2556 libros
1141 2489 1404 2559 quinque.
1434 2491 1587 2564 Legit
1618 2494 1844 2553 Photius
1868 2500 1924 2555 in

356 2570 684 2626 Bibliotheca
711 2575 833 2628 cod.
876 2576 976 2629 177
1006 2595 1019 2631 :
1064 2580 1402 2653 Ἀνεγνώσθη
1428 2584 1630 2653 βίϐλιον
1662 2582 1722 2641 οὗ
1751 2593 1783 2660 ἡ
1814 2592 1928 2647 ἐπι-

355 2663 562 2734 γραφὴ,
624 2665 923 2734 Θεοδώρου
984 2670 1348 2741 Ἀντιοχέως,
1402 2677 1430 2727 6
1472 2678 1819 2745 Μοψουστίας
1869 2684 1926 2736 δέ

355 2757 524 2820 ἐστιν,
547 2756 622 2819 ὡς
645 2757 751 2810 ἀπό
780 2776 939 2812 τινων
962 2762 1257 2816 ἐπιστολῶν
1284 2766 1574 2838 ἐμάθομεν,
1599 2772 1755 2838 Πρός
1786 2774 1928 2840 τοὺς

356 2848 666 2919 λέγοντας,
709 2854 889 2922 φύσει
912 2854 1009 2909 καί
1047 2859 1119 2910 οὐ
1150 2857 1349 2927 γνώμῃ
1377 2864 1608 2915 πταίειν
1640 2865 1781 2930 τοὺς
1818 2868 1927 2920 ἁν-

357 2939 646 3007 θρώπους.
689 2945 1101 3014 Διαπεραίνεται
1143 2947 1242 3016 μὲν
1292 2950 1438 3018 αὐτῷ
1484 2954 1512 3005 6
1554 2954 1687 3026 πρὸς
1731 2956 1927 3023 αὐτοὺς

358 3030 509 3099 ἀγὼν
529 3034 586 3083 ἐν
606 3030 782 3100 λόγοις
810 3035 990 3101 πέντε,
1017 3037 1150 3108 πρὸς
1170 3039 1227 3091 δὲ
1247 3040 1372 3104 τοὺς
1405 3043 1510 3095 ἀπὸ
1541 3044 1741 3111 δύσεως
1768 3049 1928 3104 τοῦτο

358 3123 421 3175 τὸ
451 3122 664 3194 νόσημα
713 3128 1067 3197 νενοσηκότας
1115 3131 1315 3200 γράφει
1365 3133 1425 3186 τὸ
1473 3135 1693 3205 βιϐλίον,
1724 3133 1798 3193 ὧν
1836 3144 1930 3197 καὶ

358 3217 460 3286 τῆς
492 3215 754 3286 αἱρέσεως
790 3218 1029 3289 ἀρχηγὸν
1059 3221 1205 3290 λέγει
1244 3225 1513 3292 γενέσθαι.
1555 3229 1793 3285 Ἐκεῖθεν
1832 3233 1931 3305 μὲν

360 3306 697 3379 ὁρμώμενον,
727 3314 839 3374 τοῖς
866 3312 922 3364 δὲ
953 3313 1050 3384 τῆς
1088 3315 1351 3386 ἀνατολῆς
1379 3320 1808 3391 ἐπιχωριάζοντα
1845 3326 1935 3379 τό-

363 3415 508 3463 ποις,
540 3401 635 3453 καὶ⁵
662 3402 1022 3459 συντάττοντα
1046 3406 1234 3475 λόγους
1263 3410 1401 3480 ὑπὲρ
1424 3412 1523 3480 τῆς
1547 3418 1935 3486 καινοποιηθεί⁸

366 3503 464 3557 σης
490 3489 637 3559 αὐτῷ
666 3491 946 3562 αἱρέσεωςι
974 3493 1298 3566 διαπέμπειν
1319 3500 1429 3560 τοῖς
1448 3499 1510 3551 τὸ
1530 3501 1779 3572 πατρῷον
1810 3502 1934 3556 ἔδα-

365 3594 464 3645 φος
508 3580 771 3635 οίκοῦσιν·
808 3583 897 3653 ὑφ’
938 3578 1012 3637 ὧν
1064 3588 1157 3639 καὶ
1212 3588 1437 3654 πολλοὺς
1482 3592 1658 3644 ἐκεῖσε
1698 3593 1833 3665 πρὸς
1875 3595 1937 3648 τὸ

363 3670 562 3722 οἰκεῖον
601 3671 852 3742 φρόνημα
899 3673 1141 3738 ἑλκύσαι,
1189 3676 1265 3735 ὡς
1311 3679 1405 3731 καὶ
1446 3680 1769 3752 Ἐκκλησίας
1809 3682 1938 3746 ὅλας

364 3759 460 3813 τοῦ
490 3761 834 3832 ἀτοπήματος
857 3763 1203 3835 πληρωθῆναι
1228 3785 1242 3800 ·
1277 3766 1490 3822 Lectum
1516 3779 1593 3823 est
1615 3788 1744 3840 opus
1774 3772 1940 3828 Theo-

366 3851 487 3906 dori
526 3854 855 3919 Antiocheni,
886 3858 974 3925 qui
1004 3857 1401 3925 Mopsuestenus
1429 3862 1521 3915 ille
1542 3864 1810 3932 episcopus
1835 3875 1939 3929 est,

367 3951 427 3997 ut
455 3959 520 3998 ex
552 3946 866 4014 quibusdam
911 3950 1149 4011 epistolis
1196 3952 1553 4019 cognovimus,
1586 3953 1682 4006 hoc
1738 3955 1891 4007 titulo
1918 3971 1939 4008 :

368 4036 570 4091 Contra
621 4046 932 4093 asserentes
971 4055 1202 4108 peccare
1251 4041 1501 4095 homines
1560 4053 1778 4106 natura,
1829 4060 1937 4099 non

358 4127 666 4181 voluntate.
709 4128 790 4181 Ea
836 4122 1126 4197 disputatio
1160 4133 1385 4200 quinque
1432 4132 1582 4186 libris
1616 4135 1936 4200 absolvitur,

368 4233 501 4287 quos
530 4217 780 4272 adrersus
808 4221 1155 4275 occidentales
1186 4221 1284 4274 hac
1314 4223 1430 4276 labe
1456 4223 1677 4292 infectos
1705 4228 1937 4295 scripsit.

2014 1799 2190 1851 dinem
2209 1799 2446 1861 deitatis,
2464 1800 2539 1851 ita
2563 1799 2939 1866 plenitudinem
2955 1798 3302 1850 humanitatis
3317 1795 3583 1851 habuisse.

1984 1940 1991 1947 μ
2021 1889 2178 1944 Docet
2196 1899 2245 1944 et
2260 1890 2519 1944 hominem
2543 1889 2745 1943 duabus
2762 1899 2966 1943 tantum
2983 1890 3300 1945 substantiis
3319 1898 3584 1951 constare,

2018 1982 2075 2036 id
2102 1992 2178 2036 est
2215 1984 2396 2037 anima
2422 1993 2477 2036 et
2512 1998 2758 2047 corpore,
2781 1998 3089 2052 sensumque
3109 1991 3157 2036 et
3198 1982 3442 2050 spiritum
3483 1997 3610 2036 nam

2019 2075 2240 2139 alteram
2278 2073 2659 2139 substantiam,
2710 2073 2799 2128 sed
2829 2075 2996 2142 oﬁicia
3048 2090 3162 2128 esse
3209 2075 3400 2128 anima:
3430 2073 3594 2142 inge-
3668 2090 3683 2097 ν

2021 2165 2154 2227 nita,
2200 2164 2385 2232 quibus
2435 2164 2623 2230 spirat,
2666 2162 2854 2232 quibus
2904 2163 3184 2217 rationalis
3234 2174 3352 2225 est,
3397 2161 3595 2229 quibus

2022 2254 2268 2308 sensibile
2301 2254 2430 2322 facit
2461 2268 2667 2321 corpus.
2699 2253 2964 2318 Quartum
2989 2253 3245 2306 decimum
3279 2260 3454 2305 autem
3489 2251 3593 2303 hu-

2014 2345 2106 2414 jus
2133 2346 2301 2414 operis
2335 2344 2526 2398 librum
2556 2346 2766 2413 proprie
2804 2343 2867 2398 de
2900 2347 3136 2398 increata
3162 2352 3210 2397 et
3244 2342 3359 2397 sola
3408 2344 3599 2396 incor-

2021 2452 2179 2506 porea
2212 2435 2525 2505 dominoque
2556 2435 2788 2489 omnium
2829 2444 3016 2488 sancta
3050 2432 3330 2486 Trinitatis
3373 2440 3596 2497 natura,

2024 2536 2072 2580 et
2101 2526 2163 2578 de
2203 2535 2566 2579 creaturarum
2595 2523 2800 2575 ratione
2840 2520 3119 2584 disserens,
3160 2520 3248 2587 pio
3288 2533 3444 2572 sensu
3472 2532 3601 2569 cum

2026 2618 2341 2672 auctoritate
2361 2625 2666 2670 sanctarum
2685 2614 3083 2684 Scripturarum
3105 2610 3388 2679 explicuit;
3411 2610 3603 2678 quinto

2025 2709 2225 2762 decimo
2255 2723 2370 2761 vero
2400 2707 2675 2771 volumine,
2709 2715 2875 2760 totum
2907 2705 3077 2774 operis
3122 2696 3206 2757 sui
3233 2717 3441 2770 corpus,
3469 2700 3605 2752 cita-

2029 2802 2097 2854 tis
2132 2800 2354 2853 Patrum
2401 2796 2796 2858 traditionibus,
2840 2783 3172 2864 conﬁrmavit
3218 2800 3267 2846 et
3305 2789 3607 2846 communi-

2027 2893 2117 2945 vit.
2134 2886 2735 2944 Meminitlustiuianus
2760 2887 2812 2940 in
2835 2885 3024 2939 Edicto
3048 2883 3124 2937 De
3142 2882 3245 2952 ﬁde
3270 2880 3567 2936 orthodoxa
3581 2894 3604 2933 .'

1956 3016 1999 3075 Ο
2042 2981 2199 3035 Ἀλλὰ
2225 2983 2317 3034 καὶ
2346 2979 2451 3032 τῶν
2483 2978 2575 3031 δύο
2600 2978 2810 3047 φύσεων
2846 2976 2972 3046 μίαν
3013 2976 3257 3044 δύναμιν,
3298 2974 3415 3044 ἦτοι
3441 2973 3607 3027 δυνα-

2032 3075 2213 3127 στείαν
2242 3072 2434 3140 λέγων,
2456 3073 2483 3123 ὁ
2504 3069 2717 3141 γράψας
2737 3069 2835 3139 τὴν
2865 3068 3150 3138 ἐπιστολὴν
3177 3066 3406 3137 φανερός
3426 3067 3603 3127 ἐστιν,

2031 3165 2106 3228 ὡς
2142 3166 2233 3217 καὶ
2262 3167 2320 3217 ἐν
2365 3162 2537 3232 τούτῳ
2569 3159 2850 3214 ἀκολουθεῖ
2891 3161 3003 3223 τοῖς
3040 3159 3348 3229 εἰρημένοις
3391 3157 3603 3226 αἱρετιο

2033 3258 2166 3319 κοῖς,
2194 3252 2453 3323 Θεοδώρῳ
2494 3252 2593 3321 μὲν
2623 3250 2830 3319 λέγοντι
2863 3251 2919 3302 ἐν
2952 3251 3064 3312 τοῖς
3096 3249 3221 3319 περὶ
3254 3247 3609 3316 ἐνανθρωπή-

2035 3361 2171 3407 σεως
2199 3343 2362 3396 αὑτοῦ
2393 3341 2666 3411 διαφόροις
2705 3340 2881 3409 λόγοις
2925 3338 3134 3402 ἀσεϐῶς
3179 3339 3464 3399 ἐκτεθεῖσι,
3498 3337 3611 3389 Νε-

2036 3436 2236 3507 στορίῳ
2266 3434 2323 3487 δὲ
2370 3434 2428 3486 ἐν
2468 3432 2682 3495 πολλοῖς
2724 3430 3147 3500 συγγράμμασιν
3172 3446 3185 3460 ·
3229 3429 3367 3494 Quin
3396 3437 3444 3481 et
3483 3444 3610 3480 cum

2035 3529 2261 3582 duarum
2312 3534 2628 3580 naturarum
2662 3540 2821 3577 unam
2876 3523 3116 3576 virtutem
3164 3522 3270 3575 sive
3319 3520 3608 3587 potentiam

2037 3631 2221 3674 auctor
2255 3617 2489 3687 epistola:
2518 3615 2728 3679 asserit,
2758 3614 2912 3682 plane
2940 3628 2994 3666 se
3028 3609 3202 3679 prodit
3234 3612 3610 3665 Itwreticarum

2037 3711 2388 3765 assertionum
2427 3716 2755 3767 sectatorem,
2789 3702 3046 3758 Theodori
3073 3700 3302 3771 quidem,
3335 3703 3423 3770 qui
3467 3700 3613 3753 idem

2036 3803 2255 3857 diversis
2286 3800 2360 3855 De
2383 3798 2760 3854 lncarnatione
2791 3796 2941 3848 libris
2967 3795 3124 3861 impie
3148 3792 3305 3846 editis
3337 3791 3563 3861 affirmat
3590 3806 3612 3848 ε

2041 3896 2278 3950 Nestorii
2334 3910 2452 3947 vero
2506 3893 2561 3945 in
2612 3889 2771 3944 variis
2806 3887 3039 3956 scriptis,
3089 3892 3196 3939 etc.
3252 3883 3320 3938 Et
3367 3885 3614 3955 Cyrillus

2038 3986 2442 4041 Alexandrinus
2478 3984 2540 4053 (t.
2580 3981 2646 4047 V,
2679 3989 2820 4051 part.
2862 3996 2922 4045 ιι,
2974 3995 3028 4048 p.
3082 3977 3227 4046 198),
3281 3979 3335 4031 in
3375 3975 3613 4046 epistola

2041 4078 2105 4132 ad
2142 4077 2371 4133 clericos
2408 4082 2457 4130 et
2506 4075 2835 4144 Lamponem
2882 4073 3299 4144 presbyterum:
3353 4068 3615 4141 ᾞτιῶντο

2039 4168 2096 4222 δὲ
2124 4169 2247 4231 τοὺς
2281 4166 2607 4227 ἐπισκόπους
2635 4164 2734 4233 τῆς
2771 4164 3031 4232 ἀνατολῆς
3071 4162 3146 4224 ὡς
3195 4161 3601 4230 ἀποσιωπήσανν

2041 4277 2138 4323 τας
2167 4258 2264 4330 μὲν
2296 4257 2455 4326 δῆθεν
2496 4257 2555 4311 τὸ
2598 4254 2891 4326 Νεστορίου
2934 4254 3122 4322 δνομα,
3156 4254 3250 4306 καὶ
3288 4266 3616 4320 προσποιου-

373 4308 508 4364 Inde
521 4310 660 4363 enim
686 4310 967 4364 oriundum
989 4312 1200 4391 liceresis
1224 4313 1380 4382 hujus
1408 4324 1676 4369 auctorem
1691 4318 1745 4370 in
1760 4320 1928 4376 0rien«

2449 4308 2902 4414 ἀποστρέφεάθαι,
2936 4308 3416 4414 μεταπηδήσαντας
3443 4340 3497 4393 δὲ
3521 4339 3621 4392 ἐπὶ

284 4434 293 4441 —
374 4403 443 4457 tis
471 4401 626 4456 modo
655 4403 955 4473 regionibus
998 4406 1216 4468 versari,
1252 4404 1514 4477 librosque
1546 4406 1610 4460 de
1639 4423 1815 4462 recens
1848 4409 1940 4464 abs

371 4510 430 4549 se
449 4496 744 4565 excogitata
766 4496 954 4550 Itwresi
982 4498 1297 4565 compositos
1330 4498 1399 4551 ad
1430 4498 1705 4567 populares
1736 4515 1859 4555 suos
1888 4502 1945 4555 in

370 4589 599 4657 patriam
636 4590 991 4642 transmittere
1019 4599 1263 4652 narrant,
1296 4598 1351 4642 ut
1376 4590 1493 4658 jam
1522 4589 1596 4643 ibi
1626 4591 1818 4644 multos
1852 4607 1944 4658 per

372 4678 507 4731 hanc
550 4688 718 4732 artem
750 4681 806 4733 in
857 4696 1008 4732 suam
1061 4681 1379 4744 pertraxerit
1429 4683 1769 4741 sententiam,
1809 4682 1945 4735 inte-

376 4784 603 4838 grasque
642 4769 772 4823 adeo
811 4769 1074 4823 Ecclesias
1108 4770 1351 4823 absurdis
1393 4769 1504 4823 illis
1540 4771 1787 4824 imbuerit
1832 4773 1948 4841 opi-

376 4860 619 4914 nionibus
643 4859 742 4931 (α).
773 4858 901 4914 Pete
947 4862 1155 4929 reliqua
1188 4861 1257 4913 ab
1297 4860 1508 4914 eodem.
1550 4861 1609 4914 ln
1643 4860 1745 4915 hoc
1777 4863 1944 4916 etiam

377 4953 545 5005 multa
575 4967 684 5005 non
705 4966 836 5006 sana
868 4951 1199 5021 inspersisse
1227 4951 1366 5006 idem
1393 4951 1621 5008 Phatius
1644 4952 1946 5021 adnotavit,

375 5049 431 5097 et
459 5044 769 5115 qualisnam
802 5043 904 5097 fuit
935 5044 990 5097 in
1015 5058 1081 5099 eo
1102 5057 1266 5114 opere
1295 5046 1589 5113 expressit.

450 5154 594 5229 Opus
625 5158 927 5229 mysticum.
952 5154 1031 5211 Ex
1066 5155 1226 5225 cujus
1256 5154 1398 5208 libro
1430 5155 1595 5210 tertio
1616 5154 1828 5212 decimo
1854 5172 1944 5213 re-

378 5244 514 5301 citat
534 5245 825 5304 Facundus
849 5247 945 5301 lib.
976 5262 1058 5310 ιιι,
1077 5261 1197 5317 cap.
1227 5245 1280 5312 1,
1307 5245 1469 5301 verba
1499 5253 1691 5299 contra
1721 5243 1947 5301 Paulum

381 5329 820 5389 Samosatenum.

456 5439 610 5508 Quod
646 5440 784 5497 Deus
813 5454 1084 5513 peccatum
1125 5446 1325 5512 docuit,
1352 5455 1400 5499 et
1445 5454 1661 5500 mortem
1703 5445 1945 5501 introdu-

2039 4441 2109 4495 τὰ
2144 4438 2418 4509 Θεοδώρου
2451 4436 2628 4507 βιϐλία
2650 4436 2721 4487 τὰ.
2748 4435 2875 4505 περὶ
2911 4435 3009 4504 τῆς
3042 4434 3522 4505 ἐνανθρωπήσεως,
3556 4433 3622 4484 ἐν

2039 4528 2122 4596 οἷς
2169 4529 2344 4599 πολλῷ
2385 4528 2757 4599 χαλεπώτεραι
2785 4526 2892 4579 τῶν
2949 4526 3241 4597 Νεστορίου
3295 4523 3621 4595 δυσφημιῶν

2041 4623 2148 4676 είσι
2177 4621 2455 4691 κείμεναι·
2491 4619 2669 4688 πατὴρ
2697 4618 2806 4687 γὰρ
2838 4617 3028 4686 γέγονε
3056 4617 3155 4685 τῆς
3184 4617 3478 4687 Νεστορίου
3511 4631 3619 4667 κα-

2041 4711 2307 4777 κοδοξίας,
2340 4710 2436 4763 καὶ
2460 4709 2528 4761 τὰ
2563 4707 2726 4762 αὐτοῦ
2768 4707 3007 4777 λαλήσας
3032 4707 3059 4758 ὁ
3099 4706 3360 4775 δυσσεϐὴς
3401 4707 3458 4757 ἐν
3499 4702 3620 4756 τού-

2045 4820 2159 4866 τοις
2188 4802 2428 4870 γέγονεν,
2482 4800 2539 4852 ἐν
2576 4796 2657 4861 οἷς
2695 4797 2789 4853 νῦν
2826 4800 2971 4852 ἐστιν
2997 4815 3010 4828 ⁸
3056 4797 3391 4850 Accusabant
3441 4804 3623 4848 autem

2049 4891 2327 4946 orientales
2354 4890 2648 4959 episcopos,
2677 4888 2831 4956 quasi
2875 4898 3102 4941 tacentes
3131 4887 3339 4956 quidem
3378 4883 3622 4938 Nestorii

2048 4998 2255 5048 nomen,
2282 4990 2333 5036 et
2374 4980 2768 5035 dissimulantes
2801 4996 2919 5034 eum
2964 4978 3220 5039 aversari,
3261 4976 3622 5029 transilientes

2047 5084 2221 5131 autem
2255 5074 2324 5128 ad
2357 5073 2608 5128 Theodori
2631 5073 2792 5127 libros
2824 5071 2899 5127 De
2925 5070 3324 5131 lncarnatione.
3348 5071 3403 5122 in
3431 5067 3622 5137 quibus

2051 5168 2216 5224 multo
2241 5166 2441 5236 pejores
2470 5164 2703 5219 Nestorii
2738 5162 3073 5231 blasphemiis
3111 5164 3295 5228 posita:
3324 5171 3486 5225 sunt;
3522 5176 3623 5228 pa-

2055 5271 2132 5316 ter
2163 5261 2302 5314 enim
2351 5258 2457 5327 fuit
2491 5255 2727 5310 Nestorii
2773 5254 3028 5323 perﬁdia,
3074 5262 3123 5309 et
3172 5253 3317 5307 illius
3372 5252 3625 5323 dogmata

2053 5352 2310 5417 elocutus,
2338 5349 2665 5419 irreligiosus
2682 5349 2736 5401 in
2760 5348 2841 5401 his
2862 5347 3035 5416 factus
3058 5355 3157 5409 est,
3182 5346 3234 5399 in
3257 5344 3442 5415 quibus
3466 5342 3622 5397 ntoda

2054 5453 2153 5499 est.
2192 5442 2360 5497 Multa
2391 5440 2558 5510 impia
2588 5456 2656 5495 ex
2691 5438 2785 5493 lib.
2823 5453 2861 5507 ι,
2894 5454 2954 5503 ιι,
2985 5454 3080 5503 vn,
3116 5452 3234 5502 vnl,
3277 5453 3374 5501 xu,
3408 5450 3526 5497 xm,
3566 5442 3623 5490 et

457 5628 534 5701 (ri)
570 5624 682 5701 lloc
708 5624 1227 5701 'l'bcodormn‘li‘bro
1260 5628 1597 5689 vulnerasse,
1636 5628 1681 5683 si
1712 5626 1824 5685 ﬁeri
1851 5623 2138 5697 potuisset,
2175 5619 2233 5676 S.
2259 5619 2645 5690 Hieronymum
2675 5615 2745 5672 ob
2768 5628 2832 5672 ea
2859 5626 2978 5684 qua:
3011 5611 3272 5670 adversus
3302 5608 3624 5682 Pelagianos

388 5695 691 5766 scribebat,
723 5696 933 5770 jamdiu
966 5695 1225 5769 philologi
1264 5704 1617 5769 agnoverunt.

1808 5806 1835 5816 -δ
