3920 6130
286 291 355 349 ss
1485 303 1814 362 DIA'I'BIBA
1844 308 1932 362 οε
1969 306 2380 370 rneoooms.
3475 312 3548 371 ss
3623 299 3632 308 '

289 420 376 464 snt
401 403 714 459 recitantur
746 406 803 462 in
831 406 878 462 ν
917 411 1156 480 synodo.
1188 411 1322 468 Vide
1349 415 1514 468 etiam
1557 415 1872 474 Facundum
1901 428 1942 484 Α
1973 417 2148 484 posita
2177 418 2415 485 falsitate
2452 425 2864 486 corrumperent.
2897 419 2966 474 At
2993 419 3084 474 ille
3110 419 3232 474 Itinc
3259 418 3339 476 vel
3363 437 3548 476 eorum

289 498 374 568 qui
405 497 720 566 sepissime
773 501 920 554 illius
967 505 1158 570 operis
1199 506 1524 562 testimoniis
1572 513 1761 562 utitur.
1804 509 1876 564 Ea

291 601 459 644 tamen
501 587 726 642 inserta
776 606 898 646 esse
931 594 1001 646 ab
1049 595 1343 658 haereticis,
1377 605 1430 650 et
1469 597 1879 667 Apollinaristis

289 679 666 749 potissimum,
695 687 935 734 testatur
965 683 1230 736 idemtnet
1263 684 1602 751 Theodorus,
1633 689 1686 742 in
1725 691 1877 759 prin-

290 769 424 836 cipio
456 769 679 836 opt-ris,
713 770 805 822 cui
835 771 1066 824 titulum.
1095 771 1294 827 fecerat
1329 793 1341 828 :
1382 773 1456 828 De
1491 777 1792 843 Apollinari
1829 788 1878 831 et

289 863 396 928 ejus
427 859 649 914 Ita‘resi.
685 859 866 916 Verba
903 864 1024 930 ejus
1073 865 1390 918 referuntur
1423 880 1452 918 a
1491 864 1747 921 Facundo
1781 868 1878 923 lib.

294 969 346 1015 ι,
374 968 496 1019 cap.
528 953 554 1004 1
593 971 608 1006 :
639 955 782 1008 Ante
811 957 1030 1024 triginta
1069 959 1206 1009 enim
1235 958 1341 1023 iam
1373 957 1466 1011 hos
1499 975 1664 1012 annos
1693 961 1764 1014 De
1791 960 1880 1014 ln—

293 1045 611 1098 carnatione
643 1045 859 1100 Domini
901 1047 1135 1100 codicem
1176 1051 1581 1118 conscripsimus
1623 1068 1784 1120 usque
1809 1055 1880 1106 ad

294 1134 590 1204 quindecim
623 1137 800 1190 millia
837 1155 1077 1191 versuum
1113 1142 1504 1210 pertingentem.
1541 1141 1605 1195 In
1633 1161 1733 1211 quo
1763 1144 1881 1197 Arii

295 1241 338 1280 et
367 1225 626 1281 Eunomii
655 1229 722 1282 de
761 1229 860 1282 hac
895 1247 946 1282 re
989 1231 1202 1293 delicta,
1232 1248 1428 1285 necnon
1474 1233 1637 1286 etiam
1674 1233 1880 1301 Apolli-

297 1321 433 1374 urii
486 1336 684 1373 variam
720 1323 1180 1389 praesumptionem
1228 1340 1319 1392 per
1359 1333 1522 1377 totum
1569 1324 1705 1377 illud
1749 1341 1878 1392 opus

295 1415 742 1477 nominavimus,
777 1423 834 1466 ut
866 1414 1019 1476 nihil,
1061 1416 1199 1467 sicut
1231 1432 1343 1469 mea
1379 1415 1481 1485 fert
1512 1417 1705 1483 opinio,
1742 1433 1880 1485 pra:-

302 1508 508 1560 terirem
535 1521 604 1558 ex
631 1505 713 1558 his
730 1523 849 1574 qua:
881 1505 950 1558 ad
978 1506 1285 1575 ﬁrmitatem
1319 1508 1684 1562 ecclesiastica:
1704 1507 1876 1560 ortho-

301 1597 470 1652 derit:
495 1597 846 1663 pertinerent,
873 1607 920 1650 et
950 1598 1022 1650 ad
1046 1598 1452 1651 concineendam
1481 1615 1662 1652 eorum
1697 1599 1879 1666 impie-

305 1699 480 1743 tatem.
519 1687 631 1742 Sed
676 1688 732 1740 lti
785 1689 877 1758 qui
903 1691 1083 1742 omnia
1133 1690 1388 1758 facillime
1440 1699 1786 1755 pra‘sumunt,
1827 1697 1877 1743 et

1980 507 2265 572 malitiam,
2316 507 2392 560 vel
2435 507 2751 575 facilitatem
2793 510 3172 564 catholicorum
3223 510 3550 580 ﬁducialiter

1978 601 2253 671 arguebat,
2285 605 2421 668 quod
2443 599 2621 670 palam
2643 599 2959 670 prtedicaret
2984 602 3037 654 in
3079 599 3318 655 Ecclesia
3347 602 3550 658 Christi

1977 706 2093 760 qua:
2117 705 2262 744 sanie
2292 689 2546 743 doctrina:
2581 699 2944 758 congruerent,
2976 699 3024 743 et
3064 705 3162 744 vox
3196 692 3312 758 ejus
3339 691 3548 759 ﬁdelior

1978 780 2192 848 scriptis
2215 789 2346 832 esset
2380 778 2449 832 ad
2471 779 2840 833 documentum
2875 796 2987 834 suae
3019 783 3311 834 sententite.
3349 784 3546 835 Absen-

1981 871 2044 923 tis
2070 871 2208 924 enim
2234 871 2457 939 scripta,
2492 885 2607 939 qua:
2634 871 2902 938 corrumpi
2938 869 3002 921 ab
3035 871 3264 923 inimicis
3302 869 3551 925 Ecclesia!

1977 970 2219 1030 possunt,
2247 963 2386 1015 vocis
2409 961 2520 1028 ejus
2539 961 2835 1013 testimonio
2855 962 3095 1030 praferri
3118 979 3217 1015 non
3240 962 3552 1016 debuerant.

1980 1054 2045 1108 Et
2085 1055 2182 1108 lib.
2218 1070 2296 1117 Ix,
2324 1070 2446 1124 cap.
2479 1055 2512 1108 5
2540 1071 2554 1107 :
2591 1052 2732 1106 Nam
2760 1054 2843 1105 cui
2874 1054 2996 1108 bene
3023 1056 3264 1108 sentienti
3294 1072 3398 1108 non
3435 1054 3549 1124 suf-

1980 1145 2157 1213 ﬁceret
2185 1141 2254 1195 ad
2300 1146 2714 1211 cognoscendam
2748 1141 3005 1196 Theodori
3051 1144 3230 1211 ﬁdem,
3266 1143 3374 1210 ipse
3404 1145 3554 1200 solus

1977 1233 2211 1296 eiusdem
2241 1233 2410 1300 operis
2435 1231 2662 1287 titulus?
2694 1232 2822 1297 Quis
2852 1237 2987 1287 enim
3023 1250 3140 1287 eum
3174 1233 3392 1287 audiens
3428 1250 3553 1288 con-

1977 1323 2176 1377 didisse
2201 1323 2363 1376 libros
2395 1321 2468 1378 De
2491 1324 2882 1386 incarnatione.
2903 1333 3075 1388 aut,ut
3093 1327 3300 1393 proprie
3330 1325 3425 1379 hoc
3450 1340 3549 1380 ex-

1979 1415 2231 1484 primam,
2260 1416 2434 1467 minus
2461 1415 2667 1484 quidem
2697 1412 2911 1478 Latino,
2943 1416 3030 1468 sed
3054 1417 3344 1468 necessario
3377 1415 3552 1478 verba,

1981 1507 2116 1561 sicut
2151 1523 2184 1559 a
2217 1503 2418 1560 Grecis
2457 1505 2675 1570 dicitur,
2710 1506 2774 1559 de
2815 1505 3243 1559 inhumanatione
3281 1504 3410 1558 Filii
3435 1505 3552 1571 Dei,

1980 1597 2114 1650 duos
2140 1613 2256 1658 eum
2290 1606 2435 1666 putet
2472 1597 2616 1664 ﬁlios
2642 1596 3000 1664 prredicasse?
3029 1594 3171 1649 Nam
3193 1595 3421 1665 qualiter
3459 1593 3556 1650 Fi-

1983 1686 2112 1740 lium
2137 1687 2253 1748 Dei,
2289 1685 2436 1740 idest
2468 1685 2636 1738 Deum
2674 1685 2914 1749 Verbum,
2942 1703 3042 1739 non
3067 1686 3325 1739 hominem
3355 1700 3558 1756 quoque

305 1787 556 1848 praterea
587 1793 804 1830 rursum
840 1777 907 1829 ab
949 1779 986 1830 Α
997 1779 1305 1846 pollinario,
1330 1779 1421 1849 qui
1457 1780 1693 1846 princeps
1720 1777 1874 1846 hujus

1992 1777 2554 1848 ticeret,quem.diceret
2571 1778 2970 1830 inhumanatum
2989 1780 3014 1832 ll
3029 1777 3099 1830 De
3115 1779 3273 1830 titulo
3289 1778 3390 1831 hoc
3406 1780 3557 1846 Σαρ-

303 1869 516 1922 lsazresis
561 1868 761 1934 fuerat,
807 1869 1064 1934 instituti,
1103 1868 1340 1923 omnibus
1384 1869 1589 1939 quidem
1636 1869 1882 1922 similiter

305 1957 643 2010 sentientibus
667 1973 797 2025 opus
827 1970 1066 2012 nostrum
1090 1961 1421 2030 manifestum
1446 1960 1698 2028 fecerunt,
1714 1961 1760 2012 si
1779 1975 1880 2028 quo

311 2047 456 2101 modo
493 2049 676 2118 aliqua
706 2050 998 2102 invenirent
1035 2049 1266 2103 valentia
1289 2050 1358 2103 ad
1385 2051 1788 2103 convincendum
1818 2067 1882 2104 ea

310 2153 420 2210 quc
448 2141 505 2192 in
541 2157 603 2193 eo
635 2150 760 2193 sunt
790 2141 1008 2210 scripta.
1047 2140 1308 2205 Quoniam
1341 2158 1459 2194 vero
1490 2143 1665 2194 nullus
1700 2151 1881 2195 contra

309 2241 564 2284 certamen
595 2233 808 2298 scriptis
839 2233 1104 2299 suscipere
1137 2233 1516 2301 prwsumebat,
1535 2233 1734 2286 imitati
1760 2241 1880 2286 sunt

310 2322 546 2390 inﬁrmos
573 2326 805 2377 athletas
833 2335 882 2377 et
925 2323 1178 2387 callidos,
1230 2326 1336 2394 qui,
1371 2324 1494 2378 dum
1525 2343 1626 2379 non
1662 2334 1882 2394 possunt

309 2426 490 2468 contra
519 2415 771 2482 fortiores
801 2427 1026 2480 certare,
1055 2416 1261 2469 insidiis
1287 2433 1372 2470 eos
1407 2427 1455 2470 et
1489 2417 1882 2470 machinanten»

312 2507 376 2560 tis
426 2506 619 2576 quibus
665 2517 889 2575 possunt
943 2518 1206 2560 conantur
1255 2517 1494 2562 evertere.
1553 2507 1885 2578 Scripserunl

309 2599 440 2651 enim
471 2600 574 2666 ipsi
610 2601 749 2653 inter
773 2617 828 2653 se
859 2599 1228 2666 proculdubio
1261 2601 1504 2670 quietiam
1537 2603 1733 2669 inepta,
1769 2617 1888 2671 qua:

311 2707 340 2741 ι
370 2689 518 2742 nobis
543 2706 775 2759 unquam
809 2691 1024 2743 minime
1043 2691 1355 2745 dicerentur.
1384 2691 1614 2761 Denique
1643 2692 1750 2746 Ita’c
1775 2693 1886 2760 ipsa

312 2781 362 2836 in
390 2783 561 2836 medio
600 2792 904 2837 nostrorum
938 2784 1252 2851 scriptorum
1279 2785 1332 2836 in
1360 2784 1587 2853 quadam
1628 2794 1776 2852 parte
1806 2785 1888 2838 in-

313 2883 696 2940 terposuerunt,
727 2883 776 2928 et
820 2875 932 2928 suis
959 2874 1318 2942 familiaribus
1362 2875 1886 2942 demonstraverunt;

312 2966 597 3035 aliquando
627 2978 804 3020 autem
829 2977 876 3020 et
902 2969 1124 3029 nostris,
1155 2968 1242 3036 qui
1274 2983 1366 3036 per
1395 2966 1710 3034 facilitatem
1735 2983 1888 3019 suam

314 3061 486 3113 omnia
521 3061 709 3126 pronis
749 3059 945 3112 animis
981 3058 1283 3124 audiebant,
1315 3067 1362 3112 et
1402 3059 1498 3112 hoc
1537 3060 1690 3129 quasi
1725 3059 1888 3112 docu-

315 3161 568 3217 mentum,
598 3153 733 3204 sicut
755 3151 1040 3220 putabant,
1068 3159 1260 3204 nostra!
1280 3151 1888 3219 impietatis,videntibus

316 3243 633 3311 prtebebant.
680 3241 856 3296 Unum
906 3253 1084 3296 autem
1112 3257 1176 3296 ex
1215 3243 1296 3296 his
1330 3243 1541 3311 scriptis
1585 3253 1722 3308 erat,
1757 3243 1890 3298 duos

321 3335 456 3403 ﬁlios
481 3336 671 3388 dfcere.
709 3334 802 3388 Sic
840 3335 980 3389 enim
1013 3352 1106 3388 nos
1139 3335 1368 3403 fecerunt
1399 3337 1452 3388 in
1497 3335 1594 3389 hoc
1631 3351 1780 3403 opere
1803 3335 1888 3387 di-

321 3433 506 3485 centes,
541 3423 682 3493 quod
712 3434 952 3492 oporteat
979 3434 1167 3494 putare
1199 3437 1242 3477 et
1277 3426 1452 3480 dicere
1473 3427 1606 3481 duos
1648 3428 1812 3496 ﬁlios,
1842 3436 1892 3481 et

320 3513 634 3568 vehementer
674 3531 768 3565 nos
799 3514 961 3566 istum
994 3530 1281 3567 sermonem
1311 3513 1604 3582 defendere,
1631 3519 1755 3568 dum
1797 3533 1892 3570 nos

319 3605 371 3658 in
389 3605 488 3657 illa
510 3605 775 3670 scriptura
795 3603 989 3673 ubique
1010 3605 1281 3674 manifeste
1303 3604 1614 3666 diceremus,
1633 3606 1772 3676 quod
1791 3624 1895 3661 non

321 3705 552 3766 oporteat
575 3698 708 3750 duos
725 3698 763 3766 ﬁ
770 3697 870 3749 lios
886 3696 1080 3750 dicere.
1099 3695 1318 3751 Necesse
1332 3708 1442 3750 erat
1464 3713 1700 3767 ergonon
1725 3699 1896 3752 solum

321 3789 513 3854 inepta,
551 3788 642 3841 sed
672 3789 834 3841 etiam
867 3788 1084 3857 inﬁrma
1109 3788 1202 3866 illa
1225 3789 1424 3856 scripta
1449 3789 1780 3844 audientibus
1803 3805 1898 3857 ap-

323 3895 521 3948 parere,
563 3880 814 3948 quoniam
862 3896 1026 3950 neque
1064 3881 1218 3944 ﬁrma
1263 3881 1470 3934 ratione
1517 3897 1680 3949 neque
1715 3897 1898 3934 cont-ec

325 3972 482 4025 nienti
522 3971 621 4023 hoc
662 3971 926 4040 possibile
947 3981 1064 4025 erat
1100 3971 1332 4033 ostendi;
1369 3983 1418 4026 et
1463 3973 1525 4026 ab
1553 3972 1660 4025 illis
1699 3973 1896 4026 idcirco

328 4064 548 4131 inﬁrmis
581 4073 699 4116 erat
735 4064 1112 4130 conscriptum,
1153 4076 1406 4134 quatenus
1445 4068 1534 4122 ille
1561 4069 1650 4137 qui
1675 4069 1896 4138 scripse-

256 4143 266 4156 ’
332 4168 432 4225 rat,
464 4159 678 4226 facilius
711 4158 832 4212 inde
881 4159 1118 4212 convinci
1165 4162 1434 4228 potuisset.
1479 4160 1630 4216 Unus
1683 4180 1804 4234 ergo
1834 4179 1898 4218 ea:

333 4255 520 4306 nostris
568 4260 782 4319 propter
816 4252 1040 4306 multum
1069 4253 1384 4322 facilitatem
1409 4255 1517 4310 luec
1552 4265 1736 4309 nostra
1788 4273 1898 4310 esse

332 4341 547 4396 credidit
575 4343 801 4410 scripta,
847 4351 898 4396 et
932 4341 1088 4411 hujus
1131 4344 1204 4396 rei
1247 4346 1422 4412 gratia
1470 4345 1658 4414 dignus
1702 4345 1804 4413 ﬁde
1833 4347 1896 4398 ab

1981 1869 2219 1935 κὼσεως
2229 1869 2326 1922 καὶ
2343 1870 2650 1937 ἐγανθρωπ
2659 1867 2869 1934 ήσεως,
2887 1879 2940 1924 et
2954 1869 3020 1924 de.
3033 1884 3098 1922 co
3126 1870 3266 1924 inter
3295 1869 3556 1924 orthodo-

1983 1977 2082 2016 χοε
2111 1969 2272 2030 atque
2297 1961 2657 2015 beterodoxos
2681 1960 3016 2022 discrimine,
3041 1972 3222 2031 repete
3245 1977 3363 2032 qua:
3388 1977 3558 2032 supra

1983 2054 2240 2109 diximus.
2273 2052 2679 2108 Advertendum
2726 2053 2942 2108 interim
2979 2063 3084 2116 est,
3113 2069 3236 2106 cum
3285 2051 3556 2108 Gcnnadii

1983 2147 2147 2199 verba
2179 2144 2244 2198 ad
2277 2143 2626 2198 Theodorum
2655 2143 2984 2200 llaitbenum
3022 2145 3401 2216 presbyterum
3430 2143 3560 2199 Pos-

1985 2236 2207 2288 scvinus
2229 2234 2512 2296 transfert,
2544 2236 2856 2304 asseritque
2889 2236 3035 2289 hunc
3069 2235 3267 2288 librum
3297 2251 3327 2289 e
3366 2235 3560 2290 Graeco

1987 2327 2044 2380 in
2087 2325 2340 2380 Latinum
2394 2325 2748 2381 Godel‘ridum
2803 2325 3153 2380 Tilmannum
3209 2327 3462 2389 vertisse,
3504 2333 3561 2381 et

1989 2418 2355 2488 Margarinutn
2393 2417 2670 2488 [lignatum
2693 2419 2746 2472 in
2779 2428 3086 2472 sanctorum
3120 2418 3342 2472 Patrum
3376 2419 3563 2473 biblio-

1988 2506 2189 2560 thecam
2226 2506 2530 2561 inseruisse
2575 2506 2759 2560 tom.l
2818 2507 3079 2563 editionis
3132 2524 3170 2562 II
3208 2507 3562 2575 Parisiensis,

1986 2612 2110 2652 eum
2145 2613 2251 2650 non
2279 2611 2388 2650 uno
2423 2597 2584 2650 modo
2615 2596 2746 2650 labi.
2784 2595 2883 2649 llic
2916 2597 3114 2651 etenim
3162 2597 3558 2661 Antiot-benus,

1983 2687 2079 2758 qui
2109 2685 2181 2740 De
2206 2687 2569 2740 incarnatione
2596 2684 2810 2740 Domini
2844 2685 3012 2742 libros
3047 2705 3114 2743 xv
3147 2690 3382 2758 scripsit,
3404 2689 3562 2759 longe

1987 2777 2237 2833 diversus
2268 2785 2364 2833 est'
2385 2796 2412 2832 a
2445 2777 2734 2832 Theodoro
2770 2775 3034 2831 liaitheno
3069 2794 3083 2832 :
3114 2787 3165 2832 et
3217 2775 3352 2831 liber
3379 2777 3561 2833 Theo-

1988 2869 2108 2924 dori
2142 2869 2392 2923 Raitheni
2427 2869 2500 2923 De
2535 2869 2715 2923 divina
2753 2869 3064 2931 meonomia,
3102 2881 3156 2921 et
3190 2869 3348 2922 modo
3377 2871 3569 2926 carnis

1990 2978 2019 3015 a
2050 2961 2159 3016 Deo
2193 2970 2506 3033 assumpta,
2539 2961 2593 3014 in
2638 2977 2748 3030 quo
2782 2969 2847 3014 de
2887 2959 3116 3023 Maneto,
3150 2957 3320 3014 Paulo
3369 2961 3563 3014 Samo-

1915 3091 1957 3146 ϐ
1992 3062 2203 3114 satcno,
2234 3053 2556 3122 Apollinari,
2603 3050 2890 3105 Theodoro
2918 3049 3322 3118 Mapsuestcno,
3371 3047 3564 3104 Nesto-

1994 3147 2072 3200 rio
2125 3153 2178 3200 et
2225 3144 2523 3217 Eutychete
2568 3145 2765 3216 agitur,
2812 3154 2866 3200 et
2921 3160 3110 3200 versus
3159 3159 3188 3196 a
3253 3141 3566 3203 Ttltnanno,

1994 3239 2150 3307 longe
2178 3239 2318 3292 alius
2343 3246 2424 3291 est
2449 3237 2522 3290 ab
2551 3237 2650 3290 hoc
2673 3237 2948 3291 Theodori
2977 3233 3301 3290 Antiocheni
3332 3235 3384 3287 in
3414 3233 3572 3301 quin-

1992 3330 2166 3384 dccitn
2215 3329 2384 3384 libros
2423 3329 2620 3383 diviso.
2655 3328 2718 3382 Et
2752 3328 3152 3381 Antiocltcnum
3205 3325 3347 3378 hunc
3383 3321 3566 3377 Theo-

1993 3421 2185 3476 dorum
2214 3422 2654 3491 Mopsuestenum
2685 3437 2826 3486 esse,
2851 3427 2905 3474 et
2938 3435 3044 3472 non
3077 3418 3424 3478 Baithenum,
3449 3415 3564 3484 plu-

1993 3514 2146 3567 ribus
2181 3513 2355 3567 modis
2388 3529 2454 3567 ex
2491 3511 2686 3566 Pltotio
2719 3513 2950 3580 aliisque
2996 3509 3279 3579 probatur.
3321 3506 3383 3558 Et
3412 3508 3569 3578 plane

1995 3605 2266 3658 Theodori
2311 3604 2676 3672 Mopsucsteni
2713 3604 2834 3655 libri
2879 3601 2952 3655 De
2997 3599 3378 3662 incarnatione,
3425 3596 3568 3667 quod

1996 3699 2110 3766 ipse
2149 3701 2341 3758 sciam,
2392 3712 2498 3748 non
2527 3703 2743 3748 exstant
2783 3693 2917 3761 (imo
2971 3706 3197 3762 prorsus
3247 3689 3568 3759 perierunt).

1996 3788 2133 3844 Vide
2164 3804 2284 3858 qua:
2315 3786 2456 3840 inl'ra
2489 3787 2722 3840 dicimus
2755 3785 2820 3839 de
2845 3782 3132 3838 Theodoro
3169 3781 3461 3834 Baithano.

2074 3881 2146 3935 De
2185 3879 2470 3934 Persarum
2504 3878 2678 3947 magia
2711 3877 2880 3930 libros
2910 3885 3042 3929 tres.
3083 3873 3232 3942 Legit
3261 3872 3490 3926 Photius
3519 3871 3573 3924 in

1999 3973 2322 4030 Bibliotheca
2371 3970 2491 4027 cod.
2534 3970 2596 4024 8|
2633 3987 2646 4022 :
2693 3965 3030 4035 Ἀνεγνὼσθη
3069 3963 3394 4035 βιϐλιδάριον
3445 3962 3575 4014 Θεο-

1996 4067 2168 4138 δώρου
2199 4062 2338 4132 Περὶ
2389 4061 2500 4130 τῆς
2530 4061 2600 4113 ἐν
2653 4056 2896 4124 Περσίδι
2937 4051 3218 4125 μαγικιῖς,
3257 4050 3356 4104 καὶ
3397 4052 3489 4116 τίς
3535 4052 3574 4119 ἡ

1996 4162 2109 4230 τῆς
2129 4157 2438 4219 εὐσεϐείας
2470 4145 2742 4221 διαφοξίίὰ,
2778 4151 2836 4201 ἐν
2879 4147 3055 4216 λόγοις
3089 4143 3265 4216 τρισί·
3318 4159 3574 4214 προσφω,

1997 4256 2078 4306 νεῖ
2107 4252 2162 4304 δὲ
2189 4251 2383 4311 αὐτοὺς
2429 4245 2566 4315 πρὸς
2605 4242 2945 4297 Μαστούϐιον
2972 4237 3032 4302 ἐξ
3075 4235 3362 4308 Ἀρμενίας
3391 4233 3574 4304 ὁρμῶν

2003 4361 2180 4416 μενον,
2215 4339 2626 4412 χωρεπίσκοπον
2655 4335 2710 4388 δὲ
2749 4333 3082 4402 τυγχάνοντα
3103 4345 3115 4357 ·
3147 4330 3239 4380 καὶ
3264 4328 3322 4379 ὲν
3363 4325 3459 4396 μὲν
3500 4323 3576 4394 τῷ

331 4431 434 4484 illis
474 4431 710 4485 creditus
743 4441 820 4484 est
867 4433 957 4500 qui
985 4433 1090 4484 ista
1135 4433 1440 4503 perlegerat,
1477 4445 1525 4487 et
1579 4437 1890 4489 renuntiavit

2002 4435 2202 4508 πρώτῳ
2227 4433 2370 4499 λόγῳ
2398 4427 2667 4480 ἐκτίθεται
2696 4424 2756 4476 τὸ
2790 4423 2982 4493 μιαρὸν
3011 4420 3118 4472 τῶν
3155 4417 3379 4488 Περσῶν
3401 4416 3580 4484 δόγμα

332 4525 472 4576 nobis
502 4540 566 4576 ea
593 4523 927 4594 qutefuerant
973 4525 1193 4592 scripta.
1229 4525 1360 4579 Cum
1398 4543 1518 4596 ergo
1545 4526 1898 4593 audissemus,

331 4613 651 4684 culpaeimus
682 4614 885 4684 quidem
911 4615 1086 4678 illum,
1117 4616 1253 4685 quod
1285 4629 1470 4670 contra
1495 4635 1588 4671 nos
1615 4618 1772 4671 dictis
1798 4635 1902 4672 ser-

332 4706 570 4761 monibus
604 4707 910 4763 credidisset
940 4707 1007 4762 de
1047 4708 1126 4762 his
1171 4711 1342 4770 rebus,
1381 4726 1512 4778 quas
1537 4711 1730 4777 saepius
1771 4722 1817 4763 et
1849 4711 1900 4763 in

335 4798 568 4854 Ecclesia
597 4809 648 4854 et
673 4801 924 4868 privatim
953 4801 1183 4855 dicentes
1227 4818 1319 4855 nos
1359 4801 1579 4865 audivit,
1613 4819 1728 4854 cum
1773 4804 1902 4870 ﬁde-

329 4891 509 4944 liorem
543 4894 753 4960 scriptis
791 4901 1036 4947 nostram
1073 4909 1242 4947 vocem
1273 4891 1524 4962 judicare
1557 4893 1793 4947 debuerit
1834 4893 1903 4946 ad

329 4980 696 5035 documentum
731 4993 930 5037 nostra:
961 4985 1255 5047 sententiis,
1285 5000 1442 5050 quam
1482 4985 1535 5036 in
1569 4983 1902 5052 dogmatibus

330 5081 563 5125 nostrum
603 5081 781 5126 votum
822 5080 898 5122 est
941 5087 1270 5125 conseri-are.
1303 5071 1441 5128 Hinc
1484 5073 1764 5126 concludit
1804 5071 1906 5126 Fa-

329 5163 539 5218 cundus
586 5181 602 5217 :
661 5161 951 5229 Accepisti,
1009 5160 1410 5216 clementissime
1458 5163 1766 5228 imperator,
1805 5181 1904 5234 quo

329 5253 490 5308 liuore
517 5269 738 5322 semper,
770 5263 821 5308 et
851 5269 962 5322 qua
997 5251 1220 5320 fallacia
1251 5253 1582 5308 institutores
1617 5254 1904 5325 Etttychia-

327 5360 509 5399 norum
554 5347 884 5414 synusiasta:
915 5343 1161 5396 insidiati
1201 5343 1399 5412 fuerint
1425 5344 1582 5398 dictis
1623 5345 1904 5410 Theodori,

328 5451 374 5494 et
398 5440 656 5510 quomodo
707 5437 1036 5495 tentaverint
1092 5439 1475 5494 levissimorum
1525 5441 1906 5496 catholicorum

330 5543 514 5590 menta
544 5553 578 5588 a
599 5533 859 5589 doctrina
887 5531 1009 5601 ejus
1039 5542 1292 5597 avertere,
1325 5544 1380 5584 ut
1417 5548 1516 5586 non
1553 5533 1720 5586 solum
1752 5549 1909 5602 prave

327 5625 790 5698 interpretarentur
815 5641 884 5680 ea
919 5639 1040 5694 qua:
1078 5623 1169 5678 ille
1201 5633 1338 5678 recto
1375 5639 1528 5678 sensu
1571 5623 1788 5681 docebat
1814 5627 1908 5678 ob-

331 5717 434 5778 titts
455 5736 633 5776 eorum
655 5717 936 5784 stultitia,
977 5732 1152 5772 rerum
1198 5717 1358 5775 etiam
1396 5715 1556 5773 libros
1591 5716 1705 5786 ejus
1742 5717 1904 5770 inter-

2001 4506 2343 4592 dZstopo'tﬁn;
2385 4518 2732 4586 εἰσηγήσατο,
2765 4515 2882 4584 ἤτοι
2912 4509 3156 4578 περὶτοῦ
3205 4506 3484 4576 Ζαρουὰμ,
3519 4506 3577 4556 ὃν

2003 4615 2241 4686 ἀρχηγὸν
2285 4611 2500 4664 πάντων
2547 4606 2778 4672 εἰσάγει,
2827 4603 2884 4656 ὃν
2924 4602 3017 4654 καὶ
3053 4599 3222 4670 τύχην
3253 4597 3438 4650 καλεῖ·
3486 4599 3580 4650 καὶ

2003 4709 2083 4760 ὅτι
2117 4703 2374 4764 σπένδων,
2414 4701 2502 4754 ἵνα
2531 4698 2662 4770 τέκῃ
2688 4697 2776 4750 τὸν
2811 4694 3122 4766 Ὀρμίσδαν,
3152 4691 3333 4744 ἔτεκεν
3375 4691 3582 4744 ἐκεῖνον

2005 4805 2091 4856 καὶ
2131 4803 2218 4855 τὸν
2252 4800 2530 4853 Σατανᾶνο
2563 4797 2657 4850 καὶ
2691 4795 2818 4866 περὶ
2861 4794 2960 4862 τῆς
3005 4792 3184 4844 αὐτῶν
3226 4787 3577 4859 αἱμομιξίας·

2004 4894 2098 4945 καὶ
2125 4889 2307 4952 ἁπλῶς
2335 4890 2396 4941 τὸ
2419 4886 2674 4949 δυσσεϐὲς
2714 4886 2806 4937 καὶ
2841 4882 3206 4952 ὑπέραισχρον
3233 4879 3408 4946 δόγμα
3439 4875 3581 4928 κατὰ

2004 4984 2146 5050 λέξιν
2180 4983 2357 5044 ἐκθεὶς
2388 4979 2742 5042 ἁνασκευάζει
2777 4977 2834 5028 ὲν
2870 4975 2946 5044 τῷ
2994 4972 3195 5042 πρώτῳ
3227 4969 3401 5036 λόγῳ·
3433 4969 3488 5018 ὲν
3523 4965 3580 5017 δὲ

2003 5081 2116 5140 τοῖς
2145 5076 2350 5136 λοιποῖς
2377 5073 2496 5125 δυσὶ
2538 5070 2714 5138 λόγοις
2743 5069 2811 5120 τὰ
2845 5071 2972 5136 περὶ
3011 5064 3109 5132 τῆς
3143 5059 3396 5122 εὐσεϐοῦς
3436 5057 3578 5127 διέρφ

2005 5186 2152 5238 χεται
2193 5165 2448 5227 πίστεως,
2477 5162 2582 5216 ἀπὸ
2619 5162 2718 5230 τῆς
2742 5154 3096 5226 uocum/ovis;
3124 5151 3445 5221 ἀρξάμενος,
3485 5149 3580 5201 ml.

2007 5257 2135 5327 περὶ
2180 5254 2350 5322 αὐτῆς
2391 5253 2489 5320 τῆς
2537 5249 2756 5319 χάριτος
2801 5243 3019 5312 ὁμοίως,
3074 5241 3166 5292 καὶ
3221 5234 3580 5327 ὲπιτροχὲοῖην

2005 5323 2256 5400 διεῖῦών·
2301 5336 2451 5404 οὗτος
2499 5341 2542 5392 δ’
2581 5341 2608 5390 ὁ
2641 5335 2912 5404 Θεόδωρος
2949 5335 2976 5385 ὁ
3020 5329 3389 5400 Μοψουεστίας
3443 5323 3578 5380 εἶναι

2007 5439 2180 5491 δοκεῖ·
2211 5437 2306 5506 τήν
2340 5451 2398 5485 τε
2422 5431 2529 5499 γὰρ
2557 5427 2850 5496 Νεστορέου
2883 5423 3108 5494 αἵρεσιν,
3141 5423 3233 5474 καὶ
3263 5420 3493 5491 μάλιστα
3521 5419 3580 5468 ἐν

2007 5530 2084 5598 τῷ
2129 5527 2293 5598 τρίτῳ
2341 5525 2483 5592 λόγῳ
2533 5516 2907 5589 ὲπικρατύνων
2959 5513 3406 5586 προσαναφωνεῖ·
3446 5507 3582 5562 ἀλλὰ

2010 5622 2104 5676 καὶ
2146 5619 2244 5688 τὴν
2283 5615 2392 5669 τῶν
2435 5611 2768 5686 ἁμαρτωλῶν
2807 5608 3248 5662 ἀποκατάστασιν
3294 5599 3580 5670 τερατεύε-

2011 5731 2117 5770 ται.
2161 5687 2302 5766 Lecti
2341 5716 2460 5764 sunt
2496 5704 2753 5768 Theodori
2785 5701 2862 5758 De
2895 5703 3106 5772 persica
3130 5695 3328 5765 magia,
3363 5697 3418 5744 et
3449 5687 3581 5764 quid
