3920 6130
304 251 375 312 95
1577 247 1665 302 EX
1708 245 1957 302 LEONIS
2008 246 2276 302 ALLATll

3476 250 3555 309 06

306 386 337 423 a
366 370 457 439 pio
487 369 636 423 cultu
669 367 903 427 «λίσαι-ιιι.
937 367 1099 421 libelli
1143 377 1266 431 tres,
1303 384 1430 436 quos
1465 366 1726 420 Mastubio
1768 364 1873 415 Ar-
1909 367 1951 422 Α
1981 362 2238 439 Nicolaus
2276 365 2630 430 Alamannus,
2661 365 2754 434 qui
2784 364 2955 421 risum
2986 364 3182 435 qutrit
3211 362 3265 418 in
3289 364 3553 437 lscrymia

305 477 489 526 meno,
534 460 959 529 chorepiscopum
995 461 1207 529 ,agenti,
1260 458 1521 512 inscribit.
1575 457 1650 511 Ac
1698 458 1872 524 primo

304 551 515 623 quidem
571 549 705 604 libro
735 551 949 620 exponit
994 548 1282 618 nefandum
1338 548 1620 602 Persarum
1656 547 1871 616 dogma,

307 639 448 711 quod
478 638 742 695 Zasrades
776 642 986 694 induxit
1008 658 1027 706 ;
1056 641 1161 695 sive
1188 639 1252 693 de
1274 637 1533 701 Zaruam,
1562 654 1713 706 quem
1735 638 1875 705 prin-

306 732 474 800 cipem
513 734 744 786 omnium
788 732 940 800 facit,
980 741 1030 786 et
1071 733 1341 801 fortunam
1387 731 1549 785 etiam
1605 729 1875 797 appellat;

307 823 429 877 hinc
460 822 712 878 libatione
739 821 939 883 oblata.
965 834 1023 877 ut
1066 821 1412 877 Hormisdam
1446 822 1697 893 gigneret,
1729 829 1781 874 et
1807 820 1876 874 il-

309 909 420 967 ium
444 921 492 966 et
521 911 780 967 Satanam
825 923 1078 982 praeterea
1108 912 1381 982 genuisse;
1409 910 1471 964 de
1515 925 1693 963 eorum
1731 908 1878 962 insu-

306 1021 401 1076 per
449 1006 723 1075 sanguinis
769 1006 1012 1059 mistione
1058 1004 1292 1064 (incestis
1343 1000 1598 1069 nuptiis);
1657 999 1878 1065 denique

308 1094 399 1150 ubi
420 1096 731 1165 simpliciter
754 1095 970 1163 impium
993 1104 1041 1147 et
1064 1094 1431 1162 perobscenum
1453 1091 1644 1161 dogma
1667 1089 1741 1144 ad
1769 1107 1878 1144 rer-

310 1186 430 1240 bum
466 1189 759 1255 proposuit,
803 1188 976 1255 priore
1024 1185 1161 1239 illud
1202 1184 1337 1238 libro
1384 1184 1600 1252 refellit.
1641 1182 1876 1248 Reliquis

308 1277 512 1332 duobus
560 1278 624 1332 de
669 1272 800 1346 fidei
836 1279 927 1345 pia
980 1277 1224 1332 doctrina
1270 1286 1488 1342 tractat,
1545 1276 1802 1345 ductoque
1844 1291 1878 1330 a

308 1370 491 1422 mundi
545 1370 806 1423 creatione
853 1369 1088 1432 exordio,
1142 1368 1213 1445 ad
1266 1370 1434 1436 ipsam
1482 1368 1642 1439 legem
1690 1369 1878 1438 gratia:

307 1461 427 1528 pari
484 1460 637 1515 modo
688 1463 883 1514 cursim
946 1461 1222 1515 dilabitur.
1280 1461 1379 1515 llic
1428 1459 1731 1515 Theodorus
1790 1459 1878 1513 ille

310 1547 706 1618 Hopsuestenus
730 1566 841 1606 esse
885 1550 1151 1616 creditur;
1190 1549 1430 1605 Ναξιονή
1463 1551 1600 1604 enim
1632 1549 1877 1604 haeresim

307 1642 536 1694 maxime
569 1640 704 1695 libro
746 1643 897 1695 tertio
926 1643 1250 1710 conﬁrmans
1301 1642 1614 1710 proclamat.
1644 1641 1783 1706 Quin
1825 1649 1877 1694 et

308 1731 587 1799 impiorum
637 1732 692 1785 in
746 1734 1027 1802 pristinum
1075 1742 1273 1787 statum
1328 1733 1711 1786 restitutionem
1758 1749 1878 1787 con-

305 1823 479 1894 fingit.

380 1914 643 1969 Aduersus
676 1913 884 1968 luiiani
912 1914 1181 1983 Apostatw
1208 1916 1501 1971 calumnias
1530 1917 1581 1969 in
1614 1914 1877 1971 Christia-

309 2021 426 2068 nos,
464 2005 718 2070 laudatur
744 2007 798 2059 in
832 2016 1021 2062 catena
1053 2006 1238 2061 Gra‘ca
1269 2007 1337 2060 ad
1363 2006 1564 2061 Lucam
1596 2008 1670 2079 (a)
1704 2027 1717 2063 :
1748 2008 1880 2062 Geo--

308 2094 481 2166 δώρου
507 2095 879 2167 Μοψουεστίας
909 2100 973 2151 ὲκ
1003 2098 1109 2151 τῶν
1126 2098 1287 2168 Πρὸς
1311 2099 1417 2166 τὰς
1444 2101 1593 2156 κατὰ
1618 2116 1882 2171 χριστια-

310 2184 433 2239 νῶν
459 2188 815 2256 κατηγορίας
852 2188 1176 2242 ’Ῑουλιανοῦ
1220 2189 1326 2243 τοῦ
1373 2191 1715 2259 παραϐἀτου
1740 2209 1753 2222 ’
1796 2192 1882 2246 Ea:

311 2278 703 2330 commentariis
727 2277 985 2331 Theodori
1012 2276 1364 2347 Hopsuesteni
1394 2284 1656 2339 adversus
1675 2281 1881 2338 Juliaui

313 2369 611 2423 desertoris
638 2368 1052 2424 criminationes
1081 2371 1134 2423 in
1174 2370 1533 2428 Christianos.

383 2457 687 2530 Epistulam
754 2460 824 2514 ad
882 2459 1145 2515 Damnum
1210 2462 1393 2516 laudat
1444 2464 1767 2521 Anastasius
1825 2466 1881 2520 in

313 2552 499 2621 ecloge
530 2551 811 2620 Χρήσεων
835 2551 1206 2622 δογματικῶν
1234 2554 1318 2609 his
1348 2556 1526 2611 verbis
1558 2575 1570 2610 :
1606 2556 1882 2629 Θεοδώρου

312 2642 689 2711 Μοψουεστίας
737 2644 801 2696 ἐκ
832 2644 929 2713 τῆς
964 2643 1099 2716 πρὸς
1128 2644 1329 2715 Δόμνον
1378 2646 1691 2718 ἐπιστολῆς·
1726 2648 1884 2704 Tlteo-

313 2736 433 2788 deri
472 2733 828 2803 Mopsuesteni
853 2751 918 2790 ex
946 2736 1169 2804 epistola
1193 2736 1261 2789 ad
1288 2736 1551 2790 Domuum
1582 2737 1675 2809 (ὁ).

385 2824 683 2896 Epistolam
714 2829 784 2880 ad
832 2828 1129 2883 Artemium
1168 2829 1584 2884 Alexandrinum
1621 2832 1885 2903 presbyte-

314 2930 454 2971 rum.
482 2916 554 2973 Ex
595 2934 659 2972 ea
683 2920 876 2973 recitat
907 2920 1088 2989 aliqua
1123 2918 1415 2976 Facuudus
1441 2922 1534 2976 lib.
1568 2939 1651 2987 Ill,
1683 2938 1802 2992 cap.
1828 2924 1880 2977 5.

1976 438 2245 509 Theodori
2290 455 2626 525 paenitentis,
2672 455 2886 526 sibique
2926 455 3161 512 fortasse
3206 457 3455 527 permisit
3488 458 3550 515 in

1976 545 2077 600 viri
2110 544 2254 600 docti
2298 546 2510 616 lugubri
2548 547 2934 602 lamentatione
2972 547 3240 603 facundia:
3273 547 3553 618 [rigidita—

1974 645 2057 693 tes
2084 646 2137 693 et
2187 640 2430 709 leporum
2485 640 2738 708 ineptias.
2770 637 2971 693 Verum
3024 641 3185 695 sicuti
3224 638 3552 697 Theodorus

1974 732 2283 802 lacrymans
2313 730 2417 785 hoc
2448 745 2587 801 opus
2627 728 2886 799 proludit,
2918 746 3093 801 neque
3141 730 3395 802 frigidum
3438 739 3547 797 est,

1974 837 2152 892 neque
2180 822 2441 892 ineptum,
2476 821 2571 876 sed
2601 830 2659 875 ut
2689 821 2821 875 illud
2853 818 3091 876 Savilius
3121 822 3408 892 politulum
3441 823 3552 881 vel-

1974 913 2047 968 let
2077 920 2242 984 atque
2279 913 2606 979 litnatulum,
2637 913 2718 968 sic
2749 922 2894 969 esset
2934 912 3093 983 plane
3129 913 3447 970 ridiculum.

2044 1003 2351 1074 At,inquit,
2412 1004 2749 1061 Sozomenus
2808 998 3155 1059 Theodorum
3215 1004 3551 1078 πολυῑστορσ

1976 1094 2148 1174 fuisse
2176 1097 2388 1160 scribit,
2427 1094 2563 1150 adde
2601 1098 2763 1151 etiam
2800 1096 3044 1168 ρητόρων
3080 1096 3278 1160 ἱκανῶς
3322 1098 3552 1170 ἐπιστή-

1981 1204 2135 1257 μονα.
2190 1187 2500 1257 Respondet
2552 1188 2887 1243 Alemannus
2934 1186 3296 1243 doctissime:
3345 1185 3549 1244 Verum

1977 1279 2281 1351 πολυτστωρ
2338 1280 2661 1350 appellatur,
2695 1296 2802 1334 non
2841 1280 3111 1335 facundus
3160 1287 3213 1334 et
3258 1280 3548 1349 eloquens,

1979 1370 2072 1424 sed
2106 1371 2152 1423 is
2180 1371 2272 1439 qui
2329 1370 2524 1425 litteris
2552 1371 2738 1425 multis
2766 1371 3048 1440 prteditus.
3098 1384 3387 1440 rerumque
3426 1371 3552 1439 pln-

1979 1461 2119 1514 rium
2151 1476 2214 1515 ac
2248 1461 2394 1514 varia
2435 1462 2661 1516 scientia
2696 1462 2786 1524 sit,
2832 1470 2887 1515 ut
2917 1462 2981 1516 Α.
3014 1460 3222 1516 Gellius
3248 1462 3323 1514 ait
3351 1461 3419 1515 de
3438 1460 3551 1532 Ap-

1977 1554 2139 1624 pione
2175 1563 2368 1608 vocato
2401 1532 2705 1625 πολυῖστωρ
2739 1553 3085 1624 (c).Cyrillus
3124 1564 3304 1608 autem
3338 1555 3552 1625 (contra

1976 1646 2092 1700 Jul.
2117 1647 2207 1700 lib.
2244 1663 2299 1711 χ,
2320 1662 2370 1716 ρ.
2390 1646 2536 1716 542),
2557 1656 2616 1699 ut
2632 1647 2923 1702 Clementis
2946 1646 3299 1702 Alexandrini
3319 1645 3549 1702 laculla-

1981 1744 2087 1791 tem
2117 1734 2355 1797 dicendi,
2398 1747 2450 1790 et
2480 1735 2839 1790 eruditionem
2880 1737 2996 1791 suis
3028 1736 3340 1792 nominibus
3367 1737 3542 1807 expri-

1979 1836 2172 1890 meret,
2202 1827 2484 1898 ὲλλόγιμον
2514 1828 2662 1882 illum
2695 1828 2928 1891 vocavit,
2960 1836 3009 1881 et
3039 1826 3386 1898 πολυῒστορα,
3412 1842 3553 1896 quas

1980 1935 2142 1975 voces
2180 1919 2299 1989 ipse
2326 1920 2561 1989 explicat
2604 1920 2730 1974 alibi
2762 1919 2881 1989 (lib.
2916 1935 3011 1987 vn,
3042 1935 3096 1989 p.
3130 1918 3279 1989 231).
3317 1919 3554 1991 Κλήμης

1981 2012 2119 2084 ἀνὴρ
2154 2011 2436 2082 ἐλλόγιμος
2479 2012 2571 2065 καὶ
2615 2011 2951 2082 πολυμαθὴς,
2983 2012 3076 2065 καὶ
3112 2012 3557 2083 ἀναγνωσμάτων

1982 2100 2276 2173 ὲλληνικῶν
2338 2101 2870 2173 πολυπραγμονήσας
2936 2100 3117 2170 βάθος.
3179 2099 3361 2170 Neque
3422 2114 3559 2156 vero

1981 2193 2143 2248 etiam
2174 2193 2271 2262 qui
2309 2192 2364 2246 ia
2414 2192 2726 2247 oratoribus
2777 2202 3024 2247 versatus
3052 2200 3155 2256 est,
3200 2200 3253 2247 et
3308 2207 3559 2247 summos

1981 2286 2230 2340 rhetores
2275 2284 2502 2351 audivit,
2541 2285 2617 2338 uti
2667 2283 3336 2359 Theodorus’Lihanium,
3371 2284 3559 2338 statim

1981 2376 2241 2445 eloquens
2270 2375 2616 2445 disertusque
2647 2374 2835 2429 evasit.
2868 2373 2976 2429 Nec
2999 2375 3142 2429 enim
3172 2376 3262 2429 ille
3298 2383 3559 2429 naturam

1983 2468 2050 2523 ad
2071 2469 2125 2522 id
2158 2467 2620 2522 accommodatam
2649 2467 2860 2529 habuit,
2898 2482 3073 2536 neque
3110 2482 3287 2537 Operae
3321 2467 3563 2536 pretium

1982 2561 2139 2616 duxit
2167 2575 2285 2615 eam
2319 2569 2437 2614 arte
2466 2560 2679 2624 limare,
2710 2569 2768 2612 ut
2797 2559 2851 2611 in
2878 2559 2992 2613 suis
3021 2559 3127 2613 illis
3163 2557 3560 2617 monumentis.

1982 2667 2105 2722 quae
2144 2651 2401 2716 vidimus,
2447 2650 2608 2719 plane
2659 2649 2922 2704 declarat.
2959 2647 3213 2718 Legimus
3255 2663 3383 2701 vero
3410 2662 3564 2717 quae-

1982 2720 2106 2796 dam
2126 2720 2466 2794 diversorum
2497 2739 2616 2807 ejus
2644 2753 2866 2807 operum
2889 2737 3336 2808 ἁποσπασμάτια,
3354 2738 3567 2808 aliquot

1983 2831 2321 2901 psalmorum
2360 2830 2759 2896 enarrationes,
2800 2836 2854 2883 et
2905 2829 3144 2899 integros
3192 2831 3249 2883 in
3278 2829 3564 2898 prophetas

1985 2923 2212 2977 minores
2235 2922 2674 2982 commentarios,
2691 2937 2828 2990 quos
2848 2921 2951 2975 nisi
2977 2920 3212 2976 Savilius
3232 2921 3284 2974 in
3306 2928 3564 2992 promptu

387 3005 685 3077 Epistolam
712 3008 780 3061 ad
801 3007 1063 3064 Joannem
1087 3010 1543 3082 Cltrysostomum,
1574 3030 1681 3085 qua
1704 3015 1878 3088 Chry-
1907 3025 1951 3084 α
1986 3016 2200 3079 habeat,
2230 3015 2481 3068 consulat
2516 3014 2568 3068 in
2600 3013 2781 3068 citatis
2816 3013 2950 3068 locis
2976 3011 3251 3078 Photium,
3286 3014 3378 3083 qui
3412 3013 3567 3083 ejus-

317 3101 667 3156 sostomiana:
700 3102 994 3173 respondet
1030 3112 1151 3173 post
1176 3106 1407 3174 lapsum.
1434 3104 1588 3174 Quod
1619 3122 1743 3162 cum
1775 3124 1886 3163 non

318 3190 719 3248 intellexissent
770 3195 1155 3263 epitomatores
1191 3199 1509 3254 Gesneriani
1568 3210 1882 3258 verterunt:

318 3282 689 3352 Antigramma
721 3294 907 3338 contra
939 3283 1197 3340 Joannem
1248 3286 1697 3359 Cltrysostontum.
1729 3294 1883 3347 Inve-

318 3374 580 3447 niturque
616 3392 721 3432 ms.
757 3379 958 3447 passim
999 3380 1052 3433 in
1087 3379 1434 3436 bibliothecis
1469 3381 1633 3438 Italiae
1660 3386 1760 3439 sub
1784 3384 1887 3438 hoc

318 3469 479 3522 titulo
509 3486 523 3522 :
559 3468 833 3540 Θεοδώρου
879 3469 971 3525 τοῦ
1010 3472 1331 3536 ἐκπεσόντος
1369 3473 1721 3544 ἀντίγραμμα
1754 3473 1891 3546 πρὸς

321 3558 410 3613 τὸν
439 3560 496 3611 ἐν
520 3559 694 3628 ἁγίοις
725 3561 935 3632 πατέρα
968 3561 1124 3633 ἡμῶν
1169 3562 1422 3634 Ἰωάννην
1460 3564 1548 3617 τὸν
1582 3561 1888 3635 Χρυσόστο-

325 3668 453 3722 μον·
486 3653 737 3706 Theodori
776 3655 915 3721 lapsi
955 3654 1222 3722 responsio
1254 3655 1323 3708 ad
1364 3655 1569 3710 litteras
1602 3656 1662 3711 S.
1697 3656 1764 3711 P.
1810 3656 1887 3713 N.

319 3740 548 3797 Joannis
582 3741 963 3812 Cltrysostomi.
1004 3742 1084 3809 P.,
1110 3743 1346 3799 Πάντοτε
1376 3747 1423 3799 oi
1459 3746 1516 3800 ὲν
1566 3747 1760 3813 εὐδίοις
1807 3751 1890 3804 λι-

325 3834 450 3903 μέσι
476 3832 843 3905 κομιζόμενοι.
880 3834 947 3887 Et
978 3850 1113 3890 sane
1153 3837 1552 3895 inconsiderate
1594 3841 1893 3911 loquuntur

321 3925 417 3995 qui
450 3926 658 3996 lapsum
692 3925 838 3981 hunc
871 3940 900 3980 a
952 3925 1237 3981 Theodoro
1271 3929 1651 3997 Mopsuesteno
1703 3934 1893 3988 distin-

321 4028 514 4088 guunt.
550 4033 674 4073 cum
710 4035 854 4073 unus
906 4018 1156 4089 idemque
1209 4020 1298 4085 sit,
1341 4029 1395 4074 et
1442 4022 1628 4092 lapsus
1678 4025 1799 4090 iste,
1840 4036 1892 4080 et

324 4108 648 4166 Theodorus
694 4110 1134 4181 Mopsuestenus,
1176 4128 1387 4167 necnon
1435 4112 1752 4169 Theodorus
1789 4118 1896 4172 Au-

325 4202 635 4267 tiochenus,
668 4204 812 4272 quod
845 4204 1090 4273 plerique
1139 4218 1261 4257 cum
1292 4220 1402 4259 non
1435 4216 1620 4261 essent
1653 4208 1894 4265 subodo-

1988 3109 2108 3164 dem
2141 3108 2344 3176 aliquot
2384 3121 2548 3177 Opera
2581 3105 2727 3176 legit,
2762 3114 2924 3174 atque
2954 3105 3027 3158 ita
3077 3105 3288 3159 censuit
3320 3122 3333 3158 :
3365 3104 3475 3176 Τὴν
3503 3104 3567 3159 δι

1989 3200 2186 3271 φράσιν
2229 3197 2348 3251 οὐδὲ
2381 3196 2653 3268 λαμπρὸς,
2686 3195 2805 3250 οὐδὲ
2856 3195 2975 3248 λίαν
3015 3196 3221 3267 σαφὴς·
3251 3194 3569 3264 ταύτολογεῖ

1987 3291 2043 3344 δὲ
2094 3289 2162 3343 τά
2205 3289 2452 3346 πλεῖστα.
2490 3289 2581 3340 καὶ
2627 3286 2820 3357 ἄχαρίς
2875 3303 3010 3350 πως,
3062 3287 3156 3339 καὶ
3207 3286 3376 3357 ἀηδὴς
3423 3282 3567 3342 εἶναι

1987 3382 2165 3435 δοκεῖ’
2200 3379 2383 3448 Stylus
2410 3379 2491 3432 illi
2523 3394 2683 3448 neque
2710 3376 2923 3442 nobilis,
2954 3394 3112 3446 neque
3135 3376 3417 3430 admodum
3445 3392 3569 3444 per-

1990 3476 2352 3543 spicuus,est.
2404 3470 2608 3525 Eadem
2652 3469 2947 3523 identident'
2989 3470 3194 3539 repetit,
3228 3478 3277 3522 et
3324 3470 3567 3539 ingratus

1991 3577 2146 3638 atque
2168 3565 2415 3618 molestus
2444 3562 2729 3633 legentibus
2751 3561 2966 3615 accidit.
2994 3560 3058 3614 Et
3082 3561 3209 3615 alibi
3235 3560 3377 3631 (cod.
3401 3561 3527 3630 177)
3552 3579 3568 3617 :

2003 3656 2243 3727 Ἀσαςρὴς
2275 3655 2331 3708 δέ
2365 3656 2501 3721 ἐστι,
2529 3653 2622 3707 καί
2651 3670 2732 3706 τοι
2765 3652 2907 3717 λέξει
2949 3654 3009 3706 οὐ
3042 3652 3319 3723 ξενιζούσῃ
3350 3650 3571 3723 χρώμε-

1990 3763 2098 3809 νος,
2137 3744 2273 3798 ἀλλὰ
2302 3744 2378 3815 τῷ
2414 3740 2769 3814 σχοινοτενέσι
2803 3741 3037 3811 χρῆσθαι
3064 3743 3128 3794 ἐκ
3172 3739 3264 3794 τοῦ
3294 3741 3384 3793 ἐπὶ
3414 3740 3569 3794 πλεῖ-

1994 3854 2116 3891 στον
2148 3835 2415 3905 περιόδοις
2461 3835 2553 3888 καὶ
2602 3832 2972 3904 παρεμϐολαῖς
3021 3831 3464 3903 ἀλλεπαλλήλοις,
3497 3831 3570 3885 δι’

1992 3922 2066 3982 ὧν
2095 3929 2188 3981 καὶ
2217 3929 2296 3990 εἰς
2324 3928 2584 3997 μήκιστον
2612 3926 2641 3977 ὀ
2668 3925 2791 3988 νοῦς
2828 3925 3170 3977 ἀποτείνεται
3203 3924 3309 3978 τῶν
3342 3941 3571 3996 προκει-

1998 4020 2198 4091 μένων,
2225 4017 2303 4087 τῷ
2325 4034 2383 4071 τε
2411 4016 2516 4069 τῶν
2558 4016 2835 4087 ὀνομάτων
2867 4019 2986 4079 ταῖς
3026 4014 3279 4084 πλαγίαις
3313 4016 3407 4069 καὶ
3450 4018 3573 4081 ταῖς

2000 4112 2311 4181 μετοχικαῖς
2338 4108 2513 4173 λέξεσι
2558 4107 2892 4172 πλεονάζειν,
2925 4108 2990 4160 τά
3029 4107 3168 4161 αὑτά
3199 4124 3259 4158 τε
3290 4106 3569 4172 πολλάκις,

1997 4203 2091 4255 καὶ
2119 4200 2250 4272 μηδὲ
2291 4202 2387 4253 σὺν
2418 4199 2606 4269 κόσμῳ
2639 4197 3054 4259 ἐπανακυκλεῖν,
3100 4197 3191 4249 καὶ
3230 4195 3329 4259 τάς
3371 4197 3574 4249 ἐπανα-

306 4295 453 4363 _rati,
502 4293 784 4351 diversum
835 4294 1031 4351 fecere.
1092 4294 1156 4349 Ει
1184 4296 1251 4351 de
1305 4296 1391 4352 his
1440 4301 1729 4368 postremis
1761 4303 1886 4358 satis

1996 4294 2186 4365 λήψεις
2215 4292 2375 4345 πλέον
2413 4289 2519 4343 τῶν
2548 4290 2871 4361 διηγήσεων,
2902 4289 3035 4360 ὅπερ
3083 4288 3342 4358 ἀμέθοδον
3370 4305 3475 4340 παν
3488 4303 3571 4339 τεο

324 4388 650 4458 abundeque
679 4403 802 4443 esse
846 4388 1062 4443 videtur
1097 4389 1410 4459 conjectura
1450 4400 1504 4447 et
1547 4394 1788 4463 suSpicio
1814 4395 1886 4449 in.

2000 4385 2106 4448 λῶς
2128 4386 2246 4448 ταῖς
2292 4381 2642 4453 περιστάσεσι
2684 4379 3084 4450 μεμεστῶσθαι,
3118 4379 3213 4432 καὶ
3252 4382 3364 4442 τοῖς
3411 4375 3572 4430 ποιούς

325 4486 412 4534 ter
439 4480 576 4536 alios
608 4477 809 4534 Photii.
849 4479 1145 4549 Episwlam
1178 4480 1417 4541 Savilius
1451 4483 1507 4539 in
1540 4486 1886 4555 appendicem

1993 4496 2105 4543 τοις
2146 4478 2245 4531 οὐκ
2276 4476 2445 4545 ὀλίγοι
2484 4475 2644 4544 ζόφον
2673 4473 2780 4526 τῶν
2807 4473 2967 4526 αὑτοῦ
3002 4471 3447 4544 συγγραμμάτων
3481 4487 3577 4523 κα-

327 4568 395 4624 ad
436 4585 602 4641 opera
658 4570 1030 4642 Chrysostomi
1083 4572 1285 4637 retulit,
1345 4588 1581 4643 namque
1631 4578 1699 4628 ad
1751 4577 1899 4630 illam
1994 4568 2343 4634 τασκεδάζει·
2378 4567 2495 4622 Etsi
2526 4576 2696 4620 autem
2738 4564 3056 4619 dictionibus
3096 4575 3278 4618 utatur
3312 4581 3412 4618 non
3456 4565 3578 4617 inu.

326 4660 599 4730 pertinent
625 4660 735 4713 duo
766 4661 929 4715 libelli
961 4660 1427 4731 Chrysostomiani
1477 4660 1635 4727 Πρὸς
1662 4661 1769 4714 τὸν
1800 4662 1900 4717 ἐκ·
1998 4665 2196 4729 sitatis,
2234 4662 2487 4716 obscurus
2524 4670 2698 4713 tamen
2734 4666 2811 4712 est
2839 4674 2857 4711 :
2890 4668 3000 4710 tum
3038 4656 3163 4728 quia
3191 4664 3248 4709 ut
3285 4655 3574 4724 plurimum

326 4751 597 4804 πεσόντα
652 4750 760 4805 τοῦ
803 4750 1089 4819 ἐναρέτου
1133 4752 1298 4815 βίου.
1350 4749 1470 4805 Νοη
1530 4759 1709 4821 potest
1759 4768 1899 4818 esse,

328 4840 507 4913 inquit
556 4841 764 4910 rigidus
797 4855 861 4894 ac
904 4843 1133 4896 tetricus
1183 4857 1400 4905 censor,
1433 4840 1704 4897 Theodori
1749 4842 1903 4914 frigi-

327 4934 458 4991 dutn
482 4935 585 4989 hoc
607 4937 846 5003 ineptum
869 4940 923 4987 et
941 4948 1076 5002 pene
1100 4934 1389 4987 ridiculum
1415 4932 1715 5004 σύνταγμα,
1741 4951 1901 5005 quem

330 5025 671 5082 Sozomenus
707 5023 1034 5095 πολυΐστορα
1078 5023 1267 5088 fuisse,
1300 5033 1354 5080 et
1392 5024 1707 5083 liberalibus
1733 5027 1902 5084 disci-

330 5118 495 5189 plinis
524 5119 797 5172 excultum
830 5117 1100 5173 tradit.At
1131 5117 1291 5188 plane
1312 5117 1599 5172 ridiculum
1620 5133 1727 5173 non
1757 5136 1901 5188 esse,

332 5210 491 5271 ﬂetus
531 5212 647 5281 ipse
686 5218 741 5266 et
792 5212 1046 5282 lacrymae.
1093 5211 1294 5280 quibus
1347 5211 1549 5281 ubique
1584 5213 1901 5279 inundatur,

335 5321 445 5362 non
478 5304 703 5375 patitur.
732 5303 921 5360 Potius
948 5305 1213 5360 ridiculus
1239 5313 1323 5360 est
1353 5303 1613 5372 Savilius,
1645 5316 1701 5363 ut
1729 5306 1907 5362 aiebat

429 5462 483 5533 a)
518 5460 729 5546 [fean
752 5477 822 5546 es
846 5470 1038 5546 catena
1071 5464 1123 5516 in
1150 5460 1348 5517 Lucam
1378 5460 1584 5546 codicis
1615 5459 1749 5546 Pal._
1775 5461 1895 5546 vat.

334 5531 658 5594 XX.'etlidit
704 5540 863 5587 aetate
901 5539 1089 5585 nostra
1129 5547 1227 5585 sex
1267 5547 1387 5591 ante
1421 5532 1493 5585 ibi
1528 5539 1688 5586 erant
1736 5532 1902 5600 hujus

335 5605 516 5682 operis
541 5602 850 5682 fragmenta
868 5603 951 5656 vir
967 5601 1259 5672 perdoctus
1282 5600 1410 5657 Fed.
1435 5600 1742 5657 Muenterus
1766 5618 1903 5671 prte-

337 5675 421 5730 sul
458 5671 787 5729 llalnieusis.

411 5743 484 5815 υ)
530 5742 646 5801 Duo
673 5757 775 5801 nos
802 5741 1104 5815 fragmenta
1135 5737 1464 5811 protulimus
1496 5739 1550 5795 in
1578 5739 1774 5810 Script.
1807 5752 1908 5798 ret.

2001 4755 2279 4810 immodice
2308 4754 2547 4821 prolixos
2582 4749 2733 4804 habet
2767 4750 3029 4818 periodos,
3065 4758 3114 4803 et
3148 4749 3574 4818 interpositiones

1978 4848 2241 4910 ~crebras,
2270 4862 2359 4915 per
2405 4861 2537 4915 quas
2589 4844 2750 4897 etiam
2781 4859 2963 4896 sensus
2999 4858 3156 4912 qttam
3206 4840 3509 4911 longissime
3542 4856 3577 4894 a

2011 4956 2064 4994 re
2094 4938 2363 5008 proposita
2390 4934 2613 4999 recedit;
2645 4945 2755 4987 tum
2791 4935 2951 4988 etiam
2982 4934 3107 5004 quia
3141 4932 3411 4986 nominum
3441 4929 3577 4985 obli-

2009 5030 2123 5100 quis
2148 5045 2209 5083 ac
2233 5026 2523 5096 participiis
2548 5022 2828 5086 redundat,
2851 5033 2901 5076 et
2926 5039 3007 5076 res
3022 5020 3232 5076 easdem
3257 5021 3573 5092 frequenter,

2009 5137 2168 5191 neque
2201 5120 2255 5173 id
2288 5119 2419 5172 satis
2447 5125 2649 5180 ornate,
2683 5114 2839 5169 volvit
2862 5131 2923 5168 ac
2946 5114 3181 5179 revolvit,
3214 5124 3323 5166 tum
3357 5112 3576 5179 denique

2010 5219 2132 5288 quia
2145 5213 2472 5283 repetitiones
2485 5211 2629 5266 illius
2643 5212 2698 5280 pl
2704 5209 3067 5278 uribus,quam
3081 5209 3413 5261 narrationes
3426 5206 3574 5275 ἔρδω.

2012 5305 2148 5378 quod
2169 5304 2379 5359 omnino
2394 5305 2507 5358 sine
2520 5302 2757 5356 methodo
2774 5301 2859 5370 ﬁt,
2880 5316 3054 5354 rerum
3075 5297 3343 5368 adjunctis
3370 5295 3576 5365 referta:

2006 5455 2521 5529 ιοιιιονηιρεβθχ
2588 5523 2618 5529 _
2735 5523 2747 5529 _
3163 5519 3176 5529 .
3396 5517 3410 5529 .
3484 5517 3518 5529 -.

2080 5536 2150 5603 (c)
2181 5517 2334 5603 Gell;
2361 5526 2424 5589 V,
2463 5527 2549 5580 14.
2585 5523 2846 5603 Sequitur
2876 5528 3058 5603 autem
3088 5517 3580 5603 vulgarem-lectio-

2012 5587 2419 5660 nein’Allatius,
2479 5610 2576 5665 pro
2606 5587 2946 5660 Plistonices,
2998 5598 3058 5648 ut
3091 5587 3239 5648 nunc
3281 5589 3480 5662 legitur
3521 5587 3578 5641 in

2010 5672 2169 5732 Gellii
2204 5674 2480 5727 contextu.
