3920 6130
606 172 658 205 υτ

334 219 407 281 99

1602 202 1695 268 EX
1727 205 1979 267 LEONIS
2015 206 2292 265 ALLATI]

3488 194 3623 260 Di)

338 334 501 408 ὑμῶν
559 332 792 405 δύναμαι
819 330 1215 396 ὶπιλαθέσθαι;
1269 328 1461 401 Ὑμεῖς
1500 326 1623 399 ἐμοὶ
1649 329 1907 397 πατέρες,
1937 334 1954 381 J

2056 330 2243 374 uerum
2267 318 2520 388 exemplis
2543 358 2558 383 ,
2590 324 2707 373 erat
2760 315 2899 371 enim
2932 314 3094 370 earire
3120 327 3184 370 ac
3210 310 3392 370 multa:
3409 314 3619 373 lectio-

340 429 500 498 ὑμεῖς
532 426 655 497 ἐμοὶ
683 425 816 495 ζωὴ,
841 425 997 495 ὑμεῖς
1038 423 1159 492 ἐμοὶ
1190 421 1559 491 αὐδοκίμησις·
1595 417 1767 478 Unum
1800 433 1922 470 cor-

339 533 439 586 pus
461 533 665 580 sumus,
685 532 845 586 neque
876 522 1033 583 caput
1057 530 1087 566 a
1109 528 1345 580 corpore,
1361 527 1522 580 neque
1546 525 1734 579 corpus
1768 525 1799 562 a
1832 525 1925 563 ca-

340 609 452 677 pite
473 617 770 676 separatur.
800 604 1030 659 Etiamsi
1057 607 1172 658 loco
1201 602 1516 667 dividimur,
1534 600 1625 654 sed
1660 600 1926 652 charitate

342 699 743 769 conjungimur;
779 714 871 766 ego
911 714 944 749 a
970 696 1112 749 vobis
1151 712 1243 748 nec
1277 703 1444 747 morte
1476 692 1703 746 divellor
1740 707 1757 744 .'
1802 705 1925 743 nam

343 791 642 857 etsicorpus
662 805 830 841 meum
862 784 1147 851 moriatur,
1172 787 1352 839 anima
1367 802 1480 838 mea
1495 785 1641 843 vivit.
1664 793 1712 837 et
1730 799 1929 836 memo-

345 884 483 936 riam
515 883 671 936 vestri
707 882 934 945 tenebit;
966 898 1055 935 vos
1101 880 1228 932 milti
1284 888 1480 948 patres.
1524 875 1797 942 Quomodo
1841 891 1928 929 ue-

350 984 519 1029 strum
545 974 868 1029 obliviscar?
909 971 1011 1027 Vos
1046 972 1171 1025 nti/ti
1198 982 1394 1040 patres,
1413 985 1499 1023 ros
1518 969 1645 1021 mihi
1680 970 1802 1030 rita,
1838 982 1929 1019 vos

350 1067 483 1120 mihi
549 1067 825 1135 gloriatio.
885 1064 1003 1130 Qua
1068 1071 1194 1116 nota
1261 1060 1550 1113 cbaritatis
1602 1058 1931 1128 Chrysosto—

353 1158 428 1211 mi
488 1173 613 1225 erga
667 1172 821 1216 suos,
884 1156 1047 1210 etiam
1106 1152 1384 1207 ltomiliam
1436 1150 1651 1204 tertiam
1686 1150 1744 1203 in
1794 1150 1933 1203 Acta

352 1247 711 1316 apostolorum
751 1246 1061 1315 insignitum
1102 1244 1367 1298 invenies.

427 1338 628 1393 Parum
660 1338 859 1409 oppido
895 1332 1098 1391 Savilio
1128 1344 1267 1397 erat,
1331 1342 1390 1388 ut
1450 1333 1724 1403 irigidulis
1781 1331 1933 1386 ltisce

359 1430 670 1484 rationibus
716 1427 988 1481 Theodori
1042 1426 1329 1495 epistolam
1359 1424 1693 1478 Calviniauis
1724 1423 1929 1477 Lutlte-

357 1520 623 1588 ranisque
654 1518 939 1572 adversam
971 1517 1312 1576 cxsibilaret,
1352 1515 1463 1568 nisi
1501 1515 1649 1567 aliud
1682 1514 1933 1584 ejusdem

356 1608 610 1680 putidum
641 1606 1198 1669 munimentum,suis
1224 1605 1413 1660 favens
1448 1605 1720 1669 sectariis,
1770 1606 1935 1659 veluti

2028 413 2134 474 nis,
2158 411 2213 464 in
2242 410 2420 464 urbem
2441 426 2676 464 reversus
2694 417 2793 462 est.
2820 406 3035 461 Nullam
3059 406 3150 461 hic
3168 406 3471 461 oralionem
3506 406 3631 462 So-

2026 514 2288 554 zomenus
2334 506 2603 554 memorat
2645 514 2676 553 a
2722 497 3013 552 Theodoro
3070 498 3452 567 compositam,
3507 495 3631 551 sed

2027 596 2236 642 tantum
2266 589 2447 641 innuit
2473 588 2714 642 rationes
2756 587 2970 656 aliquas
3010 587 3080 641 ab
3110 601 3177 640 eo
3214 587 3359 639 inter
3398 601 3629 641 consu-

2027 677 2272 743 lendum,
2297 678 2471 747 deque
2501 693 2599 731 suo
2635 677 2887 733 discessu
2938 693 3062 731 cum
3108 676 3424 730 monasterii
3469 691 3632 745 prm—

2029 767 2176 822 fecto
2241 771 2531 823 statuendo
2589 767 2728 823 forte
2775 768 3059 823 adductas.
3089 766 3221 833 Quae
3272 783 3398 820 num
3439 768 3628 821 etiam

2029 860 2098 914 ab
2124 875 2190 915 eo
2222 862 2471 916 adducta:
2518 860 2742 923 fuerint,
2788 870 2941 914 certo
2976 877 3033 913 se
3081 862 3226 914 scire
3269 861 3632 914 Sonmenus

2031 960 2219 1023 aperte
2243 960 2428 1023 negat,
2474 952 2566 1006 sed
2597 950 2857 1005 credibile
2888 949 2940 1003 id
2968 964 3089 1003 esse
3121 948 3217 1012 ait,
3313 941 3404 1001 οἷα
3439 947 3631 1012 εἰκός,

2035 1053 2201 1115 atque
2254 1044 2561 1114 probabile,
2603 1045 2657 1097 et
2703 1042 3033 1095 verosimile.
3084 1039 3162 1093 En
3199 1039 3296 1092 libi
3345 1037 3629 1093 Savilium

2031 1137 2193 1206 plane
2225 1135 2511 1204 pueriliter
2551 1132 2863 1202 deceptum.
2912 1130 2972 1184 In
3023 1128 3330 1184 Sozomeno
3358 1144 3461 1183 nos
3502 1128 3632 1181 alio

2033 1244 2099 1283 ex
2135 1229 2312 1296 capite
2347 1227 2504 1281 ﬁdem
2538 1224 2960 1287 desideramus;
2990 1238 3116 1276 nam
3148 1214 3443 1276 Theodoro
3480 1223 3623 1292 plus

2031 1335 2188 1390 aequo
2220 1320 2494 1382 addictus,
2550 1318 2606 1373 in
2670 1319 2791 1387 ejus
2837 1318 3026 1387 lapsus
3062 1318 3380 1370 narratione
3426 1316 3624 1369 fucum

2032 1411 2255 1465 veritati
2290 1410 2488 1465 fecisse
2523 1409 2766 1463 videtur.
2829 1408 2888 1463 ld
2940 1409 3107 1478 igitur
3155 1405 3627 1461 animadverten-

2035 1504 2165 1559 dum
2211 1502 2303 1557 liic
2345 1510 2450 1565 est,
2513 1518 2625 1556 non
2685 1501 2865 1556 solum
2912 1496 3215 1554 Justiniani
3274 1498 3629 1567 temporibus

2041 1594 2216 1650 fuisse
2268 1593 2542 1649 Theodori
2602 1594 2905 1657 studiosos,
2969 1593 3063 1663 qui
3108 1593 3230 1661 ejus
3290 1592 3502 1660 lapsum
3563 1596 3631 1646 et

356 1701 426 1753 ab
455 1713 556 1753 ovo
576 1697 906 1764 excitasset;
940 1711 1064 1749 nam
1107 1697 1182 1749 ait
1220 1711 1286 1750 ex
1319 1694 1581 1749 Vaticana
1604 1696 1939 1750 bibliotheca

2056 1703 2278 1742 tmrcses
2315 1685 2660 1758 ὑποκορίσαι,
2697 1692 2750 1739 et
2780 1685 3052 1738 mitiorem
3091 1685 3145 1738 in
3182 1692 3394 1753 partem
3441 1681 3634 1735 inter-

358 1788 743 1859 depromptum
770 1784 1045 1839 Theodori
1092 1785 1501 1854 Ἀντίγριῑμμα,
1549 1786 1594 1838 si
1637 1786 1936 1855 legitimum

358 1887 464 1944 est,
494 1886 548 1934 et
581 1895 689 1932 non
718 1877 992 1946 Spurium,
1026 1876 1184 1945 plane
1208 1875 1486 1930 diversum
1522 1891 1647 1931 esse
1703 1877 1771 1931 ab
1803 1891 1929 1930 ora-

359 1972 511 2025 tione
539 1985 569 2022 a
600 1967 908 2022 Sozomeno
952 1974 1281 2029 memorata,
1314 1981 1476 2036 quam
1511 1967 1730 2021 videtur
1764 1966 1944 2021 Theo-

361 2060 534 2117 dorus
555 2075 584 2114 a
614 2059 1007 2129 Chrysostomo
1041 2057 1272 2111 minime
1298 2064 1659 2126 provocatus,
1706 2059 1786 2112 vel
1816 2066 1945 2111 ante

363 2149 629 2211 reditum,
658 2147 743 2201 vel
767 2147 820 2199 in
848 2147 969 2215 ipso
1002 2145 1178 2199 reditu
1211 2145 1279 2197 ab
1301 2160 1485 2199 eremo
1521 2146 1574 2198 in
1604 2147 1685 2199 sui
1711 2161 1945 2200 excusa—

365 2241 570 2294 tionem
603 2237 924 2291 adornasse.
951 2235 1209 2301 Quaenam
1244 2235 1432 2290 istluec
1465 2234 1737 2290 Theodori
1766 2237 1945 2290 oratio

338 2337 471 2394 est,
499 2343 660 2399 quam
693 2327 922 2398 quarsito
957 2338 1182 2382 auctore
1224 2327 1525 2382 Sozomeno
1548 2328 1650 2383 sibi
1670 2328 1824 2399 lingit
1847 2327 1946 2382 Sa-

367 2423 532 2477 vilius
554 2422 578 2459 ν
609 2421 820 2475 Acutus
863 2434 994 2475 sane
1043 2419 1233 2473 homo!
1265 2420 1334 2475 Ut
1359 2420 1572 2474 audivit
1600 2419 1947 2475 Theodorum

370 2514 700 2568 monachum
732 2511 1141 2566 excucullatum
1175 2510 1362 2565 nescio
1400 2510 1534 2580 quid
1567 2511 1621 2566 in
1659 2511 1750 2565 sui
1782 2526 1952 2566 excus

372 2605 643 2660 Sationem
694 2603 967 2664 attulisse,
1022 2602 1206 2657 statim
1254 2603 1526 2673 egregiam
1577 2602 1814 2672 aliquam
1866 2602 1954 2655 lu-

372 2692 850 2748 cubratiunculam
896 2690 1265 2745 subodoratus
1310 2700 1415 2756 est,
1460 2692 1535 2745 ita
1593 2691 1755 2761 plane
1800 2690 1953 2765 ador-

375 2794 586 2849 natam,
615 2792 674 2838 ut
698 2783 926 2837 decebat
963 2782 1295 2837 monachum
1321 2781 1693 2847 desertorem,
1727 2781 1837 2838 Deo
1864 2784 1954 2838 cui

384 2891 446 2932 se
520 2873 839 2949 devoverat_
878 2873 1311 2937 renuntiantem,
1368 2872 1610 2927 castitati
1672 2883 1725 2927 et
1774 2875 1955 2927 conti-

2042 1779 2249 1848 pretari
2303 1785 2666 1840 conarentur,
2732 1785 2791 1830 ut
2850 1768 3145 1830 Facundus
3204 1772 3632 1829 Ilermianeusis

2042 1871 2339 1939 episc0pus
2379 1869 2435 1922 in
2482 1867 2771 1923 duodecim
2809 1868 2965 1921 libris
3012 1866 3088 1920 De
3118 1866 3289 1919 tribus
3347 1865 3627 1934 capitulis,

2042 1957 2284 2014 Basilius
2341 1955 2505 2022 Cilix,
2563 1958 2846 2025 Leontius,
2898 1966 2953 2013 et
2985 1951 3111 2023 alii;
3156 1958 3250 2012 sed
3290 1944 3411 2026 ejus
3455 1956 3631 2010 etiam

2043 2052 2281 2122 a’quales
2312 2059 2364 2105 et
2399 2051 2742 2122 syncbronos
2774 2051 2876 2104 hoc
2906 2050 3048 2104 idem
3077 2063 3292 2103 summo
3321 2047 3505 2102 studio
3523 2061 3632 2100 cu-

2047 2160 2225 2201 rasse.
2255 2142 2389 2197 Nam
2437 2142 2816 2197 Theudorctus
2869 2143 2925 2195 in
2970 2141 3223 2210 epistolis
3262 2139 3340 2209 (a)
3368 2138 3629 2199 allirmat,

2049 2237 2342 2306 scripsisse
2365 2251 2423 2291 se
2448 2235 2624 2305 βίϐλον
2643 2235 2782 2305 ὑπὲρ
2799 2232 3062 2302 Διοδώρου
3088 2233 3179 2286 καὶ
3195 2229 3492 2302 Θεοδώρου,
3516 2232 3575 2284 ιν
3593 2214 3635 2304 ᾗ

2047 2328 2145 2400 τὴν
2173 2327 2293 2381 κατ’
2325 2327 2502 2379 αὐτῶν
2529 2326 2902 2396 γεγενημένην
2931 2325 3146 2395 γραφὴν
3176 2322 3411 2387 διέλυενν
3428 2323 3488 2377 οὐ
3520 2320 3638 2377 δεί-

2054 2438 2153 2484 σας
2187 2419 2294 2472 τῶν
2325 2412 2647 2489 κατηγόρων
2670 2416 2767 2487 τὴν
2796 2415 3111 2468 δυναστείαν
3130 2431 3142 2443 ⁶
3166 2408 3382 2467 Librum
3400 2429 3493 2481 pro
3506 2412 3641 2468 Dio-

2052 2511 2181 2566 doro
2211 2521 2261 2565 et
2292 2506 2590 2575 Theodoro,
2620 2509 2673 2561 in
2705 2523 2806 2578 quo
2837 2506 3021 2561 illatas
3062 2507 3135 2560 eis
3165 2506 3528 2559 acrusationes
3553 2520 3639 2558 ro-

2056 2597 2286 2673 fellebat,
2314 2600 2443 2655 nihil
2478 2601 2669 2653 veritus
2698 2609 3070 2653 accusatorum
3109 2586 3420 2666 potentiam.
3459 2594 3631 2651 Hunc

2054 2694 2257 2748 librttm
2287 2691 2468 2746 innuit
2497 2689 2846 2745 Justiuianus
2874 2691 2928 2743 in
2959 2705 3071 2743 sua:
3097 2687 3219 2742 ﬁdei
3251 2686 3594 2758 professione
3617 2706 3636 2743 :

2057 2784 2397 2856 Θεοδώρητος
2423 2785 2451 2837 ὁ
2482 2783 2707 2846 πολλοὺς
2736 2776 2877 2852 ὑπὲρ
2914 2779 3186 2852 Θεοδώρου
3228 2781 3418 2848 λόγους
3438 2796 3498 2832 τε
3537 2780 3642 2831 καὶ

2060 2875 2315 2938 ἐπαίνους
2367 2875 2646 2938 ἐκτείνας·
2692 2873 3048 2928 Tlteodoretus
3093 2874 3181 2944 qui
3223 2872 3415 2926 multos
3468 2870 3639 2926 libros

377 2965 579 3021 nentiae
606 2965 727 3018 vale
760 2962 987 3027 dicenti,
1027 2963 1248 3031 nuptias
1282 2970 1335 3017 et
1362 2962 1635 3016 connubia
1662 2964 2028 3057 quaeritan-1J
2068 2983 2163 3036 pro
2198 2966 2469 3021 Theodoro
2503 2967 2738 3035 scripsit,
2793 2964 3072 3034 laudesque
3101 2967 3215 3036 ejus
3243 2966 3449 3034 copiose
3482 2963 3631 3019 cels-

375 3065 513 3113 tem.
556 3055 616 3111 Si
674 3054 952 3109 Theodori
1017 3055 1322 3108 orationem
1376 3069 1438 3109 ea
1493 3058 1672 3123 capita
1718 3055 1957 3123 comple-

379 3154 621 3204 ctentem
654 3145 855 3198 alicubi
884 3143 936 3197 in
986 3143 1329 3197 bibliothecis
1359 3142 1595 3199 Savilius
1646 3145 1956 3213 reperisset,

380 3239 556 3295 multo
584 3238 849 3293 libentius
884 3237 940 3291 in
987 3237 1218 3307 gratiam
1267 3237 1631 3293 sectariorum
1672 3238 1958 3303 edidisset,

381 3346 545 3404 quam
576 3330 721 3386 hanc
753 3329 1061 3399 epistolam,
1096 3345 1218 3400 quae
1251 3330 1612 3386 monasticam
1644 3332 1848 3387 asserit
1879 3331 1962 3386 di-

382 3422 701 3492 sciplinam,
733 3420 1006 3475 castitatis
1032 3421 1466 3487 observantiam,
1491 3430 1615 3477 vota
1649 3421 1760 3477 Deo
1786 3437 1816 3476 a
1841 3436 1961 3476 mo-

382 3512 577 3569 nachis
617 3511 1011 3582 nuncupanda,
1048 3519 1345 3583 sancteque
1371 3513 1652 3580 solvenda,
1708 3520 1964 3584 peccato-

384 3616 506 3659 rum
537 3602 1023 3672 exhomologesim,
1055 3600 1394 3673 paenitentiae
1422 3604 1715 3675 lacrymas,
1768 3610 1823 3659 et
1846 3603 1965 3661 sul-

274 3747 289 3751 -
385 3695 687 3766 fragiorum
736 3692 1144 3759 el'ticaeitatem,
1206 3711 1369 3764 quam
1423 3697 1710 3766 epistolam
1745 3696 1820 3750 ita
1849 3703 1966 3752 sto-

387 3787 678 3842 macltatur
704 3790 1043 3850 et‘nauseat,
1076 3799 1136 3842 ut
1164 3787 1235 3842 ob
1261 3787 1313 3842 id
1340 3787 1617 3858 frigidam,
1646 3790 1885 3861 ineptam
1908 3800 1966 3843 et

385 3876 676 3932 ridiculam
708 3891 826 3930 eam
864 3878 1120 3948 appellet.
1155 3877 1510 3948 Sed,quaeso,
1533 3879 1814 3937 videamus
1843 3895 1966 3951 quae

389 3966 557 4023 fuerit
591 3965 795 4021 Savilio
813 3982 984 4022 causa
1019 3968 1330 4023 somniandi
1361 3968 1508 4023 illam
1544 3968 1814 4025 Theodori
1842 3984 1965 4024 ora-

388 4057 618 4113 tionem.
653 4056 840 4126 Neque
876 4055 1021 4111 enim
1064 4054 1427 4119 Sozomenus,
1469 4072 1630 4126 quem
1664 4050 1819 4121 citat,
1863 4058 1968 4113 hoc

300 4140 311 4153 ’
391 4134 678 4213 ait;sdnt
708 4150 909 4218 quippe
961 4146 1075 4201 haec
1122 4146 1241 4215 ejus
1294 4147 1460 4200 verba
1508 4146 1624 4215 (lib.
1682 4162 1801 4213 vut,
1867 4147 1963 4216 2):

407 4237 549 4292 Ἀλλ’
581 4232 735 4300 οὗτος
768 4237 863 4307 μὲν
895 4235 1055 4308 ἡνίκα
1087 4238 1187 4307 τὴν
1216 4235 1387 4307 ἀρχὴν
1416 4237 1632 4308 ἐνέτυχε
1658 4241 1771 4302 τοῖς
1804 4238 1968 4303 θείοις

2062 3056 2252 3111 bravit.
2291 3056 2349 3111 In
2387 3057 2592 3126 quibus
2614 3071 2778 3126 quam
2813 3057 3077 3127 praeclare
3102 3058 3168 3109 de
3194 3055 3483 3109 Theodoro
3504 3070 3642 3110 sen-

2062 3149 2217 3213 serit,
2243 3148 2424 3218 colligi
2457 3155 2656 3217 potest,
2682 3163 2807 3202 cum
2827 3163 2894 3202 ex
2922 3147 3043 3216 ejus
3072 3146 3345 3216 epistolis,
3369 3146 3461 3201 ubi
3482 3146 3647 3214 ἅγιον

2062 3250 2303 3295 sanctum
2332 3240 2486 3294 illum
2514 3240 2781 3304 nominat,
2825 3247 2940 3292 tum
2971 3239 3136 3294 etiam
3167 3254 3234 3294 ex
3295 3238 3490 3293 ultimo
3537 3236 3647 3292 Hi-

2065 3332 2246 3386 storia:
2275 3332 2396 3402 ejus
2418 3331 2788 3386 ecclesiastica:
2819 3331 2961 3385 libro
2988 3338 3043 3386 et
3075 3331 3269 3400 capite,
3313 3331 3403 3386 ubi
3429 3330 3648 3401 magnis

2064 3423 2216 3478 illum
2263 3423 2519 3478 laudibus
2579 3422 2812 3477 extollit.
2862 3420 2989 3476 Haec
3028 3421 3216 3477 eadem
3259 3422 3518 3476 nimirum
3571 3420 3650 3477 de

2064 3514 2354 3570 Theodoro
2404 3515 2671 3570 sentiebat
2710 3514 3070 3580 Sozomenus,
3119 3529 3292 3583 quare
3339 3514 3647 3569 vehemens

2065 3613 2150 3660 ter
2201 3604 2337 3661 ﬁdes
2391 3605 2655 3661 historica
2694 3606 2932 3673 vacillat,
2969 3606 3060 3662 ubi
3114 3604 3384 3660 Theodori
3424 3604 3649 3674 lapsum

2066 3696 2141 3751 ita
2166 3695 2540 3765 prosequitur,
2579 3704 2638 3751 ut
2673 3697 2880 3751 nullum
2914 3692 3185 3766 intelligas
3217 3697 3424 3750 crimen
3471 3695 3525 3749 in
3553 3709 3648 3757 eo,

2065 3804 2229 3859 quem
2260 3789 2689 3860 Cbrysostomus
2713 3788 2922 3843 centies
2967 3787 3383 3841 ἐκπεπτωκέναι
3419 3787 3645 3856 repetit.

2070 3881 2390 3944 Ἐκπτωσις
2425 3891 2606 3937 autem
2632 3881 3021 3936 ecclesiasticis
3045 3880 3409 3950 scriptoribus
3445 3886 3551 3940 est.
3585 3882 3652 3933 ut

2069 3971 2145 4025 ait
2180 3970 2454 4026 Caesarius
2502 3971 2666 4040 paulo
2710 3978 2836 4025 ante
2875 3970 3151 4035 laudatus,
3221 3969 3286 4022 Ἥ
3330 3966 3390 4033 ἐξ
3442 3967 3651 4040 ἀρετῆς

2068 4059 2162 4111 ἐπὶ
2212 4059 2274 4111 τὸ
2302 4061 2482 4130 χεῖρον
2521 4058 2898 4129 ὑπονόστησις,
2928 4059 3021 4112 καὶ
3053 4060 3086 4130 ἡ
3126 4060 3191 4111 ὲκ
3224 4056 3517 4128 παρθενίας
3551 4057 3649 4110 ἐπὶ

2068 4150 2323 4220 λαγνείαν
2348 4151 2492 4220 ὁρμή
2516 4167 2528 4180 ·
2570 4147 2702 4204 Cum
2745 4167 2777 4203 a
2808 4151 2997 4204 virtute
3039 4152 3108 4203 ad
3152 4150 3299 4213 vitia,
3336 4159 3385 4203 et
3425 4166 3458 4203 a
3494 4150 3653 4215 pudié

2070 4244 2196 4296 citia
2259 4242 2328 4293 ad
2364 4241 2635 4294 luxuriam
2690 4241 2952 4295 receditur
3003 4259 3065 4295 ac
3110 4241 3397 4310 dif/luitur.
3462 4239 3653 4310 Neque

364 4345 392 4382 ν
424 4326 606 4399 ὁμοις,
664 4326 757 4378 καὶ
788 4328 953 4395 ίεροίς
984 4325 1238 4395 ἀνδράσιν
1261 4322 1557 4396 ὡμίλησεν,
1583 4327 1811 4398 ἐπῄνεσε
1841 4328 1954 4382 ταύ-

2085 4345 2214 4384 vero
2245 4328 2568 4383 Theodorus
2618 4337 2910 4401 antequam
2970 4331 3040 4385 ab
3077 4346 3261 4386 eremo
3312 4332 3650 4396 discederet,

391 4437 493 4492 την
516 4418 615 4491 τὴν
644 4417 865 4489 ἀγωγὴν
899 4417 992 4471 καὶ
1027 4418 1271 4485 κατέγνω
1290 4416 1396 4471 τῶν
1422 4419 1675 4473 ἀστυκῶν
1694 4435 1707 4448 ·
1736 4421 1795 4473 οὐ
1820 4420 1974 4493 διήρ-

393 4528 525 4567 κεσε
547 4511 604 4564 δὲ
629 4510 728 4582 τὴν
762 4508 931 4581 αὐτὴν
959 4508 1266 4580 προθυμίαν
1292 4508 1449 4580 ἔχων.
1484 4510 1894 4581 Μεταμεληθεὶς
1916 4511 1974 4565 δὲ

399 4602 536 4675 πρὸς
563 4603 656 4657 τὸν
678 4601 945 4673 πρότερον
973 4599 1087 4670 βίον
1121 4601 1347 4661 εἵλκετο,
1375 4596 1462 4655 οἷα
1485 4601 1544 4655 δὲ
1571 4603 1738 4668 είκὸς,
1768 4604 1976 4658 ἐναντί-

394 4710 479 4759 οις
503 4693 680 4763 λόγοις
708 4693 989 4763 κοσμήσας
1016 4692 1076 4745 τὸ
1102 4691 1537 4762 σπουδαζόμενον
1554 4695 1618 4746 ὲκ
1646 4694 1894 4749 παλαιῶν
1920 4695 1977 4748 ὑ-

401 4782 807 4853 ποδειγμάτων,
835 4774 902 4854 ἦν
928 4783 1038 4853 γὰρ
1065 4782 1393 4852 πολυῖστωρ,
1418 4783 1501 4845 εἰς
1529 4781 1625 4853 τὴν
1666 4783 1818 4836 πόλιν
1844 4785 1980 4839 ἐπα-

398 4876 599 4948 νῆλθεν
622 4892 637 4906 ο
662 4872 768 4927 Hic
804 4890 923 4928 tero
959 4873 1263 4927 Theodorus
1294 4872 1360 4925 ab
1388 4874 1542 4927 initio
1584 4873 1794 4943 quidem
1860 4888 1980 4929 cum

400 4971 459 5025 in
482 4982 666 5023 sacras
696 4964 832 5037 leges
876 4962 1171 5027 incidisset,
1230 4971 1280 5017 et
1312 4976 1431 5016 cum
1468 4963 1668 5018 sanctis
1701 4965 1829 5019 viris
1858 4982 1983 5021 con-

402 5066 729 5121 rersaretur,
757 5057 854 5111 Itoc
888 5056 1005 5110 tiin
1043 5071 1205 5125 genus
1241 5053 1588 5124 approbabat,
1633 5071 1696 5109 ac
1728 5058 1983 5113 swculare

400 5150 729 5214 damnabat;
753 5148 844 5205 sed
868 5148 923 5203 in
960 5146 1142 5202 eodem
1176 5148 1273 5200 hoc
1298 5145 1567 5216 proposito
1589 5162 1690 5201 non
1724 5149 1975 5217 perstitit.

405 5241 512 5297 Sed
559 5250 733 5296 tamen
758 5239 1069 5309 pmnitentia
1099 5238 1311 5302 ductus,
1339 5237 1408 5291 ad
1435 5237 1667 5306 priorem
1698 5236 1818 5294 vitae
1852 5256 1979 5294 con-

401 5331 730 5389 suetudinem
767 5341 1027 5386 retractus
1061 5331 1183 5401 fuit,
1209 5329 1420 5403 etquod
1446 5340 1523 5385 est
1548 5339 1976 5396 consentaneum,

403 5425 690 5481 contrariis
715 5425 1039 5495 argumentis
1077 5425 1404 5495 propositum
1442 5438 1599 5478 suum
1644 5439 1860 5493 ornans,
1917 5438 1981 5479 ea:

479 5615 653 5691 (a)_ln
689 5614 930 5691 editione
954 5615 1274 5691 ὃῑιιιιιοῃᾴἰἈ
1289 5597 1452 5689 epist.
1488 5620 1578 5685 16,
1601 5636 1762 5691 quem
1796 5620 1968 5678 Theo-

405 5684 580 5744 doreti
597 5702 699 5760 pro
721 5685 1010 5745 Theodoro
1045 5702 1110 5744 ac
1142 5684 1378 5744 Diodoro
1410 5684 1750 5748 librum'non
1777 5707 1969 5748 recen-

1962 5789 2045 5813 -.ιι-

2076 4420 2151 4475 ita
2182 4427 2301 4473 erat
2336 4418 2484 4472 omni
2512 4428 2637 4472 voto
2662 4420 2897 4484 solutus,
2930 4426 2989 4472 ut
3016 4418 3217 4473 referre
3239 4420 3450 4490 pedem,
3472 4421 3655 4476 retro-

2075 4527 2182 4581 que
2211 4510 2488 4580 respicere
2522 4518 2727 4580 posset.
2772 4508 2827 4562 In
2864 4518 3100 4564 mentem
3135 4510 3181 4565 ei
3221 4504 3669 4589 Chrysoslomus',

2077 4612 2297 4658 revocat
2325 4603 2423 4665 τὰς
2456 4599 2592 4672 πρὸς
2642 4599 2877 4671 Χριστὸν
2925 4600 3218 4669 συνθήκας,
3286 4619 3405 4655 cum
3439 4602 3654 4657 Christo

2077 4696 2358 4767 spirituale
2380 4695 2703 4764 conjugium.
2759 4694 2879 4764 Ipse
2923 4706 3053 4748 vero
3088 4693 3410 4751 Theodorus
3461 4696 3515 4748 in
3547 4695 3671 4749 hac"

2077 4787 2305 4858 epistola
2323 4806 2336 4839 τ
2355 4784 2617 4849 Εὖξασθε,
2635 4785 2805 4856 τίμιοι
2826 4784 3085 4855 Πατέρες,
3108 4785 3408 4856 μνησθῆναί
3431 4803 3530 4858 μου
3551 4770 3670 4855 τῆςξ

2079 4879 2250 4949 καλῆς
2294 4870 2613 4947 ὁμολογίας,
2646 4875 2714 4945 ἢν
2750 4875 3074 4946 ὡμολόγησα
3106 4873 3330 4929 ἐνώπιον
3358 4877 3453 4930 τοῦ
3491 4876 3675 4941 Θεοῦ,ἰ

2080 4972 2173 5025 καὶ
2201 4968 2447 5038 ἀγγέλων
2475 4969 2568 5021 καὶ
2607 4968 2943 5040 ἀνθρώπων
3000 4967 3183 5031 Orate,
3219 4970 3499 5022 venerandi
3544 4968 3653 5022 Pa-

2084 5070 2210 5123 tres,
2236 5058 2401 5135 utilla
2428 5058 2553 5112 mihi
2574 5067 2694 5112 ante
2722 5058 2900 5113 oculos
2919 5068 3151 5113 versetur
3166 5058 3469 5128 promissio,
3496 5075 3653 5129 quam

2085 5164 2266 5207 coram
2306 5150 2410 5203 Deo
2439 5150 2515 5203 rel
2544 5148 2764 5219 angelis,
2785 5157 2835 5203 et
2864 5146 3162 5201 hominibus
3196 5147 3472 5216 spopondi.
3514 5146 3656 5214 Quid

2083 5260 2215 5314 ergo
2243 5242 2428 5298 subdit
2459 5241 2797 5298 Sozomenus
2824 5240 2892 5297 de
2923 5243 3152 5297 honesto
3184 5242 3447 5311 licitoque
3466 5243 3657 5296 matri-

2085 5338 2291 5399 monio,
2317 5336 2459 5406 quod
2479 5334 2799 5392 Theodorus
2827 5335 3216 5390 meditaretur?
3235 5335 3473 5390 Curnam
3492 5338 3653 5391 etiam

2087 5430 2264 5502 γάμον
2292 5428 2425 5483 illud
2455 5428 2743 5482 nominat?
2772 5426 2907 5482 Nam
2938 5426 3364 5498 Chrysostomus
3394 5428 3463 5481 ad
3494 5427 3656 5483 Theo-

2074 5631 2158 5691 set
2190 5620 2490 5675 Garnerius
2516 5621 2737 5679 dissert.
2766 5620 2824 5690 Ξ,
2866 5634 2987 5691 cap.
3029 5620 3062 5678 9
3099 5621 3244 5677 inter
3271 5633 3438 5690 Opera
3479 5614 3657 5675 Theo-

2075 5690 2249 5747 doreti
2277 5691 2579 5762 deperdita.

3647 447 3668 495 1
