3920 6130
262 257 355 332 tot

1422 264 1738 323 DIATBIBA
1774 262 1865 323 DE
1900 260 2317 322 THEODORIS.

265 392 437 445 dorum
460 385 535 444 ita
565 384 767 442 scribit
800 403 815 439 :
846 382 1068 453 Τίμιος,
1096 379 1279 453 φησὶν,
1330 384 1364 437 ὁ
1390 382 1598 453 γάμος,
1644 383 1744 439 καὶ
1786 384 1827 451 ἠ
1856 418 1866 444 λ

1969 396 2032 436 ao
2059 380 2269 451 scripto
2299 378 2553 434 inseruit.
2600 377 2897 433 Facundos
2930 387 3060 443 vero
3090 374 3213 443 eius
3254 374 3507 445 epistola

262 488 421 545 solm
448 478 775 546 ἀμίαντος·
825 475 906 531 σοὶ
945 474 1006 527 δὲ
1039 473 1223 527 οὐκέτι
1271 474 1495 528 δυνατὸν
1537 474 1607 528 τὰ
1650 474 1835 528 δίκαια

1969 472 2251 527 estimonio
2273 478 2427 539 urget
2446 470 2793 525 adversarios
2811 467 3081 523 Theodori
3102 465 3499 538 Mopsuesteni.

263 570 474 641 φυλάξαι
508 568 607 622 τοῦ
642 569 865 639 γάμου·
899 566 997 620 τὸν
1017 565 1130 637 γὰρ
1163 565 1468 639 ἐπουρανίῳ
1495 566 1835 635 συναφθέντα

1969 562 2198 625 .iberati,
2250 569 2302 615 et
2342 559 2587 616 Facundi
2631 560 2872 628 antiquis
2904 559 3207 623 codicibus,
3249 557 3390 611 bene
3420 570 3507 612 ηε

261 667 485 737 νυμφίῳ,
506 663 705 718 τοῦτον
737 664 835 735 μὲν
858 662 1044 727 ἐᾶσαι,
1070 662 1286 728 γυναικὶ
1312 659 1369 714 δὲ
1393 660 1556 714 αὑτὸν
1581 660 1832 729 συνάψαι,

263 756 469 830 μοιχεία
493 756 559 808 τὺ
582 752 826 824 πρᾶγμὰ
852 754 969 805 ἐστι
987 768 1001 781 ο
1031 750 1138 805 κᾶν
1172 751 1430 821 μυριάκις
1467 750 1629 803 αὐτὸν
1660 750 1837 819 γάμον

260 850 457 919 καλῇς
502 847 596 911 At,
628 846 827 914 inquis,
870 842 1193 898 bonorabile
1215 842 1572 903 connubium,
1595 849 1649 895 et
1685 850 1838 895 torus

262 940 648 998 inmaculatus
664 940 710 991 ¹.
748 937 860 990 Tibi
883 951 1004 989 vero
1021 936 1348 987 matrimonii
1361 936 1491 1002 jura
1512 949 1839 1002 nequaquam

263 1033 535 1088 convenire
571 1036 811 1098 possunt.
833 1025 895 1081 Si
912 1027 1029 1094 quis
1049 1026 1189 1079 enim
1205 1024 1401 1079 caelesti
1424 1041 1477 1079 se
1493 1041 1685 1093 sponso
1709 1041 1837 1078 con-

262 1127 471 1195 iungat,
497 1120 690 1175 deinde
721 1135 781 1172 eo
810 1117 1089 1186 repudiato
1115 1133 1167 1170 se
1188 1116 1397 1169 mulieri
1426 1117 1650 1184 copulet,
1682 1116 1840 1170 adul-

262 1218 453 1271 terium
472 1211 783 1275 committit,
804 1208 926 1262 licet
955 1207 1095 1261 illud
1122 1208 1441 1261 contentiosa
1455 1207 1623 1260 decies
1648 1208 1839 1261 millies

265 1307 666 1363 matrimonium
687 1301 937 1370 appelles.
971 1298 1143 1368 Igitur
1175 1298 1268 1368 qui
1308 1296 1580 1353 Theodori
1625 1299 1839 1368 lapsum

269 1400 332 1455 ad
362 1400 643 1452 rationem
670 1392 921 1447 veritatis
954 1405 1217 1445 revocare
1256 1390 1411 1455 velit,
1458 1406 1629 1444 unum
1669 1390 1845 1461 Chry-

266 1501 575 1547 sostomum
608 1485 817 1548 audiat,
851 1498 1081 1539 necesse
1104 1488 1209 1545 est,
1244 1498 1309 1536 es
1344 1497 1455 1552 quo
1487 1498 1600 1537 rem
1636 1483 1716 1538 sic
1741 1483 1842 1539 ha-

267 1583 409 1637 beat.
443 1576 771 1633 Theodorus
799 1590 908 1628 non
942 1573 1039 1628 diu
1076 1581 1363 1642 postquam
1392 1573 1612 1628 Christo
1641 1588 1842 1627 nomen

268 1674 514 1734 dederat,
576 1666 881 1739 φροντξζειν
911 1665 1248 1735 πραγμάτων
1278 1663 1551 1735 πατρῴων
1589 1665 1842 1735 cogitur;

1936 649 2205 720 spondent
2237 649 2482 704 Vaticani
2532 650 2887 718 epistolarum
2932 649 3307 719 Chrysostomi
3352 646 3508 701 codi-

1938 756 2030 797 ces
2067 739 2312 803 DCCXII,
2340 748 2394 794 et
2430 739 2711 794 MCXCIV.
2735 740 3080 795 .lustinianus
3120 748 3300 793 autem
3333 738 3506 806 impe-

1938 842 2093 886 rator
2132 833 2184 885 in
2231 831 2432 885 Libello
2481 834 2828 898 confessionis
2881 831 3009 898 ﬁdei
3041 832 3257 883 unicam
3296 829 3512 883 videtur

1938 924 2136 994 legisse
2170 924 2547 995 Chrysoslomi
2587 925 2654 976 ad
2681 922 3011 977 Theodorum
3048 922 3349 986 epistolam,
3389 932 3514 971 eam

1939 1015 2201 1069 nimirum
2263 1030 2425 1084 quam
2481 1017 2545 1070 ad
2593 1030 2717 1069 eum
2782 1015 2990 1082 lapsum
3034 1012 3290 1075 dederat;
3351 1011 3515 1063 aliam

1943 1117 2093 1170 vero,
2149 1120 2272 1174 quae
2319 1104 2565 1173 ejusdem
2603 1104 2790 1158 laudes
2823 1103 3154 1165 contineret,
3207 1117 3315 1154 non
3346 1114 3513 1168 agno.

1944 1208 2122 1249 scere.
2169 1194 2362 1250 Patres
2403 1204 2583 1249 autem
2639 1194 3231 1262 Constantinopolitani
3282 1190 3513 1245 secundi

1944 1284 2191 1350 concilii,
2223 1286 2351 1339 licet
2382 1299 2500 1339 eam
2534 1284 2931 1353 Chrysostomo
2953 1298 3061 1336 non
3104 1283 3379 1335 abdicent.
3409 1281 3515 1333 ali-

1945 1386 2028 1433 ter
2056 1385 2238 1433 tamen
2269 1378 2344 1433 de
2363 1380 2453 1432 illa
2476 1376 2745 1447 iudicant,
2775 1393 2935 1447 quam
2968 1377 3210 1431 fautores
3239 1374 3517 1430 Theodori

1948 1468 2335 1540 Hopsuesteni.
2368 1468 2501 1523 Nam
2546 1469 2797 1538 inquiunt
2824 1489 2835 1522 :
2864 1467 2956 1520 Sin
2985 1478 3159 1520 autem
3181 1467 3371 1533 aliquis
3392 1482 3517 1517 con-

1947 1561 2101 1615 cedat
2159 1560 2228 1613 ad
2278 1562 2450 1630 ipsum
2505 1560 2833 1613 Theodorum
2881 1560 3131 1629 scriptam
3182 1573 3296 1611 eam
3333 1557 3517 1623 fuisse,

1948 1662 2147 1706 certum
2179 1663 2255 1707 est
2294 1657 2432 1723 quod
2460 1652 2717 1710 Joannes.
2759 1652 2849 1721 qui
2881 1667 2974 1718 per
3002 1658 3167 1703 totum
3196 1664 3350 1701 suum
3387 1664 3520 1715 pon-

269 1773 318 1819 et
349 1764 483 1819 dum
520 1738 666 1814 facta
697 1758 801 1813 sibi
834 1757 1107 1824 tantisper
1135 1755 1393 1821 facultate
1427 1770 1458 1808 a
1518 1757 1843 1811 monasterii
1878 1757 1918 1811 Β
1950 1742 2210 1810 tiﬁcatum
2244 1740 2480 1795 veritatis
2522 1739 2731 1794 verbum
2781 1748 2919 1793 recte
2959 1738 3232 1803 tractavit,
3272 1740 3525 1807 ignorans

272 1855 551 1928 ιιι-πίθοιο,
584 1853 639 1906 in
674 1850 813 1904 urbe
858 1857 1141 1910 versatur,
1191 1846 1246 1901 in
1299 1856 1674 1903 transversum
1731 1848 1845 1919 agi-

271 1958 377 2011 tur,
407 1954 464 2002 et
493 1944 683 2000 carnis
698 1940 971 1998 illecebris
993 1939 1265 2002 irretitus,
1284 1937 1658 2003 Hermionem,
1677 1955 1843 2010 quam

275 2038 666 2095 ardentissime
711 2032 1090 2096 adamaverat,
1141 2031 1303 2085 etiam
1339 2030 1693 2085 matrimonio
1740 2030 1847 2085 sibi

277 2132 612 2200 conjungere
635 2126 881 2196 parabat.
916 2123 1018 2178 Hic
1044 2123 1255 2194 primus
1293 2121 1564 2178 Theodori
1585 2124 1699 2193 jam
1731 2140 1850 2179 mo-

277 2221 434 2277 nachi
459 2220 650 2289 lapsus
696 2218 751 2271 in
795 2216 1029 2270 luxuriae
1069 2229 1306 2279 caenum,
1336 2221 1396 2268 ut
1425 2214 1853 2285 Chrysostomus

277 2316 391 2384 ipse
417 2320 595 2374 notat,
626 2311 726 2380 τῆς
749 2309 851 2379 σῆς
884 2308 1067 2378 ψυχῆς
1096 2308 1155 2360 τὸ
1181 2308 1394 2380 πρῶτον
1427 2308 1700 2380 πεσούσης
1713 2309 1854 2362 πτῶ-

283 2424 375 2478 μα.
404 2404 721 2471 Antequam
755 2414 886 2454 vero
904 2398 960 2452 in
985 2412 1230 2451 eremum
1258 2398 1558 2462 secederet,
1580 2399 1854 2454 immerito

280 2495 526 2566 ejusdem
559 2492 704 2547 omni
738 2498 790 2546 et
821 2490 1206 2561 impudicitaea
1237 2489 1444 2544 Savilio
1478 2488 1851 2556 insimulatur,

282 2590 372 2660 qui
393 2600 688 2658 perperam
736 2583 949 2653 accepit
999 2584 1056 2636 in
1105 2584 1303 2637 malam
1350 2590 1563 2654 partem
1604 2582 1740 2637 illud
1777 2584 1858 2646 εἰς

286 2682 509 2750 μουσεῖα
535 2674 819 2745 φοιτῶντι,
854 2682 1127 2744 putatque
1173 2677 1399 2745 μουσεῖα
1447 2675 1619 2732 fuisse
1649 2670 1859 2731 Ἀηιίο·

285 2771 420 2825 chi:
467 2770 589 2823 loca
640 2766 1020 2836 voluptatibus
1085 2773 1140 2821 et
1192 2767 1428 2822 lasciviat
1473 2767 1675 2835 dicata,
1738 2784 1862 2838 quae

286 2860 610 2917 Theodorus
640 2859 964 2914 adolescens
995 2858 1384 2928 frequentaret,
1413 2873 1536 2913 cum
1574 2860 1648 2914 ibi
1689 2858 1864 2933 Chry-

286 2963 565 3011 sostomus
598 2952 806 3006 usitato
857 2948 1065 3003 Grmcis
1104 2948 1369 3003 vocabulo
1421 2949 1609 3003 ludum
1652 2950 1862 3005 littera-

286 3046 425 3099 rium
472 3043 741 3104 nominet,
794 3038 1258 3109 quemadmodum
1311 3039 1365 3093 in
1406 3040 1638 3109 epistola
1686 3043 1861 3111 prima

1951 1831 2084 1884 tales
2119 1830 2471 1899 blasphemias
2514 1828 2885 1894 conscripsisse
2937 1827 3288 1889 Theodorum,
3332 1826 3522 1893 hujus-

1952 1921 2094 1974 modi
2143 1920 2219 1974 ad
2269 1936 2386 1974 eum
2428 1920 2635 1972 litteras
2670 1916 2909 1971 dederat.
2961 1918 3065 1969 Alii
3109 1917 3249 1970 duos
3294 1921 3522 1968 narrant

1952 2009 2297 2073 Theodoros,
2342 2008 2602 2063 Ecclesiae
2648 2006 3044 2079 Mopsuestenaa
3082 2007 3425 2076 praepositos,
3471 2012 3525 2058 et

1953 2102 2019 2157 ad
2070 2102 2432 2171 posteriorem
2488 2099 2661 2155 luisse
2719 2101 2901 2153 datam
2964 2113 3082 2152 eam
3142 2097 3525 2167 Chrysostomi

1954 2194 2239 2264 epistolam
2268 2194 2476 2246 volunt.
2523 2191 2885 2262 Theophanes
2928 2192 2981 2245 in
3019 2190 3371 2259 chronologia
3404 2203 3419 2240 :
3459 2189 3530 2240 Ἡ

1956 2285 2013 2337 δὲ
2061 2282 2154 2336 τοῦ
2200 2283 2585 2353 Χρυσοστόμου
2649 2281 2902 2350 ἐπιστολὴ
2953 2282 2986 2350 ἡ
3041 2280 3189 2346 πρὸς
3229 2278 3535 2343 Θεόδωρον

1955 2372 2398 2443 Μοψουεστίας,
2454 2371 2572 2440 οὐχὶ
2626 2371 2762 2442 πρὸς
2800 2370 2893 2422 τὸν
2937 2369 3171 2439 πρῶτον,
3213 2366 3348 2419 ἀλλὰ
3392 2366 3530 2435 πρὸς

1957 2466 2049 2520 τὸν
2086 2465 2310 2535 ἔσχατον
2353 2463 2642 2533 γενόμενον
2676 2461 2822 2513 ἐστιν
2851 2478 2865 2492 α
2895 2459 3257 2530 Chrysastomi
3306 2458 3533 2525 epistola

1962 2556 2029 2610 ad
2084 2553 2432 2609 Theodorum
2478 2551 2947 2621 Mopsuestenum,
3007 2566 3108 2603 non
3159 2547 3229 2601 ad
3274 2549 3529 2602 seniorem

1960 2649 2072 2715 ejus
2106 2644 2360 2698 Ecclesia:
2396 2645 2716 2712 episcopum,
2748 2640 2838 2695 sed
2864 2640 2933 2692 ad
2947 2639 3211 2707 juniorem
3252 2640 3378 2691 data
3408 2638 3532 2705 fuit.

1961 2736 2164 2793 Verum
2191 2744 2340 2792 errat
2368 2733 2733 2803 Theophanes
2767 2751 2778 2785 :
2816 2747 2940 2784 nam
2967 2730 3286 2783 Theodorus
3311 2727 3534 2790 Junior,

1964 2845 2162 2901 genere
2193 2827 2405 2891 Galata,
2441 2839 2755 2896 supremum
2795 2823 2937 2877 diem
2988 2824 3110 2876 vita:
3142 2823 3277 2890 egit,
3314 2828 3372 2874 ut
3415 2835 3529 2889 per-

1966 2924 2156 2994 spicue
2205 2922 2508 2985 declarant,
2559 2924 2613 2970 et
2658 2932 2799 2986 saepe
2846 2921 3103 2983 repetunt
3149 2921 3269 2966 acta
3315 2911 3542 2965 concilii

1969 3004 2839 3083 Mopsuesteni,annoJustiniani
2870 3004 3214 3073 imperatoris
3253 3002 3537 3064 vicesimo,

568 3132 611 3196 Ι,
873 3129 942 3183 ad
995 3127 1231 3183 eumdem
1284 3094 1613 3185 Theodorum
1664 3094 1862 3188 delir-

1969 3103 2175 3160 scilicet
2198 3100 2500 3155 centesimo
2517 3096 2937 3166 quadragesimo
2959 3103 3012 3149 et
3040 3095 3277 3163 amplius
3295 3095 3363 3147 ab
3385 3094 3545 3146 obitu

1970 3192 1992 3207 ιι
2145 3192 2157 3204 ι
2223 3191 2279 3207 ιη
2306 3188 2594 3207 ηημ--.-μ-ε
2651 3186 2833 3207 ιτ-...--
2874 3186 3119 3207 .I:_a_--l_-
3172 3186 3315 3207 “si-.-
3355 3182 3509 3207 D..-I..

289 3228 410 3283 bani
441 3223 725 3279 thnicis
758 3222 872 3277 lilio
895 3223 1039 3277 idem
1075 3235 1270 3277 nomen
1311 3222 1379 3276 ad
1407 3237 1520 3277 rem
1541 3224 1863 3279 litterariam

295 3318 704 3391 signiﬁcandam
732 3314 903 3390 sumit
934 3333 947 3369 :
982 3306 1151 3377 Οὗτος
1193 3313 1255 3367 τὸ
1294 3315 1392 3385 μὲν
1432 3315 1648 3386 πρῶτον
1692 3318 1867 3388 ipsa-

296 3412 413 3465 σθαι
431 3410 602 3464 πολλὰ
610 3412 735 3471 ταῖς
748 3409 930 3470 ἐντοῖς
950 3406 1220 3476 μουσειοις
1234 3406 1535 3478 διατριϐαῖς
1551 3406 1720 3462 εἰπών
1734 3426 1746 3439 ·
1764 3408 1868 3463 Hic

293 3504 519 3573 primum
549 3501 763 3573 quidem
798 3501 1018 3570 longum
1048 3499 1163 3553 sale
1189 3499 1367 3554 dicens
1390 3501 1695 3554 scolasticis
1726 3517 1871 3555 exer-

298 3597 621 3658 citamentis,
659 3595 779 3650 suis
809 3594 1007 3648 deinde
1035 3593 1189 3648 visus
1235 3599 1319 3647 est
1344 3593 1576 3656 inutilis,
1610 3594 1870 3663 quoniam

299 3696 353 3741 ut
384 3688 572 3743 statim
602 3687 1036 3756 Chrysostomus
1063 3683 1213 3738 addit
1244 3702 1257 3737 :
1288 3683 1404 3754 Πρὸ
1442 3683 1589 3752 ὥρας
1613 3683 1721 3737 τῶν
1743 3684 1874 3755 περὶ

295 3780 419 3844 τοὺς
443 3779 644 3847 λόγους
685 3779 867 3831 πόνων
897 3776 1256 3847 ἀποπηδήσας
1292 3777 1458 3847 μηδὲν
1484 3775 1693 3829 ἐκεῖθεν
1739 3794 1874 3847 καρ-

302 3871 589 3926 πώσασθαι
614 3868 848 3940 ἐδυνήθη
868 3886 883 3899 -
913 3867 1255 3936 Pratpropere
1293 3869 1570 3922 litterariis
1606 3867 1875 3921 laboribus

304 3981 355 4019 se
389 3961 676 4025 subduxit,
734 3961 814 4027 ija
858 3967 918 4011 ut
947 3959 1069 4012 inde
1106 3956 1240 4011 nihil
1272 3958 1522 4011 utilitatis
1569 3959 1873 4026 perceperit.

307 4054 366 4109 Et
401 4056 459 4108 in
489 4052 757 4122 psalmum
783 4059 1033 4119 quartum
1067 4048 1224 4103 :0va
1275 4051 1358 4112 εἰς
1411 4052 1660 4119 μουσεῖον
1718 4049 1878 4103 ἀπιέ-

308 4164 391 4201 ναι
411 4146 512 4209 δεῖ,
551 4142 673 4196 οὐδὲ
693 4142 1079 4210 παιδαγωγοὺς
1109 4139 1377 4212 μισθῶσαι
1407 4141 1500 4195 καὶ
1532 4143 1766 4213 ῥήτορας
1788 4141 1881 4196 καὶ

313 4236 602 4305 σοφιστάς
640 4232 825 4305 Neque
855 4248 987 4302 opus
1012 4241 1091 4287 est
1140 4232 1319 4285 ludum
1357 4232 1505 4286 adire
1536 4233 1877 4300 litterarium,

310 4344 468 4398 neque
498 4327 733 4381 mercede
761 4324 1075 4397 pwdogogos
1096 4323 1401 4393 conducere,
1428 4342 1588 4396 neque
1617 4327 1881 4395 rhetoras,

313 4436 474 4489 neque
508 4418 798 4487 sophistas.
852 4415 958 4471 Sed
986 4431 1053 4471 eo
1087 4417 1269 4472 minus
1310 4432 1500 4475 errare
1547 4420 1784 4475 Savilius
1817 4436 1883 4477 eo
1915 4428 1958 4482 D

314 4512 513 4566 inloco
548 4510 840 4571 debuerat,
871 4508 1019 4579 quod
1052 4510 1168 4564 voci
1200 4512 1424 4580 μουσεῖα
1454 4511 1741 4581 conjunxit
1784 4528 1885 4567 au-

317 4611 436 4656 ctor
458 4601 686 4655 verbum
720 4602 932 4671 φοιτᾷν,
977 4598 1123 4669 quod
1148 4599 1320 4655 Graeci
1376 4602 1674 4672 scriptores
1710 4603 1786 4655 ita
1821 4618 1887 4656 ex

317 4708 418 4748 usu
442 4692 511 4748 ad
535 4693 720 4749 studia
751 4692 1182 4758 transtulerunt,
1208 4700 1269 4745 ut
1301 4693 1430 4750 inde
1451 4693 1755 4764 discipulos
1772 4711 1891 4763 φοι-

315 4787 478 4857 τητάς
504 4786 860 4857 appellarint.

385 4888 655 4960 Dcitique,
702 4904 774 4944 ne
813 4888 919 4943 hoc
963 4887 1128 4943 etiam
1172 4878 1606 4953 dissimulentus,
1650 4890 1897 4960 epistolae

318 4978 824 5053 Chrysoslomianat
884 4979 1032 5040 112,
1093 4982 1232 5036 male
1296 4979 1537 5036 Savilius
1603 4983 1896 5045 inscribit,

318 5074 556 5143 Θεοδότῳ
600 5072 910 5140 ἐπισκύπῳ.
960 5068 1167 5141 Nempe
1209 5072 1444 5143 ignorat,
1494 5083 1699 5142 quanta
1737 5075 1901 5129 fuerit

320 5171 461 5223 inter
491 5165 682 5221 Patres
705 5164 890 5220 deilla
917 5164 1152 5234 epistola
1193 5168 1569 5222 controversia
1602 5167 1705 5222 sub
1729 5166 1902 5223 Justi-

322 5259 484 5313 niano
538 5258 901 5328 imperatore,
968 5256 1454 5326 reponendumque
1502 5258 1729 5313 omnino
1778 5274 1902 5313 esse

321 5349 572 5421 θεοδώρῳ
597 5348 916 5418 ἐπισκόπῳ,
952 5347 1115 5417 isque
1147 5357 1233 5402 est
1266 5348 1687 5419 Mopsuestenus
1717 5351 1804 5405 hic
1836 5350 1903 5405 de

321 5455 428 5510 quo
454 5441 687 5511 agimus,
741 5448 805 5494 ut
863 5438 1142 5493 affirmant
1182 5439 1475 5497 Liberatus
1517 5442 1908 5512 Carthaginen-

323 5531 399 5587 sis
419 5532 701 5599 diaconus,
735 5540 793 5588 et
825 5528 1131 5586 Facundus
1154 5529 1569 5588 Hermianensis
1600 5535 1694 5588 lih.
1729 5551 1826 5596 vn,
1855 5534 1905 5597 7,

322 5624 412 5695 qui
461 5624 726 5696 integram
772 5639 904 5680 eam
952 5621 1248 5694 epistolam
1295 5622 1589 5681 Latinitate
1644 5625 1902 5680 donatam

392 5764 406 5794 ⁸
441 5760 605 5823 Hebr.
635 5779 757 5832 sui,
800 5763 860 5819 4,

1964 3192 2192 3248 Joannis
2221 3188 2615 3259 Chrysostomi.
2650 3186 2837 3256 Neque
2868 3186 3123 3256 diptycha
3171 3186 3318 3237 illius
3354 3182 3543 3236 Ecclec

1967 3285 2063 3340 site
2102 3284 2155 3338 in
2197 3282 2384 3337 eadem
2416 3280 2623 3352 synodo
2653 3282 2880 3334 recitata
2911 3280 3076 3333 alium
3115 3278 3317 3331 habent
3356 3275 3535 3329 Theo.

1967 3369 2161 3425 dorum
2191 3375 2315 3438 post
2361 3367 2762 3422 Antiochenum
2798 3367 2948 3420 illum
2999 3367 3235 3435 lapsum.
3276 3364 3381 3419 Sed
3403 3375 3543 3425 esto,

1971 3458 2138 3513 fuerit
2188 3458 2352 3520 alius,
2390 3456 2549 3525 cujus
2582 3471 2783 3511 nomen
2823 3470 2852 3508 a
2888 3454 3089 3508 tabulis
3135 3455 3243 3506 illis
3282 3454 3550 3506 ecclesia-

1970 3550 2125 3607 stieis
2175 3548 2466 3612 exciderit,
2514 3548 2561 3603 is
2609 3563 2740 3601 vero
2792 3546 2955 3601 etiam
2999 3547 3089 3599 vix
3127 3546 3231 3598 erit
3282 3544 3466 3597 statim
3514 3559 3548 3600 α

1974 3640 2154 3710 lapso,
2204 3638 2277 3691 ita
2313 3644 2375 3690 ut
2424 3636 2568 3690 inter
2617 3651 2714 3690 eos
2763 3634 2949 3687 nullus
2985 3633 3362 3687 intercesserit
3409 3632 3555 3687 alius

1982 3728 2246 3782 Ecclesia:
2278 3726 2672 3795 Mopsuestenu:
2700 3724 2921 3793 presul,
2945 3732 2999 3777 et
3030 3723 3098 3777 de
3131 3724 3233 3777 hoc
3261 3721 3550 3791 Theopha-

1977 3834 2077 3875 nes
2124 3818 2416 3886 intelligat,
2452 3830 2522 3869 ne
2564 3816 2665 3868 hac
2694 3815 2916 3884 quidem
2948 3815 3160 3868 ratione
3204 3816 3371 3868 stabit
3407 3815 3554 3868 illius

1985 3909 2257 3966 sententia
2289 3926 2301 3962 :
2335 3922 2461 3961 nam
2498 3906 2930 3975 Chrysostomus
2983 3905 3039 3957 in
3091 3906 3287 3959 exsilio
3326 3907 3560 3958 moritur

1979 4000 2145 4069 etiam
2178 4006 2295 4053 tum
2340 3996 2643 4067 superstite
2686 3994 3347 4050 Theodoro‘Antiocheno
3379 3996 3557 4064 lapso,

1992 4092 2089 4162 qui
2120 4091 2280 4161 longe
2310 4096 2433 4160 post
2466 4089 2570 4143 sub
2593 4086 2903 4143 Theodosio
2933 4085 3189 4151 Juniore,
3230 4096 3422 4141 exacto
3457 4087 3561 4142 Eco

1983 4183 2163 4237 clesite
2213 4182 2543 4252 praesulatus
2607 4189 2764 4235 sexto
2819 4188 2985 4249 atque
3041 4180 3323 4233 tricesimo
3378 4194 3557 4246 anno,

1984 4289 2144 4329 suum
2182 4274 2324 4327 diem
2356 4272 2511 4335 obiit,
2563 4278 2621 4324 ut
2654 4271 2845 4340 quinto
2875 4272 3082 4325 Hister.
3133 4270 3276 4324 libro
3316 4278 3566 4324 extremo

1985 4376 2175 4420 narrat
2210 4364 2605 4418 Theodoretus.
2648 4361 2761 4416 lmo
2800 4378 2928 4417 vero
2960 4378 3135 4431 neque
3168 4363 3279 4415 haec
3311 4364 3595 4431 epistola,,

1987 4453 2116 4523 quia
2141 4451 2515 4521 Chrysostomi
2546 4457 2651 4512 est,
2682 4457 2734 4503 et
2765 4452 2831 4501 ad
2875 4449 3203 4502 Theodorum
3238 4446 3597 4515 Hopsueste-‘

1989 4559 2114 4597 num
2161 4541 2308 4603 data,
2346 4538 2550 4607 aliquid
2598 4538 2884 4607 sulIragari
2931 4546 3106 4604 potest
3148 4537 3455 4591 fautoribus
3497 4539 3568 4591 il-

1944 4634 2136 4695 .lius,
2203 4627 2349 4698 quod
2412 4626 2759 4681 Justinianus
2813 4625 3003 4677 timent
3058 4638 3119 4677 ac
3180 4621 3564 4692 TheOphanrs.

1992 4723 2124 4777 Nam
2166 4729 2225 4775 ut
2259 4728 2461 4791 patres,
2494 4718 2586 4789 qui
2620 4718 2689 4772 ob
2737 4731 2961 4771 causam
2994 4715 3158 4769 trium
3202 4715 3569 4784 capitulorum

1993 4812 2463 4881 ConstantinOpoli
2504 4816 2895 4874 convenerant,
2946 4817 3108 4877 atque
3157 4809 3332 4872 alios,
3393 4809 3568 4862 latere

1994 4907 2172 4977 potuit
2200 4901 2775 4974 impietas-Theodori,
2805 4900 2884 4954 sic
2917 4899 3213 4967 aliquando
3241 4898 3572 4967 Chrysosto-

1996 5009 2146 5048 mum
2181 4990 2752 5046 honorificentioribus
2786 4987 2969 5042 verbis
2996 4987 3063 5040 de
3096 4987 3189 5038 illo
3221 4986 3570 5039 scribentem.

1998 5084 2160 5139 Certe
2205 5082 2366 5135 latuit
2418 5094 2662 5135 summos
2711 5077 2833 5148 ejus
2888 5076 3227 5145 tempestatis
3276 5075 3331 5127 in
3366 5075 3579 5128 oriente

2004 5173 2262 5225 doctores
2290 5179 2343 5225 et
2368 5169 2723 5224 ecclesiarum
2754 5166 3054 5227 antistites,
3087 5162 3400 5217 Nectarium
3428 5163 3575 5218 Con-

2010 5263 2581 5332 stantinopolitanum,
2602 5258 2963 5327 Theophilum
2985 5255 3437 5321 Alexandrinum,
3456 5255 3579 5310 Fla-

2010 5357 2233 5410 vianum
2268 5353 2691 5413 Antiochenum,
2724 5349 3044 5417 Gregorium
3086 5347 3412 5417 Nyssenum,
3454 5352 3580 5401 Am-

2014 5446 2345 5516 philochium
2374 5444 2566 5507 lconii,
2589 5441 2891 5494 Palladium
2916 5439 3330 5505 Caasariensem,
3359 5450 3411 5494 et
3443 5441 3582 5494 alios

2016 5538 2350 5607 quibuscum
2374 5532 2692 5588 Theodorus
2718 5532 2987 5595 consedit,
3013 5546 3076 5586 ac
3100 5531 3425 5586 sententiam
3447 5530 3585 5583 dixit

2014 5630 2067 5684 in
2090 5624 2703 5695 Constantinopolitano
2732 5623 3008 5680 celebrato
3034 5621 3457 5692 imperatoribus
3477 5620 3586 5675 Ar—
