3920 6130
276 222 382 281 103

1064 211 1155 269 EX
1194 210 1444 269 LEONIS
1480 209 1755 268 ALLATH
1794 206 2114 267 DIATBIBA
2156 208 2243 267 DE
2280 207 2697 268 THEODORIS.

3386 244 3393 253 .
3424 199 3526 260 lOI

273 336 435 395 cadlo
467 333 714 400 tertium,
760 340 816 388 et
867 330 1110 388 Honorio
1157 329 1462 387 secundum
1502 329 1848 397 consulibus,
1880 334 1926 391 Α
1951 329 2220 401 propheta.-
2239 338 2444 385 centum
2468 334 2518 381 et
2539 320 2924 398 quinquaginta
2947 317 3047 391 ib),
3073 327 3299 390 quorum
3327 319 3529 391 singuli

275 430 487 486 scilicet
531 427 694 497 paulo
750 433 876 480 ante
922 437 1085 492 quam
1122 422 1364 479 Joannes
1413 422 1853 493 Chrysostomus

276 520 537 576 Ecclesia
555 514 1165 585 Constantinopolitanae
1190 501 1726 572 administrationem
1749 528 1849 568 ca-

274 617 546 681 pessoret.

352 702 765 772 Subjungamus
804 699 912 754 hoc
941 713 1162 770 quoque
1192 695 1466 751 :Roberto
1502 694 1753 749 Balforeo
1792 693 1853 749 in

277 793 723 849 adnotationibus
770 794 839 845 ad
881 791 1214 846 Theodorum
1262 788 1581 843 Raitltenum
1632 786 1853 843 videtur

276 884 418 939 alius
465 896 589 937 esse
624 880 948 937 Theodorus
992 880 1431 950 Mopsuestenus,
1481 890 1642 948 quem
1689 877 1851 945 pleno

276 988 374 1028 ore
410 970 756 1040 Nicephorus
787 972 882 1027 lib.
914 987 1006 1026 xxv
1033 969 1236 1024 Eccles.
1269 968 1460 1021 histor.
1515 982 1640 1036 cap.
1669 965 1760 1030 50,
1794 971 1852 1020 et

277 1062 658 1121 Theodoretus
700 1064 797 1118 lib.
847 1078 881 1114 v
910 1072 1154 1118 extremo
1202 1059 1444 1113 laudant.
1500 1057 1618 1114 Hoc
1665 1066 1849 1113 tamen

277 1168 347 1210 ex
401 1155 470 1209 iis
499 1168 622 1224 quae
645 1152 884 1207 diximus
919 1148 1117 1205 falsum
1156 1163 1280 1203 esse
1310 1145 1758 1216 deprehenditur,
1796 1150 1851 1198 et

280 1245 628 1315 potissimum
647 1259 772 1299 cum
790 1242 858 1297 ad
877 1250 1118 1310 tempora
1142 1239 1347 1308 quintae
1368 1237 1638 1309 generalis
1657 1233 1851 1307 synodi

277 1336 465 1391 nullus
495 1335 636 1388 alius
674 1333 839 1387 fuerit
884 1331 1303 1400 Mopsuestenus
1334 1328 1676 1391 Theodorus,
1705 1341 1850 1396 pra:-

280 1433 365 1482 ter
408 1428 575 1488 hunc,
614 1424 780 1493 idque
825 1422 1042 1476 abunde
1091 1420 1384 1489 probatum
1435 1419 1506 1475 sit
1547 1419 1601 1472 in
1642 1418 1851 1489 synodo

280 1516 701 1587 Mopsuestena;
751 1514 804 1567 id
842 1512 986 1582 quod
1036 1512 1281 1581 episcopi
1317 1511 1572 1565 secunda:
1611 1508 1850 1563 Cilicum

289 1608 604 1679 provincias,
634 1613 689 1661 et
712 1606 898 1676 plures
931 1604 1022 1657 alii
1051 1619 1117 1658 ex
1145 1602 1421 1672 diptychis
1451 1592 1851 1670 Mopsuestenze

277 1698 556 1761 Ecclesiae,
580 1708 634 1751 et
661 1695 1174 1767 probatissimorum
1210 1695 1493 1747 hominum
1521 1693 1852 1747 testimoniis

279 1790 535 1858 probant,
575 1786 848 1842 Theodori
898 1784 1120 1847 veteris,
1172 1782 1321 1837 illius
1362 1782 1577 1836 scilicet
1631 1782 1698 1836 de
1743 1796 1853 1851 quo

277 1892 428 1933 nunc
458 1876 780 1939 scribimus,
806 1874 1012 1928 nullam
1048 1887 1173 1927 esse
1205 1872 1569 1935 mentionem;
1606 1879 1667 1926 et
1686 1873 1851 1926 alium

276 1964 656 2027 Theodorum,
686 1965 779 2033 qui
805 1964 862 2018 in
893 1962 999 2017 line
1020 1948 1406 2032 diptychorum
1438 1961 1678 2033 scriptus
1708 1969 1849 2026 erat,

280 2072 349 2113 ex
394 2056 608 2111 Galatia
651 2054 967 2117 oriundum,
1020 2059 1147 2105 ante
1193 2059 1304 2106 tres
1354 2067 1528 2109 annos
1577 2061 1851 2109 mortuum

279 2150 472 2205 fuisse.
505 2147 647 2218 Ergo
674 2145 741 2201 de
778 2145 884 2199 hoc
908 2140 1153 2199 secundo
1184 2154 1292 2195 non
1322 2150 1453 2195 sunt
1485 2140 1647 2195 verba
1675 2140 1852 2196 Theo-

278 2236 477 2293 doreti.
511 2235 615 2301 Qui
646 2234 790 2289 enim
838 2239 920 2286 tot
954 2238 1081 2285 ante
1123 2244 1297 2284 annos
1342 2228 1655 2291 defunctus.
1689 2229 1851 2298 hujus

280 2326 383 2381 sub
406 2320 720 2379 Iustiniano
747 2320 981 2376 viventis
1016 2318 1334 2374 meminisse
1367 2318 1584 2387 potuit?
1618 2316 1682 2371 Et
1725 2333 1850 2374 cum

277 2431 455 2486 usque
489 2414 557 2470 ad
606 2413 771 2484 hujus
817 2410 1144 2466 recentioris
1177 2425 1422 2478 tempora
1472 2410 1660 2464 nullus
1709 2410 1851 2465 alius

282 2507 468 2573 fuerit,
491 2512 641 2560 certa
665 2510 796 2559 sunt
821 2501 1152 2557 Theodoreti
1181 2501 1347 2557 verba
1371 2502 1439 2556 de
1468 2509 1650 2556 vetere
1681 2500 1854 2555 Theo-

280 2598 417 2656 doro
472 2596 874 2667 Mopsuesteno.
921 2591 1261 2662 Nicephorus
1300 2593 1468 2648 verba
1512 2591 1848 2648 Theodoreti

280 2695 336 2745 et
386 2687 709 2743 sententiam
752 2683 1034 2749 esscribit,
1080 2699 1255 2753 neque
1289 2684 1357 2739 de
1397 2684 1506 2738 alio
1545 2699 1850 2740 sermonem

281 2780 463 2843 habet,
494 2795 659 2850 quam
685 2776 755 2833 de
782 2793 892 2848 quo
923 2776 1303 2832 Theodoretus
1339 2777 1456 2846 ipse
1495 2778 1708 2833 locutus
1735 2776 1852 2834 fue-

280 2879 387 2925 rat.
421 2868 681 2924 Facessat
725 2869 894 2938 igitur
923 2868 1067 2923 alius
1097 2868 1187 2923 hic
1227 2865 1551 2924 Theodorus
1580 2871 1854 2927 recentior

1950 431 2199 477 constant
2247 422 2464 491 triginta
2507 417 2783 485 capitibus.
2838 412 2974 468 Item
3032 412 3412 483 expositionem
3469 413 3530 468 in

1949 515 2191 584 quinque
2226 513 2407 568 libros
2438 508 2667 581 Moysis,
2701 521 2859 576 quam
2892 504 3062 558 tribus
3116 502 3422 570 complexus
3448 510 3534 558 est

1949 607 2127 673 tomis,
2159 605 2353 658 mirum
2389 603 2445 655 in
2477 600 2694 655 modum
2735 597 3123 657 elucubratam,
3163 593 3233 647 ad
3270 607 3532 664 magnum

1947 698 2249 768 Alpheum.
2281 693 2526 748 Psalmos
2571 705 2770 761 quoque
2815 684 3034 741 Doridis
3074 684 3315 753 exposuit
3358 684 3531 738 tribus

1951 786 2124 849 libris,
2170 784 2238 839 ad
2276 782 2577 838 Cerdonem
2608 788 2663 834 ct
2688 780 2910 833 fratrem
2954 775 3096 845 ejus.
3147 773 3207 829 In
3236 773 3530 830 duodecim

1952 878 2248 948 prophetas
2292 872 2500 928 duobus
2546 872 2701 924 tomis
2744 877 3128 924 commentatus
3168 875 3268 929 est,
3312 864 3382 921 ad
3406 879 3531 923 mar

1950 971 2165 1044 Tyrium
2218 965 2309 1035 (ε).
2374 966 2435 1019 in
2487 963 2793 1018 Samuelem
2851 968 3233 1015 commentatus
3284 967 3363 1011 est
3423 971 3531 1009 uno

1950 1066 2110 1121 tomo,
2141 1056 2208 1110 ad
2239 1054 2657 1109 Mamarianum.
2689 1051 2746 1105 In
2774 1048 2967 1106 Jobum
2998 1066 3198 1120 quoque
3225 1047 3429 1102 duobus
3445 1055 3531 1102 to-

1949 1149 2076 1211 mis,
2090 1147 2154 1200 ad
2171 1144 2432 1217 Cyrillum
2456 1142 2970 1199 AlexandrinumJn
2993 1141 3358 1197 Ecclesiasten
3374 1142 3534 1195 unico

1948 1238 2083 1293 libro
2104 1247 2486 1293 commentatus
2501 1246 2601 1305 est,
2621 1236 2928 1304 deprecante
2949 1234 3263 1306 Porphyrii).
3276 1233 3533 1302 Exposuit

1948 1334 2104 1387 etiam
2167 1329 2395 1393 Isaiam,
2437 1327 2777 1392 Ezechielem,
2810 1324 3096 1380 Jeremiam
3141 1336 3188 1379 et
3236 1324 3527 1389 Danielem,

1948 1422 2184 1492 singulos
2213 1420 2436 1491 singulis
2463 1420 2616 1475 tomis
2647 1420 3011 1488 complectens,
3034 1419 3219 1489 quibus
3247 1418 3404 1486 finem
3428 1418 3532 1470 in»

1948 1514 2120 1582 posuit
2155 1513 2265 1567 suis
2304 1510 2788 1566 elucubrationibus
2813 1511 2865 1564 in
2898 1508 3066 1564 Vetus
3092 1507 3522 1563 Testamentum.

1951 1604 2268 1659 Matt/ratum
2311 1620 2416 1657 uno
2458 1604 2701 1671 exposuit
2748 1613 2911 1666 tomo,
2959 1601 3025 1654 ad
3066 1599 3289 1664 iulium;
3326 1597 3535 1651 Lucane

1952 1714 2068 1752 vero
2104 1704 2154 1751 et
2182 1695 2441 1751 Joannem
2486 1694 2688 1748 duobus
2729 1694 2906 1759 tomis,
2938 1693 3003 1746 ad
3037 1691 3356 1757 Eusebium;
3386 1695 3526 1744 Acta

1953 1787 2307 1856 apostolorum
2337 1802 2440 1840 uno
2466 1786 2767 1852 complexus
2795 1795 2872 1839 est
2919 1794 3083 1847 tomo,
3130 1782 3196 1836 ad
3240 1780 3525 1851 Basiliam;

1953 1877 2248 1946 Epistolam
2281 1876 2350 1931 ad
2379 1876 2648 1931 Romanos
2668 1876 2933 1946 exposuit,
2966 1875 3089 1927 item
3116 1871 3183 1926 ad
3206 1871 3521 1936 Eusebium;

1954 1969 2150 2025 Ambae
2191 1984 2311 2023 vero
2358 1967 2633 2038 Epistolas
2663 1969 2731 2021 ad
2775 1966 3075 2023 Corinthios
3121 1962 3327 2018 duobus
3367 1961 3537 2015 tomis

1949 2061 2187 2131 exposuit
2225 2076 2288 2113 ac
2332 2059 2669 2122 dilucidavit,
2727 2058 3037 2125 deprecante
3093 2053 3377 2108 Theodoro.
3414 2049 3524 2105 Eu-

1949 2154 2170 2209 stratius
2210 2153 2286 2223 (tl)
2318 2150 2601 2219 postulavit
2629 2149 2999 2219 expositionem
3025 2156 3251 2218 quatuor
3272 2147 3525 2211 epistola-

1951 2257 2068 2295 rum
2088 2256 2220 2311 quas
2253 2247 2757 2293 commemoraturus
2796 2252 2933 2301 sum,
2968 2250 3147 2305 nempe
3177 2232 3431 2304 Epistolas
3453 2232 3523 2287 ad

1953 2331 2196 2393 Galatas,
2239 2340 2288 2384 et
2336 2329 2415 2384 ad‘
2439 2329 2716 2399 Ephesios,
2743 2337 2792 2383 et
2824 2328 2892 2382 ad
2940 2327 3315 2396 Philippenses,
3364 2333 3413 2380 ct
3452 2323 3523 2377 ad

1950 2421 2310 2478 Colossenses.
2333 2421 2500 2477 Binas
2519 2430 2695 2474 autem
2715 2420 2784 2473 ad
2812 2420 3322 2483 Thessalonicenses,
3340 2416 3522 2487 depre-

1949 2520 2102 2567 cante
2129 2510 2331 2565 Jacobo
2370 2511 2630 2579 exposuit.
2694 2509 2824 2564 Item
2870 2509 3005 2562 duas
3054 2506 3122 2561 ad
3169 2506 3521 2567 Timotheum,

1951 2602 2277 2672 supplicante
2300 2600 2497 2667 Petro;
2526 2611 2575 2655 et
2595 2600 2901 2671 deprecante
2925 2599 3123 2669 Cyrino
3144 2604 3523 2652 commentatus

1951 2705 2027 2751 est
2051 2696 2106 2748 in
2136 2692 2409 2762 Epistolas
2437 2692 2505 2746 ad
2541 2692 2739 2756 Titum,
2765 2702 2815 2744 et
2858 2691 3237 2746 Philemonem.
3284 2688 3525 2743 Direxit-

1950 2802 2048 2858 que
2072 2786 2141 2839 ad
2164 2785 2404 2839 eumdem
2447 2784 2851 2838 commentarios
2897 2782 2949 2837 in
2979 2781 3274 2851 Epistolam
3310 2781 3378 2836 ad
3418 2779 3527 2836 lie-

1952 2879 2156 2946 brtcos;
2184 2877 2414 2947 adeoque
2439 2877 2663 2947 quinque
2704 2876 2858 2930 tomis
2896 2874 3147 2944 imposuit
3176 2874 3335 2942 ﬁnem
3373 2888 3520 2927 com-

281 2976 314 3016 a
335 2961 585 3016 Balforeo
606 2968 663 3015 et
687 2959 812 3016 aliis
831 2960 1195 3031 excogitatus,
1222 2966 1277 3014 et
1311 2966 1596 3030 tantopere
1619 2975 1649 3014 a
1675 2959 1847 3017 Theo-

1960 2971 2235 3025 mentariis
2261 2970 2316 3024 in
2340 2968 2610 3035 Epistolas
2632 2968 2896 3037 Apostoli.
2921 2965 3243 3034 Conscripsit
3265 2974 3523 3035 prater-cs

283 3054 475 3110 doreto
502 3053 775 3109 laudatus.

1952 3061 2146 3117 librum
2199 3059 2276 3116 De
2333 3059 2711 3124 sacramentis,
2762 3066 2812 3113 et
2842 3056 2916 3114 De
2969 3058 3072 3113 fide
3118 3057 3311 3120 alium,
3357 3059 3522 3110 unum

350 3143 528 3214 Hujus
556 3152 814 3213 praeterea
833 3141 1105 3219 Iheodori
1129 3143 1275 3211 (nam
1295 3143 1399 3199 erit
1419 3158 1600 3214 operae
1621 3145 1859 3216 pretium
1952 3163 2151 3210 tantum
2181 3150 2258 3207 De
2302 3149 2630 3214 sacerdotio,
2678 3161 2726 3203 et
2772 3149 2905 3203 duos
2952 3148 3028 3204 De
3064 3146 3270 3218 Spiritu
3304 3158 3520 3210 sancto,

282 3236 391 3293 hoc
415 3236 698 3300 adnotare,
730 3234 844 3290 sive
875 3234 946 3289 ob
998 3234 1376 3291 Nestorianam
1425 3235 1697 3302 haeresim,
1740 3237 1856 3294 sive

283 3327 356 3385 ob
383 3327 546 3382 aliam
573 3325 820 3397 causam)
848 3326 989 3395 apud
1014 3325 1183 3397 Syros
1212 3333 1361 3380 tanta
1399 3324 1502 3381 fuit
1534 3329 1852 3397 auctoritas,

282 3426 338 3476 et
365 3418 564 3483 cultus,
596 3424 661 3473 ut
694 3432 857 3488 quam
891 3396 1126 3487 plurima
1173 3418 1320 3473 illius
1350 3418 1415 3472 in.
1440 3396 1716 3490 propriam
1747 3421 1854 3475 lino

283 3526 448 3584 quam
480 3510 879 3566 transtulerint.
922 3509 1195 3576 Quianam:
1214 3523 1344 3564 vero
1378 3509 1470 3563 illa
1516 3510 1737 3577 fuerint,
1783 3509 1855 3564 E-

280 3602 505 3659 bedlesu
541 3602 830 3671 episcopus
876 3599 1036 3655 Sohse
1078 3608 1140 3655 ct
1179 3598 1448 3655 Armenia:
1496 3600 1550 3654 in
1599 3598 1854 3672 Catologo

284 3695 539 3749 librorum
564 3693 1065 3757 ecclesiasticorum,
1090 3707 1251 3763 quem
1297 3692 1388 3747 ille
1418 3692 1641 3762 scripsit
1670 3693 1855 3763 lingua

284 3782 529 3855 Syriaca,
558 3783 613 3837 in
645 3782 786 3837 hunc
814 3781 1033 3837 modum
1067 3782 1357 3852 expressit.
1390 3780 1568 3837 Verba
1596 3782 1743 3839 illius
1773 3783 1849 3839 ita

280 3874 520 3931 reddidit
545 3875 851 3944 linguarum
890 3870 1232 3929 orientalium
1267 3874 1630 3943 peritissimus
1674 3876 1847 3929 Abra-

283 3967 477 4021 hamus
539 3964 909 4021 Eccltellensis
957 3964 1074 4035 (a):
1109 3964 1412 4019 Theodorus
1467 3975 1848 4019 commentator

281 4056 571 4126 composuit
614 4057 973 4127 quadraginta
1025 4064 1076 4109 et
1124 4071 1287 4109 unum
1338 4065 1556 4120 tomum,
1599 4058 1688 4127 qui
1728 4065 1849 4110 sunt

354 4160 432 4228 (α)
455 4158 683 4215 ιὶεοιιᾱὶι
704 4167 891 4228 postea
908 4159 1328 4228 emendatiorem
1352 4157 1497 4211 hunc
1518 4159 1843 4228 catalogum,

282 4227 810 4298 notisquegplurimis
853 4229 1141 4298 illustravit
1185 4227 1300 4298 Ios.
1330 4229 1464 4281 Sim.
1515 4227 1846 4284 Assemanus

1951 3261 2117 3302 unum
2167 3243 2240 3298 De
2297 3240 2691 3304 incarnatione,
2744 3240 2877 3294 duos
2929 3247 3117 3294 contra
3172 3237 3519 3293 Eunomium.

1953 3338 2101 3394 Item.
2121 3338 2253 3392 duos
2281 3341 2472 3391 contra
2495 3340 2800 3392 asserentes
2832 3334 2887 3387 in
2912 3331 3029 3402 ipsa
3060 3340 3252 3386 natura
3280 3329 3519 3400 positum

1948 3445 2073 3487 esse
2115 3435 2438 3499 peccatum:
2472 3427 2608 3482 duos
2646 3424 2794 3498 (tres)
2828 3433 3019 3480 contra
3059 3422 3315 3493 magiam,
3354 3437 3522 3475 unum

1951 3520 2019 3575 ad
2056 3516 2378 3581 monachos,
2409 3531 2575 3571 unum
2606 3513 2674 3570 de
2711 3512 2951 3568 obscura
2997 3511 3293 3574 locutione,
3351 3524 3515 3565 unum

1952 3609 2028 3664 De
2054 3607 2387 3679 perfectione
2406 3620 2632 3676 operum
2655 3604 2747 3675 (e),
2776 3605 3003 3674 quinque
3018 3602 3281 3657 adversus
3301 3612 3397 3655 eos
3420 3597 3516 3666 qui

1955 3702 2274 3774 Scripturas
2295 3701 2524 3772 ﬁgurate
2550 3700 2998 3769 interpretantur,
3036 3712 3196 3751 unum
3231 3710 3332 3765 pro
3359 3692 3519 3748 Basi-

1952 3793 2051 3858 lio,
2076 3800 2125 3845 et
2152 3807 2315 3844 unum
2343 3789 2418 3845 De
2435 3796 2749 3858 assumente
2768 3794 3129 3857 etassumpto.
3158 3783 3294 3839 Item
3323 3781 3522 3837 librum

1952 3856 2115 3937 unum
2135 3899 2283 3952 quem
2304 3882 2573 3950 inscripsit
2601 3856 3035 3949 Margaritarum,
3057 3887 3108 3930 et
3124 3877 3274 3930 illum
3293 3874 3383 3945 qui
3400 3871 3519 3942 ejus

1952 3971 2314 4040 complectitur
2360 3968 2631 4038 epistolas.
2666 3967 2888 4023 Domum
2928 3976 3210 4020 tractatum
3241 3963 3317 4020 De
3349 3964 3518 4032 legis-

1953 4059 2177 4120 latione,
2210 4073 2311 4127 quo
2344 4058 2498 4126 ﬁnem
2535 4058 2645 4111 suis
2674 4056 2919 4125 imposuit
2940 4052 3392 4109 lucubrationibus
3418 4048 3517 4121 (f).

1955 4158 2149 4215 Menda
2182 4158 2551 4215 Ecchellensis
2586 4174 2693 4214 non
2736 4163 2956 4229 agnovit
2988 4158 3242 4221 Allatius,
3275 4156 3518 4229 _lingua-

1952 4246 2073 4285 rum
2105 4229 2477 4292 orientalium,
2508 4242 2565 4283 ut
2591 4226 2822 4291 videtur,
2853 4229 3166 4298 imperitus;
3188 4226 3359 4298 cujus
3386 4226 3518 4278 hor-

282 4297 351 4380 in.
374 4296 480 4380 sua.
516 4296 839 4380 Bibliotheca
881 4297 1147 4380 orientali,
1185 4306 1224 4351 t.
1261 4296 1349 4365 lli,
1394 4312 1425 4351 a
1466 4313 1577 4367 quo
1618 4300 1844 4353 meliora
1877 4320 1921 4377 ι)
1948 4308 2074 4380 tatu
2097 4300 2427 4380 cmteroquin
2455 4315 2514 4352 se
2544 4299 2688 4380 hunc
2714 4296 3019 4380 catalogum
3054 4297 3291 4352 edidisse
3328 4303 3520 4349 narrat

282 4368 486 4436 aliquot
519 4368 781 4422 sumenda
805 4367 1065 4437 jndicavi.

356 4438 432 4509 (ὁ)
471 4437 525 4491 Id
552 4447 638 4492 est
669 4438 787 4508 (ceu
810 4436 1050 4506 explicat
1080 4436 1430 4506 Assemanus)
1458 4451 1688 4507 quorum
1728 4452 1846 4494 mo.

282 4508 375 4564 les
400 4508 549 4562 tanta
576 4516 685 4571 est,
717 4517 775 4561 ut
801 4509 1008 4561 centies
1041 4514 1096 4563 et
1132 4510 1491 4579 quinquagies
1523 4509 1691 4564 libros
1721 4521 1844 4580 pro-

283 4581 562 4656 phetarum
575 4580 828 4656 omnium
853 4586 1093 4656 s_t_tpe_rct.

283 4644 301 4648 “
353 4647 423 4720 (c)
463 4647 834 4702 Ecchellcnsis
867 4646 1070 4711 Turim,
1100 4647 1435 4703 Assemanus
1458 4662 1574 4699 mar
1601 4644 1838 4716 Tyrium.

283 4716 396 4786 Ego
433 4716 697 4786 suspicor;
732 4716 1038 4786 legendum,
1077 4732 1177 4785 pro
1218 4716 1461 4786 Syriaco
1494 4718 1678 4786 titulo
1704 4733 1840 4781 mar,

345 4782 625 4864 artus-ium.
660 4782 871 4864 Etenim
910 4782 1224 4854 Martyrius,
1262 4782 1356 4864 qui
1381 4784 1495 4864 _fuit_
1518 4784 1717 4864 deinde
1749 4800 1844 4855 pa-

282 4852 527 4913 triarcha
592 4854 984 4925 Antiochenus,
1032 4852 1423 4925 coavus'fuit
1483 4852 1842 4925 laudatorque

282 4924 683 4998 Chrysostomj,
716 4922 947 4998 ideoque
970 4924 1134 4977 etiam
1179 4923 1567 4998 bittpsuesteno
1597 4922 1836 4998 contem-

357 4992 574 5050 raneus.
612 4992 871 5050 Consule
894 5001 1140 5047 nostram
1188 4992 1391 5047 Noram
1436 4995 1672 5048 biblioth.
1722 4992 1837 5051 PP.

306 5063 372 5125 ν,
395 5067 487 5120 ubi
508 5074 591 5118 est
611 5079 741 5145 pars
762 5063 1073 5189 ξηιεεῖτὶοἱ
1097 5065 1148 5116 in
1171 5062 1621 5134 Chrysostomnm
1643 5065 1712 5119 ab
1738 5065 1840 5119 hoc

306 5134 545 5189 larturio
573 5137 723 5188 tltcti.
781 5134 907 5189 'aue
989 5135 1100 5187 uris
1133 5135 1433 5188 tuonachus
1469 5136 1666 5189 lettitur
1695 5134 1837 5189 anud

280 5134 545 5204 lartyrio
573 5134 723 5188 dicti.
762 5134 907 5190 Sane
942 5134 1100 5188 Turis
1133 5135 1433 5204 monachus
1469 5136 1666 5203 legitur
1695 5134 1837 5203 apud

282 5203 599 5275 praedictum
648 5205 1047 5275 Ecchcllcnsem
1087 5219 1138 5273 p.
1168 5203 1255 5261 73.
1282 5206 1400 5275 sed
1443 5205 1648 5275 omittit
1693 5204 1838 5260 hunc

278 5270 637 5342 lssemanus.
675 5270 764 5342 qui
794 5290 918 5329 eum
944 5270 1185 5327 scribere
1207 5274 1483 5327 debuisset
1508 5274 1649 5327 inter
1676 5289 1832 5342 capp.

279 5344 350 5396 87
373 5351 427 5397 et
456 5341 543 5395 88.
575 5340 771 5395 Omisit
802 5355 1003 5407 autctu,
1037 5347 1162 5411 quia
1194 5359 1432 5397 errorem
1466 5358 1586 5397 esse
1619 5340 1836 5412 agnovit

281 5412 672 5468 Ecchellensis.
708 5414 775 5467 tie
817 5413 974 5481 cujus
1017 5415 1140 5468 aliis
1173 5413 1388 5468 mendis
1430 5413 1687 5467 admonet
1734 5429 1836 5469 nos

280 5491 424 5538 tomo
458 5481 714 5551 praedicto
744 5498 795 5551 p.
835 5484 857 5535 l
898 5492 951 5535 ct
981 5482 1035 5550 4.

351 5551 429 5622 (d)
462 5550 719 5622 ’bistratea
746 5550 1011 5622 ’Allatius
1039 5566 1101 5605 ex
1140 5551 1476 5609 Ecchellcnsi
1522 5568 1572 5621 p.
1608 5552 1699 5617 29,
1738 5553 1833 5622 qui

279 5620 443 5675 etiam
478 5620 534 5674 in
566 5622 757 5691 indice
770 5620 823 5673 id
859 5620 1482 5691 mendumrepetiverat,
1509 5639 1617 5691 quo
1644 5620 1833 5676 errore

280 5705 347 5748 ex
374 5697 665 5747 mscenate
707 5687 1005 5752 Eustrano.
1036 5686 1166 5746 fecit
1202 5686 1502 5745 Estrateam
1529 5686 1826 5748 auctorem.

1948 4368 2323 4439 Ecchellcnsis
2355 4370 2409 4422 in
2444 4368 2597 4439 praef.
2636 4384 2690 4439 p.
2718 4368 2809 4423 2'7.

2019 4440 2086 4510 (ε)
2127 4436 2496 4510 Ecchellensis
2534 4438 2610 4493 De
2636 4436 2965 4507 perfectione
3004 4436 3297 4510 regiminis.

2017 4506 2093 4580 (Γ)
2134 4506 2612 4580 υθᾲΜορειιᾳειθιιί
2646 4511 2878 4580 scriptis
2921 4506 3250 4580 sedulonos
3294 4518 3517 4580 quoque

1943 4573 2183 4634 diximus
2225 4578 2278 4632 in
2330 4573 2480 4647 praei.
2526 4579 2655 4633 tomi
2706 4579 2724 4630 l
2769 4573 2969 4648 prioris
3011 4576 3266 4633 editionis
3316 4573 3512 4648 διτὶριτ

1943 4660 2066 4709 υει..
2103 4664 2167 4703 ex
2204 4662 2314 4716 quo
2342 4650 2462 4701 loco
2493 4663 2601 4702 non
2635 4647 2933 4701 memorata
2967 4648 3226 4701 nonnulla
3251 4647 3514 4716 cognosci

1944 4713 2271 4787 possuntab
2296 4717 2514 4787 Allatio,
2546 4726 2600 4772 et
2628 4719 2898 4787 praecipue
2918 4733 2981 4771 es
3007 4717 3167 4787 Fahr.
3204 4728 3328 4768 cum
3357 4713 3511 4769 Harl.

1942 4785 2007 4842 Β.
2034 4786 2095 4841 G.
2118 4795 2157 4840 t.
2181 4786 2246 4856 Χ,
2267 4801 2318 4855 p.
2338 4785 2441 4839 546
2466 4802 2613 4856 sqq.,
2644 4786 2696 4840 id
2721 4795 2803 4839 est
2837 4786 3075 4856 ltturqz'a,
3097 4786 3341 4856 hymnus.
3364 4798 3515 4856 quc-

1942 4858 2136 4911 stiones
2168 4853 2392 4915 bibl—icta,
2427 4853 2831 4910 comiizentarius
2862 4856 2916 4909 in
2948 4853 3213 4912 Marcum.
3243 4853 3308 4907 de
3342 4854 3512 4906 mira-

1942 4929 2076 4981 culis
2123 4923 2346 4980 Cltristi.
2403 4924 2534 4980 Item
2596 4939 2698 4979 nos
2754 4924 2946 4991 Script.
3001 4936 3097 4979 ret.
3160 4923 3270 4983 VII,
3307 4940 3359 4993 p.
3418 4922 3509 4983 73.

1942 4994 2301 5067 fragmentum
2354 4994 2682 5067 protulimus
2730 4994 3005 5067 Θερδώρου
3053 4995 3182 5066 περὶ
3210 4994 3512 5067 Nega-opsu-

1941 5062 2069 5127 vibJ,
2112 5067 2201 5134 qui
2236 5062 2415 5118 tamen
2449 5064 2751 5119 Baithenus
2776 5062 3052 5134 fortasse,
3088 5062 3198 5118 non
3254 5062 3511 5134 Mopsueg

1941 5130 2150 5196 stenus',
2184 5135 2568 5203 intelligendus
2615 5144 2720 5188 est.
2774 5132 2910 5186 Tum
2964 5149 3093 5189 vero
3145 5136 3196 5187 in
3251 5130 3399 5186 tonio
3442 5130 3511 5187 Vl

1941 5207 2135 5270 Script.
2168 5216 2266 5259 vet.
2309 5213 2431 5270 post
2457 5206 2881 5257 commentarios
2907 5206 2960 5255 in
2996 5219 3070 5256 xit
3106 5206 3331 5255 minores
3381 5217 3509 5269 pro-

1936 5275 2143 5341 phetas,
2171 5276 2275 5327 alia
2305 5272 2674 5342 Mopsucsteni
2702 5274 2919 5341 copiosa
2947 5272 3246 5341 fragmenta
3275 5275 3511 5325 attexui-

1939 5360 2081 5406 mus,
2124 5359 2244 5411 quae
2287 5358 2471 5410 poswa
2514 5344 2666 5411 plena
2720 5360 2879 5396 manu
2923 5343 3257 5396 cumulaturi
3288 5356 3507 5411 sumus.

1936 5412 2069 5467 Item
2125 5409 2252 5465 tum.
2289 5409 2327 5474 Ι,
2370 5415 2421 5464 in
2457 5409 2546 5465 cit.
2604 5412 2755 5481 praef.
2815 5414 3053 5468 diximus
3082 5427 3244 5479 quam
3298 5409 3507 5481 frustra

1936 5482 2091 5536 multi
2122 5482 2359 5535 dixerint
2381 5481 2550 5550 (nunc
2580 5480 2758 5536 tamen
2798 5484 3055 5535 Allatium
3083 5480 3318 5551 excipio)
3354 5480 3506 5551 biop-

1937 5564 2249 5606 suesuenum
2283 5549 2574 5618 scripsisse
2604 5551 2792 5605 decem
2830 5553 3000 5603 millia
3038 5549 3319 5603 librorum.
3365 5549 3504 5615 Quis

1938 5622 2081 5692 enim
2110 5620 2222 5686 jam
2258 5622 2453 5683 nescit,
2486 5623 2780 5692 mgriadem
2817 5621 2926 5674 dici
2959 5637 2989 5673 a
3020 5618 3222 5675 Graecis
3258 5633 3357 5689 pro
3386 5621 3504 5692 plu-

1937 5690 2078 5743 rimo
2102 5702 2351 5756 numero,
2390 5697 2451 5743 ut
2482 5703 2514 5744 a
2548 5690 2759 5745 Latinis
2788 5700 3033 5745 sexcenta
3053 5692 3080 5745 t
