3920 6130
856 584 1664 734 THEODORI
1777 537 2878 712 MOPSUESTENI

1550 862 2186 928 COMMENTARIUS

557 1101 714 1213 IN
784 1093 1528 1218 DUODECIM
1610 1089 2463 1208 PROPHETAS
2546 1087 3179 1245 MINORE’S

1216 1516 1489 1606 ANG.
1587 1513 1852 1612 MAII
1918 1511 2560 1606 PRZEFATIO

673 1756 915 1820 (νε-τεῦχε
942 1753 1146 1805 editioni
1171 1753 1352 1806 Greca
1378 1753 1493 1802 anni
1522 1750 1646 1800 1832
1672 1749 1720 1802 in
1744 1747 2057 1814 Scriptorum
2079 1757 2298 1802 veterum
2319 1737 2444 1804 noua
2467 1748 2780 1812 Callet-tione,
2812 1756 2927 1802 ton.
2953 1752 3062 1816 Vi.)

315 2119 355 2175 Ι.
388 2113 672 2173 Theodori
703 2113 1066 2186 Mopsuestia
1115 2125 1354 2183 episcopi
1383 2111 1806 2167 Commentarios
1848 2112 1917 2166 ad
1946 2111 2318 2180 prophetarum
2355 2109 2498 2176 XII,
2528 2125 2668 2182 quos
2696 2109 2942 2166 minores
2961 2109 3220 2176 dicimus,
3261 2106 3510 2165 vaticinia

255 2222 368 2271 ante
390 2207 747 2279 septennium
770 2204 936 2259 edere
965 2201 1109 2272 cmpi
1130 2241 1146 2267 ,
1172 2201 1455 2273 impressis
1478 2201 1730 2257 videlicet
1749 2201 1930 2257 tribus
1953 2201 2322 2265 brevioribus,
2351 2215 2476 2255 cum
2510 2200 2750 2272 prologis
2781 2201 3015 2272 aliquot.
3041 2201 3198 2259 Nunc
3236 2204 3509 2274 integrum

258 2307 383 2360 tanti
417 2299 745 2372 interpretis
777 2313 916 2367 opus
941 2296 1213 2360 editurus,
1256 2295 1379 2352 illas
1403 2285 1631 2368 quoque
1663 2297 1899 2353 leviores
1930 2304 2116 2366 partes
2146 2296 2500 2352 associandas
2527 2298 2735 2366 putavi,
2785 2313 2855 2353 ne
2895 2296 3216 2356 Theodorus
3261 2300 3514 2357 videlicet

266 2415 356 2452 sua
386 2394 637 2449 membra
673 2390 974 2453 desideret,
1009 2403 1132 2458 qua:
1166 2389 1221 2442 in
1263 2391 1398 2443 tomi
1447 2389 1649 2461 angulo
1667 2389 1880 2458 jamdiu
1914 2387 2168 2443 distracti
2204 2387 2493 2452 collocata,
2521 2395 2578 2443 et
2605 2403 2728 2442 eum
2758 2387 2900 2444 idem
2951 2399 3130 2447 tomus
3156 2391 3513 2448 recuderetur

262 2491 477 2551 emissa,
525 2482 786 2552 nuspiam
831 2478 1201 2550 quaerentibus
1243 2479 1401 2534 hodie
1441 2487 1726 2550 apparent.
1775 2475 1892 2534 Hoc
1938 2486 2200 2548 suscepto
2236 2478 2490 2544 consilio,
2538 2477 2628 2532 illa
2665 2478 2873 2548 pariter
2910 2483 3162 2549 prommii
3205 2481 3312 2536 mei
3357 2493 3516 2552 repe-

263 2579 414 2634 tenda
453 2591 588 2646 pars
621 2574 748 2635 fuit,
782 2585 904 2641 quae
928 2569 996 2627 de
1030 2573 1134 2628 hoc
1162 2571 1436 2629 Theodori
1466 2589 1630 2644 opere
1665 2573 1930 2644 loquitur,
1973 2573 2346 2644 praetermissa
2395 2582 2576 2628 tamen
2610 2573 2680 2629 de
2716 2575 2945 2644 reliquis
2972 2576 3217 2646 ejusdem
3253 2579 3514 2646 operibus

264 2677 650 2748 disputatione.
679 2669 1001 2730 Theodorus
1037 2667 1203 2740 igitur
1224 2670 1390 2726 nobili
1417 2685 1617 2741 genere
1642 2672 1949 2727 Antiochia
1984 2681 2148 2727 natus
2173 2680 2279 2736 est,
2306 2669 2523 2728 Libanii
2547 2671 2604 2726 in
2634 2671 2976 2740 eloquentia,
3013 2671 3257 2730 Flaviani
3295 2689 3363 2730 ac
3388 2676 3516 2730 Dio.

267 2772 375 2823 tinri
413 2777 470 2824 et
512 2765 752 2824 Carterii
778 2764 834 2819 in
873 2759 1146 2831 theol0gia
1173 2759 1501 2830 discipulus,
1537 2759 1937 2832 philosophicis
1982 2775 2202 2832 quoque
2229 2761 2501 2818 doctrinis
2533 2760 2752 2816 abunde
2783 2764 3104 2830 instructus,
3133 2774 3190 2820 et
3219 2766 3293 2821 ob
3331 2769 3518 2822 mutti-

265 2860 456 2929 plit-em
515 2856 808 2914 scientiam
861 2853 1166 2924 polyhistor
1233 2852 1450 2915 dictus,
1505 2850 2070 2924 Joan.Chrysostomi
2120 2851 2534 2922 condiscipulus
2585 2867 2650 2906 ac
2703 2849 3028 2919 familiaris;
3083 2869 3191 2924 quo
3239 2853 3520 2913 hortatore

268 2955 590 3009 Theodorus
620 2949 824 3018 prioris
853 2961 883 3000 a
918 2961 976 3000 se
1000 2939 1234 2996 Διιιιιιτίειε
1263 2937 1636 2995 blandimenta
1667 2942 1910 3012 depulit;
1951 2941 2279 2996 Theodoreti
2316 2941 2550 3011 (utinam
2583 2957 2692 2997 non
2719 2949 2774 2998 et
2803 2941 3037 3000 Nestorii
3071 2959 3136 2999 ac
3174 2943 3454 3002 Barsutuai
3477 2949 3526 3015 ir

267 3054 562 3122 magister;
585 3051 890 3107 haereseon,
920 3038 1189 3111 Origenis,
1216 3035 1732 3109 Arii,lApollinaris,
1757 3037 2034 3103 Eunomii,
2061 3036 2294 3093 Persicae
2325 3037 2488 3093 etiam
2523 3037 2712 3109 magiae
2737 3045 2790 3093 et
2819 3036 3021 3096 Iuliani
3043 3038 3316 3108 Apostatz
3343 3055 3520 3110 oppu-

269 3152 491 3212 gnator;
521 3140 593 3193 ab
624 3135 999 3194 Orientalibus
1029 3134 1310 3205 sapientia:
1342 3148 1514 3200 mare,
1542 3144 1598 3189 et
1625 3132 2034 3204 Scripturarum
2059 3134 2332 3204 interpres
2365 3133 2484 3194 κατ’
2508 3133 2706 3202 ὲξθχὴν
2731 3133 2931 3198 dictus,
2965 3136 3232 3194 universa:
3263 3135 3523 3193 Ecclesiae

271 3235 454 3287 doctor
488 3228 766 3284 interdum
797 3225 1120 3297 appellatus,
1153 3237 1208 3283 et
1229 3224 1404 3296 Magni
1433 3223 1668 3294 denique
1701 3233 2064 3294 cognomento
2106 3223 2342 3281 donatus
2371 3224 2471 3295 (α).
2495 3225 2672 3294 Atque
2703 3240 2806 3295 ego
2829 3225 3014 3280 statim
3048 3225 3313 3285 confiteor
3346 3225 3524 3282 Theo-

270 3325 383 3378 dori
419 3323 630 3390 scripta
669 3318 834 3372 variis
864 3315 1146 3372 erroribus
1186 3315 1357 3370 fuisse
1396 3330 1729 3386 conspersa;
1761 3316 2018 3386 justeque
2056 3331 2180 3372 eum
2221 3317 2275 3371 in
2325 3318 2618 3382 lmreseos,
2660 3317 2707 3372 si
2749 3331 2857 3371 non
2899 3317 3233 3386 pertinacem
3281 3318 3523 3386 cuipam,

271 3431 415 3480 certe
449 3420 753 3478 errantiam
787 3427 1040 3474 vocatum
1067 3455 1083 3479 ,
1129 3421 1239 3471 tum
1269 3413 1399 3484 quia
1439 3415 1496 3472 id
1542 3416 1660 3484 ipse
1691 3419 1884 3469 auctor
1919 3415 2194 3472 interdum
2223 3415 2520 3473 confessus
2560 3413 2759 3484 est(b);
2801 3419 2916 3468 tum
2945 3412 3073 3482 quia
3102 3413 3356 3482 graviora
3399 3422 3528 3468 sunt

273 3530 431 3584 quam
469 3522 523 3566 ut
555 3511 761 3567 elevari
799 3510 1014 3580 possint
1053 3509 1358 3565 testimonia
1388 3509 1441 3564 in
1473 3524 1596 3564 eum
1623 3510 1770 3564 dicta
1809 3525 1838 3563 a
1873 3509 1932 3566 S.
1961 3511 2166 3581 Cyrillo
2199 3512 2256 3566 in
2288 3510 2530 3579 Epistola
2564 3509 2633 3564 ad
2675 3507 2944 3567 Proetum,
2993 3521 3024 3559 a
3061 3506 3290 3562 Leontio
3327 3507 3528 3564 Contra

279 3604 423 3659 Nest.
461 3605 561 3657 lib.
590 3617 672 3666 ιιι,
705 3616 736 3654 a
765 3600 1002 3655 Maximo
1029 3597 1083 3652 in
1111 3598 1390 3670 opusculis
1417 3613 1471 3668 p.
1509 3598 1600 3662 9i,
1639 3614 1668 3651 a
1695 3597 2009 3656 Justiniano
2033 3601 2088 3654 in
2125 3616 2282 3657 sacra
2316 3603 2546 3671 epistola
2589 3609 2644 3656 et
2675 3601 2731 3654 in
2775 3598 2866 3654 illa
2892 3597 3185 3668 prolixiore
3223 3613 3385 3668 quam
3417 3602 3529 3668 pri-

276 3714 389 3752 mus
418 3693 728 3750 Bandinius
757 3693 962 3760 edidit;
1003 3708 1034 3747 a
1063 3691 1350 3750 Theodoro
1381 3693 1747 3751 Raitbunensi
1784 3695 1840 3749 in
1870 3696 2140 3766 opusculo
2183 3696 2257 3750 De
2289 3697 2520 3760 ἰηιαηι..
2552 3711 2583 3752 a
2617 3695 2789 3752 Mario
2821 3691 3122 3748 Mercatore
3162 3693 3216 3748 in
3257 3697 3430 3762 Actis,
3457 3700 3530 3750 ab

276 3786 585 3842 llamartolo
613 3783 669 3839 in
687 3781 962 3838 Chronico
1002 3784 1229 3846 inetlito,
1265 3801 1296 3838 a
1331 3782 1527 3839 Photio
1564 3783 1618 3838 in
1650 3783 1981 3842 Bibliotheca
2007 3794 2060 3839 et
2088 3785 2146 3840 in
2170 3785 2439 3854 epistolis,
2466 3792 2520 3838 et
2553 3799 2586 3838 a
2629 3787 2865 3854 generali
2889 3788 3079 3858 quinto
3123 3768 3360 3846 concilio
3400 3792 3530 3848 totis

278 3879 585 3936 actionibus
617 3884 818 3949 quarta
843 3887 897 3932 et
917 3877 1129 3946 quinta,
1170 3886 1225 3931 et
1252 3891 1460 3933 canone
1489 3876 1836 3942 duodecimo,
1873 3893 2088 3932 necnon
2125 3879 2177 3932 in
2210 3877 2532 3948 pontificum
2567 3876 2929 3934 maximorum
2954 3881 3136 3949 magni
3161 3879 3406 3951 Gregorii
3433 3883 3527 3951 (ε),

280 3976 330 4022 et
354 3967 668 4037 praesertim
704 3965 911 4034 Pelagii
938 3963 1084 4034 11(d)
1121 3964 1405 4034 epistolis:
1434 3979 1535 4018 nec
1575 3962 1832 4035 Vigilium
1863 3974 2147 4036 praetereo,
2189 3966 2306 4037 qui,
2339 3965 2439 4022 etsi
2483 3965 2756 4036 principio
2795 3967 3060 4025 damnare
3086 3968 3528 4040 Mopsuestennm

286 4064 472 4128 noluit,
501 4077 574 4116 ne
609 4062 882 4132 plurimos
907 4060 1199 4130 episcopos
1241 4059 1371 4114 huic
1400 4057 1649 4115 faventes
1681 4059 1900 4130 gravius
1927 4059 2246 4130 offenderet,
2287 4059 2486 4116 deinde
2529 4067 2732 4124 tamen,
2769 4060 2835 4115 ad
2860 4061 3066 4132 scripta
3091 4071 3242 4120 certe
3267 4063 3412 4133 quod
3445 4073 3530 4117 at-

288 4155 435 4218 tinet,
471 4155 756 4210 damnanti
783 4155 996 4226 synodo
1033 4167 1291 4208 assensus
1321 4160 1427 4218 est,
1455 4162 1616 4223 atque
1653 4169 1870 4208 errores
1895 4154 2140 4225 singulos
2169 4154 2401 4210 mirabili
2427 4156 2730 4212 constituto
2770 4159 3040 4228 coarguit.
3069 4158 3228 4214 Mitto
3260 4160 3398 4215 alios
3431 4161 3533 4214 mi-

289 4249 432 4302 noris
460 4249 786 4319 plerumque
817 4247 1056 4302 nominis
1094 4256 1480 4316 accusatores;
1511 4249 1669 4303 mitto
1697 4248 1995 4307 bodiernos
2028 4262 2454 4321 oppugnatores,
2485 4267 2623 4321 quos
2663 4253 2804 4308 inter
2828 4252 3105 4312 Norisium
3153 4257 3210 4312 in
3237 4256 3532 4327 Pelagiana

288 4347 540 4409 historia;
581 4348 841 4418 quamvis
866 4354 921 4402 et
951 4346 1109 4399 multi
1139 4346 1459 4404 defensores
1487 4355 1638 4413 sunt,
1669 4348 1976 4418 praesrtim
2010 4349 2284 4404 liberioris
2332 4352 2617 4407 sententiae
2647 4350 2917 4406 homines.
2963 4348 3072 4404 Sed
3114 4348 3246 4404 mihi
3279 4347 3533 4418 equidem

290 4453 474 4507 parum
507 4440 687 4507 placet
709 4440 929 4494 illorum
963 4438 1294 4508 institutum,
1325 4443 1417 4513 qui
1443 4444 1723 4499 hominum
1753 4459 1783 4498 a
1805 4451 1989 4504 vetere
2011 4441 2255 4499 Ecclesia
2281 4443 2684 4507 damnatorum,
2713 4444 3008 4498 neotericis
3029 4441 3320 4496 conatibus
3343 4440 3533 4494 ortho~

291 4533 503 4588 doxiam
534 4535 589 4595 vi
618 4535 944 4597 obtrttdunt.
971 4536 1294 4610 Quanquam
1319 4548 1373 4595 et
1392 4540 1468 4610 pii
1495 4540 1768 4596 interdum
1798 4539 2037 4608 theologi
2067 4538 2120 4591 id
2165 4539 2457 4592 consilium
2500 4539 2676 4592 secuti
2719 4541 2869 4596 sunt,
2906 4535 2980 4587 ita
3017 4539 3076 4586 ut
3121 4546 3208 4585 ex.
3239 4545 3320 4601 gr.
3347 4531 3536 4600 Orige-

291 4643 408 4687 ncm
457 4629 786 4695 llalloisius,
817 4633 1072 4691 Stavolus
1104 4636 1281 4691 adhuc
1320 4635 1560 4693 ineditus
1598 4636 1991 4692 Caesariensem
2021 4634 2316 4692 Eusebium
2361 4635 2600 4704 copiosis
2634 4632 2855 4704 scriptis
2889 4629 3248 4686 defenderint.
3284 4627 3430 4684 Sane
3467 4630 3535 4682 ad

292 4715 657 4788 Hopsuesteni
687 4722 912 4775 tutelam
945 4723 1214 4781 Occidens
1239 4741 1406 4797 prope
1437 4727 1728 4782 universus
1762 4741 1884 4781 cum
1910 4726 2094 4780 Africa
2122 4726 2250 4780 olim
2277 4725 2716 4796 conspiraverat:
2757 4737 2926 4795 quare
2945 4719 3536 4776 ettristissimutnillud

291 4808 525 4862 schisma
553 4810 764 4863 exarsit
795 4809 1143 4881 Aquileiense
1171 4815 1553 4885 episcOporum
1586 4815 1871 4870 Theodoro
1911 4815 2394 4884 patrocinantium,
2427 4814 2572 4885 quod
2607 4813 2839 4869 Romani
2872 4812 3156 4884 pontifices
3195 4810 3286 4863 vix
3317 4811 3537 4872 tandem

290 4904 584 4974 aliquando
619 4914 746 4976 post
784 4921 889 4961 CLX
917 4919 1092 4961 annos
1133 4906 1618 4973 exstinxerunt(e).
1661 4901 1801 4958 Tum
1829 4911 2048 4959 exstant
2077 4901 2322 4959 Facundi
2355 4903 2768 4960 Hermianensis
2803 4904 2856 4959 in
2894 4901 3079 4957 Africa
3107 4899 3345 4970 episcopi
3382 4901 3540 4964 volu—

293 4995 434 5047 mina
461 4995 784 5059 duodecim,
817 5005 872 5052 et
894 4996 998 5050 alia
1033 4993 1143 5048 duo
1169 4996 1420 5065 ejusdem
1445 4997 1650 5064 scripta
1677 5013 1691 5060 ;
1727 5004 1782 5049 et
1805 5003 2066 5064 praeterea
2094 4995 2377 5065 complura
2405 5003 2648 5050 veterum
2679 4996 2990 5050 testimonia
3022 4998 3149 5046 sunt
3183 4989 3538 5055 (Theodoreti

292 5080 504 5154 ibatque
528 5088 708 5156 puta),
735 5101 859 5157 qua
881 5087 1171 5145 Theodoro
1195 5092 1410 5147 laudem
1449 5091 1758 5145 offundunt.
1797 5089 1903 5143 Sed
1938 5099 2088 5145 certe
2122 5092 2186 5144 ad
2217 5092 2441 5145 Latinos
2472 5091 2783 5145 laudatores
2821 5089 2963 5160 quod
2999 5088 3209 5146 attinet,
3241 5084 3542 5137 audiendus

291 5175 541 5247 Pelagius
587 5177 627 5230 li
658 5193 795 5248 papa
839 5180 895 5233 in
924 5179 1300 5236 disertissimis
1339 5183 1407 5235 ad
1455 5181 1629 5234 Etiam
1679 5181 2041 5248 patriai-citam
2090 5180 2486 5234 schismaticum
2521 5190 2574 5235 et
2607 5181 2674 5232 ad
2709 5179 2887 5233 Istria:
2911 5178 3175 5244 episcopos
3214 5175 3403 5229 litteris
3421 5173 3467 5242 (ί
3492 5172 3546 5238 )ε

361 5357 440 5420 (α)
479 5353 696 5408 Socrat.
733 5372 795 5426 ιιΞ
833 5355 903 5420 5;
940 5354 1163 5426 Srozom.
1193 5371 1310 5426 vi",
1361 5356 1430 5420 2;
1488 5355 1678 5422 Evagr.
1724 5371 1761 5417 l,
1795 5355 1867 5422 2;
1968 5357 2137 5410 berat.
2174 5356 2404 5410 Breviar.
2440 5371 2557 5426 cap.
2585 5357 2634 5409 4.

292 5418 528 5477 Ριειιιιηι.
561 5440 619 5488 ιι,
648 5425 718 5489 2;
760 5418 1011 5480 Gennad.
1053 5440 1165 5490 su;
1199 5418 1523 5479 Theodorei.
1565 5418 1707 5479 Hist.
1741 5430 1840 5478 em

1349 5418 1523 5478 dolret.
1565 5418 1707 5479 Hist.
1741 5418 1866 5478 ccci;
2044 5428 2112 5492 (ε)
2158 5426 2250 5492 Ep.
2285 5443 2320 5478 ι.
2353 5427 2443 5484 Ἦ,
2473 5418 2532 5485 ι·’,
2565 5427 2652 5484 5|,
2687 5439 2783 5486 vn,
2814 5423 2897 5475 51.

293 5507 340 5562 tr,
376 5497 484 5560 id;
530 5493 718 5547 Lcont.
767 5507 958 5548 contra
989 5494 1142 5548 Ναί.
1177 5511 1258 5557 ιιι,
1300 5503 1354 5550 et
1395 5497 1468 5547 De
1501 5506 1623 5547 sed.
1661 5504 1765 5549 act.
1799 5497 1872 5559 4;
2047 5491 2124 5561 (r1)
2170 5491 2211 5546 li
2236 5496 2310 5547 2rd
2374 5493 2567 5548 Conril.
2604 5503 2732 5545 tom.
2775 5493 2861 5556 lll,
2892 5511 2941 5562 ιι.
2973 5491 3099 5548 450.

297 5561 490 5632 fuco-ph
555 5581 672 5626 xm,
698 5565 788 5621 30.
1697 5630 1704 5632 Α
2053 5575 2118 5632 (et
2163 5565 2402 5616 Monum.
2434 5564 2608 5632 Aquit.
2643 5563 2752 5615 ind.
2778 5561 2969 5616 ultro".

357 5629 435 5703 (ὁ)
467 5635 624 5705 Apud
666 5633 914 5705 Facuml.
951 5648 1034 5686 ιιι.
1077 5632 1138 5705 Αϐ,
1185 5649 1237 5686 x.
1285 5634 1350 5698 5;
1392 5632 1636 5705 llrsych.
1665 5630 1876 5705 fragm.

1547 5632 1636 5705 ch.
1665 5630 1876 5705 fragm.
2179 5634 2343 5688 llartl.
2381 5629 2738 5688 Concil.10m.
2769 5633 2854 5694 lll,
2890 5650 2938 5704 [ι.
2973 5629 3092 5690 450.

294 5699 418 5756 hist;
451 5699 728 5760 iit—conc“.
765 5704 828 5768 ι’,
867 5705 957 5759 εδ.
991 5703 1164 5756 uolet.
1213 5713 1343 5756 tom.
1389 5702 1480 5769 1X,
1514 5699 1574 5774 'p.
1613 5703 1750 5770 218;
1795 5703 1851 5754 Li
1882 5770 1885 5776 ι

618 5797 896 5860 Parnon.
951 5795 1055 5853 Gn
1131 5793 1343 5858 LXVI.
