3920 6130
396 301 493 358 im
1635 298 1794 355 suo.
1840 300 1979 355 usu
2023 299 2416 355 PItAJFATlO.
3555 313 3652 372 ws

394 421 573 476 Latini
597 420 829 474 homines
866 416 1162 473 Gravitatis
1196 418 1387 487 ignari,
1423 415 1548 469 dum
1579 417 1814 486 linguam
1855 416 2119 480 nesciunt,
2175 434 2405 473 errorem
2467 416 2614 468 tarde
2652 425 3029 486 (ignoverunt;
3081 434 3303 487 quorum
3337 423 3658 489 constantia,

393 533 658 585 quousque
679 531 855 569 verum
893 521 1280 584 cognoscerent,
1313 529 1344 565 a
1375 510 1658 564 certamine
1689 527 1790 564 non
1828 511 2041 579 quievit.
2072 511 2250 565 Causa
2285 513 2364 566 rei
2412 519 2574 565 tanta:
2609 508 2728 572 fuit,
2760 509 2902 579 quod
2931 511 3170 581 episcopi
3204 513 3277 566 illi
3309 519 3580 583 praeconia
3609 530 3666 574 et

396 610 595 677 scripta
636 606 984 661 Theodouiin
1025 606 1480 673 Chalcedonensi,
1523 615 1581 660 ut
1628 604 1766 660 falso
1799 605 2088 675 putabant,
2132 605 2368 662 concilio
2407 616 2666 676 prouata,
2715 603 2769 658 in
2810 603 3422 676 Constantinopolitano
3463 611 3663 666 deinde

397 701 654 757 damnata
690 716 832 770 mgre
860 699 1127 754 ferebant.
2376 695 2378 698 ’

466 842 530 897 Il.
555 841 1005 896 Commentarium
1044 845 1112 898 ad
1153 843 1272 898 XII
1311 847 1592 914 prophetas
1635 844 1889 910 minores,
1923 860 2086 914 quem
2113 859 2261 900 nunc
2289 845 2455 902 edere
2480 845 2788 917 aggredior,
2822 846 2876 900 in
2907 845 3124 900 duobus
3152 841 3354 900 oiIendi
3379 843 3661 901 Vaticana

398 935 742 993 bibliotheca:
765 935 1067 1000 codicibus,
1100 936 1272 991 altero
1298 937 1390 1006 qui
1421 936 1523 991 fuit
1560 936 1690 992 olim
1720 935 2010 1006 cujusdam
2049 935 2313 1007 dignitate
2339 937 2858 1008 πρωτοασηκρήτις,
2890 936 3088 991 deinde
3119 951 3246 990 vero
3291 934 3521 991 Joannis
3549 952 3673 992 car-

397 1029 596 1085 dinalis
643 1027 941 1085 Florentini
993 1029 1259 1098 Salviati;
1302 1039 1493 1103 postea
1542 1032 1598 1086 in
1656 1030 2028 1086 Romanorum
2085 1031 2537 1088 Columncnsium
2586 1033 2970 1088 bibliothecam
3012 1033 3274 1095 transiit;
3317 1032 3554 1102 denique
3602 1033 3671 1086 ad

399 1127 618 1182 codices
643 1124 940 1181 Vaticanus
980 1134 1107 1182 autc
1134 1127 1487 1192 decennium,
1522 1141 1612 1182 me
1640 1126 1928 1198 praefecto,
1963 1127 2223 1184 accessit.
2257 1127 2306 1184 Is
2334 1135 2420 1185 est
2453 1128 2623 1184 codex
2668 1127 3050 1184 membr-ancus
3084 1133 3453 1195 pervetuslus,
3483 1126 3671 1181 saeculi

399 1224 622 1279 circiter
651 1220 945 1286 undecimi,
965 1219 1352 1290 integerrimus
1382 1227 1435 1275 et
1462 1222 1973 1278 emendatissimus.
1996 1221 2148 1277 Alter
2175 1222 2346 1278 codex
2377 1221 2446 1277 ad
2477 1217 2787 1276 Vaticanam
2823 1217 3200 1274 collectionem
3225 1216 3337 1287 jam
3372 1218 3462 1274 diu
3498 1219 3673 1288 perti-

404 1329 562 1378 nens,
601 1315 930 1368 chartaceus
963 1319 1018 1366 et
1057 1324 1270 1376 recens,
1303 1310 1813 1381 commentarioque
1835 1311 1902 1365 ad
1933 1310 2254 1365 Zachariam
2295 1324 2514 1373 carens,
2547 1299 2706 1376 cujus
2745 1308 2823 1362 rei
2859 1322 2967 1362 non
2999 1308 3216 1363 dubiam
3254 1323 3476 1364 causam
3507 1309 3674 1379 paulo

401 1414 525 1478 post
558 1403 822 1460 recitabo.
867 1401 986 1456 Jam
1017 1401 1106 1455 hic
1153 1415 1345 1456 recens
1374 1399 1511 1454 adeo
1544 1402 1862 1456 vetustioris
1889 1401 2036 1456 illius
2070 1401 2357 1456 lectionem
2408 1399 2677 1469 sequitur,
2712 1406 2772 1452 ut
2816 1413 2879 1452 ex
2919 1397 3109 1455 eodem
3144 1399 3478 1468 exscriptum
3513 1399 3675 1452 valde

401 1504 654 1558 arbitrer.
697 1499 808 1570 Ego
838 1506 986 1553 certe
1034 1495 1240 1550 nullam
1276 1495 1601 1551 recentioris
1635 1495 1905 1550 rationem
1938 1496 2129 1558 habui,
2175 1495 2270 1550 sed
2327 1501 2624 1563 praestante
2656 1493 2882 1560 antiquo
2909 1503 3125 1559 semper
3175 1505 3296 1543 sum
3333 1505 3488 1544 usus.
3522 1488 3673 1544 Satis

403 1595 590 1662 itaque
622 1589 752 1644 tnihi
789 1587 857 1641 ad
890 1587 1192 1642 curandam
1225 1586 1521 1642 editionem
1552 1587 1608 1642 in
1632 1585 1919 1642 Pontiﬁcia
1949 1587 2280 1643 bibliotheca
2309 1586 2540 1642 subsidii
2574 1585 2719 1652 fuit;
2753 1585 2846 1640 sed
2876 1585 3004 1654 quia
3034 1593 3214 1638 tamen
3244 1599 3342 1654 par
3374 1584 3674 1639 thesaurus

401 1685 528 1738 alibi
563 1695 780 1752 quoque
818 1688 1018 1743 exstat,
1054 1694 1164 1732 non
1213 1679 1489 1749 gravabor
1523 1679 1779 1732 notitiam
1837 1688 2150 1734 exterorum
2199 1679 2476 1744 codicum,
2513 1693 2637 1747 qum
2671 1677 2803 1730 mihi
2841 1675 3120 1746 indaganti
3157 1678 3422 1740 occurrit,
3478 1679 3675 1746 paucis

403 1795 699 1852 exponere.
738 1777 796 1832 In
824 1776 1020 1846 primis
1074 1774 1308 1830 Caesaris
1352 1754 1684 1830 bibliotheca
1724 1775 2168 1832 Vindobonensis
2197 1775 2339 1832 duos
2373 1775 2537 1830 habet
2585 1773 2859 1829 Theodori
2887 1772 2943 1826 in
2976 1788 3053 1829 xu
3089 1771 3371 1842 prophetas
3420 1774 3672 1835 codices,

403 1889 638 1945 quorum
681 1872 912 1926 alterum
950 1867 1056 1924 sub
1086 1883 1318 1922 numero
1349 1867 1558 1923 CLXIII
1592 1869 1888 1939 descripsit
1919 1869 2246 1926 Lambecius
2293 1871 2410 1941 (a);
2450 1870 2516 1926 de
2545 1871 2719 1924 altero
2756 1869 2885 1924 huic
2908 1867 3067 1938 plane
3097 1865 3262 1922 simili
3298 1865 3508 1935 prolixe
3537 1864 3676 1918 For-

403 1968 540 2024 losia
576 1965 689 2037 (qui
712 1965 780 2018 de
821 1961 1060 2018 editione
1100 1974 1318 2030 quoque
1365 1961 1650 2030 cogitavit)
1697 1961 1941 2032 loquitur
1969 1960 2112 2031 apud
2145 1961 2450 2016 Kollarium
2483 1961 2538 2014 in
2575 1957 2970 2031 supplementis
2999 1972 3052 2027 p.
3092 1956 3215 2010 167.
3239 1981 3242 1986 -
3268 1957 3444 2025 Atque
3474 1955 3527 2007 hi
3561 1956 3678 2010 duo

405 2061 865 2116 Vindoboncnses
895 2054 1172 2111 chartacei
1205 2062 1355 2119 sunt,
1386 2069 1485 2108 nec
1516 2055 1728 2124 antiqui
1756 2073 1770 2109 :
1809 2056 1942 2124 quin
1972 2055 2109 2110 adeo
2144 2057 2418 2112 secundus
2448 2055 2661 2110 delatus
2699 2071 2767 2110 ex
2807 2052 2964 2106 Italia
3001 2048 3103 2102 fuit
3131 2047 3201 2101 ab
3233 2046 3496 2116 Apostolo
3523 2045 3676 2100 Zeno

408 2153 793 2209 Vindobonatu
819 2168 832 2204 :
865 2149 999 2205 satis
1033 2156 1216 2203 autem
1247 2157 1474 2221 apparet
1513 2148 1888 2220 apographum
1927 2163 2051 2204 esse
2079 2149 2283 2204 veteris
2310 2149 2519 2204 codicis
2549 2147 2960 2209 Columnensis,
3005 2155 3152 2198 nunc
3182 2139 3468 2202 Vaticani;
3497 2155 3677 2209 quan-

405 2243 702 2314 doquidem
746 2239 856 2294 tria
902 2240 997 2292 illa
1046 2240 1256 2295 scholia
1291 2254 1321 2294 a
1350 2239 1592 2295 Kollario
1644 2239 1812 2304 edita,
1869 2239 2152 2311 quibusin
2187 2240 2470 2296 Zacharite
2508 2241 2784 2312 propheta:
2831 2239 3078 2312 margine
3112 2239 3401 2309 theolOgus
3446 2235 3678 2291 Graecus

416 2336 604 2391 nescio
638 2333 763 2403 quis
797 2337 1029 2401 castigat
1051 2331 1317 2402 quasdam
1345 2330 1616 2387 Theodori
1653 2331 1829 2386 nostri
1861 2333 2185 2398 sententias,
2213 2347 2298 2399 ea,
2331 2320 2578 2402 inquam,
2605 2331 2810 2386 scholia
2844 2331 2899 2386 in
2924 2333 3263 2404 marginibus
3287 2329 3679 2385 Columnensis

407 2435 618 2490 codicis
655 2440 898 2494 exstant,
934 2439 1100 2499 atquc
1131 2429 1197 2485 ad
1227 2430 1467 2486 litteram
1499 2446 1623 2486 cum
1669 2431 1780 2486 illis
1821 2430 1986 2487 editis
2031 2440 2359 2501 congruunt.
2397 2429 2515 2484 Jam
2568 2430 2696 2500 quia
2745 2425 3173 2484 commentarius
3217 2422 3580 2506 Mopsuesteui
3620 2420 3680 2474 in

413 2523 734 2578 Zachariam
768 2516 1141 2574 criminationi
1184 2519 1349 2574 alicui
1379 2527 1571 2590 patere
1592 2520 1748 2574 visus
1778 2527 1883 2584 est,
1913 2518 2123 2574 idcirco
2143 2519 2300 2573 illum
2329 2517 2578 2574 Vaticani
2607 2518 2930 2574 recentioris
2953 2515 3159 2572 codicis
3189 2515 3424 2585 scriptor
3446 2521 3678 2581 przeler-

411 2622 602 2676 misit:
633 2618 776 2689 quod
819 2632 920 2688 ego
965 2614 1254 2671 consilium
1289 2615 1516 2672 minime
1543 2614 1757 2686 probo;
1787 2629 1965 2684 neque
1993 2615 2136 2670 enim
2167 2614 2508 2685 periclitatur
2543 2614 2802 2670 Ecclesiae
2843 2620 3041 2678 status,
3091 2607 3268 2665 sicubi
3303 2606 3444 2659 forte
3487 2603 3680 2673 Mops-

411 2722 676 2770 ucstenus
732 2711 960 2766 audacia
1016 2709 1102 2764 vel
1157 2705 1397 2761 novitate
1460 2703 1859 2776 interpretandi
1917 2704 2081 2773 paqu
2127 2703 2354 2760 liberius
2402 2715 2651 2777 vagatur.
2702 2703 2940 2770 Quintus
2990 2699 3159 2756 codex
3218 2695 3456 2750 Venetus
3507 2707 3594 2749 est
3647 2709 3684 2747 a

409 2807 818 2863 llontl'auconio
839 2804 918 2875 (ὓ)
947 2804 1002 2857 in
1032 2802 1419 2858 Grimauorum
1445 2797 1780 2854 bibliotheca
1807 2799 2152 2854 observatos.
2186 2797 2386 2856 Sextus
2415 2814 2570 2870 teque
2607 2798 2850 2855 Venetus
2895 2803 3003 2860 est,
3031 2807 3192 2863 quem
3228 2789 3366 2843 idem
3401 2787 3682 2841 Moutlatt-

411 2903 606 2957 conius
620 2901 696 2970 (ε)
727 2897 867 2969 apud
901 2886 1176 2950 Meietium
1211 2893 1515 2966 Typaldum
1539 2893 1696 2949 vidit.
1721 2891 2000 2964 Septimus
2039 2892 2212 2948 codex
2259 2893 2400 2964 apud
2431 2892 2776 2949 Gerasimum
2818 2889 3080 2946 Blachum
3107 2886 3160 2939 in
3192 2882 3364 2939 Gallia
3390 2881 3510 2949 fuit,
3539 2889 3687 2936 teste

349 3001 363 3014 '
409 2990 739 3048 Combeiisio
776 2987 878 3054 (tl).
907 2986 1086 3056 Atque
1107 2983 1260 3038 hunc
1285 2983 1530 3039 codicem
1572 2982 1810 3053 inspexit
1855 2981 2039 3045 etiam,
2071 2987 2132 3033 ut
2182 2987 2335 3050 puto,
2368 2979 2681 3052 Stephanus
2721 2981 2788 3034 ab
2815 2982 3082 3038 Altimura
3113 2979 3457 3052 (chuiuius)
3485 2977 3578 3048 qui
3624 2980 3685 3034 in

413 3084 678 3152 Panoptia
707 3098 761 3152 p.
785 3082 911 3144 455,
945 3079 1023 3133 ait
1057 3095 1120 3136 se
1163 3079 1363 3152 legisse
1409 3077 1780 3148 Mopsuesteni
1833 3075 2258 3130 Commentarios
2288 3075 2342 3128 in
2378 3090 2455 3128 xu
2500 3069 2798 3144 prophetas.
2832 3074 3023 3132 Octavi
3051 3075 3259 3131 codicis
3291 3075 3537 3129 notitiam
3569 3075 3687 3143 pri-

412 3190 560 3241 mus,
589 3183 650 3228 ut
675 3171 935 3236 arbitror,
968 3167 1212 3240 prodidit
1239 3169 1580 3226 Possevinus
1605 3167 1697 3238 (e),
1721 3167 1816 3240 qui
1839 3173 2058 3222 exstare
2089 3180 2214 3220 eum
2245 3163 2385 3218 dixit
2417 3165 2604 3245 Romae
2642 3167 2698 3220 in
2729 3166 3060 3221 bibliotheca
3085 3165 3456 3221 Vallicclliana
3478 3182 3492 3232 ;
3515 3180 3686 3235 quem
3731 3157 3738 3161 ’

411 3281 513 3338 ego
533 3266 776 3321 codicem
810 3275 936 3317 cum
983 3261 1356 3326 observarem,
1391 3259 1725 3330 deprehendi
1772 3275 1896 3316 csse
1948 3269 2112 3316 tenue
2162 3260 2636 3332 interpretationis
2682 3263 2736 3316 in
2792 3262 2984 3319 Oseant
3034 3263 3428 3334 fragmentum,
3461 3262 3686 3330 paginis

411 3355 702 3413 duodecim
739 3359 1027 3417 constans,
1059 3365 1238 3420 usque
1263 3354 1332 3406 ad
1369 3351 1600 3407 secundi
1631 3353 1830 3422 capitis
1858 3353 2199 3408 versiculum
2229 3354 2454 3408 tertium
2484 3354 2782 3409 decimum.
2816 3354 2992 3412 Huius
3021 3351 3187 3424 porro
3213 3355 3459 3427 praeclari
3493 3356 3688 3424 operis

411 3448 633 3502 codices
659 3445 753 3515 qui
785 3457 952 3500 manu
987 3442 1202 3498 diutius
1228 3442 1592 3505 versaverint,
1623 3449 1736 3498 tres
1762 3442 1959 3497 saltem
1991 3443 2268 3514 comperio
2299 3444 2446 3500 viros
2473 3461 2487 3510 ;
2535 3461 2769 3515 quorum
2803 3448 3013 3517 primus
3044 3455 3128 3502 est
3159 3445 3488 3502 Franciscus
3535 3445 3686 3500 Tur-

409 3545 601 3597 rianus
623 3538 712 3608 (ι’),
745 3552 775 3591 a
805 3551 922 3608 quo
959 3534 1148 3590 Boium
1172 3532 1402 3605 degente
1441 3535 1764 3592 Vaticanum
1812 3539 1992 3607 ipsum
2026 3538 2272 3594 codicem
2309 3538 2510 3594 lectum
2543 3542 2800 3611 augurari
2834 3543 2978 3598 licet.
3008 3541 3300 3597 Secundus
3339 3550 3421 3596 est
3453 3539 3685 3595 Sanitth

414 3633 701 3694 Tenuiius,
738 3631 832 3700 qui
871 3627 928 3683 in
957 3629 1160 3685 litteris
1197 3630 1269 3686 ad
1301 3630 1426 3687 Nic.
1464 3631 1744 3687 Hcinsismt
1780 3635 1854 3704 (g)
1887 3635 1964 3689 ait
2003 3649 2062 3690 se
2095 3635 2150 3690 in
2194 3634 2348 3690 Latio
2391 3635 2753 3706 descripsisse
2789 3640 2893 3694 sibi
2936 3635 3209 3693 Theodori
3255 3639 3581 3692 Antiocheni
3627 3639 3689 3692 in

413 3728 610 3782 Oscam
646 3723 991 3794 fragmenta;
1034 3738 1158 3795 quas
1190 3726 1396 3784 locutio
1426 3729 1548 3799 ejus
1585 3729 1725 3785 facit
1773 3739 1833 3784 ut
1885 3732 2194 3787 existimem
2246 3732 2392 3802 loqui
2448 3732 2738 3787 'I‘euulium
2785 3733 2852 3788 de
2887 3732 3078 3789 codice
3127 3731 3529 3796 Vallicelliano,
3585 3736 3688 3802 qui

411 3833 608 3890 reapse
637 3817 774 3872 nihil
806 3817 988 3883 habet,
1020 3825 1082 3872 ut
1107 3818 1371 3886 diximus,
1401 3829 1602 3891 praeter
1629 3821 1792 3878 breve
1818 3823 1872 3876 in
1899 3820 2091 3879 Oscam
2121 3821 2511 3893 fragmentum.
2537 3821 2757 3879 Tertius
2785 3833 2871 3880 est
2904 3825 3196 3880 Anselmus
3223 3823 3553 3888 Bandurius,
3585 3829 3691 3895 qui

417 3913 474 3966 in
494 3918 792 3980 conspectu
817 3925 1047 3981 operum
1074 3910 1367 3982 Nicephori
1397 3928 1563 3982 quem
1587 3911 1874 3969 Fabricius
1919 3914 2165 3985 vulgavit
2201 3911 2301 3982 (Ii),
2337 3913 2413 3966 ait
2447 3929 2498 3974 ιι.
2531 3913 2660 3971 626,
2692 3930 2751 3970 sc
2776 3915 2918 3970 inter
2955 3926 3152 3972 caetera
3195 3917 3466 3972 editurum
3501 3916 3687 3973 Theo-

411 4004 534 4058 dori
562 4017 783 4074 altoque
812 4001 1180 4073 Mopsuesteni
1208 4005 1264 4059 in
1287 4006 1567 4074 prophetas
1609 4022 1690 4060 xu
1723 4008 2184 4061 commentarium.
2213 4004 2334 4060 3am
2377 4007 2506 4076 quia
2535 4007 2842 4066 Bandurius
2878 4026 2940 4067 se
2973 4011 3026 4066 id
3063 4012 3328 4069 beneficio
3357 4015 3538 4070 Cosmi
3582 4015 3687 4081 Ill,

413 4095 572 4150 ducis
597 4095 850 4158 Etruriae,
881 4094 1043 4163 cujus
1075 4092 1192 4162 ipse
1232 4095 1625 4151 bibliothecam
1660 4096 1904 4166 regebat,
1942 4095 2218 4151 facturum
2249 4096 2545 4169 spopondit
2575 4099 2914 4172 (quanquam
2952 4101 3111 4159 Iidem
3160 4116 3338 4176 neque
3369 4104 3689 4162 Bandin-ius

417 4191 703 4247 Florentiae
748 4205 928 4260 neque
968 4188 1216 4244 Forlosia
1245 4185 1585 4244 Vindobonm
1616 4186 2271 4259 liberaverunt),putabat
2289 4187 2576 4247 Fabricius
2602 4191 2662 4263 (ί)
2701 4196 2948 4252 codicem
2997 4190 3118 4266 ejhs
3153 4202 3336 4272 operis
3390 4201 3443 4254 in
3479 4202 3687 4256 biblio-

417 4285 576 4341 theca
599 4284 842 4340 Medicae
867 4291 1106 4339 exstare.
1137 4281 1292 4337 Nunc
1319 4291 1500 4338 autem
1543 4282 1814 4353 ejusmodi
1848 4284 2095 4339 codicem
2124 4281 2672 4358 Bandurioignotum
2708 4291 2986 4353 videmus;
3020 4306 3084 4342 ex
3115 4305 3222 4359 quo
3254 4291 3502 4359 sequitur
3530 4299 3587 4343 ut
3623 4295 3688 4346 in

417 4380 661 4438 Iedicea
711 4375 1043 4436 bibliotheca
1075 4393 1186 4434 non
1217 4372 1402 4430 merit.
1449 4371 1661 4429 Revera
1710 4374 2017 4432 Bsndurius
2050 4375 2128 4430 nil
2159 4375 2306 4431 aliud
2342 4377 2417 4431 ait
2448 4378 2556 4432 nisi
2601 4394 2660 4433 se
2708 4381 2758 4435 id
2796 4397 2934 4451 opus
2987 4395 3019 4435 e
3065 4379 3414 4434 bibliothecis
3444 4381 3685 4444 eruisse,

413 4489 553 4546 quas
579 4475 728 4529 inter
752 4473 914 4544 paulo
940 4480 1065 4528 ante
1098 4469 1414 4524 Vaticanam
1457 4473 2016 4523 commemorarent:
2053 4473 2109 4522 et
2131 4467 2356 4536 quidem
2389 4467 2438 4522 si
2472 4467 2541 4523 de
2569 4485 2670 4524 sua
2701 4469 2938 4527 Medicea
2966 4471 3306 4540 loqueretur,
3341 4470 3690 4541 Μορδιιοειιξο

418 4581 547 4621 nutu
584 4564 726 4636 apud
753 4578 814 4620 se
848 4563 1045 4619 habere
1071 4563 1321 4619 dixisset.
1365 4559 1503 4614 Tum
1547 4573 1678 4613 vero
1721 4566 1779 4613 et
1825 4555 1920 4614 ille
1944 4559 2114 4614 codex
2164 4557 2558 4622 Salviatorutn,
2591 4576 2738 4616 nunc
2783 4560 3101 4626 Vaticanus,
3152 4564 3240 4617 illa
3297 4564 3475 4618 adhuc
3518 4573 3690 4619 aetate

415 4655 709 4712 Florentia;
763 4656 904 4726 apud
947 4663 1161 4710 veteres
1205 4653 1480 4714 dominos,
1511 4657 1572 4703 ut
1599 4649 1787 4715 credo,
1825 4649 1962 4716 fuit;
1995 4665 2101 4721 qua
2153 4652 2207 4705 in
2260 4651 2394 4706 urbe
2445 4651 2511 4704 ad
2549 4649 2811 4708 Bandurii
2853 4658 3103 4712 notitiam
3163 4673 3471 4728 manusque
3516 4658 3688 4714 facile

417 4751 582 4806 venit.

491 4884 577 4939 Iil.
651 4884 763 4955 Age
843 4898 1008 4946 vero,
1066 4882 1132 4936 de
1204 4890 1428 4935 auclore
1507 4879 1692 4949 operis
1765 4881 2060 4949 quominus
2143 4883 2457 4944 dubitemus
2582 4891 2740 4946 testis
2859 4893 3026 4950 adest.
3063 4895 3158 4949 ‘iu
3239 4895 3499 4956 cunctis,
3583 4896 3682 4966 qui

421 4979 533 5034 noti
597 4985 756 5046 sunt,
823 4978 1212 5047 manuscriptis
1273 4975 1556 5032 codicibus
1615 4984 1876 5030 constans
1929 4977 1966 5030 ti

2166 4978 2443 5051 Θεοδώρου
2500 4982 2855 5056 Ἀντιοχέως,
2917 4987 3178 5043 Theodori
3230 4991 3439 5045 scilicet
3500 4993 3677 5060 patria

424 5073 747 5130 Antioclteni.
815 5071 920 5130 Sed
953 5073 1080 5144 quia
1150 5091 1257 5128 non
1310 5091 1460 5131 unus
1519 5076 1620 5131 fuit
1665 5078 1966 5136 Antiochize
2018 5087 2182 5136 natus
2234 5079 2587 5151 Theodorus,
2641 5102 2771 5144 ecce
2837 5089 2998 5144 nobis
3040 5087 3270 5145 Photius
3311 5091 3378 5160 (ί)
3435 5101 3683 5162 quatuor

491 5275 567 5357 ςει)
608 5272 764 5357 Ι[91η.
798 5272 974 5357 ςγδι).
1006 5274 1132 5357 ὃξρ,
1169 5272 1413 5357 οᾼιιλξιην.
1674 5344 1765 5357 .-Α
2092 5278 2394 5357 Iurrianus
2450 5281 2519 5335 de
2581 5281 2976 5357 interpretandi
3035 5301 3232 5357 genere
3260 5325 3274 5348 ,
3327 5303 3436 5356 quo
3510 5289 3688 5343 utitur

489 5343 564 5477 (ὺζ
608 5343 754 5424 Diar.
790 5343 1004 5414 ltulﬁp.
1041 5346 1127 5407 59,
1158 5353 1225 5427 et.
1244 5343 1380 5397 Bibl.
1413 5361 1538 5397 mss.
1575 5359 1629 5414 p.
1662 5344 1787 5400 478.
2093 5349 2548 5417 Mopsuestenns,
2599 5343 2762 5421 atque
2815 5355 2864 5406 id
2920 5343 3358 5409 nonuinimerito
3407 5359 3677 5427 castigat;

490 5417 539 5477 (ι’
607 5411 759 5465 Diar.
797 5413 921 5467 Ital.
957 5433 1006 5477 ιι.
1040 5416 1129 5476 46,
1162 5415 1300 5468 Bibl.
1357 5431 1483 5468 mss.
1519 5430 1570 5477 p.
1603 5414 1726 5468 lI78.
2091 5421 2335 5477 satisque
2383 5421 2722 5475 demonstrat
2763 5431 2936 5476 totum
2991 5441 3020 5477 a
3075 5441 3135 5477 se
3185 5427 3242 5477 in
3282 5443 3356 5477 xit
3393 5441 3677 5477 υηηιηηιις

490 5411 568 5498 μ’).
797 5413 921 5467 Ital.
1040 5416 1139 5498 ω,-
1162 5415 1300 5498 Bibl:
1323 5431 1483 5498 .mss.
1519 5411 1726 5484 p.178.
2091 5411 2335 5488 satisque
2383 5411 2722 5498 demonstrat
2754 5431 2936 5498 totum
2991 5441 3020 5478 a
3075 5441 3135 5478 se
3185 5427 3242 5479 in
3282 5443 3356 5480 ιιι
3391 5411 3682 5498 propr-Ietas

490 5482 572 5554 (ἀ)
616 5482 751 5554 Bibl.
781 5499 923 5539 conc.
958 5494 1089 5536 tom.
1125 5487 1163 5546 I,
1191 5502 1240 5552 p.
1275 5483 1363 5536 Η.
1426 5553 1429 5554 ν
1521 5482 1530 5484 ⁷
1621 5552 1635 5554 _
1668 5553 1677 5554 ί
2090 5482 2523 5542 commentarium
2556 5489 2723 5545 fuisse
2753 5495 2972 5546 lectum.

513 5552 560 5629 ς)
601 5553 798 5629 ᾼιιραν.
837 5563 967 5606 tom.
1013 5554 1096 5629 ll_l_,
1133 5555 1257 5629 eod.
1300 5553 1490 5608 Vallic.
1527 5570 1580 5622 p.
1612 5552 1703 5607 27.
1786 5621 1847 5629 __
2161 5560 2237 5626 tg)
2277 5558 2538 5629 Burman.
2577 5558 2775 5629 Sgllog.
2807 5571 2938 5625 tom,
2977 5564 3038 5622 ll,
3069 5580 3119 5626 [ι.
3157 5564 3281 5619 801.

513 5563 560 5620 ε)
601 5563 798 5618 Appar.
837 5563 967 5606 tom.
1013 5563 1096 5614 Ill,
1135 5563 1257 5608 eod.
1302 5563 1490 5608 \‘alltc.
1527 5570 1580 5622 p.
1612 5563 1703 5607 27.
2161 5563 2237 5626 tg)
2278 5563 2538 5611 Burman.
2577 5563 2775 5628 Sglloq.
2807 5571 2938 5625 tom,
2977 5564 3038 5622 11,
3069 5580 3119 5626 p.
3157 5564 3281 5619 80!.

489 5563 557 5694 δ’)
599 5623 879 5704 Agreus-1‘.
915 5638 1000 5690 ap.
1044 5621 1106 5675 11.
1131 5623 1196 5688 5;
1231 5638 1326 5691 pro
1348 5638 1468 5690 epp.
1502 5637 1658 5704 pum.
1695 5639 1752 5688 ιι,
1783 5621 1980 5704 (ξομ,
2163 5629 2238 5704 (lt)
2270 5629 2418 5704 βίω.
2581 5618 2825 5704 ed.__u‘ov.
2865 5642 2996 5686 tom.
3035 5633 3142 5698 Vll,
3183 5651 3234 5704 ιι.
3268 5635 3394 5690 611.

425 5689 520 5756 I0,
547 5709 598 5746 ν.
642 5693 701 5746 21
733 5709 781 5766 ;_
827 5689 898 5766 Ile
920 5689 1431 5766 atret_.stttntn_.pont.
1502 5689 1598 5766 lib.
1631 5709 1710 5753 ιιι,
1742 5693 1830 5766 ed.
1865 5691 1985 5745 Flo—
2165 5689 2229 5764 (ii
2269 5698 2420 5749 'I‘om.
2464 5697 2528 5754 Χ.
2561 5714 2612 5766 p.
2651 5700 2774 5752 558.

424 5771 560 5818 rent.
616 5779 666 5833 p.
719 5763 806 5817 99.
854 5761 913 5813 Et
964 5763 1137 5829 primo
1170 5761 1386 5830 quidem
1433 5765 1550 5815 loco
1589 5763 1694 5814 late
1741 5762 1986 5831 disputat
2169 5761 2234 5836 υ)
2263 5767 2430 5822 Codd.
2470 5761 2874 5837 ινίχλχνιιι,
2926 5770 3159 5837 LXXXI,
3215 5773 3530 5831 CLXXVII.
