3920 6130
264 300 354 357 ιω
1499 299 1655 358 ANG.
1699 301 1812 356 MAI

1967 301 2270 359 ᾸΖΡᾹἸΊΟ.
3413 305 3435 360 1
3452 303 3515 359 10

269 429 554 472 recensens
630 431 801 488 opera
868 416 1152 472 Theodori
1220 414 1542 471 Antiocheni
1645 417 1864 472 nomine
1898 417 2156 488 insignita
2186 457 2200 480 .
2293 414 2736 486 Mopsuestenum
2809 417 3016 479 diserte
3102 422 3514 494 Intelligendum

264 525 372 564 esse
439 511 643 579 dooet;
713 512 894 582 primo
968 511 1189 582 quidem
1261 511 1381 565 loco
1456 511 1694 566 dicens:
1785 511 1812 560 ἰ

1968 531 1973 562 ;
2041 510 2418 580 Μοψουεστίας
2485 511 2722 578 γεγονὼς
2791 513 3084 581 ἐπίσκοπος
3136 510 3291 582 οὗτός
3344 519 3516 584 ἐστιν,

264 595 418 670 οἶμαι·
450 603 705 657 secrmdo
733 601 924 662 autem
951 603 1074 660 loco
1110 596 1311 665 εοῦτος
1334 600 1390 654 δέ
1416 601 1562 654 ἐστιν
1595 603 1623 654 ὁ
1657 601 1812 670 Modo

1969 617 2052 664 ας·
2091 603 2252 658 tertio
2281 602 2402 658 loco
2429 613 2558 672 post
2593 611 2953 660 memoratum
2985 605 3054 663 de
3104 610 3284 679 magia
3316 606 3517 664 Persa-

265 708 369 744 rum
425 691 709 749 Theodori
745 695 1077 752 Antiecbcni
1140 709 1297 764 opus,
1354 691 1589 749 subdit:
1628 685 1795 758 Οὗτος

1971 692 2235 764 Βεόδωρος
2283 694 2312 746 ὁ
2357 693 2736 763 Μοψουεστίας
2781 691 2920 750 εἶναι
2975 697 3121 752 δοκεῖ
3175 699 3252 768 (et
3294 699 3519 768 quidem

262 785 396 838 δοκεῖ
424 787 478 840 in
509 803 574 843 re
609 797 761 842 certa
797 788 908 844 dici
950 789 1172 844 solitum
1198 788 1342 860 apud
1368 787 1590 844 Graecos
1619 789 1887 860 quosdam
1931 799 2212 852 auctores,
2257 788 2598 848 demonstrat
2634 787 3081 844 Montfauconius
3103 789 3259 858 prta].
3290 789 3359 844 ad
3402 788 3518 844 Eu~

263 876 355 929 ub.
376 894 571 932 eorum.
597 879 655 932 in
683 878 774 934 Ps.
800 894 923 950 cap.
953 879 1043 948 x);
1066 888 1259 948 quarto
1288 879 1524 958 denique
1553 879 1707 934 loco:
1745 881 1811 936 Ἀ·

1965 878 2083 951 ισθη
2113 879 2332 950 βιϐλίον,
2354 874 2469 950 οὖή
2496 879 2780 951 ἐπιγραφὴ
2811 877 3111 947 Θεοδώρου
3141 881 3513 949 Ἀντιοχέως·

204 977 208 1015 ἒ
261 973 286 1024 ὁ
315 973 696 1039 libianae-tia;
723 975 779 1028 δέ
814 976 985 1040 ἐστιν,
1009 974 1084 1038 ὡς
1103 973 1209 1027 ἀπό
1232 991 1390 1027 τινων
1420 974 1717 1028 ἐπιστολῶν
1747 978 1752 1026 i

1973 992 2026 1028 εν
2050 994 2062 1006 ·
2089 974 2281 1030 Lectus
2312 975 2540 1030 estliber
2570 975 2828 1032 Theodori
2854 975 3206 1043 Antiocheni;
3231 978 3315 1032 hic
3345 989 3521 1033 autem

262 1064 338 1118 itte
357 1074 437 1118 est
462 1063 808 1135 Πορεαεειίω
827 1065 1128 1140 episcopus,
1154 1073 1210 1118 ut
1234 1079 1302 1118 ex
1323 1064 1639 1134 quiousdam
1665 1065 1904 1134 epistolis
1927 1065 2054 1118 mihi
2078 1066 2326 1120 innotuit.
2359 1065 2500 1137 Ergo
2528 1068 2642 1121 duo
2677 1066 2806 1123 hinc
2841 1069 3146 1136 noscimus,
3179 1085 3372 1140 nempe
3403 1079 3522 1126 tum

261 1159 472 1212 codices
509 1175 736 1230 quoque
774 1136 988 1215 vetergs
1028 1174 1254 1230 Operum
1289 1159 1684 1231 Mopsuesteni,
1745 1163 1948 1218 nedum
1983 1176 2082 1218 eos
2116 1177 2258 1233 quos
2287 1136 2756 1228 nuncihabemus.
2790 1180 2901 1234 prae
2925 1181 2986 1222 se
3014 1167 3213 1225 tulisse
3242 1136 3518 1226 Theodori

264 1253 583 1310 Antiocbvui
623 1271 855 1322 nomen;
891 1261 1007 1308 tum
1057 1254 1271 1325 quoties
1315 1255 1371 1310 in
1405 1255 1488 1310 his
1518 1255 1572 1309 id
1604 1269 1804 1310 nomen
1832 1270 2004 1325 prope
2031 1271 2129 1326 per
2171 1255 2615 1311 antonomasiam
2661 1257 2924 1322 occurrit,
2952 1259 3366 1330 intelligendum
3395 1274 3520 1316 esse

262 1341 725 1419 Mopsuestenum.
751 1344 926 1400 Porro
963 1353 1142 1400 autem
1174 1346 1319 1415 quod
1352 1356 1544 1402 noster
1576 1344 1900 1402 Theodorus
1946 1347 2000 1400 in
2034 1362 2110 1400 xu
2153 1346 2437 1415 prophetas
2477 1346 2790 1416 scripserit,
2833 1347 3038 1404 diserte
3070 1350 3302 1406 affirmat
3344 1351 3519 1422 Syrus

262 1438 550 1496 Ebediesus
578 1443 631 1495 in
660 1443 910 1513 catalogo
947 1461 960 1498 :
994 1452 1354 1511 praeterquam
1395 1441 1541 1513 quod
1560 1442 1681 1511 ejus
1705 1443 1890 1513 operis
1917 1442 2111 1499 titulus
2142 1444 2197 1498 in
2239 1442 2476 1498 concilio
2511 1443 2680 1498 etiam
2721 1442 3008 1511 quinto(a)
3037 1442 3328 1508 scribitur;
3355 1457 3517 1512 quem

260 1539 429 1584 tamen
461 1541 806 1600 postremum
836 1533 1016 1588 locum
1049 1532 1116 1586 ad
1139 1532 1404 1588 trutinam
1437 1532 1695 1602 deinceps
1723 1541 2023 1596 vocaturus
2047 1548 2191 1589 sum.
2221 1531 2492 1589 Prmterea
2531 1531 2677 1602 quod
2738 1545 2880 1602 Opus
2919 1531 3290 1602 Iopsuesteni
3313 1533 3370 1586 in
3399 1545 3518 1586 ma-

261 1624 410 1679 nibus
441 1625 770 1693 habeamus,
788 1625 916 1682 inde
945 1625 1110 1681 etiam
1141 1628 1538 1696 cognoscimus.
1560 1627 1688 1698 quia
1744 1629 1800 1682 in
1828 1627 2056 1684 exordio
2103 1627 2474 1682 commentarii
2503 1627 2572 1682 ad
2616 1631 2806 1684 Oscam
2833 1632 2888 1679 et
2911 1624 3038 1678 alibi
3075 1638 3182 1678 non
3223 1623 3395 1680 semel
3419 1623 3520 1678 de-

258 1714 422 1766 clarat
461 1725 660 1768 auctor
689 1717 818 1771 sein
842 1714 1090 1776 Psalmos
1121 1737 1337 1792 quoque
1353 1723 1678 1792 scripsisse.-
1722 1738 1885 1793 porro
1916 1739 1947 1778 a
1978 1722 2364 1794 Mopsuesteno
2393 1724 2726 1780 illustratum
2756 1722 2927 1781 fuisse
2961 1723 3310 1782 Psalterium.
3345 1721 3520 1776 notis-

260 1813 447 1864 simum
482 1822 592 1866 est.
624 1811 730 1868 Sed
765 1815 912 1869 enim
938 1817 1074 1872 nihil
1104 1801 1256 1889 reque
1287 1821 1630 1876 demonstrat
1665 1835 1963 1891 germanas
1996 1835 2122 1877 esse
2156 1819 2528 1890 Mopsuesteni
2571 1821 2672 1876 has
2701 1817 3092 1890 prophetarum
3115 1815 3391 1870 minorum
3423 1827 3521 1866 ex-

259 1903 806 1993 planationes.'quam
836 1907 1016 1976 ipsum
1047 1908 1315 1962 scribendi
1350 1924 1545 1981 genus,
1577 1909 1724 1979 quod
1756 1918 2000 1966 veterum
2055 1908 2126 1965 de
2157 1923 2224 1964 eo
2256 1909 2587 1965 testimoniis
2620 1909 2741 1966 sine
2777 1909 2886 1964 ulla
2923 1907 3269 1962 dubitatione
3295 1917 3522 1974 respon-

261 1999 363 2054 det.
395 2001 452 2053 In
483 2001 684 2070 primis
713 2003 992 2058 cernimus
1044 2001 1190 2058 hunc
1215 2013 1496 2062 auctorem
1547 2006 1708 2076 sequi
1741 2006 1982 2082 maxime
2004 2007 2244 2062 litteram
2275 2013 2334 2061 et
2386 2006 2700 2068 historiam.
2737 2016 2902 2074 atque
2948 2015 3169 2058 omnem
3201 1997 3519 2071 allegoriam

262 2091 667 2146 studiosissime
697 2089 884 2163 fugere
918 2110 932 2146 :
972 2109 1166 2150 rursus
1197 2097 1349 2151 nullo
1376 2097 1509 2151 vitio
1537 2113 1692 2167 atque
1721 2097 1992 2159 laborare.
2026 2111 2191 2166 quam
2216 2095 2609 2165 pennultarum
2633 2095 3016 2165 repetitionum
3044 2091 3100 2146 in
3129 2089 3319 2145 eadem
3345 2091 3522 2142 inter-

260 2183 378 2236 dum
433 2183 634 2254 pagina
690 2185 1020 2252 iugestarum
1054 2203 1066 2237 :
1100 2204 1218 2257 que
1251 2202 1384 2244 sane
1419 2188 1719 2258 tautologia
1771 2187 2022 2243 delicatis
2079 2185 2308 2242 auribus
2339 2186 2513 2244 multo
2560 2194 2645 2242 est
2685 2187 3095 2243 molestissima.
3137 2184 3281 2241 Idem
3341 2181 3521 2252 longis

257 2279 491 2350 periodis
517 2281 844 2341 involvitur.
872 2281 979 2336 alte
1013 2277 1229 2347 incipit,
1255 2277 1345 2332 diu
1380 2277 1601 2346 pendet.
1633 2275 1985 2342 vel-insertis
2009 2276 2167 2330 novis
2206 2275 2494 2332 sententiis
2529 2275 2692 2343 longe
2739 2276 2963 2341 recedit,
3002 2275 3076 2330 ita
3103 2281 3160 2329 ut
3206 2271 3403 2344 legenti
3435 2269 3522 2324 vel

258 2375 635 2446 interpretanti
655 2376 974 2431 salebrosus
1006 2372 1279 2428 interdum
1313 2371 1422 2426 fiat.
1447 2374 1492 2426 Δ
1518 2371 1905 2443 Hopsuesteno
1927 2370 2059 2426 dum
2085 2368 2403 2440 Scripturas
2428 2368 2660 2424 arbitrio
2684 2383 2785 2424 suo
2808 2368 3126 2436 explanaret
3157 2364 3522 2435 reprehensos

255 2476 410 2536 atque
438 2466 640 2524 irrisos
682 2481 824 2536 saepe
852 2465 1023 2522 fuisse
1052 2466 1386 2536 antiquiores
1417 2465 1748 2537 interpretes
1780 2466 1860 2521 ait
1888 2464 2152 2522 Leontius
2184 2475 2372 2521 contra
2404 2462 2560 2519 Nest.
2593 2479 2677 2526 ut,
2720 2465 2810 2519 ll.
2835 2462 2967 2533 Ejus
3015 2477 3144 2519 vero
3175 2478 3322 2518 nilne
3349 2462 3522 2516 moris

254 2556 696 2626 pet-frequentem
725 2555 1249 2612 demonstrationem
1282 2557 1336 2610 in
1369 2556 1456 2612 his
1485 2557 1900 2614 commentariis
1939 2557 2211 2614 videmus.
2253 2555 2387 2614 Item
2424 2555 2722 2626 Scriptura:
2769 2555 3071 2625 permultas
3098 2554 3456 2610 auctoritates
3490 2570 3519 2604 ;ι

255 2647 642 2717 Hopsuesteno
673 2646 829 2701 citari
858 2647 1050 2703 solitas
1086 2650 1161 2703 ait
1193 2648 1456 2719 Photius;
1485 2651 1632 2722 quod
1662 2652 1730 2706 ab
1759 2667 1826 2707 eo
1855 2653 2142 2709 verissime
2162 2653 2370 2714 dictum
2401 2650 2788 2708 commentarii
2814 2665 2960 2706 nunc
2984 2649 3202 2708 docent.
3229 2649 3335 2706 Sed
3371 2649 3519 2704 enim

252 2743 388 2812 quod
419 2742 499 2795 ait
529 2739 918 2797 Tillemontius
945 2741 1026 2813 (ὁ)
1061 2743 1504 2814 Mopsuestenum
1534 2746 1791 2800 universa
1821 2744 1999 2800 Biblia
2044 2745 2392 2814 complexum
2423 2743 2688 2800 memoria
2727 2741 2924 2806 fuisse,
2976 2740 3138 2810 cujus
3185 2742 3266 2795 rei
3321 2747 3517 2794 testem

254 2839 376 2894 ἀίει
407 2837 711 2894 Leontium
755 2836 834 2890 De
862 2838 1017 2892 sectis
1053 2841 1160 2887 act.
1189 2843 1442 2899 inerrat
1490 2833 1652 2902 plane
1682 2834 1764 2888 vir
1807 2833 2005 2891 doctus
2048 2847 2156 2888 non
2185 2831 2478 2888 intellectis
2509 2829 2721 2886 Leontii
2753 2831 2937 2888 verbis
2963 2829 3065 2903 τὴν
3103 2829 3270 2899 ἄλλην
3304 2829 3520 2900 Γραφὴν

254 2938 464 3008 susp-11;
473 2936 734 3007 μάτισεν.
781 2934 924 2988 Sane
955 2949 1054 3004 pro
1079 2933 1242 3003 ἄλλην
1278 2931 1565 3002 legendum
1589 2945 1713 2986 esse
1745 2929 1802 2983 ὄλ

1971 2946 2018 2986 :s
2051 2931 2170 3003 ipsa
2197 2929 2418 2994 clamat,
2441 2935 2496 2983 et
2525 2943 2715 2984 revera
2751 2926 2965 2983 Leontii
2995 2926 3334 2994 interpretes
3347 2922 3519 2992 expli.

251 3040 366 3083 cant
395 3030 670 3081 universa.
710 3023 1101 3081 Verumtamen
1125 3022 1572 3094 ὑπεμνημάτισεν
1613 3037 1727 3077 non
1757 3021 2013 3076 memoria
2033 3020 2311 3085 retinebat,
2341 3020 2440 3076 sed
2491 3030 2873 3078 commentatus
2897 3027 2974 3073 est
3020 3016 3310 3090 signiﬁcat.
3339 3014 3523 3082 Quare

247 3118 904 3174 dieeudnm,adunirersa
933 3114 1114 3172 Biblia
1143 3123 1528 3169 commentatus
1553 3123 1652 3170 est.
1682 3113 1794 3168 lmo
1824 3113 2117 3184 plerosque
2148 3129 2340 3170 omnes
2363 3113 2608 3168 auctoris
2629 3127 2793 3183 quem
2816 3111 3032 3166 edimus
3055 3109 3430 3168 characteres,
3456 3106 3514 3160 in

252 3212 540 3269 Theodoro
565 3210 800 3265 Photius
822 3205 1288 3280 deprehendebat.
1317 3205 1406 3258 Sic
1432 3205 1578 3260 enim
1602 3204 1726 3259 cod.
1755 3221 1800 3258 ιε

1993 3220 2006 3258 :
2031 3203 2251 3274 Φεύγων
2275 3204 2364 3258 τὸν
2389 3203 2613 3262 δυνατὸν
2636 3202 2786 3273 αὺτῷ
2809 3203 3006 3274 τρόπον
3035 3203 3134 3266 τὰς
3167 3197 3516 3271 ἀλληγορίας.

251 3311 338 3362 καὶ
373 3306 520 3362 κατὰ
554 3306 656 3379 τὴν
700 3305 936 3376 ἱστορίαν
985 3303 1086 3370 τὴν
1148 3301 1446 3373 ἑρμηνείαν
1495 3299 1850 3370 ποιούμενος·
1892 3300 2209 3368 ταυτολογεί
2239 3300 2296 3356 δὲ
2350 3299 2418 3352 τὰ
2456 3300 2811 3366 «Magni
2839 3299 3040 3369 ἄχαρίς
3083 3312 3198 3357 πως
3229 3295 3322 3348 καὶ
3349 3293 3522 3364 ἀηδὴς

249 3396 382 3453 εἶναι
404 3401 578 3453 δοκεῖ.
619 3396 760 3450 Tum
791 3397 915 3451 cod.
965 3412 1041 3463 ts,
1078 3397 1230 3452 Ἔστι
1259 3395 1316 3449 δὲ
1351 3395 1450 3466 μὲν
1483 3394 1683 3466 φράσιν
1711 3397 1777 3454 οὐ
1802 3397 1944 3450 πάνυ
1973 3396 2256 3467 λαμπρός·
2294 3397 2414 3459 ταῖς
2444 3396 2501 3449 δὲ
2526 3397 2786 3459 διανοίαις
2829 3396 2922 3449 καὶ
2948 3396 3060 3456 τοῖς
3098 3393 3521 3462 ἐπιχειρήμασιν

247 3493 362 3547 λίαν
397 3493 625 3554 πυκνὸς,
663 3491 757 3544 καὶ
781 3492 903 3552 ταῖς
925 3491 1220 3560 γραφικαξ
1252 3490 1450 3560 ἄριστα
1479 3488 1723 3544 πλουτῶν
1753 3506 1795 3559 μ

1975 3491 2097 3554 ίαις,
2144 3490 2396 3558 (Photius
2428 3490 2618 3546 codice
2663 3493 2790 3546 item
2820 3496 2978 3544 sexto
3028 3485 3353 3542 densitatem
3391 3497 3520 3537 sen-

249 3591 542 3647 tentiarum
575 3586 849 3642 Theodori
867 3584 1097 3648 innuit.)
1127 3581 1369 3652 Denique
1397 3581 1520 3636 cod.
1555 3595 1776 3636 cum:

1967 3582 2114 3651 αφὴς
2146 3581 2204 3636 δέ.
2238 3583 2375 3645 ἐστι,
2399 3581 2490 3634 καί
2515 3598 2598 3634 τοι
2625 3581 2774 3646 λέξει
2807 3579 2865 3632 οὐ
2893 3575 3174 3646 ξενιζούσῃ
3206 3572 3515 3644 χρώμενος·

245 3686 379 3741 ἀλλὰ
406 3692 486 3761 τῷ
509 3683 874 3756 σχοινοο-ενὲσι
908 3677 1142 3752 χρῆσθαι
1169 3681 1234 3732 ἐκ
1254 3676 1349 3731 τοῦ
1381 3677 1472 3729 ἐπὶ
1499 3676 1750 3730 πλεῖστον
1785 3676 2053 3746 περιόδοις
2083 3676 2178 3729 καὶ
2226 3675 2597 3747 παρεμϐολαῖς
2647 3671 3090 3742 ἀλλεπαλλήλοις,
3117 3669 3182 3722 δι’
3213 3663 3288 3724 ὧν
3317 3669 3410 3723 καὶ
3441 3671 3523 3732 είς

250 3782 510 3850 μήκιστον
537 3782 572 3833 ὁ
599 3775 724 3837 νοῦς
749 3775 1094 3829 ἀποτείνεται
1122 3773 1231 3826 τῶν
1267 3772 1664 3842 προκειμένων,
1693 3773 1815 3834 ταῖς
1860 3787 1922 3824 τε
1961 3769 2070 3824 τῶν
2121 3768 2398 3838 ὀνομάτων
2430 3768 2684 3838 πλαγίαις
2711 3767 2804 3820 καὶ
2846 3768 2965 3829 ταῖς
3000 3766 3313 3836 μιτοχικαῖς
3342 3763 3520 3827 λέξεσι

247 3871 586 3934 πλεονάζειν,
613 3868 687 3922 τὰ
706 3867 846 3926 αὐτά
875 3883 935 3919 τε
961 3864 1222 3928 πολλάκις
1241 3865 1334 3918 καὶ
1357 3863 1479 3916 οὐδὲ
1509 3863 1608 3916 σὺν
1633 3862 1824 3932 κόσμῳ
1849 3861 2269 3924 ὲπανακυκλεῖν,
2292 3862 2384 3913 καὶ
2414 3860 2510 3924 τὰς
2531 3860 2896 3932 ἐπαναλήψεις
2913 3861 3074 3914 πλάον
3096 3860 3202 3916 τῶν
3218 3860 3521 3930 διηγήσεων

248 3970 402 4041 (ὅπερ
421 3963 703 4037 ἀμέθοδον
717 3958 1022 4026 παντελῶς)
1054 3961 1171 4022 ταῖς
1226 3958 1581 4030 περιστάσεσι
1622 3954 2029 4026 μεμεστῶσθαι,
2083 3957 2180 4008 καὶ
2223 3957 2338 4017 τοῖς
2371 3954 2652 4018 τοιούτοις,
2687 3955 2788 4006 οὐκ
2819 3955 2998 4022 ὀλίγον
3023 3953 3187 4022 ζόφον
3211 3953 3320 4007 τῶν
3353 3953 3519 4007 αὐτοῦ

246 4063 594 4132 γραμμάτων
621 4055 1040 4118 κατασκεδὰζει,
1085 4051 1256 4106 Porro
1279 4050 1348 4105 ad
1399 4050 1584 4119 fugam
1620 4049 1794 4117 allego

1967 4062 2007 4100 ιιι
2038 4046 2186 4116 quod
2242 4048 2458 4110 attinet,
2499 4047 2586 4100 cui
2621 4046 3040 4117 Mopsuestenus
3090 4048 3292 4117 ubique
3315 4048 3515 4107 studet.

248 4151 358 4211 ipse
389 4152 610 4209 scilicet
665 4149 774 4204 sibi
824 4155 910 4202 est
969 4147 1394 4206 consentaneus,
1439 4139 1530 4209 qui
1577 4153 1718 4209 Opus
1759 4145 1955 4194 contra
1989 4137 2284 4210 Origenem
2325 4147 2488 4210 atque
2514 4139 2842 4210 allegoricos
2879 4141 3100 4211 scripsit
3135 4141 3232 4212 (c).
3267 4139 3520 4196 Profecto

247 4241 686 4314 Origenetnsine
715 4238 886 4296 limite
914 4235 1220 4307 allegoricis
1249 4233 1799 4304 interpretationibus
1839 4233 2163 4298 indulsisse,
2199 4249 2375 4304 coque
2424 4234 2678 4290 instituto
2721 4250 2938 4293 sacram
2973 4237 3278 4292 doctrinam
3313 4245 3368 4291 ct
3408 4237 3520 4292 his-

253 4331 446 4401 toriam
469 4343 704 4401 pessum
735 4343 880 4398 sape
906 4327 1151 4397 dedisse,
1180 4339 1344 4399 atque
1371 4330 1663 4386 innumera
1692 4345 1943 4384 errorum
1977 4338 2230 4400 portenta
2272 4330 2568 4398 invexisse,
2597 4347 2763 4388 nemo
2797 4342 2884 4389 est
2925 4334 3017 4406 qui
3050 4341 3227 4404 neget.
3269 4333 3515 4388 Morbum

246 4419 389 4475 hunc
439 4421 878 4491 ingeniosissimi
925 4419 1177 4491 Origenis
1229 4420 1365 4477 satis
1419 4427 1788 4487 praesenserat
1825 4429 1981 4490 pater
2023 4420 2180 4488 ejus,
2223 4418 2433 4474 Christi
2469 4421 2709 4492 inclytus
2746 4435 2953 4495 martyr
2987 4423 3278 4488 Leonidas,
3301 4423 3422 4492 qui,
3461 4431 3518 4474 ut

248 4515 409 4566 tradit
453 4511 734 4567 Eusebius
775 4511 893 4580 (ὁ),
934 4510 1376 4568 adumnefecerat
1413 4510 1585 4565 lilium
1643 4526 1710 4565 ne
1763 4511 1906 4565 ultra
1970 4509 2194 4565 obvium
2247 4524 2470 4564 sensum
2521 4512 2578 4564 in
2634 4510 2837 4567 divinis
2873 4512 3172 4581 Scripturis
3221 4513 3516 4582 quidquam

246 4605 576 4673 requireret,
620 4601 699 4674 μὴ
746 4603 843 4673 τῆς
877 4603 1188 4675 προφανοῦς
1217 4601 1455 4666 διανοίας
1495 4603 1794 4674 περαιτέρω

1971 4606 2121 4674 ητείν
2160 4604 2462 4674 παραινῶν.
2522 4605 2588 4660 Et
2624 4606 2848 4676 quidem
2892 4622 2993 4677 ego
3035 4618 3228 4662 contra
3270 4606 3519 4676 Origenis

244 4694 570 4749 audaciores
593 4693 804 4763 aliquot
833 4693 1146 4762 allegorias,
1181 4693 1331 4746 locos
1364 4692 1662 4747 nonnullos
1697 4692 1922 4748 Patrum
1976 4693 2288 4764 incognitos
2339 4695 2713 4766 producturus
2745 4698 2798 4752 in
2839 4698 3015 4754 lucem
3043 4699 3339 4769 aliquando
3371 4715 3515 4757 sum.

244 4783 606 4841 Caesariensis
633 4780 906 4838 Eusebius
929 4781 1180 4851 Origenis
1204 4781 1586 4853 perstudiosus
1619 4781 2000 4854 apologeticon
2034 4787 2258 4856 scripsit
2288 4801 2392 4857 pro
2419 4788 2728 4860 allegoricis
2745 4789 3474 4862 hujusintsrpretationibus
3501 4808 3515 4852 ;

240 4877 397 4948 etijus
425 4878 506 4932 rei
534 4876 804 4931 certiores
839 4891 941 4930 nos
989 4873 1123 4930 facit
1155 4875 1460 4946 Ebediesus
1489 4876 1544 4931 in
1588 4878 1840 4947 catalogo
1879 4877 1973 4948 (ε),
2024 4879 2118 4949 qui
2161 4879 2314 4935 addit
2365 4881 2587 4947 Eusebii
2621 4884 2675 4939 id
2728 4899 2868 4954 opus
2919 4885 3216 4942 refutatum
3278 4886 3449 4941 fuisse
3488 4903 3516 4942 a

244 4966 553 5024 Theodoro.
584 4966 772 5033 Quare
793 4967 908 5036 jam
932 4982 1099 5021 nemo
1129 4968 1446 5033 mirabitur,
1463 4969 1602 5024 nihil
1629 4971 1862 5026 omnino
1889 4971 2186 5039 allegorice
2216 4987 2382 5028 sensu
2419 4975 2560 5043 apud
2594 4986 2842 5030 nostrum
2875 4987 3157 5032 auctorem
3185 4978 3319 5032 dici.
3341 4975 3514 5030 Csete-

243 5064 395 5133 roqui
439 5061 590 5132 quod
614 5062 812 5115 attinet
859 5060 928 5116 ad
969 5061 1264 5130 Augustini
1313 5064 1382 5132 (Γ)
1439 5079 1534 5120 seu
1574 5065 1757 5134 potius
1790 5064 1947 5121 Pauli
1990 5066 2217 5133 dictum,
2267 5069 2414 5138 quod
2463 5086 2627 5125 omne
2653 5069 2823 5127 Vetus
2872 5071 3285 5127 Testamentum
3347 5071 3516 5142 figura

242 5155 307 5208 sit
338 5154 500 5218 Novi,
535 5153 798 5224 quodque
823 5153 1012 5210 omnia
1040 5153 1109 5208 ad
1156 5154 1440 5211 Christum
1467 5166 1659 5226 postea
1683 5166 1980 5213 venturum
2016 5161 2188 5215 relata
2228 5162 2451 5228 fuerint,
2487 5162 2760 5219 Theodori
2783 5180 3004 5235 quoque
3032 5164 3206 5220 nostri
3254 5173 3514 5221 constans

242 5245 510 5298 sententia
533 5251 619 5299 est
652 5251 765 5298 tum
803 5244 858 5298 in
894 5243 1142 5314 prologis
1174 5252 1292 5299 tum
1327 5246 1492 5300 etiam
1523 5247 1674 5302 alibi.
1712 5247 1968 5304 Profecto
2003 5251 2358 5320 allegoricum
2403 5261 2458 5307 et
2486 5255 2847 5323 anagogicum
2883 5263 2936 5310 ct
2967 5255 3197 5325 quodvis
3226 5256 3515 5326 mysticum

241 5335 633 5407 interpretandi
681 5352 855 5404 genus
909 5350 1076 5392 nemo
1118 5335 1243 5406 pius
1273 5351 1370 5406 per
1403 5352 1463 5393 se
1494 5347 1832 5404 contemnet,
1869 5339 2015 5408 quod
2071 5341 2208 5409 ipsis
2255 5342 2516 5410 apostolis
2577 5343 2949 5412 Patribusque
3002 5344 3321 5414 apostolicis
3372 5346 3514 5400 haud

242 5425 558 5483 inusitatum
591 5428 865 5486 videmus.
899 5426 1255 5498 Caeteroquin
1289 5435 1564 5497 quatenus
1597 5431 2003 5500 procedendum
2038 5431 2128 5498 sit,
2163 5431 2214 5485 id
2264 5433 2484 5487 demum
2523 5435 2818 5503 prmiontcs
2848 5435 3168 5500 decernent,
3205 5437 3298 5506 qui
3351 5449 3524 5503 neque

304 5579 542 5656 (alaex.
582 5582 866 5655 t,p.2n.
1172 5655 1179 5656 ί
2011 5586 2086 5652 (τι)
2121 5585 2255 5639 Hist.
2290 5587 2418 5642 ραι.
2460 5586 2628 5652 ηρ.

305 5651 374 5724 μ’)
398 5649 558 5724 ξέοι,
582 5649 713 5712 ccci.
749 5668 885 5712 tom.
929 5654 1026 5709 XI]
1067 5669 1121 5724 p.
1157 5655 1283 5710 451.
2011 5649 2076 5720 (ε)
2097 5655 2232 5722 Cap.
2276 5657 2358 5710 il.

304 5719 372 5788 (ε)
404 5721 701 5785 Εὺθάίθευιι
730 5729 898 5786 catal.
931 5719 1084 5796 cap:
1112 5727 1196 5793 t9,
1233 5726 1479 5782 Facund.
1515 5742 1596 5793 ιιι,
1632 5725 1697 5789 6;
1735 5724 1826 5780 Li-
2007 5726 2068 5796 (ι’)
2109 5719 2326 5784 Ile-Cen-
2357 5730 2423 5780 (ιιι
2460 5729 2561 5781 litt.
2601 5729 2638 5793 Ι,
2683 5729 2731 5782 l.

240 5787 401 5846 ierat.
424 5808 542 5865 cap.
565 5795 656 5853 24.
