3920 6130
436 333 544 401 Ἧι
1682 328 1841 392 suo.
1887 334 2030 391 MAN
2071 325 2462 389 PlHiFATlO.
3514 314 3521 325 "
3593 349 3695 406 ηρ

439 466 561 514 ’tota
586 446 922 513 t'reduiitatis
957 452 1105 507 frena
1140 450 1422 513 laxabunt,
1469 462 1644 519 neque
1684 449 2025 503 committent
2063 456 2119 502 ut
2162 460 2269 502 neu
2301 456 2410 502 tam
2459 446 2805 519 interpretari
2861 450 3145 510 videantur
3183 469 3345 526 quam
3388 459 3495 514 vim
3544 463 3692 516 Scri-

448 550 627 622 pturis
659 548 860 606 inferre
891 561 904 596 :
930 542 1083 613 quasi
1110 555 1219 595 non
1250 541 1322 595 sit
1357 539 1629 607 piaculum
1658 552 1871 593 sacram
1899 539 2203 593 doctrinam
2240 538 2645 609 depravare,'et
2667 541 2733 595 ad
2765 543 3099 601 voluntatem
3134 561 3290 602 suam
3326 552 3547 607 oracula
3582 557 3696 608 tra-

450 645 581 698 here
613 638 989 709 repugnantia.
1017 632 1275 689 Nonnulli
1304 631 1523 686 interim
1554 637 1764 685 tantum
1801 630 1904 685 sibi
1936 645 2242 700 sumpsere,
2282 638 2341 685 ut
2377 631 2642 701 quidquid
2670 632 2780 702 ipsi
2808 630 3326 710 vellent,Scriptura
3354 645 3603 702 sentiret.
3631 646 3695 703 Et

445 745 630 789 tamen
664 745 894 803 magnus
924 729 1287 798 Hieronymus
1314 723 1392 795 (a)
1416 723 1859 780 commemoratis
1884 723 2251 778 vetustiorum
2281 723 2489 794 aliquot
2515 726 2571 777 in
2591 722 2909 780 Zachariam
2941 730 3248 798 prophetam
3282 740 3695 796 commentariis

447 828 717 902 mysticis,
760 826 951 882 statim
998 822 1186 879 subdit
1237 820 1298 876 se
1349 818 1594 874 historiae
1638 816 1954 873 Judaeorum
2011 817 2375 887 tropologiam
2426 818 2717 874 miscuisse
2759 817 3223 894 Christianorum,
3283 836 3344 885 ut
3398 832 3697 889 aediﬁcaret

448 936 614 990 supra
649 929 858 992 petram
896 923 951 973 ct
976 931 1083 971 non
1121 929 1287 986 super
1308 927 1553 979 arenam,
1587 926 1651 967 ac
1688 913 1887 969 stabile
1911 913 2116 983 iaceret
2135 912 2554 970 fundamentum
2581 913 2730 985 quod
2747 914 2951 976 Paulus
2977 921 3317 981 architectus
3351 929 3610 997 posuisse
3637 946 3697 986 se

358 1040 369 1047 -
447 1012 662 1067 scribit.
714 1034 715 1037 η

515 1104 608 1159 IV.
641 1103 934 1170 Reliquum
961 1106 1045 1155 est
1076 1106 1135 1152 ut
1165 1097 1509 1153 suborientes
1539 1094 1804 1166 quasdam
1839 1095 2031 1151 contra
2058 1096 2412 1152 'authentlam
2438 1100 2639 1170 operis,
2665 1116 2761 1160 seu
2805 1102 2986 1174 potius
3012 1102 3078 1159 de
3099 1111 3322 1161 auctore
3353 1108 3494 1178 ejus,
3529 1108 3697 1166 dubi-

450 1200 686 1254 tationes
716 1196 982 1252 relellam.
1014 1192 1073 1246 in
1097 1193 1303 1262 quintae
1324 1191 1519 1261 synodi
1559 1190 1777 1246 actione
1806 1197 2027 1260 quarta,
2054 1193 2352 1247 multarum
2389 1193 2653 1253 adversus
2699 1196 3046 1254 Theodorum
3075 1200 3524 1260 criminationum
3552 1206 3700 1263 vire-

446 1298 588 1353 sima
619 1295 768 1347 hunc
795 1291 956 1345 habet
980 1289 1196 1342 titulum
1227 1305 1241 1342 :
1277 1284 1541 1340 Theodori
1563 1284 1922 1354 Hopsuesteni
1956 1300 2022 1340 ea:
2052 1287 2313 1356 principio
2339 1293 2705 1346 commentarii
2726 1290 2826 1363 (b),
2859 1293 2999 1364 quod
3022 1294 3077 1347 in
3106 1292 3384 1349 duodecim
3415 1300 3699 1369 prophetas

440 1391 681 1460 scripsit,
701 1385 963 1455 atnegans
980 1376 1280 1452 prophetias
1310 1379 1377 1433 dc
1409 1377 1622 1435 Christo
1647 1395 1760 1433 esse
1779 1379 2065 1448 prwdictas
2081 1396 2101 1446 ;
2134 1381 2226 1436 sed
2258 1398 2361 1436 non
2413 1385 2640 1440 volentes
2695 1376 2962 1457 (loquitur
2988 1387 3397 1461 Mopsuetenus)
3434 1393 3539 1446 ista
3567 1411 3698 1448 con-

444 1484 703 1542 siderare,
730 1493 874 1534 uoces
901 1491 1074 1530 omnes
1100 1474 1308 1528 trahere
1341 1472 1411 1526 ad
1438 1471 1725 1527 Dominum
1748 1484 1950 1528 tentant
1977 1474 2269 1542 Christum,
2294 1484 2354 1529 ut
2373 1486 2423 1530 et
2447 1495 2564 1548 qua:
2584 1480 2648 1534 de
2672 1483 2866 1551 populo
2888 1483 3036 1550 facta
3058 1492 3203 1550 sunt,
3240 1484 3407 1539 simili
3430 1491 3586 1542 modo
3614 1491 3699 1543 iu-

446 1575 758 1645 telligerent,
808 1579 863 1624 et
902 1569 1067 1621 risum
1115 1571 1432 1634 pra'starent
1481 1560 1724 1629 Iudaeis,
1783 1565 1996 1636 quando
2044 1567 2469 1643 exscriptorum
2511 1572 2781 1640 sequentia
2818 1574 2953 1628 nihil
3000 1573 3070 1628 ad
3100 1573 3383 1630 Dominum
3425 1574 3702 1638 Christum

443 1666 755 1736 pertinentes
774 1656 1052 1714 ostendunt
1073 1671 1241 1711 voces.
1279 1653 1462 1724 Pergit
1489 1653 1687 1709 deinde
1715 1653 2088 1724 Mopsuestcni
2114 1652 2407 1711 accusator
2440 1672 2562 1729 cap.
2586 1662 2734 1716 2i‘et
2764 1663 2834 1716 22
2860 1662 3105 1733 proferre
3126 1664 3337 1737 aliquot
3362 1670 3699 1737 psalmorum

364 1776 369 1781 ·
445 1759 618 1819 locos,
650 1769 682 1809 e
719 1750 920 1822 quibus
944 1744 1262 1802 vaticinium
1292 1743 1579 1798 exclusum
1609 1746 1969 1814 conqueritur
1998 1761 2029 1799 a
2067 1745 2481 1816 Mopsuesteno.
2503 1747 2758 1807 Jamvero
2800 1751 3182 1809 Commentarii
3214 1757 3270 1811 in
3314 1774 3389 1811 xu
3414 1744 3699 1831 prophetas

442 1856 563 1913 sine
585 1850 755 1907 dubio
780 1845 998 1900 initium
1024 1837 1584 1929 interpretatio
1604 1847 1710 1903 est,
1747 1848 1992 1929 nontam
2026 1842 2157 1929 quia
2206 1842 2265 1899 id
2292 1843 2430 1898 ordo
2469 1844 2588 1915 ipse
2620 1845 2675 1900 in
2720 1847 3001 1905 codicibus
3040 1851 3220 1917 docet,
3266 1870 3428 1926 quam
3458 1859 3585 1929 quia
3614 1860 3700 1915 sic

444 1941 735 2015 ait'primis
758 1936 942 1993 verbis
971 1941 1185 1986 auctor.
1220 1926 1387 1997 Atqui
1416 1926 1474 1980 in
1493 1926 1622 1993 hoc,
1667 1926 1813 1998 quod
1838 1926 1975 1991 dixi,
2025 1928 2187 1983 initio
2236 1930 2448 1984 nullum
2476 1945 2782 1988 consonum
2815 1936 3089 2006 synodico
3113 1938 3193 1992 illi
3234 1926 3546 2002 testimonio
3572 1964 3698 2002 ver—

443 2043 574 2096 bum
595 2044 698 2093 est.
724 2030 866 2099 Quid
900 2025 1066 2097 ergo?
1087 2023 1364 2082 idcircone
1413 2020 1482 2076 de
1508 2030 1735 2077 auctore
1763 2022 2019 2078 dubitare
2049 2023 2214 2079 licet?
2244 2025 2472 2082 minime
2512 2028 2776 2098 gentium.
2805 2028 2944 2085 Cum
2999 2033 3145 2088 enim
3192 2037 3413 2094 aliunde
3439 2045 3697 2113 explora.

447 2136 721 2191 tissimum
765 2128 860 2190 sit.
905 2115 1475 2186 eommentariihujus
1528 2116 1973 2186 Mopsuestenum
2034 2133 2159 2175 esse
2212 2127 2518 2184 auctorem,
2558 2124 2810 2194 sequitur
2857 2136 2919 2181 ut
2971 2129 3029 2183 in
3062 2130 3327 2201 synodico
3362 2137 3549 2195 codice
3596 2156 3700 2212 pro

433 2216 918 2285 Commentario-in
952 2208 1359 2301 xuprophetas,
1382 2206 1805 2301 Commentaries
1830 2210 1886 2263 in
1908 2208 2159 2266 Psalmos
2189 2213 2538 2281 reponendus
2568 2216 2672 2283 sit;
2717 2217 2870 2289 isque
2900 2234 3057 2274 error
3097 2223 3182 2279 vel
3224 2222 3542 2301 Callonymo
3565 2206 3703 2289 con-

434 2317 556 2375 ‘cilii
587 2309 802 2369 notario
831 2320 931 2364 seu
948 2299 1240 2372 eclogario,
1268 2298 1362 2369 qui
1388 2298 1461 2353 ibi
1489 2298 1705 2364 recitat,
1736 2300 2102 2356 ascribendns
2123 2310 2245 2369 est;
2285 2303 2369 2358 vel
2396 2311 2547 2358 certe
2569 2317 2753 2375 postea
2787 2308 2843 2362 in
2871 2311 3166 2380 synodicos
3194 2298 3434 2383 codices,
3460 2335 3698 2389 quorum

440 2409 632 2466 nullus
659 2402 796 2460 satis
828 2397 1087 2465 antiquus
1102 2405 1392 2462 superesse
1422 2389 1663 2457 videtur,
1699 2391 1953 2463 irrepsit.
1991 2393 2199 2465 Synodi
2233 2396 2442 2465 quintae
2470 2395 2696 2455 Grarcus
2728 2401 2811 2455 vel
2846 2402 3040 2458 saltem
3091 2403 3320 2464 Latinus
3349 2411 3520 2467 codex
3563 2417 3701 2471 mihi

374 2504 381 2509 ‘
445 2500 632 2557 nullus
662 2497 730 2550 ad
754 2502 974 2547 manum
1001 2494 1109 2550 est,
1144 2484 1197 2537 in
1221 2499 1333 2554 quo
1365 2483 1657 2540 lectionem
1686 2483 1945 2555 vestigem
1978 2503 1993 2540 :
2031 2490 2335 2556 praesertim
2366 2489 2495 2558 quia
2527 2491 2721 2562 synodi
2752 2492 2921 2563 hujus
2955 2502 3078 2550 acta
3103 2498 3364 2570 pleraque
3391 2504 3698 2573 perierunt.

449 2592 591 2661 Ergo
611 2585 851 2649 interim,
880 2581 1055 2637 donec
1084 2579 1382 2648 synodicus
1407 2577 1582 2635 codex
1621 2578 1822 2650 aliquis
1857 2581 2138 2637 meliorem
2191 2581 2428 2639 fortasse
2461 2584 2751 2640 lectionem
2801 2585 3011 2655 offerat,
3037 2605 3135 2663 ego
3164 2594 3383 2665 quidem
3418 2598 3484 2653 ad
3523 2615 3706 2658 remo-

450 2683 678 2741 vendam
709 2673 1369 2735 hanc‘contradictionem
1418 2676 1780 2746 sequentibus
1808 2685 1933 2732 utar
1976 2681 2334 2748 argumentis.
2377 2677 2594 2735 Titulus
2641 2682 2732 2737 ille
2771 2699 2835 2736 ea:
2863 2684 3120 2752 principio
3154 2692 3522 2746 commentarii
3541 2693 3594 2747 in
3629 2711 3703 2750 xu

447 2780 729 2850 prophetas
760 2784 1001 2846 prorsus
1025 2767 1246 2824 videtur
1289 2778 1414 2821 esse
1443 2765 1807 2836 obreptitius;
1866 2765 2133 2837 quidquid
2180 2769 2326 2822 enim
2378 2769 2452 2823 ibi
2489 2770 2744 2839 praecedit
2787 2783 2883 2826 aut
2929 2774 3200 2843 sequitur,
3240 2777 3293 2832 id
3337 2795 3369 2835 e
3422 2777 3701 2842 Theodori

449 2866 846 2928 Commentario
872 2864 926 2916 in
965 2859 1211 2915 Psalmos
1247 2853 1552 2910 desumitur
1598 2873 1610 2908 :
1651 2855 1907 2924 pmcedit
1948 2856 2093 2911 enim
2141 2855 2374 2923 eiusdem
2407 2873 2471 2911 ea:
2501 2857 2932 2928 interpretatione
2979 2872 3148 2923 octavi
3184 2873 3408 2939 psalmi;
3453 2878 3709 2948 seqttilur

450 2962 684 3034 ejusdem
741 2959 796 3012 in
823 2955 1086 3026 psalmum
1107 2951 1411 3048 uicesimum
1432 2951 1684 3048 primum.
1709 2949 1769 3004 Et
1796 2961 1984 3048 postea
2006 2951 2248 3022 ejusdem
2280 2953 2344 3007 de
2364 2955 2797 3023 interpretatione
2817 2973 2984 3014 1.xvm
3016 2965 3228 3030 psalmi.
3251 2966 3359 3023 Sed
3377 2972 3519 3040 quod
3537 2983 3709 3048 caput

452 3068 559 3122 est,
595 3056 699 3111 loci
735 3052 859 3123 ipsi,
890 3049 984 3120 qui
1033 3047 1140 3103 sub
1167 3046 1307 3101 falso
1339 3046 1499 3101 titulo
1535 3044 1926 3102 “Commentarii
1965 3047 2021 3100 in
2073 3062 2147 3102 xu
2189 3050 2465 3116 prophetas
2515 3050 2779 3112 citantur,
2825 3053 3064 3109 universi
3093 3071 3124 3111 e
3157 3056 3391 3118 Psalmis
3418 3044 3708 3135 petuntur,

457 3160 618 3220 atque
642 3140 951 3200 intermedii
980 3144 1111 3193 sunt
1138 3138 1282 3197 inter
1317 3150 1571 3197 octavum
1603 3149 1652 3196 et
1685 3141 2005 3233 vicesimum
2028 3146 2262 3211 primum
2283 3142 2573 3210 psalmum,
2606 3143 2699 3212 qui
2733 3144 2988 3200 laudatur
3016 3147 3071 3202 in
3116 3152 3484 3224 subsequente
3511 3160 3708 3233 titulo;

448 3252 651 3311 nempe
680 3234 1030 3307 proferuntur
1083 3244 1117 3285 e
1150 3233 1376 3300 psalmis
1402 3247 1479 3286 xu
1511 3239 1568 3286 et
1591 3245 1682 3298 xv,
1712 3238 1767 3285 et
1805 3245 1869 3286 cx
1905 3231 2025 3300 ipso
2046 3247 2169 3297 nl;
2198 3246 2304 3303 qua
2335 3247 2400 3287 ex
2438 3247 2496 3287 re
2545 3242 2771 3304 apparet
2814 3236 3139 3306 synodicum
3180 3245 3509 3316 eclogarinm
3568 3231 3711 3309 nihil

457 3335 601 3393 aliud
631 3334 703 3389 ibi
745 3329 972 3385 recitare
1004 3339 1169 3394 quam
1198 3323 1442 3375 locorum
1482 3321 1679 3375 seriem
1707 3335 1771 3373 ex
1817 3318 2209 3375 Commentario
2257 3321 2628 3391 Mopsuesteni
2672 3324 2738 3377 in
2774 3323 3024 3382 Psalmos
3052 3331 3345 3391 ordinatim
3406 3342 3711 3414 excerpta-

452 3438 598 3483 rum.
626 3423 689 3478 Et
712 3417 939 3491 quidem
976 3415 1032 3470 in
1071 3412 1304 3469 Psalmis
1331 3409 1564 3464 maxime
1614 3408 2040 3503 interpretandis
2081 3424 2272 3465 ansam
2310 3412 2792 3503 criminationibus
2826 3416 3100 3474 obtulerat
3147 3408 3596 3497 Mopsuestcnus,
3611 3435 3708 3503 qui

394 3534 399 3535 ί
450 3517 676 3594 juvenili
709 3515 764 3568 in
794 3511 862 3566 iis
891 3506 1118 3563 audacia
1144 3502 1511 3594 exsultaverat
1538 3519 1554 3556 :
1580 3512 1708 3594 nam
1735 3500 1781 3555 si
1802 3506 1959 3594 certe
1982 3515 2109 3555 vera
2136 3510 2327 3555 narrat
2365 3500 2627 3557 Leontius
2653 3504 2751 3559 lib.
2785 3518 2869 3571 In,
2901 3507 2993 3567 15,
3017 3515 3207 3566 contra
3242 3514 3376 3571 Nest
3406 3558 3422 3583 ,
3455 3500 3708 3589 psalmos

454 3590 647 3668 enines
672 3605 742 3663 ad
767 3596 1158 3658 Zorobabelem
1184 3602 1240 3683 et
1263 3590 1514 3646 Ezeciam
1541 3590 1838 3683 retulerat,
1876 3590 2300 3683 tribus‘tantum
2335 3592 2819 3683 ChristoADomino
2861 3603 3180 3658 reservatis.
3219 3603 3356 3660 Tum
3400 3607 3715 3683 Hesychius

455 3701 750 3759 historicus
789 3691 933 3765 apud
952 3686 1155 3745 concil.
1187 3682 1254 3747 ν,
1296 3690 1404 3738 act.
1435 3696 1496 3744 v,
1519 3680 1589 3736 de
1624 3677 2003 3750 MopsueSLene

2165 3680 2393 3749 squitur
2421 3700 2435 3736 :
2481 3679 2669 3735 Prima
2686 3681 2949 3743 elementa,
2970 3689 3367 3750 sure-doctrina
3385 3713 3451 3752 ea:
3471 3677 3713 3757 Iudaico

454 3796 759 3866 aaniloquio
788 3787 1064 3857 incipiens,
1107 3780 1338 3837 codicem
1382 3776 1438 3832 in
1470 3776 1809 3848 prophetiam
1842 3775 2181 3846 psalmorum
2209 3777 2742 3866 conscripsit.omnes
2782 3777 2849 3833 de
2889 3778 3117 3835 Domino
3150 3786 3516 3850 pra-dictiones
3548 3778 3718 3846 abne-

457 3863 687 3963 gamw-h
717 3880 903 3950 Neque
936 3885 1118 3931 tamen
1143 3877 1372 3926 externo
1412 3865 1725 3922 ιεειίιηοηεο
1753 3880 1893 3936 opus
1916 3871 2176 3963 esu-eum
2208 3863 2385 3963 ipsum
2411 3874 2689 3963 auctorem
2719 3865 3017 3923 habeamus
3044 3871 3246 3942 scripta
3274 3876 3447 3930 suain
3467 3879 3716 3944 psalmos

455 3953 731 4051 ﬁmcipue
757 3970 841 4029 είς
859 3970 1210 4023 accusantem
1241 3959 1295 4014 in
1327 3957 1557 4028 epistola
1587 3958 1822 4051 quadam
1852 3954 1999 4051 apud
2027 3953 2344 4029 Facundum
2381 3970 2465 4020 Ill,
2507 3955 2541 4011 6
2574 3973 2590 4011 :
2630 3954 2712 4010 Ea
2733 3972 2850 4027 quae
2869 3961 3068 4029 scripta
3096 3974 3218 4018 sunt
3254 3965 3308 4020 in
3342 3968 3587 4037 psalinos
3606 3973 3715 4026 nti-

454 4049 622 4135 ί-ατίε,
645 4080 763 4141 qua
788 4065 950 4121 etiam
977 4060 1151 4130 prima
1172 4062 1485 4109 creterorum
1507 4050 1741 4105 omnium
1765 4049 2077 4115 scripsimus
2104 4064 2123 4102 :
2141 4065 2245 4102 non
2267 4059 2440 4102 autem
2462 4059 2718 4120 quantam
2744 4062 3045 4119 oportuerat
3063 4053 3343 4131 habuimus
3364 4058 3508 4112 circa
3539 4061 3715 4117 istam

454 4180 567 4222 rm
584 4157 912 4230 diuquam
942 4146 1129 4219 :passi
1149 4150 1288 4202 enim
1321 4160 1503 4200 sumus
1528 4158 1846 4213 quaecunque
1883 4142 2210 4211 incipientes,
2237 4154 2292 4197 ut
2323 4144 2517 4210 evertit,
2536 4146 2592 4198 in
2622 4146 2887 4214 imperitia
2909 4148 3172 4203 scribendi
3192 4154 3506 4209 constituti:
3540 4158 3717 4229 siqui-

456 4264 576 4320 dem
616 4274 668 4316 es
716 4256 918 4312 multas
937 4244 1332 4303 immicus
1353 4241 1419 4296 ab,
1441 4239 1536 4294 illo
1579 4249 1810 4309 tempore
1836 4255 1954 4310 qua
1991 4249 2172 4294 nostra
2199 4250 2321 4294 sunt
2356 4252 2714 4311 susceperunt,
2760 4259 2893 4313 quas
2916 4260 3018 4298 non
3046 4255 3124 4299 est
3151 4250 3428 4316 prasentis
3451 4254 3716 4322 temporis

456 4368 712 4414 enarrare
739 4364 758 4403 ε
788 4361 856 4401 ea
880 4359 985 4415 qua
1021 4351 1189 4394 causa
1212 4333 1380 4405 stragis
1407 4330 1722 4401 negligenter
1744 4346 1783 4384 ,α
1804 4328 1953 4403 nobis
1986 4333 2279 4400 composita
2292 4340 2417 4385 sunt
2445 4333 2699 4401 plurima,
2744 4342 2795 4388 et
2818 4334 3045 4388 maxime
3066 4335 3164 4390 illa
3195 4350 3313 4407 quae
3354 4343 3530 4409 prima
3555 4356 3712 4400 εαηε,

456 4452 659 4509 ιιοηηη
690 4444 807 4515 ἣρω
831 4433 1195 4499 Facundusx,
1214 4431 1250 4487 5
1280 4450 1295 4486 :
1333 4427 1637 4485 Theodorus
1670 4432 1818 4482 uttro
1847 4428 2182 4497 semetipsum
2211 4428 2588 4498 reprehendens
2618 4430 2675 4483 in
2698 4430 3024 4498 expositione
3048 4432 3405 4504 Psalmorum,
3429 4440 3719 4510 confessus

450 4552 536 4600 αι
562 4538 703 4614 quod
736 4532 1053 4607 negligenter
1083 4541 1188 4582 asc
1206 4524 1496 4589 composita
1523 4521 1722 4590 fuerint
1756 4520 2013 4591 plurima,
2036 4529 2087 4575 et
2111 4521 2343 4575 maxime
2375 4522 2473 4576 illa
2519 4536 2636 4593 quae
2671 4524 2846 4592 prima
2877 4532 3020 4580 sunt.
3065 4521 3208 4578 Sane
3236 4525 3281 4579 si
3305 4526 3372 4581 de
3402 4541 3513 4582 uno
3536 4544 3722 4599 opere

456 4636 547 4691 hic
576 4630 817 4703 loquitur
851 4620 1165 4683 Facundos,
1191 4621 1380 4701 uﬁoue
1403 4626 1646 4690 apparet,
1672 4616 2018 4673 Theodorum
2055 4631 2124 4671 ex
2157 4630 2254 4674 sua
2280 4615 2622 4673 Psalmorum
2648 4620 3093 4688 interpretatione
3120 4621 3395 4692 prtecipue
3418 4625 3714 4693 vitupera-

454 4731 605 4784 visse
651 4722 980 4797 principium
1033 4718 1216 4787 operis
1245 4717 1336 4783 (de
1362 4730 1475 4784 quo
1510 4714 1723 4771 scilicet
1770 4712 2045 4783 principio
2074 4712 2215 4782 apud
2272 4721 2479 4767 textum
2527 4714 2846 4783 synodicum
2890 4728 3071 4772 sermo
3098 4715 3225 4783 est).
3273 4715 3378 4769 Sed
3421 4722 3542 4769 esto
3575 4731 3723 4773 sane

456 4817 796 4888 ambiguum,
821 4820 1008 4867 utrum
1032 4806 1176 4879 apud
1202 4804 1521 4860 Facundum
1549 4802 1876 4859 vocabulum
1923 4803 2103 4871 prima
2118 4802 2394 4870 signiticet
2427 4804 2724 4872 primordia
2753 4806 2943 4873 operis,
2981 4822 3050 4861 an
3097 4806 3278 4875 potius
3308 4805 3577 4859 scribendi
3608 4806 3724 4859 ini-

459 4916 630 4980 rem;
687 4891 910 4964 minime
935 4918 1067 4960 vero
1095 4901 1261 4959 dubia
1288 4907 1374 4955 est
1400 4898 1615 4953 Leontii
1638 4898 1939 4952 auctoritas
1965 4906 2152 4951 contra
2182 4896 2338 4955 Nest.
2379 4899 2474 4954 lib.
2504 4916 2588 4964 ιιι,
2617 4901 2704 4976 45,
2731 4903 2823 4957 ubi
2869 4904 3073 4971 scripta
3103 4898 3469 4969 Mopsuesteni
3491 4896 3722 4967 vitupe—

458 5023 611 5071 rans,
644 5004 698 5059 in
723 5003 809 5058 his
826 5005 1075 5056 recenset
1096 4997 1196 5067 τὴν
1218 4995 1357 5050 κατὰ
1378 4995 1488 5050 τῶν
1522 4993 1683 5066 ἱερῶν
1727 4992 1959 5065 ψαλμῶν
1979 5010 2006 5047 τ

2174 4993 2301 5048 τοιδν
2330 4995 2703 5067 προθεωρίανε
2738 4998 2818 5053 sic
2843 4999 2986 5052 enim
3020 4995 3162 5050 edidi
3203 5011 3266 5048 ex
3301 4994 3490 5048 ϐιωρο
3515 4994 3722 5051 codice

463 5100 744 5163 Vaticano,
786 5109 909 5167 quae
934 5092 1099 5148 verba
1130 5092 1184 5145 in
1220 5088 1476 5171 Turriani
1500 5088 1956 5157 Latinitate.qu
1970 5089 2086 5144 sola
2132 5090 2399 5144 hactenus
2422 5090 2568 5144 edita
2596 5091 2792 5154 fuerat,
2827 5092 2907 5146 sic
2939 5091 3162 5151 habent,
3212 5100 3263 5144 et
3289 5089 3718 5159 prmmeditat‘in-

460 5208 574 5247 nem
600 5197 950 5247 exercentem
974 5187 1030 5241 in
1046 5200 1228 5240 sacros
1263 5184 1524 5240 Psalmos.
1551 5183 1696 5238 Sane
1716 5181 2023 5238 Turrianus
2054 5184 2400 5253 interpretari
2428 5186 2697 5253 potuisset
2718 5184 3082 5253 prtt'fationem
3115 5200 3132 5239 :
3169 5184 3293 5253 quis
3325 5185 3470 5237 enim
3501 5183 3718 5247 nescit,

460 5282 781 5349 argumenta
819 5293 917 5334 seu
957 5275 1301 5346 pmiationes
1337 5271 1650 5328 Graecarum
1693 5273 1777 5327 vel
1826 5273 2134 5327 orationum
2182 5274 2267 5327 vel
2309 5274 2623 5341 lntjusmodi
2673 5276 3114 5331 lucubrationum
3153 5272 3416 5343 appellari
3459 5272 3725 5343 προθεωο

464 5368 625 5439 plac?
659 5366 825 5421 Valde
857 5367 1024 5437 igitur
1054 5378 1256 5421 censeo
1288 5361 1613 5434 synodicum
1641 5362 1974 5431 eclogarium
1998 5363 2311 5432 respexisse
2338 5363 2403 5415 ad
2436 5361 2806 5431 praelationem
2839 5364 3221 5419 Commentarii
3249 5364 3624 5426 Psatmorum.
3666 5358 3731 5413 in

461 5472 568 5526 qua
596 5454 916 5511 Theodorus
942 5455 1195 5511 liberiore
1220 5453 1676 5526 ingenioluserat,
1711 5462 1763 5506 ct
1795 5452 2045 5521 quaedam
2070 5461 2259 5509 contra
2289 5456 2548 5523 mysticus
2576 5454 2902 5523 tlguratosve
2926 5470 3120 5508 sensus
3154 5455 3415 5508 audacius
3442 5450 3773 5523 etlmierat,

464 5558 614 5622 (pllla
649 5551 739 5604 illa
786 5551 949 5604 verba
1004 5551 1247 5621 synodiei
1308 5548 1650 5615 testimonii),
1685 5564 1805 5618 quae
1849 5547 2044 5601 deinde
2078 5547 2306 5616 ipsemet
2356 5551 2691 5611 retractavit,
2748 5559 2805 5603 ut
2836 5551 2910 5604 ait
2946 5548 3268 5619 Hesychius.
3307 5546 3551 5615 Denique
3602 5564 3723 5602 no-

533 5738 611 5804 (a)
647 5737 853 5804 l’rolog.
891 5734 959 5787 ad
997 5750 1185 5788 comm.
1213 5734 1269 5787 in
1306 5733 1470 5789 Zuch.
2143 5734 2549 5790 esse‘mendnm
2597 5731 2802 5787 librarii
2842 5732 2936 5802 qui
2991 5727 3464 5804 nonintelleverit
3498 5726 3724 5784 littera:

531 5802 608 5880 (ὁ)
648 5802 854 5861 Concil.
917 5805 1004 5859 hic
1052 5813 1106 5861 ct
1151 5804 1279 5857 alibi
1315 5804 1634 5867 commenti;
1670 5805 1763 5859 sed
1822 5804 1962 5858 malo
1987 5804 2037 5859 id
2151 5806 2529 5874 ροιιψριιιιιιιιιι
2562 5819 2685 5857 cum
2717 5805 3056 5873 superpos'ta
3098 5802 3306 5856 lineola.
