3920 6130
217 323 295 380 115
1442 321 1598 376 ANG.
1642 319 1781 373 MAN
1827 321 1982 376 l’iizii
1993 321 2212 378 FA'l'lO.
3367 321 3472 378 i‘f't

213 451 507 508 magnopere
541 436 858 490 mirandum
903 445 1017 503 est,
1059 439 1105 494 si
1149 438 1284 492 forte
1323 453 1492 492 unum
1537 453 1640 508 pro
1665 439 1838 493 altero
1871 436 2250 507 Mopsucsteni
2299 449 2439 504 opus
2479 435 2766 490 recitatum
2813 433 2934 498 fuit,
2987 436 3030 490 si
3062 443 3210 490 certe
3256 448 3471 492 constat

215 550 298 587 sou
327 533 375 586 id
427 531 612 586 solum
666 548 790 585 esse
837 535 1222 596 commissum,
1269 547 1455 587 verum
1515 541 1568 587 et
1590 533 1711 602 ejus
1745 533 1934 588 titulos
1971 532 2243 586 interdum
2275 530 2448 586 fuisse
2501 531 2659 586 valde
2695 545 3000 600 perversos.
3067 529 3262 586 Nonne
3320 529 3465 584 enim

218 625 441 678 Leontius
474 623 657 677 libms
691 623 973 678 Theodori
1007 625 1086 678 De
1103 625 1470 678 incarnatione
1491 631 1544 678 et
1577 622 1998 677 Commentarios
2021 624 2074 675 in
2096 620 2314 686 lotum,
2357 631 2641 690 propterea
2675 619 2839 690 quod
2859 620 3071 675 insanis
3098 620 3386 674 sententiis
3416 627 3471 673 et.

213 715 493 770 damniﬁcis
535 713 727 770 referti
764 724 946 778 erant,
1014 717 1293 786 inscripsit
1338 733 1442 772 seu
1495 713 1756 784 appellavi

1923 716 1968 769 ’ὰ
2017 713 2548 784 ἐνανθρωκήσεως,
2601 713 2854 766 adversus
2915 713 3360 775 incarnationem,
3418 722 3471 766 et

211 808 337 861 κατὰ
351 806 458 861 τὸν
499 807 646 871 Ἰώϐ,
675 808 932 862 adversus
961 807 1200 863 Jobum?
1225 808 1479 863 Profecto
1512 808 1566 862 id
1604 809 1658 862 in
1688 808 1806 877 ipso
1831 806 2069 861 concilio
2108 805 2304 876 quinto
2335 819 2402 859 es
2434 805 2564 859 odio
2603 805 2686 858 vel
2713 815 2858 859 certe
2905 805 3248 858 notariorum
3283 820 3472 858 errore

213 899 387 953 intum
413 899 739 968 justissime
765 902 969 956 asserit
1012 903 1066 954 in
1117 902 1568 957 adnotationibus
1617 901 1684 954 ad
1730 902 1981 955 notitiam
2031 898 2300 953 Theodori
2341 898 2514 953 nostri
2570 898 2649 968 (α)
2687 898 3094 964 Tillemontius,
3135 898 3297 967 cujus
3351 899 3468 950 hn-c

213 996 348 1046 verba
386 1000 524 1047 sunt
561 1011 574 1045 :
610 993 759 1046 Datis
790 993 838 1046 le
875 992 1168 1062 cinquieme
1199 994 1396 1047 concita
1418 994 1517 1063 (ἃ),
1542 1002 1702 1046 τηινρ
1731 993 1804 1046 les
1826 1009 2076 1060 passages
2112 993 2239 1044 cites
2271 991 2336 1044 ds
2365 989 2632 1044 Theodore
2654 990 2719 1043 de
2747 987 3048 1055 Mopsueste
3084 1005 3219 1056 ponr
3237 990 3476 1058 jnstiﬁer

211 1103 258 1140 sa
281 1083 722 1146 condamnation,
755 1103 822 1139 on
846 1102 910 1139 en
944 1095 1122 1137 tronae
1157 1101 1226 1137 un
1260 1085 1364 1138 cito
1386 1086 1452 1136 de
1471 1100 1566 1137 son
1597 1097 1759 1137 conm

1929 1097 1996 1136 re
2023 1096 2121 1135 sur
2140 1081 2282 1134 saint
2318 1079 2618 1144 Matthieu;
2651 1088 2700 1132 et
2729 1080 2761 1132 it
2797 1078 2852 1132 la
2881 1087 3008 1132 teste
3036 1078 3108 1130 du
3137 1079 3343 1131 stu'vant
3372 1078 3410 1129 il
3442 1096 3473 1147 ῃ

212 1194 252 1238 s,
275 1177 516 1245 ejusdem
555 1192 624 1230 ex
669 1178 812 1232 libro
851 1179 997 1248 quod
1032 1177 1176 1234 Deus
1229 1184 1514 1247 peceatum
1556 1177 1744 1231 docuit
1789 1183 1843 1230 ct
1871 1183 2104 1229 mortem
2153 1172 2480 1228 introduxit.
2550 1171 2817 1227 Theodore
2843 1179 2927 1225 n’a
2967 1171 3112 1238 point
3145 1173 3476 1225 assurément

212 1274 364 1323 tome
387 1287 445 1323 ce
469 1271 600 1325 titre
630 1273 664 1323 ἁ
692 1289 867 1326 aucsn
905 1274 970 1327 de
991 1289 1074 1327 ses
1107 1289 1356 1343 ouvrages
1385 1287 1402 1325 :
1435 1282 1484 1327 et
1508 1273 1550 1326 il
1570 1273 1688 1341 {aut
1719 1288 1816 1341 qua
1839 1287 1894 1324 ca
1923 1273 2026 1325 soit
2068 1286 2169 1324 une
2200 1286 2384 1324 ενι-ενι-
2412 1271 2568 1339 qu‘on
2598 1268 2814 1337 pretend
2840 1269 2967 1322 tirer
3005 1267 3068 1320 de
3099 1267 3380 1336 qustqn‘nn
3412 1267 3477 1320 de

211 1378 278 1416 ses
309 1363 485 1425 liora,
515 1373 567 1416 et
593 1381 721 1417 saus
751 1364 910 1418 dante
942 1366 1016 1417 du
1042 1363 1443 1420 Commentaire
1477 1381 1574 1420 sur
1603 1366 1747 1421 saint
1781 1363 2066 1427 Matthieu,
2109 1365 2320 1417 nommé
2355 1361 2800 1417 immédiatentent
2842 1372 3197 1431 anparavant,
3248 1363 3296 1416 si
3341 1376 3474 1413 ηοω

211 1453 358 1507 lisons
386 1469 454 1507 ex
479 1454 686 1521 eodem
720 1455 881 1509 libro.
917 1454 1152 1512 Prorsus
1179 1458 1251 1510 ita
1285 1458 1540 1526 superius
1570 1471 1671 1512 nos
1700 1456 1964 1519 diximus,
1996 1456 2388 1518 locum'lllum,
2428 1455 2521 1524 qui
2566 1455 2769 1510 dicitur
2799 1473 2865 1512 ex
2894 1455 3288 1512 Commentario
3317 1457 3374 1507 in
3399 1468 3474 1507 xu

212 1551 502 1619 prophetas,
540 1549 896 1604 referendum
943 1566 1068 1607 esse
1095 1553 1158 1606 ad
1192 1552 1418 1607 citatum
1458 1551 1533 1606 in'
1562 1551 2000 1623 praecedentibus
2055 1551 2303 1607 Psalterii
2344 1551 2568 1606 librum.
2628 1550 2774 1616 llaae,
2813 1553 3059 1624 inquam,
3103 1551 3470 1623 peremptoris

213 1646 599 1701 demonstratio
623 1655 709 1700 est
738 1648 1008 1702 adversus
1039 1663 1134 1703 eos
1161 1647 1252 1719 qui
1286 1648 1608 1718 syuodicum
1637 1648 2016 1702 testimonium
2058 1648 2218 1703 nobis
2253 1647 2576 1718 objecerint.
2611 1675 2680 1689 ε-
2721 1649 2812 1704 Sic
2852 1651 2981 1704 olim
3019 1665 3120 1720 ego
3157 1649 3479 1720 disputavev

216 1753 336 1797 ratu,
362 1745 422 1790 ut
457 1737 779 1804 proemium
825 1741 880 1792 in
929 1738 1179 1794 Psalmos
1226 1755 1324 1809 pro
1370 1739 1622 1808 prowmio
1676 1742 1731 1793 in
1784 1755 1859 1793 su
1911 1739 2191 1808 prophetas
2242 1739 2592 1794 scribendum
2620 1754 2743 1794 esse
2796 1741 2849 1793 in
2906 1742 3117 1812 synodo
3167 1740 3476 1794 suaderem.

217 1827 353 1882 Nunc
387 1829 524 1883 illud
561 1829 614 1884 in
647 1839 888 1886 mentem
918 1833 1088 1899 venit,
1121 1833 1234 1887 fieri
1276 1848 1434 1903 posse
1465 1841 1522 1887 ut
1568 1832 1819 1902 generale
1864 1832 2095 1904 aliquod
2125 1831 2452 1902 prommiutn
2483 1832 2536 1886 in
2567 1833 2796 1887 minores
2835 1833 3118 1902 prophetas
3143 1833 3274 1904 olim
3305 1834 3478 1888 exsti»

217 1923 328 1974 teri!
362 1920 642 1976 Theodori
678 1923 876 1987 nostri,
907 1924 1056 1994 quod
1085 1924 1138 1978 in
1171 1923 1452 1980 codicibus
1475 1940 1584 1979 non
1617 1925 1686 1980 sit
1707 1932 2112 1987 conservatum,
2149 1930 2373 1994 pr0ptcr
2393 1924 2751 1980 reverentiam
2779 1923 3011 1978 fortasse
3026 1938 3154 1994 erga
3182 1924 3480 1977 concilium

217 2026 240 2062 a
269 2027 373 2079 quo
406 2011 508 2064 fuit
545 2013 688 2067 illud
717 2013 1111 2083 vituperatum.
1145 2016 1349 2071 Cet-tea
1377 2015 1743 2079 Theodoreto,
1781 2015 1874 2084 qui
1911 2012 2261 2070 Theodorum
2291 2015 2345 2070 in
2373 2015 2693 2072 earumdem
2727 2016 3114 2085 prophetarum
3154 2017 3485 2086 interpreta-

219 2104 351 2156 tione
375 2105 542 2160 valde
572 2112 845 2167 sectatur,
874 2110 1186 2177 generalem
1227 2109 1508 2178 prologum
1537 2107 1815 2179 prmscrihi
1838 2108 2087 2164 videmus
2121 2127 2134 2162 :
2171 2116 2288 2163 tum
2332 2109 2388 2164 in
2423 2105 2573 2166 textu
2610 2118 2806 2166 nostro
2853 2109 3128 2165 Theodori
3181 2112 3225 2166 si
3257 2126 3358 2180 pro
3399 2113 3480 2172 εις

219 2196 426 2266 ἔλεγχον
453 2197 594 2262 τῶν,
615 2206 728 2253 etc.
763 2201 1044 2254 Scribatur
1067 2203 1145 2264 εἰς
1177 2203 1395 2273 ἔλεγχον
1416 2199 1510 2256 οὖν
1553 2202 1683 2265 τῶν,
1718 2209 1767 2255 et

1934 2217 1991 2258 ec
2033 2217 2141 2255 una
2200 2204 2495 2273 particula,
2529 2218 2650 2281 qua:
2683 2205 2918 2260 fortasse
2959 2214 3072 2258 tum
3100 2212 3185 2260 est
3211 2203 3482 2260 subducta

217 2303 329 2342 cum
363 2289 558 2357 priora
587 2301 1001 2355 resecarentur,
1027 2293 1161 2349 satis
1191 2294 1460 2350 indicaret
1481 2295 1732 2366 generale
1769 2310 1800 2349 a
1845 2295 2138 2351 Theodoro
2173 2297 2501 2366 prooemium
2551 2296 2722 2351 fuisse
2774 2299 3147 2368 praepositum.
3174 2296 3266 2350 Illa
3318 2298 3485 2352 etiam

216 2381 364 2436 verba
403 2398 460 2451 p.
497 2384 548 2447 ι,
577 2399 631 2436 v.
672 2384 724 2439 5.
762 2385 886 2438 καθ’
924 2385 961 2438 ἃ
993 2386 1224 2456 πρόσθεν
1283 2389 1454 2462 ἔφθην
1501 2389 1671 2443 εἰπὼν
1709 2389 1764 2461 (ς

1935 2405 1957 2445 e
1999 2391 2425 2461 interpungatur
2470 2398 2596 2444 ante
2645 2391 2704 2442 ὲν
2737 2390 2992 2460 ψαλμοῖς,
3020 2405 3181 2445 secus
3200 2391 3244 2445 si
3272 2394 3483 2460 postea)

214 2473 345 2527 haud
371 2490 488 2528 rem
519 2475 578 2529 in
589 2475 812 2530 diverso
835 2493 1000 2547 opere
1019 2478 1240 2543 dictam,
1268 2480 1360 2535 sed
1381 2482 1434 2535 in
1453 2494 1719 2552 praesente
1744 2481 1952 2551 scripto
1970 2482 2235 2537 denotant
2262 2483 2433 2553 :quod
2453 2483 2496 2538 si
2521 2483 2594 2536 ita
2611 2487 2714 2547 est,
2731 2482 3000 2550 generalis
3022 2483 3278 2552 prologus
3297 2499 3489 2539 ncces-

215 2570 350 2622 sario
367 2569 721 2640 intelligitur,
739 2572 830 2640 qui
848 2572 968 2626 sine
993 2571 1281 2626 dubiotam
1306 2575 1546 2644 cupiosis
1583 2576 1636 2628 in
1657 2591 1751 2633 xu.
1773 2575 2052 2642 prophetas
2070 2575 2465 2629 commentariis
2496 2573 2711 2629 videtur
2732 2571 2900 2628 fuisse
2915 2573 3487 2632 convcnientissimus.

278 2662 336 2716 γ.
368 2663 532 2717 Nunc
570 2679 685 2733 quo
720 2667 959 2735 ingenio,
1003 2681 1114 2736 qua
1159 2668 1394 2732 ratione,
1438 2684 1555 2739 quo
1577 2668 1684 2724 fine
1725 2667 2052 2725 Theodorus
2085 2669 2186 2725 hos
2233 2668 2299 2723 ad
2351 2668 2651 2740 prephetas
2684 2668 3114 2724 commentarios
3159 2668 3491 2725 instruxisse

211 2761 473 2823 videatur,
506 2761 708 2815 sobria
738 2777 864 2815 eum
910 2763 1173 2819 brevitate
1220 2766 1514 2820 dicendqu
1561 2775 1667 2822 est.
1701 2770 1879 2838 Atque
1928 2767 1982 2821 in
2025 2767 2222 2836 primis
2252 2766 2549 2821 fecundum
2595 2765 2871 2820 Theodori
2922 2764 3158 2834 felixque
3211 2765 3488 2834 ingenium

215 2853 394 2905 mirari
429 2853 586 2916 licet,
616 2854 714 2923 qui
749 2855 818 2909 de
851 2871 994 2924 penu
1038 2867 1140 2908 suo
1186 2854 1448 2925 pleraque
1496 2856 1680 2910 omnia
1730 2856 1922 2919 sumit,
1973 2855 2248 2908 neminem
2287 2854 2561 2918 imitatur,
2611 2853 2818 2907 nedum
2867 2851 3088 2921 expilat.
3145 2849 3394 2920 Cumque
3435 2851 3491 2904 hi

212 2949 484 3018 prophetae
507 2962 624 3016 prae
647 2947 908 3003 omnibus
923 2963 1210 3003 sacrorum
1235 2949 1538 3005 Bibliorum
1575 2953 1825 3022 partibus
1844 2953 1956 3007 sint
1989 2951 2396 3016 obscurissimi,
2430 2951 2503 3004 ita
2547 2958 2605 3004 ut
2636 2949 2754 3004 sine
2802 2949 3100 3017 interprete
3131 2962 3359 3018 prorsus
3388 2947 3492 3017 legi

213 3060 312 3098 non
339 3045 590 3114 possint,
617 3043 946 3098 Theodorus
984 3051 1133 3098 tanta
1167 3060 1264 3102 eos
1286 3046 1570 3110 facilitate,
1592 3055 1704 3102 tam
1737 3049 1973 3104 naturali
2010 3062 2296 3119 pronoque
2336 3046 2577 3102 decursu
2619 3045 2897 3108 edisserit,
2928 3052 2989 3099 ut
3021 3045 3137 3114 ipse
3176 3060 3284 3098 non
3326 3046 3491 3099 verba

212 3141 406 3210 legere,
429 3140 532 3196 sed
560 3141 618 3195 in
649 3141 935 3211 propheta:
965 3143 1233 3210 cujusque
1265 3145 1832 3208 mentem,oculor-um
1851 3146 2027 3199 aciem
2056 3143 2342 3200 intendere
2356 3143 2628 3199 videatur.
2665 3141 3030 3208 Quamobrem
3049 3157 3156 3195 non
3189 3141 3308 3195 sine
3325 3153 3492 3194 causa

214 3248 240 3284 a
269 3234 458 3288 multis
497 3248 692 3288 arcem
724 3235 1093 3303 interpretum
1127 3243 1310 3288 tenere
1341 3234 1649 3289 dictus-est.
1682 3235 1868 3306 Neque
1901 3253 2029 3291 vero
2064 3237 2386 3291 Theodorus
2407 3236 2490 3290 vel
2521 3235 2848 3288 liebraicum
2868 3241 3073 3288 textum
3101 3223 3184 3286 vel
3213 3230 3494 3300 Syriacam

211 3342 272 3382 es
304 3327 537 3382 Hebraeo
567 3326 874 3381 derivatam
908 3325 1442 3394 interpretationem,
1471 3328 1555 3382 vel
1577 3327 2140 3398 Origenisﬂexapla,
2180 3330 2233 3382 in
2271 3343 2498 3383 censum
2534 3335 2692 3381 vocat
2729 3343 2742 3380 :
2780 3326 2889 3378 imo
2925 3323 3206 3394 Syriacam
3232 3323 3498 3390 interpre-

212 3417 468 3472 tationem
507 3418 912 3490 (Antiochenus
947 3423 1074 3476 licet
1113 3423 1294 3494 homo)
1321 3423 1552 3493 ejusque
1588 3439 1918 3493 anonymum
1945 3426 2298 3494 interpretem
2331 3441 2442 3480 non
2470 3425 2638 3479 semel
2675 3423 2890 3477 vellicat
2918 3437 3006 3489 pp.
3045 3418 3168 3482 185,
3205 3418 3327 3482 ltili,
3357 3416 3494 3482 202;

215 3507 414 3578 quippe
440 3505 637 3562 Greco
659 3507 800 3562 LXX
819 3509 1182 3580 interpretum
1208 3520 1355 3568 textu
1380 3524 1693 3579 contentus,
1719 3515 1862 3570 hunc
1882 3532 2049 3571 unum
2073 3517 2357 3572 osculatur
2377 3531 2443 3570 ac
2465 3516 2733 3584 sequitur,
2761 3522 2983 3582 pr0pter
3000 3524 3294 3574 summam,
3315 3518 3374 3562 ut
3397 3509 3494 3571 ait,

216 3603 492 3656 seniorum
515 3603 744 3657 illorum
765 3605 1019 3674 peritiam
1046 3614 1206 3676 atque
1225 3622 1280 3661 sa
1290 3607 1572 3678 picntiam,
1592 3617 1644 3664 et
1661 3618 1881 3680 propter
1903 3613 2279 3681 apostolorum
2294 3611 2703 3672 auctoritatem,
2729 3608 2822 3677 qui
2849 3607 2988 3659 hanc
3004 3605 3314 3661 versionem
3340 3604 3498 3657 Chri-

217 3695 408 3751 stianis
435 3695 735 3766 neophytis
758 3697 1281 3752 commcndaverunt
1304 3702 1416 3770 (pp.
1440 3699 1563 3766 185,
1591 3702 1706 3765 104,
1723 3701 1874 3769 202).
1894 3701 2079 3772 Neque
2109 3703 2284 3771 ipsam
2311 3699 2662 3755 Hebraeorum
2684 3700 2922 3770 linguam
2943 3697 3264 3753 Theodorus
3280 3697 3494 3758 calluit,

219 3801 244 3836 a
272 3801 374 3855 qua
398 3788 620 3840 nullum
656 3796 946 3842 mutuatur
978 3790 1159 3846 lumen
1183 3812 1196 3860 ;
1217 3803 1270 3848 et
1292 3805 1554 3864 praeterea
1583 3814 1636 3867 ι).
1660 3798 1722 3852 9i
1760 3817 1772 3851 :
1801 3799 1987 3861 Aiunt,
2021 3799 2220 3867 inquit,
2249 3797 2466 3868 ρεμςράν
2501 3796 2812 3867 signitirare
2840 3795 3194 3863 phosphorum
3227 3795 3282 3846 in
3314 3793 3497 3862 lingua

217 3878 567 3932 Hebraeorum
599 3895 618 3932 :
651 3896 763 3949 quo
782 3879 950 3948 dicto,
971 3898 1079 3938 non
1119 3884 1345 3940 scientia
1365 3888 1716 3957 propria,scd
1747 3889 1923 3943 aliena
1959 3891 2305 3948 auctoritate,
2344 3889 2410 3944 de
2427 3888 2693 3942 vocabulo
2714 3885 2983 3941 liebraico
3010 3885 3262 3955 judicare
3301 3900 3362 3939 se
3397 3885 3494 3938 de—

221 3982 515 4025 monstrat.
555 3970 780 4028 Rursus
816 3989 870 4044 p.
905 3974 1034 4038 185,
1066 3989 1188 4032 cum
1218 3975 1536 4032 Graecorum
1564 3976 1929 4049 lnterprctum
1963 3978 2245 4034 discordia
2281 3979 2353 4034 sit
2386 3994 2414 4031 a
2453 3979 2592 4048 Syro
2627 3979 2680 4031 in
2739 3979 2993 4034 vocabuli
3033 3978 3286 4032 llchraici
3323 3977 3500 4047 explir-

219 4061 456 4126 catione,
507 4063 631 4132 ipse
658 4063 883 4133 quidem
933 4065 1156 4123 Graecos
1185 4071 1456 4136 sequitur,
1492 4088 1600 4126 non
1652 4074 1811 4141 quasi
1852 4074 2256 4144 grauuuaticali
2304 4075 2505 4129 ductus
2556 4074 2630 4138 vi,
2670 4072 2766 4129 sed
2807 4074 3138 4129 reverentia.
3176 4074 3356 4138 Quare
3389 4089 3498 4127 non

220 4161 367 4203 trcte
397 4152 668 4206 eollineat
697 4155 843 4223 apud
879 4153 1358 4214 Boscnmullerum
1395 4160 1466 4232 (c)
1498 4161 1807 4228 Ernestius,
1861 4166 1952 4234 qui
2001 4166 2316 4234 suspicantur
2349 4166 2469 4220 ideo
2496 4165 2872 4235 judaizantcm
2911 4168 3088 4223 visum
3132 4167 3300 4221 fuisse
3339 4165 3498 4219 Chri-

224 4239 421 4293 stianis
452 4237 943 4311 MOpsuestenum,
986 4248 1132 4316 quod
1180 4253 1479 4306 secundum
1527 4262 1709 4309 textus
1758 4254 2055 4312 llebraicos
2105 4257 2610 4326 interpretationem
2656 4257 2894 4314 fecisset.
2943 4259 3130 4330 Neque
3174 4258 3497 4312 Theodorus

223 4333 406 4398 (serus
453 4351 520 4390 ac
565 4337 819 4394 hodierni
861 4342 1043 4398 critici
1084 4347 1392 4414 pompatice
1431 4348 1677 4417 quidem,
1730 4349 1825 4404 sed
1877 4365 1988 4404 non
2041 4351 2162 4406 sine
2194 4351 2524 4405 confusione
2573 4357 2736 4419 atque
2775 4351 3165 4419 impedimento
3201 4350 3495 4419 legi-utinm

231 4429 459 4497 faciunt)
503 4430 873 4500 multiplicem
899 4436 1295 4502 eruditionem,
1336 4442 1704 4497 tunltorumvc
1740 4455 2032 4498 auctorum
2072 4447 2296 4498 notniua
2333 4447 2613 4512 congerit;
2652 4445 2763 4497 imo
2794 4460 2918 4496 cum
2957 4445 3096 4499 forte
3121 4445 3500 4497 controversia

224 4516 430 4571 incidat
462 4519 532 4574 de
566 4522 805 4577 urbibus
842 4524 1072 4594 Bothro,
1105 4527 1358 4597 Tharsis,
1389 4541 1552 4604 atque
1582 4537 1872 4600 Ammone,
1906 4536 2336 4604 disputationem
2368 4536 2702 4604 quantm-ius
2733 4536 3014 4603 abrumpit
3039 4544 3246 4595 uoster,
3282 4536 3498 4601 quom'tc

225 4622 324 4665 nos
355 4624 384 4661 a
417 4627 525 4665 suo
561 4614 832 4683 propheta
872 4633 941 4672 ne
974 4619 1147 4675 latum
1189 4625 1412 4693 quidem
1451 4645 1690 4699 unguem
1728 4631 2006 4684 discedat.
2043 4629 2117 4683 Ex
2151 4638 2230 4683 tot
2263 4638 2444 4684 autem
2483 4638 2610 4684 ante
2633 4646 2691 4686 se
2723 4629 3024 4684 Bililiorum
3046 4629 3500 4698 cxplicatorihus,

223 4719 285 4757 ne
310 4722 486 4760 unum
523 4709 753 4778 quidem
786 4713 1117 4772 nominatim
1149 4723 1427 4789 appellat;
1459 4739 1765 4794 anonymos
1807 4742 2086 4797 nunquam
2127 4727 2242 4784 fere
2284 4728 2405 4784 sine
2447 4727 2850 4797 vituperatione
2883 4733 3298 4790 commemorat,
3332 4726 3499 4779 veluti

222 4819 306 4896 pp.
345 4809 439 4872 7i,
475 4809 605 4874 ω,
638 4811 768 4879 222,
807 4814 935 4870 254.
969 4813 1072 4880 Qui
1108 4833 1237 4872 vero
1273 4818 1384 4874 sint
1418 4822 1508 4875 isti
1548 4825 1840 4892 anonymi,
1869 4841 1932 4878 ev
1982 4824 2320 4896 Hieronymi,
2357 4826 2452 4895 qui
2487 4824 2588 4880 fuit
2621 4826 3004 4896 Mopsucsteuo
3039 4834 3496 4883 nostroeoawus,

221 4895 452 4967 l’roiogo
494 4901 568 4954 ad
602 4901 799 4956 Oscam
829 4905 1140 4975 intelligere
1181 4909 1421 4966 fortasse
1471 4912 1626 4977 licet,
1660 4913 1756 4982 qui
1799 4913 1877 4966 ait
1917 4923 2044 4969 ante
2086 4931 2145 4969 se
2189 4895 2580 4984 prophetarum
2631 4916 2901 4971 minorum
2946 4918 3116 4971 fuisse
3173 4917 3500 4980 interpretes

220 4990 536 5064 θτίῧθῐιεωι
573 4997 976 5068 APOllinarem,
1008 4995 1274 5064 Pierium,
1319 4996 1620 5055 Eusebium
1653 5001 2076 5069 Cmsarieusem,
2110 5020 2173 5058 ac
2204 5006 2512 5075 Didymum.
2552 5005 2661 5060 llos
2697 5007 2884 5077 igitur,
2922 5008 3004 5060 vel
3038 5023 3101 5058 ex
3143 5007 3225 5058 his
3259 5005 3496 5072 aliquos,

220 5103 245 5135 2
273 5088 572 5147 Theodoro
609 5095 946 5164 reprehendi
993 5095 1273 5165 suspicor.
1312 5095 1447 5150 Nam
1482 5095 1550 5150 de
1597 5097 1728 5166 ipso
1768 5097 2104 5168 Hieronymo
2151 5101 2501 5170 cogitandum
2533 5102 2625 5153 vix
2671 5111 2819 5169 puto,
2853 5116 2961 5153 non
2990 5112 3098 5152 tam
3142 5097 3267 5166 quia
3299 5105 3498 5150 comta-

222 5198 368 5250 neus,
406 5197 465 5242 ut
505 5187 650 5254 dixi,
679 5199 822 5257 erat,
847 5206 1016 5260 quam
1053 5193 1182 5261 quia
1215 5193 1648 5247 commentarios
1683 5191 1909 5246 Latinos
1943 5210 1972 5245 a
2002 5192 2174 5247 Graeci
2203 5195 2475 5248 sermonis
2510 5194 2728 5248 homine
2759 5195 2930 5247 lectos
2959 5191 3045 5243 vix
3091 5198 3173 5243 est
3215 5190 3493 5244 credibile.

225 5276 556 5337 Immensum
586 5297 761 5352 prope
787 5299 958 5353 opus,
987 5296 1138 5336 nunc
1169 5281 1542 5350 deperditum,
1579 5280 1648 5335 ad
1685 5283 1990 5351 prophetas
2025 5285 2270 5338 minores
2300 5284 2564 5352 Origenes
2591 5284 2887 5351 scripserat
2919 5300 2930 5333 :
2960 5296 3130 5350 quare
3167 5295 3497 5349 magnopere

223 5375 456 5432 arbitror
484 5379 538 5434 id
573 5380 856 5450 praecipue
904 5377 1320 5447 Mopsuesteno,
1352 5385 1580 5446 propter
1607 5376 1883 5431 diversam
1937 5378 2329 5446 interpretandi
2374 5379 2633 5440 indolem,
2674 5377 3040 5446 displicuisse.
3081 5378 3184 5432 Sed
3221 5395 3287 5431 ne
3334 5377 3497 5430 i‘icrii

224 5467 432 5533 quidem
466 5471 552 5526 vel
586 5469 938 5542 Apollinaris
965 5471 1054 5524 vel
1085 5467 1302 5540 Didymi
1331 5467 1539 5537 aliquid
1566 5478 1820 5536 superest
1841 5465 3499 5544 :douiqucctEusebiiDcmonstrationiscratim-[immm-xvi“,

227 5553 276 5610 in
301 5576 406 5630 quo
435 5563 506 5620 de
533 5561 681 5619 Osca
720 5562 984 5635 qumdam
1019 5563 1422 5631 disputaverat,
1452 5563 1632 5630 periit.

295 5723 360 5802 ({2}
389 5729 540 5784 Μέθη.
566 5735 696 5788 eccl.
739 5729 1003 5802 ιυιιιεᾘι
1036 5747 1086 5798 ιο.
1117 5729 1240 5802 iiii.
1418 5801 1425 5802 ί
1469 5801 1474 5802 γ

1469 5801 1474 5802 γ
1992 5745 2057 5802 tr}
2093 5731 2212 5784 [Ital
2264 5737 2477 5795 ωσι-νγ.
2516 5735 2628 5795 putt
2671 5742 2744 5785 HI,
2783 5741 2828 5796 υ
2869 5724 2992 5777 266.

292 5797 358 5870 {is}
391 5802 486 5855 Ed.
520 5802 694 5859 Coicti
723 5813 865 5859 tom.
895 5800 989 5871 IX,
1018 5797 1066 5854 ι),
1105 5801 1226 5852 2'11.
1263 5814 1375 5871 cap.
1414 5801 1498 5853 GU.
