3920 6130
412 352 509 408 115
1631 339 1794 396 ANG.
1837 337 1984 392 MAI!
2023 332 2410 390 PRAEFATIO.
3539 316 3644 376 Hii

474 459 565 518 γι.
603 457 760 514 Nunc
787 455 914 526 quia
953 453 1020 508 de
1055 451 1122 507 iis
1158 452 1294 517 dixi,
1334 453 1426 522 qui
1460 451 1803 506 Theodorum
1846 450 1901 504 in
1932 449 2020 503 his
2047 444 2384 516 exponendis
2424 441 2702 515 prophetis
2745 440 3145 510 praecesserunt
3166 473 3182 500 ,
3218 434 3378 491 liceat
3404 433 3646 526 breviter

401 555 701 615 nonnullos
731 524 969 623 quoque,
999 548 1095 617 qui
1124 543 1468 600 Theodorum
1502 541 1780 598 subsecuti
1816 545 1965 601 sunt,
1997 550 2465 602 commemorare;
2498 534 2740 603 priscos,
2775 532 3015 623 inquam,
3052 542 3285 623 quorum
3318 525 3538 623 scripta
3572 524 3646 580 ad

399 669 506 710 nos
527 615 894 724 pervenerunt
929 663 943 701 :
974 615 1101 700 sunt
1125 641 1275 696 enim
1307 640 1388 708 (ut
1419 639 1671 694 omittam
1699 633 1958 691 Iudaicos
1990 642 2044 689 et
2067 632 2390 688 brevissim
2426 628 2684 700 Hesychii
2713 625 2913 695 capita)
2945 619 3289 724 Graeeirtres,
3318 615 3640 672 Theodore-

401 717 836 813 tus,-Cyrillus,
876 737 1353 808 Theophylactus;
1402 732 1581 787 Latini
1625 731 1756 786 item
1801 740 1936 795 tres,
1962 727 2362 798 Hieronymus,
2403 724 2634 780 Rulinus
2675 730 2838 791 atque
2881 717 3162 792 Remigius
3202 733 3230 813 ς-
3265 727 3503 813 quorum
3542 727 3646 813 ego

399 807 832 889 commentarios
858 807 1135 890 lectitans,
1163 823 1568 880 Theodoretum
1593 819 1812 891 quidem
1839 817 2208 889 Mopsuesteni
2235 817 2498 872 asseclam
2533 829 2656 870 esse
2684 813 2934 868 videbam
2961 855 2978 880 ,
3019 813 3074 868 in
3121 809 3358 881 prologis
3400 807 3648 878 quando-

399 937 507 993 que
551 921 719 977 etiam
769 917 1143 990 plagiarium:
1201 912 1299 970 sed
1337 920 1518 969 tamen
1572 923 1750 979 neque
1799 909 2054 963 acumine
2097 921 2274 976 neque
2319 907 2568 961 ubertate
2601 918 2727 960 cum
2771 903 2876 958 hoc
2909 900 3366 993 comparandum.
3407 897 3647 993 Cyl-illus

397 987 660 1086 grandem
688 987 897 1068 tomum
927 1007 1451 1066 commentariorum
1483 1018 1712 1060 suorum
1743 1002 2012 1072 implevit,
2047 1002 2102 1057 in
2137 1001 2340 1071 quibus
2366 1001 2601 1070 plurima
2643 997 2875 1052 moralia
2907 995 3041 1050 dicit
3087 1007 3152 1047 ac
3181 991 3434 1086 mystica.
3468 987 3649 1086 Theo-

397 1082 688 1182 pbylactus
721 1107 957 1176 denique
989 1103 1260 1174 sequioris
1298 1101 1399 1157 avi
1425 1100 1592 1154 homo
1618 1112 1794 1170 pauca
1819 1104 1880 1152 ut
1909 1105 2044 1167 puto
2070 1095 2138 1150 de
2174 1109 2276 1150 suo
2301 1094 2526 1165 profert,
2563 1093 2656 1148 sed
2675 1106 2753 1147 ex
2780 1082 3650 1182 antiquorumlucubrationibus

399 1175 687 1268 litterales,
713 1175 972 1258 mor-ales.
1003 1197 1269 1268 mysticae
1292 1193 1688 1265 expositiones,
1720 1206 1820 1262 pro
1845 1191 1932 1246 sui
1973 1191 2239 1260 temporis
2280 1204 2455 1254 more,
2484 1186 2736 1243 deﬂorat.
2765 1185 2823 1240 In
2872 1181 3085 1238 Latinis
3119 1178 3488 1268 Hieronymus
3529 1175 3651 1268 sin-

395 1292 572 1363 gulari
615 1263 714 1347 sua
741 1263 1328 1360 praestantia'eminet;
1366 1263 1562 1342 omnes
1591 1283 1739 1338 enim
1779 1280 2004 1352 ingenii,
2049 1279 2377 1349 eloquentiae
2419 1277 2792 1346 doctrinaeque
2832 1275 3124 1328 thesauros
3151 1269 3220 1323 ad
3269 1280 3400 1323 suas
3431 1265 3489 1363 in
3543 1263 3650 1319 hos

395 1358 694 1451 prophetas
724 1358 1100 1447 expositiones
1135 1375 1394 1430 contulit.
1426 1372 1559 1428 Post
1587 1385 1751 1443 quem
1791 1368 2026 1424 Ruﬁnus
2055 1368 2442 1438 prophetarum
2481 1366 2724 1435 quinque
2767 1377 3062 1434 aggressus
3108 1358 3646 1451 interpretationem,

395 1445 674 1542 copiosam
703 1445 888 1539 potius
925 1468 1294 1534 moralemqne
1341 1460 1706 1533 paraphrasin
1753 1458 1904 1524 fecit,
1951 1466 2004 1513 et
2050 1458 2104 1512 in
2146 1457 2373 1528 prologo
2417 1457 2664 1526 iniquum
2711 1454 2780 1510 de
2815 1453 3149 1522 Hieronymo
3193 1448 3463 1542 judicium
3498 1445 3648 1542 tulit,

395 1536 557 1633 cujus
581 1536 886 1618 orationem
925 1559 1009 1614 vel
1033 1573 1130 1628 per
1154 1555 1445 1625 allegorias
1471 1551 1725 1623 Origenis
1751 1550 1836 1605 vel
1867 1565 1964 1620 per
1997 1547 2276 1604 fabulosas
2303 1547 2612 1603 Judmorum
2649 1545 2976 1601 traditiones
3003 1551 3170 1597 totam
3219 1538 3514 1595 defluxisse
3546 1536 3647 1591 ait.

397 1655 620 1712 Tertius
646 1653 930 1723 Remigius
959 1648 1436 1706 Antisiodorensis
1475 1654 1580 1714 est,
1617 1649 1710 1716 qui
1756 1645 1960 1700 saeculo
1993 1658 2140 1698 nono
2183 1643 2290 1699 sub
2310 1640 2507 1696 Carolo
2549 1641 2717 1696 Calvo
2763 1639 2967 1695 floruit.
3015 1635 3190 1706 Hujus
3225 1633 3648 1688 Commentarios

399 1743 468 1798 ad
493 1742 609 1798 ΧΗ
647 1739 935 1812 prophetas
958 1743 1189 1792 minores
1221 1748 1367 1791 anno
1407 1733 1548 1788 1545
1592 1730 1830 1786 Joannes
1859 1728 2163 1784 ﬂentenius
2197 1727 2388 1794 edidit,
2414 1728 2508 1797 qui
2546 1725 2745 1782 deinde
2780 1728 2833 1781 in
2863 1725 3266 1797 Lugdunensem
3297 1723 3414 1778 PP.
3442 1723 3650 1778 Biblio-

402 1844 606 1895 tltccam
632 1835 883 1892 translati
909 1832 1151 1889 fuerunt.
1179 1827 1630 1886 Commentarium
1660 1839 1792 1878 vero
1819 1825 1876 1877 in
1918 1827 2109 1878 Oscam
2137 1821 2455 1878 necessario
2489 1834 2550 1876 se
2587 1819 2840 1875 omisisse
2863 1819 3167 1879 Ilentenius
3197 1821 3296 1885 ait,
3328 1821 3456 1890 quia
3500 1819 3649 1874 hunc

396 1932 618 1993 unicus,
645 1924 810 1999 quem
857 1930 1058 1980 nactus
1083 1930 1222 1986 erat,
1252 1918 1423 1974 codex
1471 1911 1842 1971 desiderabat.
1893 1910 2005 1983 Ego
2047 1926 2176 1966 vero
2220 1910 2506 1981 antiquum
2548 1909 2791 1964 codicem
2833 1908 3157 1968 Vaticanum
3196 1910 3540 1983 perlustrans
3591 1911 3650 1964 in

398 2026 595 2084 Oscam
637 2037 858 2095 quoque
894 2018 1338 2075 commentarium
1388 2012 1623 2084 Remigii
1680 2011 1882 2082 reperi,
1920 2009 2175 2070 mutilum
2222 2015 2426 2073 tamen,
2469 2022 2668 2078 nempe
2703 2023 2878 2078 usque
2917 2009 2986 2063 ad
3031 2009 3337 2080 capitulum
3389 2008 3648 2077 quintum

395 2117 630 2173 necdum
661 2115 955 2185 expletum.
999 2110 1185 2180 Neque
1226 2109 1276 2165 is
1303 2107 1552 2164 defectus
1583 2107 2028 2163 membranarum
2058 2110 2162 2168 est,
2198 2116 2339 2172 quat,
2363 2102 2531 2168 utfit,
2570 2102 2916 2158 exciderint:
2956 2103 3158 2159 etenim
3208 2102 3264 2156 in
3302 2117 3408 2172 qua
3449 2099 3652 2170 pagina

397 2210 572 2268 Oseas
601 2208 956 2281 imperfectus
984 2204 1207 2270 desinit,
1237 2203 1442 2258 ibidem
1471 2202 1662 2271 incipit
1697 2200 1816 2256 Joél
1845 2218 1860 2255 :
1904 2198 2048 2260 unde
2076 2195 2460 2268 cognoscimus
2497 2195 2781 2266 antiquum
2813 2208 3200 2251 amanuenscm
3244 2191 3467 2247 nonnisi
3502 2191 3649 2244 hanc

393 2300 700 2371 Remigiani
734 2297 1109 2355 Commentarii
1148 2297 1205 2351 in
1242 2295 1434 2352 Oscam
1468 2303 1682 2365 partem
1712 2308 1823 2364 prae
1852 2292 2108 2348 manibus
2147 2290 2426 2346 habuisse.
2455 2289 2574 2344 Jam
2606 2292 2711 2346 etsi
2747 2290 3048 2347 Hentenius
3070 2289 3285 2361 magnis
3318 2287 3573 2342 laudibus
3615 2301 3649 2340 a

394 2413 455 2454 se
481 2398 661 2454 editos
692 2395 1116 2452 commentarios
1140 2390 1313 2459 edert,
1349 2405 1450 2462 ego
1478 2398 1658 2446 tamen
1688 2389 1995 2459 Remigium
2039 2388 2095 2443 in
2125 2388 2414 2443 calonibus
2446 2388 2628 2458 potius
2671 2387 2967 2458 ἑρμηνείας
2995 2403 3160 2460 quam
3213 2388 3270 2442 in
3303 2385 3649 2457 principibus

395 2501 713 2552 numerem;
741 2484 889 2556 quod
913 2485 981 2540 de
1007 2484 1129 2538 aliis
1159 2483 1322 2538 etiam
1356 2479 1916 2537 commentationibus
1940 2478 2062 2548 ejus
2091 2477 2160 2533 ad
2210 2493 2368 2535 sacra
2400 2478 2572 2533 Biblia
2616 2493 2722 2548 qua
2753 2478 2918 2535 editis
2967 2496 3077 2550 qua
3102 2476 3326 2534 ineditis
3355 2493 3509 2547 atque
3553 2477 3651 2543 ju-

393 2581 538 2634 dico.
572 2576 732 2634 Ccrte
762 2576 894 2632 illud
920 2574 1180 2646 frequens
1217 2573 1666 2644 etymologiarum
1699 2571 1935 2626 studium
1969 2584 2162 2640 parum
2193 2569 2326 2625 utile
2365 2579 2451 2625 est
2485 2570 2570 2624 vel
2605 2570 2860 2626 solidum.
2909 2573 3160 2627 Attamen
3191 2569 3337 2624 aliud
3378 2569 3507 2622 mihi
3540 2566 3650 2621 Re-

391 2670 542 2740 migii
570 2683 709 2738 opus
747 2673 831 2724 est
859 2667 1222 2735 observatum,
1258 2665 1488 2738 profana
1521 2665 1830 2722 eruditione
1865 2663 2022 2719 valde
2051 2670 2320 2727 saturum,
2355 2663 2513 2733 cujus
2547 2663 2727 2720 hercle
2755 2664 3068 2729 editionem,
3109 2680 3230 2720 cum
3261 2663 3426 2718 otium
3461 2662 3647 2723 fuerit,

391 2775 501 2814 non
529 2759 817 2830 negligam.
854 2760 1072 2814 Interim
1112 2765 1224 2813 tam
1264 2757 1375 2813 rari
1408 2757 1613 2814 codicis
1643 2757 1854 2826 copiam
1892 2762 2109 2819 nactus,
2154 2755 2301 2812 nolui
2333 2756 2671 2825 committere
2713 2764 2770 2810 ut
2814 2757 2930 2811 haec
2968 2756 3170 2810 inedita
3205 2771 3331 2825 pars
3367 2752 3643 2808 Commen-

394 2851 521 2905 tarii
550 2850 623 2905 ad
645 2850 833 2908 Oscam
861 2852 1066 2907 diutius
1089 2851 1144 2906 in
1180 2851 1420 2907 tenebris
1447 2850 1810 2906 delitesceret.
1839 2847 2029 2919 Itaque
2054 2850 2109 2903 in
2141 2857 2292 2918 parte
2321 2851 2424 2904 mei
2457 2851 2770 2915 voluminis,
2795 2850 2936 2906 unde
2957 2850 3120 2906 aliam
3147 2849 3396 2905 canonici
3427 2846 3652 2919 generis

401 2940 828 3000 lucubrationem
850 2945 1136 3015 ejeceram,
1162 2943 1264 2998 hoc
1287 2941 1516 3013 Remigii
1550 2942 1989 3012 supplementum
2020 2941 2218 2996 locavi.

463 3075 577 3132 νιι.
607 3076 716 3134 Sed
749 3078 860 3148 jam
885 3079 1063 3137 oratio
1087 3087 1393 3137 revertatur
1418 3079 1486 3135 ad
1519 3078 1890 3143 Theodorum,
1931 3079 2091 3149 cujus
2129 3079 2175 3136 si
2218 3079 2484 3149 plurimas
2509 3079 2916 3150 expositionum
2949 3080 3142 3135 harum
3176 3080 3366 3136 laudes
3389 3080 3653 3137 detexere

391 3173 578 3235 velim,
603 3173 688 3226 vel
713 3171 960 3230 infinitus
975 3175 1100 3241 sim,
1129 3175 1213 3229 vel
1240 3181 1390 3230 certe
1413 3183 1732 3246 perpetuum
1763 3174 2141 3230 commentarii
2164 3174 2283 3244 ejus
2302 3176 2752 3230 commentarium
2777 3175 3045 3232 adornare
3066 3176 3340 3232 deberem.
3369 3174 3425 3228 in
3453 3176 3649 3245 primis

396 3276 586 3322 auctor
608 3265 917 3321 universam
944 3268 1323 3346 vaticiniorum
1348 3270 1631 3324 materiam
1654 3275 1838 3325 mente
1859 3269 2198 3339 complexus,
2226 3269 2362 3325 mire
2392 3271 2535 3325 inter
2558 3285 2616 3325 se
2641 3272 2978 3334 commiscet,
3013 3272 3355 3341 invicemque
3382 3273 3648 3338 illustrat,

295 3378 306 3386 ο
395 3369 450 3415 et
478 3375 604 3415 cum
633 3360 916 3431 prophetis
949 3362 1270 3431 majoribus,
1303 3365 1603 3433 prtesertim
1635 3379 1765 3420 vero
1799 3379 1926 3418 cum
1967 3361 2203 3418 Psalmis
2248 3361 2523 3419 Davidicis
2553 3365 2756 3434 passim
2785 3365 3078 3420 connectit.
3111 3359 3466 3434 Prologorum
3514 3380 3651 3420 vero

393 3444 653 3526 dignitas,
681 3469 1010 3510 excursuum
1037 3457 1152 3512 sive
1173 3457 1653 3527 ampliﬁcationum
1671 3459 1912 3522 ubertas,
1933 3457 2296 3527 quaestionum
2320 3473 2570 3523 acumen,
2598 3459 2839 3512 locorum
2865 3458 3300 3516 dimcillimorum
3343 3470 3646 3528 spontanea

395 3566 459 3607 sc
479 3551 776 3606 ludibunda
808 3553 1201 3621 propemodum
1233 3555 1528 3624 explicatio
1555 3556 1797 3626 legentes
1820 3555 2127 3624 philologus
2155 3569 2506 3625 magnopere,
2530 3563 2589 3608 ut
2618 3569 2800 3624 spero,
2820 3554 3134 3610 obiectabit.
3170 3551 3412 3622 Exempli
3453 3567 3648 3610 caiisa.

396 3641 582 3698 Amosi
613 3643 777 3697 verba
807 3655 928 3712 cap.
957 3659 994 3708 t,
1019 3644 1090 3699 ὃς
1127 3645 1296 3716 Super
1321 3648 1486 3703 tribus
1517 3648 1795 3703 sceleribus
1825 3647 2077 3702 Damasci
2105 3657 2155 3702 et
2184 3665 2339 3719 super
2372 3660 2600 3719 quatuor
2633 3665 2734 3703 non
2755 3657 3073 3716 convertam,
3112 3648 3426 3703 felicissime
3455 3657 3652 3700 noster

395 3738 560 3799 atque
587 3745 656 3784 ex
682 3731 862 3787 indole
888 3735 1232 3790 orientalium
1270 3736 1585 3792 idiomatum
1615 3737 1849 3807 explicat
1877 3737 1958 3792 sic
1993 3755 2005 3790 :
2031 3735 2176 3791 Dicit
2204 3753 2358 3806 super
2385 3739 2554 3791 tribus
2577 3747 2625 3792 et
2658 3749 2907 3807 quatuor,
2940 3755 3120 3808 nempe
3145 3754 3238 3807 pro
3269 3739 3466 3792 multis.
3498 3736 3651 3791 Nam

394 3825 520 3893 quia
548 3839 794 3880 numerus
834 3836 950 3894 post
979 3843 1141 3882 unum
1171 3839 1221 3884 et
1266 3831 1372 3886 duo
1401 3831 1627 3900 pluralis
1671 3832 1886 3897 dicitur,
1929 3831 2080 3885 verba
2125 3831 2290 3885 tribus
2328 3831 2520 3886 multos
2559 3831 2794 3896 denotat,
2834 3832 2987 3887 verbo
3031 3844 3204 3888 autem
3240 3843 3466 3904 quatuor
3499 3834 3651 3885 mul-

399 3917 674 3972 titudinem
697 3929 999 3990 exaggerat.
1052 3920 1264 3979 Rursus
1293 3923 1360 3978 ad
1399 3925 1566 3979 verba
1610 3922 1846 3977 Michmaa
1877 3937 1998 3990 cap.
2041 3937 2095 3983 ν,
2128 3922 2201 3976 5:
2253 3920 2662 3975 Suscitubuutur
2703 3938 2858 3991 super
2894 3941 3009 3978 eum
3039 3933 3230 3993 septem
3282 3934 3540 3993 pastores,
3597 3935 3652 3977 ct

395 4021 511 4066 octo
539 4029 748 4067 morsus
779 4012 1068 4082 hominum,
1107 4023 1230 4086 post
1257 4015 1474 4071 irrisum
1516 4013 1898 4068 nonnullorum
1933 4013 2285 4082 interpretum
2328 4013 2645 4078 vanitatem,
2685 4013 2758 4066 ait
2791 4015 3111 4084 simpliciter
3153 4024 3342 4084 septem
3376 4031 3524 4070 more
3561 4019 3652 4069 bi-

396 4104 539 4157 lilico
568 4104 794 4176 intelligi
825 4107 893 4162 de
921 4108 1164 4176 perfecto
1187 4125 1282 4162 seu
1314 4121 1510 4176 magno
1536 4121 1786 4169 numero,
1827 4115 1942 4160 octo
1978 4111 2158 4158 autem
2199 4104 2267 4158 de
2297 4102 2418 4173 ejus
2447 4118 2697 4160 excessu.
2725 4103 2890 4173 idque
2918 4106 3188 4161 illuminat
3222 4107 3431 4161 Domini
3461 4109 3652 4162 verbis

394 4197 559 4252 Petro
585 4196 838 4261 dicentis,
873 4204 932 4251 ut
955 4213 1064 4251 non
1097 4196 1298 4265 septies
1339 4203 1560 4262 peccata
1598 4191 1897 4246 dimitteret
1925 4190 2022 4245 sed
2058 4192 2366 4260 septuagies
2398 4191 2634 4261 septies;
2669 4199 2724 4247 et
2769 4193 2876 4249 illis
2921 4194 3285 4260 Ecclesiaste,
3321 4195 3404 4250 Da
3435 4207 3649 4264 partem

392 4294 590 4355 septem
640 4303 839 4342 necnon
885 4298 934 4342 et
981 4298 1128 4348 octo;
1171 4289 1237 4343 de
1276 4286 1477 4356 quibus
1515 4285 1745 4354 mystica
1777 4284 2025 4355 quaedam
2069 4290 2123 4339 et
2165 4285 2482 4355 persubtilia
2529 4295 2930 4341 commentatur
2969 4287 3293 4342 Ambrosius
3327 4288 3466 4341 libro
3497 4303 3547 4347 v,
3589 4288 3647 4340 in

393 4381 596 4436 Lucam
639 4398 695 4438 ιι.
730 4383 839 4439 49ε
888 4399 1048 4454 quem
1093 4385 1364 4440 Ambrosii
1410 4384 1592 4438 locum
1641 4381 1947 4437 Cimmeriis
1995 4381 2240 4435 tenebris
2282 4381 2520 4437 obsitum
2570 4381 2803 4436 Maurini
2843 4381 3082 4437 editores
3127 4397 3269 4453 ac.ng
3322 4382 3646 4447 declarant;

395 4475 813 4546 Mopsucstenus
845 4486 1029 4533 autem
1072 4478 1329 4548 prazdicta
1371 4477 1535 4531 verba
1566 4476 1889 4545 simpliciter
1928 4490 2161 4544 vereque
2209 4475 2485 4546 explicat:
2529 4474 2784 4545 Muniﬁce
2821 4476 2891 4529 da
2931 4478 3214 4548 egentibus,
3255 4493 3415 4546 neque
3449 4477 3500 4527 in
3543 4476 3648 4528 ltoc

395 4571 671 4626 abundare
697 4585 924 4627 recuses.
966 4571 1033 4626 Et
1062 4573 1377 4628 universum
1410 4572 1628 4642 quidem
1675 4571 2084 4627 Testamentum
2115 4570 2282 4626 Vetus
2312 4573 2761 4645 praeparationem
2805 4571 2942 4626 Novi
2980 4570 3168 4634 fuisse,
3201 4578 3364 4638 atque
3397 4569 3578 4622 omnia
3614 4585 3646 4621 a

391 4666 505 4720 Deo
533 4667 601 4721 ad
635 4674 926 4722 venturum
959 4667 1240 4723 Christum
1269 4666 1500 4728 directa,
1529 4664 1741 4719 sincere
1775 4674 2072 4735 sancteque
2103 4666 2290 4721 multis
2320 4666 2454 4722 locis
2477 4663 2796 4724 Theodorus
2826 4665 3051 4736 fatetur,
3058 4682 3108 4718 ν.
3143 4681 3225 4736 gr.
3259 4680 3312 4735 p.
3341 4664 3392 4726 l,
3425 4664 3513 4727 69,
3544 4663 3644 4726 72,

393 4758 654 4822 lli-HG,
689 4759 813 4823 120,
837 4759 966 4824 208,
992 4761 1262 4830 praecipue
1308 4771 1438 4813 vero
1473 4758 1526 4813 in
1571 4756 1785 4828 prologo
1807 4757 1876 4811 ad
1897 4733 2093 4811 Ionam
2115 4772 2134 4811 :
2162 4757 2321 4827 cujus
2343 4760 2620 4830 pr0phclze
2646 4759 2850 4830 grande
2873 4759 3004 4815 illud
3031 4733 3174 4813 intra
3200 4733 3378 4813 cetum
3403 4758 3648 4814 viventis

392 4849 742 4911 miraculum,
773 4849 918 4920 quod
940 4850 1160 4919 quidam
1183 4854 1435 4903 recentes
1459 4846 1638 4900 critici
1671 4847 1935 4902 scelerate
1955 4847 2204 4902 derident
2229 4847 2319 4918 (ne
2337 4847 2559 4905 Christo
2586 4850 2806 4918 quidem
2828 4849 3020 4906 Matth.
3054 4867 3151 4913 xu,
3181 4848 3271 4914 40,
3297 4848 3642 4912 credentes),

390 4940 640 4997 nonnulli
686 4939 974 5010 allegorice
1021 4947 1232 4994 tantum
1285 4937 1610 5004 admittunt,
1670 4937 1754 4992 vel
1819 4940 2096 5009 prophetae
2151 4940 2422 4994 somnium
2492 4942 2840 5006 existimant,
2893 4929 3007 4996 alii
3070 4958 3136 4999 ex
3197 4941 3395 4997 fabulis
3454 4942 3648 4995 ethni-

392 5046 605 5098 corum,
665 5038 798 5101 puta
846 5029 916 5086 de
964 5027 1333 5089 Andromeda,
1389 5025 1472 5080 vel
1520 5027 1587 5079 de
1648 5023 1878 5080 Hercule
1930 5027 2022 5095 qui
2072 5024 2325 5096 Neptunii
2373 5029 2526 5084 canis
2569 5031 2876 5086 visceribus
2919 5035 3094 5088 evasit
3145 5033 3456 5098 incolumis,
3504 5049 3647 5088 con-

393 5123 721 5192 glutinatum
769 5120 1057 5188 dictitant;
1103 5118 1190 5188 pie
1244 5115 1586 5180 Theodorus,
1634 5123 1694 5170 ut
1744 5131 1861 5170 mos
1907 5125 1991 5171 est
2037 5116 2294 5172 Ecclesia!
2328 5119 2546 5173 Patrum
2581 5128 2636 5175 et
2676 5123 3094 5189 catholicorum,
3142 5139 3466 5193 summaque
3507 5139 3641 5181 cum

394 5211 700 5267 reverentia
759 5213 1106 5281 amplectitur
1156 5223 1259 5264 nec
1309 5207 1377 5264 de
1427 5221 1493 5263 eo
1545 5206 1903 5276 quaestionem
1949 5206 2114 5260 ullam
2158 5206 2276 5262 fieri
2322 5208 2547 5278 patitur.
2598 5209 2666 5264 Ut
2708 5219 2889 5266 autem
2939 5215 3142 5269 mentis
3188 5213 3486 5278 Theodori,
3527 5229 3645 5283 qua

394 5305 712 5373 prophetias
772 5305 840 5361 de
891 5304 1113 5362 Christo
1155 5302 1343 5366 tradit,
1388 5302 1599 5357 illustre
1654 5301 1930 5371 specimen
1979 5299 2125 5365 dem,
2177 5315 2289 5356 nou
2338 5305 2603 5359 recusabo
2657 5305 2715 5359 in
2772 5305 3004 5377 gratiam
3059 5305 3276 5358 illorum
3325 5305 3646 5375 quiGncce

396 5394 652 5449 nesciunt
683 5395 1150 5466 (quandoquidem
1189 5395 1438 5452 Latinam
1476 5394 1980 5464 interpretationem
2021 5393 2092 5448 ab
2119 5392 2224 5449 hoc
2251 5395 2528 5453 volumine
2558 5399 2785 5465 exclusi,
2819 5413 2982 5469 quam
3024 5399 3266 5455 liberiori
3301 5401 3413 5454 otio
3459 5400 3645 5455 absol-

391 5483 624 5539 vendam
655 5487 1171 5561 perpoliendamquc
1197 5491 1439 5552 reservo)
1467 5490 1800 5545 luculentum
1835 5495 2071 5544 tractum
2108 5487 2301 5546 Latine
2331 5505 2528 5559 ponere
2557 5492 2625 5545 ad
2656 5493 2746 5547 illa
2777 5491 2944 5548 Joelis
2972 5495 3138 5549 verba
3171 5508 3292 5564 cap.
3323 5509 3384 5560 ιι,
3419 5492 3586 5549 28—5!
3625 5514 3641 5548 :

396 5578 688 5647 Effundam
720 5581 786 5635 de
825 5580 1028 5649 Spiritu
1057 5601 1170 5638 meo
1201 5601 1355 5652 super
1384 5600 1585 5638 omnem
1628 5599 1858 5646 carnem,
1893 5592 1941 5635 ct
1972 5583 2352 5650 prophetabunt
2385 5585 2486 5653 filii
2518 5586 2674 5639 uestri
2701 5594 2752 5640 et
2790 5586 2918 5656 ﬁlia:
2951 5595 3155 5648 rectm,
3191 5594 3241 5639 et
3292 5601 3438 5639 senes
3477 5589 3642 5638 uestri
3745 5623 3758 5633 .

396 5670 604 5725 somnia
643 5671 996 5736 somniabunt,
1025 5683 1075 5726 et
1103 5675 1312 5742 juvenes
1347 5677 1505 5728 uestri
1555 5675 1776 5727 visiones
1819 5674 2080 5727 videbunt.
2128 5673 2194 5728 Et
2238 5693 2392 5744 super
2425 5694 2596 5731 servos
2637 5695 2796 5742 meos,
2829 5691 2879 5733 ct
2925 5693 3080 5746 super
3125 5677 3354 5730 ancillas
3395 5693 3536 5730 meas
3585 5677 3642 5730 in

399 5762 577 5862 dicitur:
607 5765 716 5824 illis
754 5765 1022 5845 effundam
1052 5767 1115 5823 de
1148 5766 1347 5836 Spiritu
1383 5781 1524 5832 meo;
1560 5777 1605 5819 et
1640 5761 2084 5819 vaticinabantur.
2118 5764 2184 5819 Et
2218 5766 2352 5822 dabo
2378 5770 2619 5840 prodigia
2653 5771 2704 5823 in
2738 5772 2862 5826 coclo
2897 5757 3132 5842 ct‘super
3165 5779 3382 5835 terram,
3417 5767 3638 5852 sangui-
