3920 6130
391 345 489 408 lit)
864 406 872 412 _
1614 350 1774 407 anc.
1821 351 1964 406 nan
2007 349 2399 408 rugarum.
2497 305 2503 313 κ
3536 345 3641 400 no

375 461 644 518 "humanis
671 463 941 534 explicare
969 463 1148 527 liccat,
1189 461 1385 519 deinde
1418 462 1484 517 ad
1524 461 1740 517 divinas
1773 465 2073 520 transferre
2106 483 2118 519 :
2151 479 2273 534 quae
2300 464 2439 519 ratio
2465 468 2799 531 quantopere
2833 456 2975 526 apud
3005 457 3200 527 vulgus
3227 457 3640 529 prophetiarum

377 551 527 604 vires
578 547 861 621 infringat,
917 550 1334 606 imbecilliorum
1386 551 1547 606 tidem
1601 553 1865 618 debilitet,
1916 553 2170 624 foresque
2208 555 2372 609 etiam
2433 552 2800 608 incredulitati
2861 551 3249 606 nonnullorum
3292 551 3515 622 pandat,
3564 551 3640 620 pii

379 661 576 704 omnes
611 647 870 702 sentiunt.
910 645 1053 701 Sane
1093 644 1198 699 hoc
1225 657 1398 712 genus
1441 643 1906 712 interpretationis
1943 644 2184 713 apprime
2232 642 2435 700 Iudaeis
2479 642 2801 712 capitalibus
2839 639 3047 696 Christi
3087 641 3642 708 Christianorumque

379 743 526 797 omni
556 747 798 811 tempore
833 739 1105 804 hostibus,
1135 735 1414 807 placuisse
1448 744 1550 806 par
1590 741 1713 792 est:
1749 735 1820 790 ob
1854 749 2082 806 eamque
2123 743 2348 792 cansam
2402 735 2774 804 ιουδαιόφρονα
2809 730 3155 786 Theodorum
3188 746 3218 784 a
3253 731 3488 801 Georgio
3521 731 3638 784 lia-

382 828 612 884 martolo
638 829 692 882 in
723 827 987 884 cbrouico
1008 824 1189 881 adhuc
1217 823 1424 878 inedita
1449 822 1656 878 dictum
1687 832 1852 893 puto;
1890 831 2005 880 tum
2032 825 2196 881 etiam
2226 827 2353 896 quia
2387 824 2799 897 synedricorum
2831 819 3257 875 commentarios
3285 820 3498 891 (nescio
3525 836 3639 890 quo

380 933 516 976 usus
549 919 863 989 interprete)
895 918 1108 973 videtur
1152 919 1398 974 studiose
1433 918 1788 983 lectitavisse,
1843 919 1930 975 vel
1980 922 2164 990 potius
2205 920 2422 977 Iudaeos
2468 919 2760 991 magistros
2793 917 3012 973 audisse
3055 933 3070 970 :
3119 931 3244 970 nam
3293 927 3444 970 certe
3489 920 3635 986 apud

378 1009 778 1068 Renaudotium
812 1013 888 1084 (a)
919 1010 1318 1069 Bar-Salibmus
1359 1012 1456 1068 abs
1498 1011 1703 1068 Iudaeis
1735 1013 2048 1070 institutum
2088 1017 2434 1074 Theodorum
2472 1024 2721 1072 nostrum
2751 1015 3003 1071 aliirmat.
3035 1015 3236 1088 Utique
3266 1034 3406 1087 quas
3435 1019 3636 1072 Hiero-

375 1117 574 1173 nymus
611 1103 742 1160 dicit
773 1119 896 1160 esse
930 1102 1279 1160 Hebraeorum
1321 1103 1643 1166 sententias,
1689 1118 1784 1160 eas
1813 1106 1955 1175 apud
1987 1107 2333 1163 Theodorum
2368 1107 2696 1178 quandoque
2724 1105 2972 1176 legimus.
3005 1107 3159 1174 Quod
3201 1117 3378 1162 tamen
3423 1109 3623 1163 obser-

377 1207 467 1254 vat
494 1199 547 1253 in
579 1214 680 1257 suo
707 1199 1094 1255 Commentario
1117 1200 1174 1253 in
1208 1196 1406 1254 Ionam
1440 1198 1822 1273 Hieronymus,
1855 1199 2139 1258 Hebraeum
2177 1203 2475 1274 Josephum
2508 1203 2726 1256 Tharria
2759 1199 3092 1255 intellexisse
3119 1197 3325 1252 Cilicia
3352 1197 3629 1264 Tarsum;

375 1291 429 1346 id
457 1289 800 1348 Theodorum
846 1291 1221 1346 adversantem
1262 1288 1443 1344 habet.
1485 1289 1600 1346 Nec
1647 1305 1812 1361 porro
1835 1289 2080 1346 Judaicie
2121 1299 2285 1347 sectae
2331 1305 2572 1345 amorem
2605 1288 2894 1343 Theodoro
2929 1287 3200 1355 imputare
3237 1285 3384 1350 licet,
3414 1284 3630 1339 etenim

371 1386 432 1440 in
463 1387 686 1458 prologo
713 1387 779 1442 ad
806 1384 997 1442 Jonam
1023 1383 1335 1439 Judaeorum
1361 1383 1624 1439 adversus
1654 1385 1933 1441 Christum
1959 1386 2320 1454 pervicaciam
2353 1399 2542 1440 severe
2569 1382 2820 1452 castigat.
2843 1379 2982 1435 illud
3011 1379 3172 1433 etiam
3197 1379 3358 1448 paulo
3395 1378 3630 1433 liberius
3662 1435 3669 1441 ,

374 1476 519 1544 πρυὰ
549 1475 892 1533 Theodorum
934 1478 1043 1532 dici
1075 1477 1291 1533 videtur
1325 1493 1378 1547 p.
1427 1478 1516 1544 63,
1553 1479 1682 1544 212,
1709 1480 1838 1548 225,
1871 1479 2016 1550 quod
2062 1479 2278 1536 Veteris
2312 1479 2647 1535 Testamenti
2681 1475 2994 1531 hominibus
3039 1490 3218 1546 neque
3274 1473 3396 1528 Filii
3445 1489 3631 1543 neque

376 1565 613 1636 Spiritus
639 1567 814 1622 sancti
842 1582 1092 1637 personae
1117 1581 1348 1637 prorsus
1382 1565 1721 1622 innotuerint
1755 1568 1940 1638 ;quod
1981 1577 2163 1622 tamen
2193 1566 2537 1638 privilegium
2564 1564 2842 1635 prophetis
2867 1574 3016 1622 certe
3047 1566 3327 1622 nonnullis
3355 1567 3496 1620 haud
3529 1567 3634 1620 de-

374 1659 564 1715 bemus
590 1658 825 1729 eripere.
871 1659 1051 1727 Quare
1089 1663 1484 1719 commentario
1517 1663 1586 1718 ad
1638 1662 1960 1718 Zachariam
2006 1664 2283 1719 substrata
2332 1661 2564 1734 legimus
2595 1660 2767 1717 Graeci
2806 1661 3044 1718 hominis
3091 1663 3325 1725 scholia,
3357 1662 3632 1716 adversus

370 1751 513 1807 hanc
544 1751 815 1809 Theodori
842 1754 1150 1821 audaciam,
1184 1767 1350 1823 quam
1395 1771 1498 1828 ego
1541 1773 1762 1829 quoque
1800 1759 2138 1828 aliquantum
2171 1758 2405 1812 inhibui.
2447 1757 2585 1812 Illud
2611 1757 2846 1826 denique
2877 1758 2964 1810 vix
2991 1762 3076 1810 est
3111 1755 3448 1825 probandum
3478 1755 3632 1823 quod

372 1843 462 1898 Dei
491 1843 795 1901 locutiones
841 1846 908 1901 ad
948 1848 1238 1918 prophetas
1284 1848 1630 1920 visionesque
1666 1858 1721 1904 et
1751 1851 1932 1907 varias
1971 1850 2334 1906 revelationes
2363 1850 2527 1905 unico
2554 1864 2698 1918 saepe
2736 1849 2960 1904 denotat
2999 1846 3280 1918 ἐνεργείας
3321 1845 3627 1908 vocabulo;

369 1952 680 2008 quanquam
707 1937 811 1995 hac
843 1954 1012 2010 super
1051 1955 1114 1996 re
1142 1942 1418 2011 sapienter
1443 1953 1707 2014 acuteque
1729 1943 2052 2000 Theodorus
2081 1944 2326 2014 disputat
2359 1945 2463 2000 sub
2499 1943 2716 1998 initium
2763 1941 3020 2005 Naliumi,
3047 1941 3138 1995 ubi
3170 1939 3362 2010 λῆμμα
3382 1940 3628 1993 vocabu-

371 2038 482 2090 lum
503 2032 762 2102 explicat,
790 2041 845 2088 et
865 2033 922 2088 in
957 2043 1110 2090 recta
1136 2052 1365 2107 prorsus
1390 2024 1659 2096 sententia
1699 2041 1974 2096 consistit.
2009 2038 2196 2111 Neque
2222 2053 2353 2096 vero
2380 2040 2671 2110 quisquam
2705 2051 2872 2092 sanus
2903 2036 3034 2091 mihi
3077 2035 3444 2097 succenscbit.
3475 2036 3628 2104 quod

370 2125 645 2182 Theodori
675 2123 904 2196 scripta,
941 2126 1045 2181 etsi
1079 2129 1253 2184 errori
1284 2130 1583 2201 aliquando
1615 2130 1887 2202 proxima,
1923 2131 1979 2186 in
2018 2131 2195 2186 lucem
2239 2130 2522 2198 emittam;
2559 2128 2695 2186 naevi
2724 2128 2869 2182 enim
2903 2142 2967 2182 ac
2996 2127 3129 2182 vitia
3168 2127 3349 2187 bonis,
3383 2135 3437 2180 ut
3464 2134 3627 2195 puto.

367 2215 620 2283 plurimis
649 2216 1006 2273 obruuntur:
1039 2227 1156 2275 tum
1181 2234 1287 2292 ego
1323 2222 1468 2276 hanc
1501 2223 1808 2293 apologiam
1855 2223 1911 2277 in
1949 2221 2272 2293 praefatione
2320 2222 2390 2278 ad
2433 2219 2712 2286 Photium,
2752 2219 3056 2289 praesertim
3090 2232 3220 2273 vero
3250 2217 3316 2271 ad
3389 2218 3628 2272 Ariano-

366 2324 488 2364 rum
519 2309 824 2380 fragmenta
856 2314 920 2382 (t.
951 2313 1044 2380 lii,
1078 2323 1220 2386 part.
1251 2332 1314 2382 ιι,
1355 2332 1408 2386 p.
1443 2316 1702 2390 186487)
1732 2325 1842 2373 tam
1874 2318 2075 2374 invicte
2103 2317 2362 2383 instruxi,
2398 2324 2460 2371 ut
2499 2315 2707 2370 nullum
2741 2313 2940 2368 addere
2964 2312 3189 2367 verbum
3218 2311 3330 2381 jam
3355 2325 3494 2381 opus
3523 2311 3625 2370 sit.

434 2397 528 2454 1X.
567 2401 967 2461 Constitucram
1025 2407 1153 2462 olim
1197 2413 1399 2473 cuncta
1438 2407 1712 2465 Theodori
1775 2407 2082 2481 fragmenta
2133 2424 2203 2464 ex
2251 2406 2535 2464 Vaticanis
2590 2405 2893 2475 praesertim
2941 2401 3154 2456 catenis
3201 2399 3404 2456 Graecis
3455 2410 3627 2469 atque

365 2499 722 2557 Orientalium
753 2503 1061 2574 linguarum
1104 2501 1388 2560 codicibus
1429 2503 1771 2572 conjunctim
1818 2503 2081 2573 edere(b)
2119 2522 2132 2559 :
2169 2503 2315 2574 quod
2363 2503 2492 2574 quia
2539 2516 2687 2558 nunc
2727 2515 2824 2571 per
2870 2493 3256 2564 occupationes
3299 2507 3404 2546 non
3442 2493 3622 2552 licuit,

365 2595 668 2668 fragmenta
699 2597 889 2653 saltem
920 2597 1098 2668 ampla
1130 2609 1198 2650 ex
1226 2594 1348 2664 ejus
1371 2593 1671 2664 deperditis
1697 2593 1772 2648 De
1793 2595 2168 2650 incarnatione
2202 2594 2440 2659 Domini,
2469 2586 2744 2646 etContra
2775 2586 3166 2659 Apollinarem,
3197 2591 3251 2639 et
3284 2586 3338 2638 in
3375 2584 3624 2638 Psalmos

366 2685 544 2750 libris,
565 2700 686 2755 qua:
711 2684 972 2742 Leontius
1002 2685 1132 2740 olim
1159 2683 1528 2752 transcripsit,
1555 2681 1808 2738 Canisius
1846 2681 2039 2737 Latine
2067 2681 2443 2738 tantummodo
2488 2679 2680 2742 edidit,
2714 2693 2862 2732 nunc
2898 2690 3000 2746 ego
3045 2675 3232 2730 Grmce
3262 2690 3326 2729 ex
3355 2674 3626 2728 Vaticano

364 2784 678 2850 pervetusto
708 2778 897 2834 codice
938 2775 1266 2848 proferenda
1299 2775 1509 2841 curavi,
1547 2790 1673 2831 cum
1713 2775 1926 2832 Leontii
1967 2774 2035 2831 de
2073 2775 2162 2831 his
2197 2774 2428 2844 judicio,
2458 2773 2548 2842 qui
2580 2774 2834 2828 latentem
2865 2769 2920 2823 in
2950 2769 3036 2822 his
3069 2767 3317 2822 haeresim
3345 2777 3488 2820 recte
3525 2782 3623 2818 ar-

362 2864 498 2932 guit,
523 2875 576 2921 et
605 2866 660 2920 in
698 2866 967 2936 prommio
1011 2865 1292 2935 complura
1331 2863 1604 2919 Theodori
1654 2879 1821 2934 opera
1851 2871 2158 2928 enumerat,
2193 2879 2314 2933 quae
2352 2853 2704 2918 consectanei
2741 2869 2850 2914 tam
2891 2863 3136 2918 studiose
3168 2863 3534 2925 occultabant,
3560 2873 3627 2915 ut

362 2949 621 3007 Leontius
651 2953 768 3023 ipse
789 2953 1010 3009 nonnisi
1044 2968 1210 3023 opere
1243 2952 1317 3007 De
1348 2953 1716 3007 incarnatione
1755 2953 1964 3024 potitus
1994 2954 2086 3009 sit.
2121 2953 2230 3008 Sed
2259 2953 2401 3007 enim
2427 2969 2528 3009 nos
2563 2953 2734 3008 multo
2766 2954 2894 3008 olim
2931 2956 3088 3025 plura
3117 2953 3385 3009 Theodori
3411 2954 3624 3023 scripta

363 3041 421 3096 in
456 3041 778 3113 praefatione
803 3043 870 3098 ad
901 3043 1136 3113 primum
1163 3041 1520 3099 Collectionis
1549 3051 1752 3099 nostrae
1783 3044 2040 3100 volumen
2065 3044 2503 3115 percensuimus.

350 3235 371 3294 ί.
431 3213 511 3294 (ᾳ)
546 3215 754 3294 Liturg.
787 3216 881 3294 ρι’.
915 3225 955 3272 ι.
979 3216 1044 3283 ll,
1075 3233 1130 3287 p.
1159 3215 1284 3272 622.
1413 3286 1426 3294 _
1871 3287 1883 3294 _
1907 3286 1922 3294 _
2031 3218 2256 3283 Nicetae.
2286 3219 2380 3294 ubi
2413 3218 2479 3276 de
2502 3229 2691 3280 sancto
2723 3221 2927 3294 Spiritu
2959 3222 3015 3294 in
3056 3222 3243 3277 Jcsum
3272 3225 3612 3291 baptizatum

431 3285 506 3363 (ὁ)
546 3285 762 3363 [lerunt
795 3285 1232 3363 Iraguientorum
1279 3286 1576 3363 specimen,
1605 3295 1829 3363 _pr:eter
1870 3286 1925 3342 id
2033 3291 2452 3363 superveniente
2500 3307 2684 3363 sermo
2723 3285 2798 3363 fit,
2844 3303 2948 3346 etc.
3000 3293 3217 3363 Legitur
3275 3285 3412 3347 infra
3467 3295 3615 3349 inter

361 3353 505 3431 ειμοὰ
529 3356 672 3410 edidi
697 3356 762 3431 ad
795 3353 974 3431 Plio—lii
1000 3353 1520 3431 Amplﬁlogliiananl
1535 3353 1769 3431 primam
1800 3371 1923 3431 cap.
2033 3353 2307 3416 Theodori
2336 3359 2638 3431 fragmenta
2675 3362 2727 3415 in
2753 3361 3040 3417 Joannem.

361 3425 466 3492 55,
507 3434 686 3484 exstat
743 3427 798 3482 in
840 3423 1120 3482 Vaticana“
1145 3428 1198 3480 in
1238 3423 1438 3480 Lucam
1480 3423 1682 3481 Ctitena
1724 3423 1926 3484 inedita

381 3637 504 3660 κ

1051 3831 1315 3925 ANG.
1415 3831 1678 3921 MAII
1768 3826 2409 3920 PBIEFATIO
2480 3829 2977 3918 ALTERA.

1285 4044 1599 4110 (Bibliotheca
1619 4058 1739 4096 nova
1763 4047 1986 4108 Patrum,
2010 4049 2125 4096 tom.
2148 4047 2255 4106 Ἧι,
2282 4047 2446 4096 Romae
2468 4047 2628 4110 1854.)

1950 4247 2021 4262 μ

333 4379 343 4410 ς
417 4410 474 4469 .l.
516 4408 594 4466 De
613 4422 898 4466 sacrorum
927 4409 1191 4466 librorum
1231 4405 1570 4469 obscuritate
1618 4413 1804 4485 (quam
1849 4415 1902 4470 in
1949 4417 2234 4489 prephetis
2271 4417 2543 4487 praecipue
2571 4411 2866 4486 comperiri
2921 4430 3146 4472 necesse
3179 4418 3283 4488 est)
3309 4416 3611 4489 Polycbro-

366 4511 485 4565 nius
512 4508 842 4579 Apamensis
871 4509 1160 4580 episcopus
1183 4507 1346 4564 breve
1375 4508 1504 4563 olim
1537 4510 1835 4580 capitulum
1861 4505 2110 4582 scripsit,
2143 4511 2284 4581 quod
2314 4525 2416 4564 nos
2449 4512 2502 4564 in
2525 4509 2907 4580 antiquissimo
2931 4500 3118 4565 codice
3140 4500 3400 4564 Vaticano
3421 4513 3613 4566 obser-

357 4607 568 4666 vatum,
595 4607 649 4657 et
676 4615 706 4654 a
736 4599 932 4655 Pbotio
964 4601 1127 4655 etiam
1155 4603 1299 4654 inter
1329 4597 1817 4669 Amphilochianas
1848 4603 2182 4670 quaestiones
2225 4616 2363 4672 quas
2399 4599 2671 4656 edidimus
2711 4603 2962 4670 relatum,
3015 4612 3142 4659 ante
3192 4603 3293 4658 bos
3338 4620 3512 4659 annos
3553 4607 3612 4662 in

362 4687 706 4761 Scriptorum
735 4700 976 4746 veterum
1009 4691 1185 4762 primo
1213 4689 1491 4745 volumine
1539 4690 1953 4747 collocavimus.
1992 4690 2165 4759 Quam
2210 4708 2354 4747 nunc
2400 4707 2513 4746 rem
2561 4706 2992 4747 commemorare
3024 4709 3132 4749 non
3163 4692 3264 4747 fuit
3299 4694 3512 4758 inutile,
3550 4706 3614 4752 ut

363 4783 540 4853 major
564 4785 692 4838 hinc
723 4783 846 4840 laus
879 4783 947 4837 ad
981 4782 1330 4852 Polychronii
1362 4781 1586 4839 fratrem
1608 4783 1959 4840 Theodorum
1987 4794 2235 4842 nostrum
2265 4785 2702 4856 Mopsucstenum
2737 4786 3028 4850 redundet,
3063 4787 3224 4856 cujus
3254 4798 3361 4840 tam
3389 4789 3608 4857 planam

361 4877 582 4946 tamque
603 4873 954 4947 perspicuam
989 4874 1380 4945 prephetarum
1426 4877 1700 4931 minorum
1742 4879 2251 4950 interpretationem
2300 4879 2599 4945 efferimus,
2647 4895 2881 4950 quorum
2921 4882 3240 4952 plerumque
3270 4883 3527 4946 elocutio,
3562 4886 3611 4940 si

361 4969 503 5023 nuda
538 4975 835 5039 spectetur,
873 4981 1012 5039 pene
1045 4983 1156 5038 prae
1203 4971 1419 5025 caateris
1451 4980 1824 5027 sacrosanctae
1854 4973 2154 5044 Scriptura:
2179 4974 2503 5030 auctoribus
2535 4975 2885 5030 obscuritatis
2918 4974 3150 5045 caligine
3177 4976 3346 5046 premi
3371 4976 3609 5032 videtur.

356 5053 424 5111 Et
451 5056 814 5114 nihilominus
848 5059 1160 5116 lutninosus
1188 5061 1326 5116 adeo
1359 5063 1444 5116 vir
1474 5062 1800 5120 Theodorus
1843 5066 2044 5121 librum
2078 5068 2196 5138 ipse
2229 5084 2446 5139 quoque
2491 5069 2560 5124 de
2599 5070 2832 5124 obscura
2869 5070 3146 5126 locutione
3190 5070 3511 5138 (Bibliorutn
3551 5077 3615 5125 ut

359 5151 514 5224 puto)
543 5154 976 5225 conscripserat,
1013 5155 1082 5212 ab
1113 5150 1385 5211 Ebediesu
1431 5158 1486 5212 in
1515 5159 1765 5229 catalogo
1794 5175 1895 5216 suo
1938 5170 2323 5225 memoratum,
2366 5179 2473 5234 quo
2510 5165 2718 5234 scripto
2757 5165 2910 5217 fratri
2943 5177 3045 5220 suo
3076 5160 3440 5232 Polychronio
3473 5175 3613 5232 Sup-

360 5244 535 5312 petias
588 5241 824 5303 fortasse
871 5245 1101 5306 ferebat.
1141 5248 1252 5308 Sed
1282 5267 1466 5309 nonne
1502 5270 1654 5322 vero,
1683 5255 1829 5312 dicet
1852 5256 2075 5327 aliquis,
2109 5257 2231 5312 aliae
2261 5259 2429 5312 etiam
2460 5268 2682 5314 exstant
2720 5258 2787 5312 ad
2822 5259 2923 5313 hos
2961 5257 3275 5313 salebrosos
3315 5255 3615 5326 prophetas

358 5342 808 5411 explanationes?
831 5345 1064 5407 Exstant
1102 5366 1256 5419 sane,
1293 5362 1354 5408 ut
1387 5353 1594 5424 publici
1631 5353 1757 5411 libri
1803 5356 2023 5420 docent,
2063 5363 2234 5427 utque
2284 5355 2421 5410 alias
2474 5356 2798 5411 nominatim
2846 5351 3143 5417 recensui;
3184 5350 3491 5419 mirumque
3523 5357 3613 5404 est

358 5431 504 5502 quod
540 5435 681 5490 intra
706 5439 1098 5512 quinquaginta
1123 5446 1346 5503 circiter
1375 5464 1572 5511 annos,
1601 5465 1797 5520 nempe
1818 5451 1887 5505 ab
1908 5458 2155 5505 extrema
2186 5451 2373 5505 saaculi
2408 5451 2586 5520 quarti
2624 5458 2799 5519 parte,
2831 5446 2896 5504 ad
2941 5447 3179 5502 medium
3211 5446 3324 5499 fere
3346 5445 3611 5500 sarculum

359 5523 609 5592 quintum
656 5527 823 5597 (quod
877 5528 1066 5587 hercle
1107 5535 1324 5594 doctius
1372 5537 1630 5594 Ecclesiae
1671 5553 1846 5592 aevum
1897 5537 2021 5609 fuit)
2063 5537 2366 5593 floruerunt
2411 5538 2734 5592 nobilissimi
2779 5539 3162 5609 prophetarum
3208 5537 3398 5590 horum
3438 5535 3611 5589 inter-

363 5619 542 5678 Pretes
573 5613 864 5671 Theodoro
897 5627 1090 5674 nostro
1119 5628 1590 5696 contemporanei,
1629 5627 1679 5691 Ι,
1724 5627 1785 5681 S.
1817 5627 2213 5698 Hieronymus;
2255 5628 2311 5692 2,
2349 5627 2602 5694 Rulinus,
2643 5638 2701 5683 ut
2731 5632 2893 5700 vulgo
2931 5630 2984 5683 in
3024 5627 3308 5683 codicibus
3337 5627 3610 5696 librisque

359 5703 655 5771 Scribitnr;
689 5707 741 5771 5,
766 5705 824 5761 8.
849 5707 1087 5778 Cyrillus
1118 5712 1552 5781 Alexandrinus;
1589 5717 1642 5782 4,
1675 5714 2072 5772 Theodorclus.
2111 5717 2316 5773 [lorum
2363 5717 2584 5786 inquam
2625 5719 2865 5771 omnium
2908 5720 3157 5774 videmus
3192 5717 3332 5787 typis
3367 5717 3606 5786 imprcs~

366 5805 455 5850 nos
486 5794 794 5859 luculentos
813 5802 1256 5864 commentarios.
1288 5819 1424 5870 quos
1450 5821 1571 5860 cum
1597 5805 1982 5873 llopsucstcno
2014 5817 2205 5864 nostro
2248 5808 2518 5877 conferre,
2555 5810 2787 5879 perutile
2819 5810 3234 5882 jucundumquc
3269 5809 3459 5866 lcctort
3489 5806 3611 5868 fore
