3920 6130
196 319 270 375 ut
1425 292 1585 376 suo.
1628 321 1766 375 usu
1809 319 2196 376 PRA-IFATIO.
3344 322 3441 375 ue

189 441 296 505 ρ-ειο
325 451 339 489 :
365 433 576 504 quibus
601 446 709 504 ego
741 433 846 488 etsi
884 430 1022 486 nihil
1051 431 1339 487 detrahere
1373 433 1519 498 volo,
1555 435 1643 488 aio
1673 433 2038 488 nihilominus
2072 438 2321 486 nostrum
2362 431 2506 485 hunc
2543 430 2714 486 videri
2756 431 3025 488 scribendi
3067 442 3184 489 arte
3225 447 3331 488 non
3357 435 3443 487 iu-

189 525 438 589 fertorem,
473 525 836 595 limpitudine
868 537 1050 581 autem
1081 534 1134 580 et
1161 527 1400 580 naturali
1424 527 1659 598 quadam
1687 527 1947 581 facilitate
1974 541 2142 595 prope
2183 524 2497 595 gratiorem.
2546 523 2778 578 Felicem
2809 541 2996 581 rursus
3030 534 3240 580 aetatem
3291 526 3438 579 illam

188 615 420 686 prrdico,
451 631 584 684 quae
627 627 828 686 prater
858 619 964 672 hos
998 617 1264 686 quinque,
1297 617 1423 671 tulit
1460 630 1514 672 et
1559 618 1697 673 alios
1744 632 1891 671 nunc
1936 616 2250 687 deperditos
2292 614 2608 670 eorumdem
2653 617 3039 684 prophetarum
3089 616 3437 683 interpretes,

186 706 374 760 scilicet
409 705 718 778 Didymum
745 718 888 766 teste
917 712 1248 784 Hieronymo
1283 714 1362 768 De
1391 714 1491 769 vir.
1527 713 1608 767 iu.
1639 729 1690 768 c.
1726 711 1860 780 l09;
1891 711 2372 784 Chrysostomum,
2397 725 2559 780 quem
2595 725 2654 765 se
2694 712 2893 780 legisse
2925 711 3001 764 ait
3037 712 3090 764 in
3120 708 3439 780 praefatione

186 814 268 855 tua
299 799 562 869 Ruﬁnus,
595 806 919 877 pariterque
948 807 1291 878 Ephraemius
1316 811 1701 873 Antiochenus
1747 809 1891 880 apud
1923 808 2178 864 Photium
2210 807 2358 878 (cod.
2391 807 2514 872 129,
2547 807 2633 860 ed.
2665 823 2719 876 p.
2747 805 2904 872 820);
2948 802 3240 857 Eudociam
3287 801 3440 854 deni-

187 905 634 995 que_at_lgustam,
665 908 724 953 ut
751 900 890 955 idem
923 904 998 995 in_
1013 903 1203 960 codice
1242 906 1342 961 184
1399 907 1568 961 tradit
1594 905 1842 961 Photius.
1875 904 2034 972 Quod
2065 906 2109 959 si
2142 918 2266 958 vera
2297 913 2379 958 est
2409 902 2735 957 Parisiensis
2761 901 2966 954 codicis
3003 900 3102 953 Hi
3131 898 3436 966 inscriptio,

186 985 298 1086 latet
323 984 397 1038 ibi
423 987 604 1040 coaevi
642 991 926 1057 praedictis
959 990 1248 1062 Epiphanii
1298 995 1352 1048 in
1402 993 1710 1048 Nahamum
1755 997 2172 1048 commentatio.
2232 993 2368 1047 Nam
2418 994 2708 1062 cujusuam
2755 993 2938 1049 saeculi
2975 993 3138 1046 homo
3171 994 3217 1045 is
3254 991 3436 1054 fuerit,

188 1080 324 1142 cujus
370 1092 478 1132 nos
535 1080 670 1133 olim
724 1080 1032 1153 fragmenta
1067 1085 1175 1140 tria
1218 1086 1574 1142 recitarimus
1617 1087 1736 1154 (Scr

1891 1097 1983 1143 vet.
2021 1104 2114 1151 vn,
2171 1103 2224 1157 p.
2259 1089 2382 1158 68),
2429 1088 2532 1142 hoc
2565 1088 2723 1142 titulo
2755 1107 2767 1142 :
2797 1087 3054 1150 Ἐὁῖωνος
3082 1089 3143 1139 ὲκ
3177 1086 3275 1155 τῆς
3311 1084 3439 1154 περὶ

186 1171 466 1242 spes-etin:
497 1171 842 1247 ἐξηγήσεως,
879 1177 1095 1234 Ebionis
1119 1196 1183 1233 ea:
1207 1185 1542 1237 enarratione
1577 1186 1630 1236 in
1652 1183 1954 1252 prophetas,
1985 1198 2096 1236 non
2137 1182 2297 1237 facile
2329 1182 2622 1237 definietur
2658 1200 2670 1238 :
2706 1179 2905 1235 etenim
2945 1178 2996 1230 in
3039 1176 3230 1230 codice
3268 1174 3436 1226 nobili

187 1265 457 1332 Vaticano,
495 1284 666 1339 quem
701 1271 897 1326 iterum
928 1273 1290 1343 inspeximus,
1321 1275 1587 1331 scribitur
1618 1275 1909 1344 perspicue
1937 1272 2214 1336 Ἐσίωνος.
2253 1274 2326 1326 ita
2365 1282 2425 1326 ut
2464 1273 2811 1342 cogitandum
2849 1269 3100 1322 videatur
3137 1266 3204 1320 de
3234 1264 3439 1318 libionc

185 1349 396 1409 Ioannis
421 1357 670 1425 apostoli
695 1366 1178 1428 contemporaneo.
1223 1362 1366 1417 Sane
1409 1355 1676 1427 Ebionzei,
1711 1371 1938 1417 auctore
1979 1362 2296 1417 authentico
2342 1362 2646 1432 Epiphanio
2687 1361 2821 1431 (hmr
2865 1355 3036 1420 XXX,
3077 1356 3186 1425 18),
3214 1363 3438 1410 cancros

187 1445 467 1512 prophetas
507 1445 875 1513 detestantes,
906 1467 1077 1505 unum
1106 1451 1389 1506 Christum
1431 1453 1805 1522 agnoscebant
1847 1453 2194 1523 prephetam,
2236 1452 2304 1508 de
2337 1469 2448 1522 quo
2482 1468 2592 1507 uno
2623 1465 2815 1520 reapse
2857 1451 2962 1503 tria
3001 1449 3092 1502 illa
3137 1446 3436 1516 fragmenta

188 1534 502 1602 loquuntur.
541 1535 610 1588 At
652 1554 783 1592 vero
819 1537 1072 1594 Labbeus
1114 1539 1417 1610 (conspect.
1441 1554 1530 1609 op.
1564 1538 1817 1594 Damasc.
1861 1555 1917 1610 p.
1955 1539 2066 1608 50),
2102 1539 2312 1609 legebat
2350 1541 2406 1594 in
2438 1539 2628 1596 codice
2653 1541 2933 1597 Gallicano
2978 1540 3268 1601 Εὑδίωνος.
3306 1535 3438 1591 Utra

189 1626 336 1680 lectio
367 1628 689 1715 sitnerior,
719 1628 866 1687 Deus
891 1632 1029 1700 scit;
1063 1634 1157 1688 sed
1177 1642 1326 1690 certe
1353 1645 1406 1689 et
1426 1633 1643 1688 Euhion
1678 1635 1943 1704 antiquus
1977 1634 2140 1688 homo
2163 1633 2286 1698 fuit,
2310 1632 2752 1705 quandoquidem
2781 1635 3111 1690 Anastasius
3134 1631 3436 1703 presbyter,

189 1717 314 1786 apud
347 1735 518 1788 quem
552 1719 861 1792 fragmenta
891 1721 985 1779 illa
1017 1736 1229 1782 servata
1254 1734 1404 1790 sunt,
1443 1727 1508 1782 ad
1538 1730 1716 1797 prisca
1748 1728 1948 1781 sazcula
1984 1727 2242 1796 pertinet,
2275 1742 2374 1781 nec
2411 1727 2524 1782 fere
2561 1727 2948 1796 Mopsuesteno
2984 1725 3257 1782 recentior
3285 1724 3436 1794 judi-

190 1812 386 1910 candus
405 1821 518 1910 est.
552 1815 848 1910 anastasio
871 1825 1055 1872 autem
1079 1826 1575 1888 contemporaneus
1603 1817 1706 1872 fuit
1737 1817 2068 1888 Hesychius,
2101 1817 2263 1888 cujus
2297 1817 2482 1872 multae
2512 1819 2745 1888 sparsim
2783 1819 2849 1874 ad
2884 1817 3178 1890 prephetas
3209 1813 3438 1868 adnota-

192 1902 350 1966 tiones
373 1903 429 1957 in
459 1901 756 1961 Vaticanis
780 1907 1067 1963 codicibus
1097 1909 1289 1963 latent.

253 2042 313 2095 li.
354 2043 756 2100 Verumtamen
795 2052 855 2100 ut
877 2044 942 2098 ad
975 2043 1417 2114 Mepsuestenum
1459 2053 1710 2124 nostrum
1755 2044 2066 2109 redeamus,
2105 2043 2344 2098 hominis
2373 2043 2589 2113 quidem
2621 2043 2938 2107 historiam,
2974 2050 3088 2096 teta
3114 2035 3442 2106 antiquitate

190 2142 236 2187 et
263 2137 566 2203 prasenim
597 2137 656 2190 in
684 2134 907 2192 Oriente
937 2134 1259 2204 famigerati,
1282 2137 1337 2190 in
1364 2136 1466 2192 alia
1491 2151 1592 2192 nos
1629 2133 1971 2205 Scriptorum
1998 2134 2318 2192 collectione
2347 2141 2387 2188 t.
2418 2132 2503 2199 Vl,
2537 2132 3005 2196 adumbravimus,
3051 2129 3227 2201 deque
3275 2127 3440 2180 libro-

192 2240 297 2278 rum
319 2229 441 2297 ejus
478 2229 858 2295 multitudine,
901 2232 1134 2297 meritis,
1171 2247 1236 2286 ac
1267 2232 1810 2303 reprehensionibus,
1842 2232 2002 2296 satis,
2033 2237 2092 2284 ut
2115 2238 2266 2300 puto,
2298 2228 2558 2293 diximus,
2589 2237 2644 2284 et
2679 2229 2838 2284 nobis
2873 2243 3018 2282 nunc
3038 2226 3194 2295 plura
3224 2219 3440 2277 dicendi

188 2325 345 2377 etiam
385 2323 649 2381 fecimus.
694 2326 831 2392 Quia
875 2334 1059 2381 tamen
1089 2328 1344 2398 pleraque
1384 2327 1604 2382 nonnisi
1633 2326 1820 2382 Graec
1861 2327 1920 2380 in
1952 2327 2130 2381 lucem
2171 2331 2330 2378 antea
2353 2323 2672 2387 extulimus,
2707 2321 2884 2375 visum
2909 2325 2994 2374 est
3031 2324 3184 2370 tanto
3215 2321 3443 2368 auctore

189 2415 382 2470 diutius
404 2417 668 2472 homines
702 2415 888 2472 Gmce
931 2420 1152 2487 ignaros
1177 2434 1283 2472 non
1315 2417 1568 2473 fraudare
1603 2437 1617 2472 :
1661 2417 1846 2486 itaque
1887 2416 2126 2484 antiquae
2169 2419 2372 2468 nostrae
2413 2410 2795 2480 promissionis
2826 2419 3094 2462 memores
3131 2409 3309 2456 totum
3334 2399 3440 2454 im-

190 2513 327 2582 pigre
359 2511 627 2567 Latinum
679 2512 932 2579 fecimus,
975 2524 1195 2585 tamque
1251 2517 1431 2584 spisso
1463 2528 1628 2584 opere
1666 2526 1920 2583 magnam
1969 2509 2134 2579 hujus
2165 2507 2464 2564 voluminis
2511 2513 2721 2575 partem
2755 2501 3120 2571 implevimus.
3151 2497 3216 2550 Et
3243 2502 3448 2563 scapus

189 2609 392 2674 qudem
423 2606 807 2677 Mopsuesteni
841 2605 1246 2676 est,Judaicam
1277 2606 1578 2676 praisertim
1613 2603 1902 2659 historiam
1947 2603 2261 2664 illustrare;
2309 2599 2384 2652 ita
2408 2605 2592 2651 tamen
2640 2603 2700 2651 ut
2749 2593 3129 2665 propheticum
3163 2589 3440 2659 spiritum.

187 2705 234 2751 et
260 2699 581 2752 relationem
618 2697 687 2751 ad
711 2697 989 2750 Christum
1018 2696 1302 2766 przecipuis
1339 2695 1393 2749 in
1419 2694 1558 2749 locis
1598 2699 1860 2764 agnoscat
1891 2706 1955 2745 ac
1984 2691 2246 2754 fateatur,
2271 2701 2585 2759 quanquam
2635 2701 2780 2756 sape
2835 2684 2956 2737 κατ’
2992 2682 3236 2745 ἔκϐασιν,
3274 2679 3326 2733 id
3360 2686 3444 2733 est

189 2793 481 2847 secundum
512 2792 820 2864 pleniorem
862 2793 916 2845 in
949 2789 1169 2845 Christo
1197 2789 1632 2858 Christianisque
1669 2788 1836 2842 rebus
1875 2787 2261 2840 vaticiniorum
2294 2791 2548 2840 eventum
2585 2801 2598 2836 :
2627 2782 2770 2850 quod
2806 2795 2979 2852 genus
3024 2773 3441 2845 interpretandi,

188 2888 283 2942 etsi
312 2888 431 2941 aliis
457 2863 690 2957 quoque
719 2883 821 2939 SS.
867 2884 1169 2939 Bibliorum
1204 2883 1598 2955 interpretibus
1642 2898 1750 2936 non
1799 2882 1957 2951 plane
2003 2881 2310 2940 insolitum.
2359 2879 2416 2932 in
2465 2875 2754 2932 Theodoro
2785 2882 2969 2928 tamen
3005 2875 3320 2957 suspectum
3346 2863 3447 2957 ali-

190 2980 400 3047 quando
428 2952 684 3048 fuit;—et
731 2977 784 3031 id
831 2991 968 3032 sane
1016 2975 1238 3031 nonnisi
1277 2952 1367 3045 pie
1401 2975 1728 3043 sinceraque
1768 2986 1894 3027 eum
1933 2970 2038 3026 fide
2077 2985 2106 3022 a
2142 2968 2458 3024 Christiano
2507 2967 2778 3038 scriptore
2811 2961 2924 3016 tleri
2959 2957 3141 3012 debet.
3171 2953 3343 3048 Quam
3377 2952 3446 3005 ob

191 3045 295 3123 rem
323 3079 520 3124 noster
554 3045 714 3122 visus
735 3073 821 3121 est
844 3066 1121 3136 aliquibus
1157 3065 1542 3136 ἰουδαιόφρων;
1573 3077 1887 3134 quanquam
1925 3062 2044 3132 ipse
2081 3059 2305 3114 Christo
2337 3075 2395 3114 se
2426 3058 2654 3113 ﬁrmiter
2681 3051 2924 3117 credere,
2957 3060 3009 3104 et
3039 3049 3159 3118 ejus
3187 3045 3444 3100 deitatem

191 3166 619 3234 (economiaeque
656 3162 976 3235 mysterium
1018 3160 1268 3230 religiose
1311 3159 1581 3221 venerari,
1618 3157 1826 3227 liquido
1869 3156 2230 3219 demonstrat,
2271 3162 2398 3224 puta
2451 3169 2542 3224 pp.
2580 3151 2703 3216 139,
2748 3148 2873 3214 150,
2923 3147 3043 3200 191.
3091 3141 3284 3198 Utrum
3317 3153 3446 3194 vero

190 3267 243 3315 et
263 3259 528 3313 Hebraice
558 3257 806 3321 sciverit,
836 3270 946 3310 non
979 3253 1113 3309 satis
1143 3259 1394 3317 constat;
1425 3251 1522 3307 sed
1551 3251 1790 3321 Syriacae
1828 3249 2021 3304 saltem
2053 3247 2274 3302 dialecti
2314 3261 2420 3299 non
2461 3244 2562 3298 fuit
2595 3246 2838 3313 ignarus,
2867 3243 3123 3315 quoniam
3153 3239 3350 3310 Syrum
3381 3250 3444 3289 ex

192 3348 452 3404 Ilehraico
491 3350 850 3419 interpretem
903 3361 1011 3400 non
1051 3344 1214 3401 semel
1253 3344 1492 3412 exagitat
1534 3356 1600 3395 ac
1640 3339 1841 3396 refutat
1873 3353 1962 3408 pp.
1994 3338 2121 3402 2H,
2166 3335 2292 3401 252,
2325 3334 2452 3391 265.
2488 3334 2557 3387 At
2600 3334 2715 3403 ipse
2752 3342 2901 3389 certe
2935 3329 3074 3384 LXX
3111 3329 3439 3419 interpretes

194 3445 348 3500 unice
371 3416 660 3513 sequitur,
679 3441 1007 3504 admiratur,
1043 3453 1104 3494 ac
1142 3438 1326 3492 laudat
1362 3453 1415 3507 p.
1441 3435 1567 3490 252.
1606 3433 1875 3488 Praeterea
1905 3433 2115 3486 variam
2146 3439 2201 3485 et
2231 3429 2506 3484 curiosam
2537 3427 2897 3482 eruditionem
2942 3431 3132 3491 sponte
3159 3416 3448 3485 deditaquc

194 3551 352 3605 opera
383 3536 560 3589 vitare
584 3550 647 3590 se
681 3535 815 3590 dicit
840 3551 896 3605 p.
932 3534 1056 3598 l36,
1098 3535 1214 3597 l59,
1241 3533 1368 3598 227,
1399 3541 1453 3586 et
1491 3531 1881 3601 prophetarum
1926 3525 2306 3582 tantummodo
2334 3523 2565 3577 vocibus
2590 3518 2944 3590 explanandis
2970 3514 3305 3570 incumbere.

269 3653 350 3708 Ill.
393 3651 511 3708 lloc
548 3667 654 3706 nos
682 3666 822 3720 opus
861 3649 914 3704 in
949 3649 1234 3713 Vaticano,
1264 3649 1394 3703 olim
1423 3644 1800 3707 Columnensi,
1832 3643 1986 3696 mirze
2017 3640 2348 3709 integritatis
2379 3646 2432 3691 et
2457 3635 2796 3703 antiquitatis
2819 3631 3005 3685 codice
3036 3626 3364 3687 invenimus,
3397 3635 3450 3720 et

198 3764 318 3803 cum
347 3749 455 3802 alio
489 3712 736 3815 insuper
754 3743 1042 3806 Vaticano,
1075 3756 1177 3796 nec
1215 3740 1442 3808 antiquo
1466 3745 1647 3790 tamen
1681 3749 1783 3790 nec
1812 3735 2046 3802 integro,
2077 3728 2355 3783 interdum
2393 3725 2746 3780 contulimus.
2796 3721 2985 3775 Testes
3023 3716 3241 3787 quidem
3270 3712 3450 3815 operis

199 3850 370 3905 erant,
398 3805 651 3911 synodus
680 3839 873 3907 quinta
903 3805 1241 3890 meomenica
1273 3805 1380 3885 act.
1406 3829 1475 3896 4;
1507 3827 1708 3883 deinde
1737 3823 2009 3880 Ebediesu
2045 3822 2099 3876 in
2136 3819 2386 3911 catalogo
2413 3831 2535 3886 cap.
2561 3815 2962 3911 l9;_quot_quot
2998 3808 3233 3910 denique
3263 3805 3447 3911 operis

196 3894 653 3987 eodiices‘nomen
701 3894 878 3982 nostri
919 3923 1190 3980 Theodori
1233 3894 1560 3989 inscriptum
1608 3917 1832 3972 habent.
1857 3913 1923 3967 Et
1949 3912 2171 3983 quidem
2212 3909 2483 3964 Ebediesu
2533 3904 2608 3959 ait
2651 3902 2997 3958 Theodorum
3027 3897 3317 3966 scripsisse
3351 3894 3450 3989 hoc

196 4040 334 4094 Opus
363 3986 430 4078 ad
465 4021 760 4092 quemdam
794 4034 912 4072 mar
938 4016 1142 4080 Turini,
1177 4020 1237 4068 ut
1275 3986 1465 4068 scribit
1508 4007 1846 4064 Echellensis
1887 4003 2160 4060 Ebediesu
2205 4001 2412 4066 editor;
2452 4005 2506 4052 at
2534 4012 2663 4052 vero
2690 3997 3024 4051 Assemanus
3058 3992 3120 4094 in
3142 3989 3310 4042 altera
3339 3986 3454 4040 edis

198 4123 346 4177 tione
384 4119 667 4176 scribebat
706 4133 822 4169 mar
867 4114 1107 4184 Tyrium,
1144 4124 1421 4177 nunquam
1467 4107 1756 4161 immemor
1783 4104 1868 4159 sui
1903 4101 2161 4172 Syriatici
2199 4115 2350 4164 mar,-
2375 4111 2476 4167 ego
2511 4109 2641 4148 vcro
2670 4090 2844 4146 ausim
2878 4091 3070 4184 contra
3093 4082 3453 4184 Assemanum

197 4214 494 4268 emendare
526 4209 874 4277 Hartyrium,
899 4167 1290 4273 Chrysostomi-
1315 4199 1558 4266 adeoque
1596 4195 1762 4250 etiam
1798 4167 2071 4247 Theodori
2112 4188 2400 4260 aequalem,
2443 4192 2498 4242 et
2521 4191 2709 4255 postea
2741 4174 3043 4233 Antiochiae
3065 4167 3452 4277 patriarcham,

199 4321 317 4374 qua!
340 4302 444 4356 fuit
489 4261 770 4354 Theodori
814 4261 1032 4365 patria;
1063 4291 1293 4359 ideoque
1336 4261 1568 4358 pronum
1606 4285 1820 4340 creditu
1865 4290 1972 4346 est,
2007 4282 2238 4336 missum
2282 4279 2353 4332 ah
2393 4292 2458 4333 eo
2505 4289 2646 4344 epus
2675 4271 2744 4374 ad
2784 4269 2956 4374 civem
2985 4261 3455 4374 utverisimi‘lcnclslt

201 4354 385 4457 suum,
418 4393 690 4445 illustrem
729 4354 866 4441 adeo
895 4354 1100 4446 virum,
1135 4354 1228 4450 qui
1267 4354 1639 4432 Antiochenas
1671 4373 1890 4428 demum
1939 4370 2141 4424 infulas
2188 4373 2518 4422 consecutus
2555 4369 2659 4418 est.
2687 4357 2840 4426 Quod
2881 4356 2927 4410 si
2967 4354 3090 4422 quis
3122 4354 3327 4418 qmerat
3357 4360 3455 4396 cur

202 4493 404 4560 passim
434 4484 769 4540 Theodorus
795 4482 852 4535 in
885 4479 1169 4534 codicibus
1194 4477 1546 4532 Antiocheam
1582 4472 1764 4544 potius
1797 4483 1958 4539 quam
1995 4463 2396 4533 Hopsuestenus
2431 4461 2676 4520 dicatur;
2699 4457 2848 4560 hanc
2877 4463 3100 4560 causam
3143 4458 3264 4560 858:3
3293 4447 3455 4560 putt).

202 4528 341 4652 quod
371 4574 727 4650 Mopsuestiae
747 4569 989 4643 episcOpi
1015 4568 1124 4622 duo
1158 4566 1378 4620 fuerunt
1408 4560 1706 4625 Theodori,
1738 4561 1888 4630 prior
1935 4553 2214 4623 antiquior
2256 4551 2348 4620 qui
2396 4547 2649 4652 secundae
2687 4541 3041 4639 Antiochense
3071 4528 3456 4652 fy'nodeos‘u'li-

203 4617 424 4739 :cripsit
445 4617 888 4736 ;Pposteriorlhic
911 4617 1300 4712 celeberrimus
1327 4660 1534 4714 uoster,
1560 4650 1654 4719 qui
1685 4645 2060 4702 distinctionis
2082 4642 2259 4711 gratia
2284 4637 2714 4739 vocitahaturex
2738 4628 2912 4728 patria
2937 4639 3034 4679 sua
3060 4617 3452 4739 Antimgiet‘itii-

445 4715 520 4813 ,il:
536 4715 832 4812 codicibus
856 4746 972 4804 fieri
1002 4746 1159 4800 video
1189 4745 1254 4798 de
1275 4742 1484 4797 Joanne
1509 4715 1795 4809 Xiphilino
1821 4733 2136 4831 patriarcha
2169 4726 2780 4831 Constantinopolitano
2817 4719 2955 4818 ejus.
2975 4715 3211 4831 nominis
3240 4715 3454 4831 felix.

320 4809 956 4920 pariter—distinctionis
988 4835 1166 4904 gratia
1196 4833 1403 4887 dicitur
1434 4827 1901 4890 Chalcedonensis,
1935 4839 1964 4877 a
1992 4823 2168 4894 patria
2209 4821 2289 4875 vel
2332 4820 2567 4872 fortasse
2593 4831 2622 4868 a
2659 4809 3213 4920 priore-episcopatu,
3240 4809 3299 4920 ut
3328 4813 3457 4920 cou-

206 4899 556 5015 jecturraliter
579 4938 792 5007 judico.
836 4933 998 4988 Certe
1047 4930 1186 4985 duos
1222 4928 1512 4982 Anthimos
1562 4925 1656 4993 qui
1693 4931 1852 4976 aetate
1901 4937 2021 4975 mea
2071 4915 2734 5015 Constantinopolitano":
2760 4908 3071 4964 cathedram
3116 4899 3456 5015 insederunt.

205 4984 344 5091 haud
384 4984 661 5090 numer’ali
692 5035 822 5083 nota
857 5023 1002 5093 apud
1043 5022 1262 5076 Graecos
1296 5017 1560 5086 distingui
1610 5015 1798 5075 audio,
1841 5012 1932 5067 sed
1987 5010 2223 5079 priorem
2273 5006 2553 5074 Ephesium
2588 5003 2679 5056 ubi
2711 5000 2813 5054 fuit
2848 5006 3008 5050 antea
3047 4989 3317 5048 exarclms
3348 4984 3454 5051 epi-

210 5149 440 5204 scopus;
479 5129 715 5184 alterum
747 5118 1288 5179 Thessalonicensem,
1319 5127 1347 5165 a
1376 5112 1558 5181 priore
1587 5111 1715 5162 item
1752 5107 2089 5177 episcopatu,
2124 5100 2416 5156 nominari.

276 5243 364 5302 Ν,
403 5239 774 5296 Promisimus
815 5235 948 5290 olim
977 5237 1188 5300 partem
1220 5224 1492 5281 Theodori
1523 5238 1630 5277 non
1667 5222 1936 5276 modicam
1977 5215 2358 5272 Commentarii
2391 5213 2442 5266 in
2474 5212 2739 5275 Psalmos,
2773 5223 2837 5260 ex
2870 5201 3148 5258 codicibus
3183 5192 3461 5296 Vaticanis

215 5335 557 5397 sumendam,
590 5331 821 5397 eﬂerre;
856 5341 1050 5381 verum
1077 5339 1138 5379 ea
1173 5339 1262 5379 res
1306 5322 1611 5377 breviorem
1658 5326 1845 5389 postea
1885 5316 2172 5378 ambitum,
2223 5312 2293 5364 ob
2336 5311 2458 5362 illas
2492 5319 2688 5374 causas
2737 5308 2894 5354 nacta
2939 5303 3041 5358 est,
3078 5307 3214 5397 quas
3239 5297 3366 5392 aplo
3405 5302 3460 5387 tn

217 5377 557 5397 .................,
594 5377 821 5397 -..ν-η
1085 5377 1100 5379 -
1214 5377 1255 5379 η
1658 5377 1675 5389 .
3189 5383 3197 5392 ,
3239 5381 3250 5392 .
3409 5377 3419 5387 .

217 5432 330 5486 ιοω
353 5431 619 5492 diximus,
658 5427 752 5482 ubi
783 5418 1057 5496 quidquid
1085 5419 1203 5488 ejus
1228 5419 1411 5488 operis
1437 5416 1656 5470 interim
1689 5416 1740 5466 in
1773 5427 1966 5466 manus
2003 5411 2166 5469 venit,
2213 5414 2330 5475 post
2365 5403 2652 5472 prophetas
2687 5382 3462 5496 CXPOSIllilllllS..FCllCICP-Cilll

222 5521 482 5578 Theodori
514 5471 915 5576 con’jmenl;ri0
941 5471 1015 5563 ad
1039 5471 1301 5562 Joannem
1335 5504 1560 5566 fuimus,
1586 5503 1742 5571 cujus
1778 5502 2048 5569 ingentem
2084 5510 2271 5564 reapse
2303 5501 2533 5545 tractum
2565 5504 2685 5541 cum
2712 5480 2972 5554 peculiari
3000 5474 3163 5529 animi
3189 5471 3462 5578 volupt'ate

225 5614 275 5667 in
305 5618 471 5671 lucem
505 5610 904 5683 protraximus.
935 5599 1127 5669 Neque
1161 5606 1341 5650 tamen
1379 5610 1526 5648 nunc
1559 5601 1800 5661 repetere
1831 5589 2050 5658 placuit,
2083 5594 2262 5655 partes
2292 5584 2410 5634 illas
2447 5597 2552 5634 non
2587 5579 2828 5633 modicas
2854 5578 2906 5630 in
2932 5572 3220 5643 Epistolam
3255 5565 3322 5619 ad
3358 5563 3458 5651 Ro:

229 5717 414 5766 annos,
459 5665 577 5774 quae
626 5699 819 5754 Grece
861 5701 1070 5764 quarto
1117 5689 1386 5760 Spicilcgii
1431 5688 1653 5740 Romani
1703 5684 1963 5738 volumini
2001 5683 2127 5735 Ollttl
2172 5677 2546 5733 inscruimus:
2594 5693 2764 5744 neque
2806 5675 2932 5727 item
2967 5665 3466 5767 complures‘illas,

233 5806 342 5863 illa
515 5793 705 5850 Latine
735 5751 962 5846 tantum
1000 5787 1278 5838 exstarent
1318 5777 1400 5834 vel
1431 5778 1484 5832 in
1522 5776 1714 5848 synodi
1752 5777 1951 5846 quintis
1999 5776 2150 5836 actis,
2195 5773 2274 5824 \‘t‘l
2305 5768 2444 5836 apud
2485 5766 2766 5821 Leontium
2800 5766 2852 5817 in
2885 5763 3217 5829 Basnagiana
3253 5751 3456 5811 (innisi!
