3920 6130
448 296 549 349 125
1630 277 1979 336 THEODORI
2016 272 2497 332 MOPSUESTENI
3595 258 3709 312 HJ

445 405 705 472 editione,
731 421 834 460 nos
861 403 1024 474 primi
1053 399 1239 457 Graece
1265 401 1319 454 in
1349 406 1564 455 sextum
1603 395 1931 466 Scriptorum
1975 405 2201 449 celerum
2246 401 2450 447 tomum
2490 387 2849 478 contulimus,
2871 382 3287 478 Praetores-ergo
3325 380 3548 478 utantur
3577 372 3716 478 1ου-

446 496 578 551 citer
618 467 776 550 novis
807 467 892 550 his
925 490 1271 549 celeberrimi
1311 489 1414 545 SS.
1447 488 1748 543 Bibliorum
1783 485 2231 541 commentatoris
2262 481 2490 540 divitiis.
2523 493 2662 550 quas
2705 475 2996 546 pontiﬁeia:
3040 471 3385 528 bibliotheca:
3416 467 3712 523 codicibus

446 594 698 653 acceptas
726 585 921 639 debent
958 603 970 637 :
1007 585 1482 654 meminerintqne,
1523 597 1703 638 rerum
1740 581 1958 651 quidem
1997 579 2278 635 historiam
2307 592 2373 632 ne
2416 575 2468 628 in
2503 571 2780 644 prophetis
2811 568 3027 639 quidem
3064 581 3186 622 esse
3215 563 3608 636 perimendam,
3645 569 3715 613 ut

444 677 682 747 Cyrillus
715 677 829 745 ipse
862 683 916 730 et
949 676 1378 748 Chrysostontus
1433 685 1487 732 et
1537 676 1833 747 Gregorius
1882 673 2014 737 PP.,
2067 673 2270 742 aliique
2321 669 2510 724 Patres
2557 674 2782 722 monent
2815 684 2829 722 :
2863 665 3142 718 Christum
3197 669 3376 715 tamen
3435 671 3715 728 prmerpue

443 771 674 840 ejusque
702 770 1022 834 Ecclesium,
1053 775 1144 842 qui
1178 782 1263 828 est
1291 787 1463 828 sacra:
1500 770 1797 840 Scriptura:
1829 782 2052 838 scapus,
2088 778 2400 834 nostraeque
2430 761 2625 818 salutis
2661 759 2957 830 negotium,
2998 771 3106 826 pra:
3136 755 3313 810 oculis
3345 753 3604 808 habeant-

516 861 611 916 Est
640 869 822 916 autem
858 862 1015 928 ordo,
1048 879 1210 932 quem
1239 863 1411 919 codex
1450 860 1568 918 Vat.
1595 869 1762 926 tenet,
1793 849 2315 916 commentariorum
2350 851 2624 909 Theodori
2659 849 2803 920 apud
2835 865 2936 904 nos
2969 847 3057 902 hic
3089 866 3103 903 :

723 954 787 1006 In
823 950 1014 1006 Oscam
1045 969 1098 1022 p.
1131 954 1181 1007 1.

727 1039 796 1094 1η
833 1039 1033 1095 Joelem
1069 1058 1120 1112 p.
1155 1041 1245 1094 68.

730 1129 796 1185 In
825 1133 1074 1185 Amosum
1105 1149 1156 1201 p.
1192 1131 1278 1185 9!.

732 1217 796 1270 In
832 1218 1056 1271 Abdiam
1091 1233 1148 1288 p.
1184 1217 1301 1271 MO.

728 1307 795 1361 In
824 1307 1016 1362 Ionam
1045 1324 1098 1378 p.
1133 1307 1256 1361 150.

725 1397 1098 1469 ῙιιβιὶεΙιίεωη
1131 1413 1184 1468 p.
1222 1398 1344 1453 170.

2406 941 2474 996 In
2506 939 2813 994 Nahumum
2839 955 2894 1009 p.
2922 938 3045 992 2l0.

2403 1033 2469 1088 In
2502 1031 2841 1087 Habacucunt
2869 1045 2922 1100 p.
2952 1030 3076 1084 251.

2405 1123 2471 1177 1η
2505 1121 2829 1192 Saphaniam
2861 1137 2913 1191 p.
2940 1120 3068 1174 249.

2409 1211 2475 1267 In
2504 1213 2753 1282 Agga’um
2780 1226 2834 1280 p.
2866 1210 2991 1264 269.

2409 1300 2476 1354 In
2501 1298 2820 1354 Zachariam
2847 1313 2898 1368 p.
2933 1297 3062 1352 281.

2407 1391 2474 1447 In
2497 1391 2824 1445 Malachiam
2855 1406 2907 1461 p.
2939 1389 3067 1444 265.

520 1489 831 1560 Sequuntur
858 1490 1158 1560 fragmenta
1191 1488 1245 1542 in
1289 1485 1531 1539 Psalmos
1575 1501 1628 1555 ι).
1664 1485 1804 1549 590;
1847 1492 1900 1540 et
1932 1486 1984 1539 in
2009 1481 2236 1538 Joannis
2267 1479 2609 1551 Evangelium
2637 1495 2688 1551 p.
2723 1476 2984 1536 596,ιο8.

447 1690 3710 1736 mw

733 1741 1933 2056 ΘΕΟΔΩΡΟΥ
2077 1879 3388 2055 ΑΝΤΙΟΧΕΩΣ

587 2153 1421 2298 EPMHNElA
1531 2161 1980 2290 ΩΣΗΕ

2102 2160 2439 2295 ΤΟΥ
2541 2162 3535 2299 ΠΡΟΦΗΤΟΥ.

921 2602 1911 2766 THEODORI
2023 2607 3196 2770 ANTIOCHENI

600 2925 1732 3045 COMMENTARIUS
1821 2903 1981 3043 1N
2056 2929 2531 3047 OSEAM
2605 2933 3520 3048 PROPHE'I‘AM.

512 3352 556 3422 ι
599 3351 799 3407 Contra
827 3365 922 3405 eos
957 3351 1049 3420 qui
1090 3359 1293 3406 temere
1331 3351 1648 3422 preplietica
1683 3351 1844 3408 verba
1890 3358 1999 3404 tra-

2175 3349 2345 3421 (Cod.
2377 3349 2633 3406 Column.
2680 3347 2856 3416 XLV,
2913 3367 2965 3422 p.
3011 3353 3092 3423 1.)
3163 3353 3258 3416 Εἰς
3306 3347 3526 3423 ἔλεγχον
3583 3355 3706 3408 τῶν

438 3443 635 3499 manda
661 3443 986 3513 suscipiunt,
1018 3450 1179 3512 atque
1205 3451 1261 3496 ιιι
1291 3447 1431 3496 viam
1469 3443 1862 3514 posterioribus
1885 3458 2006 3497 mu-

436 3531 609 3594 niam,
645 3531 949 3601 aggrediar,
987 3530 1096 3588 Deo
1131 3533 1398 3602 adjutore,
1433 3535 1498 3588 ad
1533 3550 1619 3589 res
1661 3534 2007 3604 propheticus

435 3622 828 3691 explanandas,
857 3632 1018 3694 capto
1048 3625 1206 3680 initio
1231 3626 1299 3680 ab
1327 3625 1489 3690 Osca,
1525 3625 1618 3696 qui
1651 3633 1708 3681 et
1750 3626 2006 3697 princeps

438 3712 582 3766 inter
625 3713 863 3783 reliquos
911 3714 1204 3784 pmphetas
1248 3725 1408 3771 astate
1453 3727 1556 3772 est.
1599 3713 1734 3770 Nam
1777 3731 1847 3772 ex
1893 3731 2006 3787 quo

437 3801 629 3858 beatus
660 3802 851 3867 David,
884 3807 1027 3861 sicut
1063 3819 1164 3876 ego
1207 3807 1259 3860 in
1295 3807 1671 3877 superioribus
1699 3807 1833 3870 dixi,
1860 3823 2007 3862 cun-

436 3904 555 3949 ctas
583 3910 703 3964 quae
727 3897 926 3965 populo
947 3907 1224 3951 eventura:
1255 3909 1412 3952 erant
1445 3913 1625 3953 rerum
1661 3897 2004 3968 publicarum

433 3985 822 4041 conversiones
856 3988 1150 4042 manifeste
1187 3989 1240 4041 in
1269 3989 1496 4058 psalmis
1525 3997 1902 4051 enat-raverat,
1931 3989 2005 4044 si-

435 4077 662 4130 lcntinrn
691 4078 1015 4133 intermedia
1041 4087 1290 4148 tempora
1309 4080 1620 4148 occupavit,
1639 4080 1769 4148 quia
1791 4079 2008 4134 scilicet

436 4167 570 4219 nihil
608 4167 676 4220 ab
713 4169 806 4222 illo
837 4168 1176 4222 vaticinante
1206 4167 1636 4235 praetermissum
1672 4167 1868 4222 fuerat.
1897 4166 2005 4223 Sed

433 4258 578 4310 enim
608 4258 794 4311 statim
827 4273 892 4312 ac
925 4268 1141 4329 tempus
1183 4259 1387 4325 adfuit,
1431 4273 1543 4330 quo
1575 4268 1864 4332 casperunt
1907 4259 2006 4314 ad-

435 4362 591 4400 versa
617 4349 726 4411 pati
758 4345 1409 4424 decetntribus,Assyriis
1459 4365 1558 4406 eas
1603 4351 2002 4420 prementibus,

430 4437 606 4492 donec
652 4439 901 4494 finitimus
943 4441 1106 4498 avitis
1144 4457 1369 4499 eversas
1392 4441 1618 4498 sedibus
1644 4441 2004 4499 Sennacheri-

431 4547 554 4586 mus
584 4533 635 4586 in
669 4541 927 4588 extranea
954 4534 1072 4588 loca
1102 4535 1414 4602 transtulit;
1443 4550 1567 4589 cum
1593 4535 1728 4604 jam,
1755 4536 1998 4606 inquam,

2109 3439 2482 3505 ἀϐασανίστως
2531 3441 2840 3495 ἐπιϐάλλειν
2891 3444 3012 3507 ταῖς
3058 3449 3427 3515 προφητικαῖς
3484 3448 3707 3516 ἐπιχει-

2111 3531 2346 3602 ρούντων
2401 3534 2638 3600 φωναῖς,
2706 3533 2798 3584 καὶ
2854 3532 2958 3603 μὴν
3004 3535 3097 3587 καὶ
3152 3536 3288 3605 πρὸς
3342 3537 3707 3607 κατασκευὴν

2105 3621 2213 3675 τῶν
2234 3620 2381 3693 ἑξῆς,
2408 3622 2704 3694 ἀρξώμεθα
2726 3624 2822 3694 τῆς
2845 3624 2956 3676 τῶν
2981 3627 3338 3696 προφητικῶν
3363 3631 3702 3696 σαφηνείας,

2105 3713 2241 3766 Θεοῦ
2261 3713 2514 3778 διδόντος.
2545 3712 2653 3767 ἀπὸ
2676 3712 2768 3766 τοῦ
2795 3713 2950 3787 Ὠσηὲ
2974 3716 3070 3786 τὴν
3094 3717 3269 3788 ἀρχὴν
3305 3719 3702 3789 ποιησάμενοι,

2104 3801 2164 3856 ὃν
2214 3804 2306 3856 καὶ
2335 3803 2545 3875 πρῶτον
2592 3799 2830 3875 εἶναιτῴ
2861 3805 3038 3877 χρόνῳ
3069 3808 3379 3878 συμϐέϐηκε
3423 3810 3531 3862 τῶν
3579 3811 3701 3864 λοι-

2106 3893 2224 3948 πῶν
2285 3896 2624 3965 προφητῶν·
2675 3893 2772 3948 τοῦ
2819 3897 2928 3966 γὰρ
2981 3899 3254 3969 μακαρίου
3300 3899 3499 3960 Δαυῖδ,
3560 3901 3703 3955 καθ’

2104 3983 2140 4038 ἃ
2178 3984 2414 4053 πρόσθεν
2438 3983 2608 4056 ἔφθην
2652 3985 2821 4040 εἰπὼν
2849 3987 2948 4056 (1),
2985 3988 3044 4040 ὲν
3073 3987 3306 4059 ψαλμοῖς
3337 3991 3552 4054 ἁπάσας
3587 3995 3698 4056 τὰς

2107 4075 2234 4145 περὶ
2274 4075 2366 4128 τὸν
2391 4075 2519 4128 λαὸν
2559 4077 2824 4146 ἐσομένας
2864 4079 3165 4148 μεταϐολὰς
3190 4080 3434 4144 ἐπίοντος
3481 4084 3694 4153 προδη-

2105 4163 2246 4228 λως,
2311 4166 2437 4237 σιγὴ
2485 4167 2585 4238 μὲν
2617 4167 2709 4220 τὸν
2757 4169 2815 4223 ὲν
2847 4171 3000 4240 μέσῳ
3051 4171 3242 4240 χρόνον
3285 4175 3554 4242 κατεῖχεν.
3585 4174 3693 4227 ἆτε

2103 4254 2416 4324 ἀρκούντως
2468 4257 2686 4311 ἅπαντα
2717 4260 3107 4329 προειρηκότος
3133 4261 3341 4314 ἐκείνου
3366 4279 3376 4290 ·
3411 4263 3598 4334 ἐπειδὴ
3627 4264 3692 4317 δὲ

2102 4344 2390 4416 ἐπιστῆναι
2417 4345 2509 4399 τὸν
2543 4347 2731 4417 καιρὸν
2765 4347 2967 4415 συνέϐη
3001 4348 3122 4402 καθ’
3151 4349 3209 4402 ὃν
3237 4351 3468 4420 ἤρξαντο
3497 4352 3691 4417 κακῶς

2103 4435 2330 4505 πάσχειν
2352 4438 2410 4491 αἱ
2442 4437 2577 4490 δέκα
2611 4438 2798 4506 φυλαὶ,
2840 4439 2949 4492 τῶν
2996 4440 3298 4512 Ἀσσυρίων
3331 4443 3499 4504 αὑτὰς
3532 4443 3680 4496 πολιν

2100 4525 2404 4596 ορκούντων
2448 4529 2609 4600 ἄχρις
2653 4523 2714 4582 οὗ
2763 4529 3046 4594 παντελῶς
3100 4531 3270 4594 αὑτὰς
3314 4533 3423 4585 τῶν
3467 4534 3700 4587 οἰκείων

432 4622 632 4676 factum
673 4634 819 4678 esset
856 4624 1071 4678 initium
1102 4626 1500 4689 calamitatum,
1531 4641 1668 4694 quas
1701 4629 1848 4695 genti
1885 4630 2001 4682 im-

2102 4619 2279 4672 τόπων
2309 4621 2338 4672 ὀ
2386 4620 2759 4693 Σενναχηρεὶμ
2800 4621 3017 4690 ἀφελὼν
3053 4624 3134 4686 εἰς
3179 4623 3493 4695 ἀλλοτρίους
3547 4643 3690 4694 μετ-

431 4712 666 4779 prndero
697 4713 868 4766 nmlto
895 4725 1021 4768 ante
1069 4715 1236 4766 David
1273 4715 1638 4782 praedixerat;
1676 4715 1882 4772 Ezecia:
1910 4719 1998 4772 ni-

2102 4709 2268 4780 ῴκισε
2300 4712 2519 4776 τόπους.
2681 4686 2742 4767 τὲ
2773 4686 3058 4786 πόρρωθεν
3089 4715 3166 4785 τῷ
3205 4686 3484 4786 μακαρίῳή
3518 4686 3696 4770 Ᾰαυῖδ

430 4793 628 4847 mirmn
652 4803 830 4858 aetate,
860 4798 952 4865 qui
983 4795 1137 4851 ludas
1173 4806 1226 4850 et
1257 4795 1560 4863 Benjamini
1599 4799 1852 4854 tribubus
1896 4802 2000 4854 im-

427 4885 731 4954 peritabat;
763 4887 945 4940 divina
967 4888 1161 4957 gratia,
1183 4888 1344 4942 rebus
1361 4887 1474 4957 jam
1498 4887 1852 4955 instantibus,
1869 4906 1999 4960 pro-

426 4977 617 5045 phetas
662 4977 878 5048 publice
913 4978 1083 5041 misit,
1131 4979 1480 5048 primumque
1526 4980 1582 5034 in
1635 4980 1721 5034 his
1771 4979 1997 5048 Oscam,

422 5070 515 5137 qui
543 5069 807 5139 quidquid
844 5067 1108 5124 divinitus
1140 5069 1247 5122 illis
1278 5077 1599 5126 eventurum
1629 5082 1746 5127 erat
1779 5075 1999 5128 nuntia-

2104 4809 2478 4878 προειρημένα
2507 4809 2636 4880 περὶ
2669 4809 2776 4863 τῶν
2805 4811 2883 4881 τῷ
2917 4809 3032 4880 λαῷ
3061 4812 3490 4881 συμϐησομένων
3519 4809 3691 4880 χαλε-

2105 4899 2242 4962 πῶν,
2271 4899 2369 4969 τὴν
2407 4900 2582 4970 ἀρχὴν
2605 4900 2854 4953 ἐντεῦθεν
2881 4901 3092 4970 ἐδέχετο
3112 4920 3125 4934 ο
3167 4904 3305 4974 ὅπερ
3333 4899 3427 4957 οὖν
3453 4906 3542 4957 ἐπὶ
3570 4905 3691 4958 τῶν

2103 4991 2244 5044 κατὰ
2269 4990 2360 5043 τὸν
2399 4991 2646 5055 Ἐζεκίαν
2679 4992 2893 5060 ἐγένετο
2912 4995 3141 5066 καιρῶν,
3170 4996 3269 5064 τῆς
3303 4996 3472 5050 Ἰούδα
3501 4996 3686 5068 φυλῆς

2097 5079 2451 5150 βασιλεύοντα
2485 5082 2582 5134 σὺν
2609 5084 2673 5152 τῇ
2706 5082 2983 5153 Βενιαμὶν,
3032 5085 3364 5155 προεϐάλετο
3392 5086 3499 5137 τῶν
3533 5101 3686 5154 πρα-

424 5171 500 5212 ret
527 5161 762 5230 :quique
787 5161 840 5215 in
870 5160 1190 5216 memoriam
1221 5161 1388 5216 veluti
1412 5177 1678 5220 revocans
1704 5166 1996 5236 praedictas

2102 5174 2318 5242 γμάτων
2364 5171 2594 5240 ἐγγύθεν
2616 5171 2780 5226 ὄντων
2821 5173 2988 5244 ἠθεία
3025 5175 3184 5245 χάρις
3205 5175 3332 5239 τοὺς
3364 5177 3682 5246 προςήτας,

421 5252 550 5304 olim
586 5267 617 5304 a
651 5251 850 5308 Davide
881 5254 1256 5321 calamitates,
1293 5254 1486 5310 harum
1525 5271 1647 5310 mox
1687 5256 1994 5314 futurarum

419 5342 634 5410 culpam
666 5345 927 5401 Israelitis
956 5347 1282 5417 imponeret,
1319 5361 1349 5402 a
1386 5345 1480 5402 Dei
1521 5349 1671 5402 cultu
1705 5363 1767 5403 ac
1815 5351 1996 5405 notio-

421 5446 489 5487 ne
541 5433 868 5503 jampridem
914 5440 1152 5504 aversis,
1194 5449 1356 5510 atque
1395 5440 1462 5495 ad
1501 5440 1642 5495 idola
1685 5440 1981 5500 daemones-

490 5568 604 5621 ¹-⁵1
641 5584 714 5622 ιιι.
748 5569 971 5626 θειὸοεν.

2095 5265 2186 5316 καὶ
2217 5265 2320 5333 πρό
2345 5280 2408 5332 γε
2438 5263 2545 5315 τῶν
2572 5263 2774 5316 λοιπῶν
2803 5262 2894 5317 τὸν
2939 5265 3096 5332 Ὠσηὲ
3129 5264 3404 5335 μηνύοντα
3437 5266 3506 5317 τὰ
3546 5269 3688 5337 περὶ

2091 5355 2284 5418 αὐτοὺς
2315 5354 2498 5408 θεόθεν
2517 5357 2593 5396 ¹-⁸
2619 5356 2868 5427 ἐσόμενα,
2899 5359 2972 5426 (p.
3007 5359 3062 5426 2)
3094 5357 3349 5427 καθάπερ
3374 5358 3496 5410 τινὰ
3535 5359 3684 5411 ὑπό-

2093 5463 2285 5516 μνησιν
2327 5445 2647 5517 ποιούμενον
2680 5447 2788 5501 τῶν
2830 5449 2978 5521 παρᾶ
3008 5449 3085 5519 τῷ
3113 5449 3276 5502 Δαυῖδ
3321 5449 3491 5503 πάλαι
3516 5465 3578 5503 τε
3607 5451 3690 5504 ει.

487 5680 566 5745 (1)
607 5676 875 5735 Videlicet
923 5681 978 5737 in
1027 5686 1418 5740 commentario
1471 5701 1571 5741 suo
1609 5686 1676 5739 ad
1721 5687 1986 5755 Pralmos,
2027 5693 2185 5763 cnjns
2240 5697 2486 5767 ingentes
2523 5701 2778 5772 reliquias
2836 5716 2936 5756 ms
2993 5702 3264 5757 volumine
3305 5701 3407 5755 hoc
3445 5697 3688 5756 exhibe-

424 5755 624 5824 bimus,
