3920 6130
233 316 328 371 195

1268 317 1814 376 COMMENTARIUS
1851 318 1915 373 ΙΝ
1955 317 2156 374 ΟΒΕΑΞ
2188 316 2342 371 CAP.
2375 316 2414 372 Ι.

3381 319 3484 377 1215

234 427 470 500 ρημᾶνων
496 425 595 478 καὶ
635 428 941 499 πρόπαλαι,
969 432 1045 496 ὡς
1067 433 1134 487 ἂν
1157 434 1264 487 τῶν
1291 452 1349 488 τε
1389 437 1661 506 ἐσομένων
1699 455 1800 508 χαι

1909 449 2011 504 que
2041 447 2305 502 perquam
2328 432 2576 489 studiose
2603 434 2919 502 conversis;
2961 435 3015 504 2
3053 442 3215 506 atque
3243 440 3300 490 ut
3336 435 3476 491 idem

231 516 399 572 λεπῶν
433 517 564 580 τοὺς
611 518 964 590 Ἰσραηλίτας
1005 524 1333 594 ἀποφήνειεν
1379 528 1620 590 αἰτίους,
1670 531 1806 581 ἀπο-

230 608 448 669 στάντας
468 607 572 676 μὲν
601 607 704 678 τῆς
724 610 858 680 περὶ
883 611 977 664 τὸν
1000 609 1133 666 Θεὸν
1155 613 1451 685 θεραπείας
1475 633 1536 669 τε
1559 618 1650 670 καὶ
1668 618 1806 686 γνώ-

231 712 376 758 σεως,
413 698 549 766 περὶ
577 697 640 749 δὲ
673 699 749 754 τὰ
773 700 973 754 εἴδωλα
997 703 1093 756 καὶ
1117 706 1244 768 τοὺς
1283 705 1545 776 δαίμονας
1589 707 1806 762 ᾶπασαν

228 787 436 858 ἔχοντες
463 788 571 859 τὴν
598 790 842 860 σπουδήν
862 807 875 820 “
918 790 1079 861 δῆλόν
1121 807 1181 846 τε
1208 795 1483 864 ποιήσειεν
1508 797 1589 850 ὅτι
1613 798 1713 850 οὐκ
1741 797 1808 851 ἐκ

226 893 357 938 τινος
390 877 688 948 συντυχίας
709 879 958 949 γίγνεται
991 881 1166 936 ταῦτα
1187 899 1202 914 ·
1239 885 1522 956 πόρρωθεν
1542 888 1600 940 δὲ
1620 890 1807 960 είρητό

228 984 280 1019 τε
302 968 393 1020 καὶ
422 968 741 1040 προώριστο
780 970 862 1041 τῷ
899 971 1020 1044 Θεῷ
1053 974 1324 1042 γενέσθαι,
1355 976 1456 1047 τὴν
1483 978 1688 1032 τούτων
1714 981 1807 1034 αὑ-

231 1055 330 1108 τῶν
356 1056 719 1129 ἐπισταμένῳ
743 1059 965 1125 κακίαν,
992 1074 1086 1115 και
1119 1063 1188 1116 τὰ
1225 1065 1357 1135 περὶ
1403 1067 1598 1132 αὐτοὺς
1623 1069 1710 1123 δντ
1721 1087 1807 1124 ινα

229 1147 417 1216 τρόπον
447 1148 733 1218 πΜκεν
775 1151 1081 1222 οἰκονομεῖν
1112 1154 1275 1208 εἰδότι
1324 1157 1530 1225 σαφῶς,
1561 1160 1640 1221 εἰς
1670 1177 1806 1230 προ-

230 1239 584 1309 παραπευὴν
597 1241 804 1314 τῆςτοῦ
838 1244 1104 1298 Δεσπότου
1126 1245 1364 1316 Χριστοῦ
1382 1249 1602 1316 δείξεώς
1624 1269 1683 1304 τε
1709 1255 1805 1306 καὶ

231 1329 533 1398 παρουσίας
556 1346 573 1361 ο
604 1329 750 1385 ὥστε
773 1331 885 1404 γὰρ
909 1333 1066 1404 δῆλον
1090 1332 1296 1389 ἅπασιν
1320 1338 1571 1406 γενέσθαι
1597 1341 1679 1395 ὅτι
1702 1344 1804 1414 τὴν

229 1420 348 1490 περὶ
376 1422 474 1473 τὸν
502 1421 639 1476 λαὸν
672 1422 998 1494 κηδεμονίαν
1029 1423 1117 1478 διὰ
1151 1426 1243 1480 τὸν
1283 1427 1342 1495 ιε
1371 1430 1553 1483 αὐτῶν
1578 1433 1804 1503 προσδο-

229 1508 466 1578 κώμενον
487 1511 833 1581 φανήσεσθαι
869 1517 1124 1581 ποιεῖται,
1146 1514 1394 1570 ἐκδίδωσι
1417 1519 1518 1588 μὲν
1541 1521 1640 1584 τὰς
1672 1523 1802 1576 δέκα

229 1601 393 1664 eum;
423 1603 496 1671 τῇ
536 1600 650 1655 τῶν
684 1603 987 1674 ’Δσσυρίων
1021 1605 1364 1678 αίχμαλωοιᾳ
1386 1626 1401 1642 ⁸
1451 1611 1708 1680 φυλάττει
1747 1615 1802 1668 δὲ

230 1693 314 1745 ἰπὶ
337 1692 449 1746 τῶν
470 1693 660 1749 τόπων
684 1689 786 1765 τὴν
815 1694 988 1751 Ἰούδα
1017 1699 1202 1770 μόνην,
1226 1701 1286 1766 ἐξ
1313 1698 1495 1775 ἧσπερ
1523 1707 1757 1777 ῆμελλεν
1775 1713 1804 1764 6

1908 524 2088 594 palam
2121 525 2346 588 faceret,
2377 523 2526 578 haud
2555 539 2690 580 casu
2723 525 2908 594 aliquo
2947 525 3062 580 haec
3091 525 3234 579 mala
3263 527 3480 580 contiu-

1905 631 2051 686 gere,
2085 615 2184 671 sed
2211 615 2385 670 multo
2413 623 2542 671 ante
2574 617 2821 671 edicente
2861 630 2926 672 ac
2973 617 3300 672 decernente
3345 617 3477 680 Deo,

1905 709 1993 761 cui
2025 715 2081 762 et
2116 707 2492 761 lsraciitarum
2541 708 2868 776 improbitas
2913 709 3196 779 esplorata
3238 717 3377 775 erat,
3422 717 3478 763 et

1905 799 2070 854 simul
2101 807 2386 868 comperta
2419 799 2585 862 ratio,
2612 815 2720 869 qua
2745 815 2870 855 cum
2899 800 2986 855 his
3021 799 3291 870 agendum
3333 808 3476 861 erat.

1905 890 1977 945 ob
2008 890 2152 944 viam
2180 889 2477 958 parandam
2513 889 2718 945 Christi
2766 888 2984 945 Domini
3027 891 3330 946 ostensioni
3391 897 3480 942 at-

1903 996 2012 1051 que
2040 979 2324 1035 adventui.
2357 977 2506 1035 Deus
2537 981 2738 1036 etenim
2771 989 2830 1035 ut
2855 995 3046 1036 omnes
3091 983 3354 1036 certiores
3400 985 3479 1033 ta-

1903 1083 2072 1136 ceret,
2107 1088 2168 1129 se
2203 1073 2392 1143 populi
2421 1088 2608 1128 curam
2643 1087 2831 1142 gerere
2869 1082 3089 1142 propter
3126 1088 3251 1128 eum
3287 1073 3381 1142 qui
3408 1087 3476 1126 ex

1904 1166 2069 1236 hujus
2098 1180 2297 1236 genere
2319 1164 2566 1219 oriturus
2595 1165 3039 1234 exspectabatur,
3069 1163 3280 1218 idcirco
3307 1163 3478 1216 tradi-

1903 1254 1983 1310 dit
2008 1253 2194 1309 decem
2227 1254 2407 1310 tribus
2428 1253 2735 1324 Assyriaca:
2763 1252 3088 1322 captivitati,
3123 1252 3340 1308 unicam
3381 1268 3476 1307 ve-

1903 1361 1966 1402 ro
1998 1347 2226 1401 retinuit
2277 1346 2336 1400 ln
2363 1347 2486 1402 suis
2531 1344 2760 1402 sedibus
2809 1344 2964 1400 Iuda:
2999 1343 3224 1407 tribum.
3249 1343 3319 1399 de
3366 1360 3478 1414 qua

1904 1438 2167 1495 Dominus
2193 1438 2444 1495 exiturus
2473 1445 2592 1494 erat
2618 1437 2921 1492 secundum
2952 1450 3174 1492 carnem
3195 1436 3474 1492 Christus.

1904 1529 2079 1595 Quam
2121 1531 2252 1584 item
2303 1529 2573 1599 captivam
2620 1528 2876 1594 deinceps
2923 1522 3210 1582 abductam
3256 1535 3480 1596 propter

1905 1633 2067 1693 pares
2117 1621 2440 1692 iniquitates
2471 1634 2503 1673 s
2556 1617 3098 1673 Nabuchodonosoro
3144 1615 3479 1685 Babylonio-

1906 1727 2028 1767 rum
2061 1726 2210 1782 rege,
2252 1711 2436 1765 redire
2470 1709 2798 1764 mirabiliter
2828 1709 3029 1775 voluit;
3065 1708 3284 1777 quicum
3314 1707 3477 1760 etiam

229 1784 496 1872 Δεσπότης
518 1785 915 1854 ἀναφαίνεσθαι
941 1789 1004 1842 τὸ
1026 1790 1166 1844 κατὰ
1194 1792 1372 1862 σάρκα
1396 1776 1650 1866 Χριστός.
1676 1799 1803 1852 ’Ἡν-

1909 1803 1972 1858 de
2000 1776 2228 1872 reliq‘uis
2265 1799 2518 1856 tribubus
2560 1800 2794 1869 exiguus
2833 1776 3096 1854 numerus
3145 1797 3480 1866 postliminin

233 1890 330 1945 περ
351 1869 448 1928 οὖν
466 1877 552 1940 είς
575 1877 958 1948 αἰχμαλωσίαν
973 1878 1197 1952 ὕστερον
1225 1884 1564 1940 ἀπελθοῦσαν
1595 1889 1683 1942 διὰ
1703 1891 1803 1955 τὰς

233 1964 403 2019 αὐτῶν
437 1965 671 2021 ἐκείνων
703 1970 1049 2040 παρανομίας
1080 1971 1184 2026 ὕπὸ
1217 1973 1686 2051 Ναϐουχοδονόσορ
1708 1983 1799 2035 τοῦ

233 2054 645 2123 βασιλεύσαντος
656 2055 765 2112 τῶν
775 2057 1188 2132 Βαϐυλωνίωνλέ
1194 2066 1473 2120 πανελθείν
1485 2071 1802 2140 παραδόξως

229 2147 523 2218 πεποίηκεν
534 2161 552 2177 ⁶
563 2148 967 2205 ἐπανελθόντα»
988 2153 1087 2224 μὲν
1100 2156 1192 2209 καὶ
1213 2157 1275 2209 ὲκ
1289 2159 1395 2212 τῶν
1408 2158 1806 2232 λοιπῶνφυλῶν

227 2236 379 2290 τινῶν
409 2238 798 2310 εὐαριθμήτων
840 2242 900 2306 ἐξ
931 2243 1188 2316 ἑκάστης,
1221 2248 1322 2319 τῆς
1357 2251 1528 2304 Ἰούδα
1549 2253 1604 2306 δὲ
1634 2255 1803 2325 μόνης

225 2325 624 2397 ἐπαναχθείσης
651 2328 780 2398 ὅλης
801 2346 816 2360 ·
847 2329 924 2393 ὡς
950 2330 1018 2386 ἂν
1045 2333 1253 2400 γένοιτο
1278 2337 1436 2408 δῆλον
1461 2341 1543 2395 ὅτι
1573 2341 1808 2412 ἠδύνατο

231 2417 323 2483 μὲν
359 2416 650 2489 βουληθεὶς
676 2421 710 2472 δ
739 2421 874 2487 Θεὸς
902 2423 996 2477 καὶ
1036 2428 1164 2491 τοὺς
1189 2429 1407 2495 λοιποὺς
1436 2434 1681 2501 ἅπαντας,
1701 2439 1802 2491 ἐπ-

227 2510 521 2578 αναγαγεῖν
551 2511 758 2581 ὁμοίως
791 2513 966 2588 ταύτῃ
991 2533 1005 2546 ·
1061 2517 1139 2588 (p.
1175 2520 1229 2591 3)
1273 2521 1554 2596 ἀμελήσας
1601 2528 1660 2582 δὲ
1695 2530 1804 2584 τῶν

226 2597 446 2690 λοιπξιν,
484 2603 617 2674 περὶ
669 2604 872 2676 ταύτην
919 2607 1139 2663 ἃπασαν
1183 2611 1338 2667 rem
1377 2617 1478 2686 τὴν
1525 2622 1802 2690 φροντίδα,

227 2688 318 2784 ἀφ’
341 2683 532 2784 ἧσπερ
579 2691 815 2784 ήμελλεν
846 2695 876 2748 6
903 2696 1181 2769 Δεσπότης
1208 2683 1624 2763 mammia.
1666 2683 1804 2784 Xpt;

231 2781 367 2844 στὸς,
385 2782 484 2834 ἐπὶ
505 2773 664 2854 xciv?)
682 2787 749 2854 τῇ
773 2788 992 2843 πάντων
1012 2791 1347 2863 φανούμενος
1363 2801 1634 2871 σωτηρίᾳ·
1665 2773 1807 2860 κατὰ

229 2871 282 2926 δὲ
303 2875 497 2964 τοῦτον
527 2879 622 2930 τὸν
662 2878 822 2948 λόγον
865 2883 962 2936 καὶ
997 2884 1056 2938 αἱ
1088 2885 1196 2939 τῶν
1219 2890 1518 2961 προφητῶν
1546 2894 1808 2964 μηνύσεις

231 2963 521 3056 ιτῦγχανον
543 2967 865 3038 ἀναγκαῖαι,
887 2972 1147 3045 δηλοῦσαι
1167 2977 1250 3031 ὅτι
1276 2979 1444 3034 πάλαι
1469 2997 1528 3035 τε
1551 2963 1700 3054 δεδογ
1711 2988 1808 3056 μέ-

1905 1903 2160 1950 reversus
2188 1903 2309 1960 est;
2349 1891 2569 1946 interim
2604 1889 2736 1944 dun:
2787 1904 2895 1943 una
2943 1886 3098 1942 Iudae
3135 1887 3312 1941 tribus
3353 1901 3477 1940 cum

1904 2000 2006 2043 suo
2022 1983 2227 2057 popqu
2257 1982 2407 2037 omni
2441 1983 2496 2036 in
2513 1981 2747 2052 patriam
2777 1979 3057 2047 serecepit
3085 1997 3098 2032 :
3127 1993 3237 2047 quo
3269 1977 3480 2046 perspi-

1905 2090 2067 2130 cuum
2083 2076 2256 2140 ﬂeret,
2282 2072 2479 2126 volenti
2498 2070 2608 2125 Deo
2623 2069 2884 2139 possibile
2896 2069 3070 2125 fuisse
3097 2068 3337 2137 reliquas
3357 2068 3480 2120 uni-

1904 2183 2094 2224 versas
2105 2166 2249 2221 haud
2268 2177 2599 2232 secusquam
2614 2163 2772 2217 istam
2787 2173 3047 2216 revocare
3065 2178 3078 2214 :
3103 2167 3478 2214 verumtamen

1905 2259 2164 2331 neglectis
2189 2256 2425 2320 ceteris,
2444 2253 2512 2309 ad
2529 2253 2668 2308 hanc
2699 2266 2864 2306 unam
2882 2266 3045 2307 curas
3058 2265 3188 2305 suas
3213 2250 3483 2305 contulis-

1905 2367 1985 2415 se.
2009 2365 2076 2408 es
2107 2363 2216 2421 qua
2249 2347 2516 2404 Dominus
2544 2343 2860 2416 proditurus
2890 2351 3009 2399 erat
3043 2343 3321 2406 Christus,
3356 2357 3480 2398 cum

1905 2444 2140 2515 denique
2167 2457 2267 2514 pro
2295 2441 2576 2496 communi
2602 2441 2780 2496 salute
2809 2437 3262 2506 conspiciendum
3295 2451 3354 2491 se
3381 2436 3482 2491 da-

1905 2545 2008 2593 ret.
2057 2535 2155 2592 His
2199 2535 2276 2590 ita
2310 2549 2370 2590 se
2408 2533 2770 2594 habentibus,
2826 2531 3217 2600 prophetarum
3263 2544 3484 2600 quoque

1902 2627 2158 2684 vaticinia
2195 2625 2509 2680 necessaria
2539 2636 2720 2688 erant,
2755 2637 2990 2694 quorum
3025 2636 3129 2691 ope
3165 2629 3356 2676 notum
3387 2621 3485 2675 tle-

1905 2726 2010 2785 ret,
2039 2733 2234 2789 pcenas
2268 2717 2399 2771 olim
2433 2729 2463 2770 a
2500 2713 2610 2771 Deo
2637 2716 2888 2770 decretas
2917 2724 3080 2782 atque
3110 2727 3140 2765 a
3177 2714 3333 2768 beato
3376 2711 3482 2765 Da-

1904 2813 2028 2869 Vidc
2056 2812 2367 2883 praedictas,
2404 2823 2551 2864 nunc
2599 2808 2816 2864 demum
2851 2806 3117 2861 indictum
3151 2805 3241 2868 iri,
3281 2817 3483 2858 arcana

1907 2903 2000 2962 Dei
2039 2902 2380 2976 providentia
2415 2909 2646 2957 cunctas
2697 2899 2886 2970 populi
2941 2898 3090 2952 vices
3143 2896 3484 2952 moderante.

1907 2999 2083 3069 Atque
2109 2997 2180 3052 ob
2205 2995 2348 3049 hanc
2377 2993 2632 3049 videlicet
2660 3004 2884 3045 causam
2907 2989 3100 3043 beatus
3119 3000 3336 3056 quoque
3359 2999 3486 3055 pro-

231 3055 395 3169 V315)
424 3057 570 3169 85?,
607 3062 705 3114 καὶ
734 3063 822 3117 διὰ
855 3065 948 3119 τοῦ
994 3069 1264 3140 μακαρίου
1308 3072 1470 3126 Δαυῒδ
1519 3055 1802 3148 εἰρημένα,

1909 3055 2069 3160 pheta
2083 3087 2256 3142 Oseas
2286 3083 2576 3140 manifeste
2603 3081 2874 3153 signiﬁcat
2903 3095 3024 3150 quae
3047 3055 3156 3133 Deo
3190 3075 3487 3130 mandante

227 3143 319 3198 νῦν
339 3147 614 3218 λαμϐάνει
649 3153 842 3224 πέρας,
873 3155 1204 3228 ἁποῤῥήτως
1224 3159 1439 3215 ἅπαντα
1462 3143 1805 3238 οίκονομοῦνέ-

226 3251 313 3298 τος
337 3238 407 3290 τὰ
446 3241 579 3310 περὶ
601 3241 801 3307 αὐτοὺς
822 3243 916 3297 τοῦ
947 3244 1081 3299 Θεοῦ
1101 3263 1114 3277 ’
1151 3247 1292 3320 ὅπερ
1321 3245 1413 3304 οὖν
1442 3254 1536 3306 καὶ
1563 3258 1592 3309 6
1627 3262 1806 3328 μακά-

1909 3185 2171 3235 eventura
2216 3177 2417 3248 populo
2454 3181 2612 3232 erant
2659 3178 2884 3244 propter
2932 3170 3054 3241 ejus
3125 3167 3483 3238 impietatem.

1912 3269 2004 3325 Sic
2037 3277 2216 3325 autem
2254 3268 2447 3338 incipit
2487 3283 2500 3320 :

230 3344 336 3430 Ρίῗί
372 3328 531 3430 ’ίῖσηὲ
554 3333 725 3430 ποιιῖέγ
750 3336 1202 3430 {"Mimmﬁ
1228 3341 1354 3411 περὶ
1379 3342 1470 3398 τὸν
1500 3344 1628 3402 λαὸν
1663 3351 1803 3426 ὑπὲρ
1829 3349 1904 3412 ὧν
1952 3360 2184 3430 ἠσέϐουν
2232 3328 2384 3414 κατέ
2438 3357 2590 3412 θείαν
2627 3356 2862 3428 ισόμινα
2911 3353 3108 3427 βουλὴν
3155 3349 3349 3422 μηνύει
3387 3362 3492 3402 σσ-

238 3421 348 3488 φῶς
371 3437 386 3452 ’
410 3421 640 3493 ἄρχεται
672 3423 728 3477 δὲ
758 3420 930 3488 οὕτως
956 3441 969 3454 ·

890 3511 1047 3573 ΚΕΦ.
1083 3519 1158 3574 Αν.

294 3604 531 3675 Eripit.
555 3636 624 3648 —
650 3625 668 3659 ι
705 3605 878 3677 Λόγος
907 3607 1114 3680 Κυρίου
1144 3608 1203 3673 ὃς
1226 3613 1456 3685 ἐγενήθη
1493 3617 1626 3688 πρὸς
1657 3620 1814 3694 Ὠσηὲ

232 3699 315 3749 τὸν
358 3697 456 3751 τοῦ
508 3697 717 3771 Βεηρὶ,
773 3700 834 3752 ἑν
888 3699 1122 3774 ἡμέραις
1183 3703 1363 3767 Ὀζίου
1414 3708 1508 3759 καί¹
1577 3710 1815 3784 Ἰωάθαμ

233 3790 316 3842 καὶ
356 3787 536 3859 ’Δχαζ
599 3789 694 3842 καὶ
759 3789 1002 3855 Ἐζεκίου
1058 3791 1322 3862 βασιλέων
1381 3795 1574 3865 Ἰούδα,
1617 3801 1711 3854 καὶ
1754 3803 1813 3857 ὲν

233 3880 461 3950 ήμέραις
519 3881 802 3953 Ἱεροϐοὰμ
834 3881 951 3936 υἱοῦ
1003 3883 1158 3948 ἰωὰς
1197 3885 1463 3954 βασιλέως
1513 3890 1754 3964 Ἰσραήλ.
1782 3913 1800 3947 ι

235 3966 327 4036 Ὠς
345 3974 632 4044 ἐπιγραφή
658 3974 743 4037 τίς
762 3976 908 4028 ἐστιν
936 3974 1072 4047 αὕτη
1099 3977 1193 4031 τοῦ
1227 3979 1432 4049 βιϐλίου
1462 3985 1804 4057 περιεκτικὴ,

163 4119 166 4122 ,
231 4063 456 4134 δηλοῦσα
481 4065 575 4117 τόν
595 4080 657 4118 τε
680 4067 965 4138 προφήτην
986 4061 1154 4139 οὗπερ
1174 4071 1289 4124 ἐστὶ
1309 4071 1375 4125 τὰ
1413 4073 1698 4145 εἰρημένα,
1716 4077 1810 4131 καὶ

230 4157 313 4209 τὸν
341 4157 536 4228 καιρὸν
559 4158 681 4212 καθ’
698 4158 756 4211 ὃν
776 4159 986 4230 εἰρήκει
1010 4160 1182 4217 ταῦτα
1205 4180 1218 4193 ο
1240 4163 1395 4232 λόγον
1417 4166 1472 4219 δὲ
1487 4169 1688 4240 Κυρίου
1711 4171 1808 4242 τὴν

231 4248 510 4319 ἐνέργειαν
538 4249 852 4319 ἅπανταχοῦ
876 4250 1024 4319 λέγει
1043 4251 1141 4323 τὴν
1171 4254 1255 4323 ἐφ’
1275 4255 1382 4327 ὅτῳ
1411 4258 1607 4328 δήποτε
1629 4278 1810 4329 γιγνοο

225 4341 394 4410 μένην
418 4356 433 4371 ο
474 4340 554 4405 ὡς
574 4339 658 4404 τὺ,
693 4361 712 4393 ι
748 4343 838 4414 Τῷ
862 4342 1006 4415 λόγῳ
1033 4346 1237 4418 Κυρίου
1267 4349 1317 4402 oi
1343 4350 1562 4418 οὐρανοὶ
1590 4353 1810 4421 ἐστερε-

222 4433 470 4506 ώθησαν,
514 4453 534 4485 ι
577 4436 665 4490 ἵνα
702 4437 828 4508 εἴπῃ
861 4439 942 4491 ὅτι
980 4442 1048 4510 τῇ
1085 4442 1334 4514 ἐνεργείᾳ
1381 4442 1807 4517 συνέστησαν’τῇ

2579 3526 2737 3584 CAP.
2776 3524 2816 3577 l.

1982 3624 2148 3680 Vens.
2197 3623 2244 3676 l.
2285 3619 2632 3675 —¢Verbum
2664 3615 2882 3670 Domini
2915 3609 3062 3681 quod
3089 3609 3290 3663 factum
3313 3606 3487 3662 estad

1909 3716 2104 3774 Oseam
2135 3712 2303 3767 lilium
2337 3710 2514 3773 Beeri,
2543 3708 2601 3762 in
2634 3705 2826 3760 diebus
2857 3701 3002 3754 Ozias
3034 3706 3088 3753 et
3130 3696 3405 3752 Joathami
3435 3703 3489 3749 et

1907 3805 2109 3862 Achazi
2143 3811 2198 3860 et
2235 3799 2442 3856 Ezeciaa
2479 3811 2668 3868 regum
2704 3793 2878 3856 Judaa,
2913 3798 2969 3846 et
3012 3790 3065 3842 in
3097 3787 3290 3841 diebus
3334 3782 3489 3839 Jero-

1915 3897 2097 3954 boami
2127 3894 2291 3949 Joaso
2328 3891 2440 3946 nati
2461 3888 2513 3960 3
2544 3885 2690 3956 regis
2721 3882 2958 3939 lsraelis.
2987 3900 3004 3930 ι
3031 3879 3130 3933 llic
3151 3877 3344 3930 titulus
3369 3875 3491 3944 qni—

1914 3989 2038 4044 dam
2060 3993 2165 4049 est,
2183 3981 2310 4038 libri
2337 3984 2715 4051 argumentum
2742 3973 2976 4034 habens,
3012 3967 3285 4034 simulque
3309 3963 3491 4018 decla-

1915 4095 2042 4134 rans
2059 4085 2114 4133 et
2129 4091 2158 4130 a
2175 4089 2283 4146 quo
2303 4071 2563 4143 propheta
2593 4075 2644 4122 et
2670 4079 2779 4135 quo
2798 4072 3044 4131 tempore
3071 4057 3325 4111 dicantur
3353 4055 3486 4146 haec.

1915 4169 2153 4225 Verbum
2196 4145 2388 4219 autem
2434 4158 2651 4215 Domini
2702 4171 2801 4226 pro
2832 4155 2880 4208 vi
2918 4151 3105 4206 divina
3159 4149 3362 4216 ubique
3408 4145 3490 4199 di-

1916 4260 1986 4315 cit
2013 4257 2320 4325 Scriptura,
2342 4261 2686 4321 quacumque
2718 4246 2772 4299 in
2803 4259 2862 4297 re
2887 4257 2948 4297 se
2975 4244 3214 4296 exserat.
3241 4234 3398 4290 Velut
3428 4233 3493 4288 il-

1914 4350 2005 4404 Iud
2021 4366 2066 4403 ει
2085 4345 2265 4401 Verbo
2283 4342 2496 4396 Domini
2521 4339 2644 4395 caeli
2672 4337 2867 4392 ﬁrmati
2889 4341 3016 4390 sunt
3035 4332 3111 4396 ⁸,»
3134 4329 3292 4401 quasi
3319 4328 3489 4390 dicat,

1913 4442 1966 4495 vi
1984 4439 2167 4494 divina
2182 4450 2277 4490 eos
2297 4433 2466 4487 fuisse
2482 4435 2818 4499 compactos.
2837 4426 3004 4479 Porro
3021 4424 3127 4476 vim
3144 4421 3381 4474 divinam
3401 4418 3492 4470 hic

223 4527 373 4598 Θεὶᾳυ
431 4526 590 4581 θείαν
636 4527 693 4581 δὲ
725 4507 1324 4600 ἐκθέργειανηκὰνταϐοα
1374 4535 1523 4604 λέγει
1577 4507 1698 4590 κατ’
1743 4507 1807 4609 ἢν

1916 4543 2131 4601 quoque
2147 4526 2296 4589 dicit,
2315 4537 2343 4575 a
2361 4537 2468 4592 qua
2512 4521 2819 4572 futurorum
2839 4514 3100 4569 revelatio
3117 4511 3394 4580 prophetm
3413 4507 3491 4566 lit.

224 4618 566 4688 ἀποκάλυψις
586 4619 696 4672 τῶν
727 4620 1000 4691 ἐσομένων
1033 4624 1242 4693 ἐγίνετο
1278 4629 1354 4695 τῷ
1385 4629 1636 4698 προφήτῃ
1658 4645 1672 4659 ·
1714 4631 1807 4699 ἀφ’

221 4705 400 4782 ἧσπερ
426 4709 584 4780 αὐτῷ
615 4710 790 4764 καὶτὸ
819 4710 1000 4781 λέγειν
1025 4731 1085 4767 τε
1110 4717 1203 4769 καί
1233 4717 1460 4787 μηνύειν
1487 4719 1555 4771 τὰ
1577 4720 1810 4790 ἐσόμενα

221 4804 451 4874 δύναμις
490 4802 740 4874 ὑπῆρχεν
759 4818 775 4836 ο
807 4805 889 4867 εἰς
923 4805 1152 4877 δήλωσιν
1183 4807 1240 4861 δὲ
1269 4810 1684 4882 ἀκριϐεστέραν,
1717 4812 1811 4865 καὶ

232 4893 394 4948 τὸτοῦ
437 4893 656 4966 [ἰατρὸς
686 4896 1043 4968 προστίθησιν
1059 4897 1232 4970 ὄνομα
1251 4917 1264 4932 ο
1295 4901 1605 4971 ἀναγκαίως
1641 4903 1698 4956 δὲ
1727 4902 1812 4955 λέ-

227 5003 308 5053 γει
345 4987 442 5040 καὶ
490 4985 584 5038 τὸν
632 4986 848 5059 καιρὸν,
879 4989 938 5041 ὲν
982 4981 1133 5061 ᾧπερ
1163 4991 1305 5044 κατὰ
1345 4992 1443 5063 τὴν
1469 4993 1811 5062 ἀποκάλυψιν

223 5079 314 5150 τήν
343 5078 721 5150 ἐγγενομένην
748 5079 903 5149 αὐτῷ
938 5079 1142 5136 θειόθεν
1185 5085 1387 5155 ἐμήνυε
1433 5085 1503 5140 τὰ
1543 5085 1776 5155 ἐσόμενα
1797 5104 1808 5118 ·

225 5173 295 5240 (p.
330 5171 386 5242 ι)
421 5170 575 5240 λέγει
617 5171 672 5225 δὲ
711 5172 795 5226 ὅτι
825 5171 950 5226 καθ’
983 5173 1043 5227 ὃν
1072 5175 1263 5246 καιρὸν
1309 5176 1490 5241 Ὀζίας
1536 5194 1596 5229 τε
1632 5176 1814 5230 ἐϐασί-

225 5261 340 5316 λευε
370 5263 469 5318 καὶ
513 5262 760 5334 Ἰωάθαμ
797 5264 894 5319 καὶ
936 5263 1115 5336 Ἀχας
1142 5267 1237 5320 καὶ
1278 5268 1525 5333 Ἐζεκίας
1548 5284 1564 5301 ο
1619 5267 1712 5338 ἀφ’
1739 5260 1814 5322 ὧν

228 5357 547 5426 σιωπήσειεν
569 5355 638 5410 ἄν
671 5372 758 5420 τις
790 5356 1018 5420 εἰκότως
1039 5359 1120 5411 ὅτι
1141 5359 1240 5429 οὐχ
1271 5360 1375 5413 ὑπὸ
1407 5361 1535 5430 μίαν
1557 5361 1678 5414 τινὰ
1715 5361 1814 5430 ἀρ-

232 5446 410 5515 μονίαν
436 5446 834 5520 συγγέγραφεν
864 5447 927 5500 τὸ
966 5447 1172 5518 βιϐλίον
1202 5450 1231 5502 6
1270 5451 1574 5522 προφήτης,
1607 5450 1723 5505 ἀλλ’
1754 5450 1812 5501 ὲν

229 5533 491 5606 διαφόροις
520 5539 744 5606 καιροῖς
786 5535 890 5599 τὰς
939 5538 1066 5608 περὶ
1093 5537 1202 5591 τῶν
1235 5539 1508 5609 ἐσομένων
1538 5539 1812 5592 ἀποκαλύ-

231 5624 338 5695 ψεις
363 5628 676 5701 δεχόμενος,
709 5629 954 5682 ἐποιεῖτο
988 5631 1090 5686 τῶν
1121 5631 1391 5702 ἐσομένων
1417 5631 1512 5704 τὴν
1543 5634 1771 5702 μήνυσιν
1796 5647 1804 5659 ·

299 5783 316 5813 ⁸
339 5781 472 5841 Ριλι.
511 5800 687 5873 sun,
715 5784 772 5838 6.

1907 4598 2233 4688 dicendique
2263 4616 2438 4670 virtus
2470 4608 2758 4666 exhibetur
2792 4616 2956 4674 atque
2987 4612 3110 4655 ante
3149 4598 3494 4669 signiﬁcandi

1906 4730 2027 4786 qua:
2050 4717 2276 4766 ventura
2305 4709 2479 4761 erant.
2514 4700 2634 4756 Jain
2674 4698 2743 4753 ob
2777 4697 2859 4752 sui
2894 4695 3187 4765 pleniorem
3223 4689 3494 4751 notitiam,

1906 4780 2087 4858 i’atris
2107 4811 2325 4870 quoque
2347 4807 2543 4848 nomen
2573 4789 2798 4845 ascribit
2823 4806 2835 4840 :
2862 4794 2974 4838 tum
3005 4784 3166 4838 etiam
3186 4780 3498 4836 necessario

1909 4903 2125 4964 tempus
2148 4889 2392 4950 adnotat,
2422 4897 2530 4954 quo
2557 4879 2856 4936 secundum
2878 4876 3204 4947 impertitam
3225 4874 3328 4928 sibi
3359 4871 3497 4924 divi-

1909 4961 2057 5040 nitus
2080 4978 2466 5036 revelationem
2507 4988 2596 5028 res
2619 4980 2867 5041 posteras
2888 4967 3238 5039 prmcinebat.
3259 4961 3497 5015 Praziiuit

1910 5074 2074 5143 igitur
2096 5078 2311 5138 tempus
2331 5079 2438 5134 quo
2463 5070 2826 5132 regnaverunt
2845 5058 3005 5112 Ozias
3027 5067 3080 5108 et
3100 5053 3421 5106 Joathamus
3444 5061 3495 5105 et

1909 5164 2167 5219 Achazus
2193 5169 2245 5215 et
2275 5156 2520 5211 Ezecias.
2557 5153 2710 5208 Unde
2741 5151 2923 5220 quivis
2957 5161 3284 5218 cognoscere
3313 5151 3497 5211 queat,

1912 5258 2056 5313 haud
2093 5269 2201 5310 una
2230 5247 2594 5307 continuatim
2629 5248 2771 5302 serie
2798 5247 3059 5311 scriptum
3093 5239 3261 5293 fuisse
3291 5238 3435 5291 hunc
3469 5249 3500 5292 a

1920 5350 2182 5422 propheta
2199 5346 2419 5409 librum,
2445 5341 2539 5396 sed
2564 5347 2724 5410 prout
2751 5336 2913 5390 variis
2934 5333 3270 5403 temporibus
3289 5331 3499 5384 futuro-

1922 5458 2041 5497 rum
2065 5439 2316 5494 notioncs
2337 5433 2661 5502 excipiebat,
2686 5431 2763 5482 sic
2781 5429 3035 5482 vaticinia
3059 5425 3329 5489 edidisse;
3357 5423 3481 5475 fact:

1921 5533 2065 5588 haud
2082 5529 2249 5586 semel
2265 5524 2580 5581 earumdem
2616 5536 2796 5575 rerum
2817 5519 3091 5574 mentione
3109 5532 3206 5587 pro
3219 5514 3418 5567 divinis
3438 5511 3502 5564 ad

1923 5645 1979 5684 se
2008 5621 2268 5686 oraculis,
2298 5631 2417 5689 qua:
2453 5614 2505 5670 in
2539 5613 2733 5685 populo
2768 5612 3040 5683 vulgabat,
3066 5619 3123 5664 ut
3157 5609 3302 5662 hunc
3335 5601 3502 5658 futuri
