3920 6130
410 308 504 362 l‘l'l

1586 301 1929 356 Τιωοιιυιιι
1967 299 2438 356 .‘thPSUESTENI

3536 305 3634 358 {‘18

403 429 741 481 admoneret.
765 423 1021 481 Similiter
1043 427 1256 481 beatum
1273 442 1488 496 quoque
1507 425 1758 480 Davidem
1782 426 1950 480 coden

2071 425 2615 496 ὑπομιμνησκόμενός
2663 436 2720 477 τε
2751 425 2877 496 περὶ
2909 424 3011 476 τῶν
3043 420 3219 474 αὒτῶν
3272 418 3524 482 πολλάκις
3551 419 3640 472 διὶι

403 527 722 584 argumento
764 517 1071 585 complures
1108 519 1374 572 cecinisse
1417 518 1654 586 psalmos
1690 517 1960 581 videmus,

400 621 634 674 quorum
669 607 912 676 singulos
960 622 1056 676 pro
1103 609 1311 662 caelesti
1357 612 1552 663 mentis
1599 610 1964 665 illustratioue

399 708 565 764 atque
613 697 841 766 spiritali
870 697 1238 752 admonitione
1289 699 1626 768 compositos
1689 701 1755 752 ad
1815 703 1960 771 vulgi

401 800 558 838 usum
609 787 1040 854 pronuntiabat:
1092 795 1146 841 et
1197 788 1314 857 ipse
1355 788 1607 842 videlicet
1644 789 1956 843 earumdem

396 893 576 929 rerum
613 879 973 933 revelationes
1005 895 1146 948 smpe
1171 880 1458 949 recipiens,
1478 888 1532 934 et
1557 891 1964 950 consequenter-

428 969 674 1036 vulgans,
695 968 1123 1038 quotiescunque
1143 969 1226 1024 his
1246 969 1483 1024 oraculis
1503 969 1701 1038 dignus
1735 970 1962 1024 habeba-

419 1071 501 1108 ur.
529 1054 648 1110 lam
683 1058 776 1111 ubi
809 1059 946 1111 dixit
965 1057 1133 1113 Oseas
1160 1061 1378 1128 quinam
1402 1057 1756 1115 essentludat
1781 1077 1955 1131 reges,

413 1161 502 1215 nlo
531 1155 774 1216 tempore
797 1149 862 1201 ad
882 1150 1315 1218 prephetandum
1340 1150 1524 1204 divina
1551 1153 1729 1220 gratia
1758 1153 1958 1207 excita-

415 1251 478 1290 ns
520 1237 653 1300 fuit,
685 1238 761 1290 ait
792 1239 953 1291 etiam
985 1240 1134 1292 illum
1169 1241 1261 1308 qui
1294 1241 1504 1303 Israeli,
1560 1243 1612 1297 id
1645 1251 1730 1298 est
1771 1243 1958 1298 decem

335 1355 348 1362 ο
400 1327 662 1391 .ribubus,
682 1335 810 1381 tunc
831 1329 1128 1398 imperabat
1146 1328 1560 1396 Jeroboamum,
1587 1331 1736 1389 Joasi
1763 1333 1954 1398 filium,

386 1424 636 1485 nepotem
680 1416 1114 1480 JoachasiJehu
1141 1420 1498 1490 abnepotem:
1544 1439 1702 1492 quem
1744 1431 1956 1493 postre—

385 1522 530 1559 mum
549 1506 616 1558 ad
637 1505 872 1561 Ach‘aabi
887 1510 1110 1579 ejusque
1132 1511 1328 1568 domus
1349 1527 1564 1581 poenam
1588 1513 1732 1568 Deus
1747 1516 1955 1570 excita-

384 1603 534 1649 verat
557 1611 652 1664 per
681 1599 994 1666 prophetam
1016 1599 1301 1656 Elisteum:
1327 1603 1611 1674 cide-mque
1631 1607 1956 1674 promiserat

381 1685 496 1741 fore
525 1695 583 1740 ut
609 1689 809 1757 posteri
834 1690 952 1758 ejus
979 1706 1151 1760 usque
1181 1693 1248 1746 ad
1273 1700 1521 1762 quartam
1554 1695 1952 1763 generationem

381 1789 547 1843 regno
594 1779 926 1845 potirentur:
966 1778 1022 1848 4
1067 1796 1298 1848 quarunt
1351 1781 1568 1850 quidem
1598 1783 1788 1838 tertius
1837 1791 1956 1838 erat
1984 1769 2025 1822 Β

377 1862 757 1927 Jcroboamus,
777 1864 1103 1931 Joasililius,
1125 1865 1376 1923 Joaehasi
1399 1883 1588 1939 nepos;
1603 1879 1828 1939 quartus
1855 1886 1956 1927 au-

381 1966 486 2008 tem
501 1954 597 2007 fuit
617 1954 930 2019 Zacharias,
947 1954 1254 2011 Jeroboami
1275 1958 1437 2025 ﬁlius,
1451 1959 1541 2028 qui
1559 1969 1681 2029 post
1697 1962 1962 2030 sext-esui.

381 2061 600 2100 menses
621 2046 775 2111 obiit,
808 2047 865 2100 in-
893 2063 1002 2116 quo
1032 2047 1236 2102 exitum
1269 2049 1458 2103 habuit
1492 2050 1732 2106 divinum
1762 2051 1972 2106 vatici-.

380 2135 564 2202 nium;
604 2138 866 2192 translata
893 2139 1152 2209 deinceps
1171 2141 1317 2210 regia
1338 2141 1603 2210 dignitate
1631 2157 1662 2196 a
1693 2142 1830 2198 Jehu
1859 2159 1953 2213 go.-

379 2238 511 2280 uere
540 2226 606 2279 ad
631 2225 944 2292 Sellemum,
997 2231 1090 2298 qui
1139 2230 1280 2284 haud
1327 2231 1564 2296 ejusdem
1616 2234 1957 2302 cognationis

379 2326 516 2372 erat.
530 2316 664 2372 Cum
691 2319 1268 2389 itaquecapessivisset
1290 2320 1544 2378 lsrahelis
1562 2337 1788 2392 regnum
1801 2321 1968 2378 Jer0-.

379 2409 632 2474 beamus,
664 2417 716 2466 et
748 2410 907 2468 Ozias
941 2411 1329 2484 Hierosolymis
1366 2413 1676 2484 imperaret,
1707 2415 1958 2472 cladibus

377 2513 662 2572 carpermit
713 2504 849 2558 allici
901 2504 1086 2560 decem
1141 2505 1336 2568 tribus.
1366 2507 1539 2562 donec
1587 2521 1681 2562 eas
1726 2521 1963 2576 prorsus

379 2594 602 2648 servitio
646 2595 893 2651 addictos
934 2597 1165 2667 migrare
1206 2598 1382 2667 coegit
1435 2613 1529 2653 rex
1579 2598 1957 2668 Assyriorum.

378 2683 560 2749 Quare
594 2689 881 2742 commodo
927 2697 1166 2758 tempore
1199 2689 1562 2744 vaticinatum
1588 2689 1730 2743 venit
1757 2688 1960 2757 Oseas,

2064 519 2160 588 τῆς
2187 515 2578 584 ἀποκαλύψεως
2603 516 2700 584 τῆς
2732 513 2902 576 θείας,
2936 513 3027 564 καὶ
3054 511 3116 581 δὴ
3151 511 3242 562 καὶ
3271 509 3440 576 λέγων
3467 507 3638 568 αὑτὰς

2064 606 2198 676 πρὸς
2229 607 2318 659 τὸν
2343 604 2490 668 λαὸν,
2531 605 2610 666 εἰς
2641 604 2872 673 δήλωσιν
2908 602 3016 654 τῶν
3047 600 3347 669 ἐσομένων·
3377 598 3544 666 ὅνπερ
3573 597 3639 664 δὴ

2061 698 2262 767 τρόπον
2295 697 2391 750 καὶ
2422 697 2452 748 6
2482 696 2746 766 μακάριος
2772 693 3029 755 Δαυῒδείς
3056 693 3154 761 τὴν
3181 690 3349 757 αὐτὴν
3380 686 3638 738 ὑπόθεσιν

2062 790 2306 857 φαίνεται
2351 788 2634 850 πλείστους
2677 785 2923 855 ψαλμοὺς
2971 781 3234 853 εἰρηκὼς,
3284 773 3358 832 ὧν
3406 779 3637 831 ἕκαστον

2063 879 2200 932 κατὰ
2228 879 2327 950 τὴν
2352 877 2750 946 ἐγγιγνομένην
2767 873 3102 942 ἀποκάλυψίν
3122 889 3180 924 τε
3212 869 3363 938 αὐτῷ
3389 869 3483 922 καὶ
3512 866 3635 920 ὑπό-

2064 986 2263 1039 μνησιν
2284 971 2351 1038 τῇ
2391 966 2484 1020 τοῦ
2534 967 2842 1036 πνεύματος
2880 962 3130 1034 ἐνεργείᾳ
3155 958 3418 1014 συνετίθει
3448 975 3508 1009 τε
3537 956 3636 1010 καὶ

2059 1061 2194 1130 πρὸς
2226 1060 2322 1130 τὴν
2349 1059 2548 1128 ἐτέρων
2575 1057 2830 1125 asceam
2857 1055 3045 1127 χρείαν
3062 1071 3075 1084 ·
3103 1052 3265 1115 αὐτός
3288 1068 3347 1104 τε
3371 1048 3497 1120 περὶ
3522 1047 3636 1100 τῶν

2058 1151 2236 1204 αὐτῶν
2271 1148 2636 1218 ἀποκαλύψεις
2680 1147 2967 1218 δεχόμενος
3006 1141 3267 1204 πολλάκις
3309 1139 3404 1193 καὶ
3457 1137 3630 1203 λέγων

2057 1241 2382 1302 ἀκολούθως,
2399 1239 2584 1301 ὁσάκις
2598 1237 2655 1292 δὲ
2671 1237 2778 1292 τῶν
2794 1235 2970 1291 αὐτῶν
2981 1231 3372 1301 ἀποκαλύψεων
3391 1227 3623 1300 ἠξιοῦτο·

2057 1331 2292 1404 εἰρηκὼς
2323 1331 2382 1384 δὲ
2433 1332 2556 1394 τοὺς
2606 1330 2707 1399 τῆς
2765 1327 3022 1389 ἰουδαίας
3067 1324 3350 1396 βασιλέας,
3395 1319 3629 1391 ὁπηνίκα

2057 1423 2193 1493 πρὸς
2245 1423 2306 1476 τὸ
2360 1421 2721 1492 προφητεύειν
2776 1420 3050 1490 διήγειρεν
3090 1418 3124 1487 ή
3172 1415 3292 1470 θεία
3337 1414 3494 1484 χάρις
3535 1413 3628 1466 τὸν

2069 1514 2246 1584 Ὠσηὲ,
2285 1513 2432 1580 λέγει
2461 1512 2556 1566 καὶ⁵
2586 1512 2678 1564 τὸν
2727 1512 2785 1564 ὲν
2813 1510 2891 1579 τῷ
2936 1507 3174 1578 Ἰσραὴλ,
3206 1505 3352 1560 τοῦτ’
3385 1504 3500 1558 ἔστι
3536 1503 3636 1556 τὸν

2055 1605 2112 1658 ὲν
2137 1605 2270 1658 δέκα
2301 1604 2492 1672 φυλαῖς
2526 1602 2876 1672 βασιλεύοντα
2903 1601 3025 1655 τότε
3064 1597 3367 1669 Ίεροϐοὰμ,
3399 1597 3489 1649 τὸν
3529 1594 3629 1648 τοῦ

2066 1695 2216 1759 Ἰωὰς
2243 1696 2378 1760 υίὸν,
2413 1694 2634 1762 ἔγγονον
2661 1693 2718 1747 δὲ
2749 1692 2842 1746 τοῦ
2873 1690 3120 1762 ἰωάχαζ,
3152 1690 3211 1752 ὃς
3238 1687 3354 1750 υἱὸς
3385 1685 3624 1754 ἐγεγόνει

2055 1788 2149 1842 τοῦ
2195 1787 2356 1858 Ἰηοῦ,
2380 1787 2440 1850 ὃς
2479 1787 2573 1840 ἐπὶ
2601 1785 2843 1857 τιμωρίᾳ.
2866 1783 2960 1837 τοῦ
2992 1797 3054 1837 τε
3094 1779 3301 1852 Ἀχαὰϐ
3329 1778 3424 1831 καὶ
3446 1779 3622 1844 πάσης

2056 1872 2219 1924 αὐτοῦ
2252 1873 2350 1942 τῆς
2379 1874 2558 1936 οίκίας
2610 1872 2700 1926 διὰ
2731 1870 2827 1924 τοῦ
2854 1872 3132 1941 προφήτου
3165 1867 3465 1921 Ἐλισσαίου
3499 1882 3630 1935 προ-

2057 1961 2366 2031 ϐαλόμενος,
2400 1963 2430 2015 6
2460 1961 2592 2024 Θεὸς
2629 1961 2896 2030 ὑπέσχετο
2922 1961 3049 2031 ἄχρι
3085 1957 3350 2028 τετάρτης
3375 1955 3624 2024 διαδοχῆς

2053 2054 2148 2106 ἐπὶ
2171 2055 2266 2122 τῆς
2290 2052 2560 2124 βασιλείας
2586 2053 2803 2106 ἔσεσθαι
2829 2053 2952 2116 τοὺς
2977 2051 3036 2116 ἐξ
3055 2049 3215 2105 αὑτοῦ
3240 2049 3586 2118 γιγνομένους
3607 2062 3618 2073 ·

2054 2138 2130 2212 ᾢν
2157 2145 2338 2215 τρίτος
2374 2144 2473 2215 μὲν
2515 2140 2582 2215 ἦν
2621 2146 2651 2198 6
2692 2142 2992 2214 Ἱεροϐοὰμ,
3026 2143 3102 2213 (p.
3131 2142 3186 2207 5)
3240 2140 3352 2202 υἱὸς
3397 2139 3495 2208 μὲν
3527 2137 3624 2189 τοῦ

2070 2235 2241 2299 ἰωὰς,
2271 2235 2489 2304 ῑγγονος
2509 2235 2566 2287 δὲ
2589 2233 2689 2287 ’τοῦ
2726 2232 2955 2304 Ἰωάχαζ
2978 2251 2992 2264 ο
3031 2233 3293 2302 τέταρτος
3327 2231 3384 2282 δὲ
3428 2228 3622 2295 γέγονε

2054 2327 2323 2399 Ζαχαρίας
2351 2329 2380 2381 6
2408 2327 2502 2381 τοῦ
2535 2326 2814 2398 Ἱεροϐοὰμ
2833 2326 2969 2390 υίὸς,
2997 2324 3056 2388 6.;
3085 2325 3178 2377 ἐπὶ
3209 2322 3267 2388 ἓξ
3300 2319 3622 2391 βασιλεύσας

2053 2421 2166 2482 τοῖς
2205 2419 2340 2488 μησὶ
2377 2417 2760 2487 τετελεύτηκεν
2784 2435 2798 2449 ·
2840 2417 3015 2487 πέρας
3049 2417 3144 2486 μὲν
3178 2417 3264 2468 ἐπ’
3312 2411 3475 2468 αὑτοῦ
3519 2411 3628 2477 τῆς

2052 2509 2380 2579 ἐπαγγελίας
2413 2509 2686 2580 λαϐούσης
2724 2509 2825 2578 τῆς
2851 2508 3020 2571 θείας,
3057 2504 3398 2577 μεταστάσης
3423 2503 3477 2554 δὲ
3506 2501 3621 2552 λοι-

2053 2601 2151 2653 πὸν
2183 2600 2292 2654 ἀπὸ
2315 2601 2408 2654 τοῦ
2431 2600 2619 2669 γένους
2647 2599 2742 2654 τοῦ
2773 2598 2912 2668 Ἰηοῦ
2944 2599 3043 2668 τῆς
3089 2596 3363 2667 βασιλείας
3411 2595 3503 2646 ἐπὶ
3529 2593 3624 2645 τὸν

2048 2692 2284 2762 Σελλὴμ,
2316 2692 2377 2746 οὐ
2404 2692 2505 2762 τῆς
2533 2691 2705 2762 αὐτῆς
2743 2692 3052 2760 ὑπάρχοντα
3088 2687 3406 2757 συγγενείας
3427 2701 3440 2715 ’
3479 2702 3553 2736 πα
3566 2702 3627 2753 ρ-

380 2778 764 2846 praesagiorum
795 2778 935 2834 beati
965 2779 1182 2836 Davidis
1211 2781 1527 2836 memoriam
1555 2780 1844 2846 refricans,
1864 2787 1952 2836 at-

2054 2784 2293 2854 εληλύθει
2340 2784 2440 2855 μὲν
2485 2779 2576 2838 οὖν
2607 2785 2686 2846 είς
2734 2781 2828 2852 τὴν
2882 2781 2974 2834 τοῦ
3017 2779 3228 2850 Ἰσραὴλ
3275 2775 3548 2848 βασιλείαν
3597 2777 3645 2825 6.

377 2884 482 2934 que
495 2883 559 2922 ea
575 2868 686 2936 jam
710 2870 952 2938 proxima
972 2873 1248 2936 nuntians,
1269 2886 1388 2940 qua:
1411 2871 1580 2926 multo
1601 2879 1725 2928 ante
1737 2871 1804 2928 de
1819 2871 1958 2942 ipsis

381 2958 635 3024 praedicta
667 2958 902 3013 fuerant.
929 2959 1110 3031 Pergit
1137 2970 1318 3016 autem
1349 2961 1564 3016 dicere:

2062 2868 2555 2940 Ἱεροϐοὰμ,’οζίου
2587 2869 2959 2938 βασιλεύοντος
2988 2868 3087 2937 τῆς
3129 2865 3480 2937 Ἰερουσαλήμ
3501 2879 3514 2890 ·
3563 2862 3630 2930 ἐξ

2050 2963 2260 3016 ἐκείνου
2294 2964 2388 3017 τοῦ
2420 2965 2611 3035 χρόνου
2641 2964 2735 3018 τοῦ
2769 2964 2954 3026 κακῶς
2996 2963 3253 3033 πράττειν
3294 2959 3481 3014 ἔλαϐον
3520 2958 3632 3026 τὴν

379 3049 552 3117 ἀρχὴν
576 3049 628 3100 οί
663 3048 769 3100 τῶν
807 3049 940 3102 δέκα
983 3049 1184 3118 φυλῶν,
1213 3051 1371 3122 ἄχρις
1417 3045 1478 3106 οὗ
1522 3050 1799 3114 παντελῶς
1847 3050 2016 3115 αὐτὰς
2049 3053 2424 3123 αἰχμαλώτους
2465 3053 2644 3107 λαὸὼν
2683 3052 2978 3124 μετῴκισεν
3007 3054 3035 3104 ὁ
3059 3053 3162 3104 τῶν
3190 3049 3490 3119 Ἀσσυρίων
3525 3045 3630 3115 βα-

381 3141 559 3202 σιλεύς
587 3157 600 3171 ·
630 3140 757 3194 ὥστ’
789 3140 854 3194 ἂν
881 3142 1102 3205 εἰκότως
1146 3131 1287 3198 κατὰ
1323 3142 1508 3196 τοῦτον
1550 3143 1640 3197 τὸν
1675 3143 1864 3214 καιρὸν
1911 3145 2002 3196 ἐπὶ
2054 3144 2152 3215 τὴν
2195 3145 2528 3216 προφητείαν
2574 3145 2665 3198 τὸν
2711 3143 2868 3214 Ὠσηὲ
2913 3140 3368 3213 παρεληλυθέναι,
3406 3136 3515 3190 τῶν
3564 3154 3648 3191 τε..

381 3235 735 3306 προρρήσεων
777 3234 1257 3304 ὑπομιμνήσκοντα
1303 3234 1396 3287 τοῦ
1445 3234 1713 3306 μακαρίου
1754 3233 1936 3302 Δαυῖδ,
1973 3235 2066 3289 καὶ
2097 3237 2497 3312 μνημονεύοντα
2559 3235 2785 3305 ἐγγύθεν
2845 3235 3076 3304 ἐσόμενα
3113 3232 3182 3286 τά
3219 3232 3283 3303 δὴ
3340 3229 3631 3301 πόρρωθεν

381 3329 644 3394 ε’ρημένα
675 3326 801 3398 περὶ
819 3326 996 3380 αὐτῶν
1021 3344 1035 3358 ·
1076 3328 1170 3381 καὶ
1197 3329 1335 3398 μετὰ
1356 3329 1529 3384 ταῦτα
1560 3330 1751 3401 φησίν“

2113 3485 2258 3553 Στίχ⁹
2293 3483 2357 3553 β’·
2378 3505 2472 3534 -ί
2513 3481 2677 3553 Ἀρχὴ
2701 3481 2857 3548 λόγου
2889 3480 3092 3549 Κυρίου
3119 3478 3249 3548 πρὸς
3268 3476 3445 3544 Ὠσηὲ,
3474 3494 3489 3525 ι

2043 3578 2132 3630 λον
2159 3576 2240 3629 ὅτι
2269 3574 2513 3628 ἐντεῦθεν
2544 3575 2640 3643 τῆς
2664 3569 2975 3642 πρδςαῦτδν
2998 3566 3391 3635 ἀποκαλύψεως
3416 3563 3628 3636 ἤρξατο

2041 3668 2070 3721 6
2090 3667 2218 3730 Θεός
2239 3681 2250 3695 ·
2293 3664 2502 3718 κελεύει
2533 3682 2592 3716 τε
2623 3661 2770 3733 αὖτῷ
2795 3663 3025 3730 γυναῖκα
3051 3659 3252 3728 πόρνην
3290 3653 3623 3724 ἀγαγέσθαι,

2042 3757 2136 3811 καὶ
2163 3757 2228 3828 δὴ
2265 3755 2360 3808 καὶ
2399 3751 2770 3808 τεκνῶσασθαι
2821 3751 2877 3817 ἐξ
2921 3749 3087 3819 αὐτῆς
3115 3764 3126 3778 ·
3161 3747 3256 3802 καὶ
3295 3747 3394 3816 τὴν
3434 3745 3628 3799 alui-sn:

2042 3847 2398 3920 προστίθησι’
2451 3864 2469 3898 ι
2505 3844 2648 3897 Διότι
2705 3839 3105 3914 ὲκπορνεύουσα
3163 3837 3523 3907 ἔκποργεύσει
3584 3838 3620 3903 ἡ

2041 3937 2114 4006 γῆ
2162 3935 2269 3990 ἀπὸ
2313 3932 2532 3988 ὄπισθεν
2575 3931 2670 3985 τοῦ
2704 3931 2929 4002 Κυρίου.
2969 3949 2986 3980 ι
3047 3929 3120 3982 T6
3169 3928 3265 3999 μὲν
3303 3922 3393 3978 οὖν
3431 3942 3618 3994 παρα-

2043 4025 2326 4089 σκευάζειν
2346 4022 2468 4077 τινὰ
2488 4023 2594 4076 τῶν
2615 4023 2714 4095 οὐχ
2735 4020 3004 4092 άρμοδίων
3025 4013 3162 4073 εἶναι
3183 4015 3476 4070 δοκούντων
3501 4017 3623 4077 τοῖς

2042 4117 2253 4180 πολλοῖς
2274 4117 2397 4178 τοὺς
2418 4114 2700 4186 προφήτας
2717 4113 2886 4165 ποιεῖν
2903 4111 2994 4164 τὸν
3011 4109 3162 4173 Θεὸν,
3180 4109 3254 4170 ὡς
3283 4107 3370 4160 τὸν
3385 4107 3624 4158 Ἡσαΐαν

2041 4208 2245 4279 γυμνὸν
2276 4207 2606 4278 ὰνυπόδητον
2634 4204 2916 4258 ἐκέλευσεν
2942 4203 2999 4256 ὲν
3033 4203 3182 4272 μέσῳ
3215 4197 3624 4268 παριέναιπαν-

2039 4315 2167 4361 των,
2202 4299 2278 4369 (p.
2307 4297 2359 4366 6)
2386 4298 2479 4350 καὶ
2504 4296 2676 4350 ὁπόσα
2715 4295 2779 4365 δὴ
2809 4295 3049 4357 τοιαῦτα,
3074 4290 3335 4362 πρόδηλον
3372 4289 3480 4359 ἔχει
3512 4287 3622 4359 τὴν

2040 4390 2236 4444 αἰτίαν.
2281 4389 2498 4459 Ἐπειδὴ
2548 4389 2655 4458 γὰρ
2696 4388 2745 4440 οἱ
2777 4386 2959 4440 πολλοὶ
2993 4384 3102 4437 τῶν
3134 4383 3230 4454 μὲν
3261 4382 3432 4450 λόγων
3467 4398 3538 4433 πα
3549 4398 3620 4449 ρ-

2041 4480 2215 4551 έργως
2243 4479 2459 4533 ἀκούειν
2485 4477 2773 4546 εἰώθαμεν,
2802 4472 3241 4545 ἑκταραττόμεθα
3263 4471 3319 4524 δὲ
3353 4470 3488 4539 πρὸς
3511 4471 3623 4539 τὴν

373 4571 670 4641 prmscrtim
719 4571 763 4625 si
809 4571 922 4626 haec
973 4571 1176 4627 absona
1224 4587 1253 4624 a
1298 4572 1548 4629 facientis
1596 4589 1749 4629 more
1794 4575 1934 4641 sint;

2054 4571 2146 4625 τῶν
2179 4571 2476 4642 γινομένων
2505 4586 2563 4621 τε
2589 4568 2680 4622 καὶ
2717 4567 3005 4638 ὁρωμένων
3034 4563 3320 4632 καινότητα
3340 4579 3354 4592 ο
3382 4561 3474 4614 καὶ
3507 4561 3624 4629 μά-

372 4663 570 4716 merito
617 4661 758 4716 Deus
811 4669 1030 4731 propter
1090 4663 1441 4717 Hebrazorum
1503 4665 1936 4719 incredulitatem

2054 4669 2194 4714 tte-ca
2217 4661 2292 4712 ὅτ’
2332 4659 2397 4713 ἂν
2448 4658 2639 4729 ἀπῳδὰ
2680 4657 2776 4711 τοῦ
2820 4657 3022 4726 τρόπου
3065 4654 3158 4707 τοῦ
3203 4653 3481 4715 ποιοῦντος
3509 4654 3624 4704 ὑπ-

370 4750 465 4802 dat
533 4764 676 4817 szepe
743 4764 965 4818 operam
1030 4758 1090 4802 ut
1150 4751 1277 4804 talia
1340 4753 1619 4820 prOphetae
1684 4752 1932 4820 faciant;

2054 4748 2202 4823 Ξρξῃ,
2231 4749 2456 4813 εἰκότως
2485 4751 2512 4802 ὀ
2536 4750 2666 4812 Θεὸς
2695 4748 2784 4801 διὰ
2809 4749 2867 4801 τὸ
2891 4747 2999 4800 τῶν
3023 4745 3291 4798 Ἰουδαίων
3326 4744 3627 4810 δυσπειθὲς

370 4854 568 4907 nempe
587 4846 646 4891 ut
679 4840 987 4907 perculsum
1011 4840 1249 4894 novitate
1279 4855 1506 4926 operum
1541 4841 1762 4909 vulgus,
1808 4857 1936 4896 cauo

2054 4840 2441 4911 παρασκευάζει
2472 4840 2729 4902 πολλάκις
2756 4840 2878 4902 τοὺς
2910 4838 3192 4908 προφήτας
3221 4836 3445 4888 τοιαῦτά
3487 4853 3622 4888 τινα

369 4945 485 4984 sam
507 4943 686 4984 rerum
711 4928 886 4982 discat
914 4937 1078 4998 atque
1102 4929 1336 4984 ofﬁcium
1361 4931 1640 4986 doceatur.
1669 4931 1941 4987 Mandavit

2054 4931 2480 5002 ῑιαπράττεσθαι,
2521 4931 2588 4982 ἵν’
2615 4932 2677 4982 ἐκ
2709 4930 2806 4998 τῆς
2839 4928 2944 4980 τῶν
2971 4927 3269 4996 γινομένων
3294 4926 3621 4992 καινότητος

367 5036 498 5090 ergo
518 5020 792 5091 prophetat
810 5026 861 5074 ut
893 5020 1231 5074 meretricem
1255 5036 1474 5076 uxorem
1494 5023 1745 5078 duceret:
1772 5037 1936 5092 porro

2054 5021 2479 5092 ιπιστρεφόμενοί
2499 5039 2613 5084 πως
2640 5023 2688 5074 οί
2714 5021 2804 5072 τοῦ
2827 5018 2955 5073 λαοῦ
2985 5017 3296 5088 μανθάνωσί
3315 5035 3371 5068 τε
3391 5016 3489 5086 τὴν
3521 5020 3622 5068 αἱ-

370 5127 568 5166 novum
607 5121 724 5165 erat
761 5109 1016 5165 feminam
1058 5109 1323 5179 ejusmodi
1356 5127 1386 5164 a
1427 5113 1685 5182 propheta
1727 5115 1932 5168 assumi

2054 5113 2154 5166 τίαν
2188 5112 2282 5165 καὶ
2328 5113 2684 5166 παιδεύωνται
2709 5110 2770 5164 τὸ
2811 5110 2945 5164 δέον.
2984 5111 3265 5162 Ἐκέλευσε
3311 5109 3487 5160 τοίνυν
3529 5108 3624 5176 τῷ

371 5202 425 5255 in
461 5203 791 5258 matrimonii
823 5202 1162 5258 convictum:
1204 5201 1256 5256 id
1291 5203 1434 5270 quod
1491 5219 1612 5258 eum
1667 5199 1718 5274 5
1744 5219 1932 5273 reapse

2054 5205 2288 5274 τροφήτῃ
2319 5204 2522 5274 πόρνην
2546 5201 2848 5270 ἀγαγέσθαι
2879 5205 3141 5270 γυναῖκα·
3176 5200 3360 5253 καινὸν
3387 5198 3493 5268 γὰρ
3537 5194 3624 5268 ἦν

372 5293 514 5348 Deus
545 5292 724 5349 facere
747 5294 1002 5363 iusserat.
1043 5293 1104 5348 Et
1147 5293 1421 5363 propheta:
1465 5295 1682 5363 quidem
1734 5296 1932 5350 licebat

2054 5294 2098 5346 :6
2126 5294 2215 5346 τὸν
2241 5297 2524 5366 προφήτην
2550 5293 2762 5347 ἑλέσθαι
2785 5296 3015 5362 γυναῖκα
3045 5291 3300 5361 τοιαύτην
3323 5293 3402 5353 εἰς
3427 5291 3621 5359 γάμου

371 5381 595 5451 legitimi
622 5382 860 5448 conjugii
884 5385 1201 5438 societatem
1229 5389 1418 5452 Optare
1439 5424 1452 5436 .
1483 5391 1852 5437 verumtamen
1883 5384 1930 5438 is

2054 5385 2216 5438 ιαδεῖν
2240 5387 2542 5447 κοινωνίαν,
2571 5386 2707 5455 ὅπερ
2731 5381 2822 5438 οὖν
2855 5383 3002 5455 αὐτῷ
3031 5386 3252 5453 ποιῆσαι
3277 5381 3622 5452 προσέταξεν

370 5477 612 5526 scortum
637 5470 799 5524 etiam
826 5472 926 5525 sibi
959 5473 1290 5542 copulatum,
1326 5471 1641 5542 pudicitiam
1664 5511 1680 5537 ,
1727 5480 1784 5524 ut
1837 5488 1933 5541 par

2054 5475 2064 5525 5
2091 5474 2222 5536 Θεός
2245 5489 2258 5503 ⁸
2309 5473 2496 5543 ἐπειδὴ
2537 5474 2684 5545 αὐτῷ
2720 5493 2778 5528 τε
2811 5474 2885 5544 τῷ
2933 5477 3188 5546 προφήτῃ
3217 5475 3295 5535 εἰς
3324 5472 3622 5526 κοινωνίαν

365 5567 513 5620 erat.
563 5558 803 5614 edocuit.
850 5559 1081 5615 Necesse
1117 5579 1278 5631 porro
1311 5573 1428 5617 erat
1472 5562 1657 5616 mirari
1707 5578 1924 5624 omnes,

2054 5563 2216 5632 γάμου
2239 5566 2467 5630 γυναῖκα
2493 5563 2676 5616 λαϐεῖν
2705 5565 2846 5618 κατὰ
2872 5564 3035 5633 νόμον
3062 5562 3184 5632 ἐξῆν
3213 5579 3226 5592 ·
3249 5562 3347 5630 τήν
3384 5578 3442 5613 τε
3472 5561 3602 5629 πόρ-

370 5651 516 5720 quod
545 5651 627 5704 vir
659 5650 818 5705 ollieii
849 5650 1004 5703 valde
1032 5651 1334 5713 studiosus.
1366 5654 1586 5706 omissis
1620 5668 1738 5719 qua:
1770 5653 1927 5720 ptuli-

2054 5671 2132 5719 νην
2169 5653 2456 5722 λαμϐάνων
2486 5657 2778 5722 σωφρονεῖν
2813 5654 3027 5706 ἔπειθεν
3072 5653 3146 5715 ὡς
3191 5652 3334 5712 εἰκός
3360 5649 3626 5720 ’ἀνάγκη

370 5741 514 5797 cilia:
531 5741 687 5802 laude
723 5737 1006 5808 ﬂorebant,
1054 5743 1270 5811 nuptias
1307 5743 1604 5797 meretricis
1638 5743 1928 5810 appetivis-

2054 5743 2141 5814 γὰρ
2173 5740 2235 5815 ἦν
2286 5745 2580 5811 ξενίζεσθαι
2613 5747 2707 5816 μὲν
2741 5748 3006 5809 ἅπαντας,
3046 5747 3123 5798 ὃτι
3158 5745 3293 5815 ἀνὴρ
3320 5743 3411 5800 τοῦ
3442 5758 3626 5810 190::-
3704 5765 3710 5768 ·

449 3479 614 3536 Vsus.
654 3480 708 3534 2.
743 3510 814 3522 ——
855 3501 874 3534 ι
915 3479 1128 3536 Initium
1156 3484 1302 3539 verbi
1333 3484 1544 3539 Domini
1569 3487 1634 3541 ad
1653 3485 1872 3541 Oscam.
1910 3507 1928 3538 ι

377 3570 553 3632 Patet.
587 3569 714 3625 hinc
757 3567 850 3624 Dei
905 3571 1138 3641 coepisse
1188 3571 1303 3626 fieri
1355 3575 1418 3628 ad
1455 3575 1606 3628 illum
1654 3576 1942 3630 revelatio-

378 3678 512 3716 nes:
545 3661 642 3730 qui
668 3661 887 3716 mandat
906 3661 955 3717 ei
990 3670 1049 3716 ut
1079 3664 1363 3734 conjugem
1388 3666 1732 3740 meretricem
1755 3665 1940 3730 ducat,

376 3768 447 3806 ex
506 3768 679 3822 eaque
750 3754 952 3811 liberos
1022 3765 1305 3824 procreet:
1364 3757 1526 3828 cujus
1583 3760 1660 3813 rei
1717 3774 1940 3815 causam

377 3859 595 3914 quoque
610 3843 779 3910 addit,
817 3864 836 3896 ι
874 3843 1034 3911 Quia,
1066 3847 1262 3916 inquit,
1283 3847 1558 3904 fornicans
1581 3851 1942 3908 fornieabitur

379 3944 523 3988 terra
564 3949 592 3987 a
615 3932 862 3990 Domino.
891 3953 910 3986 ι
957 3935 1100 3989 Sane
1139 3935 1282 3993 Deus
1320 3941 1565 4008 quaedam
1602 3956 1632 3995 a
1663 3942 1942 4010 pr0phctis

377 4025 624 4080 facienda
653 4035 828 4090 curat,
857 4042 979 4096 qua:
1007 4029 1192 4083 multis
1215 4037 1408 4097 praeter
1428 4030 1686 4085 decorum
1711 4046 1831 4086 esse
1858 4032 1940 4086 vi-

377 4116 617 4170 dentur:
659 4117 821 4172 veluti
856 4133 978 4172 cum
1018 4119 1209 4172 Isaiam
1249 4135 1434 4173 coram
1470 4121 1724 4176 omnibus
1773 4122 1941 4190 jussit

378 4207 585 4259 nudum
627 4213 682 4260 et
727 4208 1100 4262 excalceatum
1149 4209 1420 4265 incedere.
1476 4208 1581 4265 Sed
1618 4211 1723 4265 hoc
1755 4221 1811 4267 et
1835 4211 1940 4264 alia

375 4297 644 4362 ejusmodi
677 4297 915 4352 evidenti
971 4299 1204 4354 consilio
1240 4309 1458 4369 peracta
1500 4300 1742 4356 fuerunt.
1805 4302 1940 4356 Nam

375 4373 500 4458 quia
527 4389 771 4460 plerique
807 4389 994 4444 audire
1025 4407 1306 4447 sermones
1339 4394 1639 4450 oscitanter
1667 4395 1937 4462 solemus;

372 4487 648 4549 gestorum
709 4494 840 4534 vero
873 4486 1035 4549 atque
1065 4480 1302 4537 visorum
1347 4483 1583 4536 novitate
1640 4492 1936 4548 terremur,
