3920 6130
420 317 518 376 εει

1603 305 1954 363 THEODORI
1986 296 2480 362 MOPSUESTENI.
3325 315 3353 346 τ

3572 280 3674 340 139.

421 435 603 506 ipsius
635 430 730 486 Del
763 428 1052 485 manifeste
1088 425 1398 499 pugnantis.
1433 424 1553 482 Hoc
1589 425 1738 482 enim
1786 425 1996 493 signiti-

2110 421 2191 476 τοῦ
2223 437 2284 488 γε
2308 417 2490 478 αὐτοῖς
2517 408 2880 481 πολεμοῦντος
2906 405 2998 460 τοῦ
3024 402 3160 459 Θεοῦ
3188 402 3492 476 προδήλωςο
3520 405 3675 463 τοῦτο

421 533 555 580 cant
583 523 746 579 verba
784 538 804 572 ι
835 521 1132 575 adversans
1163 517 1501 574 adversabor
1524 515 1655 573 illis.
1681 535 1700 569 ι
1739 516 1918 586 Atque
1940 523 1999 570 ut

428 613 624 682 magis,
648 611 846 681 inquit,
868 609 1263 673 demonstrem,
1293 607 1571 663 voluntate
1598 621 1718 662 mea
1741 605 1857 661 haec
1891 606 1999 661 illis

425 699 705 764 accidere,
752 696 952 751 addam
995 694 1150 751 ludat
1198 697 1562 761 mentionem,
1606 694 1768 766 cujus
1807 702 1998 749 contra

360 821 377 840 .
427 790 750 853 miserebor,
782 803 907 842 cum
939 786 996 842 in
1030 787 1173 842 idem
1205 788 1499 844 discrimen
1529 787 1598 843 ab
1631 785 1871 857 Assyriis
1901 799 2000 840 vo-

428 882 667 944 cabitur,
697 881 790 951 qui
809 879 1070 935 lsraelem
1097 878 1304 935 faciunt
1320 881 1594 950 captivum
1619 897 1632 934 :
1662 878 2000 948 servaboque

428 973 586 1027 illum
620 973 825 1026 virtute
853 985 994 1034 mea,
1025 985 1135 1025 non
1166 985 1299 1025 arcu
1317 971 1403 1026 vel
1429 984 1565 1026 ense
1594 976 1688 1024 aut
1715 969 1874 1034 bello,
1907 983 2002 1025 ne-

431 1081 541 1134 que
568 1064 680 1119 ullo
704 1078 937 1133 prorsus
964 1061 1246 1116 hominum
1277 1061 1484 1116 auxilio
1518 1059 1740 1126 fretum,
1765 1061 1861 1116 sed
1883 1073 2003 1115 mea

432 1157 608 1212 solius
639 1155 693 1210 vi
735 1162 893 1208 tanto
935 1152 1176 1222 periculo
1215 1159 1488 1222 ereptum.
1535 1149 1594 1204 Id
1626 1151 1773 1221 quod
1815 1165 2003 1207 revera

433 1247 684 1316 contigit,
705 1246 895 1317 angelo
909 1250 1076 1299 noctu
1099 1251 1316 1299 centum
1339 1243 1616 1312 octoginta
1650 1242 1818 1297 millia
1839 1241 2006 1314 Assy-

435 1338 644 1389 riorum
678 1336 969 1390 acervatim
997 1334 1312 1400 occidente;
1349 1334 1407 1403 7
1441 1335 1515 1387 ita
1544 1342 1604 1388 ut
1627 1333 1823 1404 reliqui
1853 1350 1912 1390 se
1949 1335 2004 1388 in

2099 511 2208 580 γὰρ
2229 508 2375 578 δηλοῖ
2394 504 2504 570 τὸ,‹
2537 498 3013 568 Ἀντιτασσύμενος
3040 493 3398 564 ἀντιτάξομαι
3424 494 3625 560 αὐτοῖς.
3648 514 3671 550 ι

2101 603 2194 664 Εἰς
2236 599 2456 671 μείζονα
2491 595 2548 648 δὲ
2589 590 2866 655 ἀπόδειξιν
2903 588 2998 644 τοῦ
3047 587 3264 660 γνώμῃ,
3306 585 3507 658 φησιν,
3569 590 3675 662 ἐμῇ

2098 687 2273 742 ταῦτα
2299 683 2542 755 γίνεσθαι
2569 681 2702 754 περὶ
2733 680 2952 745 αὐτοὺς,
2984 677 3296 748 παρέξομαι
3321 677 3390 730 τὰ
3417 676 3560 731 κατὰ
3588 676 3677 733 τὸν

2112 777 2348 842 Ἰούδαν,
2402 774 2496 838 οὓς
2529 772 2736 842 ἐλεήσω
2781 787 2843 822 τε
2896 767 3002 822 ὑπὸ
3053 765 3163 820 τῶν
3219 765 3523 837 Ἀσσυρίων
3569 765 3681 820 τῶν

2101 868 2345 930 ἐκείνους
2379 860 2946 934 αἰχμαλωτευσάντων
2979 857 3048 910 τὰ
3078 856 3241 926 ὅμοια
3275 853 3679 918 κινδυνεύοντας

2104 961 2296 1016 παθεῖν
2314 973 2329 990 ο
2359 957 2456 1012 καὶ
2494 951 2788 1026 περισὼσω
2816 952 2884 1022 τῇ
2922 949 3150 1019 δυνάμει
3173 950 3242 1018 τῇ
3290 949 3421 1019 ἐμῇ,
3449 948 3514 1001 οὐ
3541 946 3680 1018 τόξῳ

2103 1054 2201 1108 καί.
2228 1052 2373 1121 ξίφει
2398 1048 2496 1102 καί⁵
2519 1045 2766 1116 πολέμῳ,
2789 1042 2904 1097 ἀλλ’
2930 1040 3051 1094 οὐδέ
3071 1056 3180 1093 τινι
3209 1039 3527 1111 ἀνθρωπίνῃ
3555 1055 3682 1109 συμ·

2107 1146 2279 1218 μαχίᾳ
2321 1139 2716 1213 βοηθουμένους
2766 1133 3058 1199 καθάπαξ,
3093 1131 3231 1203 μόνῃ
3263 1131 3319 1184 δὲ
3345 1133 3415 1202 τῇ
3452 1133 3560 1203 ὲμῇ
3588 1131 3679 1186 δυ-

2105 1239 2264 1308 νάμει
2290 1235 2384 1290 τὸν
2415 1229 2667 1286 τοσοῦτον
2689 1228 2933 1283 κίνδυνον
2971 1223 3366 1294 διαφεύγοντας
3389 1239 3404 1254 ·
3439 1225 3578 1294 ὅπερ
3617 1223 3680 1295 δὴ

2104 1329 2200 1385 καί
2233 1327 2474 1397 γέγονεν,
2508 1321 2744 1390 ἀγγέλου
2778 1317 2868 1373 διὰ
2901 1317 3004 1387 τῆς
3030 1314 3228 1378 νυκτὸς
3261 1314 3456 1386 άορόον
3488 1314 3681 1368 ἐκατδν

2105 1420 2431 1490 ὁγδοήκοντα
2454 1414 2616 1468 πέντε
2644 1409 2890 1482 χιλιάδας
2912 1407 3021 1461 τῶν
3059 1407 3358 1478 ’Δσσυρίων
3383 1405 3678 1467 ἀνελόντος-

2105 1511 2180 1574 ὡς
2206 1507 2480 1581 τραπῆναι
2512 1503 2611 1576 μὲν
2637 1502 2774 1573 πρὸς
2800 1498 2976 1570 φυγὴν
3005 1497 3132 1562 τοὺς
3157 1496 3397 1560 λοιποὺς,
3429 1495 3683 1568 ἀναντίρ-

435 1611 522 1657 ter
559 1603 730 1664 lilius,
778 1617 942 1672 quem
991 1601 1262 1656 dictorum
1295 1615 1466 1656 causa
1504 1601 2007 1658 conﬁrmandorum

2112 1602 2278 1673 ρητον
2302 1597 2361 1651 δέ
2385 1595 2512 1658 τοὺς
2543 1592 2636 1646 ἐπὶ
2673 1594 2741 1663 τῇ
2785 1587 3142 1660 Ἰερουσαλὴμ
3172 1586 3427 1653 δέξασθαι
3451 1587 3551 1656 τὴν
3578 1603 3682 1639 οω-

435 1693 588 1760 jubet
617 1691 799 1744 vocari
837 1708 857 1741 ‹
883 1705 990 1744 non
1021 1691 1257 1760 populus
1288 1705 1475 1757 meus;
1497 1710 1518 1744 ι
1553 1707 1883 1763 causamque
1909 1707 2007 1747 no-

2111 1688 2325 1759 τηρίαν.
2353 1684 2610 1738 Τίκτεται
2635 1681 2694 1736 δέ
2719 1680 2880 1735 πάλιν
2907 1678 3002 1732 καὶ
3027 1677 3212 1747 ἐτερος
3231 1677 3365 1740 υίὸς,
3398 1675 3456 1728 ὃν
3482 1677 3562 1738 είς
3588 1677 3682 1744 τὴν

431 1783 602 1836 minis
626 1778 1063 1850 adtlitthuippe
1092 1795 1190 1836 vos
1235 1780 1381 1834 haud
1423 1781 1536 1849 jam
1582 1762 1812 1852 populus
1853 1798 2007 1840 meus

2110 1779 2214 1834 τῶν
2228 1777 2533 1850 εἰρημένων
2548 1773 2852 1845 βεϐαίωσιν,
2875 1791 2894 1822 ι
2905 1771 2966 1824 οὐ
2979 1770 3106 1824 λαὸν
3127 1787 3144 1820 ι
3162 1766 3376 1822 κελεύει
3391 1765 3678 1837 κληθῆναι·

435 1873 616 1935 eritis,
644 1884 822 1939 neque
847 1884 946 1938 ego
972 1873 1156 1924 vester
1177 1882 1274 1923 ero
1299 1867 1488 1938 (Deus)
1505 1887 1518 1922 :
1535 1879 1665 1922 nos
1680 1870 1827 1925 enim
1854 1885 1886 1925 a
1913 1885 2007 1926 cu-

2110 1869 2202 1924 καὶ
2227 1869 2328 1939 τὴν
2362 1866 2543 1920 αἰτίαν
2573 1865 2754 1934 λέγειν
2791 1882 2810 1916 ι
2839 1863 2960 1916 Ὅτι
2991 1861 3151 1931 ὑμεῖς
3183 1859 3244 1912 οὐ
3274 1857 3403 1922 λαός
3431 1875 3558 1929 μου,
3590 1856 3682 1911 καὶ

421 1977 500 2015 .ra
535 1976 652 2013 mea
684 1960 941 2029 deinceps
969 1959 1131 2012 alieni
1165 1959 1358 2026 eritis,
1403 1974 1544 2029 quos
1591 1976 1691 2030 ego
1750 1969 2007 2032 tanquam

2110 1956 2218 2028 ἐγὼ
2242 1957 2344 2014 οὐκ
2372 1959 2488 2029 εἰμὶ
2525 1956 2699 2028 ὑμῶν’
2737 1973 2757 2007 ι
2777 1954 2939 2022 ὑμεῖς
2976 1969 3038 2005 τε
3068 1952 3178 2022 γὰρ
3214 1947 3684 2032 άπαλλοτροιωθή-

439 2058 730 2105 extraneos
792 2047 1232 2117 impendentibus
1299 2049 1511 2103 tradam
1562 2031 2007 2109 adversitatibus.

2110 2048 2268 2102 σεσθε
2299 2048 2398 2118 τῆς
2430 2046 2569 2118 ἐμῆς
2601 2042 2942 2116 κηδεμονίας
2971 2041 3182 2107 λοιπὸν,
3226 2038 3382 2110 κάγὼ
3417 2031 3475 2093 δὲ
3505 2038 3585 2102 ὡς
3619 2039 3682 2093 ἂν

443 2136 649 2190 Deinde
680 2135 945 2206 adjungit,
988 2152 1008 2186 ι
1029 2149 1318 2189 numerum
1345 2133 1578 2190 ﬁliorum
1597 2135 1812 2193 lsraelis
1840 2136 2007 2193 fuisse

2110 2139 2425 2211 ἀλλοτρίους
2463 2138 2626 2201 δντας
2661 2138 2775 2200 τοῖς
2805 2133 3176 2204 ἐπικειμένοις
3205 2131 3430 2186 ἐκδώσω
3462 2132 3680 2192 κακοῖς·

441 2229 608 2283 veluti
666 2227 1162 2283 immensurabilem
1208 2227 1378 2282 maris
1434 2242 1654 2283 arenam
1679 2237 1733 2284 et
1761 2229 2007 2286 innume-

2110 2225 2228 2284 εἶτα
2271 2229 2489 2300 ἐπάγει’
2529 2247 2548 2280 ι
2574 2228 2699 2282 Ὅτι
2740 2226 2807 2296 ἦν
2843 2223 3074 2296 ἀριθμὸς
3120 2222 3229 2276 τῶν
3283 2221 3417 2275 υἱῶν
3471 2220 3688 2293 Ἰσραήλ

440 2318 690 2372 rabilem.
713 2336 730 2368 ι
767 2315 940 2387 Majus
961 2317 1162 2387 quippe
1178 2316 1501 2371 miraculum
1524 2325 1663 2386 erat,
1685 2318 2007 2376 etmanifes-

2110 2322 2243 2375 ὡσεί
2279 2322 2465 2392 ἄμμος
2509 2319 2608 2387 τῆς
2641 2317 2942 2387 Θαλάσσης,
2995 2315 3090 2370 καὶ
3133 2314 3235 2369 οὐκ
3282 2311 3688 2383 ἐκμετρηθήσε.

441 2417 558 2460 tum
584 2407 784 2460 divinae
810 2407 904 2461 ine
929 2413 1310 2477 argumentum
1333 2406 1619 2473 exhibens,
1659 2409 1707 2464 si
1740 2409 1879 2464 tanti
1907 2424 2007 2466 nu-

2110 2429 2222 2477 ται,
2271 2411 2348 2482 (p.
2390 2410 2476 2481 10)
2558 2407 2685 2464 οὐδὲ
2715 2405 3237 2478 ὲξαριθμηθήσεται·
3289 2423 3308 2456 ι
3352 2404 3539 2474 μεῖζον
3581 2407 3687 2474 γὰρ

441 2496 580 2550 meri
612 2496 868 2566 pupulum
913 2495 968 2550 in
1013 2495 1388 2566 captivitatem
1431 2497 1722 2552 confertim
1767 2497 2007 2564 dederet,

2110 2498 2180 2575 ἦν
2209 2501 2270 2556 τὺ
2307 2500 2491 2572 θαῦμα
2521 2508 2616 2553 καὶ
2652 2499 2801 2568 σαφῆ
2831 2499 2930 2568 τῆς
2959 2496 3112 2560 θείας
3141 2495 3312 2567 ὀργῆς
3339 2494 3432 2548 τὸν
3471 2494 3687 2563 ἔλεγχον

435 1428 618 1496 fugam
654 1425 1010 1494 conjecerint,
1052 1423 1244 1478 incolae
1283 1433 1464 1479 autem
1503 1423 2006 1498 Hierosolymorum

440 1517 663 1570 liberam
694 1515 923 1568 salutem
948 1513 1231 1569 consecuti
1264 1513 1398 1568 sint.
1424 1511 1641 1568 Paritur
1671 1529 1892 1570 rursum
1922 1514 2006 1569 al-

441 2586 660 2641 nemine
714 2585 770 2640 in
803 2593 953 2642 tanta
997 2584 1348 2642 multitudine
1415 2585 1486 2642 ad
1531 2585 1810 2644 ferendam
1855 2602 2012 2660 opem

440 2676 664 2734 idoneo.

2122 2592 2518 2666 παρεχόμενον,
2548 2591 2598 2645 εἰ
2628 2588 2914 2650 τοσούτους
2935 2586 3094 2649 ὄντας
3123 2585 3320 2656 ἀθρόον
3347 2585 3688 2656 αἰχμαλωσίᾳ

2121 2679 2442 2751 παρεδίδου,
2485 2679 2654 2750 μηδὲν
2702 2678 2763 2744 ἐξ
2794 2676 2973 2734 αὐτῶν
3017 2676 3288 2731 τοσούτων
3333 2677 3506 2730 ὄντων
3545 2675 3688 2745 ὠφε-

2119 2771 2325 2826 λεῖσθαι
2351 2771 2497 2835 οἴους
2523 2788 2583 2823 τε
2611 2770 2789 2834 ὄντας.
3623 2768 3625 2770 ’

515 2852 754 2919 Deinde,
787 2855 868 2909 uti
908 2869 1028 2910 mos
1053 2861 1141 2910 est
1175 2851 1489 2926 prophetis,
1516 2859 1571 2908 et
1599 2852 1820 2924 quidem
1849 2854 2007 2910 etiam

2186 2855 2298 2915 Εἶθ’
2342 2862 2480 2930 ὅπερ
2525 2860 2646 2924 ἔθος
2676 2863 2789 2925 τοῖς
2827 2860 3170 2932 προφήταις,
3218 2858 3312 2914 καί
3357 2859 3456 2930 μὲν
3487 2857 3584 2912 καί
3616 2857 3691 2929 τῷ

444 2944 609 2999 beato
659 2943 849 2997 Davidi
886 2978 905 3000 .
957 2957 1083 2996 cum
1137 2941 1387 2998 molestis
1446 2941 1632 2997 dulcia
1683 2943 2012 3010 nuntiandi,

444 3021 972 3102 conversionemque
1010 3033 1080 3086 ad
1127 3034 1360 3095 laetiora.
1392 3041 1616 3103 propter
1656 3035 1818 3092 malis
1859 3035 2013 3091 laboo

449 3125 688 3178 nuntium
715 3123 990 3179 solamen:
1029 3140 1048 3174 ι
1079 3122 1142 3176 Ει
1166 3123 1297 3189 erit,
1387 3122 1590 3194 inquit,
1681 3125 1739 3181 in
1771 3125 1893 3181 loco
1922 3126 2013 3182 ubi

447 3216 656 3268 dictum
690 3213 799 3266 illis
841 3211 1053 3277 fuerat,
1085 3211 1192 3268 Vos
1217 3225 1327 3268 non
1358 3214 1594 3284 populus
1627 3229 1816 3282 meus,
1850 3215 2014 3272 iidem

447 3307 793 3364 vocabuntur
835 3305 932 3360 ﬁlii
973 3303 1068 3359 Dei
1105 3304 1364 3361 viventis.
1423 3324 1443 3358 ι
1489 3306 1583 3362 Sic
1622 3309 1787 3372 etiam
1819 3308 2016 3365 beatus

448 3396 617 3451 David
654 3397 721 3451 de
753 3395 1066 3467 Assyriacis
1114 3396 1278 3453 rebus
1309 3398 1562 3462 locutus,
1605 3399 1674 3453 ad
1709 3407 2016 3454 extremum

443 3487 618 3543 addit:
657 3505 676 3538 ι
710 3486 845 3553 Quis
877 3487 1027 3542 dabit
1069 3502 1137 3543 ex
1183 3489 1316 3543 Sion
1367 3490 1614 3548 salutare
1642 3487 1846 3546 Israel?
1875 3489 2013 3545 Cum

445 3577 709 3632 averterit
735 3575 999 3632 Dominus
1023 3577 1397 3647 captivitatem
1419 3579 1604 3650 populi
1630 3581 1739 3648 sui,
1768 3581 2016 3638 exsulta—

444 3669 526 3724 bit
575 3667 783 3735 Jacob,
829 3676 884 3724 et
929 3670 1202 3724 laetabitur
1231 3669 1476 3726 lsrael';
1526 3689 1547 3722 ι
1587 3668 1794 3727 docens
1825 3670 2016 3728 adfore

447 3766 696 3827 tempus,
757 3773 869 3829 quo
914 3759 1283 3826 captivitatem
1324 3775 1515 3816 eorum
1556 3759 1698 3818 Deus
1739 3762 2013 3832 expediat.

445 3847 604 3904 Nunc
641 3848 784 3904 idem
818 3848 1051 3916 dicitur,
1089 3851 1332 3906 futurum
1371 3852 1580 3909 scilicet
1613 3861 1674 3910 ut
1709 3855 1801 3911 ubi
1832 3852 2014 3911 Israe-

443 3938 556 3993 litae
587 3939 767 3993 vocati
802 3938 1020 3995 fuerant
1044 3940 1190 3995 «Non
1221 3942 1472 4013 populus,
1495 3962 1515 3995 ι
1537 3943 1592 3998 id
1615 3951 1746 3999 esta
1773 3943 1870 4000 Dei
1890 3959 2017 4016 pro-

443 4028 684 4084 videntia
757 4031 1003 4101 abjecti;
1066 4032 1269 4088 ibidem
1330 4035 1674 4104 appellentur
1744 4035 1841 4090 ﬁlii
1917 4036 2013 4091 Dei

444 4119 704 4184 viventis,
771 4119 824 4175 id
874 4129 958 4177 est
1016 4121 1138 4191 ejus
1198 4123 1497 4178 amicitiam
1553 4134 1897 4195 recuperent.
1946 4127 2012 4181 Et

447 4209 709 4280 prmolare
741 4209 945 4264 dicitur
977 4229 996 4262 ι
1033 4212 1088 4264 in
1121 4211 1240 4266 loco
1277 4211 1383 4266 isto
1421 4232 1440 4266 ι
1480 4229 1545 4268 ex
1579 4229 1689 4284 quo
1719 4224 2008 4287 postquam

441 4301 569 4356 illos
617 4298 761 4354 Deus
805 4296 1174 4367 transtulerat,
1221 4301 1274 4355 in
1337 4304 1590 4360 eumdem
1644 4322 1839 4364 rursus
1894 4315 2013 4362 erat

441 4388 794 4445 reducturus.
842 4387 1076 4458 Subjicit
1122 4393 1288 4461 igitur
1333 4392 1406 4448 ad
1449 4393 1714 4464 majorem
1758 4397 1844 4453 sui
1876 4397 2006 4454 dicti

443 4479 909 4545 declarationem,
946 4479 1112 4538 Vens.
1152 4483 1214 4537 ll
1269 4514 1339 4523 -—
1381 4503 1400 4537 ι
1438 4484 1502 4540 Et
1528 4486 2010 4558 congregabuntur

438 4570 494 4625 in
533 4586 700 4625 unum
745 4571 843 4625 lilii
873 4569 1028 4626 Judaz
1067 4581 1233 4645 atque
1271 4573 1512 4642 lsraelis,
1559 4576 1870 4650 facisutque
1901 4580 2006 4636 sibi

438 4661 803 4730 principatum
849 4679 1054 4729 unum,
1107 4673 1160 4718 et
1223 4667 1521 4722 ascendent
1575 4667 1641 4723 de
1701 4671 1943 4739 regione.
1985 4689 2002 4721 ι

439 4749 647 4821 Nempe
677 4754 750 4804 ait
783 4753 920 4818 fore,
957 4762 1014 4809 ut
1053 4756 1284 4825 depulso
1315 4771 1345 4810 a
1385 4755 1539 4812 Iudae
1586 4760 1732 4814 tribu
1771 4761 2003 4832 Babylo-

435 4841 547 4897 nici
573 4841 780 4896 servitii
807 4841 960 4914 jugo,
990 4844 1050 4914 8
1084 4859 1190 4898 una
1240 4847 1486 4902 omnium
1528 4849 1752 4906 libertas
1781 4851 1874 4916 sit,
1923 4861 2005 4907 at-

433 4948 543 5002 que
583 4946 777 4986 omnes
809 4933 912 4985 sub
943 4947 1054 4986 uno
1093 4934 1204 4988 sint
1238 4935 1580 5006 principatu,
1623 4939 1767 4995 haud
1794 4940 1905 5010 jam
1944 4951 2006 4997 ut

433 5032 596 5078 antea
630 5023 933 5087 divisi,scd
968 5023 1134 5081 unius
1164 5026 1377 5096 imperii
1408 5027 1602 5084 ditioni
1633 5031 1882 5099 obnoxii,
1912 5037 2001 5090 cui

433 5112 794 5182 praesitJuda:
822 5113 1001 5168 tribus
1024 5133 1040 5179 ;.
1064 5126 1118 5169 et
1153 5117 1248 5184 qui
1293 5117 1361 5172 de
1404 5118 1508 5172 hoc
1537 5135 1736 5190 genere
1773 5132 1924 5190 sunt,
1949 5126 2003 5180 in

436 5205 584 5272 regia
613 5205 882 5276 dignitate
915 5206 1343 5266 constituantur.
1374 5209 1578 5268 Deinde
1607 5214 1779 5279 addit,
1818 5236 1836 5269 ‹
1862 5218 2001 5284 Quia

435 5309 630 5364 magna
675 5298 793 5353 dies
829 5296 1114 5354 Jezraelis.
1159 5318 1176 5351 ι
1207 5299 1342 5356 Nam
1385 5317 1508 5359 cum
1541 5305 1680 5362 dixit
1709 5323 1903 5378 poenas
1932 5313 2002 5367 ab

431 5384 517 5436 eis
545 5385 726 5440 datum
756 5388 845 5454 iri,
877 5389 981 5443 hoc
1009 5389 1294 5458 intellexit,
1329 5392 1446 5450 fore
1467 5396 1727 5452 nimirum
1760 5407 1818 5454 ut
1849 5411 2004 5471 post-

431 5487 595 5546 quam
631 5491 853 5532 suorum
886 5480 1150 5536 scelerum
1190 5497 1356 5540 causa
1399 5487 1539 5542 male
1583 5489 1827 5545 mulctati
1875 5493 1996 5549 fue-

438 5567 572 5635 rint,
623 5573 735 5620 tum
777 5566 996 5624 demum
1038 5575 1297 5631 terribilis
1341 5577 1508 5632 veluti
1559 5586 1722 5650 atque
1763 5582 1995 5643 illustris

540 5719 560 5754 ⁷
589 5717 860 5787 Palmm,
898 5721 946 5776 7.

2117 2951 2372 3024 μακαρίῳ
2395 2951 2557 3007 Δαυῖδ
2584 2952 2644 3006 τὸ
2672 2953 2729 3005 ἐν
2758 2952 2909 3024 μέσῳ
2929 2952 3038 3006 τῶν
3066 2950 3326 3024 λυπηρῶν
3353 2950 3539 3005 καὶτὰ
3563 2950 3692 3020 ἡδέα

2116 3043 2368 3115 μηνύειν,
2395 3045 2492 3115 τήν
2520 3061 2577 3097 τε
2608 3043 2700 3098 ἐπὶ
2723 3043 2784 3096 τὸ
2807 3045 3047 3114 κρεῖττον
3082 3042 3383 3116 μεταϐολὴν
3406 3044 3498 3096 ἐπὶ
3515 3043 3690 3114 ψυχα-

2113 3136 2292 3209 γωγία
2331 3137 2440 3192 τῶν
2487 3139 2544 3190 ἐν
2578 3139 2690 3200 τοῖς
2718 3137 2926 3208 χείροσι
2964 3138 3282 3209 γινομένων,
3324 3156 3344 3188 ι
3372 3137 3481 3191 Καὶ
3518 3136 3688 3198 ἔσται,

2115 3227 2300 3298 φησὶν,
2332 3227 2393 3282 ἐν
2419 3228 2497 3298 τῷ
2523 3227 2674 3298 τόπῳ
2703 3223 2764 3282 οὗ
2806 3228 3014 3300 ἐρρήθη
3063 3230 3264 3293 αὐτοῖς,
3307 3229 3382 3283 Οὐ
3423 3228 3554 3293 λαός
3593 3246 3692 3296 μου

2116 3318 2291 3388 ὑμεῖς.
2323 3317 2474 3372 αὐτοὶ
2507 3317 2872 3390 κληθήσονται
2918 3320 3024 3374 υίοί
3065 3319 3200 3374 Θεοῦ
3229 3320 3448 3385 ζῶντος.
3481 3339 3501 3372 t
3541 3319 3693 3376 Οὒτω

2115 3409 2208 3462 καὶ
2243 3408 2272 3459 ὁ
2302 3409 2570 3479 μακάριος
2607 3410 2770 3464 Δαυῒδ
2803 3409 2868 3464 τὰ
2903 3410 3043 3468 κατὰ
3073 3411 3202 3473 τοὺς
3258 3411 3583 3476 Ἀσσυρίους
3620 3412 3692 3463 εἰ·

2114 3501 2257 3566 πὼνς
2281 3503 2532 3572 summ
2559 3503 2656 3566 Τίς
2690 3502 2852 3556 δώσει
2882 3505 2947 3556 ἐκ
3001 3502 3139 3559 Σιὼν
3179 3503 3242 3557 τὸ
3287 3505 3563 3575 σωτήριον
3599 3503 3691 3558 τοῦ

2129 3591 2382 3666 Ίσραήλς
2435 3595 2524 3647 Ἐν
2566 3592 2644 3664 τῷ
2689 3594 3013 3666 ἐπιστρέψαι
3050 3579 3052 3582 ’
3084 3593 3289 3667 Κύριον
3332 3595 3432 3666 τὴν
3486 3597 3693 3668 αίχμα·

2113 3679 2315 3738 λωσίαν
2350 3683 2442 3739 τοῦ
2476 3684 2606 3738 λαοῦ
2651 3685 2838 3749 αὐτοῦ,
2887 3685 3276 3754 ἀγαλλιάσεται
3328 3686 3550 3752 Ἰακὼϐ,
3601 3686 3695 3743 καί

2114 3774 2549 3846 εὐφρανθήσεται
2611 3775 2830 3846 Ἰσραήλ
2898 3793 2916 3826 ι
2967 3775 3180 3839 δεικνὺς
3228 3777 3311 3834 ὅτι
3366 3775 3521 3831 ἔσται
3577 3794 3695 3832 και-

2115 3865 2228 3936 ρὸς,
2254 3865 2490 3936 ὁπηνίκα
2527 3866 2625 3936 τὴν
2659 3864 3036 3935 αἰχμαλωσίαν
3069 3865 3220 3919 λύσει
3255 3866 3472 3930 πάντως
3509 3868 3694 3932 αὐτοις

2113 3958 2141 4009 ὁ
2167 3955 2328 4020 Θεός·
2368 3957 2430 4009 τὸ
2461 3957 2572 4028 γὰρ
2603 3956 2733 4008 αὐτὸ
2761 3956 2824 4027 δὴ
2854 3956 3134 4013 κάνταῦθά
3175 3974 3361 4030 φησιν,
3391 3960 3474 4013 ὅτι
3523 3959 3692 4018 Ἔνθα

2113 4043 2178 4114 δὴ
2206 4043 2514 4115 ἐκλήθησαν
2549 4047 2630 4099 Οὐ
2660 4045 2831 4112 λαὸς,
2863 4046 3009 4098 τοῦτ’
3035 4046 3151 4103 ἔστι
3177 4049 3567 4120 ἀπερρίφησαν
3596 4050 3694 4120 τῆς

2115 4132 2373 4202 προνοίας
2424 4133 2524 4204 τῆς
2571 4134 2732 4204 ἐμῆς,
2773 4135 3005 4188 ἐνταῦθα
3055 4135 3119 4206 δὴ
3169 4137 3533 4209 κληθήσονται
3587 4138 3692 4193 υἱοὶ

2116 4222 2250 4276 Θεοῦ
2279 4223 2478 4288 ζῶντος
2496 4240 2509 4253 ·
2542 4223 2628 4277 ἵνα
2663 4225 2810 4297 εἴπῃ,
2839 4224 3130 4290 Τεύξονται
3171 4227 3332 4286 πάλιν
3358 4228 3458 4298 τῆς
3484 4227 3694 4282 οἰκειώ-

2113 4330 2250 4375 σεως
2289 4313 2391 4383 τῆς
2432 4313 2604 4384 ἐμῆς⁹
2643 4313 2823 4378 καλῶς
2853 4315 3021 4370 εἰπὼν
3062 4317 3123 4369 τὸ
3161 4317 3231 4370 ἐν
3259 4316 3338 4383 τῷ
3378 4319 3562 4386 τόπῳ,
3597 4317 3690 4390 ἀφ’

2110 4397 2281 4475 οὗπερ
2314 4405 2509 4468 αὐτοὺς
2537 4404 2749 4474 ἀφελὼν
2775 4409 2852 4470 εἰς,
2880 4407 2972 4462 τὸν
3005 4407 3166 4464 αὑτὸν
3193 4408 3489 4478 ἐπανάγειν
3519 4409 3691 4481 ἠμελ-

2110 4498 2198 4550 λεν
2231 4495 2424 4552 πάλ-ινο
2470 4497 2666 4566 ἐπάγει
2695 4496 2824 4566 γοῦν
2863 4499 2944 4562 εἰς
2991 4498 3214 4569 μείζονα
3259 4499 3354 4551 τοῦ
3390 4499 3690 4570 λεγομένου

2112 4588 2439 4659 σαφήνειαν⁸
2496 4586 2645 4656 Στίχ.
2711 4586 2779 4641 ια’
2852 4617 2922 4627 -
2966 4605 2985 4640 ι
3027 4589 3136 4642 Καὶ
3177 4589 3610 4660 συναχθήσονται
3643 4592 3692 4644 οἱ

2110 4679 2217 4734 υίοί
2261 4678 2430 4735 Ἰούδα
2456 4678 2549 4732 καὶ
2577 4679 2626 4733 οἰ
2657 4679 2766 4732 υἱοὶ
2808 4678 3024 4750 Ἰσραὴλ
3053 4680 3147 4734 ἐπὶ
3183 4680 3244 4734 τὸ
3299 4681 3452 4746 αὐτὸ,
3487 4684 3566 4754 (p.
3601 4683 3693 4754 ll)

2109 4768 2206 4821 καὶ
2244 4769 2501 4838 θήσονται
2543 4769 2755 4831 ἑαυτοῖς
2803 4769 2977 4840 ἀρχὴν
3034 4770 3183 4840 μίαν,
3241 4773 3331 4824 καὶ
3381 4773 3692 4844 ἀναϐήσον-

2107 4873 2197 4910 ται
2229 4859 2292 4908 sx
2327 4856 2426 4926 τῆς
2459 4857 2582 4925 γῆς.
2616 4873 2634 4906 ι
2678 4855 2839 4923 Λέγει
2872 4857 2928 4908 δὲ
2968 4857 3050 4908 ὅτι
3093 4857 3230 4928 μετὰ
3253 4857 3350 4928 τὴν
3389 4859 3470 4923 εις
3508 4859 3694 4912 Βαὸυο

2107 4946 2254 5001 λῶνα
2289 4946 2668 5016 αἰχμαλωσίαν
2696 4946 2806 4998 τῶν
2850 4947 2949 5017 τῆς
3000 4947 3173 5000 Ἰούδα
3217 4949 3407 5019 φυλῆς,
3457 4950 3560 5020 μία
3608 4967 3694 5015 τις

2108 5035 2361 5092 ἁπάντων
2380 5035 2671 5105 γενήσεται
2698 5034 2978 5106 ἐλευθερία
2997 5053 3009 5067 ·
3041 5037 3124 5091 δτι
3152 5037 3216 5108 δή
3240 5039 3343 5092 ὑπὸ
3374 5041 3507 5110 μίαν
3539 5040 3696 5094 Esuv-

2105 5146 2193 5182 ται
2223 5127 2320 5197 τὴν
2349 5126 2524 5199 ἀρχὴν
2544 5167 2558 5194 ,
2590 5127 2774 5181 οὐκέτι
2805 5128 3156 5204 διῃρημένοι,
3188 5130 3438 5203 καθάπερ
3485 5134 3693 5204 πρότε-

2107 5237 2221 5292 ρον,
2252 5219 2358 5272 ὑπὸ
2389 5218 2517 5290 μίαν
2553 5219 2612 5271 δὲ
2636 5218 2787 5282 ὄντες
2814 5219 2912 5290 τὴν
2946 5201 3153 5292 ἀρχήνὀ
3193 5222 3302 5274 τῶν
3331 5201 3556 5277 πάντων
3592 5224 3696 5294 μὲν

2105 5309 2354 5382 ἡγεῖσθαι
2383 5308 2481 5380 τήν
2525 5309 2695 5364 Ἰούδα
2729 5311 2922 5380 φυλὴν,
2951 5312 3009 5365 ἐν
3041 5311 3286 5382 βασιλείᾳ
3325 5315 3382 5368 δὲ
3411 5315 3510 5368 καὶ
3539 5315 3692 5386 ἀρχῇ

2105 5403 2435 5458 καθεστάναι
2461 5401 2588 5464 τοὺς
2631 5401 2688 5467 ἐξ
2715 5394 2933 5473 ἐκείνης
2960 5405 3326 5474 τυγχάνοντας
3357 5408 3454 5478 τῆς
3486 5409 3691 5477 φυλῆς.

2107 5493 2224 5549 εἶτα
2271 5493 2498 5562 ἐπάγει,
2533 5510 2551 5542 ι
2589 5491 2712 5544 ’Ότι
2751 5491 2961 5562 μεγάλη
2994 5493 3178 5564 ήμέρα
3213 5496 3306 5548 τοῦ
3347 5496 3620 5567 Ἰεζραήλ.
3671 5516 3689 5549 ι

2119 5587 2333 5656 Ἐπειδὴ
2374 5584 2480 5654 γὰρ
2513 5577 2663 5636 εἶπεν
2691 5583 2771 5636 ὅτι
2816 5583 2955 5655 ὑπὲρ
2997 5584 3188 5639 τούτου
3226 5587 3460 5642 δώσουσι
3505 5587 3691 5650 δίκας.
