3920 6130
208 273 296 329 l33
1255 277 1758 338 COWENTARIU

1869 279 1911 337 Ν
1941 279 2142 339 08ῑῶ
2180 285 2332 341 CAP.
2364 285 2428 345 ll.
3263 297 3266 300 ’
3378 299 3480 358 136

204 394 340 448 ruite
371 391 634 460 βούλεται
668 397 878 460 εἰπεῖν,
917 398 1004 453 ότι
1036 399 1240 454 τούτων
1267 401 1332 472 δὴ
1371 402 1482 456 τῶν
1510 385 1651 476 ὑπὲρ
1695 405 1762 477 τῆ

1895 403 2093 458 evadat
2144 404 2262 460 dies
2321 405 2576 476 illa,qna
2637 413 2840 477 praeter
2894 424 3113 467 omnem
3178 411 3475 472 humanam

199 484 412 555 πρόσθεν
441 485 640 538 αὐτῶν
674 490 952 554 ἀσεϐείας
981 493 1322 546 πεπονθότων
1343 496 1529 560 κακῶς
1548 537 1562 558 ,
1587 497 1764 567 φοϐερι

1896 509 2047 564 spem
2081 496 2316 550 reditum
2350 497 2404 550 in
2443 497 2678 567 patriam
2723 511 3162 572 consequentur.
3207 501 3471 572 Quaenam

197 594 268 638 τις
291 578 432 630 ἔσται
469 579 574 631 καὶ
599 581 864 648 ἐπίδοξος
895 587 928 655 ἡ
954 587 1131 656 ἡμέρα
1160 587 1364 657 ἐκείνη.
1398 588 1520 642 καθ’
1549 592 1614 661 ην
1641 609 1764 662 παρέ

1895 601 2024 641 vero
2052 595 2138 642 est
2167 588 2290 658 ejus
2319 589 2399 643 rei
2429 589 2830 646 demonstratio
2853 592 2880 646 τ

197 669 356 720 πᾶσαν
396 667 776 742 ἀνθρωπίνην
812 675 1030 739 ἐλπίδα,
1076 676 1173 747 τῆς
1215 678 1476 733 ἐπανόδου
1507 680 1790 748 τεύξονται

195 758 278 811 ἐπὶ
302 759 368 813 τὰ
395 759 588 815 οἰκεῖα
607 779 623 792 °
657 765 756 817 καὶ
790 766 880 830 τίς
908 769 941 837 ή
973 768 1279 836 ἀπόδειξιςς

861 858 1022 912 ΚΕΦ.
1064 859 1139 912 B’.

252 943 391 1010 Στίγ.
431 951 504 1006 α’,
537 945 609 1014 β’.
655 980 728 989 ——
766 967 784 998 ι
826 947 1032 1003 Εἴπατε
1061 948 1396 1024 ᾤ’ἀδελφῷ
1437 953 1608 1026 ὑμῶν,
1643 957 1790 1021 Λαός

194 1053 320 1106 μου·
383 1037 482 1089 καὶ
515 1041 588 1109 τῆ
649 1040 860 1111 ἀδελφῇ
913 1042 1087 1111 ὑμῶν,
1150 1046 1471 1118 Ἡλεημένη.
1514 1068 1532 1099 ι
1580 1049 1784 1104 Εἴπατε

190 1125 296 1178 ἀντὶ
325 1125 422 1178 τοῦ
470 1126 719 1198 Ἑρεῖτε,
754 1129 842 1182 ἵνα
875 1131 1004 1203 air-.1;
1033 1133 1113 1186 ὅτι
1150 1135 1574 1206 ἐναλλαγήσεται
1603 1140 1785 1205 αὐτοῖς

188 1218 250 1269 τὰ
269 1218 540 1288 ὀνόματα.
593 1219 863 1292 ’Δρμόσει
890 1224 997 1298 γὰρ
1025 1226 1228 1290 αὐτοῖς,
1256 1228 1409 1299 φησί,
1435 1231 1496 1282 τὸ
1523 1231 1667 1293 Aab;
1693 1234 1782 1289 λέ-

191 1311 367 1377 γεσθαι
404 1311 505 1364 καὶ
569 1313 910 1386 Ἦλεημένη,
952 1315 1027 1378 ὡς
1067 1316 1431 1388 ᾠκειωμένοις
1456 1338 1514 1375 τε
1555 1323 1650 1375 καὶ
1682 1325 1785 1394 τῆς

191 1403 606 1473 φιλανθρωπίας
644 1405 983 1460 ἀπολαύουσι
1023 1410 1142 1462 τότε
1185 1411 1285 1480 τῆς
1319 1414 1456 1484 ἐμῆς
1478 1432 1491 1446 ο
1523 1411 1642 1470 εἶτα
1676 1418 1786 1471 ἀπὸ

2541 861 2694 918 CAP.
2736 862 2800 917 ll.

1958 947 2128 1006 Vens.
2162 951 2215 1016 Ι,
2237 951 2297 1006 2.
2328 981 2399 992 —
2430 971 2448 1004 ι
2491 952 2666 1009 Dicite
2720 954 2874 1010 fratri
2932 965 3154 1024 vestro,
3219 956 3464 1030 Populus

1889 1058 2082 1112 meus;
2109 1052 2162 1099 et
2186 1047 2362 1100 sorori
2395 1057 2608 1112 vestrae,
2641 1047 3071 1105 Misericordiam
3091 1064 3406 1108 consecuta.
3438 1072 3461 1107 ι

1888 1133 2087 1200 Dicite,
2119 1151 2222 1207 pro
2253 1134 2460 1191 Dicetis
2492 1155 2505 1191 :
2538 1137 2752 1192 scilicet
2783 1140 2857 1192 ait
2891 1139 3009 1195 fore
3040 1149 3100 1195 ut
3131 1142 3242 1197 illis
3271 1142 3468 1196 immu-

1887 1232 2073 1280 tentur
2124 1227 2350 1282 nemina
2400 1247 2414 1281 :
2466 1228 2782 1283 nominibus
2829 1238 3008 1285 autem
3064 1233 3207 1286 facta
3253 1233 3466 1305 signiti-

1886 1329 1974 1370 cat
2001 1316 2102 1387 (2).
2154 1318 2434 1389 Congruet
2469 1320 2616 1374 enim
2647 1321 2815 1392 ipsis,
2845 1324 2956 1387 ait,
2993 1327 3175 1378 vocari
3211 1325 3422 1396 Populo
3445 1370 3461 1392 ,

1885 1417 1940 1464 et
1971 1409 2329 1465 Clementiam
2352 1422 2697 1480 consecutae;
2732 1422 2989 1485 tanquam
3019 1415 3382 1473 familiaribus
3408 1428 3464 1474 et

191 1494 278 1562 τῆς
306 1496 696 1568 προκειμένης
725 1498 957 1564 εἰκόνος,
988 1499 1084 1554 τοῦ
1105 1499 1262 1570 λόγου
1287 1503 1388 1575 τὴν
1412 1506 1666 1580 ἀφορμὴν
1689 1509 1764 1563 λα·

1885 1499 2176 1554 clementia
2206 1515 2330 1555 mea
2361 1512 2494 1556 tunc
2520 1502 2852 1559 fruentibns.
2881 1504 3088 1560 Deinde
3117 1520 3146 1559 a
3180 1510 3463 1578 pr0posita

187 1585 289 1640 εών
315 1609 329 1622 ο
363 1607 380 1639 ι
415 1588 699 1659 Κρίθητι,
748 1593 902 1662 φησὶ,
947 1591 1085 1662 πρὸς
1121 1594 1218 1665 τὴν
1243 1596 1452 1668 μητέρα
1483 1598 1636 1668 ὑμῶν
1663 1600 1764 1672 κρί·

1883 1589 2122 1661 imagine
2162 1605 2352 1647 ansam
2393 1593 2610 1648 dicendi
2651 1595 2914 1664 capiens,
2950 1614 2967 1646 ι
3004 1595 3162 1652 Ferte
3245 1601 3458 1670 inquit,

187 1675 326 1745 θητε-
367 1677 455 1730 δτι
502 1678 649 1749 αὑτὴ
699 1680 762 1732 ού
809 1682 942 1752 γυνή
996 1700 1119 1753 μου,
1165 1684 1319 1752 κάγὼ
1361 1685 1462 1738 οὐκ
1502 1687 1640 1758 ἀνὴρ
1679 1689 1764 1741 αὐ·

1879 1679 2015 1735 l'erte
2095 1683 2422 1737 sententiam
2442 1693 2632 1739 contra
2649 1697 2878 1742 matrem
2901 1699 3170 1756 vestram;
3197 1693 3323 1761 quia
3344 1694 3462 1762 ipsa

189 1741 294 1838 της.
327 1787 345 1818 ι
383 1771 514 1822 Ἐπὶ
549 1741 655 1839 μὲν
684 1771 793 1842 γὰρ
820 1741 1306 1846 τῆςΙπροκείμένης
1330 1777 1558 1841 εἰκόνος,
1690 1780 1764 1849 12]

2806 1741 2814 1742 ,
3203 1741 3323 1761 τη--
3346 1741 3460 1762 Ἰ---

1882 1771 2025 1826 baud
2060 1787 2200 1828 uxor
2228 1789 2371 1840 mea,
2403 1791 2502 1831 nec
2527 1792 2631 1846 ego
2662 1779 2746 1832 vir
2775 1779 2916 1849 ejus.
2956 1799 2975 1832 ι
3009 1779 3126 1836 1am
3157 1786 3460 1840 secundum

192 1857 400 1925 εύδηλον
441 1860 528 1911 ὅτι
575 1861 797 1932 μητέρα
827 1861 926 1931 μὲν
961 1863 1060 1934 τὴν
1088 1865 1294 1936 πόρνην
1321 1866 1495 1930 καλεῖ,
1524 1868 1690 1922 τέκνα
1719 1869 1764 1921 δὲ

1877 1862 2079 1918 dictam
2116 1865 2412 1936 imaginem
2457 1870 2814 1940 perspicuum
2859 1879 2965 1936 est,
3019 1882 3252 1930 matrem
3299 1879 3368 1931 ab
3392 1893 3464 1932 eo

190 1949 250 1999 τΞι
289 1950 347 2014 ἐξ
388 1950 572 2019 αὐτῆς
605 1951 685 2014 ὡς
717 1953 866 2016 εἰκὸς
899 1955 1224 2026 γεννηθέντα
1247 1973 1262 1990 ο
1304 1959 1537 2012 ἐνταῦθα
1567 1960 1623 2013 δέ
1670 1980 1764 2034 μη-

1874 1956 2065 2010 vocari
2116 1959 2457 2014 meretricem
2507 1959 2691 2024 illam,
2740 1961 2881 2018 lilios
2910 1970 3092 2020 autem
3140 1967 3260 2021 sine
3291 1966 3464 2024 dubio

192 2038 310 2109 τέρα
348 2042 449 2110 μὲν
491 2041 652 2110 λέγει
696 2043 797 2112 τὴν
843 2047 1165 2117 συναγωγὴν
1209 2048 1320 2101 τῶν
1374 2050 1665 2115 Ἰουδαίων,
1708 2053 1764 2123 ἢν

1872 2062 1967 2103 eos
2001 2050 2094 2117 qui
2131 2049 2197 2103 de
2235 2048 2424 2105 eadem
2474 2053 2588 2106 nati
2627 2063 2801 2108 erant.
2843 2053 2949 2110 Sed
2993 2064 3177 2112 tamen
3223 2058 3309 2113 bie
3339 2075 3457 2114 ma-

190 2128 384 2182 ἇνωθεν
403 2132 612 2184 ὡσανεὶ
639 2135 1118 2204 μνηστευσάμενός
1139 2153 1196 2188 τε
1216 2138 1308 2190 καὶ
1336 2138 1572 2206 συνάψας
1596 2141 1773 2212 ἐαυτῷ

275 2223 610 2294 κηδεμονίας
645 2225 921 2298 ὑπερϐολῇ
959 2227 1194 2298 ἐξήγαγέ
1232 2247 1289 2281 τε
1329 2230 1427 2300 τῆς
1469 2231 1768 2299 Αἰγύπτου,

186 2317 271 2366 καὶ
311 2316 638 2388 ἐλευθερίας
671 2317 911 2383 ἀξιώσας
951 2321 1031 2383 είς
1058 2319 1155 2390 τὴν
1183 2319 1386 2391 ἔρημον
1412 2323 1642 2391 ἢγαγεν,
1676 2325 1770 2376 ἐπὶ

185 2405 253 2474 τῷ
285 2407 382 2476 τὴν
422 2406 754 2460 θεοσέϐειαν
795 2409 1149 2464 ἐκπαιδεῢσαι
1195 2414 1275 2475 εἰς
1320 2413 1540 2482 μείζονα
1585 2414 1768 2484 σχέσιν

181 2500 398 2568 ἀγαγεῖν
429 2499 674 2552 ἑαυτοῦ·
711 2501 854 2554 καθὰ
892 2504 985 2556 καὶ
1025 2504 1054 2554 ό
1089 2505 1355 2574 μακάριος
1416 2503 1584 2562 Δαυίδ
1613 2523 1763 2576 φησι·

185 2610 203 2642 ι
229 2590 520 2660 Μνήσθητι
560 2594 664 2661 τῆς
706 2592 1031 2663 συναγωγῆς
1077 2611 1170 2647 σου
1199 2592 1268 2667 ἦς
1301 2596 1517 2668 ἐκτήσω
1549 2597 1644 2651 ἀπ’
1667 2599 1767 2668 ἀρ-

176 2680 297 2751 χῆς,
339 2679 648 2750 ἐλυτρώσω
683 2681 876 2753 ῥάϐδον
933 2681 1296 2754 κληρονομίας
1355 2703 1469 2740 σου.
1515 2706 1533 2738 ι
1585 2688 1764 2742 Τέκνα

174 2772 226 2826 δὲ
274 2770 487 2840 ταύτης
532 2772 629 2824 τὸν
683 2772 824 2826 κατὰ
871 2773 1123 2846 διαδοχὴν
1160 2777 1219 2843 ἐξ
1271 2778 1438 2849 αὐτῆς
1489 2782 1762 2835 συστάντα

172 2861 291 2915 λαόν
311 2877 324 2888 ·
367 2863 446 2924 ὡς
482 2862 596 2933 γὰρ
623 2863 676 2914 οἰ
714 2865 951 2936 πατέρες
975 2869 1024 2918 oi
1056 2867 1176 2919 τότε
1204 2868 1453 2937 λέγονται
1478 2871 1587 2924 τῶν
1625 2873 1764 2942 μετὰ

171 2953 365 3006 ταῖτα·
408 2975 428 3005 ι
472 2956 546 3006 Οἰ
595 2954 709 3025 γὰρ
755 2957 993 3026 πατέρες
1052 2959 1223 3028 ὑμῶν,
1272 2962 1426 3031 φησί,
1480 2963 1541 3015 τὸ
1589 2964 1765 3033 μάννα

171 3045 361 3113 ἔφαγον
397 3048 459 3099 ἐν
496 3049 568 3116 τῇ
602 3049 816 3118 ἐρήμῳ,
847 3051 942 3102 καὶ
973 3051 1262 3106 ἀπέθανον,
1296 3072 1314 3103 ›
1345 3053 1502 3107 Ιὶῦτω
1527 3057 1621 3109 καὶ
1654 3058 1761 3127 μή·
1789 3087 1830 3144 C

168 3152 266 3206 τηρ
309 3138 342 3207 ἠ
393 3139 616 3207 ταύτης
666 3141 954 3211 συναγωγὴ
1007 3141 1225 3195 καλοῖτο
1264 3143 1330 3196 ἂν
1378 3145 1623 3211 δικαίως,
1667 3149 1761 3217 ἀφ’

169 3218 337 3297 ἧσπερ
370 3227 434 3279 τδ
466 3228 618 3297 μετὰ
639 3229 810 3281 ταῦτα
839 3232 1093 3301 σύστημα
1119 3232 1309 3301 γέγονε
1330 3234 1439 3287 τῶν
1472 3236 1760 3290 Ἰουδαίων·

168 3319 436 3383 ὀνειδίζων
457 3316 557 3375 οὖν
586 3321 792 3384 αὐτοὺς
815 3321 912 3391 τὴν
942 3323 1242 3395 μοχθηρίαν
1274 3325 1370 3378 τοῦ
1396 3327 1622 3396 τρόπου,
1665 3346 1764 3381 κα-

168 3407 266 3470 λῶς
294 3410 465 3477 φησὶν
501 3411 622 3474 ὅτι,
671 3410 917 3464 Ἀνωθεν
945 3413 1069 3466 ἐστὲ
1101 3414 1396 3485 μοχθηροὶ,
1426 3419 1520 3468 καὶ
1551 3421 1618 3489 τῇ
1655 3436 1763 3488 μη-

167 3498 249 3567 τρὶ
297 3499 492 3567 σαφῶς
538 3499 784 3568 ἐοικότες
825 3504 891 3572 τῇ
933 3503 1130 3574 οἰκείᾳ.
1165 3505 1230 3558 Εἰ
1257 3505 1394 3572 γοῦν
1432 3524 1513 3570 τις
1552 3507 1618 3560 τὰ
1651 3508 1762 3562 τῶν

166 3589 277 3640 τότε
313 3589 499 3659 κρίνοι
534 3591 634 3643 καὶ
675 3591 748 3644 τὰ
782 3591 899 3659 νῦν,
945 3594 1144 3667 πολλὴν
1181 3597 1361 3650 αὐτῶν
1401 3599 1623 3670 εὑρήσει
1667 3617 1762 3653 σα-

169 3679 272 3742 φῶς
295 3680 396 3750 τὴν
427 3681 764 3748 συγγένειαν
787 3699 801 3714 ⁸
834 3684 1060 3739 ἐκείνων
1089 3686 1188 3756 μὲν
1221 3689 1360 3758 μετὰ
1389 3689 1450 3742 τὸ
1487 3689 1758 3743 τοσούτων

169 3771 254 3824 καὶ
285 3772 637 3840 τηλικούτων
657 3777 845 3846 τυχεῖν
873 3776 1118 3845 ἀγαθῶν,
1145 3779 1532 3852 τολμησάντων
1559 3782 1760 3852 μόσχον

168 3876 222 3914 τε
267 3866 693 3919 κατασκευάσαι
740 3867 834 3920 καὶ
889 3867 1082 3934 εἰπεῖν,
1143 3890 1160 3923 ι
1201 3864 1361 3925 οὗτοι
1395 3873 1446 3926 οἱ
1490 3871 1600 3926 θεοί
1640 3891 1758 3938 σου,

179 3951 426 4023 Ἰσραὴλ,
463 3955 518 4006 οἶ
553 3955 827 4027 ἐξήγαγόν
868 3975 926 4012 σε
963 3960 1026 4014 ἐκ
1059 3960 1159 4030 γῆς
1190 3961 1499 4031 Αἰγύπτου⁸
1543 3984 1563 4016 ι
1605 3965 1759 4037 ὑμῶν

165 4043 219 4095 δέ
254 4045 379 4097 καθ’
419 4047 724 4118 ὁμοιότητα
758 4050 983 4106 ἐκείνων
1011 4051 1476 4111 καταλελοιπότων
1526 4056 1624 4127 μὲν
1658 4058 1758 4129 τὴν

166 4135 363 4202 γνῶσιν
404 4137 509 4208 τὴν
546 4137 712 4209 ἐμὴν,
749 4139 844 4194 τοῦ
886 4140 1154 4211 τοσαύτην
1185 4143 1340 4213 ὑμῶν
1382 4145 1620 4200 πάντοτε
1661 4164 1760 4200 πε-

492 4231 848 4302 κηδεμονίαν,
890 4231 967 4303 (p.
1006 4233 1095 4304 i3)
1127 4235 1221 4290 sui
1245 4235 1302 4290 δὲ
1334 4236 1434 4308 τὴν
1456 4237 1564 4291 τῶν
1597 4240 1755 4293 εἰδώ-

171 4313 268 4368 λων
302 4321 607 4392 (ἱερατείαν
637 4324 992 4394 τραπέντωνο
1028 4326 1163 4380 ὥστ’
1194 4327 1261 4382 ἃν
1289 4329 1568 4400 ἁρμοδίως
1609 4332 1753 4400 ὑμᾶς

1871 2146 2010 2194 trem
2051 2141 2184 2194 dicit
2217 2140 2528 2196 Judaeorum
2567 2159 2934 2217 synagogam,
2965 2164 3130 2220 quam
3168 2155 3461 2220 superiore

1869 2237 2118 2300 tempore
2149 2239 2411 2302 tanquam
2446 2234 2552 2288 sibi
2588 2236 2920 2307 desponsam
2953 2249 3116 2311 atque
3136 2245 3454 2312 copulatam

1866 2321 2070 2376 eximia
2107 2324 2453 2392 providentia
2493 2325 2758 2382 eduxerat
2795 2345 2859 2384 ex
2891 2329 3151 2402 Egypto,
3185 2351 3248 2388 ac
3282 2337 3454 2390 liber-

1867 2419 1980 2468 tate
2024 2414 2281 2484 dignatus
2329 2415 2385 2470 in
2428 2418 2706 2473 desertum
2752 2437 2927 2491 usque
2965 2427 3349 2494 transtulerat;
3394 2440 3453 2484 ut

1866 2505 1940 2558 ibi
1969 2520 2088 2560 eam
2126 2507 2349 2562 doceret
2376 2509 2634 2578 pietatem
2677 2527 2806 2583 erga
2841 2527 2902 2569 se
2935 2516 3143 2585 majore
3179 2519 3331 2572 cultu
3384 2537 3449 2576 ac

1865 2597 2050 2666 specie
2085 2612 2429 2666 expromere.
2464 2597 2639 2654 Sicuti
2686 2605 2848 2656 etiam
2892 2603 3087 2661 beatus
3135 2608 3210 2661 ait
3254 2607 3447 2672 David,

1874 2710 1891 2743 ι
1921 2689 2128 2746 Memor
2159 2699 2279 2745 esto
2314 2692 2762 2763 congregationis
2795 2701 2923 2759 tuas,
2954 2712 3116 2766 quam
3149 2700 3450 2768 possedisti

1869 2781 1938 2834 ab
1970 2783 2151 2837 initio.
2187 2782 2485 2838 Redemisti
2515 2785 2725 2854 virgam
2781 2785 3115 2844 haereditatis
3171 2792 3384 2846 tuae”.
3423 2813 3443 2846 ι

1878 2871 2179 2944 Synagoga:
2217 2889 2346 2929 vero
2379 2875 2581 2930 liberos
2611 2879 2707 2942 ait,
2731 2888 3051 2947 generatum
3082 2897 3146 2934 ex
3177 2896 3239 2936 ca
3271 2897 3446 2953 popu-

1863 2964 1999 3019 lum.
2057 2965 2268 3037 Reapse
2321 2967 2470 3021 illius
2542 2970 2810 3038 temporis
2873 2967 3126 3024 homines
3189 2971 3449 3029 dicuntur

1866 3059 2122 3126 parentes
2178 3059 2546 3113 recentiorum
2592 3075 2605 3112 :
2657 3078 2676 3111 ι
2715 3058 2850 3114 Nam
2889 3072 3076 3131 patres
3129 3063 3187 3132 9
3248 3067 3444 3131 vestri,

1867 3147 2066 3215 inquit,
2097 3147 2578 3202 nianducaverunt
2609 3162 2812 3202 manna
2845 3148 2900 3202 in
2939 3149 3181 3210 deserto,
3214 3160 3268 3205 et
3300 3168 3448 3205 mor-

1865 3237 1942 3290 tni
1992 3243 2142 3290 sunt.
2189 3256 2209 3290 ι
2257 3237 2350 3292 Sic
2390 3238 2556 3292 etiam
2596 3239 2790 3293 matris
2839 3240 3060 3293 nomine
3095 3243 3448 3311 congregatio

1865 3327 1980 3381 base
2007 3328 2134 3396 jure
2173 3329 2560 3399 appellabitur,
2591 3345 2656 3384 ex
2691 3344 2798 3398 qua
2842 3339 3063 3401 postera
3103 3347 3237 3402 gens
3261 3330 3444 3386 Judae-

1862 3433 2019 3472 ornm
2047 3428 2344 3490 propagata
2367 3429 2472 3476 est.
2503 3419 2854 3490 Exprobrans
2877 3421 3062 3490 itaque
3095 3422 3205 3475 illis
3230 3438 3442 3476 morum

1863 3510 2267 3580 improbitatem
2309 3525 2458 3568 recte
2498 3515 2596 3568 ait:
2639 3512 2845 3567 Fuistis
2884 3514 2952 3566 ab
2987 3513 3215 3581 antiquo
3257 3515 3443 3583 pravi,

1859 3608 2164 3671 vestraeque
2184 3603 2342 3656 matri
2373 3605 2620 3672 apprime
2644 3603 2876 3657 similes.
2899 3601 3018 3658 Iam
3041 3602 3086 3655 si
3109 3605 3232 3672 quis
3262 3614 3442 3659 vetera

1862 3706 1990 3746 cum
2026 3691 2389 3761 praesentibus
2429 3691 2710 3754 conferet,
2765 3692 2940 3744 multa
2993 3692 3118 3747 inde
3155 3694 3334 3749 eliciet
3379 3711 3443 3749 ac

1862 3783 2205 3853 perspicuam
2265 3782 2729 3836 similitudinem:
2778 3797 2973 3851 nempe
3029 3784 3173 3853 quod
3229 3786 3303 3838 illi
3363 3797 3442 3842 tot

1861 3871 2136 3942 tantisque
2183 3870 2460 3927 beneﬁciis
2498 3870 2710 3935 aﬂ‘ecti,
2759 3874 2992 3930 conﬂato
3032 3876 3308 3930 audaciter
3362 3877 3442 3929 vi-

1865 3965 1998 4028 tulo,
2024 3963 2267 4019 dixerint
2298 3982 2311 4018 :
2347 3983 2364 4014 ι
2398 3963 2464 4018 HI
2515 3973 2644 4020 sunt
2671 3964 2743 4018 dii
2781 3966 2883 4032 tui,
2913 3966 3076 4020 Israel
3105 4008 3119 4030 ,
3161 3967 3252 4034 qui
3288 3976 3340 4022 te
3373 3984 3438 4022 ex

1861 4047 2096 4126 Egypto
2130 4055 2460 4112 eduxerunt.
2505 4075 2526 4109 ι
2561 4056 2670 4112 Vos
2708 4070 2858 4122 vero,
2906 4054 3045 4110 Deus
3073 4057 3268 4126 inquit,
3321 4058 3440 4112 Ilio-

1860 4161 1979 4200 rum
2009 4148 2272 4217 esemplis
2307 4149 2389 4205 usi
2413 4190 2426 4214 ,
2461 4148 2676 4217 abjecta
2708 4148 2907 4202 notitia
2939 4149 3075 4213 mei,
3103 4149 3196 4219 qui
3227 4138 3437 4204 tantam

1859 4238 2023 4292 vestri
2077 4239 2502 4295 sollicitudinem
2568 4240 2734 4310 gessi,
2784 4240 2849 4294 ad
2906 4240 3174 4295 idolorum
3227 4243 3435 4298 cultum

1859 4328 2112 4382 conversi
2146 4330 2280 4385 estis
2313 4344 2327 4380 :
2363 4344 2472 4398 quo
2505 4329 2561 4382 ﬁt
2590 4337 2649 4385 ut
2675 4338 2798 4398 apte
2820 4329 2973 4384 vobis
2996 4331 3436 4388 accommodetur

171 4413 605 4482 παρεικασθῆναι
642 4416 708 4483 τῇ
740 4415 914 4488 πόρνῃ
936 4433 950 4446 ·
975 4418 1100 4470 ἐπεὶ
1127 4418 1270 4490 μήτε
1300 4421 1429 4490 ὑμῖν
1458 4420 1603 4474 οὕτω
1632 4421 1751 4474 δια-

1869 4417 2163 4471 meretricis
2195 4418 2391 4489 imago.
2418 4416 2670 4474 Jamvero
2709 4435 2804 4475 vos
2837 4420 2940 4473 hac
2970 4423 3280 4476 animorum
3314 4439 3437 4492 pra—

171 4503 440 4571 κειμένοις
477 4504 755 4574 ἁρμόττον
778 4506 842 4560 τὸ
868 4509 1036 4578 ἐμοὺς
1076 4509 1157 4562 ἔτι
1184 4510 1468 4565 καλεῖσθαι
1491 4527 1506 4541 ·
1539 4511 1651 4581 ἐγώ
1689 4531 1748 4565 τε

169 4594 682 4665 ἁκηλλοτριωμένος
741 4597 896 4666 ὑμῶν
945 4598 1007 4666 ἐξ
1055 4599 1236 4655 αὐτῶν
1293 4600 1580 4672 δείκνυμαι
1640 4602 1750 4656 τῶν

171 4686 511 4755 πραγμάτων
525 4701 539 4713 ·
565 4686 855 4757 τοιγαροῦν
875 4689 964 4753 τίς

230 4779 357 4849 Στίχ
382 4786 529 4847 γ’-ε’.
549 4809 623 4820 -
649 4799 668 4832 ι
710 4782 820 4835 Καὶ
856 4782 1036 4854 ἐξαρῶ
1063 4785 1161 4856 τὴν
1197 4785 1452 4856 πορνείαν
1495 4786 1666 4856 αὐτῆς
1695 4789 1760 4840 ἐκ

171 4869 455 4936 προπίπτου
483 4887 612 4940 μου,
637 4871 730 4924 καὶ
759 4871 856 4944 την
882 4875 1128 4944 μοιχείαν
1143 4876 1314 4946 αὐτῆς
1340 4878 1404 4930 ἐκ
1430 4875 1598 4946 μέσου
1618 4893 1756 4947 μασ-

169 4961 265 5013 τῶν
285 4962 467 5032 αὑτῆς
483 4977 500 4990 ·
526 4979 546 5012 ι
579 4963 795 5033 μακρὰν
822 4964 934 5036 γὰρ
955 4964 1148 5029 αὐτοὺς
1172 4967 1410 5037 ἐμαυτοῦ
1429 4968 1757 5039 καταστήσω

168 5049 246 5105 διὰ
265 5053 362 5123 τῆς
403 5053 810 5123 αἰχμαλωσίας,
841 5053 939 5109 καὶ
968 5055 1056 5110 διὰ
1087 5057 1188 5126 τῆς
1221 5057 1412 5130 πόρρω
1444 5058 1552 5111 τῶν
1576 5057 1757 5112 τόπων

167 5145 464 5216 ἀπαγωγῆς
483 5161 500 5175 ·
533 5144 614 5208 ὡς
640 5144 840 5215 μηκέτι
871 5146 1096 5219 θεωρεῖν
1123 5149 1293 5221 αὐτὴν
1340 5153 1470 5221 παρ’
1497 5151 1623 5220 ἐμοὶ
1656 5149 1756 5220 τὴν

169 5237 414 5306 πορνείαν
471 5235 804 5312 ἐκτελοῦσαν
849 5237 953 5308 τὴν
1007 5241 1246 5295 οἰκείαν·
1301 5243 1440 5312 μήτε
1505 5241 1602 5312 μὲν
1657 5239 1756 5312 τὴν

171 5326 404 5395 μοιχείαν
432 5327 503 5398 ἢν
550 5326 693 5398 μετά
730 5327 938 5398 πολλῆς
975 5329 1266 5400 ἐργάζεται
1303 5336 1400 5403 τῆς
1434 5332 1751 5396 ἀκολασίας,

171 5417 368 5472 ἃπασαν
401 5419 608 5491 ἑαυτὴν
639 5418 914 5492 προθεῖσα
956 5423 1070 5485 τοῖς
1123 5423 1360 5487 εἰδώλοις
1380 5442 1394 5456 ο
1441 5423 1598 5477 τοῦτο
1645 5425 1754 5494 γὰρ

173 5503 330 5576 λέγει·
382 5513 445 5565 τὸ
485 5531 505 5564 ι
556 5515 623 5566 ἐκ
667 5512 842 5583 μέσου
884 5513 1106 5584 μαστῶν
1150 5515 1338 5585 αὐτῆς,
1375 5534 1394 5568 ι
1423 5518 1498 5580 ὼς
1535 5517 1601 5569 ἂν
1644 5515 1749 5567 τῶν

235 5624 300 5664 ⁸-9
321 5623 463 5683 Psal.
514 5642 716 5682 tum.
753 5625 811 5680 9ο

1864 4510 2032 4562 vitate
2069 4507 2316 4562 imbutos
2347 4507 2488 4560 baud
2522 4522 2620 4574 par
2658 4518 2740 4562 est
2778 4509 2983 4565 diutius
3021 4527 3172 4566 meos
3203 4514 3383 4564 vocari
3418 4533 3431 4566 :

1857 4608 1910 4654 et
1955 4598 2175 4668 quidem
2229 4611 2331 4667 ego
2386 4613 2416 4650 a
2481 4597 2634 4652 vobis
2680 4598 3026 4654 abalienatus
3087 4614 3231 4654 sum.
3293 4601 3434 4665 Quid

1855 4691 2026 4759 ergo?

1938 4783 2103 4838 Vsus.
2148 4780 2270 4836 5-5.
2318 4810 2367 4821 -ο
2406 4797 2425 4831 ι
2468 4779 2724 4836 Auferam
2764 4778 3181 4840 fornicationem
3232 4784 3352 4855 ejus
3401 4803 3431 4840 a

1856 4882 2154 4947 conspectu
2190 4888 2313 4929 meo
2339 4913 2354 4938 ,
2394 4880 2448 4927 et
2487 4871 2816 4927 adulterium
2855 4873 2976 4944 ejus
3005 4889 3036 4929 e
3079 4875 3258 4930 medio
3300 4879 3434 4932 ube-
3467 4950 3472 4956 _

1857 4985 1978 5022 rum
2035 4968 2176 5037 ejus.
2248 4986 2268 5019 ι
2327 4964 2548 5020 Scilicet
2620 4966 2809 5036 procul
2875 4981 2961 5022 me
3015 4977 3224 5038 gentem
3287 4969 3428 5024 hanc

1858 5059 2070 5128 abigam
2102 5097 2118 5121 ,
2188 5055 2492 5128 proiectam
2566 5056 2621 5110 in
2688 5058 3055 5125 captivitatem
3131 5066 3294 5124 atque
3358 5061 3428 5115 ad

1857 5149 2157 5219 longinqua
2213 5151 2328 5202 loca
2379 5148 2749 5202 translatam:
2793 5164 2860 5200 ne
2908 5147 3116 5202 diutius
3158 5150 3296 5218 apud
3344 5166 3431 5206 me

1855 5242 2066 5294 videam
2117 5240 2481 5294 scortationes
2518 5240 2640 5307 ejus
2669 5249 2720 5292 et
2761 5237 3029 5291 adulteria
3071 5239 3430 5307 cupidissime

1855 5332 2117 5396 admissa,
2169 5331 2298 5384 dum
2353 5344 2412 5383 se
2457 5330 2615 5384 idolis
2660 5335 2828 5380 totam
2896 5328 3120 5383 addicit.
3177 5329 3232 5382 ld
3279 5333 3426 5387 enim

1856 5421 2130 5491 signiﬁcat
2189 5437 2207 5471 ι
2244 5434 2274 5473 e
2316 5416 2496 5472 medio
2535 5417 2762 5469 uberum
2815 5417 2956 5487 ejus,
2993 5437 3011 5470 ι
3063 5428 3319 5488 tanquam
3376 5421 3423 5475 si

1861 5523 2040 5570 scorta
2074 5529 2168 5582 per
2199 5510 2422 5567 nimiam
2465 5507 2745 5565 lasciviam
2778 5525 2900 5565 cum
2945 5511 3276 5567 amatoribut
3309 5523 3427 5567 sunt

239 5749 287 5812 (τι.
338 5743 458 5800 Haec
498 5743 885 5801 nominibus...
934 5739 1224 5810 signiﬁcc',
1267 5738 1324 5794 in
1367 5737 1556 5794 Graeco
1609 5735 1825 5794 desunt.
1873 5733 2027 5789 Emr.
