3920 6130
323 252 432 308 159

1522 247 1873 307 THEODORI
1928 243 2418 342 MOPSUESTEM

3487 240 3593 310 ηδ

324 369 556 434 Baalim,
599 366 797 437 quibus
839 380 1030 437 nempe
1075 367 1160 422 liis
1206 366 1367 420 idolis
1411 366 1727 422 immolabat
1783 386 1796 422 :
1844 375 1889 423 el

2000 370 2110 423 τῶν
2143 369 2374 440 Βααλὶμ,
2409 369 2468 422 ὲν
2498 361 2585 431 αἷς
2617 362 2847 420 ιπίθυεν
2887 363 3092 432 αὐτοῖς,
3130 365 3224 418 καὶ
3256 358 3597 438 περιετίθετο

327 465 551 518 inaures
609 474 740 515 suas
801 459 1135 528 moniliaque
1210 473 1310 514 sua
1385 459 1832 529 circumponebat
1882 479 1896 515 :

325 566 570 621 suosque
623 562 896 604 amatores
949 549 1292 614 sectabatur,
1349 550 1455 604 mei
1513 549 1710 616 oblita,
1767 549 1901 605 dicit

325 643 611 698 Dominus.
645 659 663 692 ι
691 639 816 694 Haec
839 639 1097 693 nimirum
1124 640 1424 710 patientur,
1452 653 1642 709 poenas
1673 639 1896 704 luendo,

323 741 611 806 propterea
642 731 785 801 quod
817 730 980 786 idolis
1010 729 1362 795 adhaeserint',
1396 729 1596 799 quibus
1629 729 1898 784 sacriﬁcia

322 839 538 896 quoque
573 823 910 885 obtulerunt,
955 829 1012 877 et
1054 821 1432 876 solemnitates
1459 821 1678 874 illorum
1721 820 1896 874 cultui

321 915 666 978 dedicarunt,
731 913 1028 982 plurimum
1085 912 1560 982 circumponentes
1618 923 1893 979 ornatum,

321 1014 608 1076 castusque
664 1005 910 1060 celebres
960 1003 1028 1058 ad
1079 1003 1385 1058 dmonum
1445 1004 1894 1073 superstitionem

320 1103 713 1154 convocantes.
731 1095 937 1147 nullam
953 1107 1081 1147 vero
1100 1093 1203 1146 mei
1226 1092 1542 1146 memoriam
1566 1093 1892 1148 retinentes.

319 1183 462 1239 Dicit
478 1192 656 1238 autem
674 1182 775 1252 13
791 1181 1016 1247 Baalim,
1031 1180 1150 1234 loco
1167 1179 1522 1248 idolorum,in
1543 1188 1698 1249 parte
1709 1180 1895 1235 omnia

319 1279 642 1348 complexus
680 1293 693 1329 :
727 1283 841 1328 tum
867 1283 921 1328 et
955 1279 1228 1326 amatores
1258 1286 1411 1326 more
1439 1272 1600 1328 solito
1630 1273 1761 1326 dicit
1795 1288 1896 1342 pro

319 1367 706 1434 daemonibus;
743 1372 957 1420 constat
996 1364 1140 1426 enim
1162 1403 1177 1427 ,
1213 1363 1267 1416 in
1310 1363 1580 1418 idolorum
1627 1365 1894 1434 obsequio

317 1476 512 1531 reapse
535 1460 811 1513 daemones
843 1456 1023 1510 cultos
1061 1454 1255 1510 fuisse.
1276 1473 1313 1506 ·‹
1335 1453 1566 1510 idcirco
1592 1471 1699 1524 ego
1729 1455 1894 1511 sedu-

317 1567 438 1609 cam
482 1551 652 1615 illam,
694 1556 748 1603 et
789 1548 962 1601 instar
997 1545 1200 1600 deserti
1243 1560 1526 1615 ponamn
1565 1545 1892 1616 Captivitati

315 1659 435 1699 eam
460 1640 693 1705 tradam,
735 1639 936 1707 inquit,
980 1637 1055 1691 ita
1085 1643 1146 1691 ut
1179 1637 1339 1692 bonis
1368 1638 1628 1693 omnibus
1662 1639 1891 1708 spoliata

315 1742 543 1804 vagetur
566 1732 623 1786 in
658 1729 762 1786 viis
785 1770 797 1794 ,
822 1744 962 1798 quas
989 1735 1146 1782 antea
1186 1728 1678 1791 nesciebat,-nunc
1710 1725 1889 1782 autem
1926 1709 1966 1767 Β

315 1825 636 1881 calamitose
685 1819 979 1875 decurrere
1034 1817 1271 1886 cogitur.
1323 1817 1446 1871 Mox
1491 1824 1670 1872 tamen
1720 1833 1893 1888 paena:

313 1917 539 1974 decreto
555 1910 974 1967 conversionem
1004 1923 1223 1978 quoque
1245 1907 1300 1961 in
1329 1907 1527 1963 melius
1550 1908 1896 1972 commiscet,

309 2009 410 2079 qui
450 2012 538 2061 est
568 2003 964 2075 prophetarum
1002 2015 1142 2064 mos,
1184 2001 1265 2056 sic
1288 2001 1452 2054 etiam
1479 2000 1698 2055 beatum
1719 2000 1892 2053 abavi-

314 2101 439 2156 dem
486 2093 838 2157 imitantium,
866 2093 958 2163 qui
1005 2107 1147 2161 saepe
1187 2092 1242 2146 in
1273 2091 1508 2148 Psalmis
1555 2093 1893 2148 calamitates

313 2189 522 2262 pariter
556 2186 810 2251 dicebat,
842 2192 897 2239 et
932 2184 1260 2239 solutionem
1299 2183 1680 2254 pollicebatur.
1711 2183 1891 2239 Veluti

315 2296 441 2337 cum
495 2279 558 2333 in
588 2277 887 2331 tricesimo
948 2277 1160 2345 psalmo
1218 2276 1295 2330 ait
1327 2291 1392 2330 τι
1448 2275 1711 2331 Miserere
1762 2275 1890 2343 mei,

313 2369 576 2434 Domine,
604 2366 860 2438 quoniam
892 2366 1149 2423 trlbulor.
1192 2365 1418 2422 Turbati
1457 2375 1588 2422 sunt
1608 2367 1677 2422 in
1708 2367 1893 2423 furore

313 2462 459 2518 oculi
504 2461 646 2524 mei,
688 2466 742 2514 et
780 2459 960 2513 anima
1014 2473 1134 2512 mea
1179 2472 1242 2513 ac
1290 2466 1479 2514 venter
1527 2474 1704 2514 meus.
1743 2457 1890 2524 Quia

313 2550 515 2608 defecit
545 2550 599 2604 in
629 2549 817 2604 dolore
846 2549 950 2602 vita
982 2563 1121 2612 mea,
1164 2557 1219 2604 et
1271 2548 1401 2603 anni
1433 2550 1540 2604 mei
1583 2552 1637 2603 in
1672 2550 1890 2621 gemiti-

311 2642 417 2698 bus
471 2640 537 2696 ι’.
569 2658 588 2692 ι
632 2637 767 2692 Tum
822 2649 877 2694 et
922 2639 1119 2694 deinde
1167 2639 1274 2693 alia
1312 2638 1402 2694 bis
1459 2639 1683 2695 similia.
1720 2640 1892 2696 Paulo

314 2741 436 2800 post
492 2739 705 2794 tamen,
757 2729 942 2783 dicere
995 2744 1262 2799 pergens,
1318 2728 1445 2781 ait:
1498 2745 1517 2779 ι
1561 2727 1891 2784 Benedictus

311 2821 600 2886 Dominus,
641 2820 735 2891 qui
786 2819 1098 2874 miriticavit
1145 2818 1583 2874 misericordiam
1622 2835 1780 2874 suam
1833 2820 1888 2875 in

311 2911 532 2965 civitate
585 2910 816 2964 munita.
855 2929 875 2962 ι
915 2908 980 2963 Ει
1037 2925 1161 2964 mox
1214 2910 1342 2965 item
1393 2910 1500 2964 alia
1548 2911 1886 2982 huiusmodi.

311 3001 481 3056 Multa
537 3000 622 3056 his
675 3001 828 3070 paria
876 3000 932 3054 in
979 2999 1209 3055 Psalmis
1262 3003 1570 3070 comperire
1611 3011 1716 3068 est,
1766 3019 1889 3073 qua:

311 3091 590 3165 prOplieta:
624 3090 938 3155 necessario
985 3089 1167 3144 studio
1213 3087 1518 3158 faciebant,
1564 3108 1674 3147 non
1708 3093 1884 3149 modi-

310 3198 430 3237 cam
475 3179 824 3234 audientibus
870 3190 1118 3234 creantes
1165 3180 1454 3236 utilitatem
1499 3197 1514 3236 :
1555 3199 1792 3256 namque
1830 3193 1890 3240 ut

308 3272 640 3328 calamitatis
665 3270 1022 3340 praedictione
1041 3271 1380 3340 territarent,
1408 3273 1680 3331 bonorum
1704 3284 1887 3334 autem

309 3363 728 3419 denuntiatione
760 3362 814 3416 in
839 3377 1002 3437 spem
1029 3363 1326 3433 erigerent.

378 3622 548 3680 Vsus.
589 3623 675 3678 15.
701 3621 929 3690 -Quid
962 3638 1091 3695 ergo
1131 3624 1240 3680 ait?
1269 3643 1295 3677 ι
1328 3622 1394 3681 Ει
1436 3626 1632 3698 loquar
1677 3625 1744 3681 ad
1793 3642 1891 3682 cor

307 3715 452 3785 ejus.
485 3734 506 3766 ι
555 3713 802 3781 Solabor,
828 3715 1024 3786 inquit,
1063 3717 1209 3772 illam
1239 3732 1361 3788 quae
1399 3718 1889 3775 inconsolabilibus

309 3803 660 3858 conﬂictatur
693 3806 872 3859 malis.
919 3823 940 3856 ι
979 3804 1044 3859 Et
1077 3805 1219 3862 dabo
1246 3808 1296 3863 ei
1332 3809 1721 3879 possessiones
1758 3823 1890 3864 suas

310 3892 533 3951 ibidem.
572 3914 592 3947 ι
652 3894 956 3950 Restituam
1009 3897 1159 3952 illam
1206 3899 1262 3954 in
1313 3901 1560 3970 priorum
1615 3903 1886 3956 bonorum

310 4000 494 4052 usum,
530 3987 842 4057 captivitate
875 3987 1136 4044 liberans.
1188 4008 1208 4042 ι
1259 3988 1326 4044 Et
1363 3992 1560 4046 vallem
1606 3992 1788 4046 Achor
1819 3992 1888 4048 ad

307 4077 657 4155 operiendam
694 4079 1108 4149 intelligentiam
1134 4080 1328 4150 ipsius.
1371 4101 1391 4132 ι
1429 4079 1596 4135 itaut
1623 4097 1888 4151 quaecun-

307 4184 414 4237 que
444 4168 540 4222 illo
577 4170 634 4223 in
681 4171 807 4224 loco
843 4173 1090 4241 perpessi
1140 4173 1380 4239 fuerunt,
1427 4191 1490 4230 ea
1519 4176 1776 4248 deinceps
1817 4177 1888 4234 ad

306 4258 706 4314 restitutionem
751 4261 806 4314 in
857 4261 1137 4317 meliorem
1172 4270 1375 4318 statum
1410 4275 1464 4320 et
1497 4267 1744 4336 priorum
1775 4269 1889 4324 cla-

303 4349 456 4404 dium
505 4350 938 4406 sublevationem
981 4361 1284 4410 vertantur.
1336 4353 1584 4413 Sentieut
1612 4359 1780 4426 enim,
1825 4367 1887 4414 ut

304 4453 404 4508 par
436 4448 540 4502 est,
563 4454 628 4494 ex
659 4439 762 4495 hac
805 4442 859 4496 in
905 4442 1101 4498 melius
1124 4448 1502 4514 conversione,
1534 4449 1681 4520 quod
1709 4457 1764 4505 et
1793 4450 1886 4506 illa

303 4531 481 4587 tristia
534 4547 644 4587 non
694 4533 907 4588 incuria
954 4550 1074 4590 mea
1112 4539 1321 4608 experti
1367 4537 1712 4606 fuerint,sed
1752 4542 1884 4614 quia

301 4623 546 4677 cadendo
578 4626 821 4693 Oportuit
848 4626 970 4682 illos
992 4637 1340 4697 peccatorum
1373 4629 1478 4702 14
1507 4648 1733 4688 suorum
1759 4649 1882 4690 sen-

303 4729 422 4768 sum
456 4715 756 4785 percipere.
781 4715 917 4770 Nam
951 4737 967 4770 ι
997 4721 1190 4773 vallem
1218 4721 1420 4783 Achor,
1459 4741 1476 4772 ι
1502 4723 1678 4778 locum
1703 4725 1887 4782 dicere

301 4808 538 4870 videtur,
568 4807 620 4859 in
661 4823 772 4877 quo
811 4812 1110 4878 praesertim
1141 4813 1522 4880 gravissimam
1555 4826 1884 4886 acceperant

302 4901 425 4956 belli
461 4899 712 4954 cladem:
761 4915 826 4954 ex
867 4917 974 4968 qua
1020 4912 1314 4958 consecuta
1372 4903 1547 4960 fuerat
1591 4908 1882 4977 captivitas

298 5008 420 5045 cum
451 4993 673 5062 propria
733 4992 1003 5046 malorum
1054 4997 1296 5065 sequela.
1340 4995 1519 5068 Atque
1549 5016 1618 5055 ex
1647 5000 1752 5056 hac
1778 5001 1884 5057 loci

298 5093 476 5151 parte,
511 5092 677 5138 totam
711 5083 927 5138 videtur
967 5083 1209 5154 ipsorum
1243 5087 1538 5158 designare
1562 5093 1838 5162 regionem
1867 5110 1881 5147 :

302 5176 353 5226 in
386 5189 492 5243 qua
524 5185 818 5246 postquam
851 5176 1142 5233 innumera
1183 5179 1253 5234 ab
1287 5180 1538 5239 hostibus
1580 5186 1727 5240 mala
1759 5201 1884 5256 per-

300 5265 448 5337 pessi
499 5265 734 5332 fuerant.
785 5271 841 5323 in
890 5271 1261 5341 captivitatem
1319 5276 1553 5348 denique
1585 5277 1655 5334 ab
1684 5279 1879 5336 iisdem

299 5355 517 5409 abducti
547 5356 785 5414 luerunt.
831 5379 850 5412 ι
883 5359 948 5415 Et
985 5363 1366 5422 humiliabitur
1421 5369 1533 5425 illic
1566 5370 1731 5442 juxta
1765 5373 1885 5430 dies

299 5445 543 5502 infantia:
591 5463 724 5514 suat,
757 5458 812 5504 et
837 5451 992 5521 juxta
1038 5455 1155 5514 dies
1208 5462 1553 5521 ascensionis
1598 5465 1773 5537 ipsius
1816 5467 1886 5524 de

298 5547 443 5595 terra
470 5538 710 5610 Egypti.
746 5559 764 5593 ι
793 5540 1060 5608 Quoniam
1086 5553 1353 5624 superbiae
1380 5557 1602 5615 nomine
1625 5559 1881 5633 indigitat

377 5698 418 5730 '°
442 5705 595 5763 Psal.
624 5720 751 5773 xxx,
787 5705 873 5759 to.

2001 461 2070 516 τὰ
2117 461 2315 515 ἐνώτια
2353 457 2545 530 αὐτῆς,
2567 459 2676 512 ’καὶ
2707 457 2776 511 τὰ
2815 455 3090 527 καθόρμια
3121 457 3310 528 αὐτῆς,
3341 459 3437 512 καὶ
3469 459 3598 514 ἑπο-

2003 553 2190 624 ρεύετο
2212 551 2388 604 ὀπίσω
2415 550 2523 603 τῶν
2544 547 2788 620 ἐραστῶν
2817 545 3006 617 αὐτῆςδ
3034 545 3169 617 ἐμοῦ
3196 547 3254 600 δὲ
3277 548 3596 616 ἐπελάθετο,

2000 641 2149 711 λέγει
2174 641 2400 711 Κύριος.
2453 658 2474 693 ι
2519 638 2704 693 Ταῦτα
2744 628 2802 692 δὲ
2848 636 3122 691 πείσονται
3166 637 3320 702 δίκας
3360 638 3596 717 διδόντες

2000 730 2141 802 ὑπὲρ
2161 724 2238 785 ὧν
2256 733 2371 794 τοῖς
2401 727 2638 792 εἰδώλοις
2659 728 2969 798 προσεῖχον,
2997 721 3079 789 οἷς
3101 725 3164 796 δὴ
3193 725 3294 790 τάς
3321 725 3514 792 θυσίας
3530 743 3598 782 τε

2001 822 2295 894 προσῆγον,
2327 820 2422 874 καὶ
2463 817 2800 889 πανηγύρεις
2839 818 2932 871 ἐπὶ
2975 819 3043 889 τῇ
3087 816 3292 871 τούτων
3325 817 3596 890 θρησκείᾲ

2000 913 2283 977 συνίστων,
2315 913 2519 983 κόσμον
2543 929 2604 964 τε
2634 908 3038 982 περιτιθέμενοι
3079 908 3352 976 πλεῖστον,
3379 910 3458 980 (p.
3493 910 3593 981 f9)

1997 1005 2090 1061 καὶ
2110 1003 2446 1074 πανηγύρεις
2471 1001 2826 1064 συνιστῶντες
2849 999 2944 1053 ἐπὶ
2968 1001 3033 1070 τῇ
3065 999 3175 1053 τῶν
3201 1000 3471 1071 δαιμόνων
3497 1001 3592 1056 θει-

1999 1097 2221 1170 ραπείᾳ,
2254 1095 2386 1167 ἐμοῦ
2413 1095 2470 1148 δὲ
2496 1095 2716 1166 μνήμην
2740 1091 2953 1164 ἔχοντες
2983 1092 3268 1163 οὐδεμίαν·
3302 1092 3450 1162 λέγει
3478 1094 3596 1170 γὰρ

1994 1191 2108 1251 τοῖς
2141 1187 2238 1258 μὲν
2271 1185 2485 1256 Βααλὶμ
2510 1184 2654 1238 τοῦτ’
2685 1183 2800 1237 ἐστι
2844 1185 2956 1246 τοῖς
2995 1181 3254 1248 εἰδώλοις,
3294 1185 3357 1236 ὲκ
3387 1184 3595 1256 μέρους

1994 1278 2062 1330 τὰ
2089 1277 2264 1330 πάντα
2295 1277 2495 1344 λέγων·
2529 1275 2766 1347 ἐραστὰς
2806 1267 2862 1328 δὲ
2891 1275 3132 1346 συνήθως
3161 1273 3420 1342 ὀνομάζει
3459 1276 3593 1340 τοὺς

1993 1363 2284 1434 δαίμονας·
2319 1362 2537 1434 εὔδηλον
2569 1361 2675 1434 γὰρ
2713 1364 2794 1418 ὅτι
2827 1364 2887 1416 ὲν
2914 1365 2981 1434 τῇ
3024 1363 3132 1417 τῶν
3158 1363 3392 1418 εἰδώλων
3425 1363 3594 1436 θερα-

1995 1456 2125 1528 πείᾳ
2168 1456 2418 1526 δαίμονες
2463 1451 2601 1526 ἦσαν
2651 1457 2700 1508 οί
2750 1455 3176 1527 θεραπευόμενοι
3220 1459 3352 1528 παρ’
3382 1457 3590 1512 αὐτῶν.

1999 1564 2017 1598 ι
2059 1546 2156 1599 Διά
2193 1545 2352 1599 τοῦτο
2391 1545 2500 1614 ἐγὼ
2541 1546 2727 1599 πλανῶ
2765 1545 2958 1617 αὐτὴν,
3003 1549 3097 1599 καὶ
3131 1547 3278 1614 τάξω
3311 1549 3482 1620 αὐτὴν
3509 1547 3596 1613 ὡς

1995 1637 2218 1709 ἔρημον.
2264 1657 2282 1690 ι
2315 1638 2672 1709 Αἰχμαλωσίᾳ
2703 1637 3033 1710 παραδώσω,
3068 1641 3251 1710 φησὶν,
3301 1639 3442 1694 ὥστε
3485 1635 3594 1695 αύ-

1993 1731 2092 1801 την
2135 1730 2351 1784 πάντων
2398 1730 2601 1802 ἔρημον
2653 1727 2816 1784 οὖσαν
2863 1733 2972 1787 τῶν
3017 1732 3239 1801 ἀγαθῶν
3281 1734 3594 1789 πλανᾶσθαι
3673 1737 3678 1740 ’

1995 1820 2133 1873 κατὰ
2165 1819 2262 1884 τὰς
2289 1819 2460 1884 ὁδοὺς,
2494 1820 2562 1883 ἀς
2609 1821 2874 1892 πρότερον
2903 1823 3004 1876 οὐκ
3054 1822 3247 1889 εἰδυῖα,
3279 1822 3375 1876 νῦν
3401 1822 3591 1880 ἀνύειν

1995 1908 2101 1962 ὑπὸ
2144 1908 2245 1978 τῆς
2290 1911 2575 1980 συμφορᾶς
2617 1909 2988 1979 ἠναγκάζετο-
3029 1906 3149 1964 εἷτα
3186 1911 3592 1981 καταμίγνυσιν

1991 2001 2058 2070 τῇ
2093 1999 2366 2069 ἀποφάσει
2408 2000 2508 2070 τῆς
2539 2001 2808 2072 τιμωρίας
2844 2001 2940 2054 καὶ
2971 2001 3071 2072 τὴν
3111 2001 3204 2054 ἐπὶ
3241 2000 3304 2054 τὸ
3336 2005 3591 2072 κρεῖττον

1996 2089 2322 2162 μεταϐολὴν,
2353 2089 2538 2154 καθὼς
2582 2090 2702 2154 ἔθος
2747 2094 2858 2155 τοῖς
2901 2092 3208 2163 προφήταις
3260 2095 3455 2158 ποιεῖν,
3493 2111 3591 2165 μι-

1997 2181 2286 2253 μουμένοις
2315 2183 2405 2236 καὶ
2437 2183 2579 2236 κατά
2607 2182 2868 2240 τοῦτοτὸν
2887 2185 3156 2256 μακάριον
3189 2183 3385 2240 Δαυῒδ,
3433 2185 3493 2251 ὃς
3522 2187 3588 2240 ὲν

1992 2273 2244 2342 Ψαλμοῖς
2273 2271 2408 2343 ὁμοῦ
2441 2289 2501 2324 τε
2535 2271 2791 2335 πολλάκις
2823 2272 2922 2336 τάς
2958 2273 3244 2344 συμφορὰς
3275 2273 3450 2343 ἔλεγε,
3486 2277 3590 2330 καὶ

1991 2364 2090 2434 τὴν
2131 2361 2282 2416 λύσιν
2332 2363 2673 2432 ὑπισχνεῖτο⁹
2711 2363 2787 2427 ὡς
2827 2365 2954 2417 ὅταν
2998 2365 3091 2417 ἐπὶ
3130 2363 3224 2417 τοῦ
3255 2365 3587 2436 τριακοστοῦ

1991 2453 2128 2526 λέγῃ
2150 2452 2396 2524 ψαλμοῦ’
2433 2471 2453 2505 ι
2499 2453 2751 2525 Ἐλέησόν
2800 2472 2891 2525 με,
2946 2454 3136 2526 Κύριε,
3168 2456 3250 2509 ὅτι
3292 2455 3585 2536 θλίϐομαι·

1992 2544 2371 2615 ἐταράχθησαν
2405 2547 2461 2597 ὲν
2490 2544 2644 2616 θυμῷ
2689 2546 2738 2598 οί
2779 2543 3044 2617 ὀφθαλμοί
3091 2563 3214 2617 μου,
3236 2549 3270 2619 ή
3299 2548 3444 2620 ψυχή
3472 2566 3589 2620 μου

1992 2637 2086 2690 καὶ
2115 2638 2148 2707 ή
2181 2637 2394 2708 γαστήρ
2428 2655 2529 2708 μου
2549 2649 2563 2665 ⁸
2595 2637 2676 2690 ὅτι
2703 2635 2949 2702 ἐξέλιπεν
2979 2640 3037 2692 ὲν
3061 2639 3278 2712 ὀδύνῃή
3312 2640 3422 2712 ζωή
3453 2659 3582 2713 μου,

1988 2725 2087 2780 καὶ
2122 2725 2192 2780 τά
2219 2725 2314 2797 ἕτη
2356 2744 2455 2797 μου
2486 2729 2544 2780 ὲν
2575 2731 2916 2800 στεναγμοῖς.
2948 2747 2967 2780 ι
3001 2729 3114 2783 Kal
3167 2729 3290 2784 καθ’
3341 2730 3468 2802 ἑξῆς
3511 2732 3589 2786 τὰ

1991 2817 2154 2890 ὅμοια
2179 2822 2418 2883 τούτοις⁶
2455 2815 2577 2873 εἶτα
2619 2819 2925 2892 προϐαίνων
2951 2820 3044 2874 τοῦ
3089 2820 3246 2892 λόγου
3272 2821 3414 2876 κατά
3442 2821 3588 2894 βρα-

1986 2907 2092 2979 χέα
2118 2907 2282 2980 φησίν
2301 2923 2314 2938 ·
2335 2927 2353 2960 ι
2383 2907 2686 2979 Εὐλογητὸς
2713 2909 2936 2981 Κύριος,
2981 2910 3058 2966 ὅτι
3091 2911 3480 2981 ὲθαυμάστωσε
3517 2912 3591 2966 τὸ

1993 2999 2138 3062 ἔλεος
2171 2998 2335 3052 αὑτοῦ
2361 3001 2420 3054 ὲν
2455 2999 2606 3052 πόλει
2631 3003 2909 3073 περιοχῆςο
2945 3021 2964 3054 ι
2998 3003 3092 3056 καὶ
3119 3002 3240 3056 καθ’
3271 3001 3396 3072 ἑξῆς
3420 3001 3477 3056 δὲ
3511 3002 3590 3057 τὰ

1988 3090 2151 3162 ὃμοια
2191 3089 2433 3155 τούτοιςο
2479 3089 2648 3143 πολλά
2692 3091 2750 3144 δὲ
2794 3092 3017 3146 τοιαῦτα
3063 3093 3154 3146 ἐπὶ
3196 3094 3304 3147 τῶν
3331 3093 3588 3165 Ψαλμῶν

1987 3181 2136 3254 εὖροι
2172 3198 2254 3244 τις
2279 3181 2345 3235 ἀν
2364 3199 2377 3212 ·
2409 3180 2552 3253 ἅπερ
2585 3176 2678 3236 οὖν
2709 3183 3023 3251 ἀναγκαίως
3061 3183 3344 3254 ἐζήλωσαν
3365 3185 3416 3238 οί
3445 3201 3586 3257 προ-ι

1988 3277 2174 3346 φῆται,
2202 3274 2282 3348 (p.
2314 3275 2408 3347 20)
2438 3275 2636 3348 πολλὴν
2665 3280 2775 3340 τοῖς
2805 3277 3061 3332 ἀκούουσι
3089 3279 3450 3351 παρεχόμενοι
3477 3279 3587 3351 τήν

1987 3367 2206 3440 χρείαν
2241 3367 2318 3432 ὡς
2349 3367 2415 3422 ἂν
2443 3368 2531 3422 διὰ
2563 3370 2662 3440 μὲν
2693 3369 2803 3426 τῶν
2844 3372 2942 3443 τῆς
2991 3374 3277 3443 συμφορᾶς
3317 3373 3584 3444 ῥημάτων

1989 3459 2230 3528 φοϐοῖεν·
2262 3459 2352 3513 διὰ
2375 3459 2432 3514 δὲ
2455 3459 2556 3530 τῆς
2583 3459 2693 3516 τῶν
2721 3462 2942 3531 ἀγαθῶν
2976 3463 3330 3533 ἐπαγγελίας,
3359 3463 3583 3518 εὐέλπι-

1982 3551 2082 3616 δας
2113 3554 2337 3608 ποιοῖεν.

2057 3643 2209 3715 Στίχ.
2242 3649 2324 3698 ιε’.
2357 3674 2428 3686 -
2463 3644 2529 3698 Τί
2583 3639 2677 3698 οὖν
2708 3661 2876 3716 φησι;
2905 3663 2924 3697 ι
2947 3645 3058 3699 Καὶ
3087 3644 3304 3718 λαλήσω
3345 3648 3438 3700 ἐπὶ
3473 3647 3582 3718 τὴν

1987 3734 2215 3807 καρδίαν
2251 3735 2446 3806 αὐτῆς.
2487 3755 2507 3789 ι
2535 3735 2950 3807 Παρακαλέσω,
3007 3737 3196 3809 φησιν,
3231 3736 3400 3809 αὐτὴν
3433 3741 3584 3808 μετά

1983 3825 2163 3894 τοῦτο,
2185 3827 2640 3898 ἀπαραμυθήτως
2661 3826 2997 3881 παλαίουσαν
3031 3829 3144 3891 τοῖς
3173 3830 3384 3892 κακοῖς.
3418 3847 3438 3883 ι
3462 3831 3582 3885 Καὶ

1985 3915 2141 3983 δώσω
2172 3918 2309 3989 αὐτῇ
2346 3917 2417 3972 τά
2440 3920 2699 3990 κτήματα
2740 3918 2909 3990 αὐτῆς
2937 3915 3169 3975 ἐκεῖθεν.
3211 3938 3231 3972 ι
3265 3920 3579 3993 ’Δποκαταο

1989 4009 2169 4080 στήσω
2193 4009 2356 4063 πάλιν
2377 4009 2547 4081 αὐτὴν
2569 4011 2662 4064 ἐπὶ
2681 4010 2780 4083 τήν
2804 4011 2912 4066 τῶν
2940 4010 3222 4082 προτέρων
3247 4013 3580 4082 ἀπόλαυσιν,

1987 4100 2086 4170 τῆς
2101 4100 2474 4171 αἰχμαλωσίας
2495 4102 2798 4168 ὲκσπάσας.
2826 4122 2844 4155 ι
2869 4105 2980 4158 Kal.
3011 4104 3107 4177 τὴν
3137 4105 3356 4162 κοιλάδα
3371 4107 3578 4182 Ἀχὼρ,

1983 4189 2246 4255 διανοῖξαι
2277 4189 2495 4245 σύνεσιν
2535 4191 2722 4263 αὐτῆς.
2756 4211 2777 4245 ι
2840 4193 3002 4248 ’Ὥστε
3047 4196 3220 4252 ὁπόσα
3263 4199 3382 4251 κατ’
3427 4199 3581 4252 ἐκεῖά

1992 4293 2082 4337 νυν
2108 4281 2414 4335 πεπόνθασι
2458 4281 2550 4336 τὸν
2582 4282 2770 4348 τόπον,
2811 4285 3134 4340 συντελέσαι
3161 4286 3346 4341 λοιπὸν
3386 4289 3580 4354 αὐτοῖς

1990 4373 2070 4437 εἰς
2103 4371 2385 4444 βελτίωσιν
2408 4375 2503 4427 καὶ
2520 4374 2805 4446 διόρθωσιν
2837 4375 2946 4431 τῶν
2976 4376 3386 4448 προειληφότων
3415 4397 3581 4436 πται-

1990 4465 2242 4534 σμάτων
2278 4465 2633 4537 αἰσθήσονται
2685 4467 2814 4539 γὰρ,
2841 4468 2920 4532 ὡς
2966 4467 3135 4533 εἰκὸς,
3163 4471 3228 4524 ὲκ
3265 4471 3366 4541 τῆς
3394 4471 3488 4525 ἐπὶ
3510 4471 3583 4526 τὺ

1986 4558 2232 4627 κρεῖττον
2254 4557 2578 4629 μεταϐολῆς,
2616 4558 2696 4612 ὅτι
2722 4559 2944 4614 καὶτῶν
2983 4561 3244 4633 λυπηρῶν
3281 4562 3382 4616 οὐκ
3419 4563 3580 4617 ἒπει-

1989 4645 2229 4718 ράθησαν
2263 4647 2330 4702 δι’
2372 4649 2634 4720 ἀμέλειαν
2673 4649 2832 4721 ἐμὴν,
2873 4650 2989 4704 ἀλλ’
3013 4653 3201 4724 ἐπειδὴ
3236 4652 3580 4719 πταίσαντας

1985 4737 2235 4810 αἴσθησιν
2255 4739 2426 4810 ἐχρῆν
2440 4739 2550 4796 τῶν
2563 4741 2980 4812 ἁμαρτημάτων
2995 4741 3181 4796 λαϐεῖν
3201 4743 3311 4798 τῶν
3329 4747 3444 4798 οίκε
3452 4744 3577 4800 ίων·

1985 4827 2046 4881 τὸ
2067 4827 2176 4901 γὰρ
2206 4847 2226 4880 ι
2251 4829 2470 4884 κοιλάδα
2502 4830 2702 4903 Ἃχὼρ,
2737 4851 2754 4883 ι
2784 4833 2948 4888 τόπον
2979 4833 3121 4888 ἔοικε
3151 4835 3330 4906 λέγειν
3352 4838 3409 4890 ὲν
3437 4829 3483 4905 ᾧ
3507 4837 3580 4906 δὴ

1989 4919 2225 4992 μάλιστα
2241 4921 2340 4993 τὴν
2361 4922 2672 4996 βαρυτάτην
2691 4925 2939 4992 ἐδέξαντο
2958 4926 3055 4980 τοῦ
3076 4927 3317 4999 πολέμου
3337 4931 3548 5000 τροπήν
3561 4947 3577 4961 ο

1983 5011 2058 5075 ὡς
2083 5013 2447 5086 ἀκολουθῆσαι
2472 5017 2572 5088 τήν
2597 5033 2654 5070 τε
2684 5019 3065 5090 αἰχμαλωσίαν
3085 5059 3100 5084 ,
3145 5021 3238 5075 καὶ
3265 5021 3332 5075 τὰ
3359 5020 3584 5076 ἐκεῖθεν

1985 5105 2132 5158 κακὰ
2181 5105 2368 5161 λοιπόν
2392 5125 2406 5138 ·
2437 5107 2512 5173 ὡς
2567 5111 2734 5176 εἰκὸς,
2783 5114 2848 5165 ὲκ
2880 5112 3082 5185 μέρους
3121 5114 3262 5167 κατά
3289 5114 3349 5168 τὸ
3382 5113 3582 5179 εἰωθὸς

1986 5197 2165 5250 πᾶσαν
2193 5197 2373 5253 αὐτῶν
2390 5200 2566 5254 καλῶν
2597 5201 2694 5272 τὴν
2725 5204 2802 5273 (p.
2831 5204 2923 5269 21)
2952 5204 3137 5276 χώραν
3155 5223 3167 5235 ·
3208 5201 3316 5279 ἕνῇ
3341 5204 3580 5261 πλεῖστα

1984 5288 2084 5342 ὅσα
2101 5290 2251 5362 παρά
2266 5290 2371 5344 τῶν
2387 5291 2660 5362 πολεμίων
2678 5295 3160 5368 ύπομεμενηκότες
3180 5299 3346 5364 κακά,
3359 5298 3451 5351 ἐπὶ
3471 5298 3580 5369 τὴν

1984 5379 2357 5449 αἰχμαλωσίαν
2375 5382 2698 5455 ἀπήχθησαν
2724 5385 2828 5438 ὑπὸ
2856 5386 2964 5439 τῶν
2988 5386 3317 5458 πολεμίων.ι
3344 5388 3456 5442 Kal.
3484 5405 3581 5445 ται·

1985 5468 2377 5542 πεινωθήσεται
2395 5472 2513 5526 ἐκεῖ
2534 5473 2674 5527 κατά
2693 5475 2790 5539 τὰς
2807 5475 3020 5547 ἡμέρας
3036 5478 3359 5550 νηπιότητος
3375 5477 3576 5548 αὐτῆς.

1985 5559 2230 5617 καὶκατά
2255 5561 2355 5642 τὰς
2385 5563 2600 5636 ἡμέρας
2632 5565 2949 5632 ἀναϐάσεως
2974 5569 3146 5641 αὐτῆς
3179 5573 3245 5625 ὲκ
3277 5569 3378 5640 γῆς
3401 5567 3572 5640 Alfi»-
3607 5569 3614 5575 ‘
