3920 6130
218 305 312 362 lia

1252 301 1806 362 COMMENTANUS
1839 300 1905 355 ΙΝ
1944 298 2148 358 σει-λι
2188 295 2343 356 CAP.
2383 297 2473 353 IV.

3361 285 3462 342 ιω

215 418 335 492 περὶ
377 418 473 490 ne
507 417 816 491 θεραπείας
854 419 1001 490 ὑμᾶς
1031 419 1261 488 ἐκβαλῶ,
1304 421 1532 492 μακρὰν.
1566 420 1655 476 διά
1683 418 1782 490 τῆς

1907 416 2062 479 :istis,
2111 415 2192 472 sic
2236 429 2337 486 ego
2365 424 2584 483 quoque
2619 424 2717 466 vos
2751 420 2782 462 a
2814 405 2969 462 cultu
3012 415 3142 459 meo
3171 401 3460 473 expellam,

217 509 573 581 αἰχμαλωσίας
609 511 850 580 ποιήσας
881 510 992 563 τῶν
1021 511 1218 575 τόπων,
1265 513 1323 568 ιν
1371 508 1454 575 οἷς
1493 508 1791 581 ἱερατεύειν

218 605 346 673 ὑμᾶς
370 599 649 671 προσῆκον
673 595 744 670 ἦν
774 601 920 671 ἐμοί.
954 600 1123 654 Τοῦτο
1147 601 1294 668 λέγει
1323 602 1442 672 ea“
1478 602 1791 676 ’Δπώσομαί

217 711 269 749 σε
291 691 394 746 τοῦ»
419 691 496 763 μὴ
527 691 836 762 ἱερατεύειν
869 709 984 762 μοι.
1011 711 1029 744 ι
1062 693 1280 766 Ἐπειδὴ
1296 691 1405 764 γὰρ
1421 693 1597 748 κοινὸν
1623 694 1794 750 ἀπάν-

214 801 310 838 των
336 781 531 852 κέρδος
558 785 595 852 ἡ
620 784 889 853 ἱερατεία,
922 784 1100 848 καθὼς
1127 787 1156 837 ό
1183 786 1449 856 μακάριος
1478 786 1626 855 λέγει
1654 786 1794 841 Παῦο

216 869 313 935 λος,
347 868 432 922 διὰ
456 869 623 922 τοῦτο
652 870 859 938 ὀφείλει
888 871 1075 946 ὥσπερ
1101 873 1240 945 ὑπὲρ
1263 874 1476 939 ἑαυτοῦ,
1504 874 1676 939 οὕτως
1700 878 1794 930 καὶ¹

217 960 313 1014 τῶν
359 959 453 1012 τοῦ
517 959 651 1013 λαοῦ
703 963 1038 1033 προσφέρειν
1094 964 1454 1036 ἀγνοημάτων
1491 985 1506 1000 ο
1571 968 1794 1032 εἰκότως

221 1050 455 1113 amna;
487 1050 895 1106 ἀποϐάλλεσθαι
924 1055 1021 1124 τῆς
1057 1055 1353 1126 ἱερωσύνης
1380 1057 1548 1126 λέγει,
1578 1075 1792 1112 πεπαυ-

222 1142 378 1212 μένης
421 1142 681 1212 ἐκείνης·
732 1144 921 1216 ἐπειδὴ
959 1144 1149 1219 ῶσπερ
1189 1151 1447 1221 γινομένη
1476 1150 1653 1204 κοινὸν
1681 1147 1795 1221 εἶχε

220 1233 271 1285 τὸ
299 1233 513 1303 item,
545 1232 694 1288 οὕτω
714 1236 809 1288 καὶ
850 1239 1132 1309 παυομένη
1163 1240 1348 1311 κοινὴν
1395 1241 1650 1295 ἀποτελεῖ
1696 1244 1794 1314 τὴν

222 1323 437 1394 ζημίαν.
487 1343 508 1376 ι
528 1325 639 1378 Καὶ
667 1326 932 1382 ἐπελάθου
963 1329 1127 1399 νόμου
1157 1331 1290 1384 Θεοῦ
1317 1349 1430 1384 σουο
1469 1333 1794 1404 ἐπιλήσομαι

220 1410 415 1470 ﬁbri/nov
448 1431 547 1467 σου
578 1415 756 1483 κάγώ.
801 1437 824 1469 ι
887 1421 1432 1492 Παραλογισαμένους
1478 1423 1549 1477 τά
1589 1425 1798 1495 νόμιμα

223 1502 286 1554 τὰ
310 1504 439 1572 ἐμὰ,
467 1506 537 1562 ἔν
557 1505 734 1559 οὐδενὶ
763 1511 1056 1581 ποιήσομαι
1090 1511 1249 1582 λόγῳ.
1288 1531 1305 1564 ι
1327 1513 1481 1568 Κατά
1507 1513 1569 1568 τὸ
1596 1516 1796 1586 πλῆθος

224 1591 416 1656 αὒτιῖιν,
448 1592 625 1659 οὕτως
653 1597 899 1668 ἥμαρτον
932 1617 1042 1669 μοι.
1076 1621 1094 1652 ι
1149 1602 1257 1654 Καὶ
1291 1603 1397 1674 γὰρ
1429 1605 1614 1657 πολλοί
1653 1624 1797 1671 τινες

226 1683 313 1734 καὶ
334 1683 702 1756 ἀναρίθμητοι
747 1687 835 1741 δια
880 1688 981 1758 τῆς
1023 1691 1348 1761 κηδεμονίας
1377 1695 1662 1763 γεγονότες
1698 1696 1797 1766 τῆς

225 1773 390 1846 ιμῆς,
435 1774 556 1828 δέον
595 1778 982 1846 ἐπιγινώσκειν
1027 1782 1118 1835 τὸν
1160 1784 1364 1856 ταύτης
1408 1786 1590 1850 αὐτοῖς
1630 1789 1797 1842 αἴτιον

230 1864 476 1932 γεγονότα
502 1866 607 1936 τῆς
641 1867 850 1940 δωρεᾶς
872 1888 884 1901 ·
935 1874 982 1926 οἱ
1020 1874 1076 1926 δὲ
1102 1875 1360 1944 ἀνάλογον
1392 1878 1470 1949 τῷ
1499 1880 1692 1952 πλήθει
1722 1881 1798 1953 τῷ

229 1954 400 2024 οἰκείῳ
424 1954 530 2026 τὴν
556 1956 640 2019 εἰς
669 1959 770 2028 ἐμὲ
802 1961 1144 2031 παρανομίαν
1179 1963 1518 2029 ἐπεδείξαντο
1537 2007 1552 2031 ,
1599 1967 1799 2039 πολλήν

231 2061 341 2096 τινα
357 2047 449 2097 καὶ
472 2045 787 2120 ἀμέτρητον
811 2049 980 2121 αὐτὴν
1002 2053 1380 2124 ἐργασάμενοι.
1413 2056 1476 2109 Τί
1497 2053 1622 2123 οὖν,
1661 2059 1799 2130 «Τὴν

229 2133 371 2200 δόξαν
397 2134 581 2195 αὐτῶν
608 2139 692 2200 εἰς
721 2139 944 2209 ἀτιμίαν
973 2140 1259 2212 θήσομαι.»
1304 2145 1435 2198 Ἀπὸ
1462 2147 1570 2200 τῶν
1605 2148 1798 2219 προτέ-

232 2242 331 2295 ρων
359 2225 584 2294 ἀγαθῶν
611 2229 693 2290 εἰς
723 2229 980 2300 χειρόνων
1011 2236 1200 2304 πεῖραν
1228 2235 1420 2300 αὐτοὺς
1450 2240 1796 2309 καταστήσω.

233 2334 248 2364 r
283 2317 591 2389 Ἀμαρτίας
615 2320 754 2375 λαοῦ
782 2338 882 2390 μου
915 2323 1196 2392 φάγονται.
1225 2346 1247 2380 ι
1293 2334 1369 2398 (p.
1404 2328 1493 2398 32)
1529 2329 1645 2383 Ἵνα
1672 2330 1801 2402 εἴπῃ

225 2408 318 2472 ὅτι,
361 2408 609 2495 τοιαύτα
635 2409 693 2470 δὲ
717 2414 762 2465 ’ὁ
791 2413 918 2476 λαὸς
947 2417 975 2467 ὁ
1013 2416 1141 2489 ἐμὸς
1181 2419 1518 2490 ἡμαρτηκὼς
1566 2423 1644 2485 εἰς
1678 2422 1798 2495 ἐμὲ,

225 2498 489 2567 ἀνᾶλογον.
516 2493 592 2554 ὧν
628 2502 894 2574 πεποίηκε
917 2505 1144 2575 λήψεται
1167 2510 1257 2561 τὸν
1286 2512 1514 2582 καρπόν·
1545 2493 1800 2566 τοιούτων

226 2589 534 2656 ἀπολαύαας
567 2593 817 2666 καρπῶν,
839 2591 927 2650 οἷά
955 2615 1057 2669 περ
1075 2599 1310 2672 ἕσπιρε·
1336 2603 1396 2656 τὸ
1421 2603 1529 2674 γὰρ
1549 2623 1567 2654 ι
1605 2604 1802 2675 Ἄμαρ-

226 2680 334 2745 τίας
371 2681 520 2752 laevi;
552 2702 657 2755 μου
697 2686 980 2755 φάγονται,
1013 2708 1033 2740 ι
1070 2693 1189 2745 ἀντὶ
1216 2692 1330 2757 τοῦ,
1367 2693 1634 2749 Τοιούτων
1665 2697 1800 2754 ἀπο-

228 2770 511 2838 λαύσουσιν
539 2779 592 2830 οἱ
628 2778 723 2833 τοῦ
752 2779 878 2834 λαοῦ
907 2799 1010 2854 μου
1044 2779 1132 2839 οἷά
1158 2802 1263 2858 περ
1291 2787 1557 2859 ἥμαρτον.

291 2945 436 3017 Στίχ.
481 2948 655 3004 θίοιανε
697 2983 767 2992 —
800 2971 818 3004 ι
854 2955 962 3007 Καὶ
1010 2958 1067 3013 ἐν
1115 2960 1232 3021 ταῖς
1281 2958 1574 3031 ἁμαρτίαις
1624 2963 1806 3017 αὐτῶν.

1893 506 2084 578 procul
2135 520 2238 561 vos
2269 512 2491 574 propter
2533 501 2901 574 captivitatem
2936 497 3006 552 ab
3054 497 3123 551 iis
3161 494 3297 549 locis
3331 492 3460 547 sub-

1892 610 2153 658 movens,
2174 595 2229 656 in
2260 592 2464 664 quibus
2496 607 2609 646 rem
2660 589 2794 644 mibi
2839 601 3052 643 sacram
3095 600 3123 638 a
3154 583 3310 638 vobis
3345 580 3460 636 licri

1892 688 2251 744 constitutum
2281 687 2475 748 fuerat.
2510 683 2625 738 Hoc
2652 680 2960 752 signiﬁcant
2987 677 3175 743 verba,
3211 693 3229 727 ι
3269 672 3462 744 Repel-

1893 779 2000 834 lam
2035 787 2090 834 te
2127 778 2420 846 quominus
2452 772 2762 832 sacerdotio
2803 769 3050 841 fungaris
3081 766 3236 822 mihi.
3270 784 3290 816 ι
3326 762 3461 818 Nam

1894 870 2022 941 quia
2044 883 2336 926 commune
2366 868 2577 922 luctum
2606 871 2690 919 est
2723 860 3112 923 sacerdotium,
3141 863 3302 928 prout
3335 855 3464 910 bea-

1894 969 1983 1018 tus
2017 960 2222 1016 Paulus
2263 960 2361 1022 ait,
2398 973 2460 1013 ac
2511 967 2796 1028 propterea
2839 952 2999 1009 debet
3042 949 3300 1005 sacerdos
3348 956 3462 1000 tum

1897 1069 1994 1126 pro
2017 1061 2230 1118 se,tum
2263 1052 2429 1107 etiam
2458 1065 2558 1122 pro.
2590 1049 2774 1120 populi
2806 1044 3132 1117 ignorantiis
3169 1041 3367 1098 oﬂerre
3388 1041 3460 1092 “:

1895 1147 2092 1202 merito
2155 1153 2392 1201 cunctos
2439 1144 2508 1198 de
2563 1140 2870 1200 sacerdotio
2923 1136 3120 1208 expelli
3185 1134 3338 1195 dicit,
3392 1132 3467 1187 si-

1894 1241 2114 1311 quando
2181 1241 2284 1295 hoc
2340 1237 2594 1294 desinit:
2642 1250 2766 1292 nam
2820 1233 2980 1290 sicuti
3041 1229 3170 1284 dum
3227 1227 3464 1287 exsistit,

1895 1345 2240 1386 communem
2275 1327 2476 1400 praebet
2520 1325 2837 1388 utilitatem,
2877 1323 2958 1378 sic
3004 1321 3282 1382 desinens,
3315 1333 3469 1372 com—

1897 1437 2058 1478 mune
2079 1422 2467 1476 detrimentum
2512 1417 2676 1489 parit.
2715 1434 2737 1468 ι
2785 1412 2851 1471 Et
2890 1413 3055 1468 oblita
3097 1426 3158 1467 es
3204 1409 3338 1480 legis
3371 1407 3465 1461 Dei

1897 1512 2016 1579 tui;
2049 1511 2350 1568 obliviscar
2394 1510 2631 1563 ﬁliorum
2673 1515 2891 1561 tuorum
2933 1512 2988 1562 et
3035 1517 3157 1573 ego.
3197 1499 3352 1555 rEos
3376 1499 3470 1568 qui

1899 1605 2137 1676 legitima
2199 1619 2322 1658 mea
2392 1600 2881 1671 transgredientur,
2949 1595 3107 1651 nihili
3166 1591 3467 1652 aestimabo.

1905 1715 1924 1748 ι
1965 1695 2276 1750 Secundum
2309 1691 2716 1748 multitudinem
2762 1689 2866 1763 ει
2917 1687 3243 1752 eorum,_sic
3284 1698 3472 1754 pecca-

1899 1795 2092 1842 verunt
2119 1783 2274 1839 mibi.
2320 1802 2338 1834 ι
2377 1783 2512 1837 Cum
2546 1781 2724 1846 multi,
2767 1782 2876 1834 imo
2923 1777 3370 1840 innumerabiles,
3401 1774 3476 1828 ob

1899 1875 2298 1948 providentiam
2357 1889 2530 1929 meam
2570 1871 2697 1926 facti
2734 1877 2938 1932 essent,
2977 1884 3190 1940 equum
3228 1866 3471 1936 profecto

1900 1974 2039 2032 erat,
2073 1976 2132 2019 ut
2162 1965 2325 2035 hujus
2359 1963 2602 2018 muneris
2646 1971 2925 2016 auctorem
2966 1965 3390 2030 cognoscerent;
3418 1966 3474 2010 at

1899 2058 1977 2113 illi
2004 2064 2217 2121 contra,
2247 2071 2430 2127 parem
2457 2069 2685 2110 numero
2709 2069 2808 2108 suo
2833 2052 3174 2123 iniquitatem
3203 2051 3471 2104 adversus

1899 2169 1986 2210 me
2031 2161 2510 2223 exprompserunt,
2562 2150 2786 2204 multam
2836 2147 3046 2203 scilicet
3089 2155 3143 2201 et
3205 2143 3471 2198 inﬁnitam

1900 2253 2202 2316 patrantes.
2244 2241 2386 2309 Quid
2426 2241 2601 2312 ergo?
2635 2261 2653 2292 ι
2693 2239 2934 2295 Gloriam
2979 2253 3167 2293 eorum
3219 2237 3273 2291 in
3319 2237 3471 2306 igno-

1901 2333 2124 2388 miniam
2155 2332 2520 2387 commutabo.
2567 2349 2586 2382 ι
2631 2330 2669 2383 Α
2703 2329 2980 2400 prioribus
3009 2329 3169 2384 bonis
3207 2328 3468 2398 delectos,

1901 2425 2088 2496 pejora
2138 2423 2337 2479 faciam
2378 2423 2637 2493 experiri.
2675 2441 2693 2473 ι
2727 2421 2957 2477 Peccata
2999 2421 3183 2492 populi
3236 2420 3338 2474 mei
3375 2434 3470 2472 c0-

1901 2516 2137 2571 medent.
2159 2534 2178 2568 ι
2201 2513 2367 2582 Quasi
2384 2514 2553 2575 dicat,
2571 2513 2719 2566 Talia
2743 2511 2974 2582 populus
2991 2525 3144 2565 meus
3163 2525 3287 2563 cum
3311 2508 3365 2562 in
3389 2523 3474 2561 me

1903 2607 2223 2677 peccaverit,
2237 2620 2534 2676 congruum
2553 2603 2713 2659 factis
2724 2603 2840 2658 suis
2857 2602 3092 2657 fructum
3105 2601 3388 2672 percipiet;
3403 2609 3479 2653 ta~

1903 2699 1981 2753 les
1995 2714 2187 2768 nempe
2210 2698 2424 2752 fructus
2440 2695 2686 2767 capiens,
2700 2696 2861 2766 quale
2884 2708 3065 2750 semen
3082 2694 3234 2764 jecit.
3249 2692 3381 2746 Nam
3399 2692 3477 2746 io-

1903 2791 2071 2854 cutio,
2091 2811 2108 2843 ‹
2127 2791 2354 2845 Peccata
2375 2789 2558 2859 populi
2577 2789 2680 2843 mei
2705 2787 3009 2852 comedent,
3023 2803 3042 2838 ι
3065 2785 3382 2856 perindeest
3398 2793 3478 2837 at-

1905 2897 2029 2950 qtte,
2049 2881 2273 2935 Talibus
2286 2897 2346 2950 pc
2358 2881 2565 2932 ri'uetur
2583 2879 2812 2947 populus
2831 2893 3002 2940 meus,
3016 2877 3193 2946 qualia
3208 2873 3474 2946 peccavit.

1981 2974 2144 3028 Vsus.
2187 2973 2340 3026 9o”.
2379 2999 2447 3012 -——-
2479 2988 2496 3020 t
2535 2969 2600 3022 Et
2632 2971 2686 3023 in
2729 2969 3110 3038 iniquitatibus
3153 2981 3343 3022 eorum
3387 2978 3478 3018 ac-

228 3033 479 3151 λήᾥονται
511 3040 665 3151 {nos
684 3042 863 3151 ιὲυχὰς
889 3046 1084 3100 αὐτῶν.
1129 3066 1148 3098 ι
1191 3049 1358 3120 ’Υπὲρ
1382 3051 1490 3122 γὰρ
1521 3045 1595 3106 ὧν
1621 3054 1802 3126 ήμάρ-

1907 3065 2112 3135 cipient
2153 3061 2246 3115 alii
2282 3060 2498 3115 animas
2528 3057 2793 3128 ipsorum.
2825 3033 2848 3108 ἶ
2884 3054 3130 3126 Namque
3152 3055 3222 3109 ob
3263 3067 3327 3108 ea
3358 3065 3480 3122 qua

228 3143 377 3180 τανον
403 3130 486 3193 είς
534 3131 658 3200 ἐμὲ,
692 3133 761 3185 δι’
794 3136 996 3208 ἐτέρων
1030 3136 1256 3192 δώσουσι
1281 3140 1436 3211 δίκην
1460 3141 1566 3195 τῶν
1593 3144 1803 3198 ὲπιέναι

233 3217 527 3285 μελλόντων
568 3223 760 3288 αὐτοῖς
809 3226 1103 3298 πολεμίων,
1142 3250 1164 3283 ι
1212 3231 1322 3285 Καὶ
1361 3232 1508 3286 ἔσται
1555 3234 1734 3298 καθὼς
1778 3237 1807 3289 ό

229 3307 370 3374 λαὸς,
401 3311 577 3376 οὕτως
627 3317 721 3368 καὶ
758 3317 787 3370 ὁ
822 3318 1019 3389 ἱερεύς.
1064 3340 1082 3372 ι
1136 3322 1225 3376 Ἐν
1272 3323 1510 3396 τοσαύτῃ
1553 3325 1808 3395 συγχύσει

228 3415 286 3451 τε
308 3402 402 3456 καὶ
435 3406 697 3475 συμφορᾷ
728 3405 818 3460 διὰ
849 3409 947 3478 τῆς
970 3411 1343 3482 αἰχμαλωσίας
1369 3415 1705 3483 γενήσονται,
1733 3418 1809 3481 ὡς

236 3491 365 3560 μηδὲ
411 3492 546 3563 μίαν
577 3491 722 3549 εἶναι
776 3500 1147 3570 ίερατεύοντός
1192 3521 1252 3557 τε
1293 3507 1388 3560 καὶ
1430 3507 1525 3560 τοῦ
1566 3507 1670 3560 ὑπὸ
1716 3509 1810 3579 τὴν

235 3580 532 3654 ἱερωσύνην
573 3584 871 3657 διαφοράν·
906 3589 1001 3644 ἆτε
1044 3593 1267 3662 μηδενὸς
1303 3597 1399 3666 μὲν
1435 3596 1542 3650 τῶν
1575 3598 1633 3650 ὲν
1665 3598 1812 3670 ἱεραο

231 3672 345 3742 τείᾳ
381 3673 506 3746 θείᾳ
564 3681 954 3750 προσηκόντων
988 3687 1269 3755 γινομένου
1313 3689 1455 3754 τότε,
1493 3691 1710 3744 πάντων
1752 3690 1810 3746 δὲ

321 3764 420 3834 τῆς
457 3767 843 3837 αἰχμαλωσίας
870 3777 1125 3846 συμφορᾷ
1160 3778 1555 3849 περικειμένων
1587 3781 1808 3851 ὁμοίως.

241 3869 257 3900 ι
298 3852 409 3910 Καὶ
436 3854 715 3926 ἐκδικήσω
741 3860 826 3912 ἐπ’
853 3862 1050 3926 αὐτοὺς
1079 3863 1176 3928 τὰς
1211 3865 1361 3931 ὁδοὺς
1392 3869 1592 3936 αὐτῶν,
1620 3872 1712 3925 καὶ
1743 3871 1820 3930 τὰ,

233 3943 511 4036 διαϐούλια
557 3948 739 4003 αὐτῶν
784 3953 1149 4009 ἀνταποδώσω
1183 3959 1384 4025 αὐτοῖς.
1422 3981 1440 4014 ι
1490 3961 1812 4036 Τιμωρήσσ-

237 4049 341 4100 μαι
353 4034 464 4104 γὰρ
499 4037 698 4101 αὐτοὺς
720 4039 960 4110 ἀνάλογα
988 4038 1069 4108 οἷς
1093 4064 1152 4100 τε
1181 4049 1522 4106 ἐϐουλεύοντο
1547 4034 1814 4110 ἐπιτελεῖν

236 4127 336 4227 καὶ
369 4127 701 4227 προῄρηντο.
749 4153 766 4184 ι
801 4135 1210 4227 Καιῌφάγονται
1247 4145 1342 4198 καὶ
1387 4147 1452 4207 οὐΔ
1487 4148 1563 4219 μὴ
1604 4149 1815 4221 ἐμπλη-

236 4213 450 4309 σθῶσιν.
492 4236 515 4268 ι
554 4220 865 4275 Ἀπαυστον
887 4225 1068 4291 ἕξουσι
1107 4229 1219 4284 τῶν
1247 4233 1430 4290 κακῶν
1596 4213 1810 4309 πεῖραν,

235 4305 318 4357 ἀεὶ
344 4309 460 4371 τοις
503 4309 741 4379 πρώτοις
784 4317 1223 4389 προστιθεμένων
1269 4305 1600 4395 ἑτέρωνο-ὲκ
1653 4305 1816 4398 μετα-

1909 3158 1966 3213 in
2002 3171 2087 3210 me
2128 3159 2450 3224 peccarunt,
2494 3151 2755 3206 ultionem
2803 3148 2874 3204 ab
2902 3148 3026 3202 aliis
3073 3147 3355 3218 patientur
3381 3144 3479 3201 ho-

1909 3248 2110 3310 stibus,
2136 3244 2229 3315 qui
2266 3248 2620 3310 consurgent.
2651 3259 2668 3293 ι
2709 3239 2771 3294 Et
2803 3239 2908 3295 erit
2939 3239 3084 3294 sicut
3114 3237 3367 3307 populus,
3400 3235 3480 3288 sic

1910 3337 2188 3395 sacerdos.
2222 3356 2242 3388 ι
2271 3335 2327 3388 in
2351 3332 2736 3388 confusionem
2763 3338 2968 3385 tantam
3001 3329 3481 3396 caiamitatemque

1909 3428 2201 3485 devenient
2231 3434 2454 3496 propter
2482 3423 2883 3493 captivitatem,
2913 3428 2974 3474 ut
3001 3419 3150 3473 nulia
3181 3418 3254 3472 sit
3292 3431 3480 3471 sacer-

1911 3521 2059 3576 dotis
2103 3519 2172 3574 ab
2208 3531 2275 3572 eo
2305 3517 2401 3586 qui
2447 3515 2552 3571 sub
2600 3515 2912 3571 sacerdotio
2953 3517 3039 3566 est
3077 3506 3478 3577 discrepantia;

1911 3616 2184 3680 quatenus
2248 3605 2385 3659 nihil
2434 3610 2567 3657 tunc
2620 3603 2686 3656 ad
2736 3598 3073 3655 sacerdotale
3117 3595 3480 3650 ministerium

1914 3698 2198 3768 pertinens
2230 3695 2338 3757 (let,
2372 3693 2591 3748 cunctis
2622 3690 2902 3748 servitutis
2941 3687 3243 3744 infortunio
3273 3684 3485 3741 indide-

1913 3795 2098 3843 renter
2143 3784 2436 3854 correptis.
2472 3802 2491 3834 ι
2525 3782 2590 3838 Ει
2626 3782 2865 3838 ulciscar
2898 3795 3062 3850 super
3097 3793 3194 3835 eos
3235 3778 3352 3833 vias
3384 3792 3484 3834 eo-

1913 3893 2059 3944 rum,
2105 3887 2160 3934 et
2205 3877 2564 3948 cogitationes
2609 3889 2802 3930 eorum
2854 3873 3078 3928 reddam
3126 3871 3280 3942 ipsis.
3313 3888 3332 3922 ι
3374 3870 3482 3925 Pu—

1915 3974 2062 4029 niam
2095 3986 2192 4028 eos
2226 3984 2470 4040 congrua
2527 3969 2632 4031 his,
2685 3983 2806 4038 quae
2849 3966 3162 4036 cogitarunt
3195 3963 3374 4017 facere
3419 3975 3486 4016 ac

1915 4065 2225 4128 voluerunt,
2258 4059 2522 4116 vindicta.
2561 4078 2579 4110 ι
2613 4058 2678 4113 Et
2712 4057 3020 4121 comedent,
3067 4064 3124 4110 et
3168 4069 3278 4108 non
3309 4052 3485 4123 reple-

1916 4159 2139 4214 buntur.
2181 4176 2199 4208 ι
2231 4154 2614 4210 indesinenter
2649 4150 2793 4205 mala
2823 4145 3350 4219 experientur,_aliis
3379 4144 3485 4198 alia

1915 4249 2339 4319 excipientibus.
2376 4243 2562 4300 Utitur
2593 4250 2774 4298 autem
2811 4240 3130 4310 metaphora
3159 4251 3347 4294 eorum
3389 4235 3484 4307 qui

1919 4339 2260 4394 comestione
2285 4351 2394 4390 non
2424 4335 2630 4400 satiati,
2665 4349 2864 4388 rursus
2903 4330 3231 4397 comedunt;
3261 4336 3320 4383 ut
3341 4327 3488 4382 dicat

236 4403 404 4493 (ξορας
434 4402 571 4456 αὐτὸ
610 4404 780 4459 εἰπὼν
829 4407 1140 4472 τῶν,ἐπειδ⁹
1191 4411 1256 4466 ἂν
1303 4417 1566 4484 φαγόντες
1601 4419 1675 4490 μὴ
1722 4437 1804 4474 κο-

1921 4427 2042 4484 fore
2091 4434 2153 4480 ut
2201 4425 2257 4480 bi
2303 4425 2466 4479 etiam
2517 4423 2659 4476 mala
2711 4421 3099 4488 experiantur;
3149 4427 3204 4473 et
3247 4417 3488 4493 peractis

238 4491 525 4562 ρεσθῶσιν,
561 4493 856 4553 ἐσθιόντων
898 4497 1085 4558 πάλιν
1111 4501 1197 4556 ἵνα
1230 4505 1358 4577 εἴπῃ
1406 4507 1486 4559 ὅτι
1530 4511 1624 4562 καὶ
1670 4503 1814 4563 οὗτοι

239 4586 292 4635 ἐν
323 4585 493 4656 πείρα
522 4587 841 4658 γενήσονται
871 4589 979 4642 τῶν
1015 4591 1197 4646 κακῶν
1218 4612 1231 4624 ·
1267 4599 1360 4649 καὶ
1387 4597 1492 4650 τῶν
1537 4601 1814 4673 προτέρων

237 4679 558 4745 γεγονότων,
619 4680 694 4750 (p.
731 4681 822 4750 35)
869 4682 1030 4735 πάλιν
1058 4684 1210 4738 ἔσται
1253 4685 1513 4759 δεύτερα·
1545 4692 1713 4763 πέρας
1757 4695 1814 4750 δὲ

238 4766 337 4820 τῶν
369 4770 712 4840 γιγνομένων
749 4773 849 4828 οὐκ
867 4772 1024 4827 ἔσται
1041 4791 1055 4806 ο
1080 4775 1140 4830 τὸ
1167 4777 1274 4848 γὰρ
1299 4798 1316 4831 ι
1350 4762 1624 4849 φάγονται
1649 4805 1666 4835 ι
1694 4762 1816 4841 κάν-

235 4859 404 4914 ταῦθα
419 4856 576 4916 εἶπεν
590 4861 666 4926 ὡς
681 4863 740 4916 ὲν
760 4865 871 4928 τοῖς
885 4865 1178 4936 ἀνωτέροις
1197 4889 1214 4920 ι
1237 4868 1534 4943 ’Δμαρτίας
1559 4873 1687 4928 λαοῦ
1713 4894 1815 4946 μου

238 4953 522 5020 φάγονται,
562 4971 584 5004 ι
623 4954 746 5009 ἀντὶ
790 4954 907 5020 τοῦ,
957 4957 1404 5030 Πειραθήσονται.
1451 4983 1470 5015 ι
1533 4965 1818 5038 Ἐπόρνευ-

238 5059 331 5095 σαν
361 5045 455 5098 καὶ
477 5044 540 5098 οὐ
573 5044 648 5115 μὴ
670 5046 1123 5102 κατευθυνθῶσιν.
1159 5070 1178 5102 ι
1213 5049 1428 5124 Ἐπειδὴ
1452 5055 1555 5128 γὰρ
1574 5059 1817 5130 ἀπέστη-

238 5135 332 5188 σαν
378 5154 483 5207 μου
512 5138 816 5206 παντελῶς,
844 5138 996 5194 οὐδὲν
1028 5143 1210 5207 αὐτοῖς
1246 5145 1326 5207 εἰς
1356 5145 1475 5205 δέον
1502 5147 1816 5219 ἐκϐήσεται.

1921 4517 2222 4591 prioribus,
2274 4514 2391 4569 fore
2437 4520 2497 4566 ut
2544 4511 2850 4581 posteriora
2903 4503 3488 4579 superveniantmul-

1921 4612 2143 4679 lumque
2172 4607 2333 4660 tinent
2370 4599 2688 4672 impositum
2717 4600 2804 4654 iri.
2835 4597 2968 4651 Nam
2999 4597 3223 4652 verbum
3257 4613 3276 4647 ι
3307 4610 3489 4651 eome-

1923 4699 2054 4754 dent
2086 4715 2105 4750 ι
2141 4693 2233 4749 hic
2263 4694 2392 4747 item
2424 4706 2490 4745 eo
2520 4703 2685 4744 sensu
2709 4687 2843 4744 dicit
2872 4687 3060 4758 quoin
3087 4684 3484 4756 superioribus,

1919 4809 1937 4842 ι
1979 4797 2201 4860 peccata
2252 4783 2440 4855 populi
2493 4780 2598 4836 mei
2634 4779 2944 4846 comedent,
2979 4797 2999 4833 ι
3048 4777 3104 4833 id
3148 4785 3253 4843 est,
3308 4775 3488 4847 Expe-

1917 4884 2146 4939 rientur.
2197 4897 2216 4932 ι
2249 4875 2535 4934 Fornicati
2577 4883 2728 4939 sunt,
2765 4882 2815 4929 et
2853 4887 2963 4928 non
2994 4879 3144 4928 recte
3187 4871 3266 4925 eis
3295 4869 3423 4924 erit.
3463 4888 3480 4919 ι

1918 4971 2051 5025 Nam
2086 4969 2214 5040 quia
2256 4983 2286 5021 a
2321 4982 2409 5022 me
2431 4965 2658 5023 omnino
2690 4967 3057 5026 recesserunt,
3088 4959 3226 5015 nihil
3258 4958 3325 5012 iis
3352 4955 3490 5010 bene

1920 5063 2155 5118 eveniet.
2217 5077 2234 5111 ι
2275 5057 2546 5130 Quoniam
2592 5056 2884 5112 Dominum
2912 5055 3019 5126 22
3055 5051 3487 5120 dereliquerunt,

1922 5166 1981 5212 ut
2027 5143 2352 5211 fornicando
2389 5152 2738 5206 inhaererent.
2785 5145 3256 5208 Fornicationem,
3301 5140 3488 5194 vinum

243 5245 260 5277 ι
289 5229 429 5332 διότι
474 5229 568 5332 τόν
611 5230 820 5332 Ιξύριον
866 5232 1245 5301 ἐγκατέλιπον,
1290 5235 1382 5290 τοῦ
1423 5238 1649 5308 φυλάξαι
1691 5259 1804 5313 πορ

1919 5254 1972 5301 et
2023 5245 2346 5298 ebrietatem
2396 5255 2491 5295 cor
2535 5239 2722 5310 populi
2779 5236 2884 5294 mei
2943 5233 3176 5302 excepit.
3216 5251 3235 5284 ι
3282 5231 3490 5300 Quippe

241 5318 412 5373 νείαν·
453 5321 548 5376 καὶ
593 5315 735 5375 οῐνον
763 5322 860 5379 καί
906 5323 1159 5394 μέθυσμα
1203 5327 1419 5396 ἐδέξατο
1455 5330 1647 5401 καρδία
1692 5332 1804 5387 λαοί

1924 5335 2040 5389 Deo
2059 5331 2592 5404 prorsusnegiecto,
2627 5329 2850 5382 multant
2889 5325 3037 5378 circa
3070 5323 3340 5378 idolorum
3371 5321 3490 5375 dili-

244 5428 369 5517 μρυ..
392 5430 411 5463 ι
457 5413 867 5486 Ἀμελήσαντες
899 5414 1013 5486 γὰρ
1054 5417 1142 5470 τοῦ
1171 5419 1326 5475 Θείου
1356 5421 1652 5487 παντελῶς,
1694 5425 1804 5477 πολε

1925 5428 2162 5498 gentiam
2193 5428 2653 5492 exprompserunt
2685 5436 2697 5471 :
2737 5417 2872 5472 adeo
2897 5427 2954 5470 ut
2985 5418 3143 5472 malis
3173 5416 3388 5476 ebriati,
3425 5430 3491 5467 ne

248 5505 331 5572 λὴν
354 5505 671 5575 ἐπιμέλειαν
717 5509 824 5574 τῆς
854 5507 985 5576 περὶ
1011 5506 1076 5560 τὰ
1105 5510 1292 5566 εἴδωλα
1337 5513 1616 5567 ἐποιοῦντο
1662 5533 1804 5570 σπου

1927 5531 2147 5570 sensum
2173 5511 2392 5584 quidem
2427 5510 2734 5580 iniquitatis
2765 5524 2877 5562 suae
2909 5509 3164 5564 habeant.

245 5591 360 5664 δῆε⁶
400 5616 538 5655 ωπε
593 5601 912 5674 μεθύοντας
970 5604 1162 5667 αὐτοῦς
1204 5609 1310 5670 τοῖς
1363 5611 1577 5674 κακοῖς,
1643 5611 1774 5678 μηδὲ
1822 5609 2066 5679 αἴσθησιν
2116 5607 2213 5676 τῆς
2239 5603 2579 5674 παρανομίας
2608 5602 2789 5655 λοιπὸν
2822 5602 2962 5672 ἔχειν
2990 5604 3085 5674 τῆς
3125 5602 3274 5665 ἰδίας.

313 5761 345 5793 ¹¹
377 5765 511 5822 Hebr
575 5784 673 5822 vn.
712 5768 800 5821 l2.
