3920 6130
305 291 397 350 161

1509 300 1860 358 THEODOBI
1912 302 2367 364 MOPSUESTEN
2372 309 2394 364 ι

378 407 540 463 Vsus.
574 408 764 465 t2-u.
802 437 870 451 -ι
902 427 922 463 ι
952 411 1013 465 Ιιι
1042 413 1308 482 auspiciis
1346 412 1780 487 interrogabant,
1821 425 1874 473 et

2053 422 2197 492 Σιίχ.
2251 422 2430 492 ιβ⁰οιδ⁴.
2465 450 2538 463 -—-
2568 441 2591 473 ι
2635 422 2725 477 Ἐν
2780 420 3068 493 συμϐόλοις
3116 418 3563 492 δπηρώτων,καὶ

300 499 357 552 in
415 500 587 570 virgis
637 501 754 555 suis
814 502 1216 557 annuntiabant
1271 504 1343 559 ei.
1378 522 1396 556 ι
1455 504 1621 569 More,
1677 507 1874 577 inquit,

299 590 646 646 ethnicorum
692 594 945 662 agebant,
989 595 1081 665 qui
1126 596 1406 652 daemones
1437 598 1873 670 interrogabant,

301 686 416 739 sive
444 685 637 740 horum
679 687 1019 753 sacerdotes,
1051 706 1116 745 ea
1149 692 1411 761 auspiciis
1443 693 1661 750 discere
1684 696 1874 749 volen-

300 782 383 829 les
412 792 533 845 quae
562 777 697 845 ipsis
725 793 866 847 opus
897 792 1052 835 erant
1088 800 1100 836 :
1130 798 1361 853 quorum
1392 793 1511 838 erat
1534 789 1877 842 consuetudo

300 875 361 919 ut
396 868 565 937 virgis
587 869 917 938 quibusdam
948 882 1185 937 utentes,
1214 873 1588 930 fraudulenter
1615 877 1679 929 ad
1706 877 1877 933 inter-

299 963 487 1024 rogata
522 959 937 1027 responderent.
973 980 990 1011 ι
1024 960 1267 1032 Spiritus
1300 963 1685 1022 fornicationis
1709 966 1873 1021 dece-

302 1046 381 1115 pit
404 1062 523 1112 eos,
552 1060 605 1103 et
636 1049 892 1105 fornicati
924 1063 1052 1107 sunt
1094 1070 1123 1109 a
1159 1055 1267 1110 Deo
1301 1071 1416 1111 suo.
1446 1076 1466 1109 ι
1500 1057 1873 1113 Fornicariam

300 1135 567 1194 habentes
591 1147 852 1207 mentem,
888 1144 955 1197 ad
985 1160 1228 1199 errorem
1257 1162 1285 1199 a
1310 1146 1421 1201 Deo
1447 1162 1675 1218 prorsus
1696 1152 1871 1205 aversi

298 1229 732 1291 declinaverunt.
770 1254 789 1287 ι
824 1236 1002 1308 Super
1029 1243 1262 1294 vertices
1288 1242 1554 1295 montium
1587 1243 1874 1299 sacrifica-

294 1321 447 1386 bant,
484 1330 540 1378 et
569 1339 739 1394 super
764 1326 934 1382 colles
964 1328 1336 1384 accendebant
1369 1331 1668 1402 thymiama
1702 1351 1717 1387 :
1742 1334 1873 1387 sub-

292 1418 388 1468 tus
434 1428 698 1482 quercum
736 1426 791 1471 ct
827 1417 1089 1487 populum
1122 1426 1176 1472 et
1222 1421 1538 1476 umbrosam
1592 1423 1868 1485 arborem.

293 1501 423 1570 quia
458 1503 662 1558 bonum
702 1518 818 1561 erat
849 1507 1253 1563 umbraculum.
1294 1528 1313 1561 ι
1347 1509 1553 1566 Deinde
1600 1512 1667 1566 ad
1715 1527 1872 1567 mon-

292 1600 378 1650 tes
408 1595 685 1666 collesque
717 1600 1032 1664 currebant,
1070 1600 1258 1670 ibique
1287 1600 1627 1659 daemonibus
1658 1601 1870 1657 sacriﬁ-

292 1682 377 1738 cia
430 1685 737 1753 faciebant,
800 1704 1139 1759 magnasque
1191 1698 1246 1744 et
1300 1692 1590 1747 umbrosas
1646 1694 1867 1749 arbores

1982 513 2038 565 ἐν
2092 513 2303 584 ῥάϐδοις
2348 512 2514 566 αὐτοῦ
2548 512 2885 583 ἀπήγγελλον
2940 512 3107 582 αὐτῷ.
3147 531 3166 563 ι
3216 513 3282 564 Ἀ
3310 513 3452 566 κατά
3496 511 3562 566 τδ

1992 601 2301 673 Ἑλληνικὸν
2319 604 2440 667 ἔθος
2472 605 2711 669 ἐποίουν,
2744 603 2911 669 λέγει,
2937 605 3016 656 ὅτι
3037 605 3086 656 oi
3123 604 3222 672 μὲν
3262 603 3562 674 ἐπηρώτων

1978 698 2105 759 τοὺς
2129 695 2407 765 δαίμονας,
2448 695 2560 750 εἴτε
2590 697 2716 759 τοὺς
2757 694 2961 749 τούτων
3002 695 3204 766 ἱερέας,
3240 694 3329 747 διὰ
3358 693 3563 763 συμσδ⁴

1978 790 2085 844 λων
2118 791 2409 863 μανθάνειν
2435 789 2765 862 βουλόμενοι,
2793 789 2844 842 τί
2866 787 2976 840 τῶν
3006 788 3187 850 αὐτοῖς
3228 787 3558 854 ἀναγκαίων*

1977 883 2026 936 οἳ
2077 881 2218 935 κατά
2264 882 2325 936 τὸ
2373 880 2564 943 εἰωθὸς
2623 880 2806 943 αὐτοῖς
2847 879 3063 952 ῥάϐδοις
3114 879 3224 931 τισὶ
3275 877 3561 949 κεχρημέ-

1977 988 2057 1026 νοι
2126 971 2263 1041 μετά
2308 972 2524 1041 ἀπάτης
2564 970 2675 1023 τῶν
2742 971 3061 1041 ἐρωτήσεων
3120 968 3219 1039 τὴν
3268 969 3561 1039 ἀπόκρισιν

1976 1064 2277 1118 ἐποιοῦντο.
2315 1081 2334 1115 ι
2368 1062 2647 1133 Πνεύματι
2695 1061 2951 1132 πορνείας
3014 1060 3414 1132 ἐπλανήθησαν,
3462 1064 3561 1116 καὶ

1977 1154 2372 1227 ἐξεπόρνευσαν
2391 1155 2500 1207 ἀπὸ
2519 1153 2612 1205 τοῦ
2643 1151 2779 1205 Θεοῦ
2800 1151 2998 1204 αὐτῶν.
3038 1169 3056 1201 ι
3089 1148 3327 1222 Πορνικῇ
3354 1153 3563 1225 χρησά-

1980 1264 2128 1317 μενοι
2181 1247 2395 1321 γνὼμῃ,
2453 1247 2591 1318 πρὸς
2635 1245 2845 1316 πλάνην
2893 1240 3030 1298 εἶδον
3085 1246 3418 1309 ἀποστάντες
3460 1246 3561 1301 τοῦ

1975 1339 2111 1393 Θεοῦ
2143 1339 2439 1403 παντελῶς.
2482 1360 2500 1392 ι
2546 1340 2668 1394 Ἐπὶ
2691 1339 2789 1402 τὰς
2822 1337 3066 1408 κορυφὰς
3101 1337 3207 1391 τῶν
3239 1338 3407 1409 ὀρέων
3433 1337 3560 1396 ἐθυ-

1978 1431 2181 1495 σίαζον.
2214 1428 2290 1500 (p.
2333 1431 2423 1501 54)
2461 1431 2554 1484 καὶ
2590 1429 2683 1481 ἐπί⁵
2711 1429 2834 1492 τοὺς
2877 1427 3098 1498 βουνοὺς
3125 1427 3278 1482 ἔθυον
3299 1427 3563 1482 ὑποκάτω

1974 1521 2133 1592 δρυὸς
2157 1523 2250 1575 καὶ
2276 1522 2475 1592 λεύκης
2498 1523 2592 1575 καὶ
2612 1521 2829 1593 δένδρου
2859 1520 3261 1584 συσκιάζοντος,
3284 1521 3363 1573 ὃτι
3392 1520 3563 1574 καλὸν

1977 1613 2173 1683 σκέπη.
2201 1633 2218 1665 ι
2242 1609 2375 1668 Εἶτα
2398 1613 2487 1667 ἐπὶ
2516 1613 2585 1667 τὰ
2614 1612 2713 1683 ὅρη
2745 1630 2802 1665 τε
2830 1612 3066 1675 καὶτοὺς
3096 1612 3317 1681 βουνοὺς
3344 1611 3566 1683 ἀνέτρε-

1975 1724 2089 1777 χον,
2132 1706 2317 1761 αὐτόθι
2356 1707 2545 1770 θυσίας
2591 1704 2961 1769 ἐπιτελοῦντες
3016 1708 3126 1769 τοῖς
3173 1705 3428 1777 δαίμοσι·
3462 1703 3565 1764 καὶ

290 1775 625 1847 deligebant,
662 1778 751 1833 ubi
782 1793 917 1835 suas
946 1780 1336 1848 perversitates
1367 1790 1727 1850 peragerent;
1769 1798 1874 1837 ma-

1978 1775 2207 1868 δένδρων
2234 1798 2303 1853 τά
2351 1799 2559 1872 μεγάλα
2592 1817 2649 1852 τε
2693 1800 2785 1853 καὶ
2815 1798 3009 1852 σύσκια
3055 1775 3418 1873 ἐκλεγόμενοι,
3453 1800 3563 1852 αὑ-

291 1882 460 1936 guuui
485 1868 617 1938 quid
649 1876 703 1924 et
736 1877 989 1924 sanetum
1018 1877 1281 1938 putantes
1308 1886 1432 1926 esse
1465 1872 1724 1926 arborum
1760 1887 1877 1926 am-

292 1958 623 2026 plitudinem
653 1975 720 2014 ac
759 1961 1111 2024 densitatem,
1159 1970 1212 2017 et
1259 1977 1375 2018 suae
1416 1964 1681 2033 impietati
1723 1981 1876 2020 com-

294 2049 517 2105 modum
571 2050 975 2109 existimantes.
1036 2052 1220 2107 «ideo
1282 2054 1701 2109 fornicabunlur
1754 2056 1877 2110 tiliae

293 2147 508 2203 vestra},
554 2149 609 2197 et
650 2156 867 2210 sponsae
912 2149 1102 2199 vestrae
1140 2144 1403 2202 adultera:
1433 2152 1616 2199 erunt.
1661 2144 1730 2198 Et
1764 2161 1875 2200 non

292 2235 527 2293 visitabo
548 2252 717 2298 anuer
745 2238 883 2296 ﬁlias
914 2245 1131 2295 vestras
1171 2254 1299 2295 cum
1335 2238 1541 2297 fuerint
1568 2238 1870 2303 fornicatm,

291 2337 346 2383 et
374 2343 541 2398 super
569 2343 803 2398 sponsas
835 2340 1046 2386 vestras
1072 2346 1196 2384 cum
1233 2330 1664 2386 adulteraverint
1698 2349 1713 2386 :
1740 2348 1870 2401 quo-

291 2418 438 2474 niam
466 2426 523 2474 et
560 2418 666 2489 ipsi
699 2435 825 2476 cum
865 2420 1251 2475 meretricibus
1280 2420 1776 2487 conversabantur,
1819 2431 1874 2481 et

289 2526 416 2565 cuiu
469 2511 702 2569 initiatis
744 2511 1124 2567 immolabant.
1174 2512 1239 2567 Et
1286 2514 1523 2581 populus
1560 2513 1874 2583 intelligens

291 2604 609 2659 adhaerebat
642 2602 938 2658 meretrici.
976 2621 998 2654 ι
1031 2602 1241 2672 Digna:
1269 2604 1489 2659 delictis
1523 2604 1726 2658 vestris
1757 2618 1876 2673 pos-

290 2711 393 2751 nas
414 2695 642 2760 dabitis,
668 2711 794 2751 cum
820 2695 979 2751 vobis
1003 2695 1160 2765 potiti
1188 2697 1398 2758 hostes,
1430 2696 1651 2751 liliabus
1677 2696 1873 2751 restria

289 2802 355 2842 ac
381 2787 646 2845 uxoribus
674 2795 870 2859 stupra
912 2785 1178 2851 inferent,
1207 2802 1442 2857 quorum
1473 2801 1576 2857 ego
1601 2786 1872 2841 factorum

292 2880 499 2940 nullam
558 2894 744 2951 geram
798 2879 1269 2945 sollicitudinem;
1319 2878 1451 2949 quia
1515 2880 1713 2937 merito
1757 2879 1873 2935 hate

290 2972 595 3042 patiemini,
631 2974 729 3042 qui
760 2972 869 3042 23
900 2972 1204 3028 fornicario
1252 2987 1444 3028 errore
1482 2988 1580 3027 vos
1628 2973 1872 3026 irrctivi-

291 3062 415 3125 stis,
467 3059 823 3130 conjurantes
867 3062 1056 3126 simul,
1090 3070 1151 3116 ut
1192 3079 1282 3117 me
1312 3062 1578 3117 derelicto
1620 3062 1686 3116 ad
1727 3062 1871 3116 idola

292 3152 602 3217 accedatis;
639 3153 693 3207 in
715 3161 948 3218 tantum,
986 3163 1046 3208 ut
1071 3156 1226 3209 multi
1256 3170 1325 3209 ex
1352 3155 1508 3209 vobis
1537 3156 1874 3211 constitutas

291 3261 513 3316 quoque
539 3245 683 3317 apud
727 3248 983 3301 ethnicos
1022 3246 1362 3325 initialiones
1398 3249 1773 3317 susceperint,
1819 3256 1875 3303 et

291 3337 564 3393 sacriﬁcia
605 3338 692 3395 bis
730 3346 995 3393 consueta
1029 3345 1294 3409 tanquam
1336 3353 1434 3409 pro
1463 3339 1658 3409 grandi
1688 3338 1874 3408 aliquo

292 3429 434 3484 bono
460 3436 745 3499 peragant.
777 3432 965 3502 Atque
993 3437 1053 3484 ut
1086 3429 1400 3484 summatim
1438 3429 1711 3496 dicamus,
1750 3430 1889 3485 unio'

291 3535 487 3577 versus
565 3522 825 3592 populus,
864 3523 959 3591 qui
1018 3522 1257 3575 maxime
1307 3520 1553 3575 omnium
1614 3520 1876 3576 cordatus

290 3629 416 3668 esse
450 3613 737 3677 debuerat,
772 3621 827 3668 et
879 3612 1049 3669 Deum
1090 3628 1190 3669 ceu
1241 3613 1522 3684 proprium
1569 3622 1875 3668 creatorem

291 3715 610 3772 agnoscere,
656 3701 877 3757 illorum
920 3702 1240 3758 societatem
1290 3700 1552 3770 praetulit,
1598 3700 1691 3769 qu‘i
1733 3699 1905 3755 bane-

290 3793 597 3863 improbam
633 3794 1196 3864 intemperantemque
1233 3792 1652 3847 fornicationem
1693 3800 1905 3862 patra-A

293 3886 445 3949 bant,
487 3901 517 3939 a
569 3884 680 3942 Deo
730 3887 931 3951 aversi,
965 3894 1025 3941 et
1074 3884 1420 3940 dmmonibul
1466 3885 1677 3940 cultum
1720 3883 1875 3938 exhi-

291 3978 504 4034 buntes.

363 4265 532 4322 Vsus.
567 4267 750 4323 lli-l9.
773 4298 841 4308 —-
872 4288 890 4320 ο
929 4267 1011 4323 Tu
1049 4283 1198 4335 vero,
1225 4267 1410 4332 Israel,
1434 4283 1501 4325 ne
1526 4269 1765 4339 ignores,
1799 4273 1872 4331 et,

289 4355 431 4414 Juda
466 4372 535 4412 ne
570 4359 812 4429 pergatis
849 4359 903 4413 in
936 4358 1180 4429 Galgala,
1217 4375 1394 4429 neque
1428 4359 1482 4414 in
1527 4359 1750 4414 domum
1792 4359 1874 4413 0n

289 4448 621 4515 ascendatis,
653 4458 707 4504 et
747 4465 815 4505 ne
837 4448 1042 4519 jnretis
1072 4452 1341 4505 viventem
1382 4448 1692 4505 Dominum.
1729 4469 1749 4503 ι
1797 4448 1874 4505 Nc

289 4542 394 4608 sic,
443 4540 694 4613 inquam,
765 4556 956 4598 omnes
1009 4541 1252 4613 pessimo
1313 4542 1576 4599 laboretis
1642 4543 1875 4599 inscitiae

288 4633 501 4700 morbo,
534 4640 593 4687 ut
622 4632 677 4688 in
721 4632 945 4705 Gulgala
989 4634 1056 4687 ad
1090 4636 1429 4690 adorandum
1458 4636 1697 4692 veniatis
1742 4652 1875 4691 con-

289 4724 541 4776 stitutum
582 4723 697 4777 illic
738 4724 980 4791 idolum;
1020 4732 1074 4778 ct
1122 4724 1397 4779 simulctis
1437 4726 1709 4779 honorare
1750 4735 1875 4781 tan-

289 4829 459 4883 quam
491 4822 754 4869 :cternnm
779 4816 931 4869 illum
966 4816 1060 4884 qui
1090 4831 1252 4869 verus
1288 4815 1431 4871 Deus
1464 4833 1572 4871 non
1604 4828 1706 4872 est.
1736 4819 1872 4872 Cum

292 4906 437 4963 scire
466 4902 739 4977 Oporteat,
787 4904 1129 4975 impossubile
1168 4922 1290 4962 esse
1330 4907 1447 4962 lucc
1481 4908 1644 4963 simul
1692 4910 1875 4964 consi-

290 5011 478 5055 stere:
512 4998 684 5053 multa
738 4997 880 5052 enim
932 5007 1014 5053 est
1055 4997 1364 5054 didere-mia
1412 5001 1604 5067 aeterni
1663 4996 1756 5055 Dei
1803 5001 1873 5056 ab

290 5092 459 5157 idolo,
498 5092 642 5163 quod
688 5091 804 5147 heri
847 5106 1044 5146 manus
1084 5091 1367 5147 hominum
1413 5090 1825 5148 fabricaverunt
1859 5111 1873 5147 :

290 5184 682 5257 cnnlllentique
724 5193 991 5241 zeiernnm
1036 5185 1202 5240 Deum
1252 5200 1479 5254 prorsus
1534 5200 1657 5240 esse
1700 5185 1872 5240 absti-

292 5276 529 5330 nendum
558 5276 627 5330 ab
652 5277 721 5331 iis
765 5275 858 5346 qui
894 5276 1019 5331 ficte
1052 5273 1191 5329 hanc
1222 5283 1419 5345 gerunt
1448 5275 1727 5330 obtrnsain
1776 5289 1874 5345 ap-

289 5366 633 5437 pellationem
666 5386 677 5421 :
710 5370 1017 5437 cujnsmodi
1067 5376 1149 5423 est
1193 5368 1276 5422 On
1311 5366 1539 5432 idolum,
1581 5367 1741 5435 cujus
1795 5352 1872 5421 fa-

296 5473 421 5514 num
455 5458 641 5522 aditis,
670 5459 813 5513 haud
849 5459 1265 5515 convenientem
1305 5458 1354 5514 ei
1381 5458 1587 5513 cultum
1623 5456 1874 5513 deferen-

292 5563 393 5607 tcs.
417 5568 437 5603 ι
463 5548 732 5617 Quoniam
754 5550 897 5605 sicut
920 5565 1089 5605 vacca
1132 5551 1271 5606 asilo
1295 5564 1581 5621 percussa,
1615 5550 1874 5605 insanivit

288 5644 475 5701 lsrael.
504 5663 523 5698 ι
565 5639 757 5698 Vaccae
788 5643 963 5701 instar
989 5642 1260 5699 naturalis
1289 5630 1572 5713 cupidinis
1615 5651 1762 5696 motu
1806 5641 1875 5696 ad

359 5760 440 5827 (ὅ)
471 5757 607 5814 Cod.
648 5755 764 5827 σοῦ,
794 5755 1027 5827 fortasse
1060 5772 1158 5827 pro
1191 5754 1315 5826 μοῦ.
1342 5753 1610 5827 Vulgatus
1633 5753 1752 5827 Lat.
1785 5754 1865 5808 le-

298 5825 450 5905 gebat
477 5831 561 5899 ού,
594 5846 720 5887 neu.
746 5826 852 5886 Sed
887 5825 1234 5883 Theodorum
1266 5825 1516 5882 nostrum
1552 5825 1747 5896 legisse
1774 5839 1856 5901 ap.

1976 1895 2090 1948 τόθι
2120 1896 2216 1965 τὴν
2257 1895 2472 1966 ἀπάτην
2505 1895 2775 1964 ἐπλήρουν
2809 1894 2905 1966 τὴν
2951 1895 3174 1955 οἰκείαν,
3211 1893 3351 1963 μέγα
3379 1910 3429 1944 τι
3462 1891 3563 1947 καὶ

1978 1986 2172 2057 σεμνὸν
2192 1984 2501 2059 νομίζοντες
2523 1980 2661 2039 εἶναι
2688 1986 2746 2038 τδ
2783 1985 3011 2057 μέγεθος
3042 1985 3139 2056 τῆς
3177 1984 3285 2037 ἀπὸ
3310 1983 3415 2036 τῶν
3442 1981 3563 2037 δέν-

1974 2078 2114 2148 δρων
2155 2077 2342 2139 σκιᾶςο
2369 2076 2508 2130 ὥστε
2543 2078 2638 2130 καί
2670 2077 2804 2148 πρὸς
2837 2077 2933 2147 τὴν
2964 2075 3215 2130 ἀσέϐειαν
3239 2074 3564 2145 ἐπιτηδείως

1974 2170 2119 2240 ἔχειν
2165 2169 2306 2223 αὑτά
2358 2170 2618 2240 νομίζειν.
2656 2189 2675 2221 ι
2724 2170 2824 2223 Διά
2870 2170 3028 2223 τοῦτο
3074 2166 3459 2241 πορνεύσουτιν
3497 2165 3561 2220 αἱ

1974 2261 2271 2334 θυγατέρες
2305 2262 2475 2333 ὑμῶν,
2509 2264 2602 2315 καὶ
2642 2263 2697 2315 αἱ
2736 2262 2942 2335 νύμφαι
2975 2262 3128 2333 ὑμῶν
3174 2261 3518 2333 μοιχεύσουσι
3541 2276 3561 2293 θ

1972 2355 2066 2407 καὶ
2106 2354 2164 2406 ού
2202 2353 2275 2426 μὴ
2320 2353 2699 2425 ἐπισκέψωμαι
2752 2355 2843 2408 ἐπὶ
2884 2352 2982 2417 τὰς
3022 2354 3237 2424 νύμφας
3290 2353 3441 2423 ὑμῶν
3479 2353 3561 2403 ὅτ’

1972 2440 2041 2494 ἂν
2089 2440 2447 2512 πορνεύσωσι,
2498 2441 2595 2494 καὶ
2635 2441 2727 2494 ἐπὶ
2788 2441 2885 2505 τὰς
2916 2441 3133 2512 νύμφας
3181 2441 3335 2514 ὑμῶν
3383 2443 3461 2496 ὅτ’
3489 2440 3563 2496 ἂν

1976 2529 2333 2601 μοιχεύσωσιν
2356 2547 2370 2561 ο
2410 2531 2491 2583 ὅτι
2532 2529 2626 2584 καὶ
2658 2532 2811 2584 αὐτοὶ
2846 2530 2984 2602 μετά
3022 2532 3130 2585 τῶν
3175 2531 3387 2603 πορνῶν
3431 2548 3564 2585 συν-

1884 2666 1893 2679 .
1972 2622 2248 2694 εφέροντο,
2283 2624 2377 2676 καὶ
2407 2621 2544 2692 μετά
2586 2623 2695 2689 τῶν
2726 2624 3123 2694 τετελεσμένων
3167 2623 3354 2678 ἔθυον
3400 2626 3495 2678 καὶ
3529 2628 3566 2680 ὁ

1970 2712 2097 2777 λαὸς
2117 2716 2145 2768 6
2178 2713 2251 2785 (ὅ)
2283 2713 2479 2768 συνιὼν
2503 2714 2859 2769 συνεπλέκετο
2884 2715 3022 2785 μετά
3065 2716 3289 2785 πόρνης.
3337 2734 3357 2766 ι
3405 2714 3567 2768 Ἀνα-

1971 2804 2161 2874 λὸγους
2199 2805 2263 2879 δὴ
2301 2808 2414 2869 τοῖς
2458 2805 2890 2879 πλημμελήμασι
2936 2806 3047 2868 τοῖς
3098 2805 3316 2868 οἰκείοις
3356 2802 3564 2857 δώσετε

1971 2894 2069 2961 τὰς
2106 2895 2261 2958 δίκας
2280 2912 2294 2926 ·
2326 2898 2494 2950 δπειδ*
2535 2896 2601 2950 ἂν
2637 2896 3005 2968 κατασχόντες
3031 2895 3184 2966 ὑμῶν
3211 2897 3259 2948 ol
3286 2894 3562 2964 πολέμιοι,

1972 2989 2050 3051 εἰς
2078 2986 2177 3051 τὰς
2219 2976 2600 3060 προσηκούσας
2635 2989 2762 3059 ὑμῖν
2802 2987 3107 3059 θυγατέρας
3135 3004 3195 3039 τε
3229 2984 3565 3057 ἐξυϐρίζωσι

1974 3078 2071 3133 καὶ
2103 3080 2324 3150 νύμφας
2343 3094 2358 3113 ·
2393 3072 2468 3134 ὧν
2501 3079 2798 3150 γινομένων
2822 3079 3011 3132 οὐδένα
3034 3080 3331 3149 ποιήσομαι
3362 3076 3517 3145 λόγον
3546 3093 3562 3105 ·

1977 3170 2205 3242 ἐπείπερ
2245 3168 2466 3234 δικαίως
2504 3170 2820 3239 ὑπομενεῖτε
2870 3166 3062 3230 ταῦτα,
3096 3166 3467 3240 συμφυρέντες
3495 3183 3567 3219 τι

1975 3263 2041 3331 τῇ
2073 3264 2302 3333 πορνικῇ
2330 3260 2527 3335 πλάνῃ,
2559 3245 2678 3314 καὶ.⁴
2699 3260 2982 3314 κοινωνίαν
3016 3260 3374 3331 ποιησάμενοι
3420 3259 3567 3329 πρὸς

1976 3348 2238 3420 ἀλλήλους
2282 3352 2374 3403 ἐπὶ
2411 3352 2487 3422 τῷ
2520 3350 2840 3413 καταλιπεῖν
2881 3350 2980 3421 μὲν
3018 3350 3141 3419 ἐμὲ,
3183 3350 3470 3421 προσέχειν
3501 3348 3566 3402 δὲ

1975 3443 2089 3504 τοῖς
2131 3440 2369 3504 εἰδώλοις
2394 3459 2407 3473 ο
2461 3441 2535 3511 (p.
2580 3442 2670 3509 55)
2715 3441 2855 3495 ὥστε
2897 3440 3167 3495 τελεῖσθαι
3198 3441 3300 3512 μὲν
3335 3440 3567 3504 πολλοὺς

1976 3531 2034 3598 ἐξ
2065 3532 2218 3603 ὑμῶν
2251 3534 2349 3605 τὴν
2383 3534 2534 3604 ποιρά
2569 3536 2681 3598 τοῖς
2709 3533 2934 3605 Ἕλλησι
2987 3534 3381 3604 νενομισμένην
3417 3533 3568 3603 μύη-

1979 3641 2091 3678 σιν’
2132 3626 2321 3688 θυσίας
2361 3625 2405 3678 δ’
2435 3627 2522 3678 ἐπ’
2549 3624 2777 3688 ἐκείνοις
2813 3625 2889 3687 ὡς
2913 3625 3053 3696 ὑπὲρ
3096 3626 3367 3695 μεγίστων
3398 3624 3569 3679 τινῶν

1977 3717 2241 3770 ἐπιτελεῖν
2269 3716 2488 3786 ἀγαθῶν
2508 3733 2522 3747 ·
2552 3716 2698 3779 ἄπας
2722 3734 2802 3781 τε,
2842 3717 3120 3789 συντόμως
3150 3719 3361 3780 εἰπεῖν,
3380 3717 3410 3769 δ
3434 3718 3572 3780 λαὸς

1976 3810 2003 3862 ὁ
2034 3808 2266 3879 μάλιστα
2307 3808 2521 3863 πάντων
2554 3807 2878 3862 συνιέναι·τό
2905 3807 3023 3861 δέον
3056 3806 3284 3875 ὀφείλων
3304 3807 3397 3861 καὶ
3428 3804 3571 3860 Θεὸν

1977 3896 2356 3966 ἐπιγινώσκειν
2384 3897 2475 3950 τὸν
2507 3898 2697 3950 ἑαυτοῦ
2726 3896 2971 3968 ποιητὴν,
2998 3897 3097 3968 τὴν
3133 3896 3269 3968 μετά
3306 3896 3573 3950 τοιούτων

1978 3990 2151 4043 είλετο
2191 3989 2471 4043 κοινωνίαν
2503 3990 2552 4043 οἳ
2596 3989 2697 4060 τὴν
2738 3989 3018 4060 μοχθηρὰν
3063 3987 3265 4059 ταύτην
3307 3987 3401 4040 καὶ
3434 3988 3568 4041 ἀκό-

1978 4082 2171 4136 λαστον
2193 4079 2470 4148 ἐξετέλουν
2492 4081 2766 4153 πορνείαν,
2785 4080 2920 4133 Θεοῦ
2950 4081 3047 4150 μὲν
3073 4074 3427 4142 ἀποστάντες,
3455 4079 3573 4135 δαί-

1982 4190 2107 4243 μοσι
2134 4172 2192 4227 δὲ
2221 4173 2645 4243 προσανέχοντες
2678 4171 2992 4243 θεραπείαν.

2048 4263 2195 4333 Στίχ.
2236 4262 2415 4314 ιε’-ιϐ’.
2445 4291 2513 4301 --
2548 4280 2566 4313 ι
2615 4261 2686 4313 Σὺ
2712 4261 2790 4326 δὲ,
2825 4258 3059 4330 Ἰσραὴλ,
3094 4259 3168 4329 μὴ
3208 4258 3412 4327 ἀγνόει,
3469 4258 3574 4312 καὶ

1991 4353 2159 4408 Ἰούδα
2195 4353 2268 4423 μὴ
2300 4350 2682 4423 εἰσπορεύεσθε
2716 4353 2792 4414 εἰς
2818 4348 3089 4418 Γάλγαλα,
3115 4349 3207 4402 καὶ
3241 4348 3315 4419 μὴ
3343 4347 3574 4400 ἀναϐαί-

1978 4462 2097 4501 νετε
2135 4446 2214 4509 είς
2247 4446 2338 4498 τὸν
2381 4440 2527 4498 οἷκον
2566 4445 2678 4505 Ὧν,
2717 4442 2810 4496 καὶ
2848 4442 2923 4511 μὴ
2962 4440 3190 4513 ὀμνύετε
3236 4438 3414 4503 ζῶντα
3450 4438 3571 4492 Κύ-

1984 4555 2116 4613 ριον.
2156 4559 2173 4591 ι
2214 4538 2373 4592 Ἀλλὰ
2414 4538 2523 4612 γὰρ
2560 4518 2634 4607 μή
2669 4534 2810 4591 οὕτω
2844 4535 3042 4596 πάντες
3086 4532 3330 4604 χαλεπὴν
3360 4534 3574 4585 νοσεῖτσε

1976 4631 2076 4709 τὴν
2097 4631 2337 4699 ἄγνοιαν,
2368 4627 2508 4681 ὥστε
2536 4626 2740 4680 ἀνιέναι
2771 4626 2867 4698 μὲν
2896 4625 2973 4688 είς
3004 4621 3251 4691 Γάλγαλα
3286 4622 3378 4675 ἐπὶ
3405 4622 3577 4693 θερα-

1978 4722 2108 4795 πείᾳ
2135 4720 2229 4775 τοῦ
2261 4720 2447 4774 αὐτόθι
2477 4719 2763 4791 ἱδρυμένου
2795 4714 3033 4777 εἰδώλου,
3063 4709 3476 4780 προσποιεῖσθαι
3507 4709 3573 4763 δὲ

1976 4815 2143 4885 τιμᾷν
2175 4814 2264 4864 τὸν
2298 4813 2463 4864 ἀΐδιον
2498 4811 2589 4863 καὶ
2621 4809 2787 4871 δντως
2829 4807 2957 4861 ὄντα
2986 4806 3118 4861 Θεὸν
3139 4822 3151 4835 ’
3188 4804 3304 4858 δέον
3340 4801 3569 4860 εἰδέναι,

1980 4894 2054 4972 ὡς
2090 4904 2324 4959 συνιέναι
2352 4903 2524 4957 ταῦτα
2554 4901 2823 4975 ἀλλήλοις,
2857 4900 2965 4953 τῶν
2987 4899 3259 4954 ἀδυνάτων
3277 4916 3288 4927 ο
3320 4892 3486 4965 πολλὴ
3508 4894 3574 4948 δὲ

1979 4997 2212 5071 διαφορά
2252 4996 2424 5050 ἀϊδίου
2459 5011 2515 5048 τε
2549 4992 2684 5047 Θεοῦ
2707 4992 2801 5046 καὶ
2834 4989 3051 5046 εἰδώλου
3076 4991 3169 5043 τοῦ
3198 4987 3324 5059 χθὲς
3352 4985 3443 5040 ὑπ’
3469 4985 3575 5040 ἁν-

1982 5076 2268 5161 θρωπείων
2313 5082 2846 5144 κατασκευασθέντος
2881 5078 3111 5155 χειρῶν-
3150 5079 3244 5131 καὶ
3287 5076 3362 5141 ὡς
3396 5072 3476 5145 τῷ
3504 5089 3576 5143 γι

1980 5181 2072 5232 τὸν
2096 5180 2264 5232 ἀΐδιον
2293 5175 2639 5249 ὁμολογοῦντι
2671 5174 2802 5229 Θεὸν
2828 5171 3127 5253 ἀφεστῆναι
3165 5170 3440 5245 προσῆκον
3479 5168 3574 5238 sit;

1983 5272 2199 5325 πάντων
2222 5268 2618 5341 πεπλασμένως
2639 5266 2737 5345 τὴν
2757 5264 3049 5337 ὀνομασίαν
3071 5261 3417 5331 ἐπαγομένην
3439 5258 3578 5312 ταύ-

1981 5379 2114 5435 την·
2145 5357 2254 5416 οἷόν
2304 5362 2411 5433 πέρ
2461 5363 2576 5414 ἐστι
2616 5360 2677 5413 τὸ
2713 5357 2807 5411 Ὧν
2855 5354 3104 5409 εἴδωλον·
3135 5348 3305 5425 οὗπερ
3354 5352 3432 5414 είς
3475 5350 3577 5406 τὸν

1980 5452 2128 5511 οἷκον
2154 5456 2340 5517 εἴσιτε.
2370 5441 2467 5527 τὴν
2494 5454 2592 5525 οὐχ
2615 5450 2879 5523 ἀρμοδίαν
2910 5445 3061 5517 αὐτῷ
3085 5445 3450 5516 προσάγοντες
3480 5440 3580 5495 θεν

1982 5548 2230 5620 ραπείαν.
2270 5566 2289 5597 ‹
2323 5546 2445 5602 Ὀτι
2471 5545 2548 5608 ὡς
2567 5541 2799 5615 δάμαλις
2822 5537 3214 5611 παροιστρῶσα
3244 5533 3577 5605 παροίστρη-

1984 5656 2075 5693 σεν
2116 5637 2352 5710 Ἰσραήλ.
2394 5656 2413 5690 ι
2450 5635 2616 5705 Δίκην
2645 5631 2753 5704 γὰρ
2790 5628 3075 5705 δαμάλεως
3104 5626 3318 5695 κινήσει
3342 5622 3439 5684 τῆς
3465 5635 3578 5689 φυ-

1975 5761 2127 5877 ῐὶτέτὲ
2162 5754 2210 5810 ὁ.
2249 5759 2407 5822 prout
2436 5747 2603 5803 habet
2623 5745 2788 5801 etiam
2828 5738 2997 5798 codex
3028 5735 3408 5797 nobilissimus
3444 5724 3573 5789 Vat.

2050 5830 2072 5877 ί.
2126 5862 2137 5875 .

2050 5830 2137 5877 09.
