3920 6130
378 331 487 393 158

1612 332 1959 392 THEODORI
1985 329 2472 390 MOPSUESTENI.

3526 324 3632 382 {56

378 442 510 499 Vidi
559 443 682 501 illos
720 459 948 516 prorsus
1000 460 1030 500 a
1076 460 1162 500 me
1215 445 1533 512 recessisse,
1584 456 1640 505 et
1678 447 1946 504 idolorum
1974 448 2160 510 Ατοῖς
2219 445 2427 517 παρών.
2487 463 2506 496 ι
2568 444 2711 496 Διό-ιι
2765 442 2860 497 νῦν
2907 440 3298 511 tem-pnus.»
3357 437 3629 510 Ἐφραῒμ,

376 537 654 608 ‘religione
692 553 752 593 se
779 539 1062 608 polluisse.
1095 556 1116 592 ι
1147 537 1265 593 Non
1295 539 1564 596 dederunt
1593 541 1958 612 cegitationes

2058 532 2285 604 ἐμιάνθη
2323 532 2553 606 Ἰσραήλ.
2603 551 2623 584 ι
2657 528 2788 586 οῖδα
2837 531 3014 586 τοίνυν
3046 529 3242 593 αὐτοὺς
3283 529 3464 584 τέλεον
3497 531 3634 584 ἀπο-

379 640 516 680 suas
562 633 620 681 ut
657 635 999 682 revertantur
1028 628 1097 683 ad
1127 644 1234 696 me,
1275 631 1404 700 quia
1447 631 1673 701 spiritus
1717 630 1954 686 fornica-

380 717 558 773 tionis
590 718 726 788 ipsis
753 719 919 784 inest,
951 726 1006 776 et
1035 718 1325 775 Dominum
1361 737 1470 775 non
1501 727 1898 792 cognoverunt.
1929 739 1950 772 ι

382 806 572 878 Neque
612 809 1066 879 resipiscentibus
1093 827 1247 867 mens
1281 811 1382 866 fuit
1407 812 1473 867 ad
1509 828 1592 868 me
1621 810 1950 877 revertendi,

381 900 518 970 quia
574 900 630 955 in
665 900 860 955 vitium
914 910 1027 958 toto
1083 903 1301 958 homine
1346 903 1710 969 incurrerunt,
1745 902 1953 957 nullum

381 991 494 1046 mei
536 1000 846 1061 respectum
892 993 1094 1050 habere
1134 995 1400 1050 volentes.
1440 1013 1458 1045 ι
1488 992 1554 1046 Ει
1583 993 1958 1047 humiliabitur

384 1083 703 1152 arrogantia
739 1082 957 1140 Israelis
991 1085 1045 1141 in
1084 1084 1274 1140 faciem
1303 1085 1440 1154 ejus.
1481 1103 1500 1136 ι
1532 1085 1694 1155 Atqui
1723 1084 1956 1140 vesaniae

369 1174 554 1245 'liujus
600 1183 768 1246 atque
823 1177 1183 1247 arrogantiae,
1225 1191 1330 1246 qua
1366 1175 1627 1232 adversus
1670 1191 1754 1231 me
1805 1176 1956 1230 insa-

388 1266 608 1320 nierunt
642 1267 915 1336 apostasia
956 1282 1054 1324 sua
1107 1281 1139 1320 a
1187 1282 1291 1331 me,
1336 1275 1388 1320 et
1416 1279 1640 1320 accessu
1674 1265 1743 1320 ad
1785 1266 1952 1332 idola,

385 1355 582 1426 dignas
622 1356 771 1410 luent
802 1371 1016 1425 pmnas,
1046 1371 1171 1410 cum
1203 1371 1360 1410 suam
1387 1354 1796 1426 depressionem
1831 1370 1956 1425 spe-

379 1446 634 1509 ctabunt,
687 1447 740 1500 in
773 1461 936 1515 quam
989 1461 1076 1501 me
1125 1447 1427 1502 ulciscente
1469 1446 1779 1502 devenient.
1818 1464 1838 1498 ‹
1887 1445 1954 1500 Et

386 1537 552 1593 Israel
584 1545 748 1607 atque
774 1537 1102 1602 Ephraimus
1146 1537 1567 1592 iulirmabuntur
1603 1537 1657 1592 in
1699 1537 1959 1608 iniquita-

382 1628 530 1682 tibus
571 1627 706 1684 suis.
743 1625 918 1704 Judas
947 1628 1149 1698 pariter
1187 1643 1311 1683 cum
1343 1629 1476 1698 ipsis
1511 1628 1897 1684 iniirmabitur.
1929 1648 1949 1683 ι

381 1717 581 1772 Cuncti
610 1708 972 1773 communiter
993 1727 1306 1789 peccantes,
1345 1719 1708 1775 communiter
1737 1733 1955 1790 quoque

2057 625 2287 690 στάντας
2309 625 2465 696 ἐμοῦ,
2494 625 2588 680 καὶ
2617 627 2674 678 ἐν
2703 627 2768 696 τῇ
2793 623 2900 676 τῶν
2922 621 3155 676 είδώλων
3179 621 3499 692 μιανθέντας
3539 621 3622 675 λαο

2056 715 2234 787 τρεία.
2259 733 2284 767 ι
2303 716 2416 769 Ούκ
2439 715 2646 768 έδωκαν
2670 715 2739 769 τά
2765 713 3043 772 διαϐούλια
3064 713 3240 766 αὐτῶν
3264 712 3356 766 τοῦ
3375 710 3625 782 ἐπιστρέ-

2053 804 2156 875 ψαι(
2190 803 2326 873 πρὸς
2355 804 2446 858 τὸν
2460 804 2590 858 Θεὸν
2621 803 2821 866 αὐτῶν,
2846 804 2926 856 ὃτι
2952 801 3169 872 πνεῦμα
3204 800 3456 872 πορνείας
3482 802 3630 854 ἐστὶν

2054 897 2112 948 ἐν
2145 896 2328 959 αὐτοῖς
2345 911 2358 924 ⁸
2386 895 2476 949 τὸν
2499 895 2559 948 δέ
2583 893 2785 965 Κύριον
2809 894 2908 948 οὐκ
2927 893 3262 961 ἐπέγνωσαν.
3302 911 3320 942 ι
3363 893 3498 947 Οὐδὲ
3520 892 3630 962 γὰρ

2059 986 2518 1058 μεταϐαλλόμενοι
2547 984 2773 1055 γνώμην
2812 984 2968 1055 ἔσχον
3005 983 3101 1038 τοῦ
3128 982 3315 1038 νεῦσαι
3342 982 3478 1054 πρὸς
3506 984 3626 1053 ἐμὲ,

2055 1077 2240 1148 ἐπειδὴ
2279 1075 2556 1142 παντελῶς
2595 1077 2731 1148 πρὸς
2763 1077 2825 1130 τὸ
2877 1079 3058 1147 χεῖρον
3096 1073 3406 1142 ἐξώκειλαν,
3440 1075 3630 1129 ούδένα

2056 1170 2211 1238 λόγον
2239 1169 2510 1231 ἐθέλοντες
2543 1167 2676 1238 ἐμοῦ
2710 1167 3000 1222 ποιεῖσθαι.
3035 1186 3052 1218 ι
3100 1167 3211 1220 Καὶ
3230 1165 3629 1236 ταπεινωθήσε-

2054 1263 2196 1332 ταιή
2227 1259 2382 1331 ὕϐρις
2405 1259 2500 1318 τοῦ
2533 1259 2750 1329 Ἰσραὴλ
2771 1261 2851 1322 είς
2876 1259 3162 1330 πρόσωπον
3187 1244 3382 1311 αύτοῦί
3403 1277 3422 1308 ι
3467 1257 3632 1311 Ἀλλά

2055 1349 2162 1420 γὰρ
2177 1349 2377 1422 ταύτης
2396 1350 2452 1404 δὲ
2472 1350 2569 1421 τῆς
2595 1349 2884 1421 παροινίας
2899 1349 2991 1402 καὶ⁵
3015 1349 3113 1419 τῆς
3142 1347 3350 1419 ὕϐρεως
3371 1349 3437 1419 ἢν
3459 1350 3630 1420 ἐπαρ·

2053 1442 2229 1494 οίνουν
2269 1442 2608 1505 ἀποστάντες
2656 1441 2790 1512 ἐμοῦ
2814 1481 2829 1506 ,
2891 1442 2985 1499 καὶ
3037 1442 3464 1511 προσανέχοντες
3515 1443 3629 1504 τοῖς

2054 1533 2311 1598 εἰδώλοις,
2346 1534 2502 1601 ἀξίαν
2539 1533 2764 1594 δώσουσι
2800 1532 2978 1604 δίκην,
3006 1533 3168 1601 αὐτοὶ,
3195 1533 3381 1586 θεαταὶ
3422 1533 3520 1604 τῆς
3545 1532 3630 1586 ol-

2055 1625 2206 1689 κείας
2231 1625 2502 1696 γινόμενοι
2547 1624 2944 1690 ταπεινώσεως,
2980 1627 3060 1689 είς
3091 1626 3157 1695 ἢν
3185 1625 3273 1678 διά
3313 1625 3413 1696 τῆς
3457 1641 3633 1694 τιμω-

2059 1717 2180 1788 ρίας
2224 1717 2652 1788 καταστήσονται
2689 1717 2790 1787 τῆς
2845 1717 3002 1788 ἐμῆς.
3041 1735 3059 1769 ι
3101 1716 3212 1771 Καὶ
3268 1716 3482 1787 Ἰσραὴλ
3534 1715 3646 1776 καὶ,

379 1825 600 1878 penam
633 1810 936 1880 perferent,
965 1821 1254 1882 propterea
1291 1811 1440 1881 quod
1480 1813 1745 1868 adversus
1774 1813 1955 1867 scien-

2067 1807 2308 1879 Ἐφραὶμ
2333 1808 2717 1880 ἀσθενήσουσιν
2741 1811 2798 1861 ἐν
2813 1812 2930 1872 ταῖς
2950 1807 3184 1872 ἀδικίαις
3200 1807 3397 1863 αὐτῶψ
3419 1809 3494 1877 (p.
3509 1807 3581 1863 '59
3611 1808 3645 1877 ).

379 1901 514 1954 tiam
568 1914 746 1954 meam
788 1899 974 1968 injurii
1013 1900 1253 1954 fuerunt.
1287 1900 1378 1955 Sic
1412 1900 1574 1954 etiam
1635 1900 1830 1955 beatus
1875 1897 1954 1956 ait

381 1989 588 2046 Paulus
619 2010 632 2046 :
669 2010 688 2043 ι
719 1992 942 2061 Eorum,
975 1993 1070 2062 qui
1119 1994 1402 2048 veritatem
1451 1995 1505 2048 in
1548 1992 1820 2063 iniustitia
1857 1992 1953 2047 de-

381 2085 656 2150 tinent“;
693 2103 712 2135 ι
752 2099 947 2153 nempe
993 2100 1207 2150 eorum,
1235 2085 1330 2155 qui
1372 2085 1586 2140 veritati
1628 2084 1836 2141 faciunt
1870 2084 1954 2138 in-

375 2170 582 2243 juriam
617 2188 715 2228 sua
747 2173 814 2228 ad
847 2174 1039 2229 vitium
1073 2175 1440 2246 perversionc.

2053 1899 2148 1953 καὶ
2189 1899 2474 1970 ἀσθενήσει
2526 1901 2616 1953 καὶ
2660 1899 2858 1964 Ἰούδας
2899 1901 3017 1970 μετ’
3044 1900 3242 1958 αὐτῶν.
3287 1918 3306 1950 ι
3355 1900 3632 1962 Ἅπαντες

2054 1994 2205 2062 κοινῇ
2238 1991 2700 2062 πλημμελοῦντες,
2740 1995 2889 2064 κοινῇ
2925 1993 3018 2046 καὶ
3053 1992 3151 2063 τὴν
3182 1991 3455 2063 τιμωρίαν
3493 1991 3631 2044 ὑπο-

2056 2082 2326 2152 μενοῦσιν,
2369 2083 2509 2154 ὑπὲρ
2550 2077 2624 2137 ὧν
2666 2083 2763 2155 τὴν
2800 2084 2999 2153 γνῶσιν
3049 2084 3276 2155 ἠδίκουν,
3320 2082 3418 2154 τὴν
3465 2083 3631 2152 ἐμήν.

2054 2173 2212 2228 οὕτω
2255 2174 2408 2228 καὶὸ
2445 2175 2713 2246 μακάριος
2753 2175 2900 2244 λέγει
2941 2175 3149 2239 Παῦλος
3189 2175 3270 2241 τὸ,
3317 2193 3335 2225 ι
3375 2173 3496 2226 Τῶν
3529 2172 3634 2242 τὴν

2059 2261 2318 2330 ἀλήθειαν
2341 2264 2398 2316 ἐν
2423 2261 2606 2334 ἀδικία
2638 2263 2991 2334 κατεχόντωψ
3032 2281 3051 2315 ι
3085 2264 3178 2318 ἵνα
3204 2265 3362 2336 εἴπῃ,
3382 2261 3501 2315 Τῶν
3530 2259 3651 2330 τὴν.

2057 2351 2315 2422 ἀλήθειαν
2348 2356 2415 2424 τῇ
2443 2354 2579 2423 πρὸς
2605 2355 2666 2408 τὸ
2692 2357 2873 2426 χεῖρον
2909 2353 3233 2409 ἀδικούντων
3266 2355 3528 2425 ἐκτροπῇ.

454 2436 619 2495 VEBS-
642 2443 1007 2508 6-9.—¢Cum
1021 2449 1213 2506 ovibus
1226 2447 1337 2504 suis
1351 2464 1414 2506 ac
1427 2451 1607 2511 vitulis
1634 2454 1857 2515 perirem
1884 2460 1954 2501 ³η

2129 2445 2275 2516 Στίχ.
2334 2446 2484 2511 ςὀθ’.
2541 2476 2612 2489 --
2660 2466 2680 2500 ι
2739 2447 2894 2501 Μετά
2943 2447 3230 2519 προϐάτων
3272 2449 3367 2500 καὶ
3413 2447 3653 2517 μόσχων.

382 2529 733 2596 quiatrendum
754 2529 1064 2599 Dominum,
1077 2539 1132 2587 et
1151 2549 1261 2588 non
1279 2534 1556 2590 invenient
1574 2549 1698 2590 eum
1718 2552 1733 2601 ;
1751 2535 1951 2590 etenim

2058 2534 2412 2604 πορεύσονται
2468 2535 2561 2589 τοῦ
2619 2536 2916 2607 ἐκζητῆσαι
2972 2537 3064 2590 τὸν
3125 2535 3362 2606 Κύριον,
3413 2533 3509 2586 καὶ
3565 2532 3649 2588 ού.

382 2621 454 2676 ab
480 2621 616 2691 ipsis
644 2621 970 2688 declinavit,
1000 2633 1288 2696 postquam
1331 2626 1619 2682 Dominum
1651 2627 1954 2698 derelique-

2060 2626 2136 2697 μὴ
2169 2625 2404 2697 εὕρωσιν
2441 2628 2636 2683 αὐτόν·
2673 2629 2961 2684 ἐκκέκλικε
3005 2629 3116 2700 γὰρ
3159 2629 3252 2682 ἀπ’
3297 2627 3498 2691 αὐτῶν,
3545 2627 3636 2680 ὅτι

383 2719 533 2766 runt.
556 2731 574 2764 ι
598 2710 820 2768 Etiamsi
850 2713 1056 2771 hostias
1075 2717 1423 2783 adduxerint,
1439 2717 1526 2772 his
1552 2725 1805 2788 putantes
1829 2734 1956 2790 pro-

2058 2715 2145 2768 τὸν
2207 2715 2412 2787 Κύριον
2457 2717 2832 2786 ἐγκατέλιπον.
2889 2738 2908 2771 ι
2957 2719 3077 2774 Κᾶν
3125 2719 3315 2783 Θυσίας
3357 2719 3413 2772 δὲ
3461 2733 3652 2790 προσῳ-

383 2805 574 2873 pitium
591 2805 695 2861 sibi
715 2806 926 2864 Numen
956 2809 1204 2874 reddere,
1225 2811 1360 2865 nihil
1389 2811 1514 2867 inde
1526 2812 1637 2882 26
1649 2813 1955 2882 proﬁcient,

2058 2803 2251 2873 ἀγωσι,
2274 2805 2484 2869 τούτοις
2517 2806 2856 2872 ἐξιλεοῦσθαι
2884 2809 3195 2877 νομίζοντες
3229 2809 3292 2863 τὸ
3328 2809 3504 2872 Θεῖον,
3533 2807 3656 2862 οὑ--

386 2894 495 2950 Deo
520 2913 745 2967 prorsus
773 2908 1097 2969 aversante;
1134 2901 1570 2973 quandoquidem
1599 2919 1666 2959 eo
1695 2903 1955 2970 dimisso,

2058 2895 2140 2949 δέν
2187 2896 2437 2950 ἐντεῦθεν
2481 2897 2663 2960 ἕξουσι
2696 2898 2880 2962 πλέον,
2926 2900 3374 2970 ἐκτετραμμένον
3411 2901 3648 2962 πάντως,

381 2987 543 3043 idolis
575 2996 721 3045 totos
747 3005 806 3045 se
825 2990 1172 3048 dediderunt.
1207 3012 1227 3045 ι
1258 2993 1395 3060 Quia
1428 2994 1570 3050 ﬁlios
1601 2995 1809 3052 alienos
1847 2996 1952 3051 sibi

2058 2986 2249 3049 αὐτοὺς
2280 2987 2372 3039 τοῦ
2403 2986 2538 3041 Θεοῦ
2564 3003 2577 3017 °
2606 2988 2748 3061 ὑπὲρ
2770 2982 2845 3045 ὧν
2869 2990 3098 3058 ἀφέντες
3120 2991 3304 3057 αὐτὸν,
3345 2989 3654 3052 παντελῶς-

383 3087 710 3143 genuerunt.
737 3097 756 3132 ι
793 3078 932 3134 Nam
952 3090 1006 3135 et
1033 3097 1156 3136 cum
1190 3084 1445 3152 gentibus
1477 3092 1673 3154 praeter
1702 3085 1952 3155 pmscri-

2058 3075 2164 3136 τοῖς
2179 3073 2413 3138 εἰδώλοις
2442 3077 2748 3146 προσεῖχον.
2770 3095 2789 3128 ι
2820 3075 2938 3132 Ὅτι
2955 3080 3119 3132 τέκνα
3139 3080 3391 3150 ἀλλότρια
3406 3079 3640 3150 ἐγέννη-

386 3174 539 3234 ptum
567 3167 816 3239 conjugia
839 3171 1150 3235 miscentes,
1182 3189 1249 3228 ex
1293 3175 1722 3246 alienigenarum
1761 3178 1954 3246 copula

2058 3183 2153 3218 σαν
2178 3167 2408 3230 ἐαυτοῖςί
2448 3186 2467 3218 ι
2501 3168 2609 3225 Καὶ
2625 3167 2732 3239 γάρ
2760 3169 2853 3222 καὶ
2883 3173 2994 3234 τοῖς
3026 3170 3202 3224 ἔθνεσι
3243 3171 3391 3242 παρά
3416 3172 3477 3224 τὸ
3503 3172 3639 3225 Sta-

388 3258 590 3313 Iiberos
624 3271 1004 3330 susceperunt.
1045 3261 1184 3334 Ergo
1219 3264 1348 3319 hinc
1385 3267 1550 3320 etiam
1586 3268 1955 3323 omnimodam

387 3347 604 3401 illorum
662 3364 786 3402 cum
837 3351 1158 3420 alienigenis
1203 3355 1639 3412 commistionem
1693 3357 1954 3424 ostendit,

383 3441 513 3509 quia
547 3456 614 3496 ex
657 3440 745 3497 his
773 3441 939 3497 etiam
971 3443 1128 3498 liberi
1172 3445 1308 3514 ipsis
1336 3445 1448 3499 nati
1488 3447 1620 3502 sint.
1657 3445 1771 3502 Hoc
1807 3448 1955 3503 enim

383 3530 495 3584 illis
542 3529 877 3600 improperat
927 3531 1090 3586 etiam
1139 3533 1332 3588 beatus
1371 3533 1541 3589 David
1575 3535 1807 3592 dicens:
1845 3556 1865 3590 ι
1892 3536 1959 3592 Et

381 3617 656 3674 commisti
673 3627 803 3673 sunt
825 3619 970 3674 inter
984 3626 1174 3689 gentes
1188 3620 1251 3678 ι’.
1265 3639 1386 3673 ι-ι
1400 3619 1554 3676 Nunc
1569 3620 1846 3677 devorabil
1863 3637 1958 3678 eos

385 3712 606 3781 rubigo,
655 3727 867 3767 necnon
895 3713 1243 3769 bmreditates
1285 3714 1552 3784 ipsorum.
1581 3736 1599 3768 ι
1634 3713 1775 3770 Dicit
1805 3716 1961 3771 nimi-

386 3817 508 3856 rum
533 3818 593 3858 se
619 3811 876 3872 tanquam
907 3805 1143 3876 rubigini
1170 3807 1499 3862 traditurum
1526 3822 1622 3862 eos
1648 3807 1817 3863 exitio
1833 3823 1957 3864 cum

386 3894 716 3963 patrimonio
734 3895 1009 3950 universo.
1041 3914 1060 3947 ι
1073 3895 1321 3969 Clangite
1335 3899 1570 3954 buccina
1587 3915 1751 3970 super
1768 3901 1956 3966 colles,

383 3993 577 4040 sonate
626 3999 790 4056 super
844 3986 1080 4052 excelsa,
1139 3988 1431 4058 praedicata
1467 3990 1525 4044 in
1575 3989 1738 4046 domo
1793 3988 1898 4045 0n.
1935 4007 1954 4040 ι

388 4076 642 4142 Cunctis,
672 4077 872 4148 inquit,
904 4078 1062 4143 locis,
1093 4079 1186 4134 ubi
1223 4080 1557 4149 impietatem
1605 4089 1842 4136 vestram
1867 4095 1962 4150 pa-

387 4169 599 4233 trastis,
645 4170 866 4224 omissis
895 4169 1178 4226 consuetis
1215 4169 1439 4235 ritibus,
1495 4170 1728 4225 clamate
1753 4173 1958 4240 potius,

385 4272 498 4326 quo
522 4258 677 4314 vobis
704 4267 967 4315 eventura
995 4261 1134 4314 mala
1152 4259 1789 4332 portendatis.Quaenam
1815 4263 1963 4317 haec?

392 4369 411 4401 ι
430 4347 725 4420 Obstupuit
751 4349 1059 4420 Beniamin,
1091 4349 1350 4422 Ephraim
1381 4350 1437 4406 in
1463 4351 1799 4409 desolatione
1837 4353 1960 4417 fuit,

1992 4393 2038 4448 D

2053 3255 2382 3325 τεταγμένον
2426 3257 2790 3326 ἐπιμιγέντες,
2817 3257 2876 3323 ἐξ
2904 3259 3213 3329 ἀλλοφύλων
3258 3261 3650 3315 ἐτεκνώσαντα

2056 3345 2335 3415 ἐπιμιξίας
2359 3362 2372 3376 ·
2419 3346 2578 3400 τοῦτο
2617 3347 2726 3418 γὰρ
2755 3348 2938 3413 αὐτοῖς
2979 3350 3075 3402 καὶ
3102 3351 3129 3402 ό
3171 3351 3438 3420 μακάριος
3468 3349 3640 3404 Δαυῒδ

2056 3435 2278 3504 ἐγκαλεῖ
2321 3436 2495 3506 λέγων
2518 3453 2530 3467 ·
2567 3457 2586 3490 ι
2620 3439 2731 3492 Καὶ
2760 3441 3100 3510 ἐπεμίγησαν
3138 3443 3196 3494 ἐν
3228 3444 3338 3505 τοῖς
3369 3441 3560 3495 ἔθνεσι.
3612 3461 3633 3493 ι

2056 3527 2352 3584 Κάνταῦθα
2383 3529 2558 3585 τοίνυν
2583 3531 2682 3600 τὴν
2717 3532 2953 3603 παντελῆ
2990 3533 3125 3604 πρὸς
3158 3535 3285 3596 τοὺς
3312 3533 3638 3603 ἀλλοτρίους

2058 3619 2337 3688 ἐπιμιξίαν
2358 3618 2527 3691 δηλοῖ,
2561 3621 2622 3673 τὸ
2654 3621 2818 3675 τέκνα
2843 3623 3026 3688 αὐτοῖς
3056 3623 3113 3690 ἐξ
3145 3623 3324 3677 αὐτῶν
3354 3623 3640 3692 γενέσθαι.

2064 3727 2084 3762 ι
2116 3707 2225 3763 Νῦν
2252 3710 2623 3780 καταφάγεται
2661 3712 2856 3776 αὐτοὺς
2884 3714 2916 3784 ἡ
2949 3713 3175 3784 ἐρυσίϐη
3218 3713 3311 3766 καὶ
3350 3715 3475 3777 τοὺς
3499 3713 3646 3785 κλή-

2063 3818 2188 3872 ρους
2228 3800 2426 3856 αὑτῶν.
2454 3820 2472 3852 ι
2500 3803 2618 3856 Ἰνα
2650 3802 2778 3874 εἴπῃ
2810 3803 2890 3856 ὅτι
2926 3803 3091 3874 Δίκην
3132 3821 3193 3857 τε
3237 3805 3495 3875 ἐρυσίϐης
3534 3804 3646 3857 αὑ-

2059 3891 2185 3956 τούς
2213 3910 2272 3946 τε
2312 3894 2406 3946 καὶ
2431 3893 2499 3947 τὰ
2533 3894 2802 3964 προσόντα
2850 3895 3033 3958 αὐτοῖς
3073 3895 3290 3950 ἅπαντα
3326 3895 3648 3968 παραδώσω

2062 3982 2259 4054 φθορᾷ.
2312 4002 2331 4036 ι
2388 3984 2692 4037 Σαλπίσατε
2741 3983 3004 4054 σάλπιγγι
3060 3986 3154 4039 ἐπὶ
3201 3986 3329 4050 τοὺς
3377 3985 3641 4057 βουνούςο

2061 4076 2304 4146 ήχήσστε
2361 4075 2454 4128 ἐπὶ
2499 4074 2606 4128 τῶν
2659 4075 2902 4146 ὑψηλῶν,
2952 4075 3224 4147 κηρύξατε
3274 4077 3333 4130 ἐν
3381 4075 3456 4146 τῷ
3497 4061 3646 4150 οἴκῳ

2066 4168 2183 4221 Ὧν.
2223 4185 2242 4218 ι
2292 4167 2381 4220 Ἐν
2423 4165 2596 4220 ἀπασι
2626 4166 2705 4231 δὲ,
2752 4167 2906 4237 φησὶ,
2936 4169 3048 4230 τοῖς
3089 4166 3274 4229 τόποις
3313 4167 3369 4218 ἐν
3415 4161 3494 4230 οἷς
3532 4167 3648 4239 τὴν

2062 4257 2314 4314 ἀσέϐειαν
2367 4257 2688 4329 είργάζεσθε
2745 4258 2843 4330 τὴν
2888 4259 3112 4322 οἰκείαν,
3150 4258 3224 4328 (p.
3258 4257 3350 4330 40)
3399 4258 3640 4326 ἀφέντες

2064 4349 2161 4412 τὰς
2207 4349 2460 4420 συνήθεις
2501 4349 2758 4414 σπουδὰς,
2821 4350 3051 4420 βοήσατε
3099 4339 3328 4420 μᾶλλον,
3389 4349 3453 4403 τὰ
3506 4352 3647 4422 περὶ

384 4443 442 4498 in
473 4441 668 4498 diebus
695 4441 1080 4512 correptionis.
1107 4463 1127 4496 ι
1166 4443 1468 4515 Benjamini
1491 4446 1734 4510 nomine,
1763 4445 1959 4502 Judaem

2066 4442 2209 4511 ὑμᾶς
2248 4441 2384 4512 ὑπὲρ
2428 4440 2632 4494 τούτων
2669 4441 2902 4512 ἐσόμενα
2953 4439 3249 4512 μηνύοντες
3286 4442 3449 4496 κακά.
3500 4443 3648 4496 Ποῖα

385 4548 615 4606 regnum
639 4533 803 4602 dicit;
833 4533 1129 4605 prraimo
1157 4544 1366 4601 autem,
1401 4535 1593 4592 decem
1625 4537 1851 4594 denotat
1872 4540 1967 4594 tri-

388 4626 512 4682 bus.
546 4623 733 4696 Neque
758 4641 892 4682 vero
920 4626 998 4681 ait
1026 4627 1179 4682 illum
1203 4627 1576 4698 obstupuisse,
1605 4628 1752 4684 hunc
1781 4637 1962 4686 autem

385 4715 726 4783 desolatum;
761 4716 855 4773 sed
884 4717 954 4772 de
1005 4725 1238 4788 utroque
1277 4718 1646 4774 communiter
1670 4728 1964 4792 utrumque

385 4807 543 4871 dicit,
579 4822 777 4877 nempe
827 4807 974 4878 quod
1019 4809 1409 4878 obstupescent
1461 4819 1515 4863 et
1543 4810 1956 4869 desolabuntur.

390 4917 412 4950 ι
431 4897 492 4954 In
521 4897 716 4953 diebus
733 4897 1117 4967 correptionis,
1141 4917 1158 4950 ι
1176 4897 1228 4952 id
1256 4906 1341 4954 est
1368 4899 1424 4954 in
1445 4899 1686 4956 hostium
1702 4901 1954 4970 incursu,

385 5005 528 5061 quos
582 4989 702 5062 ipse
755 4988 1010 5052 adducet,
1060 4998 1121 5043 ut
1171 4989 1359 5060 populi
1410 4989 1498 5047 sui
1543 4993 1960 5062 perversitatem

387 5083 566 5152 palam
620 5081 874 5154 castiget.
915 5078 1318 5151 Obstupescent
1363 5098 1516 5155 ergo,
1553 5085 1648 5150 ait,
1697 5086 1960 5146 mirantes

388 5173 626 5228 subitam
659 5187 843 5228 rerum
881 5185 1108 5227 suarum
1153 5175 1564 5246 catastropben,
1611 5176 1669 5231 in
1699 5191 1806 5247 qua
1837 5176 1964 5232 fun-

388 5265 538 5322 ditus
575 5264 961 5328 destruentur,
1011 5280 1098 5320 me
1142 5265 1333 5322 hostes
1389 5266 1472 5322 eis
1507 5267 1852 5332 immittente,
1910 5277 1967 5326 et

392 5360 670 5421 peractam
709 5355 779 5410 ab
815 5355 952 5426 ipsis
993 5353 1490 5426 transgressionem
1524 5356 1804 5426 puniente.
1843 5355 1965 5412 Jam

2059 4532 2264 4599 ταῦτα;
2322 4550 2342 4584 ι
2407 4530 2629 4602 Ἐξέστη
2700 4531 2980 4603 Βενιαμὶν,
3060 4532 3298 4604 Ἑφραῒμ
3355 4534 3432 4596 εἰς
3492 4535 3647 4601 ἀφα-

2059 4621 2250 4690 νισμὸν
2289 4621 2506 4690 ἐγένετο
2530 4621 2589 4674 ἐν
2623 4619 2860 4691 ἡμέραις
2893 4621 3138 4692 ἐλέγχου.
3173 4640 3192 4672 ι
3239 4621 3370 4675 Ἀπὸ
3401 4621 3498 4692 μέν
3524 4621 3647 4695 γὰρ

2057 4712 2150 4766 τοῦ
2185 4710 2443 4781 Βενιαμὶν
2489 4710 2584 4784 τὴν
2614 4711 2712 4782 τῆς
2751 4709 3010 4776 Ἰουδαίας
3053 4710 3197 4778 λέγει
3227 4710 3503 4780 βασιλείαν
3526 4728 3539 4740 ο
3568 4712 3651 4765 ἐκ

2062 4803 2120 4857 δὲ
2143 4803 2239 4858 τοῦ
2281 4801 2520 4874 Ἐφραῒμ
2542 4802 2642 4865 τὰς
2674 4801 2806 4856 δέκα
2834 4800 3028 4873 μηνύει
3055 4801 3229 4871 φυλάς
3248 4819 3261 4832 ο
3295 4801 3355 4855 οὐ
3385 4802 3540 4855 τοῦτο
3579 4803 3647 4859 δὲ

2064 4893 2231 4962 λέγει,
2263 4894 2344 4951 ὅτι
2367 4893 2395 4944 ό
2420 4893 2517 4963 μὲν
2542 4892 2758 4964 ἐξέστη,
2783 4893 2812 4948 ό
2835 4891 2892 4945 δὲ
2915 4894 2996 4955 εἰς
3042 4892 3343 4963 ἀφανισμὸν
3382 4892 3604 4960 ἐγένετο
3628 4909 3646 4927 ο

2065 4985 2178 5039 ἀλλ’
2215 4985 2302 5039 ἵνα
2334 4987 2499 5055 κοινῇ.
2519 4985 2604 5050 ἐπ’
2655 4982 2982 5054 ἀμφοτέρων
3025 4984 3158 5057 εἴπῃ
3192 4982 3253 5036 τὸ
3301 4982 3652 5056 συναμφότε-

2067 5095 2181 5151 ρον,
2217 5079 2298 5132 ὅτι
2347 5077 2700 5146 ἐκστήσονται
2751 5076 2846 5128 καὶ
2899 5074 2978 5140 είς
3031 5075 3341 5146 ἀφανισμὸν
3385 5075 3647 5130 ἔσονταιο

2061 5169 2157 5224 καὶ
2194 5188 2213 5220 ι
2249 5169 2306 5222 ἐν
2332 5167 2568 5240 ἡμέραις
2592 5167 2686 5224 τοῦ
2713 5165 2934 5237 ἐλέγχου
2977 5185 2994 5218 ι
3023 5167 3172 5236 λέγει
3201 5168 3259 5221 δέ
3283 5169 3344 5220 ἐν
3361 5169 3436 5238 τῇ
3462 5166 3666 5240 ἐφόδῳ,

2061 5261 2170 5316 τῶν
2215 5259 2510 5331 πολεμίων,
2559 5260 2628 5330 ἢν
2682 5259 2896 5326 ἐπάξει,
2921 5258 3019 5324 τάς
3064 5259 3404 5330 παρανομίας
3457 5257 3658 5313 αὐτῶν

2062 5353 2300 5422 ἐλέγχων
2349 5352 2654 5423 προδήλως.
2720 5351 3110 5422 Ἐκστήσονται
3147 5346 3262 5416 οὖν,
3311 5351 3496 5419 φησὶν,
3543 5351 3658 5406 ἐκ-

395 5457 510 5496 rem
532 5457 877 5501 communem
907 5446 1120 5504 diaresi
1148 5446 1280 5513 dici,
1312 5447 1516 5518 passim
1549 5448 1854 5518 comperirc
1883 5456 1959 5504 est

2066 5443 2421 5514 πληττόμενοι
2456 5442 2556 5514 τῆς
2590 5442 2719 5513 περὶ
2745 5443 2942 5505 αὐτοὺς
2983 5441 3284 5512 μεταϐολῆς
3312 5442 3375 5494 τὸ
3419 5441 3655 5510 ἀθρόον,

391 5530 561 5588 ctiam
586 5531 730 5602 apud
763 5534 978 5590 beatum
998 5535 1258 5593 Davidem
1283 5574 1299 5601 ,
1335 5536 1482 5592 velut
1504 5550 1628 5592 cum
1666 5537 1774 5591 ait:
1823 5555 1841 5587 ι
1868 5536 1959 5592 Die

2069 5536 2161 5604 ὑφ’
2193 5529 2259 5606 ἦς
2285 5535 2744 5606 ἀφανισθήσονται
2773 5533 3052 5596 παντελῶς
3073 5550 3087 5564 ο
3113 5533 3247 5604 ἐμοῦ
3283 5532 3408 5595 τούς
3435 5549 3493 5585 τε
3537 5549 3657 5587 πο-

396 5622 652 5688 elamavi,
683 5630 739 5678 et
768 5632 929 5681 nocte
957 5640 1142 5681 coram
1184 5627 1322 5695 te“;
1345 5646 1364 5680 ι
1399 5642 1508 5683 non
1536 5627 1610 5681 ait
1639 5643 1698 5683 sc
1725 5627 1959 5683 interdiu

2068 5626 2287 5697 λεμίους
2338 5626 2517 5689 αὐτοῖς
2565 5625 2881 5693 ἐπάγοντος,
2930 5625 3019 5678 καὶ
3070 5623 3166 5695 τὴν
3216 5621 3658 5693 ἐπιτελουμένην

477 5781 517 5817 ³⁸
539 5778 697 5838 Rom.
732 5797 770 5850 ι,
803 5780 884 5837 18.
970 5779 1174 5838 "Psal.
1207 5798 1295 5853 rv,
1331 5784 1399 5838 56
1497 5785 1539 5816 ¹⁶
1572 5783 1713 5839 Psal.
1741 5783 2057 5849 ωιινιι,2.
