3920 6130
215 294 302 348 15⁸1

1286 303 1834 368 COMMENTARIUS
1866 313 1933 368 IN
1971 314 2173 372 οδειΕ
2212 314 2362 372 CAP.
2397 313 2462 369 V.

3371 321 3473 379 158

215 410 333 504 παρῖ
573 409 904 504 tuumne
941 418 1312 488 παρανομίαν·
1345 421 1405 474 τὺ
1429 421 1485 476 δὲ
1514 423 1576 476 τὸ
1616 423 1786 478 κοινὸν

1897 430 2156 498 clamare,
2188 442 2241 487 et
2271 439 2435 486 noctu
2461 445 2649 486 coram
2684 431 2797 488 Deo
2822 430 3002 503 loqui;
3038 432 3132 489 sed
3162 433 3239 488 ait
3263 435 3468 504 potius.

219 500 348 554 κατὰ
372 500 639 568 διαίρεσιν
665 502 874 571 λέγειν,
897 504 1052 577 εὖροι
1079 506 1146 562 ἄν
1167 525 1253 572 τις
1284 512 1506 582 συνεχὲς
1529 514 1623 567 καὶ
1652 514 1803 587 παρὰ

218 590 287 661 τῷ
314 591 574 662 μακαρίῳ
607 593 779 646 Δαυῖδ
801 608 817 624 ⁸
851 593 929 657 ὥς
958 596 1089 650 ὅταν
1115 598 1250 672 λέγῃ
1269 616 1286 632 ο
1325 619 1344 651 ι
1397 599 1638 672 Ἡμέρας
1674 605 1802 657 ἐκέ-

221 681 524 751 animum).
551 684 614 735 ὲν
639 685 802 737 νυκτὶ
831 686 1078 740 ἐναντίον
1103 704 1197 741 σου
1220 705 1233 718 ·
1263 708 1282 741 ι
1304 690 1403 744 οὐκ
1419 692 1478 744 ἐν
1503 691 1685 763 ἡμέρᾳ
1704 694 1802 764 μιν

223 772 338 842 βοᾷ-ο
373 771 574 840 λέγων,
633 774 698 826 ιν
739 776 901 829 νυκτὶ
943 777 1000 830 δὲ
1053 779 1293 833 ἐναντίον
1331 781 1665 851 φθέγγεσθαι
1705 785 1800 840 τοῦ

219 861 342 914 Θεοῦ
364 877 380 891 ·
415 863 538 916 ἀλλ’
572 865 663 918 ἵνα
690 865 850 937 εῖπη,
877 868 962 921 ὅτι
1017 869 1258 941 Ἡμέρας
1299 871 1396 925 καὶ
1440 873 1634 937 νυκτδς
1673 874 1798 928 ἐκέ-

223 951 388 1020 κραξα
414 953 668 1008 ἐναντίον
695 970 791 1008 σου
813 973 831 988 ·
865 957 1010 1010 κατά
1059 957 1319 1032 διαίρεσιν
1367 961 1543 1016 τοίνυν
1587 958 1709 1017 εἶπε
1735 965 1798 1018 τὸ

224 1042 422 1094 κοινόν·
453 1043 605 1098 οὕτω
637 1046 918 1101 κάνταῦθα
939 1047 1088 1115 λέγει
1110 1049 1226 1112 τὺ,ι
1265 1048 1484 1120 Ἑξίστη
1515 1051 1792 1122 Βενιαμὶν,

235 1133 470 1203 Ἐφραῒμ
491 1137 577 1198 είς
603 1137 918 1209 ἀφανισμὸν
947 1141 1182 1207 ἐγένετο·
1224 1159 1242 1193 ι
1273 1143 1359 1196 ἵνα
1392 1144 1519 1215 εἴπῃ
1542 1148 1623 1199 ὅτι
1652 1149 1795 1201 κατὰ

222 1223 389 1279 κοινοῦ
413 1225 720 1298 ιξέστησὰν
761 1247 824 1282 τε
881 1231 975 1283 καὶ
1012 1233 1090 1295 είς
1132 1235 1437 1304 ἀφανισμὸν
1481 1237 1788 1305 γεγόνασιν.

223 1333 240 1363 ι
285 1315 372 1368 Ἕν
411 1317 538 1380 ταῖς
579 1317 776 1386 φυλαῖς
827 1321 1043 1392 Ἰσραὴλ
1087 1323 1263 1390 ἔδειξα
1313 1327 1498 1380 πιστά.
1536 1345 1554 1378 ι
1593 1328 1667 1397 (p.
1697 1328 1788 1396 41)

219 1405 395 1460 Ταῦτα
423 1409 484 1462 δὲ
509 1410 737 1479 ἑπόεγων
783 1413 988 1477 αὐτοῖς,
1036 1415 1237 1483 ἐλέγξω
1260 1417 1368 1469 τῶν
1409 1418 1648 1472 ἀπειλῶν
1678 1419 1789 1472 τῶν

1904 516 2146 575 Interdiu
2181 529 2454 590 noctuque
2473 521 2706 575 clamavi
2731 535 2914 576 coram
2937 529 3010 576 te.
3047 520 3188 593 Ergo
3217 538 3311 592 per
3335 523 3472 594 ﬁgu-

1901 617 2020 660 ram
2047 607 2338 664 diaereseos
2369 624 2480 665 rem
2503 624 2855 665 communem
2873 609 3034 665 dixit.
3067 609 3158 666 Sic
3180 611 3345 666 etiam
3369 613 3474 668 hoc

1901 696 2023 752 loco
2047 699 2152 754 ait:
2199 717 2218 750 ς
2241 697 2534 770 Obstupuit
2575 699 2888 770 Benjamin,
2938 700 3194 771 Ephraim
3231 702 3286 756 in
3316 701 3473 758 deso-

1903 787 2103 844 latione
2154 787 2284 857 iuit;
2330 809 2347 840 ι
2389 797 2449 844 ut
2480 791 2756 845 communi
2792 790 2899 861 37
2925 792 3190 847 ambobus
3236 792 3472 848 dictione

1899 878 2494 951 dieat,0bstupuerunt
2526 889 2579 936 et
2607 881 2835 937 desolati
2875 891 3022 938 sunt.
3080 900 3099 933 ι
3128 883 3184 937 In
3215 884 3469 940 tribubus

1900 968 2119 1026 lsraelis
2152 972 2366 1026 ostendi
2397 973 2594 1029 lidelia.
2619 993 2637 1026 ›
2679 973 2803 1028 Hac
2835 974 3097 1028 nimirum
3130 975 3237 1029 illis
3273 975 3471 1043 impin-

1899 1074 2053 1130 gens.
2109 1062 2377 1116 minarum
2425 1078 2666 1118 mearum
2718 1064 3000 1119 veritatem
3051 1065 3471 1134 firmitatemque

1897 1152 2285 1220 eomprobabo,
2323 1153 2524 1223 quibus
2563 1169 2593 1206 a
2626 1155 3014 1223 prophetarum
3044 1154 3327 1208 intentatis
3373 1153 3469 1212 isti

1896 1253 2006 1295 non
2070 1241 2469 1298 crediderunt:
2545 1244 2782 1298 sentient
2852 1253 3031 1298 autem
3093 1243 3467 1314 experimento

1891 1331 2068 1387 edocti
2121 1333 2303 1388 ﬁdelia
2350 1335 2537 1389 omnia
2584 1351 2648 1389 ac
2693 1335 2908 1390 veracia
2957 1335 3127 1390 fuisse
3161 1350 3282 1405 qua:
3317 1334 3462 1389 dicta

1886 1420 2124 1476 fuerant.

218 1497 361 1567 ἐμῶν
383 1500 449 1553 τὺ
471 1498 678 1588 ἀληθὲς
705 1504 800 1556 καὶ
828 1504 1063 1574 βέϐαιον,
1108 1505 1193 1572 αἷς
1231 1509 1320 1563 διὰ
1357 1512 1465 1564 τῶν
1515 1514 1810 1584 προφητῶν
1837 1517 2150 1586 γινομέναις
2198 1519 2494 1588 ἠπίστουν·
2526 1519 2876 1588 αἰσθήσονται
2935 1517 2994 1573 δδ
3023 1519 3087 1572 ὲκ
3129 1518 3229 1587 τῆς
3272 1519 3466 1588 πείρας

216 1591 291 1643 δτι
319 1589 508 1644 πάντα
534 1587 605 1663 ἦν
633 1593 801 1647 πιστά
828 1612 887 1648 τε
911 1598 1004 1650 καὶ
1031 1599 1230 1670 ἀψευδῆ
1255 1601 1325 1653 τὰ
1353 1602 1638 1673 λεγόμενα.

281 1685 429 1754 Falx.
468 1683 633 1753 ὑφ.
665 1715 736 1728 --
771 1708 790 1738 ι
838 1689 1110 1757 Ἐγένοντο
1136 1694 1185 1744 οἱ
1216 1693 1473 1764 ἄρχοντες
1511 1695 1680 1750 Ἰούδα
1707 1696 1781 1760 ὡς

1958 1695 2123 1751 Vsus.
2152 1695 2336 1752 10-12.
2353 1724 2424 1736 —-
2453 1715 2472 1748 ς
2492 1693 2645 1751 Facti
2670 1703 2800 1750 sunt
2826 1697 3106 1768 principes
3129 1696 3284 1752 Iuda
3305 1697 3466 1768 quasi

220 1775 598 1845 μετατιθέντες
643 1779 786 1849 δρια.
825 1797 844 1832 ι
879 1781 1088 1852 Ὠσπερ
1121 1783 1227 1855 γὰρ
1268 1787 1314 1837 οἱ
1343 1785 1411 1838 τὰ
1458 1789 1662 1857 σημεῖα
1689 1787 1790 1857 τῆς

217 1868 316 1922 τῶν
340 1869 540 1941 χωρῶν
570 1869 889 1943 διαιρέσεως
918 1876 1274 1946 ἀφαιροῦντες
1302 1878 1650 1948 λυμαίνονται
1675 1883 1789 1944 τοῖς

215 1961 311 2025 τῆς
337 1961 666 2026 Βατείας
695 1963 943 2028 δικαίοις,
975 1969 1145 2031 οῦτως
1175 1970 1350 2039 ὑμεῖς,
1389 1972 1544 2041 φησὶ,
1588 1973 1789 2042 πολλῆς

213 2053 378 2123 οὔσης
400 2051 726 2123 διαιρέσεως
765 2056 966 2125 μεταξὺ
1004 2058 1135 2127 ἐμοῦ
1173 2076 1232 2111 τε
1266 2061 1490 2114 καὶτῶν
1533 2063 1786 2128 εἰδώλων,

212 2141 286 2212 τῷ
315 2143 624 2216 προσήκειν
668 2145 766 2215 μὲν
790 2147 913 2216 ὲμοὶ
937 2147 1036 2217 τὴν
1081 2148 1216 2202 Θεοῦ
1247 2153 1411 2221 τιμήν
1443 2170 1502 2204 τε
1537 2153 1632 2207 καὶ
1672 2154 1787 2208 ὀνο-

214 2237 433 2304 μασίαν,
469 2233 782 2298 ἐκείνοιςοδὲ
805 2237 914 2289 οὐδ’
937 2237 1092 2301 ὅλως,
1114 2240 1331 2311 ἀρραγῆ
1359 2242 1540 2296 δίκαια
1574 2243 1786 2308 πολλοῖς

209 2342 264 2380 τε
303 2325 405 2380 καὶ
430 2325 704 2390 ποικίλοις
730 2326 1032 2399 διῃρημένα
1068 2332 1305 2401 τρόποις,
1336 2333 1398 2385 τό
1443 2350 1507 2400 γε
1541 2334 1625 2403 ἐφ’
1655 2335 1782 2404 ὑμῖν

208 2415 509 2480 διελύσατε,
529 2415 632 2488 τὴν
653 2417 775 2487 ἐμοὶ
795 2417 1105 2488 προσοῦσαν
1125 2421 1417 2490 ὀνομασίαν
1433 2441 1490 2475 τε
1506 2425 1601 2478 καὶ
1622 2425 1788 2497 τιμὴν

209 2508 580 2580 captans;
605 2508 854 2571 ἐκείνοις.
888 2528 906 2559 r
961 2509 1076 2564 Ἐπ’
1102 2513 1294 2576 αὐτοὺς
1327 2516 1502 2583 ἐκχεῶ
1530 2515 1604 2580 ὡς
1635 2516 1780 2586 ὕδωρ

205 2598 529 2670 τὸδρμημά
560 2615 685 2669 μου.
726 2617 745 2650 ι
777 2598 988 2670 Φοδερᾷ
1027 2601 1079 2668 γ’
1115 2596 1206 2653 οὖν
1250 2619 1353 2654 τινι
1400 2605 1673 2674 χρήσομαι
1716 2607 1782 2675 τῇ

206 2692 326 2744 κατ’
369 2688 554 2742 αὐτῶν
591 2691 737 2764 ὁρμῇ
765 2689 1172 2760 τετολμηκότων
1209 2691 1454 2756 τοιαῦτα,
1485 2693 1639 2764 δίκην
1668 2692 1787 2745 ὕδα-

208 2799 295 2844 τος
350 2779 659 2843 ιπικλύσας
711 2782 907 2844 αὐτοὺς
960 2781 1038 2851 τῷ
1084 2782 1275 2852 πλήθει
1324 2784 1431 2836 τῶν
1490 2783 1782 2854 πολεμίων.

213 2890 231 2921 ι
288 2871 807 2926 Κατεδυνάστευσεν
863 2871 1104 2942 Ἐφραῒμ
1150 2873 1241 2924 τὸν
1289 2873 1558 2925 ἀντίδικον
1597 2873 1782 2935 αὐτοῦ,

209 2960 559 3030 κατεπάτησε
588 2959 653 3013 τὸ
678 2963 870 3032 κρῖμα.
905 2980 925 3011 ι
971 2962 1173 3020 Οὐδένα
1202 2962 1356 3029 λόγον
1389 2960 1532 3033 εἶχον
1575 2962 1669 3016 τοῦ
1707 2964 1781 3017 διο

1889 1786 2154 1838 tez-minos
2194 1783 2652 1839 transferentes.»
2702 1783 3174 1849 Quemadmodum
3218 1787 3320 1850 illi,
3367 1789 3462 1856 qui

1887 1874 2220 1930 divisionum
2253 1876 2306 1928 in
2342 1874 2555 1943 eampis
2579 1875 2735 1945 signa
2761 1874 3042 1940 aulerunt,
3090 1875 3318 1930 dominii
3347 1877 3460 1946 juri

1887 1973 2084 2020 nocent
2118 1983 2130 2018 :
2165 1965 2246 2019 sic
2284 1980 2403 2029 vos,
2433 1964 2632 2034 inquit,
2667 1980 2791 2020 cum
2840 1972 2990 2018 tanta
3019 1973 3166 2020 esset
3205 1966 3345 2020 inter
3376 1983 3463 2022 me

1886 2064 2052 2127 atque
2109 2057 2254 2111 idola
2305 2056 2678 2127 intercapedo,
2733 2065 3008 2126 quatenus
3050 2057 3184 2110 mihi
3235 2057 3464 2114 debetur

1887 2146 2062 2200 honor
2109 2153 2165 2201 et
2208 2160 2407 2202 nomen
2441 2147 2706 2211 divinum,
2766 2147 2875 2202 illis
2902 2162 3032 2202 vero
3077 2162 3460 2218 nequaquam;

1887 2235 2043 2292 ﬁrma
2096 2236 2247 2305 jura,
2287 2237 2585 2308 multisque
2632 2251 2696 2291 ac
2748 2239 2918 2294 variis
2949 2237 3208 2294 distincta
3260 2239 3459 2305 modis,

1884 2343 1984 2384 vos
2001 2327 2222 2398 quidem
2243 2343 2344 2398 pro
2359 2329 2501 2383 virili
2524 2336 2679 2399 parte
2694 2327 3044 2394 dissolvistis,
3065 2345 3261 2384 nomen
3282 2346 3460 2386 meum

1887 2417 2262 2488 honoremque
2304 2418 2466 2473 idolis
2495 2419 2861 2474 attribuenda.
2910 2437 2928 2471 ι
2951 2421 3124 2494 Super
3161 2439 3256 2479 eos
3285 2423 3462 2478 efren--

1884 2507 2011 2562 dam
2068 2508 2226 2577 quasi
2290 2523 2487 2578 aquam
2555 2510 2815 2578 impetum
2893 2528 3137 2570 meum.»
3203 2515 3460 2571 Terribili

1886 2598 2122 2668 quodam
2173 2598 2375 2668 impetu
2405 2600 2552 2653 ferar
2599 2600 2652 2652 in
2681 2615 2798 2663 eos,
2841 2602 2933 2668 qui
2981 2604 3104 2658 talia
3150 2615 3279 2658 sunt
3313 2607 3459 2667 ausi,

1885 2702 2039 2758 aqua
2094 2689 2269 2744 instar
2315 2703 2412 2744 eos
2464 2688 2740 2744 inundans
2792 2692 3142 2748 multitudine
3194 2694 3454 2750 hostium.

1889 2780 2216 2849 «Oppressit
2265 2779 2595 2849 Ephraimus
2645 2781 3022 2836 adversarium
3076 2801 3258 2848 suum,
3327 2802 3461 2840 eon-

1885 2870 2120 2923 culcavit
2166 2869 2458 2938 judicium.
2485 2891 2503 2920 ι
2548 2867 2763 2924 Nillam
2808 2872 3035 2940 justitiae
3065 2875 3330 2929 rationem
3364 2876 3461 2930 ha-

1886 2959 2157 3015 buerunt:
2211 2961 2591 3032 unusquisque
2632 2976 2732 3030 pro
2775 2963 2984 3018 viribus
3032 2965 3138 3018 vim
3193 2965 3457 3035 injustam

208 3052 396 3104 καίουο
424 3025 661 3115 ἕκαστος
689 3025 746 3105 δὲ
773 3025 955 3119 καθὼς
1002 3053 1181 3125 ίσχυεν
1222 3025 1394 3124 ἠδίκει
1436 3025 1528 3106 τὸν
1573 3054 1778 3124 ἕτερον,

1888 3051 2036 3106 alteri
2067 3053 2274 3116 intulit,
2304 3025 2397 3122 jus
2419 3025 2810 3108 conculcantes
2838 3069 2902 3109 ae
2937 3070 3034 3126 pro
3062 3025 3456 3112 nihilohaben-

209 3142 586 3212 πεπατηκότες
610 3143 673 3194 τὸ
697 3141 919 3207 δίκαιον,
949 3145 1043 3196 καὶ
1076 3145 1278 3214 μηδένα
1307 3148 1496 3198 τούτου
1524 3145 1780 3216 ποιούμε·

207 3252 287 3287 νοι
318 3234 513 3301 λόγον·
552 3235 631 3297 ῶς
687 3235 780 3288 καὶ
821 3237 850 3288 ὁ
891 3236 1095 3306 Κύριος
1139 3239 1197 3290 ὲν
1247 3241 1357 3300 τοῖς
1396 3238 1778 3306 Εύαγγελίοις⁹

213 3346 228 3376 ι
265 3326 604 3378 Κατελίπετε
645 3324 744 3395 τὴν
798 3325 1017 3396 ἀγάπην
1064 3327 1156 3381 καὶ
1191 3327 1287 3398 τὴν
1332 3331 1513 3398 κρίσιν
1549 3329 1642 3382 καὶ
1689 3328 1782 3382 τὸν

206 3415 354 3468 ἔλεον
382 3414 479 3485 (5).
519 3433 538 3464 ι
577 3414 656 3482 (p.
682 3413 770 3482 4⁵2)
798 3414 911 3466 Ἵνα
936 3415 1086 3488 εἴπῃ,
1123 3417 1201 3468 ὅτι
1229 3417 1399 3485 Λόγον
1423 3418 1610 3470 οὐδένα
1631 3415 1781 3487 ἔχετε

206 3504 302 3573 τῆς
332 3504 556 3572 ἀγάπης
585 3502 803 3556 καὶ-τοῦ
834 3503 1043 3557 δικαίου
1083 3507 1174 3564 καὶ
1199 3507 1299 3574 τῆς
1339 3507 1744 3578 φιλανθρωπίας
1763 3525 1779 3541 ·

206 3597 298 3657 καὶ
324 3596 599 3658 ἀντίδικον
627 3596 707 3659 δὲ,
747 3597 837 3650 τὸν
867 3598 1264 3669 ἀδικούμενονὸ
1291 3599 1495 3670 Κύριος
1533 3599 1780 3669 φαίνεται

207 3688 382 3741 καλῶν
401 3706 416 3719 ·
433 3689 515 3750 ὡς
550 3687 669 3754 τδ,‹
692 3687 830 3741 Ἰσθι
858 3690 1056 3742 εὐνοῶν
1083 3690 1158 3759 τῷ
1185 3691 1436 3759 ἀντιδίκῳ
1455 3709 1547 3744 σου
1563 3691 1729 3762 ταχύ·
1757 3711 1776 3743 ι

207 3782 310 3846 τοῖς
329 3779 580 3834 ἀδικοῦσι
602 3781 880 3851 παραινῶν
906 3781 1055 3851 πάσῃ
1083 3781 1306 3851 δυνάμει
1335 3784 1462 3845 τοὺς
1490 3782 1783 3852 ἀδικουμέ-

205 3886 326 3933 νους
356 3868 451 3922 ὑπ’
485 3867 668 3921 αὐτῶν
711 3867 1049 3938 θεραπεύειν.
1097 3889 1116 3920 r
1158 3871 1278 3922 ’Ὁτι
1313 3871 1513 3940 ἤρξατο
1555 3870 1786 3941 πορεύε-

206 3959 331 4014 σθαι
357 3959 539 4012 ὀπίσω
580 3957 693 4010 τῶν
740 3960 996 4029 ματαίων.
1041 3979 1058 4014 ι
1094 3961 1277 4014 Ταῦτα
1298 3961 1354 4013 δὲ
1401 3961 1784 4031 διεπράττοντο

203 4048 354 4115 ἐξότε
377 4049 513 4121 περὶ
547 4048 648 4120 τὴν
684 4049 791 4102 τῶν
813 4049 1044 4107 εἰδώλων
1079 4052 1428 4121 προσανέχειν
1456 4051 1660 4104 εἴλοντο
1691 4050 1783 4103 θε-

203 4140 460 4212 ραπείαν,
507 4140 604 4194 ἅτε
638 4140 839 4211 μηδένα
867 4142 976 4196 τῶν
1032 4143 1208 4212 νόμων
1237 4143 1343 4195 τῶν
1386 4144 1535 4212 ἐμῶν
1567 4143 1662 4196 καὶ
1687 4141 1782 4195 τοῦ

1881 3150 1984 3199 tes.
2037 3141 2191 3197 Sicut
2230 3141 2492 3198 Dominus
2535 3144 2589 3197 in
2623 3143 2926 3214 Evangeliis
2959 3162 2972 3196 :
3027 3165 3045 3198 ι
3073 3146 3453 3218 Dereliquistis

1881 3233 2202 3289 eharitatem
2229 3242 2282 3288 et
2303 3235 2566 3304 judicium
2589 3250 2652 3289 ac
2670 3236 3102 3291 misericordiam
3120 3240 3187 3305 *7;
3213 3259 3230 3290 ι
3267 3255 3366 3309 pro
3391 3255 3458 3294 eo

1881 3339 1945 3380 ac
1985 3325 2133 3379 dicat
2174 3345 2187 3378 :
2223 3325 2368 3379 Nihil
2420 3324 2574 3395 pensi
2635 3326 2845 3381 habetis
2880 3327 3238 3393 charitatem,
3295 3329 3455 3397 justi-

1883 3418 2034 3481 tiam,
2072 3433 2136 3472 ae
2165 3417 2574 3486 benignitatem.
2610 3414 2744 3472 Nam
2768 3429 2821 3472 et
2849 3417 3220 3473 adversarium
3245 3419 3456 3473 videtur

1881 3511 2063 3566 dicere
2088 3509 2351 3566 Dominus
2383 3524 2482 3580 pro
2505 3523 2571 3564 eo
2593 3511 2683 3580 qui
2710 3511 2876 3565 laesus
2898 3509 2998 3563 fuit
3025 3527 3040 3575 ;
3072 3512 3252 3564 velut:
3287 3529 3306 3561 ι
3329 3510 3458 3566 Esto

1881 3601 2180 3657 benevolus
2217 3601 2530 3656 adversario
2561 3608 2654 3653 tuo
2682 3600 3057 3666 celeriter“;i
3098 3610 3279 3654 monet
3308 3603 3458 3656 scili-

1883 3700 1970 3749 cet
2003 3691 2303 3747 otl‘ensores
2353 3699 2413 3745 ut
2459 3690 2686 3743 omnino
2732 3699 3001 3742 conentur
3051 3690 3151 3746 abs
3199 3706 3259 3746 se
3298 3691 3456 3747 lases

1882 3782 2122 3852 placare.
2165 3799 2184 3831 ι
2209 3780 2347 3846 Quia
2373 3780 2542 3849 erepit
2574 3778 2729 3834 abire
2767 3789 2891 3848 post
2913 3794 3072 3834 vana.
3097 3799 3116 3831 ι
3151 3781 3229 3834 Ita
3257 3783 3459 3852 quippe

1885 3886 1945 3925 se
1971 3869 2251 3939 gerebant,
2293 3883 2360 3922 ex
2400 3881 2512 3939 quo
2561 3867 2828 3922 idolorum
2865 3871 3239 3939 superstitioni
3272 3885 3332 3926 se
3359 3870 3456 3924 ad-

1885 3963 2163 4024 dixerunt,
2194 3961 2400 4016 omissa
2435 3961 2611 4030 legum
2657 3975 2898 4015 mearum
2925 3961 3293 4027 observantia,
3335 3976 3454 4018 om-

1885 4057 2052 4126 nique
2081 4055 2278 4111 ollieio.
2315 4073 2336 4106 ι
2366 4052 2430 4107 Et
2458 4067 2560 4122 ego
2586 4053 2740 4123 quasi
2772 4053 3121 4108 conturbatio
3139 4053 3454 4124 Ephraimo,

1883 4158 1937 4204 et
1963 4150 2075 4220 28
2100 4149 2254 4219 quasi
2287 4146 2543 4202 stimulus
2567 4142 2741 4204 Iuda.
2762 4164 2784 4198 ι
2817 4143 2874 4199 In
2892 4145 3084 4216 grandi
3107 4160 3202 4200 eos
3220 4146 3457 4201 hostium

200 4233 575 4304 προσήκοντος
601 4231 683 4284 ετι
704 4232 1015 4302 ποιούμενοι
1045 4234 1220 4301 λόγον.
1265 4253 1281 4284 ι
1320 4235 1427 4286 Καὶ
1453 4233 1561 4301 ἐγὼ
1587 4233 1662 4296 ὡς
1686 4250 1785 4286 τας-

1888 4255 2054 4295 causa
2112 4239 2520 4310 perturbatione
2575 4238 2928 4301 constituam,
2990 4237 3116 4292 belli
3177 4237 3459 4293 doloribus

205 4327 340 4398 ραχη
366 4325 448 4396 τῷ
487 4325 749 4396 Ἐφραῖμ,
780 4326 874 4378 καὶ
904 4326 977 4388 ὡς
1006 4326 1228 4396 κέντρον
1260 4327 1338 4396 τῷ
1365 4329 1496 4395 οἴκῳ
1535 4327 1723 4384 Ἰούδα.
1758 4343 1776 4375 ι

1888 4331 2043 4402 quasi
2077 4329 2227 4398 gravi
2267 4327 2491 4382 slimulo
2541 4326 2664 4380 illos
2692 4340 3086 4396 compungens.
3117 4324 3290 4381 Porro
3322 4338 3459 4380 satis

213 4417 301 4468 Ἐν
343 4414 524 4482 πολλῇ
564 4417 779 4485 ταραχῇ
808 4414 896 4468 διὰ
922 4417 1028 4468 τῶν
1064 4416 1334 4485 πολεμίων
1369 4417 1566 4476 αὐτοὺς
1611 4430 1780 4473 κατα-

1888 4428 2118 4484 sonstat,
2178 4417 2324 4487 quod
2378 4415 2522 4470 haud
2567 4416 2797 4468 alterum
2844 4417 2912 4470 de
2958 4415 3254 4484 Ephraimo
3288 4416 3454 4478 dicat,

204 4502 407 4574 στήσω,
437 4501 636 4573 ὥσπερ
658 4504 767 4555 τινὶ
789 4503 946 4574 βαρεῖ
975 4504 1182 4576 κέντρῳ
1204 4508 1319 4568 ταῖς
1343 4504 1548 4556 ἐκεῖθεν
1567 4502 1780 4565 ὀδύναις

1888 4515 2108 4569 alterum
2139 4508 2206 4563 de
2233 4507 2392 4570 Juda,
2430 4503 2524 4560 sed
2551 4518 2894 4557 communem
2917 4505 3190 4557 ambobus
3219 4503 3460 4555 minatur

205 4594 457 4666 πλήττων
504 4596 734 4659 αὐτούς·
783 4596 1006 4666 εὔδηλον
1045 4598 1150 4667 γὰρ
1199 4599 1279 4650 ὅτι
1325 4598 1444 4665 οὐχὶ
1471 4597 1532 4649 τὸ
1567 4597 1665 4666 μὲν
1704 4593 1782 4665 τῷ

1888 4600 2355 4661 conturbationem
2384 4611 2450 4650 ae
2473 4594 2776 4661 stimulum,
2830 4599 2890 4647 ut
2930 4593 3043 4662 jam
3076 4593 3131 4648 in
3169 4591 3458 4660 superiori-

217 4687 474 4757 Ἐφραίμ,
529 4687 594 4740 τὸ
640 4688 692 4740 δὲ
743 4689 819 4758 τῷ
873 4688 1042 4758 Ἰούδᾳ
1086 4689 1265 4757 λέγει·
1315 4690 1456 4742 κατὰ
1505 4685 1684 4742 κοινοῦ
1726 4687 1785 4741 δὲ

1888 4695 1989 4749 bus
2023 4686 2546 4747 demonstravimus.

204 4779 540 4848 ὁμφοτέροις
572 4779 673 4848 τήν
702 4796 760 4831 τε
792 4781 1034 4850 ταραχὴν
1065 4782 1300 4832 ἐποίσειν
1337 4782 1429 4833 καὶ
1469 4780 1529 4831 τὸ
1561 4779 1790 4848 κέντρον

208 4871 353 4940 φησὶ,
397 4869 589 4934 καθὼς
621 4872 713 4924 καὶ
751 4873 809 4925 ὲν
843 4874 954 4935 τοῖς
979 4873 1273 4944 ἀνωτέροις
1307 4873 1610 4942 ἐδείξαμεν.

267 4962 416 5034 Στίχ.
471 4970 657 5032 ιγ’-ιε’.
691 4995 760 5007 -
797 4983 816 5015 ι
857 4966 968 5017 Καὶ
1016 4965 1153 5019 εἶδεν
1205 4965 1445 5035 Ἐφραῒμ
1492 4966 1588 5036 τὴν
1629 4967 1784 5024 νόσον

1963 4965 2123 5021 Vens.
2163 4964 2353 5020 13-15.
2383 4993 2451 5004 —-—
2487 4983 2506 5014 ε
2535 4962 2600 5016 Et
2622 4961 2760 5017 vidit
2785 4959 3110 5031 Ephraimus
3142 4959 3455 5027 languorem

207 5051 384 5118 αὐτοῦ,
409 5053 511 5106 καὶ
552 5053 754 5118 Ἰούδας
783 5055 880 5126 τὴν
915 5055 1106 5125 ὀδύνην
1145 5056 1310 5108 αὐτοῦ
1333 5074 1344 5084 ·
1384 5056 1478 5109 καὶ
1511 5057 1782 5138 ἐπορεύθη

218 5140 452 5214 Ἐφραῒμ
500 5144 638 5215 πρὸς
691 5144 1033 5216 Ἀσσυρίους,
1067 5147 1160 5198 καὶ
1196 5145 1482 5198 ἀπέστειλε
1524 5144 1783 5216 πρέσϐεις

212 5232 335 5302 πρὸς
643 5234 888 5305 Ἰαρείμ·
939 5236 1032 5287 καὶ
1077 5237 1234 5299 αὐτὸς
1268 5237 1368 5288 οὐκ
1410 5234 1647 5305 ἠδυνήθη
1688 5233 1781 5307 ῥύ-

217 5324 396 5381 σασθαι
441 5328 611 5398 ὑμᾶς.
660 5345 683 5382 ι
727 5328 867 5382 Τότε
920 5327 986 5398 δὴ
1017 5327 1126 5381 τῶν
1168 5328 1384 5386 οίκείων
1435 5326 1781 5399 αἰσθήσονται

269 5483 312 5512 ³⁷
341 5483 468 5541 Luc.
495 5502 572 5548 ιι,
601 5484 696 5543 ιε.
764 5486 810 5520 ⁸⁸
838 5485 1030 5551 Matth.
1067 5504 1118 5554 ν,
1143 5487 1232 5542 ‘25.

224 5697 232 5707 _
279 5631 346 5700 (5)
382 5636 774 5694 Animadverte
807 5637 1131 5707 praeclaram
1175 5637 1460 5692 lectionem
1486 5636 1653 5707 ἔλεον,
1693 5651 1781 5690 eu-

217 5705 534 5778 J'isjcstigia
579 5709 712 5763 alibi
769 5705 1302 5778 non_inveniebam,
1331 5723 1399 5762 ne
1427 5708 1487 5778 in
1516 5705 1782 5778 Vaticano

228 5771 420 5844 quidem
451 5771 736 5854 prcuobili
776 5775 946 5843 1209,
980 5791 1081 5832 nec
1111 5777 1166 5832 in
1187 5775 1439 5849 Vulgato.
1460 5776 1783 5834 Pratclaram

1885 5072 2066 5122 suum,
2099 5065 2153 5112 et
2183 5055 2354 5110 ludas
2382 5055 2627 5108 dolorem
2659 5068 2839 5107 suum.
2870 5050 2936 5103 Et
2968 5051 3101 5105 abiit
3133 5048 3456 5116 Ephraimus

1884 5148 1949 5204 ad
1981 5146 2260 5217 Assyrios,
2305 5146 2563 5214 misitque
2615 5143 2821 5211 legatos
2847 5139 2915 5193 ad
2944 5151 3124 5208 regem
3173 5134 3366 5200 Jarim,
3407 5145 3456 5190 et

1890 5237 2005 5306 ipse
2037 5252 2144 5292 non
2185 5236 2359 5306 potuit
2387 5222 2582 5290 sanare
2623 5247 2740 5287 vos.
2766 5250 2787 5283 ι
2826 5229 2982 5283 Tune
3011 5227 3290 5283 enimvero
3319 5227 3456 5281 mala

1889 5343 1988 5385 sua
2013 5326 2373 5397 persentient:
2407 5327 2522 5380 haec
2541 5326 2688 5380 enim
2712 5320 2946 5391 appellat
2964 5319 3276 5388 languorem
3298 5324 3457 5388 atque

1887 5632 2022 5697 dixi,
2060 5631 2170 5685 imo
2207 5629 2501 5700 pretiosam
2536 5623 2819 5680 lectionem
2846 5661 2886 5700 ,_
2913 5620 3037 5700 quia
3096 5619 3453 5700 misericordia

1891 5687 2271 5774 argumentum
2302 5699 2620 5768 fructusque
2657 5703 2739 5750 est
2777 5687 3038 5758 caritatis,
3063 5705 3181 5761 qua:
3225 5687 3292 5741 ibi
3321 5701 3452 5756 pra:-

1892 5773 2054 5828 cedit.
