3920 6130
460 328 565 379 ιιι
665 372 667 374 .

1700 326 2045 382 TiiEOEORl
2085 325 2579 387 MOPSUESTENI;

3612 331 3719 386 ιω

462 438 708 492 dolorem
731 454 751 495 ι
781 449 903 489 cum
936 433 1185 489 videlicet
1222 434 1470 505 captivus
1498 433 1799 491 abducetur
1830 435 1897 489 ad
1927 438 2034 491 As-

2150 436 2357 489 ιακῶν·
2409 435 2566 489 τοῦτο
2607 433 2717 505 γὰρ
2765 433 2915 501 λέγει
2947 433 3100 488 νόσον
3135 434 3227 488 καὶ
3263 435 3480 508 ὀδύνην
3528 438 3607 491 ὅτ’
3646 444 3717 501 αν

467 527 645 600 syrios
679 525 1034 595 Epliraimus:
1069 526 1160 594 qui
1196 526 1261 578 ad
1305 522 1683 596 Egyptiorum
1710 526 1927 596 quidem
1961 541 2043 581 re-

467 633 587 687 gem
616 617 821 686 legatos
854 615 1099 678 miserat,
1144 615 1241 672 sed
1271 617 1474 669 nullam
1526 616 1649 671 inde
1677 632 1833 686 opem
1871 619 2037 687 impe.

470 715 733 763 traverat.
770 706 883 761 «Et
927 721 1036 760 non
1083 706 1298 761 desinet
1341 713 1518 761 vester
1547 708 1735 775 dolor;
1785 710 2042 778 quoniam

467 816 571 870 ego
604 800 759 870 quasi
789 800 1049 868 panthera
1094 798 1406 867 prraimo,
1443 808 1499 853 et.
1528 800 1689 870 quasi
1743 801 1829 854 leo
1857 801 2043 856 domui

466 891 648 948 Jmlaa:
681 905 783 957 ego
807 891 1015 958 rapiam
1039 899 1093 943 et
1115 895 1307 943 vadum
1336 898 1388 943 et
1418 892 1622 951 tollam,
1644 907 1742 946 nec
1767 892 1858 961 qui
1890 902 2047 946 eruat

469 984 595 1037 erit.
624 1002 641 1032 ι
704 980 762 1035 ln
805 981 1084 1036 continuis
1136 981 1552 1049 perseverabitis
1598 983 1792 1048 malis;
1842 985 2044 1039 etenim

469 1080 733 1141 tanquam
762 1072 1023 1140 panthera
1057 1072 1250 1138 leoque
1281 1070 1432 1125 vobis
1458 1087 1575 1131 ero,
1608 1074 1778 1125 multa
1807 1088 1904 1131 vos
1921 1089 2044 1127 cum

471 1164 749 1219 celeritate
780 1163 994 1230 rapiens
1020 1172 1075 1216 et
1096 1163 1371 1215 abduceus
1402 1178 1496 1230 per
1520 1163 1756 1218 hostium
1790 1166 2050 1220 incursio-

474 1267 627 1318 nem;
675 1254 809 1321 quin
838 1267 932 1307 vos
961 1252 1160 1319 aliquis
1191 1252 1645 1307 incumbentibus
1684 1256 1842 1311 malis
1875 1256 2049 1325 possit

473 1343 812 1396 subtrahere.
841 1360 861 1392 ι
890 1341 980 1395 Ibo
1001 1353 1055 1395 et
1083 1351 1327 1395 revertar
1350 1341 1417 1396 ad
1447 1343 1624 1397 locum
1656 1347 2049 1407 meum,douec

474 1434 806 1501 dispereunt.
839 1450 859 1483 ι
900 1432 1335 1486 Consentaneum
1381 1434 1672 1502 proposita:
1705 1435 2049 1492 similitudini

473 1524 578 1578 hoc
604 1538 823 1593 quoque
858 1524 1023 1577 dicit:
1075 1525 1518 1592 quandoquidem
1564 1523 1804 1581 ferarum
1854 1529 2038 1598 hujus-

473 1612 615 1667 modi
662 1614 749 1667 hic
798 1628 914 1667 mos
959 1621 1064 1675 est,
1112 1623 1169 1667 ιιι
1213 1628 1336 1667 cum
1371 1615 1661 1668 velocitate
1708 1616 1944 1685 rapiant,
1997 1624 2051 1673 et

2146 524 2429 594 ἁπάγηται
2487 523 2586 595 μὲν
2644 522 2985 592 αἰχμάλωτος
3040 524 3121 586 είς
3168 523 3295 586 τοὺς
3359 524 3722 597 Ἀσσυρίουςρ

2157 611 2420 682 Ἐφραῒμ,
2466 611 2811 669 ἀποστέλλων
2840 611 2897 665 δὲ
2934 610 3193 683 πρέσϐεις
3221 612 3315 677 ἐπὶ
3357 614 3451 668 τὸν
3478 615 3588 668 τῶν
3625 616 3727 679 Δί·
3790 609 3796 612 ⁴

2144 705 2392 776 γυπτίων
2431 702 2671 774 βασιλέα,
2710 701 2783 773 (p.
2810 704 2903 771 45)
2949 702 3085 773 μηδὲ
3133 702 3261 773 μίαν
3309 703 3514 758 ἐκεῖθεν
3561 707 3722 778 κομί-

2145 790 2307 868 ζηται
2356 797 2631 869 βοήθειαν.
2672 814 2690 846 ι
2746 795 2857 850 Καὶ
2907 795 2966 847 οὐ
3021 794 3095 864 μὴ
3136 795 3409 867 διαπαύσῃ
3459 798 3518 863 ἐξ
3563 799 3722 870 ὑμῶν

2145 888 2307 959 ὀδύνη
2328 905 2342 921 ο
2369 887 2502 940 διότι
2527 885 2638 955 ἐγώ
2670 887 2786 955 είμι
2817 884 2893 947 ὡς
2922 883 3139 954 «evang
3181 883 3260 953 τῷ
3313 885 3582 956 Ἑφραῖμ,
3625 889 3729 943 καὶ

2147 980 2223 1042 ὡς
2252 977 2388 1043 λέων
2419 980 2476 1030 ὲν
2518 974 2606 1045 τῷ,
2644 974 2779 1043 οἴκῳ
2822 972 2990 1029 Ἰούδα
3009 988 3022 1002 ο
3057 972 3151 1026 καὶ
3178 971 3291 1042 ἐγὼ
3332 974 3596 1045 ἁρπῶμαι
3626 976 3731 1030 καὶ

2148 1066 2488 1140 πορεύσομαι
2527 1065 2625 1120 καὶ
2649 1064 2909 1134 λήψομαι,
2943 1062 3035 1117 καὶ
3079 1063 3185 1121 οὐκ,
3210 1063 3363 1117 ἔσται
3403 1065 3432 1117 ό
3477 1064 3731 1136 ἐξαιροῦ-

2152 1176 2332 1228 μενος.
2376 1177 2394 1209 ι
2447 1156 2534 1210 Ἐν
2576 1156 2874 1218 ἀπαύστοις
2914 1157 3127 1225 μενεῖτε
3165 1158 3375 1220 κακοῖς,
3411 1158 3597 1227 ἐπειδὴ
3645 1158 3732 1222 ὡς

2148 1250 2216 1306 ἄν
2243 1246 2279 1325 ᾖ
2310 1249 2525 1318 πάνθηρ
2559 1265 2618 1301 τε
2647 1247 2739 1301 καὶ
2768 1247 2902 1301 λέων
2932 1248 3059 1317 ὑμῖν
3096 1246 3312 1315 ἔσομαι,
3350 1248 3488 1318 μετά
3522 1248 3733 1320 πολλῆς

2150 1342 2294 1411 ὑμᾶς
2325 1340 2427 1411 τῆς
2454 1340 2712 1410 ὀξύτητος
2735 1339 2995 1408 ἁρπάζων
3014 1355 3076 1392 τε
3111 1341 3205 1392 καὶ
3236 1340 3463 1407 ἀπάγων
3506 1340 3596 1401 διὰ
3621 1342 3733 1411 τῆς

2148 1432 2256 1489 τῶν
2299 1432 2573 1502 πολεμίων
2614 1430 2832 1499 ἑφόδου’
2895 1429 3107 1493 οὑδενὸς
3162 1430 3524 1495 ἀπαλλάτῃιν
3575 1431 3732 1502 ὑμᾶς

2147 1523 2258 1580 τῶν
2284 1523 2647 1592 ἐπικειμένων
2676 1521 2861 1583 κακῶν
2890 1520 3004 1575 οἵου
3035 1538 3094 1573 τε
3121 1520 3292 1584 ὄντος.
3324 1539 3345 1573 ι
3381 1522 3732 1594 Πορεύσομαι

2150 1616 2244 1668 καὶ
2277 1613 2598 1686 ἐπιστρέψω
2620 1614 2718 1685 ,εἰς
2769 1612 2858 1668 τὸν
2896 1612 3059 1665 τόπον
3109 1629 3241 1682 μουλ
3281 1611 3387 1675 ἕως
3418 1608 3733 1683 οἷιράφανι-

470 1708 617 1778 quod
650 1706 957 1762 occurrerit
982 1706 1269 1771 auferant;
1299 1720 1424 1760 mox
1453 1707 1520 1760 ad
1548 1708 1868 1776 speluncam
1894 1724 2047 1765 suam

2151 1701 2340 1756 σθῶσι.
2379 1720 2399 1753 ι
2449 1699 2779 1763 Ἀκολούθως
2826 1703 2895 1771 τῇ
2945 1699 3133 1767 εἰκόνι,
3159 1703 3225 1771 τῇ
3262 1703 3597 1774 προκειμένῃ
3629 1703 3733 1757 καὶ

471 1799 689 1863 abeant,
726 1798 912 1867 ibique
937 1797 1199 1852 devorent
1223 1797 1462 1865 praedam
1499 1807 1661 1866 atque
1701 1808 2050 1853 consumant.

473 1890 617 1961 Ergo
664 1890 732 1944 ad
780 1888 1103 1958 pantheram
1130 1895 1188 1940 et
1230 1888 1442 1942 leonem
1480 1888 1592 1943 base
1620 1904 1840 1958 quoque
1882 1892 2053 1947 verba

477 1981 696 2045 retulit,
746 1995 844 2049 pro
870 1994 935 2033 eo
969 1987 1028 2032 ut
1053 1978 1290 2033 diceret:
1343 1977 1636 2046 Postquam
1672 1995 1770 2035 vos
1810 1980 2049 2035 hostium

480 2086 651 2127 manu
691 2070 964 2140 praedatus
995 2068 1169 2132 fuero,
1218 2075 1273 2124 et
1303 2069 1546 2138 captivos
1587 2069 1789 2134 fecero,
1840 2085 2049 2126 mecum

477 2162 597 2232 ipse
642 2161 925 2222 habitabo,
981 2175 1157 2229 neque
1200 2158 1268 2215 ad
1318 2167 1525 2228 gestam
1569 2176 1689 2217 rem
1729 2162 2045 2231 respiciam,

475 2254 741 2321 nulloque
766 2252 933 2305 modo
956 2252 1111 2306 vobis
1131 2251 1460 2321 opitulabor,
1492 2251 1667 2306 donec
1700 2253 1777 2307 ab
1821 2268 2048 2324 Oppres-

479 2341 700 2397 soribus
716 2341 915 2397 vestris
934 2355 1249 2408 supremum
1270 2338 1493 2394 exitium
1516 2341 1819 2409 patiamini,
1855 2361 1875 2393 ι
1900 2341 2051 2398 Tunc

478 2432 694 2486 demum
720 2438 1124 2494 convertentur,
1161 2437 1216 2484 et
1247 2428 1441 2484 faciem
1489 2445 1667 2485 meam
1697 2432 2002 2501 requirent.
2026 2453 2045 2485 ι

480 2523 634 2579 Tunc
657 2539 788 2580 sane
813 2532 868 2579 et
889 2523 969 2577 illi
991 2521 1377 2591 resipisceutes
1400 2528 1557 2591 opem
1605 2538 1782 2578 meam
1803 2523 2055 2595 implora-

478 2613 639 2667 bunt

2151 1792 2306 1847 τοῦτο
2338 1792 2648 1863 ἐπήγαγεν·
2683 1789 2869 1861 ἐπειδὴ
2906 1789 3015 1844 τῶν
3058 1789 3311 1844 τοιούτων
3351 1791 3553 1864 θηρίων
3584 1793 3722 1848 ἴδιόν

2149 1886 2263 1936 ἐστι
2299 1882 2436 1955 μετὰ
2475 1882 2732 1952 ὀξύτητος
2771 1881 2868 1952 μὲν
2901 1882 3163 1952 ἁρπάζειν
3214 1900 3273 1937 τε
3319 1885 3413 1939 καὶ
3453 1886 3718 1957 ἀφαιρεῖν

2148 1974 2209 2027 τὸ
2257 1973 2612 2047 προσπίπτον,
2649 1972 2868 2025 ἀπιέναι
2896 1971 2953 2024 δὲ
2983 1971 3075 2024 ἐπὶ
3104 1971 3203 2043 τὴν
3237 1973 3474 2045 μάνδραν
3516 1976 3616 2046 τὴν
3642 1979 3731 2040 οἰ,-

2149 2066 2324 2129 κείαν,
2357 2061 2474 2125 εἶτα
2503 2064 2690 2119 αὐτόθι
2719 2063 3021 2116 κατεσθίειν
3059 2081 3119 2116 τε
3165 2065 3258 2119 καὶ
3296 2067 3720 2122 καταναλίσκειν

2148 2154 2217 2215 τὰ
2237 2154 2467 2227 ληφθένο
2493 2153 2629 2219 πρὸς
2669 2148 2760 2206 οὖν
2785 2154 2844 2213 τὸ
2874 2155 2949 2217 ὡς
2990 2152 3202 2225 πανθηρ
3261 2155 3354 2209 καὶ
3401 2155 3570 2221 λέων,
3612 2159 3729 2212 ἀπ-

2146 2243 2315 2298 έδωκε
2366 2244 2457 2296 καὶ
2483 2243 2641 2301 τοῦτο
2661 2261 2674 2274 '
2710 2244 2829 2297 ἀντὶ
2860 2243 2974 2310 τοῦ,
3016 2245 3297 2316 Ἀρπᾴσας
3327 2246 3468 2317 ὑμᾶς
3486 2247 3574 2317 διὰ
3606 2249 3725 2301 τῶν

2149 2336 2440 2406 πολεμίων,
2471 2337 2564 2399 καὶ
2592 2335 2966 2406 αἰχμαλώτους
2998 2338 3363 2409 καταστήσας.
3396 2341 3516 2393 κατ’
3546 2342 3723 2410 ὲμαυ-

2149 2434 2238 2486 τὸν
2264 2432 2480 2502 ἔσομαι,
2523 2432 2621 2484 οὑκ
2665 2431 3120 2503 ἐπιστρεφόμενος
3170 2432 3306 2503 πρὸς
3334 2432 3401 2486 τὰ
3431 2435 3728 2504 γινόμενα,

2150 2524 2273 2578 οὑδὲ
2306 2539 2429 2576 τινα
2475 2522 2655 2591 νέμων
2706 2522 2833 2592 ὑμῖν
2876 2520 3141 2591 βοήθειαν,
3183 2521 3309 2594 ἄχρι
3358 2522 3424 2577 ἂν
3468 2525 3571 2579 ὑπὸ
3615 2526 3730 2579 τῶν

2152 2614 2489 2687 κατεχόντων
2511 2611 2747 2680 παντελῆ
2771 2612 2869 2682 τὴν
2895 2610 3165 2665 ἀπώλειαν
3187 2612 3537 2684 ὑπομείνητε.
3567 2634 3586 2666 ι
3617 2617 3745 2675 Καὶ,

474 2703 862 2774 ἐπιστρέφουσι
908 2705 1003 2759 καὶ
1047 2704 1340 2775 ζητήσουσι
1387 2704 1448 2760 τὸ
1497 2703 1785 2775 πρόσωπόν
1834 2723 1959 2776 μου..
2019 2725 2037 2759 ι
2099 2706 2232 2767 Τότε
2297 2704 2411 2776 γὰρ
2460 2704 2525 2774 δὴ
2571 2704 2814 2767 κάκεῖνοι
2867 2701 3306 2788 μεταϐαλόμενοι⁸
3333 2706 3431 2779 τῆς
3475 2705 3737 2781 βοηθείας

473 2796 756 2867 ⁸Σεήσονται
793 2797 893 2868 τῆς
924 2798 1087 2870 ἁμῆς.

1131 2885 1280 2940 CAP.
1312 2884 1406 2940 Vl.

549 2978 657 3048 29
688 2976 855 3031 Vens.
876 2978 981 3031 l-5.
1010 3006 1079 3016 —
1110 2996 1130 3028 ι
1155 2977 1215 3031 In
1235 2977 1589 3033 tribulatione
1615 2993 1713 3033 sua
1738 2994 1896 3034 mane
1922 2979 2049 3050 vigi-

479 3065 672 3120 labuut
700 3064 767 3118 ad
801 3080 888 3120 me
923 3064 1169 3120 dicentes
1203 3081 1218 3116 :
1268 3063 1625 3119 Revertantur
1654 3064 1722 3119 ad
1761 3066 2044 3121 Dominum

482 3151 653 3208 Deum
677 3162 961 3219 nostrum;
993 3154 1122 3222 quia
1150 3154 1266 3222 ipse
1285 3155 1577 3223 percussit,
1597 3163 1657 3209 et
1672 3157 1888 3210 sanabit
1915 3172 2039 3223 nos;

480 3244 813 3307 vulneravit,
848 3251 903 3297 et
931 3243 1237 3298 medebitur
1275 3245 1470 3299 nobis:
1503 3260 1670 3301 sanos
1700 3261 1803 3302 nos
1832 3257 2051 3316 praesta-

480 3336 559 3389 bit
586 3342 707 3404 post
726 3333 975 3397 biduum,
1007 3335 1165 3389 tertia
1189 3335 1278 3390 die
1297 3351 1666 3406 resurgemus,
1691 3339 2050 3410 vivemusque

478 3440 663 3479 coram
694 3426 809 3490 illo,
849 3435 903 3481 et
924 3425 1183 3482 sciemus.
1206 3445 1226 3478 ι
1260 3425 1488 3496 Pr0pter
1515 3428 1893 3486 incumbentes
1915 3431 2049 3500 ipsis

475 3516 859 3571 tribulationes
892 3517 1060 3572 multa
1101 3530 1228 3571 cum
1260 3517 1542 3572 celeritate
1576 3519 1641 3574 ad
1676 3535 1761 3574 me
1789 3530 2047 3589 current;

481 3620 806 3676 inagnopere
824 3606 1182 3669 confidentes,
1213 3606 1328 3663 fore
1354 3616 1412 3663 ut
1432 3609 1529 3677 qui
1549 3624 1644 3665 eos
1660 3612 2046 3678 percusserim,

478 3697 683 3765 pariter
718 3699 945 3753 cumino
990 3713 1213 3761 sanem,
1257 3706 1312 3752 et
1354 3700 1594 3769 acceptis
1633 3703 2048 3758 convenientem

436 3816 441 3823 -
480 3787 800 3842 vulneribus
843 3788 1167 3853 medicinam
1221 3788 1440 3855 faciam,
1496 3791 1607 3846 cito
1660 3792 1948 3848 admodum
1995 3800 2050 3847 et

471 3877 726 3946 expedite
780 3892 869 3932 res
914 3893 1104 3933 eorum
1155 3881 1511 3950 prosperitati
1566 3882 1879 3938 restituens.
1934 3881 2049 3937 Hoc

472 3968 624 4021 ettim
658 3968 922 4024 denotant
958 3971 1159 4026 verba:
1192 3990 1212 4024 ι
1246 3970 1473 4027 Sanabit.
1503 3988 1604 4029 nos
1640 3982 1764 4043 post
1798 3975 2046 4042 biduum,

475 4063 531 4108 et
569 4057 730 4110 tertia
762 4057 850 4113 die
874 4074 1239 4130 resurgemus.
1275 4080 1295 4113 ι
1333 4061 1466 4114 Tam
1495 4063 1667 4129 brevi,
1706 4065 1902 4133 inquit,
1948 4079 2048 4120 nos

475 4146 716 4212 sanabit,
764 4159 824 4203 ut
867 4151 935 4204 ad
969 4166 1244 4207 summum
1279 4151 1443 4209 biduo
1482 4154 1565 4207 vel
1603 4154 1785 4209 triduo
1814 4156 1868 4211 in
1900 4155 2047 4210 anti-

476 4251 641 4304 quam
672 4253 772 4291 nos
793 4250 1023 4309 reponat
1039 4243 1418 4297 valetudinem.
1443 4243 1614 4299 Dictio
1636 4260 1765 4301 vero
1795 4266 1812 4297 ι
1833 4245 1900 4300 Et
1917 4248 2051 4302 scie-

478 4340 604 4381 mus
623 4346 642 4379 ι
677 4329 897 4397 ponitur
926 4346 1046 4400 pro,
1074 4331 1293 4389 Meliore
1324 4336 1635 4391 conditione
1662 4338 1890 4394 erimus.
1923 4338 2048 4394 Vel-

2791 2884 2951 2937 ΚΕΦ.
3002 2885 3107 2949 ς’.»

2224 2977 2374 3048 Στίχ.
2415 2978 2566 3045 αἠγς
2622 2993 2647 3026 ι
2707 2974 2795 3028 Ἐν
2845 2972 3021 3042 θλίψει
3073 2972 3261 3033 αὑτῶν,
3309 2973 3737 3045 προσορθριοῦαι

2153 3070 2288 3140 πρός
2338 3085 2405 3138 με
2436 3067 2715 3135 λέγοντες’
2756 3062 3119 3134 Πορευθῶμεν
3167 3063 3260 3117 κα)⁵
3304 3064 3743 3138 ἐπιστρέψωμεν.

2150 3162 2284 3234 πρὸς
2302 3160 2394 3213 τὴν
2425 3159 2631 3228 Κύριον
2652 3156 2745 3209 τόν
2773 3156 2903 3210 Θεὸν
2943 3154 3120 3229 ἡμῶν,
3153 3154 3236 3209 ὅτι
3263 3155 3424 3219 αὐτὸς
3456 3158 3731 3222 πέπαικεν

2150 3250 2243 3303 καὶ
2281 3249 2493 3302 ἰάσεται
2520 3247 2685 3316 ἡμᾶς,
2727 3244 2955 3309 πατάξει
2994 3243 3086 3301 καὶ
3139 3244 3471 3315 μοτώσεται·
3510 3246 3591 3316 (p.
3631 3247 3728 3317 44)

2116 3382 2119 3385 λ
2151 3341 2362 3410 ὑγιάσει
2390 3341 2536 3411 ἡμᾶς
2568 3338 2703 3409 μετὰ
2720 3337 2813 3392 δύο
2834 3338 3067 3408 ἡμέρας,
3094 3338 3151 3390 ἐν
3176 3340 3241 3411 τῇ
3270 3338 3454 3410 ἡμέρᾳ
3473 3341 3538 3409 τῇ
3563 3339 3745 3417 τρίτῃ-

2149 3431 2593 3502 ἀναστησόμεθα,
2636 3430 2730 3483 καὶ
2773 3429 3050 3500 ζησόμεθα
3106 3430 3348 3485 ἐναντίον
3396 3429 3594 3496 αὑτοῦ,
3632 3433 3743 3493 καὶ,

2149 3521 2487 3593 γνωσόμεθα.
2518 3540 2538 3573 ι
2571 3520 2707 3579 Ὑπὸ
2727 3519 2834 3589 γὰρ
2863 3518 2972 3573 τῶν
3003 3519 3365 3588 ἐπικειμένων
3398 3520 3584 3583 αὑτοῖς
3613 3520 3734 3574 θλί-

2147 3615 2294 3685 ψεων
2320 3615 2458 3685 μετά
2486 3614 2685 3685 πολλῆς
2715 3614 3046 3684 όρμήσουσιν
3072 3614 3161 3668 ἐπ’
3187 3614 3287 3684 ἐμὲ
3310 3613 3410 3683 τῆς
3430 3611 3743 3685 ὀξύτητοςο.

2152 3705 2355 3776 σφόδρα
2387 3722 2451 3773 γε
2484 3701 2814 3775 θαρροῦντες
2860 3702 2944 3756 ὅτι
2990 3703 3237 3769 πατάξας
3269 3704 3466 3767 αὐτοὺς
3498 3702 3598 3761 καὶ
3642 3704 3733 3760 ἰά-

2152 3812 2317 3866 σομαι
2348 3796 2587 3857 πάντως,
2625 3792 2920 3863 θεραπείαν
2964 3809 3023 3845 τε
3061 3792 3246 3857 ὲπάξω
3287 3793 3398 3854 τοῖς
3447 3790 3736 3862 συμϐεϐη-

2149 3886 2302 3940 κόσιν
2331 3886 2514 3948 αὑτοῖς
2543 3881 2877 3953 κατάλληλον
2902 3882 3199 3954 τραύμασι,
3234 3882 3372 3954 μετὰ
3404 3880 3606 3952 πολλῆς
3632 3883 3735 3951 τῆς

2148 3976 2404 4047 ὀξύτητος
2426 3976 2637 4046 καὶτῆς
2656 3975 2959 4045 εὑμαρείας
2984 3976 3063 4037 είς
3091 3972 3376 4049 διόρθωσιν
3406 3972 3555 4047 ἄγων
3586 3990 3734 4028 παν-

2147 4068 2278 4137 τελῆ
2305 4067 2374 4123 τὰ
2403 4068 2522 4121 κατ’
2552 4066 2746 4131 αὐτούς
2767 4083 2783 4098 ο
2812 4065 2971 4119 τοῦτο
3006 4065 3114 4136 γὰρ
3138 4064 3287 4133 λέγει
3303 4065 3388 4132 τὸ,
3416 4084 3436 4118 ι
3478 4066 3735 4139 ’Υγιάσει

2147 4159 2297 4229 ἡμᾶς
2366 4156 2506 4227 μετά
2559 4157 2650 4210 δύο
2701 4157 2948 4229 ἡμέρας,
3002 4158 3060 4217 ἐν
3112 4158 3178 4229 τῇ
3226 4158 3409 4230 ἡμέρᾳ
3458 4161 3524 4229 τῇ
3564 4157 3735 4230 τρίτη

2106 4292 2111 4295 .
2149 4246 2598 4317 ἀναστησόμεθω
2643 4266 2662 4299 ι
2700 4246 2873 4313 οὕτως
2910 4247 3018 4319 γὰρ
3047 4250 3215 4318 ἡμᾶς,
3240 4251 3394 4318 φησὶ,
3446 4249 3732 4321 συντόμως
3845 4288 3853 4295 .

2154 4339 2382 4399 ίάσεται.
2441 4338 2583 4393 ὥστε
2621 4342 2681 4392 ὲν
2724 4339 2817 4393 δύο
2866 4340 2961 4393 καὶ
3007 4340 3185 4411 τρισὶν
3226 4341 3462 4412 ἡμέραις
3504 4340 3565 4395 τδ
3618 4342 3733 4413 μή-

478 4421 558 4473 uti
588 4420 715 4477 illud
741 4437 755 4473 :
788 4441 806 4474 ι
838 4421 1007 4480 Notas
1027 4426 1157 4480 mihi
1185 4426 1362 4484 fecisti
1391 4429 1508 4485 vias
1535 4431 1766 4496 vitam»
1803 4432 1856 4486 id
1873 4431 2039 4497 est,ln

2150 4444 2348 4492 κιστόν,
2402 4431 2481 4491 είς
2525 4427 2622 4498 τὴν
2647 4427 2877 4483 παλαιὰν
2912 4432 3057 4501 ἡμᾶς
3078 4430 3534 4501 ἀποκαταστῆναι
3557 4430 3731 4483 πάλιν

477 4511 586 4566 vita
611 4528 697 4570 me
716 4516 1068 4573 constituisti.
1095 4538 1113 4571 ι
1135 4520 1460 4593 Persequam
1470 4539 1553 4586 ur,
1574 4532 1632 4578 ut
1653 4539 2047 4593 cognoscamus

2150 4518 2449 4590 εὐπραγίαν
2468 4534 2481 4548 ·
2509 4517 2568 4572 τὸ
2594 4517 2672 4583 δὲ,
2707 4536 2727 4569 ι
2763 4519 2872 4571 Καὶ
2894 4518 3228 4589 γνωσόμεθα,
3259 4538 3279 4571 ι
3309 4519 3429 4572 ἀντὶ
3450 4517 3540 4572 τοῦ
3561 4559 3577 4582 ,
3636 4520 3731 4573 Ἐν

477 4601 785 4660 Dominum.
807 4626 827 4658 ι
868 4607 1125 4668 Studiose
1152 4612 1441 4668 scientiam
1473 4614 1598 4682 ejus
1631 4616 2044 4684 conquiramus.

2143 4609 2437 4665 ἀπολαύσει
2454 4609 2562 4663 τῶν
2586 4608 2910 4679 κρειττόνων
2939 4610 3175 4681 ἐσόμεθα
3195 4626 3209 4640 ·
3242 4610 3318 4673 ὡς
3356 4610 3438 4676 τὸ,
3463 4629 3482 4662 ι
3521 4609 3734 4678 Ἐγνώ-

483 4692 689 4759 cQuasi
758 4708 1006 4766 paratum
1073 4702 1371 4757 diluculum
1438 4705 1781 4761 inveniemus
1848 4722 2040 4762 eum.»

2150 4704 2302 4772 ρισάς
2351 4719 2441 4772 μοι
2493 4701 2648 4764 όδοὺς
2685 4700 2851 4770 ζωῆς,
2891 4719 2910 4753 ι
2936 4701 3057 4755 ἀντὶ
3100 4700 3217 4761 τοῦ.
3265 4701 3352 4756 Ἐν
3407 4700 3485 4771 τῷ
3516 4699 3619 4772 ζῇν
3658 4718 3735 4772 με

475 4783 821 4852 Adjutorium
888 4790 1013 4859 ejus
1069 4794 1454 4847 nauciscemur
1514 4797 1672 4863 quasi
1724 4796 2045 4861 diluculum,

2150 4793 2505 4862 κατέστησας.
2558 4811 2576 4843 ι
2631 4791 2901 4863 Διὼξομεν
2932 4793 3024 4847 τοῦ
3062 4791 3265 4861 γνῶναι
3297 4793 3386 4846 τὸν
3429 4792 3665 4864 Κύριον.
3702 4811 3723 4844 ι

477 4875 639 4945 quasi
663 4875 918 4930 nimirum
946 4895 977 4935 e
1001 4883 1242 4937 tenebris
1265 4899 1353 4938 res
1378 4872 1575 4939 nostra:
1596 4885 1650 4938 in
1669 4885 1841 4940 lucem
1868 4893 2047 4942 trans-

2150 4885 2306 4941 Μετὰ
2359 4883 2591 4953 σπουδῆς
2634 4884 2797 4937 αὑτοῦ
2840 4885 2940 4955 τῆς
2969 4884 3222 4955 γνώσεως
3250 4884 3734 4956 ἐπιμελησόμεθα.

477 4962 744 5020 ferantur.
798 4963 1144 5038 «Venietque
1192 4973 1255 5028 ad
1300 4987 1403 5028 nos
1451 4974 1606 5043 quasi
1651 4974 1825 5031 imber
1865 4977 2044 5032 telluri

2156 4994 2176 5029 ι
2248 4976 2336 5039 Ὠς
2378 4974 2571 5047 ὄρθρον
2626 4976 2840 5047 ἕτοιμον
2902 4976 3204 5047 εὑρήσομεν
3246 4976 3427 5030 αὑτόν.
3476 4993 3495 5031 ι
3526 4975 3739 5040 Τευξό-

473 5059 777 5123 matutinus
804 5068 900 5115 aut
928 5062 1222 5119 serotinus.
1247 5082 1268 5116 ι
1328 5063 1561 5121 Uberem
1600 5067 1856 5136 prebebit
1882 5069 2047 5124 bono-

2152 5065 2293 5137 μεθα
2316 5065 2429 5137 γὰρ
2470 5064 2636 5119 αὑτοῦ
2673 5070 2771 5138 τῆς
2808 5065 3057 5137 βοηθείας
3098 5066 3255 5138 δίκην
3286 5064 3504 5139 ὄρθρου,
3547 5065 3628 5133 ὣς
3661 5064 3737 5120 ἂν

473 5161 597 5201 rum
617 5148 985 5220 largitionem,
1013 5152 1179 5208 veluti
1202 5153 1271 5209 de
1292 5164 1437 5211 terra
1456 5153 1675 5213 fructus
1694 5158 2042 5226 proveniunt.

2150 5158 2214 5211 ἐκ
2247 5157 2470 5220 σκότους
2495 5159 2576 5220 εἰς
2610 5156 2725 5225 φῶς
2753 5155 3124 5227 μεταϐαλόντα
3153 5156 3224 5208 τὰ
3250 5155 3511 5228 ἡμέτερα.
3546 5142 3568 5205 ἑ
3609 5154 3737 5209 Καὶ

474 5252 596 5304 quae
628 5242 776 5296 omni
811 5252 1054 5313 tempore
1086 5243 1342 5300 idoneum
1366 5246 1596 5303 imbrem
1625 5249 1943 5307 obtinuerit.

2150 5248 2262 5319 ἣξει
2308 5250 2441 5319 ἡμῖν
2495 5248 2571 5312 ὡς
2620 5247 2771 5311 ὑετὸς
2811 5246 3059 5318 πρώῖμος
3109 5248 3176 5318 τῇ
3224 5248 3317 5321 γῇ.
3374 5264 3392 5297 ι
3452 5243 3735 5314 ’Δφθονον

474 5328 700 5397 παρέξει
716 5331 825 5387 τῶν
845 5334 1068 5402 ἀγαθῶν
1093 5336 1190 5408 τὴν
1225 5337 1506 5411 χορηγίαν,
1540 5338 1699 5411 δίκην
1738 5340 1846 5397 τῶν
1884 5344 1949 5399 ὲκ
1985 5339 2090 5410 γῆς
2135 5339 2532 5410 ἀναδιδομένων
2574 5338 2836 5411 καρπῶν,
2884 5339 2960 5392 ὅτ’
3010 5337 3077 5393 ἂν
3125 5337 3263 5391 κατά
3290 5336 3488 5415 ¹πάντα
3530 5337 3739 5408 καιρὸν

474 5417 775 5488 ἀπιτηδείου
809 5425 1049 5500 τυγχάνῃ
1078 5428 1173 5481 τοῦ
1210 5430 1385 5484 ὑετοῦ.

552 5503 719 5563 Vsus.
766 5510 887 5566 Η.
915 5542 987 5554 -
1018 5515 1202 5581 «Quid
1257 5517 1453 5574 faciam
1525 5519 1646 5587 tibi,
1714 5514 2045 5590 Ephraime?

2222 5514 2372 5582 Στιχ.
2399 5508 2541 5573 δ’-ζῆ
2559 5538 2630 5549 --
2654 5511 2729 5579 (p.
2760 5507 2850 5578 d5)
2871 5525 2891 5559 ι
2916 5507 2981 5561 Τί
3012 5524 3094 5560 σοι
3120 5506 3352 5578 ποιήσω,
3368 5505 3643 5575 Ἐφραΐμς
3675 5504 3746 5567 τ(

478 5596 608 5667 quid
650 5597 843 5655 faciam
876 5603 994 5665 tibi,
1032 5603 1210 5663 Iuda?
1256 5609 1623 5668 Misericordia
1660 5620 1837 5668 vestra
1887 5610 2043 5681 quasi

2152 5623 2234 5659 σοι
2284 5603 2520 5673 ποιήσω,
2559 5599 2758 5665 ’ἰούδα;
2807 5599 2867 5652 τὸ
2911 5598 2966 5652 δὲ
3018 5598 3165 5661 ἕλεος
3212 5596 3363 5669 ὑμῶν
3401 5596 3475 5662 ὡς
3519 5596 3739 5672 νεφέλη

553 5756 591 5789 ⁸⁷
638 5754 781 5813 Psal.
821 5773 908 5820 xv,
943 5757 998 5810 ll
