3920 6130
410 285 520 339 165

405 395 636 452 noxium
687 403 1002 463 vanumque
1041 390 1321 449 'idoiorum
1367 391 1616 448 studium
1645 393 1989 463 expromitis.
2023 398 2068 455 Α

403 488 506 542 ‘Sic
532 486 676 542 enim
694 496 758 542 et
801 487 857 540 in
893 480 1276 555 superioribus
1305 483 1467 549 dixit,
1518 503 1538 538 ι
1561 482 1640 541 Ne
1666 485 1909 541 abieritis
1937 485 1992 540 in

404 573 638 646 'Galgala
686 575 999 641 civitatem;
1045 587 1232 645 neque
1285 588 1425 628 vana
1475 575 1852 646 operemini,»
1895 575 1992 639 ait,

417 674 477 721 ut
502 681 624 737 que
655 665 800 721 inea
825 672 1134 736 patrantur,
1159 663 1460 735 signiﬁcet.
1501 682 1521 716 ι
1542 663 1674 731 Quae
1703 665 1998 720 conturbat

322 751 326 756 ’
412 771 676 827 aquam.»
714 754 800 811 'llli
852 756 944 827 qui
998 756 1400 826 linvpitudinem
1454 765 1507 812 et
1552 757 1844 826 puritatem
1893 757 1997 827 piae

419 845 718 917 religionis,
749 846 804 901 in
833 847 940 901 mei
985 846 1266 917 agnitione
1291 857 1670 918 apparentem,
1723 848 1994 904 idolorum

417 937 743 995 admistione
760 937 1067 1008 inquinant.
1100 956 1120 990 ι
1143 936 1480 994 Etfortitudo
1496 949 1608 1003 tua,
1624 939 1724 995 viri
1750 941 1957 1011 pirate.
1971 960 1990 993 ι

410 1027 550 1094 Quae
587 1028 699 1083 vim
739 1043 897 1084 suam
925 1029 1186 1084 videlicet
1227 1029 1286 1084 in
1329 1030 1632 1085 errantium
1685 1031 1885 1086 damno
1911 1031 1996 1087 de-

417 1127 724 1184 monstrat;
760 1117 1220 1190 quemadmodum
1248 1135 1368 1176 mos
1402 1129 1487 1174 est
1516 1121 1730 1192 piratis,
1762 1123 1994 1178 aliorum

414 1211 635 1266 damnis
701 1211 1035 1277 incumbere,
1085 1227 1326 1282 suasque
1370 1211 1513 1268 vires
1569 1213 1626 1269 in
1676 1223 1997 1270 caeterorum

421 1301 664 1370 pernicie
717 1301 1026 1356 ostendere.
1092 1300 1388 1356 «Celarunt
1449 1302 1766 1358 sacerdotes
1828 1304 1994 1367 viam,

419 1389 700 1443 occisione
741 1387 941 1443 Sicima
971 1397 1339 1458 peremerunt,
1374 1391 1503 1460 quia
1535 1391 1876 1461 iniquitatem
1914 1408 2001 1463 pa-

427 1485 709 1532 traver—ant
733 1478 800 1533 ²¹.
831 1496 854 1530 ι
892 1479 1155 1548 Exemplo
1178 1480 1296 1534 vult
1324 1481 1542 1536 illorum
1583 1482 1878 1552 nequitiam
1912 1499 2000 1539 ex-

423 1570 693 1638 planare:
731 1569 893 1636 Quia,
947 1580 1132 1641 patres
1179 1574 1372 1639 vestri,
1425 1575 1599 1644 inquit
1631 1575 1784 1643 (dicit
1818 1585 2002 1632 autem

326 1705 330 1709 .
421 1657 610 1716 Jacobi
643 1662 784 1716 ﬁlios
811 1661 994 1718 Levim
1027 1677 1092 1719 ac
1121 1663 1482 1732 Simeonem),
1510 1673 1798 1736 postquam
1825 1665 2002 1722 forni-

1581 277 1934 336 TIIEODORI
1977 273 2466 333 MOPSUESTENI

3568 271 3666 328 I65

2095 392 2195 464 τὴν
2227 387 2495 459 ἐπιϐλαδῆ
2529 386 2622 441 καὶ
2669 385 2896 456 μάταιον
2928 382 3056 457 περὶ
3100 383 3170 438 τά
3203 383 3400 438 εἴδωλα
3433 384 3672 458 σπουδὴν

2095 477 2466 537 ἐπιδείκνυσθε
2488 494 2500 508 ·
2521 477 2664 532 οὕτω
2680 475 2790 548 γὰρ
2809 475 2905 532 καῖ
2923 475 3180 547 ἀνωτέρω
3195 475 3366 544 λέγει,
3386 494 3404 528 ι
3434 475 3527 548 Μὴ
3558 479 3672 531 ac.

2094 571 2390 646 πορεύεσθε
2433 571 2513 634 είς
2550 567 2800 637 Γάλγαλα
2841 567 2944 637 τὴν
2977 566 3132 622 πόλιν
3153 581 3168 597 ·
3209 567 3304 621 καὶ
3333 565 3631 638 ἐργάζεσθε
3651 607 3673 634 ,

2093 665 2265 736 λέγει,
2315 663 2551 736 μάταια,
2603 681 2622 716 ι
2655 661 2723 716 τὰ
2748 663 2807 714 ἐν
2838 659 2974 730 αὐτῇ
3015 659 3309 730 γιγνόμενα
3375 659 3676 732 σημαίνων.

2101 776 2118 809 ι
2155 755 2514 828 Ταράσσουσα
2539 744 2700 826 ὕδωρι
2743 771 2762 804 ι
2799 754 2860 806 Ui
2886 744 2946 806 τδ
2969 751 3160 816 διειδὲς
3187 749 3281 806 καὶ
3301 750 3540 822 καθαρὸν
3571 750 3677 820 τῆς

2095 839 2376 912 εὑσεὸείας
2413 849 2471 901 ἐν
2510 842 2579 918 τῇ
2627 844 2825 914 γνώσει
2870 843 3278 913 διαφαινόμενον
3323 834 3391 914 τῇ
3425 844 3530 913 ἐμῇ
3554 883 3570 909 ,
3605 844 3675 913 τῇ

2095 939 2204 994 τῶν
2232 937 2462 992 εἰδώλων
2494 935 2868 999 ἐπιθολοῦντες
2900 934 3172 1006 ἐπιμιξίᾳ.
3221 952 3241 986 ι
3294 929 3406 987 Καὶ
3450 935 3484 1004 ἡ
3519 931 3676 1002 ἰσχύς

2099 1047 2192 1084 σου
2232 1029 2307 1091 ὼς
2350 1026 2540 1099 ἀνδρὸς
2571 1024 2854 1098 πειρατοῦ.
2911 1044 2930 1077 ι
2979 1025 3047 1079 Ἦ
3089 1027 3271 1080 πᾶσαν
3299 1025 3398 1096 τὴν
3444 1019 3679 1095 δύναμιν

2096 1119 2194 1188 τὴν
2239 1117 2442 1172 οἰκείαν
2498 1118 2556 1169 ἐν
2607 1118 2679 1187 τῇ
2711 1114 2820 1168 τῶν
2874 1114 3256 1184 ἀπατωμένων
3304 1107 3678 1168 ἐπιδείκνυται

2098 1210 2297 1283 βλάϐῃ·
2334 1209 2392 1263 ὃν
2439 1207 2502 1280 δὴ
2544 1203 2743 1278 τρόπον
2781 1207 3018 1269 καὶτοῖς
3062 1209 3349 1278 πειραταῖς
3390 1205 3509 1269 ἔθος
3557 1205 3680 1259 ἐστὶ

2098 1300 2227 1372 περὶ
2241 1300 2340 1370 τὴν
2367 1297 2566 1368 ἐτέρων
2592 1294 2978 1350 ἐσπουδακέναι
2999 1293 3218 1366 βλάϐην,
3245 1297 3338 1348 καὶ
3354 1293 3452 1364 τὴν
3467 1295 3680 1348 οἰκείαν

2098 1393 2327 1462 δύναμιν
2381 1389 2470 1443 διὰ
2520 1388 2620 1458 τῆς
2673 1386 2879 1458 ἐτέρων
2925 1385 3325 1440 διαδείκνυσθαι
3376 1385 3676 1450 ἀπωλείας.

2106 1503 2124 1535 ι
2165 1481 2447 1553 Ἕκρυψαν
2479 1481 2643 1551 ἱερεῖς
2669 1478 2786 1532 ὁδόν
2805 1494 2818 1507 ·
2846 1476 3141 1546 ἐφόνευσαν
3171 1477 3374 1546 Σίκιμα
3399 1494 3412 1508 ·
3442 1478 3524 1530 ὅτι
3554 1477 3681 1530 ἀνο-

2105 1573 2234 1645 μίαν
2263 1572 2546 1642 ἐποίησαν.
2583 1589 2602 1624 ι
2649 1569 2743 1622 Ἐκ
2772 1566 3126 1640 παραθέσεως
3155 1566 3401 1638 βούλεται
3427 1567 3526 1637 τὴν
3550 1560 3681 1621 τούο

2102 1681 2206 1718 των
2231 1661 2489 1726 ἐπιδεῖξαι
2513 1661 2730 1716 κακίαν·
2752 1661 2876 1714 Ὅτι
2904 1661 2952 1714 οἰ
2987 1659 3084 1731 μὲν
3117 1659 3372 1732 πατέρες,
3404 1659 3591 1731 φησὶν,
3626 1658 3680 1714 οἱ

423 1751 629 1807 cariam
667 1752 924 1823 iniuriam
950 1756 1133 1809 sorori
1164 1770 1276 1810 suae
1306 1755 1513 1809 illatam
1537 1757 1810 1821 viderunt,
1847 1765 1999 1813 tanta

2103 1754 2354 1826 ὑμέτεροι
2394 1751 2574 1820 (λέγει
2615 1752 2672 1806 δέ
2703 1753 2830 1816 τοὺς
2868 1750 3017 1808 υἱοὺς
3075 1749 3294 1814 ’1ακὼ6,
3320 1750 3448 1803 Aea!
3485 1767 3543 1802 τε
3582 1751 3682 1804 καὶ

419 1843 497 1898 rei
543 1844 918 1916 indignatione
944 1852 1291 1910 exarserunt,
1323 1853 1383 1902 ut
1407 1847 1632 1917 oblique
1665 1849 1887 1918 quidem
1933 1864 2000 1905 ac

422 1938 649 1996 subdole
687 1937 965 1992 Sicimitas
1007 1937 1118 1993 sint
1147 1937 1391 2004 allocuti,
1425 1935 1720 1994 amicitiam
1745 1941 2002 1996 simulan-

424 2036 540 2085 tes:
573 2028 626 2082 id
653 2026 798 2082 enim
823 2026 1058 2082 innuunt
1092 2028 1290 2084 verba:
1331 2046 1350 2080 ι
1370 2025 1526 2084 Viam
1557 2030 1824 2097 celarunt,
1851 2051 1869 2084 ι
1905 2033 2000 2089 sed

425 2119 621 2174 idoneo
639 2124 858 2189 captato
878 2125 1144 2189 tempore,
1165 2129 1395 2176 cunctos
1415 2136 1524 2175 uno
1556 2121 1758 2192 impetu
1782 2132 2004 2194 propter

424 2209 555 2268 illud
579 2209 840 2283 flagitium
869 2211 1284 2267 interemerunt.
1333 2232 1352 2265 ι
1375 2213 1432 2268 in
1457 2213 1621 2269 domo
1645 2215 1866 2272 lsraelis
1892 2216 2001 2272 vidi

424 2299 740 2368 horribilia;
779 2300 886 2371 32
931 2301 1004 2355 ibi
1060 2299 1478 2359 fornicationem
1533 2303 1831 2376 Ephraimi.
1865 2327 1884 2360 ι
1936 2307 2003 2362 Et

423 2403 514 2444 res
543 2389 760 2459 quidem
785 2391 1004 2444 illorum
1036 2389 1110 2444 ita
1141 2406 1200 2447 se
1235 2391 1445 2448 habuit.
1477 2393 1634 2450 Nunc
1662 2410 1786 2450 vero
1808 2397 1862 2451 in
1887 2397 2003 2452 uni-

425 2493 586 2532 verso
609 2475 809 2534 lsraele
837 2477 996 2547 plena
1022 2477 1272 2535 horroris
1301 2480 1488 2550 aspexi
1514 2499 1530 2548 ;
1581 2482 2000 2540 fornicationem

425 2568 807 2634 universalem,
838 2583 948 2624 non
971 2570 1245 2640 corporis,
1269 2570 1367 2627 sed
1401 2579 1676 2642 corruptae
1702 2575 1899 2631 animae
1921 2584 2005 2630 at-

425 2672 530 2727 que
553 2673 582 2712 a
608 2656 717 2712 Deo
747 2659 1078 2728 apostaticze.
1121 2678 1140 2711 ι
1160 2660 1577 2716 Contaminatus
1607 2669 1691 2718 est
1727 2665 1920 2729 Israel,
1948 2671 2004 2720 et

428 2746 594 2802 Judas
622 2748 805 2802 omisit
832 2762 1064 2802 messem
1105 2763 1280 2805 suam.
1305 2769 1322 2802 ι
1360 2749 1560 2805 Cuncti
1584 2751 1649 2806 ad
1682 2755 2004 2823 pmvarica-

425 2839 629 2896 tionem
671 2838 1012 2908 spectabant,
1049 2839 1319 2894 idolorum
1352 2842 1502 2896 cultu
1540 2844 1772 2912 polluti;
1817 2847 2004 2902 cuncti

430 2930 704 2984 inﬁrmum
733 2944 796 2983 ac
827 2928 1173 3001 proﬂigatum
1206 2931 1400 2987 salutis
1431 2949 1544 2990 suae
1577 2937 1854 3006 negotium
1881 2953 2005 2996 esse

431 3019 818 3074 ostendebant.
846 3018 982 3074 Nam
1021 3020 1188 3075 veluti
1231 3024 1276 3078 si
1312 3023 1436 3093 quis
1476 3025 1716 3094 agricola
1767 3029 2003 3096 peractis
2030 3060 2073 3120 α

434 3111 910 3175 seminationibus,
954 3119 1008 3166 et
1041 3112 1152 3181 jam
1185 3112 1432 3183 frugibus
1467 3131 1698 3172 messem
1724 3119 2006 3187 postulan-

437 3199 606 3265 tibus,
633 3215 759 3255 mox
786 3200 1015 3272 ignaviae
1039 3217 1098 3256 se
1121 3200 1360 3266 dederet,
1383 3206 1826 3274 agricolationem
1850 3224 2005 3264 suam

430 3291 844 3362 pessumdaret,
894 3293 1228 3363 praeteritum
1263 3309 1478 3350 onmem
1524 3297 1763 3354 laborem
1811 3301 2008 3356 inertia

432 3395 531 3436 sua
564 3379 770 3435 futilem
797 3381 1083 3437 redderet:
1123 3383 1204 3437 sic
1224 3398 1342 3449 vos,
1385 3385 1585 3457 inquit,
1617 3397 1698 3443 tot
1728 3393 2008 3463 tantisque

431 3471 588 3525 bonis
609 3469 786 3540 potiti,
827 3471 1037 3540 egressi
1070 3471 1340 3543 Egypto,
1369 3490 1592 3533 emenso
1621 3479 1858 3545 deserto,
1891 3484 2009 3554 lege

430 3569 671 3633 accepta,
697 3563 1024 3632 promissam
1050 3572 1250 3620 terram
1274 3567 1478 3638 adepti,
1497 3576 1552 3624 et
1575 3571 1629 3624 in
1651 3573 2010 3634 conveniente

432 3655 680 3723 religioni
703 3655 822 3710 loco
845 3656 1166 3724 constituti;
1199 3673 1322 3714 cum
1344 3660 1456 3728 jam
1483 3659 1692 3718 fructus
1723 3667 2010 3734 oportebat

435 3747 504 3802 ad
537 3748 703 3804 Deum
735 3747 895 3815 ferre,
923 3757 1058 3804 tunc
1093 3754 1276 3806 omnia
1310 3752 1482 3807 vestri
1524 3755 1698 3824 gratia
1734 3763 1879 3820 acta,
1913 3773 2011 3828 per

433 3838 694 3892 malitiam
728 3847 964 3894 vestram
1000 3843 1159 3896 cassa
1200 3841 1490 3899 effecistis:
1529 3845 1732 3902 omissa
1760 3848 2010 3904 videlicet

433 3936 558 3997 post
608 3937 688 3982 tot
738 3929 976 3999 taliaque
1026 3931 1292 3987 beneficia
1350 3932 1627 3990 fructuum
1681 3938 2007 4008 redditione,

435 4019 685 4090 factaque
715 4019 781 4074 ad
803 4019 992 4075 vitium
1028 4023 1326 4078 universali
1356 4031 1520 4094 atque
1541 4028 1856 4083 omnimoda
1885 4045 2010 4098 per-

433 4111 704 4164 versione.
745 4109 904 4166 Paria
945 4111 1032 4167 his
1080 4113 1224 4182 apud
1276 4112 1510 4168 Isaiam:
1557 4115 1917 4186 «Exspectavi
1953 4127 2011 4174 ut

437 4201 639 4255 faceret
661 4216 841 4266 uvam,
869 4201 995 4256 fecit
1019 4209 1198 4258 autem
1219 4203 1481 4272 spinas".
1496 4205 1808 4275 i—dncipe
1829 4205 2012 4280 fruges

436 4290 710 4359 colligere,
760 4305 883 4344 cum
929 4306 1028 4360 ego
1071 4301 1395 4348 convertere
1425 4295 1794 4363 captivitatem
1826 4299 2008 4367 populi

2103 1842 2374 1914 Σιμεὼν),
2402 1841 2490 1895 ἵνα
2540 1841 2617 1912 (8)
2673 1840 2936 1912 πορνικην
2985 1841 3248 1912 ἐπήρειαν
3305 1840 3681 1914 ὑπομείνασαν

2103 1934 2284 1988 ἴδωσιν
2308 1931 2488 1986 αὐτῶν
2517 1933 2617 2004 τὴν
2660 1931 2915 2003 ἀδελφὴν,
2956 1931 2974 2002 (
3001 1946 3055 2001 p.
3085 1932 3189 2002 48)
3215 1930 3482 2002 τοσαύτην
3521 1931 3682 2000 ἔσχον

2101 2022 2201 2095 τὴν
2241 2022 2608 2094 ἀγανάκτησιν
2654 2022 2748 2074 ἐπὶ
2783 2021 2861 2093 τῷ
2893 2023 3173 2092 γεγονότι,
3221 2020 3361 2076 ὥστε
3403 2021 3682 2093 λαθραίως

2107 2117 2204 2186 μὲν
2229 2114 2322 2168 καὶ
2354 2113 2490 2185 μετά
2513 2114 2662 2167 δόλου
2677 2112 3020 2184 διαλεχθῆναι
3046 2115 3158 2175 τοῖς
3179 2111 3486 2184 Σικιμίταις
3512 2124 3686 2180 προσ-

2101 2205 2412 2276 ποιούμενοι
2455 2204 2668 2275 φιλίαν·
2714 2203 2871 2258 τοῦτο
2903 2203 3010 2275 γὰρ
3046 2203 3193 2271 λέγει
3223 2202 3302 2267 τὸ,
3333 2219 3351 2252 ι
3391 2198 3682 2272 Ἔκρυψαν

2101 2299 2240 2353 ὁδόν·
2267 2316 2286 2350 ι
2314 2295 2504 2370 καιροῦ
2519 2297 2577 2351 δέ
2591 2295 2896 2369 λαϐόμενοι,
2915 2297 3118 2358 πάντας
3144 2294 3263 2347 κατ’
3284 2293 3445 2347 αὐτὸν
3466 2293 3684 2345 ἀνεῖλον

2104 2387 2244 2458 ὑπὲρ
2262 2385 2351 2440 τοῦ
2378 2386 2678 2456 γεγονότος.
2717 2405 2734 2437 ι
2775 2386 2862 2439 Ἐν
2895 2385 2973 2456 τῷ
3005 2383 3138 2454 οἴκῳ
3167 2381 3257 2436 τοῦ
3291 2382 3502 2454 Ἰσραὴλ
3536 2378 3685 2436 εἶδον

2104 2477 2372 2552 φρικώδη,
2400 2479 2516 2531 ἐκεῖ
2549 2478 2803 2548 πορνείαν
2837 2475 2932 2529 τοῦ
2978 2475 3237 2548 Ἐφραῖμ.
3280 2495 3299 2529 ι
3339 2476 3448 2528 Καὶ
3476 2473 3544 2527 τά
3575 2473 3685 2543 μὲν

2103 2571 2347 2640 ἐκείνων,
2375 2571 2530 2642 φησί,
2554 2569 2805 2624 τοιαῦταό
2835 2566 2928 2622 νῦν
2952 2568 3008 2622 δὲ
3040 2570 3098 2621 ἐν
3123 2566 3323 2621 ἅπαντι
3349 2563 3427 2636 τῷ
3461 2565 3688 2636 Ἰσραὴλ

2105 2664 2307 2735 φρίκης
2328 2660 2464 2717 εἶδον
2491 2662 2681 2734 μεστά,
2702 2661 2960 2732 πορνείαν
2985 2660 3240 2714 ἀπάντων
3262 2658 3362 2711 οὐκ
3386 2659 3444 2710 ἐν
3465 2656 3688 2726 σώματι

2106 2755 2398 2820 συστᾶσαν,
2447 2753 2562 2808 ἀλλ’
2602 2755 2659 2807 ἐν
2688 2753 2952 2824 διαφθορᾷ
3000 2752 3178 2822 ψυχῆς
3222 2751 3318 2804 καὶ
3378 2749 3686 2804 ἀποστάσει

2103 2843 2264 2900 Θεοῦ.
2303 2865 2322 2896 ι
2369 2844 2632 2915 Ἐμιάνθη
2682 2843 2918 2916 Ἰσραὴλ,
2953 2844 3046 2898 καὶ
3089 2841 3286 2906 Ἰούδας
3315 2840 3494 2910 ἀφῆκε
3523 2838 3687 2909 θερι-

2107 2937 2242 3008 σμὸν
2271 2935 2456 2992 αὐτοῦ.
2496 2954 2516 2988 ι
2545 2935 2751 2998 Πάντες
2772 2933 2906 3004 πρὸς
2930 2933 3057 3003 μίαν
3081 2928 3218 2986 εἶδον
3235 2929 3579 3003 παρανομίαν
3610 2932 3686 3002 τῇ

2103 3031 2212 3085 τῶν
2240 3029 2471 3084 εἰδώλων
2500 3028 2815 3100 μιανθέντες
2840 3026 3106 3100 θρησκείᾳ
3125 3043 3139 3057 ·
3164 3025 3257 3079 καὶ
3282 3018 3481 3088 πάντες
3509 3022 3687 3093 ἀτελῆ

2107 3121 2202 3178 καὶ
2233 3120 2634 3192 διεφθαρμένην
2667 3118 2763 3190 τὴν
2799 3117 3006 3172 ἑαυτῶν
3044 3115 3330 3182 ἀπέδειξαν
3369 3114 3648 3185 σωτηρίαν
3677 3131 3692 3144 ·

2105 3213 2182 3278 ὡς
2205 3213 2314 3284 γὰρ
2339 3212 2493 3274 εἴτις
2522 3211 2764 3280 γεωργὸς
2793 3209 3184 3284 τελειωθέντων
3209 3207 3557 3280 σπερμάτων,
3584 3208 3690 3260 καὶ

2105 3297 2199 3352 τοῦ
2229 3283 2443 3370 καρποῦ
2469 3296 2562 3350 τὸν
2597 3295 2856 3367 θερισμὸν
2879 3283 3256 3358 ἀπαιτοῦντος,
3282 3294 3383 3364 ἤδη
3411 3291 3545 3364 πρὸς
3581 3293 3688 3362 ρᾳ-

2108 3389 2310 3460 θυμίαν
2346 3387 2489 3454 ἰδὼν,
2514 3387 2833 3442 ἀπολέσειεν
2867 3387 2966 3458 μὲν
2997 3387 3064 3440 τά
3091 3387 3492 3457 γεωργηθέντα,
3521 3385 3689 3438 κενὸν

2107 3476 2166 3530 δὲ
2191 3477 2366 3531 πάντα
2387 3477 2480 3531 τὸν
2508 3475 2874 3548 προειληφότα
2896 3475 3054 3528 πόνον
3081 3475 3169 3528 sta
3193 3475 3292 3546 τῆς
3313 3474 3516 3537 οἰκείας
3543 3475 3691 3528 ἀπο-

2108 3569 2327 3640 φήνειεν
2353 3568 2622 3640 ῥᾳθυμίας
2645 3584 2660 3597 ·
2692 3567 2863 3631 οὕτως
2891 3567 3067 3638 ὑμεῖς,
3093 3567 3225 3638 φησὶ
3243 3607 3258 3631 ,
3287 3565 3551 3618 τοσούτων
3581 3565 3690 3618 καὶ

2107 3658 2442 3727 τηλικούτων
2509 3659 2941 3722 ἀπολελαυκότες
2999 3657 3245 3727 ἀγαθῶν,
3300 3656 3692 3728 ἐξεληλυθότες

2107 3753 2381 3822 Αἰγύπτου
2405 3793 2420 3814 ,
2453 3751 2736 3815 διαϐάντες
2778 3750 2878 3823 τὴν
2907 3749 3131 3821 ἔρημον,
3165 3749 3328 3821 νόμον
3373 3747 3690 3817 δεξάμενοι.

2107 3845 2206 3914 τὴν
2261 3844 2366 3914 γῆν
2419 3841 2778 3914 ἀπειληφότες
2829 3841 2928 3912 τὴν
2976 3839 3414 3912 ἐπηγγελμένην,
3464 3839 3554 3891 τὸν
3611 3843 3690 3911 τῇ

2109 3933 2376 4004 θρησκείᾳ
2402 3932 2679 4004 πρέποντα
2701 3931 3031 4002 κτησάμενοι
3057 3930 3220 3982 τόπον
3243 3937 3257 3960 ⁸
3279 3930 3368 3982 ὅτε
3393 3928 3517 3990 τοὺς
3541 3943 3689 3999 καρο

2109 4023 2245 4088 ποὺς
2289 4024 2454 4095 ἐχρῆν
2503 4022 2686 4076 λοιπὸν
2726 4022 2802 4093 (p.
2840 4022 2930 4094 49)
2962 4021 3041 4092 τῷ
3093 4020 3212 4092 Θεῷ
3267 4017 3689 4094 προσκομίζειν,

2109 4111 2229 4166 τότε
2262 4113 2440 4166 πάντα
2471 4110 2541 4165 τὰ
2569 4113 2707 4180 ὑπὲρ
2741 4111 2894 4184 ὑμῶν
2924 4112 3184 4183 γεγονότα
3211 4110 3440 4183 περιττά
3464 4110 3549 4164 διὰ
3575 4111 3694 4182 τῆς

2111 4203 2320 4258 ἑαυτῶν
2367 4202 2684 4267 ἁπεδείξατε
2731 4203 2962 4266 κακίας·
3000 4203 3227 4271 ἀφέντες
3261 4201 3358 4272 μὲν
3389 4201 3450 4255 τὸ
3491 4201 3694 4255 ἀποδι-

2110 4293 2256 4346 δόναι
2274 4291 2350 4362 τῷ
2373 4290 2490 4364 Θεῷ
2507 4294 2631 4356 τοὺς
2656 4292 2794 4363 ὑπὲρ
2817 4292 2923 4346 τῶν
2944 4293 3209 4346 τοσούτων
3235 4291 3324 4344 καὶ
3348 4290 3694 4362 τηλικούτων

437 4384 562 4446 mei,
585 4390 638 4437 et
658 4383 911 4438 lsraelem
935 4399 1221 4439 sanavero.
1244 4405 1263 4438 ι
1301 4383 1666 4452 Quamobrem
1690 4388 1843 4444 vobis
1865 4404 2003 4445 novo

2109 4385 2434 4456 εὐεργεσιῶν
2454 4386 2715 4456 καρποὺς,
2748 4384 2875 4456 περὶ
2895 4383 2951 4437 δὲ
2972 4385 3067 4455 τὴν
3093 4383 3187 4437 τοῦ
3217 4383 3457 4456 χείρονος
3489 4385 3696 4455 ἐκτρο-

436 4474 590 4531 initio
619 4489 758 4545 opus
779 4483 884 4541 est,
903 4476 1048 4546 quod
1077 4491 1180 4548 ego
1207 4492 1304 4548 per
1325 4492 1595 4533 summam
1617 4479 2010 4552 benignitatem

435 4566 590 4621 vobis
621 4567 937 4630 concedam,
987 4567 1120 4621 dum
1148 4577 1342 4638 prarter
1367 4585 1516 4639 spem
1552 4585 1768 4626 omnem
1817 4571 2010 4628 huma-

436 4673 562 4711 nam
592 4659 659 4712 de
686 4660 1000 4728 captivitate
1029 4673 1126 4713 vos
1170 4659 1450 4714 reducam.
1485 4659 1621 4714 Nam
1661 4669 1808 4717 certe
1835 4663 1879 4718 si
1907 4678 2005 4719 vo-

438 4747 647 4802 lueritis
682 4748 748 4802 ad
785 4750 1064 4804 meliorem
1101 4750 1264 4803 vitam
1311 4749 1614 4813 intendere,
1665 4767 1807 4807 novo
1850 4754 2005 4808 vobis

438 4839 596 4894 initio
613 4853 750 4906 opus
775 4847 858 4894 est
883 4858 899 4906 ;
931 4850 990 4894 ut
1012 4840 1057 4894 si
1080 4840 1313 4910 denique
1339 4849 1687 4910 acceptorum
1716 4858 2003 4898 munerum

437 4929 812 5001 magnitudine
844 4929 1140 4998 pudefacti,
1187 4930 1243 4986 in
1272 4931 1492 4987 virtutis
1533 4931 1715 4986 studio
1743 4933 2002 5006 deinceps

438 5022 750 5086 versemini,
799 5022 852 5077 id
879 5021 1034 5076 vobis
1082 5021 1331 5077 factitare
1382 5022 1564 5078 liceat.
1613 5021 1747 5078 Nam
1778 5025 2004 5079 verbum

443 5133 460 5164 ι
485 5114 702 5184 Incipe»
739 5113 874 5169 dicit
907 5128 1028 5185 pro.
1061 5110 1306 5182 Incipere
1334 5112 1566 5182 poteris.
1603 5127 1726 5167 cum
1767 5114 2006 5174 volueris

437 5206 502 5260 ad
533 5205 769 5261 ofticium
801 5215 1067 5277 spectare.
1103 5209 1257 5259 Nunc
1287 5219 1413 5258 vero
1438 5193 1610 5274 quid?

2107 4475 2216 4546 πὴν
2245 4475 2633 4550 ἀσχοληθέντες
2666 4475 2776 4529 ὅλοι
2821 4475 2888 4529 δι’
2924 4476 3096 4529 ὅλων·
3132 4471 3317 4545 ὅμοιόν
3351 4477 3464 4528 ἐστι
3501 4473 3696 4545 τούτῳ

2107 4567 2201 4620 καὶ
2236 4566 2296 4619 τὸ
2347 4566 2498 4638 παρὰ
2565 4566 2638 4638 τῷ
2683 4567 2912 4639 Ἡσαΐᾳ·
2953 4585 2972 4619 ‹
3041 4568 3272 4638 ’Ἑμεινα
3327 4566 3416 4620 ἶνα
3479 4567 3699 4640 ποιήσῃ

2105 4659 2399 4728 σταφυλὴν,
2429 4657 2650 4729 ἐποίησε
2673 4657 2730 4712 δὲ
2756 4657 3014 4722 ἀκάνθας.
3041 4676 3060 4708 ι
3096 4688 3166 4698 -
3199 4677 3218 4710 ι
3249 4657 3450 4728 Ἀρχου
3473 4657 3698 4728 τρυγᾷν

2105 4746 2315 4818 σεαυτῷ
2354 4748 2411 4799 ἐν
2453 4746 2530 4818 τῷ
2564 4747 2912 4819 ἐπιστρέφειν
2941 4765 3007 4819 με
3037 4747 3138 4821 τὴν
3166 4747 3538 4819 αἰχμαλωσίαν
3579 4750 3697 4803 τοῦ

2107 4839 2236 4894 λαοῦ
2273 4857 2402 4910 μου,
2421 4841 2479 4893 ἐν
2506 4840 2584 4911 τῷ
2617 4840 2798 4894 ἰᾶσθαί
2823 4857 2889 4912 με
2919 4841 3010 4894 τὸν
3050 4841 3286 4912 Ἰσραήλ.
3328 4859 3346 4892 ι
3377 4841 3538 4892 Ὠστε
3569 4840 3698 4895 δεῖν

2111 4932 2238 5001 ὑμῖν
2267 4931 2428 4985 πάλιν
2455 4931 2650 5004 ἐτέρας
2676 4933 2869 5004 ἀρχῆς,
2901 4933 2969 5003 ἢν
2991 4933 3058 4986 δι’
3095 4930 3537 5003 ὑπερϐάλλουσαν
3561 4933 3706 4999 φιλ-

2111 5022 2423 5094 ανθρωπίαν
2459 5023 2569 5093 ἐγὼ
2602 5023 2846 5094 παρέξω,
2880 5025 2945 5077 ἐκ
2976 5025 3077 5095 τῆς
3105 5024 3478 5096 αἰχμαλωσίας
3535 5023 3700 5093 ὑμᾶς

2113 5116 2266 5186 παρά
2295 5116 2477 5170 πᾶσαν
2507 5115 2856 5187 ἀνθρωπίνην
2903 5117 3192 5184 ἐπανάγων
3220 5114 3408 5168 ἐλπίδα
3433 5130 3446 5144 ·
3471 5111 3592 5166 τότε
3623 5112 3699 5184 δὴ

2111 5206 2300 5260 λοιπὸν
2339 5207 2476 5278 πρὸς
2506 5206 2568 5260 τὸ
2606 5209 2856 5278 κρεῖττον
2883 5207 3015 5278 όρᾷν
3054 5205 3318 5272 ἐθέλοιτε,
3351 5203 3527 5277 ἀρχῆς
3552 5202 3705 5273 ὑμῖν

439 5299 628 5370 ἐτέρας
656 5299 869 5371 δεήσει·
905 5301 991 5354 ἵνα
1028 5297 1130 5354 κᾶν
1153 5297 1286 5368 γοῦν
1317 5298 1426 5351 τῶν
1467 5298 1586 5351 τότε
1620 5299 1838 5370 δωρεῶν
1885 5300 2266 5372 αἰσχυνθέντες
2314 5301 2376 5355 τὸ
2433 5300 2680 5372 μέγεθος,
2714 5301 2842 5374 περὶ
2895 5301 2995 5373 τὴν
3045 5300 3137 5355 τοῦ
3197 5300 3502 5372 κρείττονος
3552 5297 3698 5350 ἐαυ-

437 5394 562 5455 τοῦς
599 5394 908 5463 ἐπιμέλειαν
947 5393 1183 5466 τρέψητε
1238 5392 1332 5446 τοῦ
1365 5391 1586 5457 λοιποῦ,
1633 5393 1753 5448 τότε
1788 5395 1886 5468 μὲν
1917 5394 1982 5466 δὴ
2007 5395 2185 5459 τοῦτο,
2215 5398 2400 5468 φησὶν,
2450 5388 2622 5451 ⁴ποιεῖν
2653 5398 2779 5469 ὑμῖν
2809 5397 3050 5462 ἐξέσται·
3081 5391 3144 5447 τὸ
3188 5392 3296 5462 γὰρ
3329 5408 3346 5443 ι
3399 5391 3632 5461 Ἀρχω,
3671 5406 3698 5441 a

437 5479 584 5547 λέγει
613 5482 732 5534 ἀντὶ
766 5482 882 5546 τοῦ,
915 5483 1214 5552 Ἀρξασθαι
1255 5483 1460 5556 δυνήσῃ
1481 5524 1496 5547 ,
1531 5482 1810 5554 βουληθεὶς
1841 5485 1976 5557 πρὸς
2000 5487 2061 5540 τὸ
2090 5485 2206 5539 δέον
2239 5487 2383 5544 ἰδεῖν.
2424 5486 2539 5540 Νῦν
2571 5487 2629 5541 δέ
2662 5486 2747 5554 τίς

509 5608 551 5639 ¹¹
590 5605 727 5663 Gen.
759 5622 943 5672 xutv,
973 5609 1044 5662 27
1072 5625 1194 5681 sqq.
1305 5613 1350 5643 "
1389 5609 1492 5666 lsa.
1531 5628 1584 5673 v,
1620 5611 1652 5664 ι

512 5716 591 5788 (8)
625 5715 852 5774 Videtur
885 5715 1078 5774 deesse
1123 5718 1198 5789 μή
1227 5755 1242 5783 ,
1273 5719 1737 5800 vcl'scribendum
1769 5734 1900 5776 esse»
1921 5718 2063 5772 ὅτ’Ξιν
2097 5715 2252 5774 εἶδον.
