3920 6130
213 237 311 306 πει

860 369 1018 426 ΚΕΦ.
1050 367 1123 426 Z’.

289 502 433 571 Στιχ.
477 498 625 556 tri-8'.
661 534 736 547 -—
773 523 793 556 ι
853 506 966 559 Καὶ
995 508 1505 582 ἀποκαλυφθήσεται
1555 510 1589 581 ἡ
1623 509 1807 564 ἀδικία

237 592 470 664 ’Σφραῖμ
493 633 508 656 ,
547 593 648 646 καὶ
685 595 723 665 ἡ
759 597 936 650 κακία
978 593 1326 670 Σαμαρείας,
1371 601 1453 654 ὅτι
1485 601 1808 672 είργάσαντο

226 686 404 757 egeas.
438 703 458 736 ι
475 684 762 756 Πρόδηλος
785 686 992 741 ἅπασιν
1019 692 1050 760 η
1073 691 1384 762 παρανομία
1399 693 1465 763 ἢν
1485 691 1804 763 είργάζεσθε

227 778 458 842 ἅπαντες
478 819 494 844 ,
527 779 628 831 καὶ
659 780 744 832 ὅτι
791 780 1127 844 ἀποστάντες
1163 799 1264 852 μου
1285 823 1302 849 ,
1337 782 1474 853 πρὸς
1517 782 1577 836 τὸ
1611 783 1806 853 ψεῦδος

226 874 452 944 ἑωρᾶτε,
481 874 560 943 (p.
595 873 686 940 50)
725 872 816 925 διά
857 872 958 942 τῆς
987 873 1258 945 τιμωρίας
1282 873 1351 944 ἢν
1378 874 1696 944 ὑπομενεῖτε
1733 874 1806 927 δι-

228 963 389 1025 καίως
429 963 574 1034 ὑπὲρ
606 956 682 1016 ὧν
721 964 1079 1034 παρενομείτε
1109 960 1365 1016 τοιαῦτα·
1395 964 1536 1029 πῶς,
1570 965 1665 1018 καὶ
1684 963 1804 1017 τίνα

227 1054 310 1107 τὸν
330 1055 540 1124 τρόπον
565 1070 581 1118 ;
607 1071 625 1103 ι
659 1053 771 1106 Kal
806 1052 1044 1122 κλέπτης
1069 1053 1204 1124 πρὸς
1230 1052 1393 1108 αὑτὸν
1419 1053 1802 1122 εἰσελεύσεται,

228 1142 556 1197 nassam»
585 1143 792 1213 λῃστὴς
821 1142 880 1193 ὲν
899 1145 963 1213 τῇ
992 1141 1093 1211 ὀδῷ
1120 1142 1308 1206 αὐτοῦ,
1339 1142 1484 1206 ὅπως
1508 1145 1804 1215 συνᾴδωσιν

227 1234 438 1305 ᾄδοντες
474 1233 534 1284 ὲν
571 1235 641 1302 τῇ
697 1230 898 1300 καρδίᾳ
939 1231 1137 1284 αὐτῶν.
1188 1248 1209 1283 s
1264 1231 1354 1294 Ὠς
1381 1231 1490 1302 γὰρ
1530 1232 1596 1284 ἂν
1632 1233 1684 1285 εί
1719 1249 1805 1296 τις

227 1324 469 1394 κλέπτης
495 1321 528 1392 ἢ
559 1320 764 1394 λῃστὴς
811 1322 870 1373 ἐν
900 1320 1004 1391 ὀδῷ
1048 1337 1179 1374 ποτε
1209 1321 1516 1392 περιτυχὼν
1535 1321 1807 1376 ὲκδύσειεν

225 1417 347 1477 τοὺς
378 1413 808 1484 προστυχόντας,
833 1412 929 1465 καὶ
960 1415 1038 1476 είς
1061 1413 1236 1466 οἰκίαν
1250 1413 1504 1466 εἰσελθὼν
1523 1413 1592 1466 τὰ
1617 1415 1803 1466 ἐνόντα

223 1505 411 1558 λάϐοι·
465 1501 633 1566 οὕτω,
681 1503 865 1572 φησὶν,
915 1501 1232 1566 ἐπελθόντες
1285 1505 1413 1575 ὑμῖν
1461 1506 1508 1557 οί
1557 1505 1802 1576 πολέμιοι

221 1593 441 1649 ’ἅπαντα
468 1595 542 1649 τά
570 1611 632 1647 τε
661 1594 782 1646 κατ’
829 1595 1006 1646 οὶκίαν
1038 1595 1106 1648 τά
1128 1611 1188 1647 τε
1218 1594 1322 1662 ἔξω
1358 1596 1630 1666 προσόντα
1675 1597 1802 1667 ὑμῖν

226 1684 508 1755 αἱροῦσιν,
547 1685 622 1736 τά
663 1682 763 1754 μὲν
801 1683 1190 1755 ἀφαιροῦντες,
1229 1685 1298 1738 τά
1344 1685 1401 1738 δὲ
1451 1686 1802 1754 ἀφανίζοντες
1831 1725 1874 1781 Β

229 1775 540 1838 παντελῶς·
591 1773 734 1827 ὥστε
776 1773 1021 1837 ἅπαντας
1072 1777 1216 1846 ὑμᾶς
1245 1777 1351 1830 ὑπὸ
1378 1779 1477 1850 τῆς
1519 1784 1800 1853 συμφορᾶς

230 1864 665 1934 κατεχομένους,
695 1863 915 1935 ᾅσματα
963 1864 1160 1935 θρήνου
1204 1866 1374 1936 μεστά
1417 1868 1555 1920 κατά
1607 1868 1800 1922 ταυτὸν

228 1953 391 2024 ᾅδειν,
423 1953 799 2022 ὀδυνωμένους
821 1969 880 2006 τε
911 1954 1050 2008 κατά
1075 1955 1302 2026 καρδίαν
1326 1956 1418 2010 ἐπὶ
1447 1961 1556 2021 τοῖς
1580 1959 1800 2029 γινομέ-

221 2058 372 2109 νοις,
406 2046 504 2098 καὶ
543 2044 972 2116 ὀλοφυρομένους
1025 2045 1092 2098 δι’
1128 2046 1495 2118 όλοφυρτικῶν
1540 2050 1800 2120 ῥημάτων

225 2139 320 2190 ἐπὶ
351 2135 433 2206 τῷ
485 2136 704 2207 μεγέθει
752 2136 860 2189 τῶν
900 2136 1190 2208 συμφορῶν
1234 2139 1344 2191 τῶν
1388 2140 1799 2210 συμϐαινουσῶν

221 2228 376 2296 ὑμῖν.
414 2245 434 2276 ι
470 2225 589 2278 Νῦν
619 2225 927 2279 ὲκύκλωσεν
961 2227 1156 2290 αὐτοὺς
1181 2227 1248 2280 τά
1274 2227 1554 2282 διαϐούλια
1599 2231 1797 2296 αὐτῶν,

223 2315 489 2368 ἀπέναντι
522 2313 619 2367 τοῦ
652 2315 944 2386 προσώπου
996 2333 1094 2386 μου
1128 2316 1393 2384 ἐγένοντο.
1442 2338 1462 2368 ι
1521 2319 1798 2374 ’Δπάντων

220 2405 289 2476 δὴ
323 2404 431 2456 τῶν
465 2404 606 2473 μετά
629 2404 832 2474 πολλῆς
857 2405 1036 2458 αὐτῶν
1061 2407 1548 2476 ἐπι-τετελεσμένων
1568 2410 1667 2478 τῆς
1697 2427 1798 2463 κα-

227 2497 347 2559 κίας
400 2498 629 2566 μνήμην
681 2495 882 2559 λαϐὼν,
937 2497 1214 2569 περιϐαλῶ
1262 2499 1552 2600 μεγίστοις
1603 2501 1797 2565 αὐτοὺς

227 2586 439 2647 κακοῖς·
469 2584 736 2652 ἀνάλογον
759 2579 839 2647 οἷς
863 2583 1236 2656 βουλευόμενοι
1262 2579 1398 2656 ᾖετά
1423 2589 1627 2658 πολλῆς
1653 2591 1800 2644 ἀναι-

401 2675 492 2727 ὲπ⁹
521 2673 676 2742 ὂψεσι
719 2673 1099 2744 διεπράττοντο
1130 2679 1246 2740 ταῖς
1279 2679 1456 2744 ὲμαῖς.
1489 2695 1508 2728 ι
1556 2678 1643 2730 Ἐν
1676 2681 1798 2742 ταῖς

226 2764 446 2827 κακίαις
459 2761 744 2833 ηὓφραναν
762 2763 1018 2833 βασιλεῖς,
1044 2767 1136 2818 καὶ
1157 2766 1216 2818 ὲν
1231 2769 1342 2830 τοῖς
1357 2767 1604 2836 ψεύδεσιν
1620 2769 1798 2822 αὐτῶν

223 2854 511 2926 ἄρχοντας.
551 2873 572 2906 ι
600 2857 676 2924 (p.
705 2854 795 2921 51)
823 2856 986 2908 Ὥστε
1021 2857 1218 2928 πολλὴν
1254 2861 1366 2921 τοῖς
1393 2861 1652 2924 ἐναντίοις
1689 2863 1796 2914 εἴτε

223 2945 536 3014 βασιλεῦσιν
555 2945 666 2996 εἴτε
693 2945 951 3015 ἄρχουσιν
967 2945 1156 3016 ἡδονὴν
1186 2945 1522 3015 ἐγγενέσθαι,
1552 2946 1600 2999 οἳ
1628 2965 1796 3000 κατα-

1252 256 1804 318 COMMENTARIUS
1837 257 1906 317 IN
1940 253 2144 316 οεειε
2181 257 2335 316 CAP.
2363 261 2476 317 Vll.

1832 380 1942 437 Δ-

3370 264 3470 320 166

2496 374 2721 430 CAPUT
2761 375 2870 430 VII.

1969 500 2462 574 33V£ns.l-4.—¢
2475 506 2540 562 Et
2555 509 2878 564 revelabitur
2895 509 3151 580 iniquitas
3170 511 3471 582 Epliraimi.

1901 602 1956 650 et
1994 593 2252 651 Samaria:
2272 597 2497 662 malitia,
2519 600 2646 669 quia
2671 601 2875 670 operati
2898 610 3026 656 sunt
3051 603 3410 658 mendacium.
3443 623 3464 656 ι

1902 685 2077 751 Quam
2114 687 2416 755 operamini
2452 703 2644 744 omnes
2679 691 2973 760 nequitiam
2999 730 3014 757 ,
3045 691 3174 746 dum
3203 707 3231 746 a
3261 709 3346 751 me
3383 695 3470 750 di-

1900 776 2074 847 gressi
2109 777 2176 831 ad
2208 779 2552 834 mendacium
2583 782 2844 850 spectatis
2864 823 2878 848 ,
2916 797 2979 836 ea
3011 781 3296 840 manifesta
3330 802 3468 840 cun-

1901 869 2004 923 ctis
2054 870 2145 923 [iet
2195 883 2226 923 a
2283 885 2478 938 paena,
2512 886 2674 942 quam
2728 873 2926 929 merito
2978 875 3050 930 ob
3099 875 3214 932 haec
3268 875 3468 949 ﬂagitia

1899 958 2082 1014 luetis.
2111 960 2280 1025 Quam
2319 962 2388 1016 ob
2425 978 2574 1026 rem,
2614 972 2709 1017 aut
2746 967 3056 1034 quomodo?
3082 986 3100 1018 ι
3130 967 3196 1022 Et
3247 967 3334 1022 fur
3381 971 3468 1024 in-

1902 1048 2174 1118 gredietur
2216 1049 2283 1102 ad
2317 1065 2461 1114 eum,
2495 1052 2632 1106 latro
2663 1055 2902 1122 spoliatis
2937 1056 2990 1109 in
3031 1057 3134 1121 via,
3183 1069 3241 1112 ut
3281 1061 3468 1114 conci-

1901 1145 2034 1191 nant
2087 1146 2344 1194 canentes
2392 1141 2446 1194 in
2499 1143 2662 1196 corde
2709 1159 2827 1198 suo.
2862 1164 2880 1195 ι
2907 1145 3040 1199 Nam
3070 1147 3235 1202 veluti
3267 1149 3312 1202 si
3343 1152 3473 1218 quis

1902 1219 1991 1299 l'ur
2027 1230 2120 1275 aut
2159 1223 2297 1277 latro
2337 1225 2390 1280 in
2428 1227 2514 1279 via
2553 1229 2842 1298 aliquando
2889 1246 3184 1290 occurrens
3229 1236 3471 1291 viatores

1901 1313 2115 1383 spoliet,
2154 1322 2208 1370 et
2243 1316 2386 1374 aedes
2425 1318 2727 1388 ingressus,
2768 1337 2878 1376 rem
2918 1323 3269 1380 domesticam
3317 1326 3468 1382 aufe—

1902 1411 1984 1457 rat
2013 1421 2028 1459 ι
2064 1407 2142 1459 sic
2163 1446 2178 1470 ,
2210 1407 2419 1478 inquit,
2452 1413 2899 1480 supervenientes
2925 1416 3077 1470 vobis
3106 1417 3321 1481 hostes,
3350 1434 3470 1473 om-

1902 1495 1991 1548 nia
2040 1512 2160 1566 qua:
2210 1499 2324 1554 sive
2357 1499 2503 1555 domi
2543 1502 2658 1558 sive
2691 1513 2845 1559 extra
2881 1507 3168 1576 possidetis
3219 1511 3464 1580 capient,

1901 1586 2098 1654 partim
2131 1601 2470 1658 asportantes
2491 1632 2506 1657 ,
2541 1595 2735 1663 partim
2772 1595 3016 1653 funditus
3040 1608 3421 1659 consumentes
3447 1621 3468 1669 ;

1904 1675 1976 1730 ita
2029 1687 2086 1731 ut
2135 1696 2228 1734 vos
2283 1696 2471 1738 omnes
2522 1686 2830 1742 calamitate
2896 1690 3107 1758 pressi,
3170 1693 3468 1748 cantilenas

1901 1764 2136 1822 lamento
2178 1770 2365 1838 plenas
2409 1773 2571 1827 simul
2619 1777 2957 1844 concinatis,
3007 1795 3130 1834 cum
3176 1783 3469 1852 gemitibus

1899 1858 2081 1914 cordis
2113 1859 2184 1914 ob
2216 1860 2527 1931 hujusmodi
2555 1874 2808 1920 eventum
2829 1908 2842 1932 ,
2872 1877 2926 1922 et
2953 1884 3076 1923 cum
3109 1871 3259 1928 vocis
3286 1874 3462 1928 ulula-

1898 1947 2080 2011 tibus,
2122 1958 2345 2019 propter
2383 1949 2808 2010 inl'ortuntorum
2847 1959 3167 2027 gravitatem
3207 1978 3328 2032 quae
3365 1979 3464 2021 vos

1898 2039 2325 2108 corripuerunm
2339 2040 2493 2096 Nunc
2507 2040 2978 2100 circumdederunt
2991 2060 3087 2104 eos
3109 2051 3467 2122 cogitationes

1899 2139 2050 2192 suae;
2083 2141 2266 2181 coram
2304 2126 2440 2202 facie
2476 2145 2594 2184 mea
2629 2131 2785 2187 facta:
2819 2143 2966 2190 sunt.
2997 2154 3016 2188 ι
3045 2135 3161 2190 Jam
3194 2155 3322 2194 vero
3347 2156 3465 2194 om-

1899 2217 2048 2270 nium
2088 2218 2338 2289 ab.ipsis
2377 2227 2713 2288 patratorum
2754 2225 3013 2280 malitiam
3052 2227 3107 2282 in
3147 2230 3462 2284 memoriam

1899 2319 2162 2360 revocans
2181 2347 2197 2369 ,
2221 2307 2479 2376 gravibus
2501 2325 2596 2365 eos
2617 2312 2776 2366 malis
2804 2313 3043 2368 irretiam
3072 2332 3087 2382 ;
3121 2317 3312 2370 merito
3339 2319 3463 2388 qui-

1897 2393 2018 2449 dem
2053 2407 2270 2466 pr0pter
2301 2400 2524 2454 multam
2557 2417 2663 2470 qua
2698 2418 2807 2472 pra:
2843 2407 3017 2461 oculis
3053 2409 3186 2462 meis
3225 2408 3298 2462 ita
3336 2424 3464 2480 ege-

1899 2493 2026 2539 runt
2065 2485 2475 2556 impudentiam.
2510 2509 2530 2542 ι
2559 2491 2938 2562 lniquitatibus
2990 2497 3106 2552 suis
3159 2498 3465 2554 laetiticave-

1898 2583 2024 2629 runt
2076 2591 2271 2647 reges,
2323 2579 2620 2637 mendaciis
2669 2585 2784 2639 suis
2840 2587 3127 2657 principes.
3170 2608 3188 2639 ι
3227 2587 3466 2660 Contigit

1896 2667 2058 2731 enim,
2086 2675 2142 2721 ut
2173 2668 2298 2723 hinc
2329 2673 2552 2724 multam
2585 2680 2698 2726 tum
2729 2689 2884 2744 reges
2917 2687 3029 2730 tum
3067 2679 3340 2749 principes
3369 2695 3466 2734 ca-

1897 2765 2084 2826 perent
2109 2759 2469 2829 voluptatem;
2492 2765 2583 2832 qui
2621 2763 2824 2819 idcirco
2851 2781 2946 2820 eos
2978 2770 3335 2838 superabunt,
3372 2786 3467 2824 ca-

1897 2851 2179 2922 ptivosque
2231 2855 2530 2921 abducent,
2586 2869 2807 2928 prepter
2856 2869 3080 2928 peccata
3133 2861 3465 2918 adamussim

1897 2957 2017 3010 quae
2045 2945 2480 3012 commiserunt;
2517 2955 2571 3002 et
2617 2950 2744 3016 quia
2787 2949 3016 3004 scientia
3072 2950 3175 3006 mei
3227 2953 3467 3016 omissa,

225 3035 554 3106 “xpatﬁoouct
569 3049 630 3086 τε
653 3035 830 3086 αὐτῶν
852 3035 947 3086 καὶ
961 3033 1335 3106 αίχμαλώτους
1349 3035 1629 3104 λήψονται,
1656 3037 1796 3107 ὑπὲρ

1901 3029 2093 3086 falsum
2137 3041 2190 3088 et
2226 3035 2627 3092 fraudulentum
2663 3038 2967 3096 daemonum
3016 3043 3220 3097 cultum
3257 3046 3468 3100 ascive-

225 3120 296 3180 ὗν
322 3143 380 3178 τε
406 3124 798 3196 διεπράττοντο
815 3124 1001 3178 κακῶν
1025 3143 1036 3154 ·
1057 3127 1149 3178 καὶ
1170 3126 1250 3178 ὅτι
1272 3126 1336 3196 δὴ
1359 3126 1457 3196 τὴν
1486 3126 1623 3197 ἐμὴν
1645 3128 1800 3195 ἀφέν-

226 3235 311 3280 τες
330 3216 664 3287 τνῶσινβὴν
676 3216 846 3287 ψευδῆ
865 3218 957 3269 καὶ
973 3217 1252 3286 ἀπατηλὴν
1267 3216 1375 3270 τῶν
1387 3217 1654 3287 δαιμόνων
1669 3236 1799 3288 μετ-

225 3308 392 3378 ᾔεσαν
425 3307 745 3378 θρησκείαν.
775 3326 794 3358 ι
833 3307 1042 3370 Πάντες
1085 3306 1421 3377 μοιχεύοντες
1449 3307 1524 3370 ὼς
1552 3307 1797 3372 κλίϐανος

229 3400 515 3470 καιόμενος
545 3403 627 3462 είς
660 3399 848 3467 πέψιν.
893 3417 912 3449 s
949 3397 1259 3468 Συμφώνως
1297 3398 1405 3469 γὰρ
1432 3399 1665 3460 ἅπαντες
1697 3399 1799 3469 τῆς

227 3491 476 3560 γνώσεως
498 3490 835 3552 ἀποστάντες
872 3489 971 3557 τῆς
998 3489 1132 3558 ἐμῆς
1153 3490 1403 3558 μοιχικήν
1429 3506 1550 3543 τινα
1574 3489 1799 3561 γνώμην

227 3580 570 3644 ἀνεδέξαντο,
620 3579 755 3649 πρὸς
799 3580 898 3648 τὴν
948 3578 1057 3630 τῶν
1099 3578 1366 3648 δαιμόνων
1411 3579 1798 3644 ἀποκλίναντες

227 3674 520 3744 θεραπείαν
541 3690 556 3705 ·
587 3673 682 3726 καὶ
702 3671 856 3742 δίκην
887 3669 1138 3723 κλιϐάνου
1173 3670 1307 3738 πρὸς
1333 3670 1494 3739 πέψιν
1522 3672 1796 3724 ἐκκεκαυ-

231 3765 388 3834 μένου
410 3804 425 3826 ,
457 3762 598 3834 μετά
633 3760 844 3833 θερμῆς
884 3777 1028 3824 τινος
1063 3759 1160 3830 τῆς
1196 3759 1503 3831 προθυμίας
1535 3761 1671 3832 πρὸς
1696 3761 1796 3832 τὴν

227 3854 522 3908 ἀκολασίαν
556 3853 813 3924 ῥέποντες
846 3851 1081 3922 ἐκείνην.
1140 3853 1168 3902 ῖ
1214 3850 1567 3904 Κατακαύσει
1599 3853 1796 3917 αὐτοὺς

227 3948 331 3998 ἀπὸ
373 3947 475 4016 τῆς
521 3945 738 4014 φλογός.
793 3962 813 3995 s
870 3942 1030 3997 Ἀλλά
1062 3941 1171 4014 γὰρ
1197 3943 1255 4009 ὲξ
1284 3943 1455 4013 αὐτῆς
1496 3943 1554 3997 δὲ
1596 3943 1798 4015 ταύτης

226 4033 771 4102 καταναλωθήσονται
812 4032 915 4100 τῆς
954 4030 1198 4102 γνώμης.
1250 4051 1269 4083 ι
1341 4033 1473 4087 Ἀπὸ
1512 4034 1796 4103 φυράσεως

226 4124 449 4191 στέατος
493 4125 600 4187 ἕως
637 4123 731 4176 τοῦ
777 4122 1093 4194 ζυμωθῆναι
1139 4122 1270 4175 αὐτὸ
1315 4122 1455 4186 ὅλον,
1492 4125 1546 4176 αί
1594 4123 1796 4194 ἡμέραι

223 4216 334 4268 τῶν
364 4213 632 4284 βασιλέων
663 4213 838 4283 ὑμῶν.
892 4231 912 4264 s
963 4213 1050 4276 Ὦς
1089 4211 1196 4283 γὰρ
1229 4213 1278 4265 εί
1319 4213 1480 4274 στέας
1508 4210 1710 4282 ληφθέν
1737 4231 1794 4265 τε

221 4305 317 4358 καὶ
363 4302 638 4374 sti-511,05
674 4301 887 4373 ἀλεύρῳ
925 4300 1088 4371 ζυμοῖ
1125 4317 1185 4354 τε
1230 4301 1322 4354 καὶ
1375 4300 1689 4353 ὲναποτελεῖ
1735 4301 1795 4353 τὸ

1900 3133 2045 3177 runt.
2079 3143 2097 3175 ι
2125 3125 2326 3182 Omnes
2353 3127 2718 3185 adulterantes
2737 3170 2752 3195 ,
2779 3132 2934 3200 quasi
2962 3131 3209 3187 clibanus
3239 3148 3466 3188 succen-

1899 3230 1994 3270 sus
2030 3215 2095 3269 ad
2130 3219 2490 3286 coquendum.
2522 3238 2541 3271 ι
2569 3219 2922 3276 Concorditer
2956 3237 3146 3279 omnes
3178 3238 3208 3276 a
3238 3224 3468 3279 scientia

1898 3306 2002 3362 mei
2033 3307 2347 3364 recedentes
2367 3349 2381 3372 ,
2408 3310 2766 3367 adulterinam
2795 3313 2959 3367 veluti
2988 3315 3312 3368 sententiam
3345 3328 3465 3370 sus-

1897 3405 2158 3466 ceperunt
2197 3397 2264 3450 ad
2310 3399 2613 3454 daemonum
2649 3402 2853 3456 cultum
2891 3403 3199 3457 declinandi
3230 3422 3246 3469 ;
3297 3405 3467 3458 cliba-

1898 3487 2061 3557 nique
2095 3488 2268 3542 instar
2305 3489 2372 3542 ad
2410 3492 2753 3563 coquendum
2793 3492 2902 3564 34
2938 3494 3217 3556 succensi,
3262 3492 3469 3552 fervido

1897 3581 2130 3649 quodam
2174 3581 2340 3635 animi
2379 3582 2581 3652 impetu
2620 3583 2687 3636 ad
2729 3583 2862 3636 illud
2901 3582 3163 3654 ﬂagitium
3215 3584 3469 3640 decurre-

1897 3677 2042 3724 runt.
2073 3687 2091 3719 ι
2123 3667 2326 3723 Exuret
2358 3685 2454 3723 eos
2489 3671 2542 3723 in
2577 3669 2813 3722 ﬂamma.
2853 3687 2871 3720 ι
2902 3669 3007 3724 Sed
3037 3671 3178 3724 enim
3215 3670 3316 3726 hoc
3349 3671 3471 3742 ipso

1898 3758 2128 3813 consilio
2161 3773 2262 3812 suo
2291 3767 2704 3814 consumentur.
2735 3777 2753 3809 ι
2783 3758 3072 3814 Fermento
3104 3760 3305 3814 arvina:
3325 3801 3340 3826 ,
3368 3761 3468 3815 do-

1897 3867 1998 3906 nec
2032 3851 2386 3906 fermentetur
2435 3858 2644 3915 totum,
2693 3851 2811 3905 dies
2850 3866 3036 3921 regum
3083 3859 3408 3905 vestrorum.
3441 3871 3462 3903 s

1901 3940 2077 3997 Veluti
2107 3942 2152 3998 si
2189 3940 2313 4010 quis
2347 3946 2616 4008 sumptam
2652 3939 2893 3992 arvinam
2934 3940 2989 3991 in
3021 3936 3250 3991 farinam
3287 3939 3465 4007 conji-

1899 4031 2008 4084 ciat
2030 4069 2046 4094 ,
2083 4038 2194 4084 tota
2228 4029 2343 4084 haec
2377 4027 2754 4090 fermentatur,
2792 4033 2846 4079 et
2889 4025 3196 4081 universam
3232 4040 3466 4080 massam

1897 4120 2106 4190 perlicit
2147 4121 2264 4175 :ita
2312 4135 2378 4175 ex
2418 4133 2528 4190 quo
2573 4117 2911 4189 illegitimum
2961 4116 3066 4172 hoc
3104 4117 3469 4173 constituistis

1896 4227 2158 4281 regnum,
2216 4219 2375 4281 capto
2429 4211 2582 4264 initio
2635 4209 2731 4264 abs
2779 4207 3139 4273 Jeroboamo,
3193 4208 3246 4262 in
3302 4224 3465 4264 unam

1895 4301 2249 4370 eamdemque
2279 4301 2599 4354 sententiam
2631 4299 2812 4352 cuncti
2846 4299 3049 4368 pariter
3073 4299 3460 4370 conspirastis.

223 4395 469 4464 σύμπαν,
512 4392 683 4456 οὕτως
729 4392 874 4458 ἐξότε
905 4409 1010 4462 περ
1050 4391 1148 4462 τὴν
1197 4391 1510 4462 παράνομον
1555 4391 1757 4461 ταύτην
1811 4390 2215 4460 κατεστήσασθε
2259 4388 2567 4458 βασιλείαν,
2631 4389 2737 4441 ἀπὸ
2787 4388 2879 4440 τοῦ
2941 4387 3220 4458 Ὶεροϐοάμ
3270 4387 3463 4442 λαϐόνο

218 4504 306 4550 τες
336 4486 435 4556 τὴν
464 4485 664 4555 ἀρχὴν,
694 4483 826 4552 πρὸς
850 4482 946 4554 τὴν
984 4481 1152 4554 αὐτὴν
1195 4482 1418 4552 γνώμην
1443 4481 1542 4552 τῆς
1569 4481 1764 4545 κακίας
1793 4482 2029 4541 ἅπαντες
2055 4477 2308 4530 ὲνεύσατε
2332 4476 2550 4546 ὁμοίως.

287 4621 437 4692 Στίχ.
472 4620 614 4673 ε’-θ’.
645 4647 717 4660 -
745 4636 762 4669 ι
804 4615 1075 4688 Ἤρξαντο
1105 4617 1361 4686 ἄρχοντες
1387 4616 1690 4688 θυμοῦσθαι
1734 4613 1794 4681 ἐξ
1831 4579 1876 4633 D

216 4715 380 4767 οτνου.
428 4732 449 4764 s
487 4712 557 4764 οἵ
584 4727 645 4763 τε
669 4708 776 4779 γὰρ
808 4709 1067 4779 ἄρχοντες
1100 4707 1280 4762 αὐτῶν
1330 4707 1522 4778 μέθαις
1542 4709 1636 4761 καὶ
1661 4709 1801 4761 οίνο-

219 4805 480 4871 ᾳλυγίαις
526 4801 838 4872 προσεῖχον,
883 4798 1106 4870 ἀκράτῳ
1149 4797 1291 4852 κατᾶ
1349 4799 1566 4852 πάντων
1619 4798 1694 4862 ώς
1733 4801 1798 4852 ὲκ

216 4895 475 4962 τοιαύτης
521 4893 810 4961 παροινίας
843 4888 922 4960 τῷ
963 4889 1118 4960 θυμῷ
1147 4889 1498 4960 κεχρημένοι.
1535 4889 1632 4962 (p.
1679 4890 1794 4962 52)

227 5004 244 5033 ι
287 4985 597 5048 Ἑξέτειναν
628 4979 726 5050 τὴν
754 4982 913 5050 χεῖρα
940 4978 1116 5033 αὐτῶν
1148 4980 1287 5049 μετά
1323 4979 1543 5049 λοιμῶν.
1599 4998 1617 5031 ι
1652 4980 1794 5050 Πρὸς

223 5071 538 5139 πλεονεξίαν
567 5070 780 5141 ἑώρων,
806 5068 1086 5122 κοινωνίαν
1114 5069 1355 5138 ἑλόμενοι
1389 5069 1523 5141 πρὸς
1553 5068 1797 5131 ἅπαντας

222 5167 342 5226 τοὺς
370 5160 805 5232 διεφθαρμένους
832 5157 926 5210 τὸν
947 5159 1165 5227 τρόπον.
1198 5178 1216 5210 ι
1249 5159 1393 5212 Διότι
1416 5158 1796 5227 ἀνεκαύθησαν

222 5252 293 5315 ὥς
318 5254 573 5314 κλίϐανος
607 5253 665 5304 al
707 5250 926 5322 καρδίαι
953 5249 1151 5313 αὐτῶν,
1181 5252 1240 5303 ὲν
1289 5250 1368 5321 τῷ
1394 5251 1795 5322 καταρῥὰσσειν

226 5344 413 5408 αὐτοὺς
473 5344 608 5413 ὅλην
651 5341 753 5412 τὴν
802 5343 998 5394 νύκτα.
1041 5359 1060 5392 ι
1111 5340 1448 5406 Ἐξεκαίοντο
1494 5343 1603 5409 γὰρ
1640 5341 1794 5410 δίκην

227 5431 468 5486 κλιϐάνου
501 5431 605 5502 τὴν
635 5430 878 5484 διάνοιαν
904 5430 970 5482 ἐκ
1001 5428 1100 5499 τῆς
1131 5428 1300 5498 μέθης
1329 5423 1396 5498 ἦς
1424 5428 1490 5481 δι’
1523 5429 1647 5498 ὅλης
1673 5430 1796 5480 ἐπες

228 5525 430 5594 τήδευον
447 5526 554 5594 τῆς
578 5522 795 5585 νυκτός.
835 5539 856 5573 ι
894 5521 1102 5574 Ὕπνου
1129 5519 1386 5591 ,Ἐφραῒμ
1410 5519 1742 5590 ἐνεπλήσθη.
1773 5538 1790 5570 ι

238 5614 311 5679 Ὡς
334 5620 396 5672 ἐκ
424 5617 605 5689 μέθης
632 5615 820 5669 τοίνυν
851 5611 1109 5680 τοιαύτης
1133 5611 1289 5682 δίκην
1319 5611 1427 5664 τῶν
1452 5610 1604 5679 ὕπνῳ
1642 5611 1800 5682 βαρεί

227 5712 631 5781 κατεχομένων,
686 5706 889 5761 οὐδένα
939 5702 1032 5757 τοῦ
1099 5704 1465 5774 προσήκοντος
1519 5700 1798 5754 ἐποιοῦντο

1972 4612 2138 4666 Vens.
2193 4609 2315 4664 5-9.
2357 4637 2429 4649 —
2473 4626 2492 4659 ι
2522 4608 2818 4678 Coeperunt
2872 4609 3146 4678 principes
3201 4608 3382 4666 furere
3433 4626 3466 4664 a

1899 4704 2044 4757 vino.
2081 4721 2098 4754 ι
2131 4701 2413 4771 Principes
2460 4714 2650 4755 eorum
2702 4700 2939 4770 crapulae
2986 4709 3040 4755 et
3085 4701 3334 4755 ebrietati
3384 4702 3466 4757 in-

1897 4797 2224 4866 dulgebant,
2261 4797 2339 4851 ira
2371 4797 2656 4851 immodica
2691 4796 2952 4852 adversus
2982 4811 3168 4853 omnes
3208 4804 3466 4865 tanquam

1895 4888 2161 4958 crapulati
2191 4896 2420 4942 utentes.
2452 4906 2471 4939 ι
2500 4887 2870 4942 Extenderunt
2899 4903 3116 4942 manum
3151 4902 3305 4944 suam
3337 4900 3466 4940 cum

1895 4979 2293 5048 pestilentibus.
2322 4998 2340 5030 ι
2368 4977 2558 5032 Δνιπαι
2605 4979 2888 5048 cupiditati
2937 4987 3172 5033 mentem
3221 4973 3466 5030 intende-

1903 5078 2068 5134 runt,
2106 5071 2238 5125 inita
2268 5085 2391 5124 cum
2424 5069 2675 5140 pessimis
2701 5068 2958 5123 omnibus
2987 5067 3266 5122 societate.
3294 5084 3314 5116 ι
3344 5066 3466 5120 ldeo

1901 5169 2224 5216 exarserunt
2281 5169 2340 5214 ut
2388 5160 2634 5214 clibanus
2687 5160 2850 5214 corda
2903 5172 3126 5220 eorum,
3179 5155 3306 5210 dum
3353 5163 3466 5211 tota

1902 5259 2061 5306 nocte
2097 5251 2391 5319 agitantur.
2425 5267 2443 5300 ι
2473 5249 2705 5304 Mentem
2744 5263 2894 5301 more
2927 5244 3126 5300 clibani
3164 5244 3468 5300 inﬂamma-

1901 5348 2010 5393 tam
2057 5339 2318 5408 gerebant
2362 5353 2392 5391 a
2440 5339 2660 5406 crapula
2685 5379 2700 5402 ,
2730 5337 2818 5390 cui
2847 5342 2958 5390 tota
2990 5341 3150 5389 nocte
3182 5343 3464 5391 vacarunt.

1905 5449 1923 5481 ι
1957 5430 2162 5484 Somno
2197 5430 2433 5496 repletus
2466 5438 2550 5483 est
2590 5429 2940 5498 Epliraimus.
2971 5447 2989 5480 ι
3019 5427 3164 5497 Ergo
3207 5435 3467 5496 tanquam

1899 5536 1962 5576 ex
1994 5523 2216 5592 crapula
2253 5521 2564 5589 liujusmodi
2601 5535 2791 5576 somno
2837 5521 2982 5592 gravi
3028 5520 3298 5590 correpti,
3347 5519 3468 5572 nul-

1900 5613 2006 5667 lius
2053 5615 2265 5669 honesti
2313 5613 2472 5666 oﬂicii
2505 5628 2691 5668 curam
2725 5614 2998 5683 gerebant.
3030 5632 3047 5663 ι
3079 5611 3234 5665 Mane
3268 5611 3469 5662 factum

1902 5715 1982 5758 cst
2004 5746 2016 5769 ,
2050 5716 2101 5760 ct
2134 5721 2398 5762 succensa
2430 5713 2511 5760 cst
2542 5708 2694 5774 quasi
2728 5708 2868 5775 ignis
2901 5707 2988 5760 lux
3019 5719 3030 5756 :
3065 5701 3309 5758 calcfacti
3344 5708 3470 5753 sunt
