3920 6130
1529 232 1884 312 τιιῑοοοιιι
1929 254 2414 314 uorsussrm

364 377 556 422 omnes
609 362 769 434 quasi
817 358 1077 420 clibanus
1130 362 1351 420 ardens.
1375 382 1395 416 ι
1420 361 1518 419 Die
1571 364 1936 430 succedente,

2060 367 2221 437 ιόγον.
2261 387 2281 420 ι
2340 366 2494 438 Πρωτ
2541 365 2805 438 ἐγενήθη,
2856 363 2973 419 ω’
2997 364 3270 437 ἀνεκαύθη
3316 364 3394 429 ὡς
3444 366 3619 436 πυρὸς

366 470 563 513 rursus
610 455 667 510 in
707 454 896 511 eodem
944 469 1109 526 opere
1150 463 1345 519 erant,
1376 456 1535 526 quasi
1576 455 1700 527 igne
1736 457 1947 513 initam-

365 547 498 601 mati
520 585 536 611 ,
570 551 625 600 et
654 547 812 615 quasi
833 545 1089 601 clibanus
1120 545 1400 613 calefacti,
1435 555 1599 616 atque
1646 545 1714 601 ad
1762 547 1945 627 turpia

369 638 514 693 facta
551 632 780 692 incitati.
810 656 830 689 ι
854 636 923 691 Ει
956 637 1100 708 ignis
1129 636 1408 693 devoravit
1436 638 1652 709 iudices
1684 653 1898 693 eorum.
1924 656 1943 690 ι

370 730 615 786 Meritam
654 744 785 799 ergo
816 737 1031 798 poenam
1059 729 1381 791 sustinent,
1413 728 1542 782 dum
1593 729 1703 798 igni
1751 728 1949 795 veluti,

370 823 685 893 quicunque
716 820 857 889 apud
895 834 992 875 eos
1020 823 1360 890 regnabant,
1391 819 1576 873 hostili
1611 828 1737 874 sunt
1765 820 1951 874 traditi

371 914 524 968 caedi.
554 931 573 963 ι
596 911 790 966 Cuncti
841 920 997 980 reges
1041 924 1230 965 eorum
1276 910 1609 964 ceciderunt.
1641 928 1660 961 ι
1691 909 1866 964 Exitio
1899 917 1954 965 et

371 1006 503 1059 caedi
534 1016 722 1057 omnes
753 998 1057 1055 tradentur.
1088 997 1239 1054 Cur?
1264 1017 1281 1049 ι
1308 999 1479 1053 Nemo
1505 1006 1624 1053 erat
1653 1000 1797 1053 inter
1822 1014 1916 1054 eos
1935 1040 1950 1062 ,

372 1095 464 1164 qui
511 1094 791 1147 invocaret
840 1107 948 1148 me.
978 1090 1162 1157 iQuia
1215 1106 1321 1143 una
1372 1099 1550 1145 mente
1595 1098 1786 1154 erant,
1832 1090 1955 1143 nul—

374 1184 595 1253 lumque
639 1196 865 1250 prorsus
913 1181 1111 1234 habere
1162 1179 1265 1232 mei
1318 1188 1624 1248 respectum
1678 1179 1951 1235 volebant.

380 1290 400 1323 ι
428 1271 754 1341 Eplmimbs
800 1266 1120 1322 commistus
1166 1274 1249 1321 est
1304 1266 1540 1334 populis.
1574 1285 1592 1317 ι
1624 1264 1739 1320 Hoc
1787 1265 1951 1320 etiam

375 1362 566 1417 beatus
610 1362 942 1428 iiupruperat
985 1352 1185 1418 David,
1220 1356 1449 1410 dicens:
1481 1373 1498 1406 ι
1528 1355 1810 1409 Commisti
1846 1353 1953 1425 35

377 1460 504 1507 sunt
532 1453 672 1503 inter
697 1459 884 1518 gentes
909 1446 976 1499 ³³.
1011 1466 1028 1499 ι
1054 1448 1410 1501 Interdictum
1435 1429 1634 1515 quippe
1662 1462 1756 1516 per
1781 1448 1953 1516 legem

376 1545 458 1600 eis
500 1543 726 1598 omnino
757 1550 907 1605 erat,
940 1541 1234 1610 quominus
1268 1540 1592 1611 alienigenis
1628 1540 1956 1594 commisce-

376 1640 603 1700 rentur;
630 1633 858 1702 ideoque
884 1632 934 1685 id
960 1632 1156 1686 merito
1186 1628 1275 1685 hic
1304 1632 1467 1685 etiam
1501 1631 1608 1684 illis
1637 1631 1951 1699 exprobrat.

384 1696 984 1794 «Ephraimus-Iactus
1033 1718 1117 1775 est
1165 1718 1568 1775 subcinericius
1619 1696 1808 1789 panis,
1859 1723 1951 1790 qui
1985 1696 2025 1750 Β

376 1827 487 1869 non
522 1822 853 1867 reversatur.
884 1826 903 1862 ι
928 1809 1077 1864 Adeo
1113 1808 1471 1863 inconversus
1504 1808 1559 1862 in
1603 1810 1790 1864 eadem
1832 1826 1958 1880 per-

384 1904 591 1959 manslt
627 1903 864 1968 malitia,
903 1901 1045 1956 sicut
1078 1900 1167 1954 ille
1212 1914 1432 1954 manere
1479 1900 1617 1955 solet
1662 1901 1959 1956 immobilis

380 1994 439 2048 in
474 2008 802 2063 quocunque
851 1992 1074 2061 ponitur
1121 1992 1261 2046 loco.
1314 2008 1334 2042 ι
1381 1987 1748 2047 Comederunt
1797 1994 1959 2048 alieni

380 2083 553 2138 robur
595 2084 736 2151 ejus.
766 2102 785 2135 ι
817 2080 1063 2138 Sustinet
1110 2097 1239 2150 ergo
1286 2077 1526 2136 debitam
1578 2082 1955 2151 punitionem:

385 2175 618 2229 sceleste
644 2173 788 2227 enim
823 2170 1142 2242 alienigenis
1172 2172 1522 2235 commistus,
1556 2170 1625 2226 ab
1668 2171 1799 2241 ipsis
1835 2169 1960 2226 fun-

382 2265 532 2322 ditus
574 2264 1042 2320 exterminabitur.
1075 2281 1093 2335 ι
1124 2255 1246 2331 ipse
1289 2266 1470 2315 autem
1510 2261 1785 2328 nescivit;
1831 2263 1956 2317 cani

382 2354 733 2410 cﬂloruerunt
764 2353 849 2419 ei,
893 2362 946 2407 et
977 2353 1092 2422 ipse
1138 2345 1430 2421 ignoravit.
1463 2368 1481 2401 ι
1512 2351 1649 2415 Quia
1696 2351 1751 2405 in
1798 2351 1960 2406 oliieii

388 2444 473 2501 sui
503 2445 804 2515 ignorantia
839 2443 1243 2513 perseveravit,
1273 2457 1342 2495 ne
1388 2457 1417 2495 a
1469 2441 1959 2513 longaevitatequi~

388 2536 510 2592 dem
563 2536 629 2589 ad
678 2535 873 2589 bonam
916 2532 1125 2604 frugem
1175 2530 1422 2586 converti
1470 2546 1698 2600 passus,
1749 2532 1955 2587 idcirco

388 2627 503 2680 haec
532 2626 877 2696 perpetietur.

2050 459 2284 529 φέγγος·
2326 458 2527 524 πάντες
2552 456 2963 528 ἐθερμάνθησαν
3003 455 3079 520 ὡς
3110 455 3366 518 κλίϐανος
3399 454 3618 526 καιόμε-

2048 568 2156 615 νος.
2204 568 2225 602 ι
2295 549 2539 621 Ἡμέρας
2592 546 2648 603 δὲ
2697 546 3215 619 ἐπιλαμϐανούσης,
3271 545 3382 600 τῶν
3439 538 3620 600 αὖτῶν

2049 641 2281 712 ἥπτοντο
2330 639 2521 705 πάλιν,
2569 632 2928 708 ἀναπτόμενοί
2968 654 3029 691 τε
3068 637 3223 708 δίκην
3271 636 3474 710 πυρὸς,
3525 640 3624 690 καὶ

2050 731 2239 804 ὥσπερ
2265 750 2348 795 τις
2376 731 2625 795 κλίϐανος
2648 729 3152 803 διαθερμαινόμενοί
3184 747 3262 793 τε,
3299 731 3395 782 καὶ
3419 729 3622 796 διεγει-

2054 822 2271 894 ρόμενοι
2303 823 2438 894 πρὸς
2469 822 2564 893 τὴν
2595 821 2702 875 τῶν
2736 823 2953 875 ἀτόπων
2981 822 3266 893 ἐργασίαν.
3300 840 3319 871 ι
3361 816 3467 873 Καὶ
3506 818 3623 890 πῦρ

2053 913 2329 983 κατέφαγε
2376 914 2502 977 τοὺς
2532 913 2726 984 κριτὰς
2757 911 2953 965 αὐτῶν.
2999 930 3020 962 ι
3067 909 3414 980 Κατὰλληλον
3440 902 3622 962 τοίνυν

2053 1004 2383 1075 ὑπομένουσι
2412 1006 2510 1075 τὴν
2553 1005 2842 1075 τιμωρίαν,
2870 1003 3025 1074 δίκην
3059 1003 3228 1073 πυρὸς
3262 1003 3479 1054 πάντων
3510 1000 3624 1054 τῶν

2053 1095 2242 1165 ἄρχειν
2295 1097 2352 1148 ἐν
2392 1097 2575 1159 αὐτοῖς
2623 1095 3038 1164 ὑπειλημμένων
3079 1096 3143 1164 τῇ
3193 1093 3300 1145 τῶν
3347 1078 3625 1162 πολεμίων

2053 1186 2495 1256 παραδιδομένων
2535 1188 2741 1256 σφαγῇ.
2787 1204 2805 1236 ι
2848 1184 3054 1246 Πάντες
3089 1186 3137 1236 οἱ
3170 1181 3408 1253 βασιλεῖς
3440 1180 3624 1235 αὐτῶν

2054 1277 2265 1331 ἔπεσον.
2339 1296 2358 1328 ι
2432 1275 2702 1348 Ἀπωλείᾳ
2764 1277 2858 1328 καὶ
2912 1277 3091 1345 σφαγῇ
3155 1274 3624 1345 παραδοθήσονται

2054 1368 2273 1430 πάντες.
2303 1367 2458 1430 Τίνος
2485 1368 2698 1431 ἐνεκενς
2745 1385 2764 1417 ι
2801 1366 2915 1419 Οὐκ
2954 1362 3021 1437 ἦν
3061 1368 3117 1418 ἐν
3155 1366 3338 1427 αὐτοῖς
3370 1366 3399 1416 ό
3435 1366 3632 1418 ἐπικα·

2053 1458 2310 1528 λούμενος
2330 1459 2464 1530 πρός
2493 1475 2579 1529 με.
2612 1477 2629 1509 ι
2676 1457 2892 1527 Ἐπειδὴ
2915 1459 3006 1509 καὶ
3040 1456 3329 1525 σύμφωνον
3359 1451 3501 1524 εἶχον
3523 1453 3625 1525 τὴν

2053 1547 2296 1621 γνώμην,
2331 1550 2520 1603 οὐδένα
2554 1548 2712 1616 λόγον
2755 1547 2888 1619 ἐμοῦ
2922 1549 3191 1601 ποιεῖσθαι
3222 1545 3476 1612 καθάπαξ
3510 1545 3627 1600 ἐθέ-

2054 1638 2257 1703 λοντες.
2315 1657 2334 1688 ι
2394 1639 2633 1708 Ἐφραῖμ
2677 1638 2735 1689 ἐν
2775 1639 2889 1700 τοῖς
2935 1637 3084 1700 λαοῖς
3128 1637 3288 1700 αὐτὸς
3330 1640 3628 1707 συνανεμί-

2051 1744 2234 1797 γνυτο.
2273 1746 2293 1778 ι
2320 1725 2489 1780 Τοῦτο
2513 1728 2606 1781 καὶ
2625 1729 2653 1779 ὁ
2690 1726 2953 1797 μακάριος
2979 1726 3176 1788 αὐτοὺς
3203 1727 3437 1780 αἰτιᾶται
3460 1711 3627 1779 Δαυῒδ

2051 1816 2255 1884 λέγων·
2291 1816 2365 1885 (p.
2401 1817 2490 1880 55)
2527 1835 2546 1866 ‹
2588 1816 2697 1869 Καὶ
2737 1816 3077 1887 ἐπεμίγησαν
3117 1818 3174 1869 ἐν
3212 1819 3323 1877 τοῖς
3359 1816 3557 1869 ἔθνεσι.
3595 1830 3619 1867 ι

2052 1907 2163 1959 Καὶ
2186 1908 2294 1977 γὰρ
2321 1902 2389 1978 ἦν
2422 1904 2767 1977 ἀπειρημένη
2800 1895 3077 1968 παντελῶς
3107 1896 3290 1968 αὐτοῖς
3317 1907 3379 1958 ἐκ
3409 1903 3503 1959 τοῦ
3534 1905 3626 1959 νό-

2056 2012 2156 2066 μου
2201 1997 2234 2066 ἡ
2266 1994 2399 2066 πρὸς
2430 1996 2556 2058 τοὺς
2590 1993 2899 2064 ἀλλοτρίους
2935 1994 3183 2065 ἐπιμιξία
3211 2013 3225 2025 ·
3266 1994 3490 2058 εἰκότως
3528 1990 3630 2050 οῦν

2054 2088 2236 2151 αὐτοῖς
2259 2085 2505 2151 ὀνειδίζει
2546 2082 2819 2141 κάνταῦθα
2848 2087 3023 2140 τοῦτο.
3063 2105 3083 2137 ι
3133 2074 3371 2157 Ἐφραῒμ
3409 2086 3631 2155 ἐγένετο

2058 2180 2360 2249 ἐγκρυφίας
2389 2179 2451 2231 οὐ
2490 2178 3015 2249 μεταστρεφόμενος.
3054 2196 3072 2228 ι
3108 2176 3293 2240 Οῦτως
3314 2177 3633 2248 ἀμετάϐλη-

2056 2286 2149 2333 τος
2193 2269 2283 2322 τὸν
2317 2269 2516 2339 τρόπον
2547 2267 2640 2321 ἐπὶ
2682 2260 2781 2339 τῆς
2816 2256 2986 2337 αὐτῆς
3020 2267 3337 2338 μεμενηκὼς
3392 2266 3628 2330 κακίας.

2057 2358 2246 2429 ὥσπερ
2279 2360 2453 2412 ἐκεῖνο
2480 2354 2659 2428 μένειν
2687 2350 2873 2410 εἴωθεν
2910 2357 3305 2426 ἀμετακίνητον
3343 2358 3426 2426 ἐφ’
3452 2350 3631 2426 οὗπερ

2059 2448 2319 2503 τέτακται
2360 2447 2545 2501 τόπου.
2596 2466 2614 2498 ι
2673 2447 2993 2516 Κατέφαγον
3028 2447 3294 2518 ἀλλότριοι
3331 2450 3427 2519 τὴν
3469 2448 3633 2518 ἰσχὺν

2061 2539 2249 2594 αὑτοῦ.
2285 2557 2303 2591 ι
2346 2532 2638 2608 ’Υπομένει
2684 2538 2863 2590 τοίνυν
2901 2538 3159 2604 ἀνάλογον
3198 2538 3297 2608 τὴν
3321 2537 3632 2608 τιμωρίανο

2064 2624 2395 2696 παρανόμως
2420 2623 2528 2695 γὰρ
2549 2616 2659 2687 τοῖς
2683 2624 2978 2695 ἀλλοτρίοις
3004 2624 3300 2695 ἐπιμιγείς,
3328 2625 3419 2678 ὑπ’
3445 2624 3639 2679 αὐτῶν

312 2742 321 2747 ο
384 2721 609 2774 ἐκείνων
669 2717 1095 2789 ἀφανισθήσεται
1155 2715 1451 2779 παντελῶς.
1504 2734 1525 2768 ι
1579 2715 1750 2779 Αὐτὸς
1791 2716 1846 2768 δὲ
1897 2716 1997 2769 οὐκ
2045 2716 2218 2784 ἔγνω·
2263 2703 2358 2770 καί
2407 2716 2567 2770 πολιὰ
2617 2715 2908 2785 ἐξήνθησεν
2956 2715 3141 2785 αὐτῷ,
3185 2717 3276 2769 καὶ
3313 2715 3473 2779 αὐτὸς
3527 2714 3641 2769 οὐκ

383 2808 540 2878 ἔγνω.
578 2827 596 2860 ι
643 2807 859 2879 Ἐπειδὴ
892 2807 998 2878 γὰρ
1041 2807 1437 2877 διαμεμένηκεν
1486 2807 1580 2859 ἐπὶ
1631 2808 1726 2896 τής
1771 2806 1879 2860 τῶν
1919 2807 2302 2878 προσηκόντων
2349 2809 2601 2877 ἀγνοίας,
2637 2804 2757 2861 οὐδὲ
2815 2804 2892 2879 τῷ
2940 2807 3137 2880 μακρῷ
3169 2809 3344 2880 χρόνῳ
3388 2807 3520 2878 πρὸς
3569 2800 3641 2863 τδ

383 2905 499 2958 δέον
527 2901 778 2975 ἐλόμενος
817 2900 966 2967 ἰδεῖν,
994 2903 1082 2955 διά
1103 2902 1261 2955 τοῦτο
1288 2903 1533 2955 πείσεται
1555 2901 1799 2956 τοιαῦτα.

462 2993 632 3050 Vens.
668 2996 854 3050 10-12.
884 3024 954 3033 -
986 3014 1005 3047 ι
1035 2986 1099 3048 Et
1132 2984 1508 3047 bumiliabitur
1545 2994 1856 3063 arrogantia
1887 2991 1959 3050 ls-

2133 2990 2283 3065 Στίχ.
2316 2993 2467 3065 ι’-ιβ’.
2498 3024 2567 3035 -—
2598 3012 2616 3046 ‹
2654 2992 2765 3046 Καὶ
2792 2990 3258 3062 ταπεινωθήσεται
3289 2991 3323 3062 ή
3352 2988 3509 3061 ὕϐρις
3535 2989 3640 3045 τοῦ

386 3087 550 3141 raelis
585 3084 640 3137 in
686 3080 825 3139 faeie
866 3085 1021 3152 ejus,
1056 3097 1154 3137 nec
1182 3082 1383 3136 reversi
1415 3090 1545 3136 sunt
1575 3081 1642 3135 ad
1672 3080 1960 3136 Dominum

391 3174 558 3230 Deum
590 3189 748 3229 suum
774 3212 789 3235 ,
820 3182 875 3227 et
915 3189 1023 3227 nun
1058 3173 1395 3242 quasierunt
1434 3186 1559 3226 eum
1606 3171 1661 3226 in
1708 3156 1963 3228 omnibus

389 3267 497 3323 his.
527 3285 547 3318 ι
576 3260 844 3331 Quoniam
877 3264 1058 3333 itaque
1087 3279 1212 3333 erga
1246 3257 1410 3317 Deum
1440 3263 1816 3318 contumeliosi
1850 3263 1965 3320 lue-

390 3366 556 3424 runt,
595 3357 723 3412 dum
765 3357 845 3411 sic
881 3355 1221 3423 impudenter
1264 3369 1327 3408 ac
1377 3353 1726 3424 pertinaciter
1765 3354 1966 3408 daemo-

390 3461 520 3501 num
552 3445 925 3514 superstitioni
971 3442 1353 3506 adhaeserunt,
1402 3444 1727 3512 illorumque
1771 3430 1965 3512 seque-

391 3538 497 3590 lam
552 3551 680 3589 vero
732 3535 839 3589 Deo
885 3532 1285 3598 antetulerunt,
1332 3528 1592 3587 videbunt
1634 3532 1964 3587 humiliatio-

392 3642 513 3683 nem
542 3642 719 3691 suam,
741 3641 901 3696 quam
936 3627 1129 3680 merito
1163 3625 1456 3685 sustinent,
1491 3632 1774 3693 postquam
1807 3639 1875 3678 ne
1909 3623 1963 3678 in

392 3720 738 3788 catastrophe
768 3717 983 3787 quidem
1022 3718 1090 3772 ad
1134 3716 1299 3772 Deum
1343 3717 1606 3769 inclinare
1645 3716 1954 3770 voluerunt.

397 3829 417 3862 ι
449 3809 682 3879 Eratque
704 3807 1025 3877 Ephraimus
1053 3806 1206 3876 quasi
1234 3805 1485 3861 columba
1519 3805 1784 3875 insipiens
1803 3847 1819 3866 ,
1854 3821 1962 3860 non

390 3900 596 3956 habens
625 3914 760 3955 cur:
795 3898 1084 3968 Egyplum
1117 3897 1475 3960 invocabant,
1498 3883 1565 3949 et
1599 3894 1666 3948 ad
1703 3894 1959 3966 Assyrios

392 3992 662 4046 abierunt.
695 4008 714 4042 ι
751 3989 942 4055 Qualis
980 3995 1065 4043 est
1101 3987 1391 4050 columba,
1432 3999 1554 4055 quae
1592 4000 1659 4038 ne
1696 3985 1761 4038 de
1802 3985 1964 4053 pullis

392 4081 613 4149 quidem
674 4083 789 4135 suis
844 4078 1077 4133 sollicita
1130 4083 1261 4144 est;
1323 4076 1523 4145 quibus
1575 4074 1679 4127 sibi
1729 4075 1962 4137 ablatis,

394 4169 587 4223 iisdem
647 4169 781 4222 locis
842 4167 1125 4221 nidiﬁcare
1164 4180 1358 4220 rursus
1422 4166 1593 4231 solet,
1656 4164 1963 4219 futurorum

397 4258 720 4327 improvida,
741 4260 869 4327 quia
901 4272 1055 4326 asque
1093 4256 1229 4317 eripi
1261 4264 1551 4325 poterunt:
1586 4255 1665 4310 sic
1697 4265 1749 4309 et
1785 4257 1874 4311 isti
1907 4273 1965 4312 se

2074 3085 2290 3157 Ἰσραήλ
2333 3085 2413 3148 εἰς
2450 3084 2740 3155 πρόσωπον
2775 3080 2940 3136 αὑτοῦ
2963 3122 2975 3145 ,
3009 3081 3104 3134 καὶ
3147 3081 3248 3133 οὐκ
3292 3078 3639 3150 ἐπέστρεψαν

2064 3178 2198 3250 πρὸς
2233 3177 2436 3249 Κύριον
2468 3174 2558 3228 τὸν
2594 3175 2725 3228 Θεὸν
2769 3173 2947 3228 αὐτῶν
2968 3213 2982 3235 ,
3008 3173 3125 3251 ’καὶ
3159 3173 3259 3224 οὐκ
3302 3170 3641 3241 ἐξεζήτησαν

2063 3267 2226 3323 αὐτὸν
2257 3271 2313 3321 ἐν
2343 3270 2479 3321 πᾶσι
2507 3267 2735 3329 τούτοις.
2777 3284 2796 3317 ι
2836 3264 3009 3335 ’Υπὲρ
3035 3257 3110 3317 ὧν
3133 3263 3311 3315 τοίνυν
3342 3261 3638 3333 ἐξύϐρισαν

2063 3362 2143 3424 είς
2162 3361 2222 3413 τὸ
2246 3359 2420 3420 Θεϊον,
2446 3357 2619 3421 οὕτως
2642 3354 2873 3419 ἀναιδῶς
2897 3355 2991 3408 καὶ
3011 3352 3363 3424 ἀμεταθέτως
3382 3353 3508 3424 περί
3531 3344 3640 3424 τὴν

2062 3449 2170 3503 τῶν
2205 3447 2473 3518 δαιμόνων
2508 3447 2800 3516 ἐσχηκότες
2853 3440 3146 3514 θεραπείαν
3171 3483 3185 3503 ,
3230 3444 3324 3495 καὶ
3367 3440 3463 3511 τὴν
3502 3442 3640 3512 περὶ

2062 3539 2305 3602 ἐκείνους
2338 3536 2573 3607 σπουδὴν
2624 3537 3056 3606 προτιμήσαντες
3083 3534 3179 3603 τῆς
3213 3528 3342 3604 περί
3377 3522 3435 3585 τδ
3462 3530 3641 3597 ὗντως

2063 3629 2238 3693 Θεῖον,
2265 3628 2484 3697 ὄψονται
2519 3627 2618 3696 τήν
2649 3625 2975 3678 ταπείνωσιν
3007 3624 3105 3695 τὴν
3142 3623 3370 3685 οἰκείαν,
3401 3618 3467 3693 ἦν
3499 3614 3642 3674 ὕπο-

2067 3721 2287 3791 μένουσι
2318 3718 2561 3781 δικαίως,
2611 3718 2686 3785 (ρ.
2724 3717 2813 3783 54)
2844 3716 2965 3769 οὐδὲ
3005 3717 3069 3768 ἐκ
3110 3714 3410 3784 μεταϐολῆς
3439 3713 3641 3791 νεῦσαι

2064 3790 2200 3879 πρὸς
2245 3806 2335 3858 τὸν
2372 3804 2504 3857 Θεὸν
2537 3801 2903 3873 βουληθέντες.
2944 3819 2963 3852 ι
3015 3798 3121 3853 Καὶ
3159 3795 3226 3870 ἦν
3286 3796 3524 3869 Ἐφρατμ

2064 3892 2361 3968 περιστερά
2418 3892 2577 3959 ἄνουρς
2630 3891 2731 3943 οὐκ
2787 3890 2983 3960 ἔχουσα
3045 3888 3303 3959 καρδίαν*
3355 3886 3642 3955 Αἴγυπτον

2064 3982 2462 4046 ἐπεκαλοῦντο,
2508 3983 2599 4036 καὶ
2643 3984 2723 4043 εἰς
2780 3979 3095 4050 Ἀσσυρίους
3150 3978 3550 4050 ἐπορεύθησαν.
3615 3997 3635 4029 ›

2066 4076 2276 4145 Οἴαπέρ
2307 4074 2455 4125 ἐστιν
2489 4074 2522 4142 ή
2556 4070 2855 4143 περιστερά
2885 4062 3020 4141 μηδέ
3065 4068 3171 4121 τῶν
3202 4060 3413 4120 οἰκείων
3442 4083 3645 4137 γεννη-

2068 4167 2253 4237 μάτων
2289 4164 2584 4234 ποιουμένη
2619 4156 2775 4230 λόγον
2796 4179 2811 4193 ο
2858 4148 2933 4214 ὧν
2967 4152 3365 4230 ἀφαιρουμένη,
3394 4157 3485 4208 ἐπὶ
3524 4159 3645 4211 τῶν

2065 4258 2244 4313 αὐτῶν
2293 4258 2471 4310 τόπων
2508 4254 2805 4308 νεοττεύειν
2859 4251 3046 4305 εἴωθεν
3095 4251 3290 4314 πάλιν,
3329 4248 3445 4302 ούδέ
3503 4249 3644 4318 μίαν

396 4348 736 4410 habuerunt,
786 4349 998 4401 nullum
1054 4362 1272 4401 sensum
1320 4347 1471 4400 exitii
1518 4347 1601 4401 sui
1649 4349 1959 4415 capientes,

2066 4348 2263 4418 ἔχουσα
2288 4343 2630 4417 προμήθειαν
2652 4345 2749 4412 τῆς
2772 4339 3110 4412 ἀφαιρέσεως
3133 4338 3238 4390 τῶν
3258 4335 3641 4404 γεννωμένων·

394 4440 488 4494 sed
541 4446 921 4509 exspectantes
972 4436 1337 4509 Egyptorum
1389 4438 1631 4500 auxilia,
1677 4453 1801 4507 qua:
1855 4453 1961 4492 non

392 4531 796 4598 impetrarunt;
841 4528 971 4583 dum
1020 4531 1222 4583 interea
1272 4529 1467 4599 grandi
1514 4544 1637 4582 cum
1694 4536 1964 4599 potestate

394 4622 598 4692 Assyrii
622 4637 718 4677 eos
748 4621 1090 4676 abducebant
1118 4621 1368 4690 captivos
1397 4621 1449 4673 in
1478 4622 1753 4688 regionem
1781 4635 1959 4715 sqam.

399 4710 515 4763 «Et
538 4726 660 4763 cum
710 4711 935 4779 profecti
987 4710 1229 4773 fuerint,
1283 4710 1591 4778 expandam
1642 4727 1808 4779 super
1846 4710 1962 4766 ‘eos

396 4807 509 4853 rete
551 4813 728 4852 meum
758 4816 772 4851 :
822 4799 979 4866 quasi
1016 4799 1266 4852 volucres
1295 4797 1424 4849 cmli
1477 4797 1760 4851 detraham
1792 4813 1909 4853 eos.
1944 4817 1964 4850 ι

393 4886 605 4957 Fugere
632 4888 699 4940 ab
729 4888 943 4941 illorum
966 4927 982 4950 ,
1015 4888 1236 4957 inquam
1262 4925 1277 4949 ,
1311 4888 1575 4941 servitute
1604 4902 1833 4956 prorsus
1862 4902 1971 4943 non

392 4980 502 5050 36
527 4978 743 5041 licebit;
775 4979 900 5047 quia
929 4991 1030 5048 ego
1050 5015 1065 5039 ,
1094 4977 1194 5030 reti
1225 4976 1387 5030 veluti
1412 5018 1427 5040 ,
1458 4975 1677 5031 decreto
1704 4992 1825 5031 meo
1849 4978 1972 5033 illos

392 5070 818 5141 comprehensos
840 5108 855 5133 ,
890 5069 945 5122 in
979 5068 1350 5138 captivitatem
1385 5067 1543 5137 quasi
1581 5065 1807 5121 tetidem
1840 5081 1972 5122 aves

392 5161 683 5215 abducam.
715 5180 734 5213 ι
765 5160 1060 5230 Castigabo
1114 5173 1213 5213 eos
1259 5158 1380 5226 ipso
1428 5170 1545 5213 suis
1599 5156 1970 5211 tribulationis

396 5251 606 5306 auditu.
637 5269 656 5303 ι
685 5249 858 5307 Tanta
890 5252 999 5306 illis
1027 5248 1258 5304 inferam
1291 5250 1432 5302 mala
1453 5286 1471 5311 ,
1499 5257 1558 5302 ut
1587 5249 1670 5302 vel
1700 5248 1818 5316 ipsa
1852 5262 1970 5318 per-

396 5343 627 5396 molesta
653 5344 1044 5400 eventurorum
1078 5342 1346 5398 malorum
1381 5340 1590 5397 auditio
1619 5339 1857 5395 suﬂiciat
1898 5337 1968 5393 ad

396 5435 819 5502 correptiones.

460 5695 514 5734 ιι
551 5693 701 5751 Psal.
735 5707 821 5762 ον,
857 5694 941 5751 55.

2067 4439 2209 4495 οὕτω
2235 4439 2297 4507 δὴ
2328 4438 2421 4492 καὶ
2450 4431 2593 4490 οὗτοι
2616 4433 2922 4503 γεγόνασιν,
2955 4429 3207 4499 αἴσθησιν
3233 4428 3333 4499 τῆς
3359 4425 3645 4490 ἀπωλείας

2067 4533 2127 4585 οὐ
2171 4529 2536 4600 λαμϐάνοντες
2575 4525 2674 4595 τῆς
2722 4523 2958 4585 οἰκείας,
2992 4519 3109 4573 ἀλλ’
3143 4517 3500 4588 ἀναμένοντες
3536 4514 3647 4586 μὲν

2066 4623 2166 4695 τήν
2195 4624 2260 4676 ἐκ
2276 4620 2385 4674 τῶν
2402 4617 2712 4686 Αἰγυπτίων
2744 4614 3015 4685 βοήθειαν,
3039 4613 3396 4679 τυγχάνοντες
3422 4607 3479 4661 δι
3507 4607 3645 4661 0:30—

2070 4715 2214 4777 ενός·
2244 4713 2341 4766 ἅτε
2370 4709 2509 4781 μετά
2540 4706 2780 4779 μεγάλης
2805 4705 2905 4772 τῆς
2938 4702 3255 4764 δυναστείας
3293 4699 3404 4753 τῶν
3444 4698 3650 4755 ’Δσσιι-

2067 4806 2201 4877 ρίων
2229 4801 2607 4873 αἰχμαλώτους
2637 4797 2836 4859 αὐτοὺς
2867 4795 3192 4861 ἀπαγόντων
3219 4793 3312 4844 ἐπὶ
3336 4790 3405 4844 τά
3435 4792 3647 4843 οἰκεῖα.

2073 4915 2091 4947 ι
2149 4893 2345 4955 Καθὼς
2391 4892 2459 4946 ἂν
2506 4887 2865 4961 πορεύωνται,
2912 4883 3159 4938 ἐπιϐαλῶ
3206 4883 3296 4936 ἐπ’
3329 4880 3522 4941 αὐτοὺς
3582 4879 3652 4932 τὸ

2065 4984 2280 5039 δίκτυόν
2325 4999 2426 5054 μου
2450 4997 2464 5012 ⁸
2503 4978 2689 5041 καθὼς
2723 4975 2793 5029 τὰ
2826 4974 3046 5029 πετεινά
3093 4971 3185 5025 τοῦ
3240 4968 3469 5042 ούρανοῦ
3525 4967 3655 5034 ἄξω

2068 5075 2285 5141 αὐτούς,
2321 5093 2341 5125 ι
2376 5074 2663 5140 Διαφυγεῖν
2688 5064 3169 5136 αὐτοὺς,φησὶ,τὴν
3192 5062 3416 5115 ἐκείνων
3435 5061 3653 5129 αἰχμα-

2067 5165 2284 5225 λωσίαν,
2310 5162 2419 5216 τῶν
2451 5160 2755 5214 ἀδυνάτωνα
2787 5153 2971 5224 ἐπειδὴ
2999 5151 3188 5223 ὥσπερ
3210 5149 3318 5203 τινὶ
3347 5148 3549 5217 δικτύῳ
3573 5150 3651 5218 τῇ

2066 5255 2339 5323 ἀποφάσει
2364 5247 2674 5325 περιϐαλὼν
2701 5246 2899 5307 αὐτοὺς
2918 5286 2932 5306 ,
2958 5242 3116 5313 δίκην
3145 5238 3406 5292 πετεινῶν
3430 5238 3510 5299 εἰς
3539 5236 3655 5307 τὴν

2067 5343 2441 5416 αἰχμαλωσίαν
2479 5339 2692 5407 ἀπάξω.
2727 5356 2746 5389 ι
2783 5331 3064 5389 Παιδεύσω
3088 5331 3283 5392 αὐτοὺς
3313 5329 3373 5380 ἐν
3402 5330 3469 5397 τῇ
3497 5326 3654 5398 ἀκοῇ

2064 5437 2164 5505 τῆς
2192 5434 2421 5502 θλίψεως
2444 5430 2644 5486 αὐτῶν.
2670 5448 2692 5481 ι
2722 5425 2957 5480 Τοιαῦτα
2980 5422 3038 5475 δέ
3059 5420 3242 5481 αὐτοῖς
3262 5416 3448 5480 ἐπάξω
3470 5416 3654 5480 κακὰε

2073 5526 2215 5580 ὥστε
2244 5524 2339 5579 καὶ
2369 5524 2470 5595 τήν
2502 5521 2670 5592 ἀκοὴν
2700 5518 2810 5571 τῶν
2845 5510 3287 5581 ἐπελευσομίνων
3321 5505 3504 5568 αὐτοῖς
3534 5520 3649 5558 και-

2046 5610 2186 5677 'zaw
2214 5617 2522 5690 βαρυτάτην
2548 5611 2733 5679 οὖσαν,
2764 5611 2954 5683 ἀρκεῖν
2977 5607 3056 5668 είς
3088 5599 3340 5655 παιδείαν
3361 5596 3577 5659 αὑταῖς.
