3920 6130
431 362 530 418 Hi

1613 357 1970 425 TilEODORi
2016 358 2375 425 MtiPSUEST
2388 358 2498 425 ΕΝ]

3596 360 3703 420 ηε

429 485 585 548 cepta
626 491 657 529 a
714 473 823 531 Deo
862 472 1127 531 beneﬁcia
1174 485 1188 527 :
1241 486 1367 527 nam
1424 473 1559 529 loris
1612 474 1775 532 inviis
1806 475 2006 531 similes

2112 475 2240 539 τοὺς
2275 473 2649 546 γεγενημένας
2699 473 2850 546 παρά
2901 473 2997 533 τοῦ
3049 473 3185 543 Θεοῦ
3230 477 3439 551 δωρεάς
3462 494 3478 513 ⁶
3508 481 3699 557 ἀὸᾀτῳ

428 578 612 633 erum,
665 564 965 623 desertioni
1013 563 1344 620 omnimodae
1393 565 1601 630 traditi,
1639 566 1691 619 in
1725 581 1832 636 qua
1880 580 2012 621 con-

429 661 725 714 stituentur
785 657 914 713 dum
972 657 1103 711 tuba
1161 656 1357 713 bellica
1405 656 1649 723 clamose
1698 671 1863 727 super
1915 672 2011 713 eos

427 750 653 821 clangit,
685 759 738 805 et
779 748 1154 804 imminentem
1186 747 1426 805 hostium
1452 748 1734 804 incursum
1773 746 2009 814 nuntiat,

426 842 517 913 qui
548 839 766 911 quidem
802 856 967 911 quam
1020 838 1291 896 citissime
1334 840 1587 906 aderunt,
1622 853 1774 895 more
1816 838 2012 909 aquila:

427 934 621 1003 praeda!
652 924 767 988 suae
811 932 993 989 subito
1027 932 1345 987 involantis.
1392 930 1483 986 Sic
1519 931 1708 1002 utique
1737 936 1792 985 et
1825 929 2011 991 hostes

429 1025 736 1092 advenient,
769 1023 861 1095 qui
897 1024 1157 1095 populum
1205 1022 1507 1090 destruent,
1554 1029 1608 1077 et
1644 1019 1741 1077 Dei
1787 1020 2007 1076 domum

429 1115 863 1171 inﬂammabunt.
910 1114 1024 1170 Hoc
1068 1123 1250 1171 autem
1291 1114 1521 1181 addidit,
1572 1113 1645 1170 ob
1687 1113 1782 1169 ira:
1819 1122 2005 1169 ostenv

428 1206 665 1262 dendam
717 1205 1175 1278 magnitudinem,
1228 1206 1371 1276 quod
1425 1221 1620 1276 nempe
1669 1220 1738 1260 ne
1780 1204 2011 1275 prepriae

428 1297 645 1367 quidem
679 1296 862 1352 domui
895 1302 1104 1367 parcet,
1137 1294 1233 1350 sed
1263 1293 1478 1349 excidio
1522 1309 1641 1350 eam
1688 1302 1885 1365 praeter
1925 1309 2011 1347 re-

428 1391 580 1461 liqua
625 1379 880 1444 hostibus
930 1386 1129 1442 tradet.
1181 1384 1293 1466 38
1326 1384 1526 1442 Deinde
1551 1401 1651 1440 cur
1685 1386 1801 1440 haec
1846 1400 2010 1440 even—

428 1490 548 1535 tura
582 1479 695 1534 sint
726 1477 1016 1533 declarans
1049 1494 1064 1532 :
1102 1493 1123 1530 ι
1158 1475 1300 1542 Quia
1347 1476 1681 1548 transgressi
1730 1483 1880 1542 sunt,
1932 1475 2013 1529 in-

424 1571 563 1641 quit,
600 1568 779 1625 fmdus
814 1583 1018 1632 meum,
1056 1573 1111 1622 et
1142 1577 1333 1622 contra
1367 1566 1538 1637 legem
1576 1580 1749 1621 meam
1778 1565 2012 1622 sceleste

424 1650 725 1735 egerunt.)
756 1654 968 1735 Etenim
1011 1655 1312 1711 absurdum
1347 1654 1675 1722 existimavi,
1717 1662 2010 1728 postquam

2114 566 2224 637 γὰρ
2254 564 2465 625 ἔσονται
2507 564 2904 637 παραπλήσιοι,
2935 568 3003 639 τῇ
3050 568 3257 645 ἐρημίᾳ
3301 573 3702 642 παραδοθέντες

2114 655 2403 719 παντελεῖ,
2454 658 2536 718 είς
2588 656 2656 728 ἢν
2717 658 3190 727 καταστήσονται.
3244 661 3345 732 τῆς
3395 662 3707 735 πολεμικῆς

2116 746 2418 815 σάλπιγγος
2449 746 2535 799 ἐπ’
2567 745 2764 812 αὐτοὺς
2800 747 3040 823 ἡκούσης
3092 749 3234 820 μέγα
3254 791 3270 819 ,
3314 753 3412 806 καὶ
3445 753 3547 825 τὴν
3586 755 3703 809 τῶν

2114 838 2388 909 πολεμίων
2434 837 2620 908 ἔφοδον
2666 838 2965 916 μέλλουσαν
3011 840 3418 914 γνωριζούσης,
3468 844 3503 916 ἢ
3554 846 3701 915 μετᾴ

2112 929 2310 1002 πολλῆς
2362 930 2547 995 αὐτοῖς
2615 928 2979 1007 ἐπελεύσεται
3042 931 3139 1003 τῆς
3197 932 3476 1005 ὀξύτητος,
3533 935 3703 1006 δίκην

2110 1020 2268 1076 ἀετοῦ
2315 1020 2512 1093 ἀθρόον
2559 1021 2920 1095 ἐφισταμένου
2970 1019 3083 1095 τοῖς
3130 1023 3506 1095 θηρωμένοις·
3547 1026 3703 1091 οὕτω

2110 1112 2219 1186 γὰρ
2254 1112 2321 1183 δὴ
2365 1112 2461 1171 καὶ
2501 1114 2551 1167 οί
2609 1112 2856 1184 πολέμιοι
2907 1112 3312 1181 ἐπελεύσονται,
3360 1115 3586 1182 τούτους
3629 1136 3695 1173 τε

2109 1203 2486 1274 ἀφανίζοντες,
2513 1202 2607 1259 καὶ
2632 1200 2731 1271 τὸν
2758 1198 2907 1261 οἷκον
2946 1204 3352 1277 πυρπολοῦντες
3380 1205 3473 1261 τὸν
3510 1207 3655 1267 θεῖον
3676 1226 3694 1241 ’

2108 1293 2267 1347 τοῦτο
2310 1293 2366 1349 δὲ
2404 1291 2792 1371 προστέθεικεν
2839 1294 2920 1358 είς
2970 1293 3245 1361 ἀπόδειξιν
3281 1280 3375 1349 τοῦ
3423 1296 3694 1369 μεγέθους

2108 1383 2210 1454 τῆς
2248 1383 2439 1456 ὀργῆς,
2484 1384 2566 1439 δτι
2598 1383 2737 1456 μηδὲ
2760 1383 2855 1438 τοῦ
2881 1384 3033 1447 οἴκου
3068 1385 3312 1455 φείδεται
3344 1388 3438 1442 τοῦ
3459 1389 3698 1455 οίκείου,

2108 1472 2349 1538 ἐκδιδοὺς
2383 1470 2547 1531 αὐτὸν
2579 1475 2659 1538 είς
2689 1474 2995 1555 ἀφανισμὸν
3024 1475 3165 1547 μετά
3197 1476 3309 1533 τῶν
3340 1477 3542 1535 λοιπῶν
3572 1483 3697 1546 τοῖς

2110 1564 2410 1635 πολεμίοις·
2435 1559 2553 1621 εἶτα
2575 1564 2671 1620 καί¹
2692 1565 2811 1620 dvo!
2833 1566 2956 1621 ὅτου
2980 1567 3153 1623 ταῦτα
3174 1571 3466 1647 γενήσεται
3485 1572 3695 1643 δηλῶν⁹

2115 1674 2135 1706 ι
2195 1655 2339 1709 Ἀνθ’
2370 1649 2445 1714 ὧν
2479 1657 2800 1731 παρέϐησαν
2824 1659 2926 1733 τὴν
2957 1658 3222 1733 διαθήκην
3256 1679 3382 1737 μου,
3424 1662 3518 1719 καὶ
3544 1664 3696 1718 κατά

425 1751 479 1803 bi
527 1732 759 1821 paetum
793 1763 974 1811 meum
1007 1747 1368 1811 violaverant,
1415 1752 1471 1801 et
1520 1747 1671 1800 omni
1726 1747 2006 1816 impietate

2109 1744 2202 1801 τοῦ
2246 1748 2411 1819 νόμου
2450 1748 2751 1821 ἠσέϐησαν.
2798 1769 2825 1804 ι
2869 1732 3024 1805 Ἐπεὶ
3070 1753 3165 1806 καὶ
3209 1732 3408 1808 ἄτοπον
3434 1754 3699 1827 ἡγούμην

425 1816 690 1919 adversus
719 1840 892 1911 legem
929 1852 1108 1899 meam
1154 1836 1493 1908 praevaricati
1528 1834 1765 1902 fuerant,
1803 1834 2005 1908 templo

2109 1816 2323 1891 τούτων*
2363 1816 2729 1909 παραϐάντων
2779 1839 2877 1912 τὴν
2925 1840 3189 1915 διαθήκην
3236 1843 3335 1915 τὴν
3379 1816 3548 1919 ἐμίαν,
3576 1816 3699 1901 ’κᾶι

425 1916 674 2005 parcere,
706 1930 855 2002 quod
894 1929 985 1987 isti
1013 1944 1207 2001 gressu
1248 1942 1350 1983 suo
1394 1927 1811 2000 inquinaverant
1846 1940 2007 1998 atque

427 2027 755 2097 polluerant.
793 2040 814 2076 ι
850 2022 933 2079 Ad
965 2036 1053 2079 me
1073 2021 1388 2079 clamabunt
1416 2038 1429 2075 :
1453 2018 1620 2084 Deus,
1648 2020 2006 2091 cognovimus

427 2126 499 2172 te.
533 2136 552 2168 ι
589 2112 750 2169 Tunc
779 2111 946 2168 rebus
977 2110 1132 2183 ipsis,
1163 2112 1219 2165 et
1258 2106 1513 2180 impbsita
1544 2122 1573 2162 a
1608 2108 1696 2163 me
1729 2108 1814 2162 his
1845 2122 2003 2178 pmna

426 2201 691 2265 convicti,
719 2198 1015 2271 potentiam
1051 2211 1227 2253 meam
1261 2196 1581 2253 fatebuntur
1605 2197 1762 2251 inviti
1816 2217 1834 2250 ‹
1865 2194 2002 2264 Quia

426 2290 593 2349 israei
646 2297 934 2361 aversatus
996 2295 1080 2345 est
1152 2287 1319 2353 bona,
1375 2287 1657 2343 inimicum
1727 2287 2004 2359 persecuti

427 2387 576 2434 sunt.
620 2399 640 2433 ι
680 2376 873 2449 Merito
916 2376 1033 2433 iure
1089 2372 1385 2448 patientur,
1434 2374 1528 2448 qui
1565 2377 1799 2443 conlatis
1845 2366 1874 2431 a
1919 2393 2005 2432 nte

425 2470 708 2529 beneficiis
744 2470 943 2543 ingrati
996 2469 1239 2526 fuerunt.
1277 2470 1439 2541 Atqui
1488 2484 1555 2525 eo
1601 2477 1864 2545 tempore,
1895 2483 2004 2540 quo

425 2578 526 2635 ego
577 2562 687 2619 illis
734 2544 892 2635 opem
935 2560 1060 2631 tuli,
1093 2560 1253 2617 facile
1297 2559 1593 2619 admodum
1643 2558 1829 2631 hostes
1871 2574 2003 2615 suos

424 2663 775 2737 superarunt.
826 2710 831 2715 .

2103 1929 2383 1994 παντελῶς
2417 1931 2497 1996 είς
2537 1930 2630 1985 τὸν
2659 1932 2822 2004 νόμον
2860 1932 3211 2011 ἠσεϐηκότων
3257 1935 3350 1990 τὸν
3390 1937 3546 2008 ἐμὸν,
3588 1936 3697 1991 τοῦ

2102 2020 2250 2074 οίκου
2276 2020 2550 2090 φείδεσθαι
2575 2020 2633 2074 δν
2673 2021 2947 2094 ἐρρύπων
2972 2040 3033 2078 τε
3071 2026 3166 2081 καὶ
3191 2025 3450 2098 ἐμόλυνον
3474 2031 3541 2099 τῇ
3565 2030 3691 2082 ἐπι-

2102 2110 2260 2165 ϐάσει
2289 2114 2354 2184 τῇ
2382 2113 2577 2184 οίκείᾳ.
2623 2130 2643 2165 ι
2685 2114 2831 2193 Πρὸς
2859 2116 2959 2187 ἐμὲ
3000 2119 3393 2190 κεκράξονται·
3436 2121 3496 2175 '0
3525 2122 3686 2189 Θεὸς.

2103 2203 2425 2276 ἐγνώκαμέν
2461 2221 2545 2259 σε.
2582 2224 2603 2259 ι
2646 2205 2725 2281 (p.
2760 2205 2852 2275 58)
2896 2207 3032 2275 Τότε
3065 2210 3172 2264 ὑπὸ
3197 2211 3308 2269 τῶν
3342 2213 3693 2284 πραγμάτων

2102 2295 2197 2347 καὶ
2224 2293 2323 2366 τῆς
2355 2294 2702 2373 ἐπειγομένης
2735 2297 2921 2362 αὐτοῖς
2964 2301 3272 2372 τιμωρίας,
3318 2302 3547 2375 ἄκοντες
3584 2304 3705 2375 ripa

2100 2384 2327 2456 δύναμιν
2358 2385 2753 2463 ὁμολογήσουσι
2777 2388 2874 2460 τὴν
2910 2390 3072 2462 ἐμήν.
3111 2409 3133 2444 ι
3165 2393 3286 2459 Ὅτι
3318 2395 3542 2467 ,Ἰσραὴλ
3575 2397 3692 2450 ἀπ-

2102 2477 2401 2547 εστρέψατο
2420 2478 2619 2547 ἀγαθὰ,
2642 2479 2735 2552 ἐχο
2744 2480 2832 2551 ρδν
2855 2482 3207 2555 κατεδίωξαν.
3221 2504 3240 2538 ι
3256 2486 3543 2551 Πείσονται
3558 2487 3696 2558 μέν-

2101 2584 2183 2622 τοι
2218 2567 2445 2625 τοιαῦτα
2498 2568 2722 2634 δικαίως
2767 2574 2817 2625 οἱ
2856 2573 2988 2645 περὶ
3021 2574 3122 2645 τὴν
3150 2575 3297 2632 δόσιν
3328 2576 3432 2632 τῶν
3462 2577 3693 2647 ἀγαθῶν

2109 2658 2217 2712 τῶν
2249 2659 2380 2729 παρ’
2403 2659 2538 2730 ἐμοῦ
2564 2662 2849 2730 γεγονότες
2869 2662 3208 2735 ἀγνώμονεςο
3234 2667 3410 2722 καίτοι
3439 2685 3501 2738 γε
3521 2670 3692 2722 ὁπότε

2020 2794 2035 2805 .
2111 2750 2372 2821 παρεῖχον
2395 2749 2580 2814 αὐτοῖς
2606 2750 2704 2823 τὴν
2725 2754 2865 2825 ἐμὴν
2898 2754 3151 2826 βοήθειαν
3192 2759 3333 2829 μετά
3364 2759 3565 2830 πολλῆς
3584 2759 3701 2830 τῆς

488 2934 661 2992 Vens.
699 2933 816 2995 4-6.
849 2961 919 2977 -
952 2952 973 2987 ι
1029 2932 1397 3005 Sibimetipsis
1448 2940 1838 3009 regnaverunt,
1891 2947 2000 2988 non

2113 2839 2413 2911 εύμαρείας
2437 2840 2762 2912 κρατοῦντες
2781 2842 2897 2899 τῶν
2914 2843 3123 2916 ἐχθρῶν
3137 2847 3247 2902 τῶν
3270 2848 3505 2905 οἰκείων.

2184 2930 2331 3001 Στίχ.
2364 2930 2517 2996 δ’-ς’.
2543 2962 2613 2971 -
2653 2951 2672 2983 ι
2719 2933 2963 3000 Ἑαυτοίς
2999 2936 3376 3003 ἐϐασίλευσαν,
3408 2939 3506 3000 καὶ
3528 2939 3594 2993 οὐ
3616 2939 3695 2997 δι’

423 3042 520 3098 per
552 3040 639 3080 me
678 3025 1106 3097 imperaverunt,
1151 3032 1206 3080 et
1247 3021 1381 3077 mihi
1427 3022 1653 3079 minime
1680 3021 2000 3087 noliﬁcave-

2110 3021 2245 3093 ἐμοῦ
2268 3019 2463 3095 ἦρξαν,
2505 3023 2600 3077 καὶ
2634 3023 2735 3078 οὐκ
2772 3024 3078 3097 έγνὼρισάν
3119 3043 3231 3096 μοι.
3276 3044 3299 3079 ι
3331 3027 3488 3092 υῦτω
3520 3028 3580 3083 δέ
3617 3046 3695 3100 με

425 3128 570 3173 runt.
612 3134 630 3167 ι
674 3114 980 3184 Tantopere
1022 3114 1390 3181 insanierunt,
1423 3120 1482 3167 ut
1516 3112 1706 3168 datum
1741 3128 1773 3167 a
1801 3128 1887 3169 me
1915 3129 2003 3171 re-

425 3222 545 3279 gem
574 3210 1017 3268 exauctoraiites,
1058 3204 1161 3274 ipsi
1207 3201 1487 3276 proprium
1527 3203 1634 3260 sibi
1671 3218 1851 3289 regeri.)
1879 3218 2005 3265 con-

424 3299 720 3362 stituerint,
751 3295 884 3351 nihil
907 3296 1020 3367 jam
1048 3296 1118 3352 de
1142 3288 1268 3370 jure
1306 3311 1428 3351 meo
1475 3295 1693 3350 solliciti
1730 3314 1743 3349 :
1777 3288 2003 3361 idenim

429 3392 647 3445 denotat
682 3387 849 3445 dictio
884 3406 897 3442 :
927 3407 945 3439 ι
968 3385 1325 3461 Nequaquam
1350 3387 1790 3449 notilicaverunt.
1815 3415 1879 3435 ψ-
1909 3383 2006 3445 Ar-

423 3489 644 3554 gentum
671 3496 855 3549 suum,
884 3486 939 3537 et
967 3494 1161 3535 aurum
1197 3495 1356 3535 suum
1397 3478 1647 3547 fecerunt
1686 3477 1793 3535 sibi
1834 3475 2010 3545 idola,

426 3583 479 3627 nt
511 3574 842 3643 dispereunt.
889 3590 908 3624 ι
939 3566 1005 3625 Et
1041 3570 1352 3626 institutum
1385 3585 1415 3623 a
1447 3585 1531 3624 me
1566 3583 1813 3645 regnum,
1849 3580 1902 3625 et
1926 3567 2006 3624 ie-

424 3663 669 3732 gitimam
720 3660 1037 3731 religionem
1091 3661 1470 3727 abolcverunt,
1508 3667 1577 3722 ait
1627 3671 1854 3731 regnum
1900 3657 2005 3717 sibi

426 3752 706 3823 proprium
755 3750 1183 3809 constituerent.
1243 3751 1387 3823 Dicit
1456 3766 1584 3807 vero
1635 3750 1769 3811 illud
1816 3749 2003 3808 decem

426 3844 691 3911 tribuum,
726 3843 885 3915 cujus
914 3844 1132 3899 initium
1164 3843 1551 3910 Jeroboamus,
1583 3844 1680 3916 qui
1719 3850 1776 3901 et
1809 3841 2005 3914 juven-

426 3954 522 3992 ras
560 3938 768 4009 primus
803 3937 939 4010 ipsis
987 3936 1275 3993 fabricavit
1329 3957 1342 3994 :
1390 3938 1585 4008 haeque
1633 3945 2005 3999 consentanea

426 4029 579 4098 regni
611 4028 737 4083 novi
768 4026 1094 4091 absurditati
1129 4026 1273 4081 idola
1305 4027 1476 4095 multa
1506 4041 1571 4080 ac
1601 4025 1749 4081 varia
1772 4040 1843 4093 ex,
1869 4041 2005 4083 auro

425 4126 759 4187 argentoque
788 4115 891 4171 sibi
920 4114 1311 4179 efiormarunt;
1364 4128 1396 4167 a
1441 4114 1645 4185 quibus
1681 4114 1828 4168 aliud
1867 4115 2005 4171 nihil

427 4219 589 4275 quam
635 4206 1020 4262 exterminium
1071 4219 1231 4261 suum
1284 4211 1711 4274 consequentur.
1757 4202 1824 4258 Et
1870 4220 2005 4276 quo-

427 4298 576 4353 niam
625 4296 735 4353 illis
784 4296 941 4369 regni
991 4296 1119 4352 novi
1176 4296 1581 4359 institutionem
1634 4296 2006 4366 exprobravit,

2106 3109 2386 3177 παντελῶς
2413 3111 2869 3183 παρελογίσαντο,
2904 3114 2980 3179 ὼς
3015 3113 3111 3170 καὶ
3137 3116 3231 3170 τὸν
3264 3118 3395 3188 παρ’
3431 3116 3569 3189 ἐμοῦ
3598 3116 3694 3181 δο-

2106 3201 2268 3257 θέντα
2317 3202 2540 3275 βασιλέα
2601 3203 3129 3277 παραγραψάμενοι,
3194 3207 3350 3261 αὐτοὶ
3407 3205 3705 3278 βασιλεία*

2106 3296 2509 3368 κατεστήσαντο
2534 3295 2690 3362 ίδίαν,
2712 3296 2904 3352 οὐδένα
2925 3296 3035 3353 τῶν
3054 3298 3183 3370 περὶ⁵
3204 3298 3304 3370 ἐμὲ
3328 3299 3701 3370 ποιησάμενοι

2103 3386 2280 3456 λόγον’
2316 3385 2473 3440 τοῦτο
2498 3386 2606 3459 γὰρ
2638 3387 2787 3456 λέγει
2817 3387 2897 3452 τὸ,
2919 3405 2940 3439 ι
2971 3389 3087 3444 οὐκ
3115 3390 3502 3460 ἐγνωρίσαντο.
3523 3417 3592 3432 --
3610 3391 3711 3445 Τὺι

2106 3475 2372 3549 ἀργύριον
2398 3475 2578 3553 αὐτῶν
2606 3478 2698 3530 καὶ
2727 3476 2788 3530 τὸ
2813 3477 3033 3550 χρυσίον
3067 3479 3246 3533 αὐτᾶν
3273 3479 3533 3552 ἐποίησαν
3559 3481 3696 3535 ἐαυ-

2104 3566 2217 3629 τοίς
2251 3564 2480 3631 εἴδωλα,
2518 3565 2667 3628 ὅπως
2704 3563 3179 3637 ἐξολοθρευθῶσιν.
3228 3587 3248 3620 ι
3300 3568 3413 3623 Καὶ
3450 3567 3550 3639 τὴν
3586 3570 3705 3640 μὲν

2108 3657 2238 3728 παρ’
2274 3654 2409 3725 ἐμοῦ
2454 3656 2754 3726 βασιλείαν,
2790 3657 2890 3730 τήν
2927 3670 2989 3711 τε
3033 3659 3163 3732 περὶ
3195 3659 3289 3713 τὸν
3332 3659 3496 3732 νόμον
3540 3677 3699 3731 παρ-

2106 3747 2417 3819 εγράψαντο
2444 3746 2760 3829 θεραπείαν,
2790 3747 3068 3819 βασιλείαν
3092 3750 3152 3804 δὲ
3183 3750 3316 3806 ἰδίαν
3348 3752 3702 3823 καταστησᾶ-

2109 3855 2263 3909 μενοι
2302 3838 2484 3910 (λέγει
2509 3838 2568 3893 δὲ
2609 3839 2709 3915 τὴν
2738 3839 2830 3893 ἐπὶ
2855 3838 2964 3894 τῶν
3003 3839 3137 3895 δέκα
3164 3841 3347 3911 φυλῶν
3375 3845 3701 3913 γεγονυῖαν,

2105 3929 2425 4003 ἀρξαμένην
2454 3930 2564 3986 ἀπὸ
2590 3931 2686 3985 τοῦ
2738 3931 3041 4004 Ἱεροϐοάμ,
3073 3934 3134 3999 ὃς
3168 3936 3263 3990 καὶ
3302 3935 3401 3999 τὰς
3424 3936 3701 4007 δαμάλεις

2107 4022 2323 4092 πρῶτος
2348 4021 2532 4085 αὐτοῖς
2564 4021 3011 4095 κατεσκεύασεν),
3032 4025 3301 4084 ἀκόλουθα
3331 4029 3401 4099 τῇ
3429 4027 3560 4099 περὶ
3587 4027 3711 4100 τὴν

2106 4111 2336 4183 ἐκλογὴν
2351 4112 2451 4182 τῆς
2474 4111 2750 4184 βασιλείας
2773 4114 2975 4187 ἀτοπία
2994 4115 3471 4189 διαπραττόμενοι,
3493 4121 3573 4188 (p.
3593 4118 3698 4187 59)

2105 4201 2302 4256 εἴδωλα
2333 4202 2505 4257 πολλά
2524 4220 2584 4257 τε
2614 4205 2710 4258 καὶ
2737 4205 2956 4262 ποικίλα
2987 4206 3057 4261 τὰ
3097 4207 3197 4277 μὲν
3228 4210 3294 4262 ἐκ
3322 4207 3528 4279 χρυσοῦ
3554 4226 3700 4264 κατ-

2107 4292 2432 4359 εσκεύασαν,
2460 4294 2529 4347 τά
2575 4294 2632 4348 δὲ
2662 4295 2723 4362 ἐξ
2758 4296 3022 4369 ἀργύρου*
3071 4298 3166 4367 ἀφ’
3205 4291 3281 4352 ὧν
3318 4300 3475 4354 οὐδὲν
3500 4300 3700 4372 ἓτερον

427 4387 570 4445 unde
600 4386 958 4458 iuvencorum
988 4383 1204 4442 facinus
1228 4392 1410 4440 ortum
1433 4393 1576 4453 erat,
1603 4392 2004 4456 consequenter

2109 4380 2222 4436 ἀλλ’
2265 4381 2299 4453 ἢ
2330 4383 2421 4437 τὸν
2459 4385 2767 4456 ἀφανισμὸν
2808 4374 3129 4459 κερδανοῦσι
3174 4388 3267 4455 τὸν
3304 4391 3503 4445 οἰκεῖον
3525 4408 3540 4421 ·
3592 4395 3703 4447 καὶ

426 4479 617 4535 addit:
651 4496 669 4530 ι
715 4476 909 4549 Abjice
950 4477 1203 4544 vitulum,
1232 4475 1515 4546 Samaria;
1558 4477 1871 4533 concitatus
1921 4485 2008 4534 est

427 4572 578 4629 furor
606 4586 762 4627 meus
812 4570 1239 4639 adversuseos.
1281 4588 1300 4623 ι
1342 4566 1557 4629 Recede
1586 4577 1617 4624 a
1644 4567 2006 4639 juvencarum

428 4662 593 4730 impio
631 4661 819 4727 cultu;
850 4675 1030 4731 neque
1071 4661 1215 4716 enim
1250 4658 1608 4717 mediocriter
1648 4666 1863 4730 patrato
1896 4673 2008 4714 sce-

428 4749 526 4805 leri
557 4750 667 4821 39
690 4750 919 4807 irascor.
952 4769 971 4803 ι
1011 4750 1311 4821 Quousque
1341 4748 1559 4804 tandem
1579 4748 1863 4805 emundari
1894 4763 2004 4805 non

426 4849 684 4914 poterunt
710 4841 765 4895 in
778 4838 1247 4897 Israeleildolum
1278 4840 1383 4894 hoc
1409 4836 1608 4893 artifex
1637 4837 1789 4906 fecit,
1820 4847 1873 4896 et
1895 4855 2006 4895 non

424 4942 509 4992 est
541 4932 704 4989 Dens.
730 4952 749 4985 ι
782 4930 1019 4997 Siccine,
1043 4945 1111 4986 ne
1133 4930 1398 4998 temporis
1421 4926 1642 5001 quidem
1667 4929 2005 4987 diuturnitas

427 5033 480 5078 te
519 5021 707 5077 docuit
757 5020 993 5076 oiiicium
1042 5019 1239 5081 tuum?
1298 5034 1475 5090 neque
1510 5027 1671 5075 tantae
1713 5020 2005 5091 impietatis

427 5110 697 5164 maculam
743 5106 970 5163 eiuisti?
1014 5105 1112 5163 sed
1150 5106 1295 5162 idola
1339 5122 1600 5163 manuum
1646 5108 2005 5165 humanarum

426 5213 564 5267 opus
620 5196 933 5266 admiraris,
975 5211 1098 5267 qua:
1149 5210 1284 5259 sane
1327 5199 1675 5269 quandonam
1725 5198 1800 5255 dii
1856 5200 2005 5256 credi

431 5295 700 5355 poterunt,
732 5303 857 5343 cum
892 5287 1059 5343 talem
1094 5285 1335 5343 habeant
1365 5288 1705 5347 exsistentia:
1738 5306 1852 5347 sua:
1874 5306 2005 5349 cau-

430 5375 586 5429 sam?
629 5393 648 5428 ι
696 5376 988 5447 Propterea
1035 5374 1202 5431 fallax
1232 5383 1319 5433 est
1363 5376 1573 5433 vitulus
1621 5384 1775 5446 tuus,
1821 5394 1856 5437 ο
1903 5377 2006 5434 Sa-

430 5460 621 5515 maria.
662 5479 682 5513 ν
718 5460 971 5518 Nondum
1015 5463 1201 5535 itaque
1242 5465 1473 5536 potuisti
1523 5481 1877 5538 cognoscere,
1911 5468 2023 5546 in:

428 5561 720 5604 vencarum
764 5550 1027 5606 fabricam
1064 5552 1167 5607 tibi
1211 5567 1436 5611 causam
1480 5554 1774 5611 aberrandi
1818 5570 1849 5610 a
1895 5555 2007 5613 Deo

427 5640 730 5753 e'xstitisso,
773 5654 939 5713 quam
991 5642 1065 5753 ob
1095 5656 1212 5700 rem
1258 5643 1411 5715 justo
1436 5659 1532 5702 eas
1576 5645 1706 5702 odio
1747 5648 2005 5720 prosequi

425 5732 631 5788 debeas
645 5730 672 5787 τ

426 5822 635 5895 πλάνης
681 5839 765 5879 σοι
793 5822 895 5897 τῆς
931 5822 1042 5881 ἀπὸ
1064 5822 1216 5913 θεοῦ
1262 5823 1486 5895 γέγονεν
1522 5828 1694 5897 αίτία,
1730 5828 1871 5884 ὥστε
1913 5832 2008 5886 καὶ
2035 5833 2084 5888 δι

2111 4473 2297 4545 ἐπειδὴ
2331 4474 2431 4547 τὴν
2470 4475 2570 4549 τῆς
2611 4475 2890 4546 βασιλείας
2921 4480 3105 4545 αὐτοῖς
3145 4480 3389 4535 ὠνείδισε
3432 4498 3700 4553 καινουρ-

2109 4561 2256 4630 γίαν,
2290 4564 2413 4617 ὅθεν
2432 4564 2497 4636 δὴ
2533 4564 2679 4619 κατά
2697 4565 2808 4621 τῶν
2836 4567 3123 4644 δαμάλεων
3149 4570 3421 4642 ἐτολμήθη
3451 4570 3700 4643 πρῶτον,

2110 4651 2416 4716 ἀκολούθως
2457 4653 2675 4724 ἐπάγει·
2734 4673 2754 4708 ι
2813 4655 3144 4729 Ἀπόρριψον
3192 4658 3283 4713 τὸν
3329 4660 3528 4732 μόσχον
3569 4655 3724 4726 σοι.

2109 4742 2425 4814 Σαμάρεια·
2479 4742 2807 4816 παρωξύνθη
2853 4746 2882 4799 ὁ
2924 4745 3095 4819 θυμός
3135 4765 3236 4821 μου
3273 4749 3359 4801 ἐπ’
3399 4748 3618 4813 αὐτούς.
3674 4773 3701 4807 ο

2123 4834 2414 4906 ’Δπόστηθι
2441 4834 2506 4907 δὴ
2532 4837 2631 4907 τῆς
2664 4836 2792 4909 περὶ
2822 4837 2923 4901 τὰς
2949 4838 3212 4910 δαμάλεις
3251 4840 3536 4904 ἀσεϐείας
3567 4842 3707 4898 οὐδὲ

2109 4924 2216 4998 γάρ
2248 4926 2324 4991 ὡς
2351 4926 2540 4998 ἔτυχεν
2576 4927 2857 5001 ὤργισμαι
2892 4930 2986 4985 ἐπὶ⁵
3025 4934 3091 5003 τῇ
3120 4931 3230 4985 τῶν
3254 4933 3558 5002 γεγονότων
3586 4950 3709 4988 πα.-

2113 5014 2362 5087 ρανομίᾳ.
2401 5034 2420 5067 ι
2459 5016 2604 5081 Ἕως
2629 5017 2775 5081 τίνος
2806 5019 2866 5072 ού
2905 5019 2982 5090 μὴ
3009 5020 3270 5075 δύνωνται
3294 5021 3709 5094 καθιερωθῆναι

2108 5108 2166 5162 ἐν
2208 5106 2286 5178 τῷ
2339 5107 2589 5181 Ἰσραήλ;
2637 5110 2748 5162 Καὶ
2800 5110 2937 5165 αὐτὸ
2980 5113 3188 5167 τέκτων
3219 5114 3466 5185 ἐποίησε,
3500 5114 3596 5167 καὶ
3628 5118 3708 5170 οὗ

2107 5197 2239 5263 Θεός
2287 5199 2453 5254 ἐστιν.
2508 5218 2527 5251 ι
2574 5199 2714 5251 Ἀλλ’
2762 5202 2881 5256 οὐδὲ
2925 5202 2954 5254 ὁ
3002 5204 3212 5275 μακρὸς
3250 5205 3440 5276 χρόνος
3471 5202 3719 5269 ἐξεπαί-

2107 5287 2268 5342 δευσέ
2300 5305 2360 5342 σε
2406 5289 2471 5343 τὸ
2514 5289 2666 5359 δέον;
2711 5292 2833 5345 ούδέ
2872 5293 3077 5349 ἀπέθου
3111 5296 3211 5367 τῆς
3242 5296 3515 5368 τοσαύτης
3558 5298 3709 5353 ἀσε-

2109 5381 2260 5445 ϐείας
2280 5381 2374 5435 τὸν
2411 5380 2620 5452 dimov;
2656 5382 2891 5455 κέχηνας
2917 5384 2974 5439 δὲ
3004 5386 3134 5457 περὶ
3165 5385 3361 5440 εῐδωλα
3389 5385 3449 5451 ἐξ
3475 5384 3709 5458 ἀνθρω-

2109 5473 2280 5528 πίνων
2299 5472 2561 5545 γινόμενα
2583 5474 2804 5547 χειρῶν,
2830 5474 2868 5530 ἀ
2892 5474 3022 5529 πότε
3044 5476 3109 5532 ἂν
3136 5478 3362 5544 εἰκότως
3382 5480 3710 5551 νομισθεῐεν

2109 5563 2263 5630 θεοὶ,
2308 5562 2565 5638 τοιαύτην
2603 5562 2796 5635 ἔχοντα
2843 5570 2945 5639 τῆς
2992 5567 3278 5640 ὑπάρξεως
3330 5570 3433 5643 τὴν
3474 5571 3709 5637 αἰτίανς

2115 5671 2134 5705 ι
2175 5653 2320 5707 Διότι
2354 5653 2574 5709 πλανῶν
2602 5649 2670 5727 ἦν
2703 5656 2733 5709 ό
2771 5655 2972 5727 μόσχος
3010 5674 3126 5726 σου,
3176 5658 3480 5733 Σαμάρεια.
3518 5677 3539 5713 ι
3585 5662 3709 5721 Καὶ

2111 5746 2172 5800 οὐ
2195 5744 2486 5818 δεδύνησαι
2521 5746 2750 5802 συνιδεῖν
2771 5749 2853 5804 δτι
2880 5751 2914 5821 ἡ
2939 5749 3049 5805 τῶν
3070 5750 3355 5823 δαμάλεων
3379 5757 3717 5830 κατασκευὴ

2089 5834 2124 5889 ἀ
2160 5835 2320 5893 τοῦτο
2345 5837 2542 5913 χρῆναι
2573 5842 2750 5914 μισεῖν
2776 5841 2916 5898 αύτά
2941 5842 3197 5913 δικαίωςς
