3920 6130
231 307 333 361 ns
562 308 570 315 ·
1357 305 1703 361 Τιιιεουοιιι
1770 306 2247 364 norsussrsm
3374 332 3479 387 ηδ

224 420 537 490 iniquitates
568 434 777 485 eorum,
823 428 883 494 pet
931 418 1224 474 uleiscetur
1267 428 1487 489 peccata
1520 434 1729 485 eorum.
1769 440 1772 469 λ

1928 437 1989 485 ος
2010 422 2085 492 τῷ
2107 425 2244 494 Θεῷ,
2275 427 2393 481 οὺδέ
2416 446 2536 483 τινα
2568 431 2704 504 ὑπὲρ
2732 432 2931 488 τούτων
2952 435 3136 501 αὐτοῖς
3163 439 3271 494 τῶν
3297 459 3476 514 παρα-

226 512 437 568 Mcmor
468 526 659 566 eorum
688 526 811 581 qum
845 511 1008 580 impie
1037 519 1288 599 egerunt,
1323 527 1430 566 non
1458 511 1774 582 propitiabm

1930 516 2225 585 ομημάτων
2254 522 2524 592 χαριεῖται
2550 522 2720 576 λύσιν.
2766 544 2783 577 ι
2819 526 2932 580 Νῦν
2966 529 3333 603 μνησθήσεται
3365 511 3473 592 τῶν

224 603 355 670 illis,
386 604 479 659 sed
510 602 705 673 dignas
738 605 976 673 peccatis
1003 604 1245 674 ipsorum
1279 617 1467 673 poenas
1495 605 1769 673 imponam

1950 604 2119 658 Ξικιῶν
2146 608 2343 676 αὐτῶν,
2375 613 2467 666 καὶ
2498 614 2772 685 ἐκδικήσει
2795 616 2892 681 τὰς
2917 602 3188 692 ἁμαρτίας
3213 626 3498 682 αὐτῶνθ-

229 713 248 744 ι
286 693 390 763 Ipsi
416 694 481 748 ad
498 694 794 765 Egyptum
812 708 874 748 se
893 702 1302 760 converterunt,
1327 692 1431 765 41
1450 701 1505 750 et
1524 694 1667 763 apud
1689 698 1777 748 As-

1922 691 2254 764 νίεμνημένος
2283 700 2388 769 γάρ
2419 693 2495 754 ὧν
2539 702 2792 771 ἠσέϐουν,
2843 707 2999 771 ἵλεως
3032 710 3132 779 μὲν
3165 715 3345 779 αὐτοῖς
3372 718 3470 770 οὐκ

222 784 400 854 syrios
421 785 620 854 poiluta
642 782 952 842 comedunt.
986 802 1005 837 ι
1035 782 1181 839 Inter
1198 784 1583 839 has-aerumnas
1608 792 1768 853 peten

1926 799 2106 851 σομαι,
2158 786 2453 859 ἀναλόγους
2497 791 2552 844 δὲ
2598 794 2705 845 τῶν
2757 803 3241 871 παρανομημάτων
3289 808 3469 871 αὐτοῖς

223 873 443 943 quidem
474 874 542 929 ab
561 873 794 945 Aggpr
808 874 1101 938 auxilium,
1133 874 1411 928 atnullum
1431 872 1557 928 inde
1581 873 1771 928 emolu-

1920 872 2078 937 rrétﬁw
2104 875 2203 938 τὰς
2227 880 2514 951 τιμωρίας.
2563 903 2580 935 ι
2616 886 2777 939 Αὐτοὶ
2807 867 3155 962 ἀπέστρειιραν
3183 899 3261 959 εἰς
3297 867 3468 968 Atyn:

224 971 467 1018 mentum
516 964 766 1034 capient;
804 964 899 1019 sed
943 964 1141 1033 captivi
1174 963 1228 1019 in
1276 963 1766 1039 Assyriampabacti

1921 981 2044 1031 ετον,
2073 968 2166 1019 καὶ
2193 969 2272 1032 είς
2312 971 2630 1042 Ἀσσυρίους
2660 976 2946 1049 ἀκάθαρτα
2979 982 3266 1051 φάγονται,
3304 1008 3325 1040 ι
3382 963 3469 1045 ξεν

222 1054 502 1109 ευινίιυιίε
532 1055 885 1124 experientur
919 1054 1080 1109 mala.
1114 1072 1133 1105 ι
1163 1053 1229 1106 Ει
1268 1054 1471 1109 oblitus
1504 1060 1588 1108 est
1628 1054 1770 1108 lsrae

1920 1055 1947 1108 ὲ
1980 1057 2188 1123 τούτοις
2233 1065 2346 1127 τοῖς
2374 1063 2565 1130 δεινοῖς
2610 1069 2893 1140 αίτήσουσι
2940 1074 3040 1143 μὲν
3089 1074 3149 1141 ἐξ
3190 1080 3467 1149 Αἰγύπτου

217 1142 445 1202 factoris
477 1147 585 1211 sui,
622 1154 675 1217 et
702 1144 992 1199 aedificavit
1023 1145 1268 1199 delubra.
1311 1143 1380 1197 Et
1406 1141 1576 1199 Judas
1604 1145 1765 1199 multi

1952 1146 2164 1217 ήθειαν,
2215 1150 2480 1220 ὠφέλειαν
2526 1155 2583 1208 δὲ
2629 1158 2876 1212 ἐντεῦθεν
2928 1141 3311 1231 καρπώσονται
3343 1145 3500 1222 οὐδὲ.

218 1235 439 1304 plicavit
482 1237 645 1293 urbes
677 1237 913 1291 munitas
951 1254 962 1289 :
999 1245 1051 1289 et
1096 1236 1308 1288 mittam
1353 1234 1533 1303 ignem
1575 1236 1629 1290 in
1656 1235 1766 1289 civi

1914 1237 2042 1303 ιίαν,
2093 1240 2427 1311 αίχμόιλωτοί
2482 1262 2540 1297 τε
2589 1248 2926 1318 ἀπαγόμενοι
2969 1253 3051 1315 είς
3111 1255 3462 1328 Ἀσσυρίους.

215 1333 359 1382 tates
405 1326 549 1396 ejus.
596 1335 647 1382 et
701 1325 985 1381 devorabit
1046 1324 1401 1380 fundamenta
1460 1326 1698 1381 illarum.
1762 1372 1763 1375 η

1917 1328 1985 1380 εαὶ
2009 1329 2104 1398 τῆς
2130 1331 2207 1394 ὡς
2231 1333 2664 1408 ἐναὶχμαλωσία
2684 1335 3017 1411 πειρώμενοι
3047 1347 3266 1410 κακίας.
3282 1324 3325 1399 τι
3357 1350 3465 1402 Καὶ

214 1417 463 1472 Creatori
491 1432 592 1473 suo
629 1418 840 1471 nullum
871 1415 1083 1472 deferre
1114 1416 1439 1487 obsequium
1474 1417 1762 1472 voluerunt

1920 1417 2179 1472 πελάθετο
2221 1422 2435 1494 Ἰσραὴλ
2470 1423 2567 1479 τοῦ
2619 1429 2942 1498 ποιήσαντος
2982 1434 3167 1497 αὑτὸν,
3203 1436 3297 1490 καὶ
3324 1437 3464 1498 ᾠκο-

214 1507 313 1562 sed
345 1508 570 1563 delubra
624 1508 1033 1563 aedificaverunt
1064 1508 1135 1562 ob
1182 1507 1451 1562 idolorum
1491 1509 1759 1562 culturam

1917 1499 2087 1577 ὁμησέ
2117 1510 2335 1581 τεμένη”
2370 1492 2465 1566 καὶ
2515 1512 2716 1575 Ἰούδας
2732 1492 3012 1589 ἰέπλήθυνε
3058 1492 3248 1588 πόλεις
3289 1492 3465 1581 τετει-

215 1598 337 1655 Mox
364 1600 527 1656 urbes
549 1602 776 1671 insuper
804 1601 1080 1656 mamilius
1109 1599 1452 1655 communire
1476 1599 1757 1654 tentabant

1906 1595 2168 1664 μομεεειιας⁸
2197 1597 2289 1651 καὶ
2320 1599 2661 1664 ἐξαποστελῶ
2691 1603 2802 1674 πῦρ
2826 1608 2905 1669 είς
2927 1607 3027 1671 τὰς
3062 1609 3245 1675 πόλεις
3269 1612 3454 1677 αὑτοῦ,

209 1689 369 1759 quasi
393 1683 616 1758 aliquod
658 1688 822 1744 malis
873 1687 1174 1744 remedium
1226 1688 1301 1742 ita
1343 1688 1640 1744 inventuri.
1673 1687 1757 1743 Set

1912 1684 1981 1736 ιαὶ
2011 1686 2384 1756 καταφάγεται
2411 1691 2477 1743 τά
2510 1690 2734 1762 θεμέλια
2766 1695 2966 1753 αὐτῶν.
2997 1715 3015 1750 ι
3049 1700 3156 1753 Τοῦ
3214 1701 3314 1773 μὲν
3353 1705 3460 1776 γὰρ

202 1778 385 1850 neque
407 1780 521 1835 haec
550 1780 634 1835 eis
655 1779 958 1851 proderunt
1005 1778 1171 1832 hilum
1199 1795 1214 1832 :
1244 1787 1445 1833 tantam
1475 1779 1621 1833 enim
1651 1786 1750 1831 tam

2242 1755 2249 1756 ί
2577 1755 2589 1762 _
3214 1755 3227 1773 ,
3365 1755 3376 1774 ,
3397 1755 3424 1757 _-

1910 1777 2245 1846 πεποιηκότος
2273 1779 2468 1843 αὐτοὺς
2515 1781 2671 1851 λόγον
2703 1783 2848 1855 ἔχειν
2880 1787 2980 1841 οὐκ
3029 1790 3333 1855 ἐϐούλοντο,
3364 1755 3458 1846 te:

205 1886 314 1939 que
335 1870 660 1936 terribilem,
684 1870 925 1925 hostium
951 1884 1139 1932 manu,
1162 1869 1269 1923 illis
1285 1883 1501 1938 poenam
1522 1868 1753 1939 inﬂigam

1946 1866 2023 1937 ἱνη
2054 1868 2112 1921 δὲ
2158 1871 2250 1923 ἐπὶ
2281 1874 2345 1942 τῇ
2391 1871 2498 1926 τῶν
2544 1874 2776 1932 εἰδώλων
2807 1878 3117 1951 ᾠκοδόμουν
3171 1883 3456 1956 θεραπεία·
3482 1880 3494 1891 “

209 1977 331 2030 quae
369 1962 511 2033 ignis
548 1961 725 2016 instar
749 1970 979 2015 cunctos
1008 1974 1358 2023 consumens,
1391 1974 1423 2014 a
1457 1959 1752 2015 fundamcn

1913 1953 2004 2009 ἷτα
2037 1960 2130 2012 ἐπὶ
2156 1961 2363 2026 τούτοις
2410 1964 2510 2028 τὰς
2544 1966 2728 2031 πόλεις
2754 1970 2991 2041 τείχεσιν
3019 1953 3268 2045 ὀχειροῦν
3308 1953 3458 2029 ἐπει-

205 2050 277 2105 tis
304 2048 697 2120 propemodum
732 2049 895 2103 urbes
928 2048 1173 2117 ipsorum
1202 2054 1432 2102 cunctas
1464 2046 1686 2101 delebit.

1907 2049 2093 2114 >ῶντο,
2139 2050 2214 2116 ὡς
2246 2053 2313 2107 ἂν
2343 2055 2517 2126 τούτῳ
2562 2058 2682 2110 τινὰ
2724 2057 2877 2115 λύσιν
2913 2062 3236 2135 εὑρήσοντες
3260 2067 3336 2137 (p.
3366 2067 3455 2121 651

201 2145 313 2198 τῶν
341 2144 548 2199 κακῶν·
574 2144 756 2216 ὀνήσει
781 2143 834 2198 δὲ
860 2142 1056 2206 αὐτοὺς
1068 2141 1189 2194 οὐδὲ
1209 2140 1380 2194 ταῦτα
1401 2139 1574 2194 οὐδέν·
1600 2139 1787 2211 ἐπειδὴ
1808 2142 2059 2213 τοιαύτην
2075 2146 2169 2199 καὶ
2187 2145 2331 2202 οὕτω
2357 2149 2592 2221 φοϐεράν
2612 2152 2797 2214 αὐτοῖς
2812 2151 2909 2223 τὴν
2938 2152 3024 2206 διά
3051 2153 3159 2207 τῶν
3185 2155 3457 2227 πολεμίων

202 2235 391 2301 ἐπάξω
412 2235 703 2306 τιμωρίαν,
746 2233 887 2289 ὥστε
922 2237 1090 2307 πυρὸς
1122 2236 1276 2306 δίκην
1332 2236 1580 2299 ἅπαντας
1625 2236 2043 2311 ἐπινεμομένην,
2097 2243 2255 2312 μόνον
2296 2246 2395 2300 οὐκ
2449 2247 2515 2299 ἐκ
2554 2246 2768 2318 βάθρων
2814 2248 3030 2312 ἁπάσας
3078 2250 3258 2305 αὐτῶν
3309 2252 3456 2320 asa.

202 2323 344 2381 νίσαι
377 2324 476 2388 τὰς
508 2324 710 2390 πόλεις.

848 2510 1000 2565 CAP.
1035 2510 1121 2563 IX.

2522 2516 2679 2569 ΚΕΦ.
2727 2515 2803 2570 Θ’.

265 2666 436 2722 Vsus.
463 2668 582 2722 1-4.
624 2696 694 2708 —
737 2664 902 2720 «Noli
930 2665 1127 2731 uetari,
1156 2663 1341 2732 lsrael,
1371 2666 1480 2720 noli
1500 2667 1773 2722 exstiltare

1938 2659 2085 2730 Στίχ.
2114 2658 2256 2713 α’-δ’.
2296 2688 2367 2700 —-
2406 2676 2423 2710 ι
2460 2660 2552 2731 Μὴ
2590 2663 2769 2732 χαῖρε,
2807 2659 3056 2732 Ἰσραὴλ,
3091 2661 3184 2715 καὶ
3230 2660 3309 2733 μὴ
3355 2662 3451 2733 εὐ·-

198 2761 341 2814 sicut
378 2758 585 2829 populi,
611 2755 740 2827 quia
760 2755 1066 2812 fornicatus
1081 2771 1141 2812 es
1163 2770 1191 2809 a
1227 2754 1461 2811 Domino
1482 2755 1592 2811 Deo
1618 2765 1732 2811 tuo.

1900 2747 2096 2818 ιραίνου
2119 2745 2301 2811 καθὼς
2337 2748 2387 2800 οί
2432 2747 2572 2815 λαοὶ,
2618 2749 2700 2802 ὅτι
2729 2747 3066 2820 ὲπόρνευσας
3104 2750 3212 2803 ἀπὸ
3238 2751 3448 2821 Κυρίου

196 2850 550 2920 Nequaquam
587 2848 747 2905 decet
785 2863 904 2912 vos,
926 2863 1080 2917 teque
1113 2863 1177 2903 ac
1208 2848 1447 2918 reliquos
1498 2848 1744 2904 homines

1898 2836 1960 2890 οὗ
1986 2835 2122 2891 Θεοῦ
2154 2854 2267 2892 σου.
2301 2857 2320 2889 ι
2355 2839 2428 2892 Οὐ
2456 2839 2634 2893 τοίνυν
2668 2839 3062 2911 παραπλησίως
3095 2844 3208 2906 τοῖς
3240 2842 3446 2929 λοιποῖς

196 2939 369 2994 laetari
421 2953 486 2992 ac
532 2938 728 3007 gestire
759 2954 773 2992 :
804 2937 1005 2993 etenim
1049 2937 1126 2991 illi
1185 2937 1387 2991 nullam
1434 2951 1737 3006 acceperuu

1894 2928 2174 3000 ινθρώποις
2205 2930 2472 3000 ἁρμόττον
2505 2931 2634 3001 ὑμῖν
2664 2931 3049 3002 εὐφραίνεσθαι
3079 2932 3175 2986 καὶ
3211 2928 3442 3006 χαίρειν·

195 3028 498 3081 doctrinam
539 3040 660 3097 quae
692 3025 759 3080 ad
800 3041 982 3083 veram
1030 3027 1182 3097 ipsos
1210 3027 1526 3099 religionem
1560 3027 1743 3084 ducere

1899 3019 2054 3090 πειδὴ
2085 3021 2134 3073 οί
2167 3019 2266 3091 μὲν
2303 3020 2427 3074 οὐδὲ
2461 3020 2590 3092 μίαν
2625 3019 2876 3086 ἐδέξαντο
2905 3021 3259 3079 διδασκαλίαν
3302 3024 3441 3096 πρὸς

194 3124 381 3187 posset
409 3134 423 3171 :
451 3130 549 3171 vos
593 3121 772 3169 autem
802 3124 932 3185 post
962 3114 1310 3185 disciplinam
1343 3115 1593 3180 multam,
1640 3114 1742 3172 Dei

1887 3110 2143 3165 ιύσέὄειαν
2176 3112 2372 3175 αὐτοὺς
2394 3112 2546 3182 ἄγειν
2568 3113 2685 3167 οταν
2708 3130 2765 3166 τε
2800 3107 2986 3167 οὖσαν
3025 3115 3184 3184 ὑμεῖς
3212 3114 3270 3168 δὲ
3299 3117 3435 3186 μετά

194 3222 302 3277 que
330 3206 603 3269 notitiam,
644 3212 824 3260 mente
855 3205 986 3260 laeva
1021 3220 1052 3258 a
1095 3206 1327 3261 scientia
1365 3207 1518 3263 vobis
1562 3207 1742 3262 tradit:

1893 3201 2067 3271 ιολλὴν
2089 3201 2367 3256 παίδευσιν
2388 3220 2446 3256 τε
2481 3204 2574 3257 καὶ⁵
2605 3202 2899 3273 ἐπίγνωσιν
2925 3202 3018 3257 τοῦ
3049 3203 3207 3269 Θεοῦ,
3237 3205 3441 3277 μοχθη-

196 3294 530 3358 recedentes,
579 3294 647 3348 ad
695 3293 965 3348 idolorum
1008 3294 1214 3348 cultum
1265 3293 1585 3356 deﬂexistis.
1624 3315 1642 3348 ι
1669 3296 1744 3350 Di-

1889 3289 1959 3361 ιίᾳ
1992 3289 2218 3361 γνώμης
2249 3290 2347 3361 τῆς
2392 3290 2819 3361 προσγεγονυίας
2862 3291 2994 3361 ὑμῖν
3022 3291 3277 3360 γνώσεως
3300 3294 3437 3351 ἀπο⁴

196 3385 375 3442 lexisti
409 3401 632 3441 munera
661 3401 825 3456 super
871 3400 1087 3447 omnem
1138 3400 1320 3441 aream
1362 3386 1558 3442 tritici.
1584 3407 1604 3439 ι
1647 3386 1744 3442 Uti-

1886 3382 2113 3447 πάντες,
2153 3382 2247 3435 ἐπὶ
2274 3382 2372 3453 τὴν
2399 3381 2507 3435 τῶν
2531 3381 2765 3437 εἰδώλων
2800 3383 3074 3455 ὲτράπητε
3123 3381 3434 3455 θεραπείαν.

192 3462 301 3547 que
343 3476 509 3531 etiam
554 3475 825 3546 primitias
875 3474 1092 3547 frugum
1133 3476 1378 3532 omnium
1423 3476 1740 3534 (lmrnonthu:

1919 3471 2238 3544 Ἥγάπησας
2255 3472 2463 3541 δόματα
2493 3472 2584 3529 ἐπὶ
2600 3474 2778 3526 πᾶσαν
2798 3471 2976 3526 ἅλωνα
2999 3471 3168 3525 σίτου.
3198 3490 3218 3524 ι
3245 3470 3354 3525 Καὶ
3372 3471 3437 3544 δὴ

193 3567 462 3631 obtulisti,
489 3565 691 3637 quibus
728 3567 987 3622 datorum
1006 3567 1104 3622 tibi
1129 3566 1398 3624 bonorum
1414 3583 1637 3624 causam
1660 3570 1741 3623 im.

1884 3565 1953 3618 ιαὶ
1994 3565 2246 3635 ἀπαρχὰς
2290 3563 2350 3631 se
2392 3562 2644 3618 ἁπάντων
2693 3547 2969 3636 προσῆγες
3010 3566 3122 3628 τοῖς
3162 3564 3432 3636 δαίμοσιν,

194 3658 446 3724 putabas.
484 3673 502 3705 ι
531 3650 597 3707 Ει
639 3669 765 3711 area
810 3669 873 3709 ac
929 3654 1173 3711 torcular
1228 3670 1337 3710 non
1399 3656 1548 3712 novit
1582 3671 1698 3713 eos.
1734 3676 1742 3708 ι

1884 3656 2038 3720 ιύτοῖς
2065 3653 2408 3726 λογιζόμενος
2451 3652 2559 3707 τῶν
2597 3653 2859 3708 δοθέντων
2886 3653 2987 3726 τὴν
3020 3655 3222 3709 αἰτίαν.
3271 3673 3291 3706 ι
3323 3656 3432 3707 Καὶ

194 3741 442 3799 Meritam
474 3744 720 3801 referetis
774 3761 1012 3816 pinnam,
1058 3747 1334 3803 fructuum
1374 3750 1742 3820 privationem

1882 3748 2002 3803 ιλων
2048 3746 2145 3802 καὶ
2173 3746 2331 3819 ληνὸς
2359 3747 2459 3800 οὐκ
2488 3746 2629 3816 ἔγνω
2672 3747 2888 3810 αὐτούς.
2924 3765 2943 3798 ι
2990 3746 3203 3800 Δὼσετε
3251 3747 3430 3801 τοίνυν

197 3854 216 3887 ι
245 3835 361 3891 Νοη
399 3836 785 3891 habitaverunt
810 3837 867 3892 in
897 3844 1044 3892 terra
1078 3835 1312 3893 Domini.
1344 3858 1365 3892 ι
1401 3839 1477 3895 Ne
1516 3841 1571 3895 in
1611 3848 1745 3896 terra

1881 3839 2009 3908 ῑίκην
2036 3837 2215 3902 ἀξίαν,
2241 3836 2351 3890 τῶν
2393 3837 2620 3909 καρπῶν
2648 3838 2747 3907 τὴν
2769 3836 3076 3908 ἀφαίρεσιν.
3131 3856 3150 3890 ι
3189 3839 3262 3891 Οὐ
3295 3856 3429 3891 κατ-

158 3929 411 4001 ,quidem
444 3929 598 3985 vobis
626 3943 895 3987 concessa
934 3931 1244 3987 manebitis.
1277 3931 1525 4003 Namque
1559 3935 1705 3991 «hab

1878 3929 2074 4000 ῥκησαν
2101 3931 2159 3982 ἐν
2184 3931 2251 3999 τῇ
2272 3931 2343 4000 γῇ
2366 3927 2459 3981 τοῦ
2472 3929 2699 3999 Κυρίου.
2735 3946 2754 3979 ι
2789 3928 2923 3984 Οὐδὲ
2950 3928 3059 4000 γὰρ
3087 3929 3180 3982 ἐπὶ
3198 3929 3299 3999 τῆς
3323 3930 3426 4001 γῆς

192 4026 440 4074 laverunt
467 4038 485 4072 ι
503 4019 643 4075 dicit
668 4035 771 4089 pro
792 4038 811 4071 ι
839 4021 1182 4089 habitabunt,
1210 4043 1229 4075 ι
1256 4034 1520 4080 consueta
1546 4034 1740 4095 tempo-

1874 4021 1951 4091 τῆς
1971 4020 2215 4089 δοθείσης
2238 4020 2364 4089 ὑμῖν
2386 4022 2616 4089 μενεῖτε·
2641 4019 2703 4072 τὸ
2726 4019 2854 4091 γὰρ,
2887 4038 2905 4071 ι
2934 4019 2995 4072 οὐ
3020 4018 3368 4090 κατῴκησαν,
3402 4039 3422 4072 ι

189 4124 312 4165 rum
327 4110 570 4181 enallage
597 4118 779 4175 utens.
814 4112 956 4168 sicut
978 4114 1123 4183 apud
1148 4114 1366 4169 beatum
1396 4114 1504 4185 42
1536 4131 1737 4185 quoqut

1877 4112 1975 4165 ιντὶ
2004 4108 2121 4173 τοῦ,
2146 4110 2207 4163 οὐ
2241 4110 2624 4180 κατοικήσουσι
2649 4149 2663 4176 ,
2697 4113 2764 4181 τῇ
2795 4109 3061 4181 ἐναλλαγῇ
3101 4110 3193 4165 τοῦ
3227 4109 3425 4182 χρόνου

188 4198 445 4254 Davidem
478 4200 532 4256 id
558 4215 701 4268 saepe
744 4203 1039 4257 usuvenire
1088 4218 1189 4257 nos
1230 4201 1728 4263 demonstravimus

1874 4202 2097 4274 ιυνήθως
2130 4202 2472 4273 χρησάμενος
2491 4242 2505 4266 ,
2554 4200 2695 4256 καθὰ
2737 4203 2831 4256 καὶ
2862 4201 3014 4273 παρὰ
3040 4202 3119 4273 τῷ
3166 4202 3422 4273 μακαρίῳ

193 4310 212 4341 ι
237 4288 509 4344 Habitavit
547 4286 871 4359 Ephraimus
895 4292 949 4346 in
979 4291 1231 4364 Egypto,
1248 4302 1303 4347 et
1328 4295 1472 4364 apud
1494 4296 1741 4367 Assyrios

1873 4292 2013 4347 ίαυῖδ
2037 4293 2095 4344 ὲν
2116 4292 2335 4358 πολλοῖς
2363 4293 2490 4362 ἡμῖν
2517 4292 2783 4349 δέδεικται
2810 4291 2987 4346 τοῦτο.
3022 4312 3041 4345 ι
3080 4293 3421 4363 Κατῴκησεν

186 4378 391 4449 polluta
416 4378 729 4435 comedunt.
752 4398 772 4433 ι
810 4376 1106 4452 Postquam
1152 4384 1371 4447 exsules
1406 4385 1461 4441 in
1513 4384 1734 4458 Egyptc

1870 4380 2099 4452 Ἐφραῒμ
2122 4380 2423 4450 Αἴγυπτον,
2455 4381 2548 4434 καὶ
2574 4382 2632 4434 ὲν
2667 4382 2970 4451 ’Δσσυρίοις
2993 4381 3280 4452 ἀκάθαρτα
3312 4384 3418 4451 φά-

185 4467 423 4535 t‘ueritis,
474 4468 624 4526 illinc
648 4484 839 4528 omnes
864 4471 931 4528 ad
978 4471 1328 4545 Assyriacam
1383 4477 1733 4547 captivitatem

1869 4488 2055 4539 τονται.
2094 4490 2113 4523 ι
2161 4474 2240 4542 (p.
2281 4471 2371 4543 64)
2403 4460 2640 4538 Φυγάδες
2675 4470 2731 4524 δὲ
2762 4470 2856 4523 ἐπὶ
2888 4470 2986 4542 τὴν
3010 4468 3285 4539 Αἴγυπτον
3311 4487 3417 4538 γε-

182 4553 610 4612 transferemini.
669 4574 688 4608 ι
716 4555 862 4614 .Νοη
905 4559 1212 4616 libaverunt
1259 4561 1489 4620 Domino
1535 4566 1730 4630 vinum,

1868 4558 2062 4626 (avdite;
2082 4597 2098 4622 ,
2131 4557 2339 4612 ἐκεῖθεν
2372 4556 2592 4619 ἄκοντες
2624 4558 2689 4626 τῇ
2724 4555 2857 4609 τῶν
2892 4555 3190 4628 Ἀσσυρίων
3213 4559 3416 4628 αἰχμα-

182 4659 281 4701 nec
309 4646 358 4699 ei
383 4646 724 4714 placuerunt.
750 4666 769 4700 ι
807 4647 874 4703 Ει
905 4649 1257 4706 ferendarum
1292 4655 1481 4724 utique
1503 4656 1573 4710 ad
1602 4656 1730 4712 idolt

1867 4647 2014 4717 ,ωσία
2032 4644 2466 4718 παραδοθήσεσθε
2489 4645 2708 4707 πάντες.
2730 4661 2752 4698 ι
2778 4645 2893 4699 Οὐκ
2915 4645 3171 4700 ἔσπεισαν
3195 4648 3274 4719 τῷ
3302 4649 3415 4701 Ku-

180 4732 520 4787 oblationum
563 4736 805 4790 studium
861 4745 1072 4795 tantum
1105 4755 1171 4796 ac
1217 4742 1597 4800 liberalitatem
1635 4762 1728 4816 pra

1866 4741 1946 4808 ›ίῳ
1986 4734 2146 4804 οἶνον,
2192 4738 2287 4790 καὶ
2323 4738 2422 4806 οὐχ
2457 4737 2656 4806 ἧδυναν
2701 4736 2869 4807 αὐτῷ.
2916 4755 2934 4787 ι
2974 4738 3086 4791 Καὶ
3133 4739 3262 4809 περὶ
3314 4739 3414 4809 μὲν

179 4839 239 4877 se
266 4823 547 4893 gerebant,
581 4832 638 4879 ut
658 4842 723 4880 ex
753 4830 902 4883 omni
924 4844 1050 4885 area
1077 4831 1351 4899 primitias
1380 4834 1487 4889 illis
1510 4834 1727 4891 darent

1866 4828 1941 4897 ;ὰς
1972 4829 2079 4883 τῶν
2115 4827 2346 4881 είδὼλων
2380 4827 2694 4901 προσφορὰς
2723 4827 2991 4898 τοσαύτην
3034 4828 3414 4883 ἐπεδείκνυντο

177 4923 554 4971 verumtamen
589 4914 855 4972 bonorum
886 4920 1131 4976 omnium
1164 4922 1345 4977 datori
1372 4923 1503 4992 Deo,
1532 4941 1603 4982 ne
1630 4929 1725 4984 vin

1863 4918 1940 4989 ῖην
1981 4918 2213 4988 σπουδὴν
2242 4918 2336 4972 καὶ
2373 4919 2471 4988 τὴν
2519 4918 2848 4988 φιλοτιμίαν,
2883 4918 3027 4972 ὥστε
3073 4920 3184 4975 ἀπὸ
3230 4920 3411 4989 πάσης

177 5003 395 5074 quidem
442 5005 702 5060 libamina
761 5006 956 5064 offerre
986 5025 1227 5081 unquam
1274 5014 1588 5083 voluerunt,
1642 5033 1725 5074 net

1860 5012 2046 5074 ἰλωνος
2075 5010 2255 5075 αὐτοῖς
2285 5009 2539 5082 ἀπαρχὰς
2564 5011 2783 5066 διδόναι·
2811 5011 2889 5082 τῷ
2922 5012 2981 5065 δὲ
3010 5011 3129 5081 Θεῷ
3166 5011 3243 5082 τῷ
3270 5013 3408 5065 πάν-

177 5092 474 5164 quidquam
505 5110 665 5166 agere
705 5096 852 5168 quod
880 5097 988 5154 Deo
1018 5100 1327 5170 jucundum
1368 5120 1495 5161 esse
1534 5110 1725 5176 potuisl

1859 5118 1946 5154 :wv
1981 5101 2164 5165 αὐτοῖς
2209 5099 2366 5173 αίτίῳ
2395 5100 2502 5154 τῶν
2546 5099 2785 5171 ἀγαθῶν,
2827 5101 2948 5154 οὐδὲ
2997 5100 3227 5167 σπονδάς
3262 5100 3407 5154 οἴνου

177 5188 278 5243 set,
318 5198 415 5252 pro
447 5184 631 5241 dantis
661 5196 810 5244 certe
839 5190 1146 5259 proposito.
1174 5190 1312 5247 Nam
1337 5195 1481 5250 sicut
1512 5197 1588 5251 ait
1611 5197 1715 5255 bea

1861 5191 2133 5261 προσάγειν
2156 5188 2359 5243 εἴλοντο
2394 5190 2630 5254 πώποτε,
2663 5189 2783 5243 οὐδέ
2826 5206 2879 5243 τι
2918 5193 3140 5260 ποιῆσαι
3168 5190 3277 5243 τῶν
3307 5192 3409 5245 ὅσα

176 5280 263 5324 tus
286 5268 452 5325 David
481 5290 493 5327 :
538 5291 558 5326 ι
582 5272 891 5334 Jucundum
910 5274 993 5335 sit
1022 5264 1073 5337 ei
1090 5280 1369 5352 eloquium
1404 5300 1583 5342 meum
1603 5288 1648 5319 “
1674 5305 1724 5356 ;ι

1854 5279 1980 5350 δδειν
2013 5276 2273 5347 ἠδύναντο
2305 5276 2396 5330 τὸν
2426 5277 2557 5331 Θεὸν
2581 5277 2669 5330 διὰ
2693 5277 2791 5347 τὴν
2812 5277 2922 5329 τῶν
2950 5277 3242 5331 ποιούντων
3268 5279 3402 5348 πρό-

176 5358 228 5413 id
255 5370 338 5414 est
365 5360 523 5417 dulce
557 5373 612 5418 et
639 5356 991 5447 acceptabiqu
1010 5370 1289 5440 videatur;
1337 5372 1416 5429 ita
1455 5374 1562 5432 hoc
1592 5376 1724 5441 loco,

1853 5368 2003 5421 lscw‘
2026 5367 2102 5431 ὡς
2136 5367 2246 5439 γὰρ
2274 5369 2303 5419 ό
2330 5369 2600 5439 μακάριος
2638 5368 2786 5437 λέγει
2822 5368 2984 5421 Δαυῖδ
3006 5408 3021 5430 ,
3058 5388 3076 5419 ι
3127 5366 3401 5439 Ἠδυνθείη

178 5469 196 5502 ι
217 5449 333 5506 Non
357 5452 682 5523 placuerunt
709 5458 759 5513 ei
783 5478 831 5524 ,ι
872 5462 1077 5518 dicitur
1102 5479 1223 5536 pro,
1254 5463 1405 5520 Nihil
1433 5468 1486 5522 ei
1520 5476 1726 5538 gratum

1856 5457 1984 5528 ιὺτῷ
2088 5457 2310 5529 διαλογὴ
2348 5475 2472 5528 μου,
2509 5476 2528 5509 ›
2565 5459 2686 5513 ἀντὶ
2733 5458 2848 5524 τοῦ,
2895 5458 3076 5512 Ἡδεία
3113 5458 3260 5529 αὑτῷ
3306 5459 3404 5516 καὶ

172 5540 357 5595 Γορειε
385 5554 621 5609 unquam
666 5544 972 5629 voluerunt.
1023 5532 1229 5609 Deinde
1267 5562 1326 5609 ut
1373 5532 1720 5624 demonstret,

1864 5532 2109 5622 ιροσηνὴς
2142 5548 2354 5619 φανείη·
2392 5544 2448 5600 οἵ
2463 5564 2562 5611 τως
2599 5547 2836 5603 ἐνταῦθα
2863 5548 3029 5617 λέγει’
3067 5568 3086 5601 ι
3128 5550 3239 5620 οὐχ
3268 5547 3412 5620 qs»-

176 5712 183 5719 ’
246 5724 739 5811 “Psalfc‘me
807 5784 817 5793 ,
858 5688 879 5703 ί
