3920 6130
270 305 442 385 κεῖθι

1512 312 1860 374 ΤΒΕΟΠΟΒΙ
1882 317 2379 377 MOPSUES'I‘ENI

3465 311 3575 368 {30

322 432 471 479 atras
500 423 667 484 urbes
708 435 873 498 atque
915 427 1164 497 regiones
1204 426 1492 496 occupabit
1518 428 1777 493 solitudo,
1831 447 1865 485 u

1999 433 2098 496 τὰς
2129 432 2343 499 πόλεις,
2398 426 2805 500 συντριϐόμενοί
2848 438 2910 479 τε
2934 423 3029 479 καὶ
3055 421 3423 493 ἀπολλύμενος
3460 425 3568 481 iiut

320 515 432 570 illic
463 517 679 574 nemine
718 518 990 575 habitante
1018 518 1188 588 spinae
1215 529 1585 575 succrescant.
1611 518 1723 595 ω,
1750 540 1770 574 ι
1797 519 1870 577 Ve

1995 522 2104 576 τῶν
2145 521 2443 592 ’Δσσυρίων
2464 536 2477 550 ’
2528 519 2814 573 ἀπολεῖται
2840 516 2898 571 δὲ
2928 516 3023 570 καὶ
3046 517 3116 569 τά
3144 513 3415 584 προσόντα
3436 515 3567 586 ὑμῖν

320 605 480 662 niunt
546 608 665 664 dies
756 609 1010 674 ultionis,
1089 607 1315 664 veniunt
1397 607 1514 664 dies
1587 610 1895 666 retributio-

323 696 430 751 nis.
467 713 488 748 ι
534 695 663 752 Haec
713 707 894 756 autem
965 709 1095 754 tunc
1156 697 1420 769 perieres,
1490 699 1889 769 propinquante

315 785 429 852 jam
463 794 733 859 tempore,
761 803 872 861 quo
897 798 1047 845 tuam
1077 795 1299 859 oportet
1318 788 1646 861 impietatem
1676 790 1887 858 ulcisci,

318 886 373 929 «ει
396 875 586 946 iniqua
619 890 797 948 opera
822 889 916 935 tua
941 880 1303 935 remunerari.
1346 898 1372 932 ι»
1401 880 1469 935 Et
1493 879 1710 936 sedebit
1723 880 1891 938 Israel

319 973 578 1036 tanquam
613 971 880 1041 propheta
914 969 1222 1037 insaniens,
1274 977 1534 1041 tanquam
1573 971 1739 1026 homo
1776 973 1892 1043 spi-

320 1051 428 1107 ritu
485 1054 740 1125 agitatus:
780 1076 800 1111 ι
840 1056 903 1113 In
937 1064 1152 1113 tantmn
1197 1057 1465 1113 malorum
1499 1057 1779 1126 devenies,
1828 1067 1890 1115 ut

317 1141 458 1198 nihil
479 1143 701 1203 dill‘eras
731 1145 932 1204 a-l‘alsa
978 1148 1246 1220 propheta
1282 1148 1337 1202 in
1366 1162 1587 1220 gravem
1622 1149 1886 1207 exstasim

317 1232 445 1288 mali
476 1236 1038 1309 spiritus-operatione
1061 1238 1331 1308 conjecto,
1358 1252 1424 1293 ac
1450 1255 1519 1294 ne
1544 1240 1635 1294 illa
1664 1241 1885 1313 quidem

316 1325 589 1384 sentiente
607 1344 729 1398 qua
747 1339 875 1387 ante
903 1329 1080 1401 pedes.
1097 1337 1246 1386 sunt.
1272 1329 1424 1386 Adeo
1447 1331 1695 1401 deiectus
1709 1343 1889 1391 mente

313 1418 447 1483 eris,
481 1428 708 1489 prapter
740 1421 1007 1477 malorum
1060 1420 1420 1491 gravitatem!
1461 1421 1615 1478 Cur?
1649 1443 1672 1477 ι
1698 1423 1884 1479 Multi:-

313 1507 503 1565 tudine
543 1510 893 1580 iniquitatum
940 1520 1160 1567 tuarum
1207 1511 1575 1582 multiplicata
1609 1512 1712 1569 fuit
1745 1515 1887 1571 insa-

314 1597 647 1666 niaaQuia
696 1615 891 1671 nempe
940 1600 1111 1657 multa
1161 1614 1286 1654 cum
1330 1600 1621 1671 iniquitate
1670 1604 1881 1671 vixisti,

214 1741 218 1747 .
312 1697 471 1759 tegue
498 1691 724 1748 omnino
756 1691 1025 1747 idolorum
1049 1690 1561 1749 insaniae‘addixisti
1692 1680 1743 1725 “

1997 612 2214 668 ἅπαντα
2232 629 2248 645 ο
2272 611 2371 676 τὰς
2399 627 2462 664 τε
2494 610 2678 674 πόλεις
2697 608 2859 679 ὑμῶν
2878 607 2974 661 καὶ
2993 604 3092 675 τὰς
3115 603 3298 676 χώρας
3327 604 3566 676 τοσαύτη

1993 701 2363 774 καταλήψεται
2386 695 2619 773 ἐρημία,
2656 700 2741 772 (p.
2775 697 2876 769 67)
2910 696 3050 750 ὥστε
3091 694 3337 758 ἀκάνθας
3376 694 3565 749 αὐτόθι

1993 789 2228 858 φύεσθαι
2275 789 2504 862 μηδενὸς
2548 787 2845 851 οἰκοῦντος.
2887 805 2908 839 ι
2950 785 3213 843 Ἦκουσιν
3257 784 3315 838 cl
3360 784 3564 855 ἡμέραι

1992 880 2092 951 τῆς
2121 879 2455 952 ἐκδικήσεώς
2497 896 2625 943 σου,
2676 878 2906 950 ῆκουσιν
2947 876 3004 928 al
3044 874 3251 946 ἡμέραι
3299 874 3400 945 τῆς
3432 876 3564 928 ἀντ-

1990 968 2301 1033 αποδόσειὶκς
2332 986 2448 1023 σου.
2491 988 2511 1022 ι
2558 969 2879 1038 ’Υπομενεὶς
2923 965 2981 1019 δὲ
3028 965 3215 1019 ταῦτα.
3241 964 3365 1019 τότε
3409 965 3566 1033 ἐγγί-

1990 1057 2176 1124 ζοντος
2207 1058 2301 1113 τοῦ
2330 1058 2526 1131 καιροῦ
2568 1059 2690 1113 καθ’
2715 1059 2777 1112 ὃν
2804 1056 3160 1129 ἐκδικηθῆναι
3194 1074 3288 1110 σου
3321 1056 3429 1127 χρὴ
3462 1055 3563 1126 τὴν

1989 1147 2279 1217 ἀσέϐειαν,
2328 1149 2425 1204 καὶ
2468 1148 2799 1220 ἀποδοθῆναί
2849 1165 2932 1201 σοι
2984 1147 3264 1217 πρέποντα
3312 1142 3387 1200 ὧν
3440 1146 3561 1199 δια-

1988 1241 2361 1313 πραττόμενος
2423 1240 2663 1311 ήσέϐεις.
2731 1258 2752 1292 ι
2815 1238 2928 1293 Καὶ
2990 1237 3276 1293 καθίσεται
3346 1236 3560 1309 Ἰσραὴλ

1986 1330 2176 1405 ῶσπερ
2216 1334 2245 1386 ό
2281 1333 2565 1406 προφήτης
2617 1333 2647 1384 ό
2692 1328 3148 1402 παρεξεστηκὼς,
3191 1329 3478 1402 ἄνθρωπος
3531 1335 3563 1387 ό

1986 1422 2465 1492 πνευματοφόρος.
2503 1438 2522 1473 ι
2596 1420 2684 1473 Ἐν
2737 1418 3014 1481 τοσούτοις
3071 1419 3139 1490 δὴ
3190 1422 3401 1493 γενήσῃ
3446 1423 3561 1484 τοῖς

1985 1513 2196 1578 κακῶς,
2229 1511 2371 1566 ὥστε
2419 1511 2583 1583 μηδὲν
2612 1510 2927 1564 άπεοικέναι
2955 1508 3437 1581 ψευδοπροφήτου,
3475 1513 3555 1575 είς

1984 1600 2243 1656 ἔκστασιν
2289 1601 2493 1673 πολλὴν
2540 1603 2607 1655 ἐκ
2653 1601 2754 1671 τῆς
2803 1599 2901 1653 τοῦ
2951 1600 3195 1672 πονηροῦ
3245 1600 3560 1672 πνεύματος

1984 1694 2263 1764 ἐνεργείας
2329 1693 2698 1758 καταστάντος
2718 1731 2734 1758 ,
2788 1693 2883 1747 καὶ
2937 1692 3060 1746 οὐδὲ
3110 1691 3221 1745 τῶν
3270 1692 3556 1763 παρόντων

308 1775 561 1847 αἴσθησιν
615 1778 853 1849 ἔχοντας’
891 1778 1065 1848 οὕτως
1119 1781 1224 1848 ἐξω
1271 1781 1385 1836 τῶν
1412 1783 1615 1839 σαυτοῦ
1642 1772 1865 1857 φρενῶν
1895 1788 1960 1843 ἐκ
2010 1786 2104 1842 τοῦ
2137 1786 2400 1861 μεγέθους
2448 1789 2660 1859 γενήσῃ
2700 1786 2811 1840 τῶν
2862 1785 3047 1840 κακῶν
3067 1803 3081 1818 ο
3138 1785 3280 1849 τίνος
3337 1786 3553 1855 ἐνεκεν,

315 1891 334 1922 ι
388 1870 521 1926 Ἀπὸ
567 1871 662 1927 τοῦ
714 1873 952 1946 πλήθους
996 1875 1104 1929 τῶν
1148 1875 1373 1930 ἀδικιῶν
1427 1894 1520 1931 σου
1573 1878 1887 1950 ἐπληθύνθη
1936 1880 2120 1952 μανία.
2161 1899 2181 1935 ι
2232 1880 2455 1951 Ἐπειδὴ
2499 1880 2668 1952 πολλῇ
2720 1880 2819 1952 μὲν
2858 1879 3047 1951 ἀδικίᾳ
3074 1880 3331 1951 συνέζης,
3385 1881 3553 1953 πολλῇ

307 1964 364 2017 δὲ
399 1965 479 2036 τῇ,
492 1965 620 2036 περὶ
651 1963 718 2019 τά
744 1965 939 2023 εἴδωλα
970 1969 1138 2043 μανίᾳ
1163 1971 1357 2025 σαυτὸν
1383 1972 1700 2040 ἐκδεδώκεις
1725 1975 2000 2039 παντελῶς

383 2050 549 2109 Vens.
578 2052 737 2108 8-10.
768 2084 840 2095 —-
869 2073 891 2109 ι
920 2057 1130 2129 Scopus
1177 2057 1507 2130 Ephraimus
1552 2077 1679 2117 cum
1716 2062 1829 2119 Deo
1858 2082 1870 2120 :

2046 2063 2194 2135 Στίχ.
2255 2069 2388 2136 ηὀιν.
2429 2092 2501 2106 --
2553 2081 2570 2114 ι
2610 2060 2820 2126 Σκοπὸς
2879 2060 3120 2134 Ἐφραῖμ
3188 2060 3331 2133 μετά
3371 2061 3544 2119 Θεοῦο

310 2142 586 2213 ιιι-οριιοιοι
610 2143 851 2214 Ιειιιιειιε»
880 2153 1160 2206 tortuosus
1177 2166 1342 2221 super
1356 2167 1548 2210 omnes
1568 2153 1684 2210 vias
1699 2153 1839 2226 ejus.
1853 2175 1874 2210 ι

308 2232 605 2303 Oporteret-
630 2248 763 2292 sane
804 2246 856 2293 te
881 2252 1004 2296 esse
1040 2241 1249 2297 caeteris
1288 2244 1567 2314 exemplar
1614 2255 1668 2301 et
1717 2247 1878 2316 quasi

309 2339 540 2395 scopum
575 2324 816 2394 honesti,
854 2327 1072 2402 Deoque
1108 2332 1335 2402 juvante
1362 2333 1562 2391 docere
1592 2335 1733 2393 alios
1763 2337 1878 2392 vir-

311 2423 698 2488 tutem,.quam
733 2427 789 2473 tu
822 2419 941 2491 ipse
980 2436 1011 2476 a
1049 2422 1161 2479 Deo
1190 2423 1500 2491 didiceras;
1549 2426 1647 2483 sed
1686 2438 1878 2484 contra

307 2502 488 2560 Iactus
516 2519 583 2560 es
614 2505 684 2560 ad
719 2506 914 2561 vitium
949 2508 1071 2576 via;
1101 2510 1176 2564 ita
1201 2520 1259 2566 ut
1283 2512 1420 2568 nihil
1452 2528 1484 2568 a
1513 2514 1658 2570 tristi
1683 2515 1876 2586 laqueo

306 2592 526 2651 dill‘eras
548 2595 962 2655 incurrentibus
990 2601 1319 2671 periculoso.
1354 2600 1447 2658 Sic
1477 2606 1732 2663 omnibus
1768 2606 1875 2661 im-

306 2686 540 2758 pietatis.
563 2690 748 2759 regula
778 2690 1017 2746 exsistis.
1044 2709 1064 2743 ι
1092 2691 1366 2748 Insaniam
1392 2693 1451 2748 in
1481 2694 1646 2752 domo
1678 2695 1771 2752 Dei
1788 2697 1875 2752 sui

305 2777 512 2834 deﬁxit.
536 2797 556 2830 ι
587 2777 905 2835 Idololatria
953 2781 1263 2837 universam
1306 2791 1512 2840 terram
1551 2787 1876 2857 promissio-

306 2870 392 2926 nis
414 2870 650 2941 immesti
681 2890 694 2925 :
728 2886 854 2925 nam
889 2871 986 2927 Dei
1019 2873 1243 2931 domum
1266 2882 1470 2931 terram
1492 2878 1873 2947 promissionis

302 2962 567 3031 appellat,
617 2970 803 3032 utpote
825 2977 854 3017 a
891 2960 1003 3018 Deo
1036 2964 1360 3021 habitalam.
1397 2985 1418 3020 ι
1454 2966 1714 3039 Corrupti
1744 2975 1875 3024 sunt

306 3051 525 3107 sicutin
551 3053 744 3109 diebus
771 3053 945 3109 collis.
977 3074 997 3108 ι
1035 3054 1230 3113 Cuncti
1274 3072 1307 3112 a
1331 3058 1537 3116 virtute
1578 3058 1646 3114 ad
1678 3059 1870 3116 vitium

305 3143 552 3225 «inversi
582 3130 738 3213 estis,
790 3146 988 3201 mentis
1017 3147 1427 3220 corruptionem
1477 3151 1693 3221 experti
1724 3151 1872 3207 haud

305 3237 629 3315 dissimilem
660 3237 767 3298 illis
798 3239 893 3308 qui
924 3239 983 3295 in
1018 3238 1235 3298 deserto
1277 3242 1576 3313 irreligiosi
1622 3242 1869 3310 fuerunt,

305 3329 506 3398 quique
540 3328 713 3383 vitulo
751 3328 985 3393 conﬂato
1014 3330 1320 3409 dicebant:
1355 3351 1374 3385 ι
1398 3330 1467 3388 Hi
1509 3341 1641 3389 sunt
1666 3333 1741 3390 dii
1766 3336 1868 3402 tui,

1981 2144 2264 2228 προφήτης
2320 2154 2491 2223 παγὶς
2537 2151 2728 2207 σκολιά
2770 2153 2864 2207 ἐπὶ
2914 2154 3094 2216 πάσας
3121 2152 3220 2216 τὰς
3252 2153 3407 2217 ὁδοὺς
3448 2156 3552 2209 αύ-

1977 2241 2093 2298 τοῦ.
2133 2263 2153 2297 ι
2200 2243 2395 2315 Ἐχρῆν
2431 2243 2532 2316 μὲν
2563 2242 2672 2314 γάρ
2721 2259 2783 2296 σε
2814 2243 3015 2296 σκοπὸν
3063 2237 3202 2297 εἶναι
3251 2243 3345 2297 τοῦ
3380 2243 3553 2298 καλοῦ

1978 2334 2218 2406 ἑτέροις,
2262 2334 2358 2388 καὶ
2403 2333 2540 2405 μετά
2583 2330 2719 2386 Θεοῦ
2763 2332 3040 2386 διδάσκειν
3082 2332 3211 2396 τοὺς
3240 2333 3462 2397 λοιποὺς
3488 2334 3552 2389 τδ

1974 2424 2114 2490 δέον,
2148 2425 2245 2479 ἀτε
2288 2427 2417 2497 παρ’
2455 2423 2620 2478 αὐτοῦ
2672 2423 3031 2495 μεμαθηκότα
3074 2423 3263 2478 τοῦτο’
3318 2424 3550 2493 γέγονας

1973 2516 2034 2573 δὲ
2064 2516 2126 2570 τὸ
2151 2515 2392 2571 ἐναντίον
2420 2516 2536 2579 ὁδὸς
2564 2515 2765 2572 ἀπασιν
2790 2513 2886 2569 τοῦ
2916 2515 3176 2586 χείρονος·
3203 2513 3346 2567 ὥστε
3379 2514 3551 2584 μηδὲν

1975 2602 2290 2657 ἀπεοικέναι
2323 2603 2569 2674 χαλεπῆς
2594 2603 2816 2673 παγίδος
2842 2603 3071 2673 κινδύνῳ
3115 2601 3549 2675 περιϐαλλούσης

1972 2696 2098 2760 τοὺς
2151 2695 2539 2766 ἐμπίπτοντας·
2592 2694 2765 2759 οὕτως
2809 2694 2982 2749 ἅπασι
3014 2695 3177 2766 νόμος
3222 2695 3404 2764 ἐγίνου
3445 2694 3549 2765 τῆς

1974 2787 2248 2851 ἀσεϐείας.
2278 2788 2370 2856 (p.
2402 2786 2492 2855 68)
2534 2806 2553 2838 ι
2578 2786 2868 2843 Μανίανιέν
2896 2787 3030 2857 οίκῳ
3055 2785 3189 2840 Θεοῦ
3219 2785 3382 2839 αὐτοῦ
3413 2802 3548 2839 κατ-

1974 2877 2194 2949 έπηξεν.
2237 2896 2256 2930 ι
2290 2876 2749 2949 Εἱδωλολατρείας
2796 2877 2905 2950 γὰρ
2946 2878 3127 2932 πᾶσαν
3164 2876 3262 2948 τὴν
3302 2877 3406 2946 γῆν
3445 2876 3547 2946 τῆς

1974 2969 2308 3039 ἐπαγγελίας
2336 2969 2663 3041 ἐπλήρωσας
2682 2985 2696 3000 ο
2723 2963 2871 3022 οἷκον
2896 2966 3005 3039 γὰρ
3035 2966 3169 3020 Θεοῦ
3192 2966 3289 3035 τὴν
3314 2966 3416 3035 γῆν
3443 2965 3546 3035 τῆς

1972 3060 2309 3131 ἐπαγγελίας
2326 3058 2504 3125 καλεῖ,
2529 3059 2603 3122 ὡς
2624 3058 2950 3130 οἰκουμένην
2976 3057 3080 3111 om
3107 3055 3265 3111 Θεοῦ.
3296 3074 3316 3108 ι
3356 3054 3549 3124 mea.

1975 3170 2149 3225 ρησαν
2197 3152 2340 3205 κατὰ
2370 3152 2470 3214 τὰς
2516 3150 2732 3223 ἡμέρας
2777 3147 2988 3220 βουνοῦ.
3031 3166 3050 3199 ι
3096 3147 3207 3200 Καὶ
3246 3147 3544 3219 μετέστητε

1973 3244 2174 3307 πάντες
2212 3245 2279 3298 ἐκ
2320 3241 2414 3297 τοῦ
2442 3243 2750 3314 κρείττονος
2788 3242 2882 3294 ἐπὶ
2922 3240 2983 3292 τὸ
3014 3242 3217 3312 χεῖρον,
3246 3237 3543 3308 διαφθορὰν

1974 3333 2194 3389 ἐννοιῶν
2220 3332 2720 3403 ὑπομεμενηκότες,
2745 3330 2896 3384 οὐδὲν
2923 3332 3242 3384 ἀπεοικυῖαν
3272 3327 3379 3381 τῶν
3406 3326 3539 3383 ποτὲ

304 3419 545 3482 elsrael,
595 3418 688 3490 qui
744 3429 797 3480 te
852 3422 1160 3479 eduxerunt
1207 3406 1283 3480 de.
1315 3431 1464 3480 terra
1499 3424 1812 3498 Egypti".
1845 3445 1864 3480 ι

1976 3424 2116 3479 κατά
2150 3423 2255 3494 τήν.
2280 3423 2485 3494 ἔρημον
2519 3422 2933 3493 ἀσεϐησάντων,
2965 3420 3014 3474 οἶ
3051 3419 3250 3490 μόσχον
3281 3419 3541 3488 ποιήσαν-

303 3511 435 3566 Na-n
491 3512 655 3568 (dies
691 3513 892 3571 collis»
928 3524 1149 3586 tempus
1200 3515 1339 3572 illud
1390 3516 1651 3589 appellat.
1700 3517 1871 3590 Igitur

304 3600 469 3665 haud,
496 3605 679 3660 secius
724 3605 833 3663 illis
870 3607 1113 3679 corrupti
1140 3607 1300 3673 estis,
1322 3607 1378 3663 id
1401 3615 1507 3677 est,
1532 3623 1721 3680 parem
1758 3609 1870 3665 illis

305 3696 557 3751 morbum
616 3697 996 3754 contraxistis.
1053 3698 1501 3757 «Recordabitur
1547 3700 1880 3785 iniquitates

302 3801 515 3852 eorum,
567 3787 867 3845 ulciscetur
912 3799 1138 3860 peccata
1172 3806 1386 3849 eorum.
1414 3791 1868 3863 rConsequenter

303 3878 508 3949 itaque,
546 3889 802 3937 revocata
833 3881 1186 3950 iniquitatum
1226 3891 1538 3938 vestrarum
1579 3882 1865 3948 memoria,

301 3976 480 4025 sumet
521 3969 588 4025 de
620 3971 776 4026 vobis
807 3986 1021 4050 pinnas,
1066 3974 1306 4043 peccatis
1334 3976 1533 4030 vestris
1573 3987 1865 4044 congruas.

307 4079 328 4110 ε
351 4059 516 4127 Quasi
548 4078 709 4116 uvam
744 4063 798 4117 in
836 4062 1053 4119 deserto
1085 4064 1271 4121 inveni
1294 4065 1576 4127 Israelem,
1618 4070 1674 4118 et
1704 4061 1867 4132 quasi

301 4152 462 4206 ﬁcum
493 4151 548 4206 in
573 4153 681 4224 45
726 4154 958 4209 ﬁculnea
998 4168 1297 4225 praecocem
1319 4163 1502 4224 patres
1538 4162 1754 4209 vestros
1784 4153 1867 4206 vi-

299 4241 377 4297 di.
402 4260 423 4292 »η
437 4240 698 4313 Equidem
716 4252 928 4301 tantum
950 4243 1265 4315 exprompsi
1288 4259 1416 4316 erga
1442 4250 1627 4315 patres
1654 4250 1866 4298 vestros

300 4330 581 4395 allectum,
632 4330 897 4403 quantum
954 4332 1191 4403 quisque
1212 4336 1514 4404 experitur,
1546 4332 1595 4389 si
1626 4330 1765 4387 forte
1808 4332 1864 4385 in

297 4421 519 4478 deserto
556 4439 717 4479 uvam
744 4456 753 4465 .
777 4423 956 4479 videat
1000 4431 1198 4495 praeter
1235 4438 1452 4481 omnem
1494 4438 1646 4495 spem
1690 4422 1864 4478 oculis

297 4502 575 4579 oblatam:
594 4517 682 4573 vel
713 4514 874 4572 ﬁcum
903 4515 961 4572 in
990 4516 1184 4572 arbore
1215 4525 1339 4571 ante
1365 4524 1689 4572 consuetum
1727 4524 1865 4571 tem-

295 4621 400 4676 pus
423 4614 750 4663 exstantem.
783 4625 802 4660 ι
829 4607 939 4678 Ipsi
986 4615 1167 4664 autem
1207 4607 1547 4663 intraverunt
1601 4608 1669 4662 ad
1709 4608 1865 4663 Beelo

296 4697 526 4767 pbegor,
553 4704 609 4751 et
637 4697 932 4753 abalienati
969 4707 1099 4755 sunt
1124 4698 1181 4752 in
1210 4698 1616 4765 confusionem,
1647 4705 1701 4753 et
1732 4698 1859 4754 lacti

297 4794 428 4843 sunt
473 4785 893 4845 abominabiles.
935 4805 956 4838 ι
986 4786 1090 4854 Qui
1119 4786 1187 4842 ad
1252 4787 1587 4842 adorandum
1652 4788 1858 4844 idolum

296 4877 736 4940 declinaverunt,
780 4891 811 4930 a
844 4892 935 4932 me
962 4887 1136 4935 semet
1174 4877 1580 4943 abalienarunt,
1624 4879 1775 4933 nulla
1804 4896 1864 4936 re

294 4970 403 5023 alia
426 4981 590 5039 quam
621 4964 946 5022 confusione
981 4966 1175 5037 dignos
1211 4982 1272 5022 se
1308 4969 1680 5036 ostendentes,
1725 4986 1863 5041 quo-

294 5054 440 5131 niam
470 5070 502 5109 a
526 5052 637 5110 Deo
658 5063 938 5109 tantorum
965 5054 1074 5109 illis
1099 5056 1369 5111 bonorum
1400 5067 1626 5115 auctore
1642 5059 1710 5115 ad
1736 5059 1858 5115 ido-

292 5145 405 5201 lum
461 5146 896 5217 transfugerunt,
937 5162 967 5201 a
1006 5164 1119 5218 quo
1161 5149 1297 5203 nihil
1341 5150 1470 5206 boni
1507 5162 1854 5223 acceperant.

292 5232 473 5303 Quare
503 5246 557 5292 et
585 5238 974 5295 abominabiles
1001 5236 1151 5307 facti,
1202 5241 1306 5298 sub
1346 5243 1585 5300 hostium
1626 5261 1854 5302 suorum

286 5322 480 5399 jngum
519 5329 673 5383 missi
720 5338 869 5387 sunt.
916 5329 1207 5404 Postquam
1254 5335 1370 5391 haec
1410 5334 1478 5392 de
1526 5335 1635 5393 illis
1694 5336 1852 5407 dixit,

293 5415 443 5471 addit
475 5436 488 5470 :
1621 5410 1627 5417 ’

1971 3532 2061 3579 τες
2084 3515 2268 3583 έλεγον
2286 3530 2300 3544 '
2332 3534 2352 3567 ι
2379 3507 2533 3567 Οὗτοι
2561 3513 2611 3566 οξ
2665 3508 2775 3564 θεοί
2824 3527 2917 3566 σου
2940 3555 2955 3579 ,
3002 3511 3236 3583 Ἰσραὴλ,
3265 3511 3313 3563 οἳ
3342 3509 3543 3581 ἐξήγα-

1972 3607 2068 3676 γόν
2098 3624 2156 3660 σε
2178 3607 2243 3660 ἐκ
2264 3605 2367 3675 γῆς
2395 3601 2671 3672 Αἰγύπτου
2688 3615 2701 3629 ’
2730 3620 2749 3654 ι
2783 3620 2801 3653 ι
2828 3600 3042 3675 ἡμέρας
3056 3596 3275 3671 γάρτοῦ
3296 3599 3484 3670 βουνοῦ
3512 3617 3534 3652 ι

1969 3698 2062 3752 τὸν
2112 3697 2300 3770 καιρὸν
2333 3697 2539 3749 ἐκεῖνον
2579 3690 2752 3745 καλεῖ.
2808 3688 3138 3752 ’Δκολούθως
3170 3685 3264 3743 οὖν
3307 3689 3541 3754 ἐκείνοις

1969 3788 2317 3859 διεφθάρητε,
2351 3785 2472 3839 ἀντὶ
2516 3782 2628 3848 τοῦ,
2661 3781 2772 3854 Τὴν
2818 3781 2985 3852 αὐτὴν
3017 3782 3245 3845 ἐκείνοις
3281 3779 3538 3845 ἐδέξασθε

1967 3880 2141 3934 νόσον.
2180 3898 2197 3931 ι
2233 3875 2618 3947 Μνησθήσεται
2636 3872 2745 3926 τῶν
2769 3873 2990 3927 ἀδικιῶν
3020 3873 3220 3936 αὐτῶν,
3256 3874 3537 3944 ἐκδικήσει

1967 3970 2239 4041 ἁμαρτίας
2271 3965 2471 4021 αὐτῶν.
2520 3983 2540 4016 ι
2595 3962 2929 4027 ’Λκολούθως
2954 3964 3133 4018 τοίνυν
3174 3965 3395 4035 μνήμην
3424 3962 3536 4017 τῶν

1967 4059 2227 4115 ἀσεϐειῶν
2257 4057 2411 4128 ὑμῶν
2462 4056 2862 4128 ποιησάμενος,
2918 4055 3148 4127 λήψεται
3194 4055 3351 4117 δίκας
3402 4055 3534 4127 παρ’

1967 4151 2120 4223 ὑμῶν
2163 4149 2457 4218 ἀναλόγους
2499 4143 2580 4213 οἷς
2627 4148 2987 4219 ἡμαρτήκατε
3035 4149 3116 4223 είς
3157 4146 3337 4199 αὐτόν.
3377 4163 3397 4196 ι
3446 4145 3535 4208 Ὠς

1966 4239 2241 4311 σταφυλὴν
2287 4242 2345 4293 ἐν
2384 4239 2579 4310 ἐρήμῳ
2615 4233 2773 4309 εὗρον
2808 4238 2899 4292 τὸν
2944 4236 3182 4308 Ἰσραὴλ,
3215 4235 3310 4299 καὶ
3332 4235 3406 4299 ὡς
3434 4234 3533 4288 σῦ-

1966 4351 2060 4387 κον
2079 4331 2152 4405 (9)
2171 4333 2229 4386 ἐν
2247 4333 2384 4401 συκῇ
2402 4329 2651 4401 πρώῖμον
2678 4326 2815 4382 εἶδον
2844 4328 3084 4400 πατέρας
3112 4327 3311 4382 αὐτῶν.
3335 4346 3354 4379 ι
3390 4324 3532 4394 Ἐγὼ

1968 4426 2066 4495 μὲν
2109 4418 2201 4478 οὖν
2247 4418 2515 4491 τοσαύτην
2565 4418 2926 4489 ἐπεδειξάμην
2962 4418 3088 4490 περὶ
3121 4419 3248 4481 τοὺς
3287 4416 3531 4486 πατέρας

1964 4515 2144 4571 αὐτῶν
2163 4514 2424 4577 διάθεσιν,
2468 4512 2585 4586 μεθ’
2613 4514 2744 4581 ὅσης
2780 4510 2844 4564 ἂν
2876 4511 2909 4581 ἢ
2945 4513 3001 4563 ἐν
3032 4510 3223 4580 ἐρήμῳ
3256 4505 3531 4577 σταφυλὴν

1964 4610 2062 4663 ἴδοι
2094 4624 2179 4671 τις
2214 4604 2362 4678 παρὰ
2382 4606 2567 4658 πᾶσαν
2601 4600 2777 4673 εὑρὼν
2802 4601 3011 4664 ἐλπίδα,
3042 4601 3075 4670 ἢ
3108 4598 3274 4652 σῦκον
3304 4599 3396 4650 ἐπὶ
3434 4595 3528 4650 τοῦ

1962 4698 2179 4771 δένδρου
2213 4697 2318 4769 πρὸ
2342 4694 2437 4749 τοῦ
2476 4694 2724 4756 εἰωθότος
2767 4692 2931 4762 φανὲν
2962 4689 3175 4761 καιροῦ.
3232 4710 3250 4741 ι
3282 4689 3444 4742 Αὐτοὶ
3472 4688 3527 4741 δὲ

1890 4751 1935 4805 D
1962 4751 2209 4863 είσῆλθον
2237 4751 2372 4864 πρὸς
2400 4751 2739 4860 Βεελφεγὼρ,
2773 4751 2867 4842 καὶ
2901 4751 3417 4855 ἀπηλλοτριώθησαν
3448 4784 3528 4845 είς

1959 4885 2248 4957 αἰσχύνην,
2298 4884 2392 4937 κα)⁵
2439 4881 2683 4951 ἐγένοντο
2729 4879 2804 4944 ὡς
2853 4881 2901 4931 οἱ
2949 4876 3348 4947 ἐϐδελυγμένοι.
3387 4893 3405 4925 ι
3463 4874 3528 4927 OE

1961 4975 2096 5047 πρὸς
2124 4973 2221 5044 τὴν
2241 4972 2334 5026 τοῦ
2355 4971 2576 5024 εἰδώλου
2616 4967 2981 5040 προσκύνησιν
3014 4967 3299 5028 νεύσαντες
3316 4964 3339 5037 ρ
3353 4981 3403 5033 p.
3434 4961 3530 5034 69)

1958 5067 2056 5139 τὴν
2095 5064 2443 5135 ἀλλοτρίωσιν
2476 5064 2679 5116 εἴλοντο
2709 5062 2804 5133 τὴν
2832 5060 2926 5115 ἀπ’
2958 5057 3113 5130 ἐμοῦ,
3145 5057 3302 5111 οὐθὲν
3345 5056 3533 5126 ἓτερον

1963 5160 1997 5230 ἦ
2044 5158 2304 5229 αίσχύνης
2349 5156 2575 5218 ἑαυτοὺς
2623 5154 2801 5224 πάσης
2841 5151 3147 5214 δεικνύντες
3182 5149 3399 5216 ἀξίους,
3446 5148 3531 5201 ὅτι

1961 5250 2071 5305 ἀπὸ
2111 5248 2245 5303 Θεοῦ
2274 5248 2367 5302 τοῦ
2400 5246 2669 5301 τοσούτων
2697 5245 2881 5308 αὐτοῖς
2912 5241 3134 5311 ἀγαθῶν
3164 5240 3336 5294 αἰτίου
3366 5254 3532 5306 γεγο-

1959 5340 2131 5404 νότος,
2161 5338 2254 5392 ἐπὶ
2286 5336 2501 5391 εἴδωλον
2536 5336 2904 5406 μετέστησαν,
2935 5326 2996 5386 οὗ
3038 5331 3203 5403 μηδὲν
3235 5329 3533 5399 εἰλήφεσαν

1961 5429 2183 5498 ἀγαθόν’
2224 5427 2346 5481 ὃθεν
2389 5426 2446 5480 δέ
2476 5426 2569 5481 καὶ
2608 5423 2885 5496 βδελυκτοὶ
2916 5422 3243 5494 γεγόνασιν,
3269 5417 3375 5475 ὑπὸ
3414 5414 3532 5475 τοῖς

290 5510 504 5583 ἐχθροῖς
532 5512 879 5575 πεπτωκότες
915 5519 1027 5580 τοῖς
1053 5519 1292 5584 οἰκείοις.
1329 5517 1513 5574 Ταῦτα
1552 5519 1685 5586 περ)⁸
1712 5522 1932 5579 ἐκείνων
1957 5522 2153 5589 εἰπὼν,
2183 5522 2375 5591 ἐπάγει
2396 5539 2410 5554 ν

363 5646 410 5678 ³⁸
449 5644 622 5700 Exod.
656 5659 830 5707 nm,
857 5648 911 5701 4.

361 5756 440 5830 (9)
474 5756 607 5814 Cod.
648 5755 867 5835 σκοπόν.
