3966 6134
424 185 527 243 185

1595 196 1945 257 THEODORI
1976 201 2463 261 MOPSUESTEM

3556 206 3659 267 tiu

423 303 719 378 circmnagi
764 312 819 361 et
857 321 1045 363 errare
1096 317 1317 379 propter
1350 313 1648 365 extremam
1692 321 1984 383 egestatem

2093 320 2385 389 ἐργάσεται
2432 318 2788 391 κηδεμονίας,
2832 317 2892 372 ού
2930 317 3288 389 βουληθέντας
3326 315 3558 371 ἀκοῦσαί
3595 335 3659 370 τε

418 406 697 463 cogentur.

2093 409 2254 462 αὐτοῦ
2316 409 2408 462 καὶ
2463 409 2598 479 πρὸς
2652 408 3010 479 μεταμέλειαν
3075 407 3201 461 ἰδεῖν
3223 424 3236 437 ο
3297 407 3438 478 ὑπὲρ
3480 401 3554 460 ὧν
3594 405 3665 477 δὴ

419 483 733 554 ληφθέντες,
768 487 1096 559 αἰχμάλωτοι
1125 487 1275 558 παρά
1303 491 1417 552 τοῖς
1451 490 1748 562 ἀλλοτρίοις
1776 493 2025 561 ἔσονται,
2065 499 2187 568 τῇδε
2238 500 2458 553 κάκεῖσε
2502 499 2787 569 περιάγειν
2824 517 2884 553 τε
2929 499 3022 555 καὶ
3059 499 3362 555 πλανᾶσθαι
3410 499 3514 552 ὑπὸ
3559 499 3663 569 τῆς

415 580 556 647 ἄγαν
589 580 796 644 ἐνδείας
825 581 1245 651 ἠναγκασμένα.

574 698 577 701 ‘
1080 710 1235 767 car.
1272 711 1340 766 x.
1443 668 1509 732 θ

440 819 652 906 έθγηιξήβ.
947 821 1055 896 4⁸1
1092 839 1112 873 ι
1148 796 1288 877 Vitis
1331 823 1589 881 frondosa
1628 823 1815 881 Israel.
1860 845 1879 878 ι
1911 826 1993 883 οι)

419 899 609 993 βορειῙῖ
644 899 1172 993 ευί,ἰυιι]ιίιυόἰηοιη
1214 915 1355 970 haud
1383 923 1467 971 est
1504 914 1786 974 dissimilis
1824 916 1992 974 Israel

421 1003 509 1055 νὶιὶ
537 1002 850 1073 palmitibus
881 992 1133 1073 plurimis
1163 1004 1521 1076 maximisque
1542 1010 1799 1065 comanti.
1821 1028 1837 1060 ι
1859 1008 1993 1063 Fru-

415 1104 536 1149 ctus
563 1093 682 1163 ejus
707 1094 1014 1163 abundans.
1055 1114 1074 1146 ›
1101 1094 1385 1156 Multitudo
1408 1111 1594 1151 eorum
1624 1098 1864 1169 quotidie
1890 1114 1988 1153 au-

415 1196 592 1252 getur,
616 1185 801 1240 multis
821 1185 943 1241 inde
959 1188 1314 1243 nascentibus
1339 1189 1411 1244 ob
1430 1190 1628 1243 lautam
1647 1188 1979 1245 felicitatem.

421 1294 440 1325 ς
476 1272 639 1337 Juxta
666 1276 962 1332 ubertatem
997 1274 1267 1333 fructuum
1297 1293 1523 1333 suorum
1550 1279 1985 1348 multiplicarth

415 1367 633 1421 altaria.
666 1386 684 1418 ι
716 1364 983 1422 Πίῑειυιοιι
1011 1367 1419 1423 exuberantiam
1450 1369 1657 1438 populi,
1691 1385 1854 1439 quam
1890 1368 1983 1425 Dei

418 1455 796 1509 benedictione
827 1462 980 1509 erant
1020 1455 1225 1524 adepti,
1265 1458 1600 1512 remunerati
1632 1466 1761 1512 sunt
1787 1458 1980 1529 grandi

414 1547 708 1616 impietatis
741 1548 1075 1603 incremento
1114 1566 1127 1602 :
1180 1563 1366 1618 parem
1404 1551 1549 1605 enim
1589 1566 1819 1606 numero
1859 1566 1979 1620 suo,
2026 1592 2037 1602 .

415 1639 466 1691 in
513 1638 777 1695 idolorum
833 1638 1095 1695 honorem
1143 1639 1398 1695 altarium
1431 1641 1643 1713 capiam
1690 1648 1979 1697 exstruxe-

2751 714 2907 770 ΚΕΦ.
2951 718 3004 769 1’·.

2159 827 2305 898 Στίχ.
2340 823 2592 898 α’-β¹.-‹
2624 827 2686 879 Ἀ
2699 826 2899 897 μπελος
2922 825 3341 897 εὐκληματοῦσα
3371 828 3607 899 Ἰσραήλ.
3637 848 3659 881 ι

2090 919 2416 989 Διήλλαττεν
2475 917 2626 971 οὐδὲν
2688 918 2716 968 ὁ
2784 918 3000 989 Ἰσραήλ
3045 918 3123 985 τῷ
3174 918 3370 988 πλήθει
3419 919 3667 990 κλήμασι

2092 1009 2363 1072 πλείστοις
2405 1027 2466 1061 τε
2496 1008 2591 1061 καὶ
2631 1007 2907 1078 μεγίστοις
2936 1009 3192 1079 κομὼσης
3222 1008 3490 1079 ἀμπέλου.
3528 1029 3548 1062 t
3600 1010 3668 1064 Ὅ

2094 1102 2306 1173 καρπὸς
2340 1100 2580 1170 εὐθηνῶν
2609 1101 2796 1169 αὐτῆς.
2840 1118 2857 1151 ι
2891 1102 3000 1153 Καὶ
3032 1099 3345 1153 ἐπεδίδοσαν
3376 1101 3500 1153 καθ’
3526 1101 3696 1154 ἑκά--

2090 1209 2221 1263 στην
2249 1191 2461 1262 ἡμέραν
2493 1191 2573 1254 είς
2613 1191 2835 1261 πλῆθος,
2867 1190 2942 1262 (p.
2992 1191 3081 1259 72)
3114 1190 3323 1244 πολλῶν
3350 1191 3520 1244 ὄντων
3550 1192 3671 1246 τῶν

2087 1278 2148 1344 ἐξ
2180 1280 2359 1333 αὐτῶν
2395 1282 2730 1350 τικτομένων
2771 1280 2859 1334 διὰ
2893 1282 2992 1352 τὴν
3025 1280 3331 1351 προσοῦσαν
3363 1283 3545 1347 αὐτοῖς
3571 1284 3664 1336 εὐ-

2087 1370 2347 1442 πραγίαν.
2379 1389 2397 1422 ι
2427 1371 2583 1425 Κατὰ
2604 1371 2667 1423 τὸ
2696 1371 2895 1441 πλῆθος
2914 1371 3021 1425 τῶν
3036 1372 3264 1443 καρπῶν
3280 1373 3463 1437 αὑτοῦ,
3492 1374 3655 1444 ὲπλή-

2087 1460 2242 1514 θυνεν
2273 1460 2652 1531 θυσιαστήρια,
2686 1480 2705 1513 ι
2733 1462 2796 1513 Ol
2815 1461 2992 1533 Gé‘rﬁv
3011 1461 3404 1531 πολυπληθίαν,
3434 1463 3492 1515 ἐν
3513 1456 3665 1534 ᾗπερ

2085 1548 2172 1602 διὰ
2216 1548 2314 1618 τῆς
2359 1549 2608 1617 εὐλογίας
2641 1547 2965 1602 καθίσταντο
3013 1547 3108 1601 τοῦ
3157 1549 3315 1614 Θεοῦ,
3367 1549 3664 1618 ἠμείϐοντο

2085 1638 2340 1701 ἀσεϐείας
2372 1639 2616 1693 ἐπιτάσει
2646 1638 2811 1709 πολλῇ
2831 1656 2845 1670 ο
2876 1638 3134 1706 ἀνάλογον
3162 1639 3270 1710 γὰρ
3296 1640 3389 1692 τοῦ
3423 1641 3667 1711 ἀριθμοῦ

413 1735 558 1781 runt.
592 1745 613 1778 «η
652 1726 798 1795 Quot
824 1720 994 1783 erant
1008 1735 1167 1785 teme
1195 1746 1307 1785 suae
1336 1731 1501 1796 bona,
1533 1730 1756 1800 totidem
1790 1734 1984 1787 statuit

2087 1728 2176 1781 τοῦ
2227 1728 2450 1792 οἰκείου,
2487 1729 2580 1782 ἐπὶ
2622 1730 2754 1800 τιμῇ
2799 1727 2906 1782 τῶν
2940 1729 3172 1782 εἰδώλων
3206 1731 3439 1785 ἀνίστων
3474 1732 3665 1785 θυσιαι-

412 1820 724 1877 simulacra.
763 1838 780 1870 ι
828 1817 1012 1878 Multis
1047 1826 1207 1893 terrae
1249 1819 1408 1876 bonis
1450 1820 1715 1889 fruentes,
1750 1838 1850 1892 pro
1896 1823 1997 1877 ltis-

413 1910 702 1964 simnlacra
731 1896 1064 1963 honorandis
1089 1907 1251 1963 idolis
1276 1918 1590 1966 erexerunt.
1625 1930 1646 1964 ‹
1679 1910 1860 1966 Corda
1884 1927 1982 1967 sua

413 2000 735 2077 diviserunt.
784 2017 800 2048 ι
833 1995 1119 2068 Tantaque
1170 1998 1387 2055 illorum
1421 2016 1548 2071 erga
1590 2000 1735 2057 idola
1776 2002 1987 2057 exstitit

413 2087 717 2141 devotionis
751 2085 986 2167 insania;
1014 2095 1249 2163 ut_mens
1274 2088 1518 2159 ipsorum
1542 2090 1691 2146 circa
1714 2091 1983 2147 idolorum

414 2181 656 2233 studium
692 2180 843 2233 varia
874 2177 1062 2243 fuerit,
1094 2180 1218 2235 aliis
1246 2182 1384 2246 haec,
1427 2181 1549 2236 aliis
1583 2182 1675 2236 illa
1702 2183 1845 2238 idola
1890 2196 1985 2237 co-

417 2268 678 2323 lentibus.
714 2285 732 2318 ι
773 2266 930 2324 Nunc
957 2268 1280 2324 interibunt.
1319 2289 1337 2323 ›
1374 2268 1586 2326 Iustam
1618 2271 1894 2343 perferent
1914 2273 1985 2327 ob

417 2362 528 2414 lucc
563 2358 917 2431 punitionem.
955 2376 975 2410 ‹
1019 2357 1140 2431 lpse
1189 2357 1443 2415 suti‘odiet
1488 2359 1682 2421 altaria
1709 2374 1920 2415 eorum).
1959 2378 1979 2411 θ

417 2451 631 2505 Ισίιειιὶιη
656 2451 934 2520 neglectus
977 2449 1044 2504 ab
1083 2451 1162 2506 eis
1213 2449 1354 2507 Deus
1383 2453 1567 2507 omnia
1604 2452 1720 2507 haec
1760 2448 1987 2507 subver-

416 2542 578 2596 tenda
593 2541 823 2606 curabit,
852 2556 973 2611 qua:
995 2540 1157 2610 impie
1174 2541 1241 2596 ad
1274 2542 1542 2598 idolorum
1572 2545 1776 2599 cultum
1799 2558 1986 2599 erexe-

417 2642 555 2686 rant.
601 2651 625 2682 ι
662 2630 798 2686 Male
848 2633 1061 2685 eveniet
1107 2632 1281 2689 titulis
1334 2649 1546 2688 eorum.
1581 2653 1601 2687 ι
1646 2633 1710 2687 lli
1766 2649 1983 2706 quoque

416 2731 674 2779 corruent
704 2723 763 2781 iu
789 2722 1240 2781 destructionem.

2086 1818 2300 1889 στήρια.
2337 1837 2355 1869 ι
2389 1817 2546 1871 Κατά
2572 1818 2640 1871 τὰ
2668 1815 2847 1886 άγαθά
2875 1817 2975 1886 τῆς
3002 1819 3106 1887 γῆς
3124 1820 3310 1884 αὐτοῦ,
3342 1821 3663 1892 ᾠκοδόμησε
3704 1842 3709 1851 ·

2085 1908 2303 1978 στήλας.
2345 1927 2364 1960 ι
2406 1907 2517 1961 Καὶ
2557 1906 2768 1960 πολλῶν
2802 1907 3175 1970 ἀπολαύοντες
3196 1907 3306 1961 τῶν
3339 1911 3403 1963 ἐκ
3432 1909 3533 1979 τῆς
3554 1911 3664 1981 γῆς

2084 1997 2324 2067 ἀγαθῶν,
2363 1998 2563 2069 στήλας
2591 1998 2707 2052 ἀντ’
2747 1997 2972 2049 ἐκείνων
3010 1997 3101 2049 ἐπὶ
3135 1996 3405 2069 θεραπείᾳ
3438 1999 3548 2051 τῶν
3578 2003 3662 2052 εί-

2084 2090 2265 2153 δώλων
2296 2090 2548 2145 ἀνίστων.
2584 2108 2603 2141 ι
2665 2088 2965 2161 Ἐμέρισαν
3000 2089 3224 2161 καρδίας
3253 2090 3453 2144 αὐτῶν.
3496 2109 3514 2141 ι
3547 2091 3663 2144 Καὶ

2084 2181 2317 2251 τοσαύτη
2342 2198 2424 2243 τις
2454 2176 2522 2252 ἦν
2549 2180 2727 2235 αὐτῶν
2752 2183 2784 2253 ἡ
2810 2182 2939 2252 περὶ
2961 2180 3031 2235 τά
3064 2180 3256 2234 εῑδωλα
3290 2181 3477 2250 μανία,
3514 2180 3663 2234 ὥστε

2086 2271 2407 2342 διαιρεῖσθαι
2437 2272 2537 2344 τὴν
2562 2272 2800 2327 διάνοιαν
2825 2273 3010 2335 αὐτοῖς
3042 2273 3102 2324 ὲν
3124 2273 3189 2341 τῇ
3215 2271 3342 2342 περὶ
3366 2270 3434 2323 τὰ
3463 2270 3662 2324 εἴδωλα

2087 2363 2312 2433 σπουδῇ,
2344 2361 2452 2415 τῶν
2487 2363 2584 2434 μὲν
2620 2360 2816 2429 ταῦτα,
2856 2361 2964 2415 τῶν
3002 2361 3064 2415 ,δὲ
3108 2346 3293 2414 ἐκεῖνα
3334 2359 3667 2431 θεραπεύειν
3702 2376 3707 2379 ⁷

2085 2451 2513 2506 ἐσπουδακότων.
2539 2470 2558 2504 ι
2590 2452 2707 2506 Νῦν
2732 2450 3210 2521 ἀφανισθήσονται.
3238 2469 3257 2502 ›
3297 2448 3662 2518 ’Υπομενοῦσι

2084 2542 2141 2595 δὲ
2168 2542 2379 2597 δικαίαν
2405 2543 2545 2613 ὑπὲρ
2584 2543 2791 2598 τούτων
2819 2542 2917 2617 τὴν
2952 2540 3248 2594 ἀταῦλειαν.
3297 2559 3316 2591 ι
3355 2541 3528 2603 Αὐτὸς
3556 2556 3660 2593 κα-
3731 2524 3753 2539 ‘

2086 2633 2353 2703 τασκάψει
2385 2632 2454 2687 τὰ
2483 2633 2844 2706 θυσιαστήρια
2877 2633 3074 2687 αὐτῶν.
3116 2651 3134 2684 ι
3170 2632 3230 2686 Ὀ
3268 2630 3393 2701 γάρ-
3422 2629 3663 2700 ἀμελούο

2094 2741 2254 2794 μενος
2275 2729 2403 2799 παρ’
2426 2726 2604 2781 αὐτῶν
2636 2727 2789 2789 Θεὸς,
2822 2724 2985 2788 αὐτὸς
3013 2723 3325 2794 ἀνατροπὴν
3362 2721 3660 2792 ἐργάσεται

416 2821 631 2879 πάντων
669 2826 899 2891 τούτων,
937 2826 974 2882 a
1003 2828 1141 2898 μετὰ
1184 2822 1436 2885 ἀσεϐείας
1472 2820 1565 2872 ἐπὶ
1597 2822 1663 2890 τῇ
1708 2817 1814 2872 τῶν
1852 2814 2082 2869 εἰδώλων
2132 2814 2360 2872 ἀνίστων
2412 2817 2698 2889 θεραπείᾳ.
2749 2837 2768 2867 ι
2800 2817 3317 2887 Ταλαιπωρήσουσιν
3358 2817 3415 2867 αἱ
3462 2812 3660 2885 στῆλαι

414 2916 612 2973 αὐτῶν.
657 2939 676 2971 ι
718 2920 1188 2993 ’Λσθενήσουσι-δὲ
1218 2920 1468 2973 κάκεῖναι
1500 2914 1929 2986 καθαιρεθεῖσαι.

486 3031 651 3087 Vsus.
687 3033 806 3088 5-5.
828 3065 901 3079 —-
926 3054 951 3086 ι
990 3035 1283 3104 Propterea
1320 3048 1467 3089 nunc
1491 3014 1674 3105 dicent
1700 3049 1713 3084 :
1752 3029 1873 3089 Non
1896 3040 1979 3087 est

2150 3027 2297 3097 Στίχ.
2339 3030 2477 3092 γ’-ε’.
2506 3048 2577 3063 —-
2611 3041 2629 3073 ι
2657 3019 2799 3074 Διότι
2832 3019 2927 3073 νῦν
2958 3015 3189 3090 ἐροῦσινο
3218 3016 3331 3070 Οὐκ
3356 3016 3473 3069 ἔστι
3503 3015 3660 3086 βασι-

417 3138 505 3177 rex
544 3125 723 3188 nobis,
762 3125 889 3195 quia
931 3142 1041 3181 non
1090 3125 1371 3180 timuimus
1413 3123 1603 3180 Deum.
1651 3122 1764 3180 Rex
1800 3129 1982 3177 autem

416 3216 547 3284 quid
581 3216 747 3271 faciet
777 3218 975 3273 nobis?
1003 3217 1256 3286 Loquens
1288 3216 1452 3271 verba
1475 3214 1635 3284 quasi
1661 3222 1985 3290 praetextas,

421 3304 597 3361 foedus
647 3307 918 3377 disponet.
984 3326 1002 3360 ι
1059 3306 1215 3360 Nunc
1265 3306 1408 3361 enim
1460 3303 1981 3362 inconsiderantiam

419 3411 574 3451 suam
605 3406 925 3467 agnoscent,
957 3414 1065 3468 qua
1097 3413 1274 3468 regem
1311 3395 1415 3453 sibi
1438 3395 1763 3465 delegerunt
1789 3400 1986 3464 praeter

419 3485 509 3541 Dei
545 3487 880 3542 voluntatem
920 3508 932 3543 :
968 3498 1021 3543 et
1071 3487 1217 3558 quod
1262 3487 1468 3542 omisso
1503 3486 1700 3540 timore
1743 3482 1857 3548 Dei,
1890 3499 1985 3536 va-

417 3590 554 3630 num
591 3576 860 3646 quoddam
895 3588 950 3634 et
982 3579 1324 3651 illegitimum
1370 3591 1597 3648 regnum
1642 3576 1744 3631 sibi
1776 3574 1989 3631 consti-

416 3676 675 3731 tneruut,
715 3669 980 3727 adversus
1011 3670 1236 3726 Davidis
1273 3670 1679 3728 successionem
1709 3670 1866 3739 juxta
1890 3668 1987 3722 Dei

414 3761 747 3826 promissum
795 3772 1167 3841 regnantem;
1218 3761 1449 3832 ideoque
1491 3769 1546 3818 et
1597 3762 1700 3817 hoc
1740 3760 1983 3831 ipsorum

416 3866 640 3922 regnum
670 3853 906 3909 deletum
941 3862 1050 3919 est,
1084 3869 1384 3926 omnesque
1414 3854 1715 3923 captivitati
1758 3851 1936 3906 traditi
1966 3868 1987 3921 ;,

415 3945 733 4017 nullumque
791 3944 904 4018 48
958 3947 1093 4017 ipsis
1147 3963 1178 4001 a
1210 3963 1337 4020 rege
1393 3962 1495 4003 suo
1556 3946 1982 4002 emolumentum

414 4036 644 4093 exstitit.
697 4035 1064 4095 Nihilominus
1103 4038 1194 4092 hic
1234 4037 1373 4106 (rex)
1417 4034 1778 4090 fraudulentis
1804 4034 1986 4089 verbis

412 4135 596 4189 tuens,
632 4125 944 4195 improbum
989 4125 1165 4184 foedus
1193 4126 1466 4195 quoddam
1503 4140 1629 4179 cum
1673 4125 1780 4183 illis
1814 4124 1985 4178 inive—

416 4224 522 4276 rat,
556 4231 751 4285 nempe
776 4232 811 4269 a
840 4217 948 4273 Deo
980 4216 1296 4281 recedendi,
1321 4224 1375 4271 et
1409 4215 1704 4270 fabricatas
1742 4229 1772 4267 a
1809 4229 1867 4269 se
1890 4213 1983 4282 ju-

2081 3121 2206 3184 λεὺς
2233 3119 2386 3190 ἡμῖν,
2417 3118 2498 3169 ὅτι
2529 3117 2630 3168 οὐκ
2656 3113 3003 3183 ἐφοϐήθημεν
3036 3111 3127 3163 τὸν
3154 3110 3283 3163 Θεόν
3305 3127 3317 3140 ·
3349 3111 3377 3162 ὁ
3408 3108 3464 3161 δὲ
3505 3106 3657 3179 βασι-

2084 3213 2209 3275 λεὺς
2232 3211 2282 3264 τί
2305 3210 2520 3279 ποιήσει
2556 3207 2727 3277 ήμῖν;
2762 3205 2938 3258 λαλῶν
2967 3204 3184 3274 ῥήματα
3208 3200 3506 3272 προφάσεις
3545 3200 3659 3253 δια-

2084 3305 2305 3373 ϐήσεται
2326 3299 2609 3369 διαθήκην.
2634 3315 2653 3347 ›
2688 3295 2801 3348 Νῦν
2817 3294 2925 3364 γὰρ
2943 3292 3292 3362 αἰσθήσονται
3317 3290 3419 3360 τῆς
3448 3289 3659 3343 ἑαυτῶν

2083 3393 2355 3456 ἀϐουλίας,
2402 3389 2525 3461 μεθ’
2558 3384 2626 3460 ἧς
2658 3386 2863 3438 εἴλοντο
2911 3382 3137 3453 βασιλέα
3171 3380 3321 3452 παρὰ
3369 3381 3431 3434 τὸ
3462 3380 3661 3433 δοκοῦν

2083 3485 2159 3555 τῷ
2192 3482 2337 3553 Θεῷ·
2377 3481 2451 3551 (p.
2486 3480 2575 3548 7'5)
2606 3478 2698 3531 καὶ
2734 3478 2816 3528 ὅτι
2854 3474 2992 3544 ὑπὲρ
3017 3468 3090 3527 ὧν
3114 3474 3177 3526 οὐ
3207 3471 3531 3543 φοϐηθέντες
3568 3470 3657 3522 τὸν

2084 3577 2234 3637 Θεὸν,
2266 3572 2541 3645 βασιλείαν
2566 3566 2839 3632 ἀνέδειξαν
2863 3566 3025 3636 κενήν
3051 3582 3173 3617 τινα
3197 3564 3293 3617 καὶ
3319 3562 3654 3634 παράνομον,

2084 3665 2413 3724 ἀπεναντίας
2440 3663 2506 3731 τῇ
2558 3658 2651 3713 τοῦ
2694 3656 2857 3711 Δαυῒδ
2897 3656 3114 3725 διαδοχῇ
3161 3657 3281 3708 κατ’
3325 3652 3658 3721 ἐπαγγελίαν

2087 3756 2441 3830 βασιλευούσῃ
2476 3752 2645 3814 θείαν,
2678 3749 2958 3820 ἀφῄρηται
2996 3748 3094 3819 μὲν
3121 3747 3298 3801 αὐτῶν
3327 3744 3654 3815 ἡβασιλεία,

2084 3845 2432 3916 αἰχμαλωσίᾳ
2472 3843 2529 3896 δὲ
2555 3841 2945 3911 παραδέδονται
2978 3840 3209 3900 πάντες·
3243 3836 3433 3906 κέρδος
3458 3835 3513 3888 δὲ
3554 3836 3654 3890 αὑ-

2085 3942 2197 4002 τοῖς
2240 3940 2303 3990 ἐκ
2330 3935 2422 3989 τοῦ
2445 3934 2706 4006 βασιλέως
2735 3931 3099 4003 προσγέγονεν
3126 3929 3276 3981 οὐδέν
3299 3944 3311 3956 '
3345 3928 3655 3980 τούναντίον

2090 4030 2187 4099 μὲν
2225 4028 2319 4082 οὖν
2377 4026 2672 4097 ἀπατηλοῖς
2718 4024 3062 4095 χρησάμενος
3113 4021 3342 4092 ῥήμασι,
3392 4019 3654 4089 διαθήκην

2090 4120 2366 4193 μοχθηράν
2396 4136 2517 4171 τινα
2551 4118 2664 4187 μετ’
2695 4114 2873 4169 αὐτῶν
2894 4114 3215 4183 ἐποιήσατο·
3241 4111 3380 4165 ῶστε
3415 4109 3654 4178 ἀποστῆ-

2085 4226 2170 4261 ναι
2210 4208 2307 4279 μὲν
2339 4206 2432 4260 τοῦ
2458 4203 2617 4271 Θεοῦ,
2647 4206 2970 4275 προσκυνεῖν
2995 4203 3051 4255 δὲ
3080 4203 3200 4264 ταῖς
3228 4200 3320 4253 ὑπ’
3346 4199 3512 4253 αὐτοῦ
3558 4215 3654 4253 κα-

331 4331 346 4344 ·
413 4319 615 4363 Nencas
643 4306 925 4362 adorandi.
973 4325 999 4360 ι
1034 4307 1257 4363 Orietur
1292 4307 1437 4362 sicut
1466 4320 1691 4376 gramen
1716 4304 1980 4374 judicium

2087 4297 2573 4359 τασκευασθείσαις
2593 4296 2907 4366 δαμάλεσιν.
2933 4313 2949 4344 ι
2987 4292 3263 4346 Ἀνατελεϊ
3281 4292 3356 4355 ὡς
3378 4292 3652 4363 ἀγρωστις
3680 4312 3681 4315 η

311 4456 322 4465 θ
410 4399 469 4451 in
515 4397 726 4455 inculte
768 4412 920 4468 agro.
955 4417 975 4451 ι
1007 4397 1286 4454 Judicabit
1319 4397 1462 4454 Deus
1509 4396 1723 4452 facinus
1766 4396 1983 4451 illorum

2090 4393 2261 4462 κρῖμα
2302 4388 2395 4442 ἐπὶ
2440 4389 2634 4459 χέρσον
2666 4386 2859 4456 ἀγροῦ.
2911 4405 2928 4436 ι
2964 4386 3155 4455 Κρινεῖ
3201 4383 3310 4455 γὰρ
3339 4385 3367 4435 ὀ
3395 4381 3528 4445 Θεὸς
3557 4381 3653 4451 τὴν

412 4486 687 4555 iniquum,
717 4499 933 4556 pmnam
961 4493 1171 4543 tantam
1199 4487 1268 4543 ob
1297 4487 1351 4542 id
1380 4488 1459 4542 eis
1478 4488 1789 4557 imponens,
1820 4494 1880 4540 ut
1901 4482 1987 4540 ef—

410 4576 668 4641 ﬂorescat
688 4578 1113 4649 quodammodo.
1140 4581 1634 4650 gravissimumque
1663 4588 1716 4632 et
1744 4576 1990 4632 terribile

414 4671 669 4729 visurum
692 4671 765 4726 sit
802 4669 896 4726 Dei
923 4679 1115 4725 contra
1149 4671 1250 4725 bos
1283 4671 1551 4741 judicium
1585 4688 1599 4723 ε
1653 4668 1796 4725 haud
1831 4667 1989 4723 aliter

413 4770 579 4824 quam
613 4765 834 4826 repente
862 4766 1049 4815 natum
1085 4759 1140 4813 in
1175 4758 1394 4814 deserto
1426 4758 1546 4814 solo
1576 4744 1826 4827 gramen,
1848 4755 1988 4809 mul-

408 4855 531 4919 tum
584 4848 779 4903 statim
812 4848 1207 4905 incrementum
1256 4850 1418 4918 capit.
1467 4868 1485 4899 ι
1545 4848 1701 4916 Apud
1752 4847 1985 4905 vitulum

407 4935 716 4994 domusOn
746 4938 1129 5001 morabuntur,
1168 4940 1262 5011 qui
1298 4939 1547 4995 habitant
1597 4936 1918 4992 Samariam.
1961 4956 1979 4988 ι

406 5031 749 5099 ,Assidebunt
792 5031 981 5101 utique
1012 5041 1209 5089 omnes
1249 5031 1414 5087 cultis
1460 5044 1489 5083 a
1516 5046 1574 5085 se
1603 5028 1872 5100 iuvencis,
1903 5029 1984 5083 in-

410 5124 734 5191 gruentibus
781 5124 961 5189 ntalis,
992 5123 1114 5191 epis
1161 5122 1396 5193 alicujus
1438 5121 1587 5175 illinc
1630 5119 1984 5189 impetrandae

413 5228 529 5278 spe.
567 5230 586 5262 ε
632 5211 771 5278 Quia
811 5214 948 5268 luxit
991 5227 1157 5285 super
1201 5229 1331 5274 eum
1353 5212 1587 5283 populus
1638 5209 1779 5279 ejus.
1816 5229 1834 5261 ι
1866 5209 1973 5265 Sed

417 5303 619 5354 mulam
645 5302 769 5359 inde
812 5304 1011 5361 referet
1034 5306 1326 5361 utilitatem
1358 5323 1371 5358 :
1406 5304 1516 5357 imo
1546 5303 1728 5374 potius
1754 5307 1808 5356 et
1833 5302 1981 5371 ipsas

414 5393 677 5461 lugebunt
723 5394 1025 5462 juvencas,
1092 5397 1219 5452 dum
1282 5396 1497 5450 illarum
1554 5393 1979 5450 destructionem

408 5490 703 5561 (spectant,
750 5488 1043 5545 terribilem
1083 5476 1390 5552 enimvero,
1446 5486 1685 5543 hostium
1728 5483 1981 5539 manibus

417 5580 805 5645 perpetratam.
852 5595 870 5627 ‹
916 5577 982 5632 Et
1028 5579 1481 5648 quemadmodum
1531 5578 1683 5632 illum
1736 5575 1982 5630 irritave-

416 5676 555 5735 rant,
588 5666 902 5743 gaudebunt
934 5685 1095 5742 super
1128 5670 1299 5744 gloria
1322 5671 1461 5743 ejus.
1495 5689 1514 5722 ›
1542 5664 1765 5724 Multam
1800 5669 1982 5723 hostes

2085 4481 2397 4552 παράνομον
2420 4478 2597 4533 αὐτῶν
2626 4477 2848 4547 τόλμαν,
2873 4472 3130 4545 τοιαύτην
3156 4473 3451 4543 ἐπαγαγὼν
3470 4474 3652 4534 αὐτοῖς

2084 4572 2207 4628 ἀντὶ
2235 4570 2424 4625 τούτου
2470 4570 2568 4639 τὴν
2612 4568 2902 4639 τιμωρίαν,
2934 4567 3010 4629 ὡς
3038 4566 3269 4635 ἀνθῆσαί
3301 4582 3381 4633 τε,
3430 4564 3524 4617 καὶ
3567 4578 3653 4632 με·

2084 4663 2277 4734 γίστην
2315 4662 2439 4715 τινὰ
2473 4662 2566 4715 καὶ
2595 4659 2834 4730 φοϐερὰν
2872 4659 3104 4727 φανῆναι
3142 4657 3240 4726 τὴν
3296 4657 3413 4709 κατ’
3472 4654 3653 4708 αὐτῶν

2085 4741 2593 4826 γενομένηνοιρίσιν
2631 4750 2725 4804 τοῦ
2763 4748 2929 4803 Θεοῦ·
2983 4749 3080 4817 οὐχ
3124 4743 3285 4817 ἦττον
3319 4746 3351 4815 ἢ
3381 4745 3652 4816 ἃγρωστις

2082 4844 2275 4915 ἀθρόον
2306 4846 2501 4912 φυεῖσα
2546 4840 2743 4910 πολλὴν
2771 4841 2828 4891 ὲν
2859 4838 3039 4907 χέρσῳ
3074 4832 3360 4906 ποιήσαιτο
3406 4834 3502 4906 τὴν
3535 4832 3649 4885 ὲπί-

2079 4934 2223 4988 δοσιν
2247 4934 2345 5004 τὴν
2375 4933 2607 4986 οἰκείαν.
2642 4951 2660 4981 ι
2698 4929 2789 4999 Τῷ
2818 4930 3003 4999 μόσχῳ
3032 4925 3127 4980 τοῦ
3155 4925 3305 4980 οἴκου
3339 4926 3435 4978 Ὧν
3462 4940 3650 4995 παροι-

2079 5027 2342 5097 κήσουσιν
2371 5025 2422 5076 οί
2453 5021 2835 5083 κατοικοῦντες
2874 5020 3206 5090 Σαμάρειαν.
3262 5036 3279 5066 ι
3313 5013 3649 5087 Προσεδρεύυ

2081 5134 2235 5172 σουσι
2293 5115 2390 5186 μὲν
2429 5114 2537 5184 γάρ
2577 5114 2817 5174 ἅπαντες
2866 5112 2988 5172 ταῖς
3046 5107 3512 5179 θεραπευομέναις
3558 5105 3649 5157 ὑπ’

2080 5208 2256 5261 αὐτῶν
2289 5205 2553 5276 δαμάλεσι
2593 5203 2701 5257 τῶν
2752 5200 2940 5255 κακῶν
2987 5197 3418 5269 ἐπεληλυθότων,
3479 5193 3649 5246 ἐλπίδι

2087 5299 2180 5354 τοῦ
2206 5301 2351 5363 τινὸς
2377 5299 2561 5367 τυχεῖν
2589 5295 2837 5366 βοηθείας
2870 5292 3097 5345 ἐκεῖθεν.
3141 5308 3160 5340 ‹
3206 5291 3329 5341 Ὀτι
3358 5286 3652 5354 ἐπένθησεν

2086 5390 2114 5442 ὁ
2139 5390 2265 5453 λαὸς
2293 5387 2456 5442 αὑτοῦ
2477 5385 2564 5439 ἐπ’
2594 5384 2776 5438 αὐτόν.
2809 5401 2827 5433 ι
2852 5382 3077 5451 Ὀνησιν
3096 5380 3153 5431 δὲ
3172 5377 3417 5432 ἐντεῦθεν
3439 5376 3648 5440 δέξεται

2086 5482 2338 5553 οὐδεμίαν
2358 5499 2371 5512 ο
2404 5480 2713 5535 τούναντίον
2750 5477 2848 5548 μὲν
2873 5470 2966 5529 οὖν
2997 5474 3089 5528 καὶ
3125 5472 3294 5537 αὐτὰς
3326 5472 3648 5540 πενθήσουσι

2086 5572 2184 5636 τὰς
2209 5571 2487 5642 δαμάλεις,
2512 5570 2588 5640 (p.
2615 5568 2706 5638 74)
2736 5566 2835 5638 τὴν
2869 5564 3185 5635 καθαίρεσιν
3210 5561 3387 5616 αὐτῶν
3418 5559 3650 5631 ὁρῶντες

2091 5664 2323 5735 φοϐεράν
2350 5680 2470 5720 τινα
2512 5663 2630 5728 ταῖς
2658 5658 2762 5715 τῶν
2812 5655 3081 5729 πολεμίων
3117 5654 3405 5725 γινομένην
3438 5646 3639 5723 χερσίν.
