3966 6134
401 278 504 335 181

1596 285 1946 344 THEODORI
1982 290 2459 346 MOPSUESTENI

2307 89 2310 93 ”
2339 89 2378 115 ἢ

3554 299 3649 356 188

401 409 524 450 cam
557 392 642 451 eis
682 393 866 466 itaque
895 397 1060 462 mala,
1089 412 1211 468 quae
1237 399 1592 470 corripiendo
1627 402 1922 470 sufﬁciant,
1952 422 1983 460 a

2097 409 2418 482 Ἀσσυρίων.
2457 427 2476 460 ι
2517 409 2797 463 Παιδεύσω
2825 412 3025 477 αὐτοὺς
3051 412 3193 468 κατά
3232 412 3330 482 τὴν
3363 414 3655 483 ἐπιθυμίαν

401 485 606 555 quibus
659 487 860 542 eruditi
915 489 1137 558 propria
1190 499 1414 560 peccata
1473 502 1794 564 agnoscent.
1839 515 1859 548 ι
1916 496 1980 550 Et

404 578 889 650 congregabuntur
917 594 1083 650 super
1110 595 1208 638 eos
1234 583 1444 653 populi,
1466 599 1590 640 cum
1611 586 1982 656 corripientur

407 676 632 736 propter
661 668 800 724 duas
831 668 1156 740 iniquitates
1190 687 1342 729 suas.
1369 692 1388 726 ι
1425 674 1702 732 Grandem
1735 679 1980 734 hostium

406 759 817 814 multitudinem
861 761 1128 818 adversus
1172 779 1267 819 eos
1317 780 1646 836 congeram:
1687 771 1980 840 corripiam

406 864 504 905 eos
530 853 657 919 quia
695 858 748 906 et
779 867 865 906 me
906 854 1287 923 neglexerunt,
1324 863 1379 910 et
1408 855 1572 911 idolis
1609 857 1980 912 adhaeserunt.

413 959 432 990 ι
473 939 802 1010 Ephrailnus
828 944 999 998 vitula
1037 945 1196 1000 docta
1226 946 1456 1017 diligere
1485 949 1916 1005 contentionem.
1959 968 1978 1002 ι

406 1028 585 1085 lustar
613 1032 796 1087 vitulze
823 1035 1142 1100 resilientis,
1179 1045 1234 1092 et
1267 1053 1527 1107 superare
1560 1039 1860 1095 domitores
1894 1056 1987 1097 vo-

407 1121 593 1185 lentis,
645 1125 727 1178 sic
750 1125 854 1180 iste
891 1141 920 1178 a
971 1126 1080 1181 Deo
1115 1130 1364 1192 recessit,
1403 1143 1504 1183 nec
1551 1130 1655 1198 ipsi
1700 1131 1986 1188 servitutis

409 1211 562 1264 socio
601 1213 821 1269 cedens.
865 1234 883 1265 ι
921 1214 1033 1284 Ego
1072 1223 1251 1269 autem
1293 1219 1506 1271 veniam
1548 1233 1712 1289 super
1746 1221 1987 1290 pulchri-

410 1305 655 1360 tudinem
687 1309 811 1360 colli
849 1309 986 1378 ejus.
1031 1329 1049 1361 ι
1094 1308 1322 1364 Omnem
1369 1312 1418 1364 ei
1459 1311 1858 1368 formositatem
1890 1313 1987 1368 dc-

407 1395 622 1448 traham
652 1436 668 1462 ,
737 1413 841 1466 qua
925 1398 1293 1467 superbiebat.
1365 1418 1385 1452 ι
1434 1399 1742 1457 Ascendam
1822 1419 1988 1473 super

408 1485 786 1553 prraimum.
819 1505 839 1540 ι
893 1487 1176 1557 Tanquam
1223 1490 1406 1546 vitulte
1455 1495 1813 1550 contentiosa:
1852 1496 1987 1551 insi-

409 1583 550 1630 stam
572 1577 778 1631 viribus
801 1580 959 1634 meis.
991 1597 1009 1630 ι
1038 1579 1534 1636 ReticeboJudam.
1555 1601 1574 1634 ι
1601 1583 1795 1638 Judain
1822 1586 1986 1640 omit-

2087 517 2208 572 μου.
2245 520 2264 552 ι
2309 500 2522 567 Ἐπάξω
2555 499 2738 554 τοίνυν
2767 501 2952 567 αὐτοῖς
2979 505 3128 558 κακά
3164 503 3436 558 παιδεύειν
3462 504 3654 570 αὐτοὺς

2083 591 2393 662 ἀρκούντως
2415 590 2688 660 δυνάμενα
2709 606 2720 618 ·
2753 591 2820 644 δι’
2854 583 2929 645 ὧν
2964 593 3344 656 παιδευθέντες
3372 591 3654 664 αίσθήσον-

2083 700 2172 736 ται
2217 682 2318 752 τῆς
2371 679 2581 735 ἐαυτῶν
2626 679 2843 746 κακίας.
2886 701 2906 734 ι
2945 684 3056 736 Καὶ
3105 683 3526 753 συναχθήσονται
3569 684 3656 737 ἐπ’

2083 773 2280 836 αὐτοὺς
2311 771 2430 825 λαοὶ
2463 773 2521 825 ἐν
2547 771 2624 843 τῷ
2659 772 3010 827 παιδεύεσθαι
3038 774 3236 838 αὐτοὺς
3263 775 3319 826 ἐν
3345 775 3466 836 ταῖς
3507 773 3657 827 δυσὶν

2085 860 2320 924 ἀδικίαις
2361 858 2562 914 αὐτῶν.
2615 877 2634 910 ι
2683 858 2826 914 Πολὺ
2856 861 2965 934 γὰρ
2996 861 3271 933 πολεμίων
3316 859 3518 930 πλῆθος
3569 862 3657 914 ἐπ’

2085 952 2281 1014 αὐτοὺς
2314 950 2572 1023 ἁθροίσω,
2627 952 2866 1006 παιδεύω
2917 954 3118 1018 αὐτοὺς
3147 955 3288 1024 ὑπὲρ
3333 947 3408 1006 ὧν
3435 952 3568 1022 ἐμοῦ
3598 971 3659 1006 τε

2085 1039 2341 1112 ἠμέλουν,
2370 1043 2465 1096 καὶ
2491 1044 2604 1105 τοῖς
2624 1041 2862 1108 εἰδώλοις
2893 1047 3200 1117 προσεῖχον.
3231 1062 3251 1096 ι
3302 1044 3540 1114 Ἐφραῒμ
3572 1042 3662 1096 δά-

2089 1133 2248 1202 μαλις
2281 1132 2634 1204 δεδιδαγμένη
2662 1135 2882 1206 ἀγαπᾷν
2904 1138 3104 1199 νεῖκος.
3137 1155 3157 1189 ι
3187 1136 3352 1206 Δίκην
3375 1135 3662 1206 δαμάλεως

2086 1223 2504 1296 ἁποσκιρτώσης
2531 1227 2622 1279 καὶ
2651 1229 3016 1297 κατακρατεῖν
3047 1228 3154 1282 τῶν
3178 1226 3526 1298 δαμαξόντων
3551 1225 3663 1279 ἐθε-

2087 1313 2302 1384 λούσης,
2329 1314 2502 1380 οὔτως
2531 1317 2900 1388 ἀφιστάμενος
2932 1317 3028 1372 τοῦ
3059 1318 3194 1371 Θεοῦ
3241 1318 3335 1370 καὶ
3365 1318 3466 1370 οὐκ
3498 1317 3661 1371 είκων

2085 1404 2163 1474 τῷ
2213 1404 2430 1474 συζύγῳ
2477 1407 2575 1477 τῆς
2622 1407 2885 1470 δουλείας.
2931 1425 2950 1458 ι
3015 1404 3156 1475 Ἐγὼ
3183 1407 3242 1460 δὲ
3292 1405 3664 1475 ἐπελεύσομαι

2088 1495 2179 1547 ἐπὶ
2209 1496 2269 1547 τὸ
2308 1494 2502 1556 κάλλος
2537 1494 2632 1546 τοῦ
2663 1496 2935 1565 τραχήλου
2982 1498 3172 1568 αὐτῆς.
3213 1516 3233 1548 ι
3280 1497 3467 1549 Πᾶσαν
3493 1497 3662 1566 αὐτῆς

2087 1583 2272 1654 ἀφελῶ
2303 1583 2402 1653 τὴν
2429 1583 2782 1654 εὐπρέπειαν,
2817 1587 2903 1654 ἐφ’
3003 1587 3147 1657 μέγα
3189 1587 3424 1657 ἐφρόνει.
3467 1587 3541 1656 (p.
3568 1587 3662 1655 77)

408 1675 542 1733 tam,
596 1667 652 1723 id
696 1679 780 1726 est
821 1672 1231 1730 calamitatibus
1287 1677 1529 1729 exerceri
1583 1677 1786 1741 sinam,
1837 1678 1987 1732 nullo

2096 1693 2114 1725 ι
2137 1673 2396 1727 Ἐπιϐιδῶ
2415 1673 2492 1743 τῷ
2513 1669 2773 1744 Ἐφραῒμ.
2797 1694 2816 1727 ι
2850 1676 3061 1730 Ὠσανεὶ
3082 1677 3364 1747 δαμάλεως
3381 1673 3665 1748 ἐριστικῆς

409 1761 612 1816 auxilio
647 1762 1015 1832 suppeditato.
1074 1762 1230 1819 Sicut
1266 1775 1352 1820 est
1391 1765 1536 1834 apud
1567 1766 1787 1820 beatum
1822 1765 1987 1824 Davi-

2088 1765 2421 1835 ἐπιϐήσομαι
2449 1764 2592 1818 κατὰ
2620 1764 2720 1835 τὴν
2744 1765 2974 1836 δύναμιν
2996 1766 3094 1837 τὴν
3116 1769 3278 1839 ἐμήν.
3314 1784 3332 1818 ι
3370 1769 3666 1839 Παρασιω-

407 1855 562 1909 dem:
614 1871 634 1906 ι
659 1853 739 1909 Ne
765 1863 950 1911 taceas
977 1871 1007 1910 a
1043 1871 1130 1911 me
1147 1857 1215 1921 ³⁸,
1248 1875 1268 1908 ι
1302 1857 1356 1911 id
1379 1865 1484 1922 est,
1523 1874 1592 1912 ne
1620 1873 1707 1914 me
1740 1862 1985 1926 omittas,

2088 1856 2327 1925 πήσομαι
2365 1855 2458 1908 τὸν
2518 1855 2737 1910 Ἰούδαν.
2788 1869 2807 1908 t
2861 1857 3306 1928 Παραπέμψομαι
3350 1855 3549 1913 Ἰούδαν
3601 1860 3665 1912 ἐν

406 1945 537 1999 dum
582 1946 794 2015 asperis
843 1961 1037 2002 versor
1086 1949 1142 2002 in
1187 1949 1371 2006 rebus.
1427 1967 1446 2000 ι
1508 1947 1882 2007 Roborabitur
1937 1953 1987 2009 ei

2088 1947 2273 2008 κακοῖς
2289 1943 2697 2015 ἐξεταζόμενον,
2716 1943 2838 1998 οὐδὲ
2863 1945 2992 2016 μίαν
3009 1943 3160 2014 αὐτῷ
3185 1945 3366 2015 νέμων
3388 1943 3662 2016 βοήθειανο

407 2035 600 2091 Jacob.
634 2053 654 2088 ι
707 2034 1007 2092 Ostendam
1055 2039 1201 2095 vires
1251 2055 1400 2097 meas
1448 2040 1709 2098 universo
1751 2043 1982 2098 lsraeli:

2088 2032 2192 2086 οἷόν
2230 2035 2348 2086 ἐστι
2372 2033 2523 2104 παρὰ
2547 2033 2624 2102 τῷ
2652 2033 2904 2103 μακαρίῳ
2929 2030 3092 2085 Δαυϊδ
3115 2031 3197 2096 τὸ,
3227 2049 3244 2082 ι
3270 2031 3361 2101 Μὴ
3380 2047 3666 2100 παρασιω-

409 2141 593 2198 neque
645 2129 789 2183 enim
841 2130 1142 2184 obscurum
1195 2139 1301 2196 est,
1343 2129 1514 2187 Jacob
1550 2140 1718 2202 atque
1765 2131 1987 2190 lsraelis

2088 2127 2263 2196 πήσῃς
2286 2125 2382 2180 ἀπ’
2409 2123 2566 2194 ἐμοῦ,
2593 2142 2612 2174 ι
2651 2124 2774 2177 ἀντὶ
2804 2123 2923 2188 τοῦ,
2948 2121 3038 2192 Μὴ
3070 2123 3414 2192 παραπέμψῃ
3437 2121 3506 2174 τὰ
3535 2120 3663 2174 κατ’

408 2222 727 2279 nominibus
759 2230 929 2280 totam
959 2221 1276 2278 Iudaeorum
1305 2233 1522 2295 gentem
1556 2228 1890 2296 nuncupari,
1916 2243 1983 2282 ex

2088 2215 2202 2285 ἐμὲ,
2233 2216 2292 2268 ἐν
2314 2214 2573 2284 χαλεποῖς
2596 2212 2980 2282 ἐξεταζόμενον
3008 2213 3344 2282 πράγμασιν.
3372 2233 3388 2262 ι
3415 2211 3666 2280 Ἐνισχύ-

410 2315 497 2370 sui
545 2315 918 2385 progenitoris
967 2314 1172 2385 duplici
1224 2297 1589 2384 appellatione
1624 2317 1697 2372 ita
1733 2319 1986 2372 nomina-

2088 2323 2165 2360 σει
2185 2306 2338 2376 αὐτῷ
2379 2304 2595 2359 Ἰακώϐ.
2627 2323 2646 2356 ›
2689 2304 3060 2374 Ἑπιδείξομαι
3088 2303 3186 2374 τὴν
3216 2305 3368 2374 ἰσχὺν
3393 2303 3491 2372 τὴν
3518 2301 3667 2372 ἐμὴν

409 2414 552 2460 tam:
585 2407 680 2476 qui
706 2413 866 2462 antea
901 2405 1086 2461 dictus
1110 2405 1301 2472 Jacob,
1335 2415 1459 2477 post
1491 2407 1760 2464 visionem
1819 2410 1987 2464 lsrael

2088 2401 2245 2454 παντὶ
2270 2399 2348 2470 τῷ
2381 2397 2602 2469 Ἰσραήλ
2619 2415 2631 2428 ·
2653 2398 2716 2451 ού
2745 2397 2856 2468 γὰρ
2875 2396 3070 2468 ἄδηλον
3095 2397 3179 2449 ὅτι
3207 2397 3304 2450 καὶ
3342 2394 3536 2449 Ἰακὼϐ
3566 2395 3668 2448 καὶ

409 2502 493 2548 est
524 2492 854 2564 appellatus.
894 2493 1051 2548 Sicut
1079 2495 1239 2548 etiam
1270 2495 1415 2565 apud
1440 2496 1659 2550 beatum
1687 2495 1945 2552 Davidem
1969 2516 1984 2550 :

2098 2490 2313 2562 Ἰσραὴλ
2345 2490 2407 2542 τὸ
2437 2490 2588 2552 ἔθνος
2637 2489 2782 2542 ἅπαν
2829 2488 3078 2542 καλεῖται
3108 2487 3218 2542 τῶν
3276 2486 3566 2549 Ἰουδαίων,
3597 2486 3668 2540 ἐκ

415 2603 435 2634 ι
469 2582 642 2655 Elegit
677 2583 935 2639 Davidem
958 2599 1174 2641 servum
1200 2601 1381 2651 suum,
1415 2587 1743 2657 sustulitque
1770 2601 1894 2642 eum
1923 2588 1987 2642 de

2088 2580 2179 2634 τοῦ
2231 2579 2576 2651 προπάτορος
2631 2577 2812 2632 αὐτῶν
2871 2578 3208 2648 ἀμφοτέραις
3269 2575 3668 2645 ὀνομαζόμενον

409 2676 670 2745 gregibus
717 2675 940 2743 ovium;
997 2682 1054 2730 et
1109 2688 1231 2747 post
1279 2678 1533 2732 fmtantes
1576 2678 1793 2747 accepit
1824 2691 1989 2744 eum;

418 2780 645 2834 pascere
668 2763 842 2820 Iacob
865 2779 1084 2822 servum
1117 2780 1302 2830 suum,
1334 2774 1390 2821 et
1410 2764 1668 2823 lsraelem
1701 2767 1989 2822 haeredita-

409 2861 517 2908 tem
535 2867 692 2908 suam
717 2849 818 2924 “‘;
841 2870 864 2906 ι
897 2856 1166 2909 ambabus
1204 2857 1668 2927 appellationibus
1699 2855 1986 2917 Iudaicam

412 2958 627 3016 gentem
656 2951 777 3004 sine
804 2949 973 3004 dubio
1011 2949 1228 3004 dicens.

2088 2675 2207 2735 ταῖς
2243 2671 2636 2744 προσηγορίαις
2659 2686 2673 2701 ·
2706 2669 2764 2734 ὃς
2803 2669 3095 2738 λεγόμενος
3128 2669 3391 2739 πρότερον
3445 2665 3667 2729 Ἰακὼϐ,

2093 2763 2232 2834 μετὰ
2251 2764 2350 2834 τὴν
2372 2761 2640 2815 ὀπτασίαν
2702 2759 2919 2830 Ἰσραὴλ
2947 2759 3224 2830 ἐπεκλήθη
3246 2774 3260 2789 ·
3294 2759 3370 2820 ὼς
3399 2759 3491 2810 κα¹ι
3513 2757 3671 2827 παρά

2088 2855 2166 2926 τῷ
2211 2851 2466 2926 μακαρίῳ
2513 2852 2696 2906 Δαυΐᾶ
2732 2871 2750 2905 ι
2792 2853 3104 2919 Ἐξελέξατο
3147 2852 3311 2905 Δαυῒδ
3342 2851 3433 2904 τὸν
3477 2851 3669 2904 δοῦλον

2089 2948 2278 3012 αὐτοῦ,
2318 2948 2414 3001 καὶ
2457 2945 2721 3000 ἀνέλαϐεν
2772 2945 2936 2998 αὐτὸν
2983 2947 3048 2998 ἐκ
3099 2944 3207 2997 τῶν
3256 2943 3523 3014 ποιμνίων
3557 2943 3671 2994 τῶν

410 3037 718 3110 προϐάτων,
759 3042 1041 3108 ἐξόπισθεν
1099 3042 1206 3098 τῶν
1253 3042 1626 3114 λοχευομένων
1685 3045 2053 3116 προσελάϐετο
2103 3042 2298 3108 αὑτὸν,
2353 3041 2660 3113 ποιμαίνειν
2725 3039 2920 3094 Ἰακὼὸ
2970 3041 3060 3093 τὸν
3114 3039 3298 3093 δοῦλον
3349 3039 3536 3103 αὐτοῦ,
3573 3041 3670 3092 καὶ

423 3128 637 3200 Ἰσραὴλ
664 3131 762 3202 τὴν
790 3131 1151 3206 κληρονομίαν
1185 3137 1380 3191 αὐτοῦ·
1421 3157 1440 3191 ι
1475 3140 1811 3214 ἀμφοτέραις
1840 3141 1960 3205 ταῖς
1983 3139 2381 3212 προσηγορίαις
2397 3137 2460 3190 τὸ
2499 3135 2790 3190 Ἰουδαϊκὸν
2821 3135 2972 3198 ἔθνος
3003 3134 3243 3204 εἰρηκότι
3280 3133 3486 3202 σαφῶς.

483 3217 646 3275 Vens.
692 3221 879 3278 l2—l5.
913 3241 1008 3278 -ι
1061 3225 1340 3286 Sentinate
1385 3227 1546 3288 vobis
1585 3232 1655 3288 ad
1693 3231 1987 3303 justitiam,

2167 3230 2315 3300 ἓτίχ.
2361 3229 2543 3299 ιβ’-ιε’.
2575 3255 2648 3268 --
2675 3243 2696 3279 ι
2727 3218 2996 3297 Σπείρατε
3038 3227 3250 3288 ἑαυτοῖς
3285 3227 3366 3287 εἰς
3387 3223 3665 3276 δικαιοσύ-

411 3314 600 3369 metite
627 3312 694 3368 ad
735 3313 974 3372 fructum
1009 3319 1154 3374 vitae.
1210 3339 1230 3372 ι
1269 3319 1459 3377 Facite
1495 3334 1628 3393 ergo
1658 3325 1990 3380 omnimodae

404 3400 637 3471 iustitia:
687 3417 888 3475 opera;
942 3423 1006 3463 ex
1062 3410 1148 3466 his
1199 3412 1343 3466 enim
1389 3414 1697 3472 seminibus
1748 3415 1989 3470 fructum

412 3493 538 3548 vita:
571 3501 778 3551 metere
813 3499 962 3555 licet.
1017 3518 1038 3553 ι
1086 3502 1385 3560 Accendite
1418 3504 1520 3575 51
1555 3506 1710 3561 vobis
1751 3507 1992 3563 scientiae

411 3586 621 3640 lumen.
661 3605 680 3638 ι
717 3586 856 3642 Dum
899 3601 1117 3662 tempus
1147 3593 1385 3659 habetis,
1417 3597 1670 3653 veritatis
1702 3598 1988 3655 scientiam

411 3679 716 3748 acquirite:
755 3689 880 3736 ante
931 3684 1236 3754 punitiOnis
1285 3695 1520 3758 tempus,
1571 3697 1842 3759 quantum
1873 3691 1990 3747 fieri

412 3771 635 3840 poterit,
687 3774 1011 3841 poenitentia
1067 3777 1320 3833 redimite
1359 3777 1632 3834 malorum
1681 3783 1991 3850 perpessio-

412 3879 562 3917 nem.
616 3881 634 3915 ι
669 3863 906 3930 Quaerite
961 3867 1289 3933 Dominum,
1334 3870 1510 3926 donec
1562 3873 1718 3927 vobis
1770 3872 1991 3926 veniant

411 3953 596 4026 fruges
625 3955 876 4024 justitiae.
923 3977 942 4010 ι
980 3957 1141 4014 Omni
1175 3974 1309 4013 cura
1340 3959 1397 4014 id
1423 3961 1651 4032 satagite
1699 3962 1846 4032 quod
1881 3960 1993 4016 Deo

413 4047 612 4116 placet,
646 4059 704 4104 ut
733 4051 894 4107 vobis
931 4051 1206 4122 justitiam
1240 4053 1446 4108 lucrari
1474 4055 1778 4126 contingat.
1827 4071 1848 4105 ‹
1881 4051 1994 4108 Cur

411 4137 814 4196 dissimulastis
862 4142 1221 4211 impietatem,
1259 4149 1314 4196 et
1361 4141 1600 4196 fructum
1647 4144 1767 4211 ejus
1804 4143 1994 4198 vinde-

414 4228 652 4294 miastis,
701 4230 947 4285 fallacem
995 4233 1234 4287 fructum
1284 4233 1644 4289 comedistis?
1678 4253 1697 4286 ι
1754 4234 1994 4291 Desinite

413 4317 599 4381 facere
652 4323 838 4392 qualia
887 4323 1018 4376 olim
1065 4325 1280 4394 egistis,
1316 4325 1728 4383 dissimulantes
1762 4329 1996 4382 reticen-

2090 3338 2208 3391 νην,
2243 3321 2339 3374 καὶ
2359 3319 2611 3391 θερίσατε
2643 3321 2725 3384 είς
2757 3318 2970 3389 καρπὸν
2994 3317 3158 3386 ζωῆς.
3196 3336 3216 3368 ι
3250 3317 3526 3388 Πράττετε
3551 3318 3668 3370 τοί-

2090 3429 2186 3465 νυν
2213 3411 2249 3466 ﬁ
2281 3410 2461 3481 πάσης
2481 3409 2829 3480 δικαιοσύνης
2852 3410 2999 3462 ἐστὶν
3023 3409 3158 3478 ἔργα
3177 3423 3190 3437 ⁸
3222 3410 3297 3477 (ρ.
3337 3408 3423 3475 78)
3463 3411 3527 3460 ἐκ
3555 3407 3669 3478 γὰρ

2090 3501 2198 3554 τῶν
2225 3499 2480 3555 τοιούτων
2514 3499 2846 3570 σπερμάτων
2889 3497 3063 3552 ἔνεστι
3109 3499 3252 3568 ζωῆς
3288 3495 3500 3567 θερίσαι
3531 3513 3671 3566 καρ·

2093 3591 2212 3645 πόν.
2250 3609 2268 3643 ι
2308 3589 2579 3648 Qte-time
2615 3591 2832 3652 ἑαυτοῖς
2859 3587 2973 3658 φῶς
3003 3591 3278 3656 γνώσεως.
3318 3607 3340 3640 ι
3373 3589 3519 3650 Ἕως
3549 3587 3669 3640 ἔστι

2093 3682 2302 3753 καιρὸς,
2336 3682 2434 3753 τῆς
2458 3681 2716 3751 ἀληθείας
2749 3679 3037 3751 μετέλθετε
3059 3680 3159 3750 τὴν
3187 3679 3409 3748 γνῶσιν,
3437 3679 3540 3750 πρὸ
3567 3678 3669 3732 τοῦ

2091 3773 2282 3845 καιροῦ
2320 3774 2419 3842 τῆς
2444 3773 2737 3843 τιμωρίας,
2777 3773 2838 3825 ἐν
2870 3772 2980 3842 ὅσῳ
3007 3770 3229 3824 δυνατὸν
3265 3769 3670 3841 μεταμεληθέν-

2090 3883 2212 3932 τας,
2247 3865 2506 3935 κερδᾶναι
2540 3864 2649 3916 τῶν
2683 3863 2873 3916 κακῶν
2909 3863 3008 3933 τὴν
3049 3865 3264 3932 πεῖραν.
3317 3878 3338 3911 ε
3401 3859 3670 3930 Ἐκζητή-

2095 3976 2220 4012 σατε
2248 3959 2337 4011 τὸν
2382 3957 2586 4028 Κύριον
2626 3955 2731 4019 ἕως
2762 3955 2856 4007 τοῦ
2891 3953 3064 4007 ἐλθεῖν
3089 3954 3216 4024 ύμῖν
3243 3953 3561 4022 γεννήματα
3587 3951 3670 4005 δι-

2093 4047 2404 4117 καιοσύνης.
2443 4066 2464 4100 ι
2492 4046 2751 4117 ⁴Ιῡροντίδα
2777 4046 2955 4098 πᾶσαν
2982 4042 3280 4114 ποιήσασθε
3305 4042 3415 4096 τῶν
3441 4039 3521 4112 τῷ
3545 4041 3668 4112 Θεῷ

2091 4138 2412 4204 δοκούντων,
2460 4138 2536 4201 ὡς
2579 4137 2644 4191 ἀν
2688 4137 3044 4210 προσγένοιτο
3091 4136 3220 4203 ὑμῖν
3262 4133 3668 4205 καρπώσασθαι

2092 4230 2189 4301 τὴν
2216 4228 2582 4298 δικαιοσύνην.
2610 4248 2629 4280 ι
2667 4229 2786 4282 ἰνα
2815 4228 2866 4281 τί
2896 4227 3355 4297 παρεσιωπήσατε
3384 4223 3663 4290 ἀσέϐειαν,

2093 4324 2186 4376 καὶ
2218 4322 2308 4376 τὸν
2340 4320 2551 4392 καρπὸν
2589 4320 2758 4389 αὐτῆς
2788 4320 3147 4390 ἐτρυγήσατε,
3183 4317 3416 4386 ἐφάγετε
3451 4317 3668 4385 καρπὸν

411 4425 607 4484 tesque
634 4413 689 4468 in
730 4421 883 4468 tanta
914 4427 1036 4484 quae
1074 4414 1236 4469 fiebat
1288 4415 1586 4485 impietate,
1631 4433 1755 4472 cum
1801 4427 1987 4475 contra

2089 4414 2292 4484 ψευδεῖμ
2333 4433 2350 4465 ›
2389 4411 2678 4465 Παύσασθε
2707 4411 2770 4481 δὴ
2793 4411 2887 4463 τοῦ
2923 4408 3148 4462 τοιαῦτα
3176 4410 3348 4462 ποιεῖν
3367 4425 3381 4440 ·
3416 4411 3578 4462 ὁποῖα
3599 4408 3667 4479 δὴ

414 4507 464 4561 ei
501 4504 854 4561 irascendum
903 4503 1121 4571 fuisset,
1171 4521 1238 4560 ex
1286 4521 1396 4574 qua
1427 4505 1663 4562 fructum
1712 4525 1900 4565 errore
1929 4527 1987 4565 ac

2092 4507 2154 4559 τὸ
2193 4506 2458 4577 πρότερον
2487 4507 2742 4564 ἐποιεῖτε,
2776 4503 3274 4573 παραπεμπόμενοί
3317 4517 3378 4556 τε
3405 4501 3499 4554 καὶ
3534 4502 3668 4570 ἡσυ-

414 4609 744 4654 nocumento
789 4597 1009 4667 plenum
1050 4599 1362 4668 carpsistis.
1411 4619 1432 4652 ι
1467 4600 1606 4666 Quia
1649 4603 1885 4669 sperasti
1929 4605 1984 4658 in

2089 4597 2354 4668 χάζοντες.
2373 4597 2468 4650 ἐστὶ
2491 4594 2717 4663 ἀσεϐείᾳ
2759 4593 3060 4665 γιγνομένῃ
3084 4593 3342 4663 τοσαύτῃ,
3367 4593 3486 4646 δέον
3523 4592 3667 4659 ἀγα-

412 4689 672 4744 t'urribus
707 4691 842 4754 tuis,
871 4690 927 4742 in
958 4691 1304 4744 exercituum
1337 4699 1556 4745 tuorum
1589 4692 1939 4748 multitudine
1967 4713 1983 4761 ;

2090 4691 2307 4743 νακτεῖν
2333 4689 2420 4741 ἐπ’
2448 4687 2609 4756 αὐτῇ,
2631 4680 2700 4758 ἧς
2725 4686 2816 4738 τὸν
2844 4685 3056 4755 καρπὸν
3086 4683 3420 4754 ἐκομίσασθε
3448 4682 3667 4750 ἀπάτης

413 4793 544 4834 cecc
578 4780 787 4834 orietur
830 4780 1067 4848 perditio
1095 4782 1304 4850 pepulo
1332 4789 1446 4844 tuo,
1482 4791 1541 4836 et
1575 4797 1767 4840 omnes
1799 4786 1983 4839 muni-

2090 4781 2182 4834 καὶ
2205 4779 2410 4850 βλάὸης
2425 4777 2641 4848 μεστόν.
2665 4797 2684 4828 ι
2710 4777 2832 4830 Ὅτι
2861 4776 3094 4846 ἤλπισας
3118 4777 3176 4830 ἐν
3193 4778 3305 4837 τοῖς
3327 4772 3666 4845 ἂρμασίῌθ)

414 4872 592 4927 tiones
625 4877 731 4923 tua:
774 4868 1144 4923 destruantur.
1193 4887 1214 4920 ι
1248 4867 1327 4922 Tu
1360 4870 1581 4939 quidem
1626 4873 1987 4929 existitnabas

2090 4889 2206 4937 σου,
2251 4872 2309 4924 ὲν
2349 4869 2542 4941 πλήθει
2575 4868 2856 4939 δυνάμεων
2911 4884 3041 4921 σουο
3093 4868 3190 4922 καὶ
3237 4865 3662 4936 ἐξαναστήσεται

519 5030 566 5066 ³⁸
600 5027 747 5086 Psal.
781 5043 951 5096 uvn,
982 5029 1036 5084 l.
1111 5028 1178 5060 ³⁸·
1209 5033 1350 5089 Psal.
1380 5048 1579 5099 Lxxvn,
1615 5032 1702 5089 76.

483 5184 596 5256 (i0)
630 5181 1142 5256 Animadvertamus
1192 5176 1528 5256 praeclaram
1556 5175 1844 5256 lectionem
1883 5178 1982 5248 ἂρ.

416 5246 858 5327 μα’σι,ὀιιτνὶὺιιε,
892 5263 1056 5327 quam
1085 5262 1273 5318 reapse
1305 5246 1536 5327 requirit
1568 5248 1825 5327 versiculi
1859 5246 1987 5327 con-

414 5315 596 5379 textus
643 5330 697 5375 et
745 5315 863 5377 mos
910 5315 1152 5375 'biblicns
1181 5315 1541 5387 'geminamli
1569 5317 1896 5387 sententiam
1933 5319 1985 5372 in

412 5391 802 5448 bemistichiis.
857 5385 1229 5444 Conlinnatur
1257 5387 1375 5442 ιι.το
1423 5385 1584 5442 lectio
1638 5386 1879 5440 curribus
1920 5391 1987 5439 ait

415 5461 658 5519 Arabico
701 5461 998 5528 interprete
1032 5460 1088 5513 in
1121 5457 1463 5528 Polyglottis,
1501 5471 1714 5528 necnon
1757 5457 1849 5528 ab,
1881 5457 1986 5509 lta-

416 5535 522 5589 lica
555 5541 759 5590 vetere,
783 5525 904 5582 eta.
930 5525 1023 5581 Gr.
1047 5529 1199 5580 Alex.
1223 5525 1279 5581 et
1294 5526 1516 5581 Barber.
1567 5526 1709 5594 apud
1762 5525 1986 5578 Subnte-

2085 5188 2246 5247 atque
2287 5181 2406 5252 ipse
2443 5172 2749 5262 ﬂebrajcus
2790 5188 2995 5262 textus,
3037 5182 3160 5262 plus
3185 5180 3374 5262 minus
3401 5180 3465 5262 ad
3511 5178 3664 5262 Quc-

2085 5266 2204 5304 eam
2239 5249 2594 5307 coinmunem
2619 5253 2908 5307 lectionem
2948 5249 3237 5305 a'cc'etlunt.
3270 5249 3375 5304 Sed
3415 5258 3469 5303 et
3496 5252 3663 5304 aliam

2086 5324 2402 5378 varietatem
2445 5336 2554 5375 non
2594 5321 2965 5377 reticebimus.
2999 5322 3168 5376 Retro
3215 5321 3370 5374 enim
3403 5335 3456 5389 p.
3488 5321 3576 5383 44,
3605 5337 3661 5375 v.

2087 5392 2259 5444 ult.in
2295 5399 2444 5447 textu
2490 5392 2690 5446 biblico
2721 5400 2838 5445 erat
2887 5390 3105 5451 σκοπόν,
3173 5398 3330 5458 prout
3385 5391 3543 5457 vulgo
3604 5391 3662 5443 in

2084 5461 2415 5515 ciiitionibus
2453 5460 2695 5525 Graecis;
2737 5472 2790 5513 at
2826 5461 3240 5529 Mopsuesteuus
3277 5459 3329 5511 in
3381 5470 3666 5511 emunien-

2085 5530 2226 5600 t-nrio
2271 5531 2685 5584 demonstrabat
2726 5545 2785 5582 se
2823 5532 3016 5600 legisse
3063 5529 3226 5581 σῦκον
3263 5529 3440 5600 ﬁcum,
3495 5541 3664 5600 quam

421 5604 589 5669 rium.
625 5598 1035 5669 Attamen__ipse
1064 5597 1234 5650 codex
1251 5597 1470 5669 celeber
1491 5594 1613 5669 Yat.
1659 5595 1816 5657 59.09,
1861 5611 1983 5669 cum
2095 5599 2432 5669 verissimam
2465 5600 2828 5669 Mopsuestenl
2855 5594 3138 5654 lectionem
3172 5594 3495 5669 confirmant
3516 5598 3665 5669 itala

415 5673 541 5740 cjus
565 5668 810 5740 Romana
830 5664 1090 5730 editione,
1110 5673 1162 5716 et
1176 5667 1454 5740 communi
1485 5664 1676 5719 Grzeco
1700 5671 1868 5740 textu,
1899 5665 1987 5716 lia-
2099 5666 2228 5740 Lat.
2256 5677 2372 5740 vel.
2392 5664 2571 5736 ficum,
2611 5671 2822 5737 vulgata
2853 5670 2967 5740 Lat.
3000 5669 3171 5735 prima
3202 5682 3357 5733 poma
3399 5665 3667 5733 ﬁculnus,

423 5734 553 5801 bent
586 5737 969 5811 ἁμαρτήμασι,
989 5735 1238 5807 peccatis.
1266 5734 1489 5792 Veteres
1509 5740 1688 5789 autem
1711 5735 1989 5789 vcrsioncs
2101 5746 2153 5791 et
2189 5737 2268 5794 sic
2290 5734 2592 5794 Orientales
2619 5734 2889 5794 variarum
2911 5734 3214 5809 linguarum
3247 5743 3444 5790 textus.
