3966 6134
428 248 521 305 191
572 286 581 299 ε
1522 244 1871 299 TllEODOBI
1917 240 2393 299 MOPSUFSTPLNI
3030 235 3037 239 ’
3573 235 3735 292 192‘

423 362 538 413 tlur
598 372 726 415 vero
782 359 1058 429 patientur
1108 358 1272 415 haec?
1333 377 1351 410 ι
1384 357 1652 425 Quoniam
1705 357 2031 416 noluerunt,

2130 354 2319 416 εάντως
2347 351 2523 406 αὐτῶν
2578 351 2795 405 ἐκείνοι.
2829 350 3013 404 Ταῦτα
3046 348 3103 404 δὲ
3156 348 3432 402 πείσονται
3462 348 3549 401 διὰ
3579 348 3635 401 τί
3659 361 3693 415 ;

427 449 693 505 converti.
736 469 755 503 ι
812 450 952 515 Quia
994 450 1224 513 ﬁrmiter
1262 450 1317 503 in
1356 450 1563 504 malitia
1611 464 1709 505 sua
1747 464 2000 519 perseve-

2169 447 2291 497 Ὅτι
2317 444 2415 496 οὐκ
2448 442 2719 513 ἠθέλησαν
2747 440 3094 511 ἐπιστρέψαι.
3128 460 3146 493 ι
3167 440 3386 509 Ἐπειδὴ
3409 438 3699 495 ἅνένδοτοι

429 546 646 605 rarunt,
687 538 891 593 nullam
930 553 1041 608 pra:
1074 554 1133 597 se
1168 540 1308 594 ferre
1351 539 1703 594 mutationem
1733 540 1998 597 volentes.

2130 534 2480 605 ιεμενήκασιν
2532 534 2592 586 ἐν
2634 534 2705 604 τῇ
2753 531 2961 585 ἑαυτῶν
3003 530 3196 601 κακίᾳ,
3230 528 3532 600 μεταϐολὴν
3557 530 3700 583 οὐδὲ

434 646 454 678 ι
490 627 558 682 Et
596 627 912 687 debilitatus
954 639 1037 688 est
1085 631 1267 703 gladio
1300 633 1356 686 in
1407 631 1723 687 civitatibus
1762 632 1901 695 suis,
1942 639 2004 687 et

2130 630 2235 683 ιίαν
2262 626 2631 692 ἐπιδείξασθαι
2669 622 3041 695 βουληθέντες.
3085 640 3104 673 ι
3142 622 3253 677 Καὶ
3283 619 3586 690 ἠσθένησεν
3620 620 3703 672 ἐν

430 721 669 771 cessavit
718 720 976 776 manibus
1037 720 1177 776 suis.
1214 741 1233 775 ι
1295 722 1482 795 Itaque
1528 722 1823 793 pugnando
1875 737 2002 776 eum

2130 718 2349 789 iopcpaiq.
2397 718 2453 770 ἐν
2498 719 2615 778 ταῖς
2640 714 2858 768 πόλεσιν
2888 710 3077 776 αὑτοῦ,
3122 714 3218 769 καλ⁸
3256 713 3598 766 κατέπαυσεν
3625 713 3703 765 ἐν

370 805 379 814 ’
432 806 683 864 hostibus
726 808 862 863 nihil
897 810 1179 874 valebunt,
1233 826 1410 881 neque
1444 812 1608 865 ullam
1652 811 1848 875 salutis
1875 826 2003 881 par-

2130 804 2235 872 ταῖς
2250 809 2440 879 χερσὶν
2468 806 2656 863 αὑτοῦ.
2700 824 2719 858 ι
2757 803 3059 874 Τοιγαροῦν
3084 803 3236 858 οὐδὲν
3271 802 3549 872 ἰσχύσουσι
3578 820 3707 871 μα-

433 906 542 950 tem
587 896 905 957 civitatibus
935 902 1053 957 suis
1101 901 1578 972 conferent:quia
1623 915 1775 957 arma
1818 903 2004 959 omnia

2130 899 2324 970 εόμενοι
2352 898 2487 969 πρὸς
2541 898 2666 961 τοὺς
2711 895 3028 965 πολεμίως,
3067 894 3188 953 οὑδὲ
3218 911 3339 949 τινα
3387 893 3702 966 παρέξουσι

433 985 726 1059 omnisque
758 999 1069 1061 apparatus
1113 992 1366 1056 bellicus,
1417 991 1692 1047 invalidus
1741 1007 2004 1063 superva-

2130 992 2225 1053 ταῖς
2240 989 2448 1043 ἑαυτῶν
2477 988 2666 1042 πόλεσι
2680 986 2952 1057 σωτηρίαν
2974 1004 2984 1015 ·
3011 984 3200 1053 ἐπειδὴ
3221 985 3499 1041 πάντα.τά
3519 986 3700 1051 ὅπλα,

435 1092 685 1147 citusque
716 1078 1009 1142 videbitur,
1042 1096 1129 1138 me
1169 1083 1455 1138 resistente
1496 1082 1566 1137 ob
1594 1097 1783 1138 eorum
1816 1084 2005 1153 nequi-

2130 1082 2202 1134 ιαλ⁵
2247 1082 2394 1135 πᾶσα
2446 1079 2766 1152 παρασκευὴ
2808 1077 3078 1147 πολεμικὴ
3103 1077 3291 1140 ἄτονος
3322 1078 3417 1130 καὶ⁹
3447 1077 3699 1149 περιττὴ

439 1165 591 1231 tiam,
645 1181 928 1243 poenaeque
969 1184 1137 1226 causa
1185 1170 1488 1228 addueente
1544 1173 1678 1242 ipsis
1722 1173 2004 1245 Assyrios.

2130 1173 2381 1239 ρανεῖται,
2439 1167 2896 1238 ἀντιπράττοντος
2951 1165 3050 1234 μὲν
3077 1166 3263 1230 αὐτοῖς
3307 1164 3441 1236 ἐμοῦ
3469 1165 3558 1220 διὰ
3585 1166 3705 1236 τὴν
3744 1199 3757 1205 -

2109 1258 2287 1315 αὑτῶν
2316 1259 2536 1322 κακίων,
2559 1259 2856 1326 ἐπάγοντος
2884 1256 2941 1310 δὲ
2966 1257 3150 1319 αὐτοῖς
3176 1257 3270 1310 ἐπὶ
3299 1257 3541 1327 τιμωρίᾳ
3558 1259 3703 1318 τοὺς

440 1362 563 1400 rum
589 1362 815 1404 suorum
845 1349 1086 1407 fructum
1118 1352 1358 1424 capient,
1384 1353 1551 1425 digno
1584 1354 1763 1411 aﬂ‘ecti
1805 1356 2013 1427 suppli-

2130 1351 2462 1422 Ἀσσυρίους.
2511 1367 2530 1400 ι
2560 1349 2670 1404 Καὶ
2709 1348 2973 1417 φάγονται
3004 1349 3069 1401 ἐκ
3107 1347 3216 1403 τῶν
3240 1347 3558 1410 διαϐουλίων
3585 1349 3700 1400 αύ-

439 1435 548 1490 cio.
592 1453 612 1488 ι
640 1435 705 1491 Ει
733 1438 965 1507 populus
987 1439 1109 1508 ejus
1140 1455 1445 1510 suspensus
1478 1441 1533 1497 in
1557 1440 1798 1496 incolatu
1830 1456 1953 1496 suo.
1984 1460 2007 1494 ι

2130 1441 2238 1498 πῶν.
2274 1461 2294 1495 ι
2331 1441 2465 1495 Τῶνη
2500 1439 2718 1494 οἰκείων
2768 1438 3153 1510 βουλευμάτων
3202 1439 3592 1503 ἀπολαύσουσι,
3618 1457 3704 1491 τι-

438 1525 560 1581 Νοη
605 1528 755 1583 enim
806 1530 1103 1587 manebunt
1144 1533 1202 1587 in
1255 1532 1478 1603 proprio
1523 1533 1785 1600 incolatu,
1836 1547 2013 1607 neque

2130 1533 2322 1604 ιωρίαν
2353 1533 2716 1603 ὑπομένοντες
2749 1530 2927 1598 ἀξίαν.
2960 1548 2983 1582 ι
3022 1531 3130 1584 Καὶ
3160 1532 3187 1583 ὁ
3210 1531 3336 1594 λαὸς
3371 1530 3535 1585 αὑτοῦ
3568 1535 3703 1582 ἐπιο

439 1624 618 1672 tutum
666 1619 773 1675 sibi
817 1620 1191 1683 habitaculum
1237 1623 1551 1693 habebunt,
1596 1625 1854 1695 quoniam
1886 1638 2013 1680 eos

2130 1624 2454 1696 ιεκραμένος
2489 1625 2557 1679 ὲκ
2607 1623 2706 1694 τῆς
2747 1622 3030 1685 κατοικίας
3056 1622 3242 1676 αὑτοῦ.
3283 1641 3302 1675 υ
3334 1622 3409 1681 Οὐ
3447 1624 3556 1692 γὰρ
3590 1638 3703 1691 με·

440 1723 633 1767 omnes
670 1716 933 1783 tanquam
952 1714 1221 1783 pendulos
1251 1690 1565 1786 nullamque
1602 1690 1779 1773 basim
1802 1712 2012 1775 baben-

2130 1690 2413 1770 ioﬁctv'én‘.
2436 1714 2537 1789 τῆς
2559 1690 2825 1785 οἰκήσεως
2862 1712 2964 1783 τῆς
3006 1713 3165 1779 ἰδίας,
3199 1713 3321 1766 οὑδέ
3358 1690 3599 1781 ἀσφαλὲς
3635 1712 3711 1764 τὸ

439 1804 547 1862 tes,
580 1798 764 1856 subito
797 1802 1103 1873 corripiens
1126 1803 1387 1876 Assyrius
1409 1804 1466 1859 in
1495 1806 1868 1877 captivitatem
1898 1807 2015 1861 abi.-

2130 1806 2530 1876 ιατοικητήριον
2545 1804 2728 1871 ἕξουσι
2739 1803 2799 1856 τὸ
2820 1803 3012 1859 αὐτόθι
3032 1820 3046 1834 ·
3072 1803 3259 1874 ἐπειδὴ
3272 1803 3479 1869 πάντας
3493 1804 3707 1865 αὐτοὺς

439 1896 548 1958 get.
584 1907 606 1941 ι
637 1888 704 1944 Ει
726 1889 872 1948 Deus
902 1908 1070 1962 super
1095 1895 1333 1964 pretiosa
1357 1895 1479 1965 ejus
1511 1898 1800 1963 irascetur,
1821 1905 1877 1955 et
1906 1914 2016 1955 non

2130 1898 2301 1968 ὒσπερ
2317 1898 2611 1968 ἐκκρεμεῐς
2643 1896 2824 1960 ὄντας,
2861 1896 2953 1949 καὶ
2974 1895 3094 1948 οὑδὲ
3114 1895 3243 1964 μίαν
3269 1894 3491 1965 ἔχοντας
3513 1894 3703 1965 βάσιν,

442 1978 708 2034 exaltabit
754 1996 900 2036 eum.
937 2001 956 2035 ο
1007 1983 1297 2061 Quidquid.
1341 1987 1485 2058 apud
1539 2003 1665 2043 eum
1716 1990 2016 2060 pretiosum

2130 1987 2310 2057 ὶθρόον
2359 1986 2712 2057 συναρπάσας
2755 1988 2783 2039 ὁ
2850 1985 3137 2056 Ἀσσύριος
3173 1988 3253 2048 είς
3313 1985 3706 2057 αἰχμαλωσίαν

442 2075 550 2133 εει,
599 2077 658 2125 et
704 2070 901 2129 affectu
948 2074 1172 2147 dignum
1214 2076 1451 2143 videtur,
1496 2079 1605 2136 hoc
1648 2080 1791 2149 Deus
1834 2080 2019 2137 furore

2130 2076 2335 2143 Ξιπάξει.
2387 2077 2464 2147 (p.
2500 2075 2591 2146 82)
2635 2095 2654 2129 ι
2688 2074 2801 2129 Καὶ
2834 2077 2863 2129 ὁ
2889 2074 3023 2138 Θεὸς
3054 2075 3146 2127 ἐπὶ
3196 2074 3266 2129 τὰ
3315 2074 3476 2145 τίμια
3524 2073 3707 2127 αὐτοῦ

445 2173 547 2212 suo
576 2158 842 2228 destruet,
863 2163 1042 2221 donec
1063 2165 1132 2221 ad
1161 2174 1460 2223 extremam
1484 2169 1762 2226 miseriam
1788 2177 2019 2227 cunctos

2130 2167 2523 2240 θυμωθήσεται,
2554 2168 2651 2221 καὶ
2673 2167 2735 2220 οὑ
2755 2169 2834 2238 μὴ
2861 2165 3050 2238 ὑψώσῃ
3080 2166 3296 2220 αὐτόν.»
3316 2167 3431 2220 Πᾶν
3444 2166 3562 2236 γὰρ
3593 2166 3624 2218 ὃ
3646 2164 3709 2219 τί

446 2248 679 2320 τεάίϐίη·
2126 2277 2259 2315 ποτε
2297 2262 2427 2332 παρ’
2451 2258 2603 2330 αὐτῷ
2645 2259 2827 2331 τίμιόν
2871 2277 2932 2313 τε
2962 2260 3057 2314 καὶ
3103 2258 3337 2328 σπουδῆς
3362 2258 3521 2339 κάξιον
3552 2253 3706 2315 εἶναι
3810 2298 3814 2303 .

444 2338 614 2407 δοκεῖ,
664 2340 826 2410 τοῦτο
858 2346 887 2399 ὀ
922 2346 1055 2412 Θεὸς
1103 2348 1325 2421 ἀφανιεί
1367 2349 1446 2422 τῷ
1496 2350 1656 2425 θυμῷ
1696 2352 1776 2426 τῷ
1798 2355 1983 2429 οἰκείῳ
2010 2371 2024 2389 ·
2085 2352 2227 2407 ὥστε
2278 2353 2416 2424 πρὸς
2460 2351 2560 2422 τὴν
2613 2349 2850 2421 ἐσχάτην
2911 2349 3241 2405 ταπείνωσιν
3279 2338 3523 2413 ἅπαντας
3562 2351 3712 2419 ἀγα-

446 2432 585 2483 γεῖν.
3482 2444 3487 2449 λ

446 2444 585 2496 γειν.
3482 2444 3487 2449 ’

444 1276 463 1308 ι
497 1256 561 1312 Et
594 1259 877 1318 comedent
913 1260 981 1316 de
1020 1261 1445 1331 cogitationibus
1497 1264 1639 1320 suis.
1676 1283 1695 1315 ι
1731 1264 2007 1321 Consilio-

522 2561 686 2617 Vns.
732 2563 787 2631 8,
837 2564 890 2622 9.
918 2596 992 2610 -—-
1035 2567 1222 2637 «Quid
1272 2572 1371 2628 tibi
1416 2571 1637 2641 faciam,
1692 2574 2025 2648 prraime?

2187 2574 2337 2646 Στίχ.
2375 2576 2447 2646 η’,
2467 2572 2530 2628 θ’.
2555 2602 2625 2614 --
2647 2590 2667 2625 ι
2694 2572 2762 2626 Τί
2784 2591 2842 2628 σε
2858 2556 3048 2640 διαθῶ,
3086 2569 3350 2643 Ἐφραῖμ;
3377 2564 3715 2636 ὑπερασπιῶ

450 2660 729 2726 protegam
770 2663 826 2711 te
856 2656 1064 2716 Israel?
1099 2681 1121 2715 ι
1153 2661 1297 2728 Quid
1326 2678 1357 2719 a
1406 2681 1491 2720 me
1519 2666 1618 2723 tibi
1651 2668 1768 2724 ﬁeri
1807 2681 2021 2741 oportet

2130 2685 2239 2731 που,
2262 2664 2508 2743 Ἰσραὴλς
2535 2684 2553 2717 ι
2582 2660 2747 2719 Ἀλλά
2764 2661 2872 2731 γάρ
2902 2660 2955 2711 τί
2988 2674 3055 2728 με
3090 2660 3363 2728 προσῆκεν
3388 2657 3478 2709 ἐπὶ
3508 2658 3715 2708 τοσού-

449 2745 521 2799 ob
546 2745 687 2801 talia
729 2756 989 2820 tantaque
1039 2753 1224 2808 mala?
1260 2753 1499 2812 Ferrene
1536 2772 1696 2828 opem
1745 2760 1799 2815 in
1850 2764 2023 2817 maxi-

2130 2777 2232 2822 τοις
2269 2756 2362 2811 κοιλ¹
2399 2752 2741 2825 τηλικούτοις
2771 2752 2960 2814 κακοῖς
2996 2747 3398 2819 διαπράξασθαι
3442 2745 3570 2819 περὶ
3612 2745 3712 2808 σές

450 2835 559 2890 niis
576 2837 737 2894 malis
755 2844 1094 2899 constituto?
1120 2862 1139 2896 ι
1160 2844 1305 2911 Quid
1329 2847 1425 2903 tibi
1449 2846 1667 2915 faciam,
1692 2849 2022 2921 Ephraime?

2130 2847 2387 2921 βοηθῆσαί
2434 2862 2517 2899 σοι
2563 2843 2638 2907 ὡς
2685 2848 2742 2897 ἐν
2771 2842 3049 2913 μεγίστοις
3082 2839 3454 2910 ἐξεταζομένῳ
3483 2841 3721 2913 κακοῑς;

448 2922 609 2980 Sicut
659 2928 883 2986 Adams:
934 2934 1034 2990 tibi
1089 2935 1317 3005 iaciam,
1363 2948 1419 2995 et
1479 2940 1624 2996 sicut
1687 2941 1962 3000 Seboimo.
1997 2963 2016 2997 ι

2130 2961 2146 2993 ι
2176 2941 2246 2994 Τί
2274 2957 2335 2993 σε
2372 2935 2558 3002 διαθῶ,
2594 2933 2960 3005 Ἐφραΐμ;ὠς
2993 2932 3213 3002 Ἀδαμα
3248 2929 3482 3000 θήσομαί
3516 2946 3574 2981 σε
3604 2930 3717 2981 καὶ

450 3015 675 3073 Auxilio
716 3030 871 3077 certe
901 3029 956 3079 te
993 3025 1222 3097 dignum
1264 3044 1372 3083 non
1410 3030 1629 3101 judico;
1659 3042 1851 3089 contra
1897 3051 2025 3091 vero

2130 3030 2197 3095 ὡς
2226 3028 2476 3099 Σεϐοείμ.
2517 3046 2535 3078 ι
2580 3024 2719 3079 ’Λλλ⁹
2777 3024 2991 3079 ἐκείνου
3042 3040 3105 3091 γε
3163 3022 3262 3074 οὐκ
3300 3020 3428 3074 ὄντα
3463 3036 3522 3073 σε
3550 3016 3743 3093 ἀξιον

451 3106 681 3198 dignum
737 3111 837 3167 tibi
877 3113 1193 3185 impositum
1238 3120 1307 3175 iri
1357 3123 1686 3192 supplicium
1727 3139 2023 3198 cognosco,

2130 3122 2305 3191 τυχεῖν
2338 3118 2577 3190 εὑρίσκω
2597 3132 2609 3145 ’
2655 3115 2965 3170 τούναντίον
3005 3115 3104 3186 μὲν
3141 3109 3233 3167 οὖν
3266 3115 3328 3166 ἐκ
3353 3112 3457 3166 τῶν
3487 3129 3716 3184 πεπρα-

452 3197 916 3271 sivcatastrophen
965 3204 1114 3261 illam
1160 3210 1407 3280 patieris,
1450 3227 1571 3283 quae
1613 3197 1885 3285 Sodomae,
1919 3219 2026 3274 Go-

2130 3211 2343 3281 γμένων
2388 3207 2603 3263 δικαίαν
2654 3205 3109 3278 ἐπαχθησομὲνην
3146 3222 3228 3259 σοι
3258 3204 3522 3275 τιμωρίαν
3549 3202 3712 3275 εὑρί-

453 3291 727 3357 mort-ha,
786 3301 842 3350 et
899 3296 1124 3354 Adama
1188 3308 1248 3357 et
1303 3300 1561 3359 Seboimo
1613 3304 1721 3378 54
1774 3309 2025 3379 contigit.

458 3399 478 3431 ι
515 3380 854 3440 Conversum
885 3395 971 3443 est
1002 3404 1100 3445 cor
1124 3406 1328 3461 meum,
1357 3396 1567 3465 pariter
1589 3380 1912 3455 conturbata
1945 3410 2029 3455 est

453 3472 738 3540 partitudo
774 3492 896 3533 mea
928 3493 944 3533 :
975 3494 1088 3537 non
1117 3498 1269 3553 agam
1316 3486 1615 3543 secundum
1652 3490 1787 3545 iram
1822 3491 2056 3550 furoris-

455 3564 583 3628 uiei,
646 3581 757 3622 non
794 3570 995 3626 sinam
1039 3574 1208 3630 deleri
1267 3560 1694 3647 Ephraimum.i
1737 3580 1842 3639 Sed
1882 3587 2026 3639 enim

454 3670 771 3726 quanquam
819 3676 920 3719 vos
966 3667 1213 3736 apprime
1261 3670 1460 3739 dignos
1504 3687 1667 3743 pcena
1716 3675 2028 3745 huiusmodi

455 3761 581 3803 esse
616 3754 916 3823 comperio,
954 3770 1129 3813 meam
1163 3760 1231 3816 de
1257 3763 1415 3819 vobis
1465 3766 1797 3821 sententiam
1843 3778 2028 3837 muto;

455 3846 512 3893 et
552 3845 914 3903 conturbatus
948 3850 1355 3920 quodammodo
1404 3869 1436 3909 a
1477 3856 1792 3913 calamitate
1823 3869 2028 3925 vestra,

457 3931 526 3985 ad
573 3935 954 4003 paenitentiam
1001 3942 1213 4009 trahor,
1257 3953 1381 3998 uta
1432 3945 1618 4003 furore
1651 3947 1909 4019 deinceps
1942 3949 2035 4004 dc-

458 4022 657 4090 sinam,
708 4042 887 4098 neque
918 4044 1016 4087 vos
1062 4033 1239 4088 sinam
1279 4049 1537 4105 supremo
1570 4019 1739 4091 exitio
1788 4039 2031 4094 interire.

465 4130 484 4161 ‹
508 4110 786 4179 Quoniam
832 4118 976 4176 Deus
1021 4138 1123 4194 ego
1156 4139 1301 4186 sum,
1331 4130 1387 4179 et
1420 4139 1530 4179 non
1560 4124 1725 4181 homo
1752 4127 1808 4181 in
1856 4129 2036 4185 medio

462 4209 562 4264 tui.
593 4222 612 4255 ι
665 4206 808 4263 Deus
858 4211 1060 4283 quippe
1098 4230 1220 4270 sum
1271 4215 1515 4269 omnium
1565 4226 1801 4285 creator,
1851 4225 1906 4275 et
1950 4236 2033 4276 re-

462 4314 585 4355 rum
622 4300 869 4356 omnium
902 4310 1163 4373 tanquam
1194 4320 1437 4361 mearum
1464 4314 1611 4364 tutor
1639 4325 1653 4362 :
1685 4325 1863 4381 neque
1894 4310 2032 4366 ulla-

462 4402 624 4447 tenus
661 4392 833 4448 vestri
872 4392 1072 4449 similis
1108 4401 1163 4450 et
1192 4395 1410 4451 illorum
1461 4399 1556 4470 qui
1596 4400 1740 4455 inter
1784 4416 1882 4457 vos
1921 4418 2040 4457 ver-

2127 3319 2294 3365 σκων,
2330 3302 2378 3354 εί
2437 3299 2536 3371 τὴν
2580 3297 2962 3370 καταστροφὴν
3017 3296 3369 3367 ὑπομείνειας
3400 3296 3574 3365 ἤνπερ
3606 3293 3716 3347 Σύ·

2126 3394 2265 3464 δομά
2284 3409 2342 3446 τε
2368 3393 2462 3444 καὶ⁹
2473 3390 2687 3460 Γόμορα
2714 3388 2809 3442 καὶ
2831 3387 3052 3458 Ἀδαμα
3074 3387 3169 3440 καὶ
3192 3384 3431 3459 Σεϐοεὶμ
3446 3383 3714 3453 γενέσθαι

2125 3485 2246 3539 τότε
2276 3483 2496 3555 συνέϐη.
2534 3501 2553 3534 ι
2593 3480 2959 3551 Μετεστράφη
2998 3481 3033 3551 ἡ
3065 3477 3262 3549 καρδία
3298 3492 3423 3548 μου,
3448 3476 3506 3527 ἐν
3530 3473 3717 3542 τούτῳ

2130 3575 2502 3647 συνεταράχθη
2532 3575 2567 3645 ἡ
2591 3572 2927 3644 μεταμέλειά
2960 3588 3062 3643 μου
3084 3584 3095 3597 '
3127 3571 3188 3624 οὑ
3224 3568 3299 3643 μὴ
3330 3568 3539 3645 ποιήσω
3563 3566 3716 3617 κατὰ

2127 3662 2226 3739 τὴν
2253 3667 2422 3739 ὀργὴν
2469 3665 2565 3720 τοῦ
2617 3664 2789 3737 θυμοῦ
2824 3680 2955 3736 μου·
3014 3663 3075 3715 οὐ
3117 3661 3192 3732 μὴ
3227 3658 3581 3729 ἐγκαταλίπω
3609 3656 3715 3708 τοῦ

2130 3758 2512 3829 ἐξαλειφθῆναι
2549 3758 2640 3811 τὸν
2680 3757 2939 3827 Ἐφραῖμ.
2974 3772 2992 3805 ι
3038 3752 3200 3806 Ἀλλά
3244 3751 3353 3822 γὰρ
3383 3751 3477 3809 καὶ
3500 3748 3722 3818 σφόδρα

2129 3850 2332 3921 ταύτης
2362 3851 2505 3922 ὑμᾶς
2547 3849 2708 3912 ὄντας
2760 3846 2945 3912 ἀξίους
2978 3844 3247 3917 εὑρίσκων
3286 3843 3384 3912 τῆς
3418 3832 3717 3914 τιμωρίας,

2136 3942 2546 4013 μεταϐέϐλημαι
2609 3938 2708 4009 τὴν
2751 3937 2992 3990 διάνοιαν
3022 3935 3108 4004 ἐφ’
3136 3936 3287 4005 ὑμῖν,
3332 3933 3426 3985 καὶ
3448 3945 3714 3984 συντετα-

2138 4034 2406 4105 ραγμένος
2440 4049 2554 4096 πως
2576 4032 2641 4102 τῇ
2668 4029 2788 4099 ὄψει
2817 4029 2915 4098 τῆς
2948 4028 3215 4099 ὑμετέρας
3238 4026 3542 4098 συμφορᾶς,
3573 4022 3721 4093 πρὸς

2139 4123 2501 4196 μεταμέλειαν
2541 4121 2794 4193 ἕλκομαι,
2842 4121 2983 4177 ὥστε
3038 4139 3105 4192 με
3147 4121 3452 4191 ἀποστῆναι
3488 4118 3586 4190 μὲν
3615 4119 3718 4171 τοῦ

2138 4213 2439 4286 θυμοῦσθαι
2456 4212 2664 4277 λοιπὸν,
2690 4211 2871 4284 (p.85)
2894 4210 2968 4283 μὴ
2999 4210 3286 4281 ἀνέχεσθαι
3314 4211 3371 4263 δὲ
3393 4210 3718 4264 καταλιπεῖν

2138 4284 2281 4375 ὑμᾶς
2325 4302 2617 4374 ἀφανισμῷ
2659 4303 2912 4357 παντελεῖ
2965 4284 3449 4373 παραδιδομένους.
3498 4320 3517 4353 ι
3566 4296 3719 4354 Δίότι

2134 4397 2267 4459 Θεὸς
2293 4397 2403 4465 ἐγώ
2442 4397 2580 4467 εἰμι,
2610 4395 2705 4450 καὶ
2730 4395 2831 4447 οὑκ
2859 4393 3148 4465 ἄνθρωπος
3169 4394 3228 4445 ἐν
3247 4394 3351 4446 σοί.
3389 4411 3406 4444 ι
3440 4390 3573 4455 Θεὸς
3601 4391 3717 4462 γάρ
3755 4436 3767 4445 .

462 4490 674 4540 santur.
716 4501 737 4536 ι
774 4482 1034 4552 Sanctus,
1085 4496 1139 4543 et
1184 4502 1294 4544 non
1356 4491 1632 4562 ingrediar
1673 4493 1974 4550 civitatem.
2015 4514 2031 4547 ι

2136 4489 2251 4560 εἰμι
2273 4491 2302 4542 ὁ
2341 4489 2518 4543 πάντα
2546 4505 2607 4540 τε
2635 4483 2973 4556 πεποιηκὼς,
3011 4485 3104 4539 καλ⁹
3145 4484 3365 4538 πάντων
3394 4484 3468 4547 ὡς
3496 4482 3720 4536 οἰκείων

462 4576 575 4650 Ego
605 4579 820 4637 alienus
870 4598 994 4637 sum
1029 4584 1284 4640 humanis
1329 4587 1547 4642 cunctis
1581 4588 1748 4644 rebus
1782 4602 1847 4643 ac
1880 4606 2031 4660 supe-

2134 4578 2435 4651 κηδόμενος
2460 4579 2660 4651 ἔργων⁹
2703 4578 2826 4632 κατ’
2855 4578 3008 4631 οὐδὲν
3038 4574 3300 4648 ὑπάρχων
3337 4574 3722 4647 παραπλήσιος

463 4672 616 4725 rior:
666 4686 776 4725 non
817 4670 1033 4743 degoin
1082 4675 1316 4730 urbibus
1361 4676 1603 4731 humano
1647 4693 1821 4742 more,
1864 4694 2031 4748 neque

2135 4674 2247 4736 τοῖς
2272 4671 2393 4726 καθ’
2421 4673 2566 4743 ὑμᾶς
2589 4689 2649 4726 τε
2682 4672 2775 4726 καὶ
2800 4671 2858 4725 ἐν
2877 4671 3005 4741 ὑμῖν
3026 4666 3435 4739 στρεφομένας.
3461 4686 3480 4718 ι
3504 4667 3721 4733 Ἄγιος,

463 4760 576 4814 illic
608 4759 904 4817 incolatum
930 4763 1219 4820 vobiscum
1248 4772 1435 4821 tenere
1469 4767 1638 4821 soleo.
1669 4767 2031 4833 Quamobrem

2140 4762 2234 4815 καὶ
2262 4763 2362 4815 οὑκ
2402 4761 2780 4833 εἰσελεύσομαι
2819 4764 2898 4825 εἰς
2945 4758 3122 4812 πόλιν.
3162 4778 3179 4811 ι
3225 4759 3366 4825 Ἐγὼ
3406 4758 3515 4831 γάρ
3544 4758 3726 4828 ἀπήλ-

465 4852 642 4922 neque
665 4851 1005 4906 voluntatum
1033 4863 1342 4909 vestrarum
1373 4872 1494 4911 sum
1528 4858 1825 4928 particeps,
1862 4875 2031 4929 neque

2140 4853 2350 4925 λαγμαί
2378 4871 2438 4906 τε
2470 4855 2562 4908 καὶ
2596 4854 2933 4925 ὑπέρκειμαι
2968 4851 3184 4904 πάντων
3221 4851 3329 4905 τῶν
3362 4850 3726 4921 ἀνθρωπίνων

463 4942 689 4997 malitia
732 4942 789 4997 in
836 4957 946 5014 qua
983 4943 1168 4999 vivere
1215 4945 1489 5015 satagitis.
1528 4944 1664 5000 Nam
1709 4955 1901 5002 contra
1942 4964 2031 5018 po-

2143 4945 2486 5018 πραγμάτων
2517 4963 2529 4977 ·
2564 4946 2664 4999 οὑκ
2703 4948 2760 4999 ἐν
2801 4945 2991 4999 πόλεσι
3022 4944 3223 5011 διάγων
3250 4943 3392 4996 κατὰ
3418 4942 3584 5010 νόμον
3622 4942 3689 4994 ἀν
3708 4971 3726 4983 -

463 5035 596 5101 tius,
640 5035 858 5092 etiamsi
900 5035 1140 5092 debitum
1187 5036 1424 5093 subituri
1470 5039 1643 5096 eratis
1686 5041 2031 5111 supplicium,

2145 5035 2398 5107 θρώπων,
2425 5035 2542 5089 οὑδέ
2582 5037 2680 5101 τὰς
2708 5036 2895 5090 αὐτόθι
2932 5034 3215 5106 διατριϐάς
3246 5033 3363 5105 μεθ’
3402 5033 3554 5103 ὑμῶν
3592 5032 3729 5085 εἰθι-

463 5140 562 5196 per
590 5142 859 5182 summam
898 5134 1083 5182 tamen
1135 5128 1571 5185 misericordiam
1615 5130 1687 5187 do
1724 5144 1943 5202 operam
1983 5140 2031 5184 ut

2149 5126 2349 5195 σμένος
2385 5128 2689 5181 ποιεῖσθαισ
2752 5127 2874 5180 ὃθεν
2920 5125 3043 5179 οὑδέ
3085 5123 3326 5178 κοινωνῶ
3363 5123 3463 5193 τῆς
3495 5121 3729 5192 γνώμης

465 5217 521 5271 id
551 5234 895 5291 nequaquam
921 5219 1228 5293 patiamini.

2150 5218 2277 5288 ὑμῖν
2310 5219 2404 5272 καί
2435 5221 2502 5291 τῇ
2530 5221 2696 5292 κακίᾳ
2802 5216 2969 5293 συζῇν
3000 5217 3395 5271 ἐσπουδάκατε·
3417 5214 3728 5269 τούναντίον

466 5309 576 5378 γάρ
601 5314 695 5365 καὶ¹
728 5290 945 5368 δικαίαν
989 5313 1211 5386 ὑπέχειν
1263 5309 1549 5384 μέλλοντες
1596 5308 1888 5382 τιμωρίαν,
1933 5306 2295 5362 ἀπαλλάττειν
2349 5309 2416 5362 δι’
2472 5290 2776 5381 ὑπερϐόλῆν
2831 5290 3014 5372 ἐλέους
3054 5310 3180 5371 τοὺς
3229 5309 3537 5378 πάσχοντας
3591 5322 3729 5376 προ-

468 5401 676 5469 άγομαι
707 5402 930 5473 ταύτης.

547 5509 712 5563 Vsus.
747 5510 930 5564 10-12.
963 5537 1027 5549 --
1063 5529 1081 5562 ι
1116 5509 1244 5566 Post
1278 5510 1566 5565 Dominum
1600 5508 1978 5562 ambulabunt.
2021 5526 2031 5556 ι

2224 5507 2552 5579 Στίχιυ-ιβκ
2589 5537 2658 5547 -
2689 5525 2706 5558 ι
2765 5508 2973 5561 Ὀπίσω
3016 5507 3224 5578 Κυρίου
3275 5507 3647 5576 πορεύσονται.
3703 5527 3722 5558 ι

474 5599 759 5654 Praedicta:
802 5599 968 5655 veluti
996 5598 1089 5655 Dei
1127 5601 1390 5656 locutioni
1432 5601 1535 5655 hoc
1565 5600 1805 5656 subtexit
1833 5600 2031 5652 addita-

2167 5598 2249 5660 Ὠς
2284 5601 2371 5653 ἐςτί
2396 5600 2459 5667 τῇ
2495 5601 2828 5670 προκειμένῃ
2874 5598 2968 5652 τοῦ
3010 5599 3146 5652 Θεοῦ
3179 5600 3329 5668 φωνῇ
3371 5598 3466 5667 τὴν
3508 5599 3728 5663 ἐπαγω-

478 5697 720 5748 utentum
760 5692 1047 5764 propheta,
1094 5691 1166 5746 ita
1215 5690 1385 5748 ferme
1431 5692 1640 5758 dicens,
1689 5699 1939 5761 Oportere
1992 5691 2031 5741 it

2155 5692 2256 5761 γὴν
2287 5690 2314 5737 ὁ
2342 5691 2619 5763 προφήτης
2651 5693 2940 5763 πεποίηται
2965 5688 3189 5762 ταύτην,
3214 5688 3421 5742 τοιοῦτὸ
3445 5706 3495 5741 τι
3531 5687 3724 5757 λέγων,
3748 5700 3763 5711 ⁸
