3966 6134
479 219 586 278 195

1675 205 2025 265 TIIEODOBI
2063 203 2542 262 MOPSUESTENI

3632 209 3756 265 1'96

485 335 633 389 dicat
659 348 674 386 :
702 345 762 389 se
800 344 1097 402 congruam
1129 328 1369 400 peccatis
1397 343 1586 392 eorum
1628 343 1847 398 poenam
1882 329 2060 397 impoo

2185 323 2350 387 ιύτοῦ,
2370 325 2462 378 καὶ
2490 323 2630 377 κατά
2658 322 2725 377 τὰ
2743 322 3153 394 ἐπιτηδεύματα
3178 323 3342 379 αὐτοῦ
3365 325 3754 382 ἀνταποδώσει

487 426 746 482 siturum.
789 420 996 478 Deinde
1037 428 1090 476 et
1133 419 1499 492 progenitoris
1547 419 1819 490 exemplo,
1866 419 2061 474 horum

487 515 774 583 redarguit
826 513 1254 584 improbitatem.
1318 532 1339 566 ‹
1371 513 1430 568 In
1476 520 1632 567 utero
1691 511 2064 581 supplantavit

488 604 715 660 fratrem
745 619 929 659 suum.
969 622 988 654 ι
1029 603 1288 659 Profecto
1327 604 1422 659 ille
1449 614 1578 658 ante
1607 603 1774 658 etiam
1805 602 2062 657 nativita-

493 704 604 753 tem
645 694 922 764 portendit
954 709 1019 749 eo
1051 695 1299 764 corporis
1325 704 1472 748 motu
1508 693 1772 757 fraudem,
1798 707 1906 763 qua
1935 691 2065 746 atie-

493 792 744 838 ctaturus
790 791 907 837 erat
951 782 1296 853 primogeniti
1341 782 1486 850 jura.
1521 800 1542 832 ‹
1576 781 1640 835 Et
1695 781 1750 834 in
1785 777 2064 836 laboribus

493 873 610 928 suis
642 870 814 925 valuit
850 885 979 940 erga
1022 869 1211 924 Deum.
1250 889 1268 920 ι
1303 868 1500 923 Multos
1535 883 1828 939 perpessus
1849 868 2065 924 labores

496 980 561 1018 ac
593 963 838 1028 fraudes,
872 979 982 1017 non
1011 963 1271 1018 sustinuit
1294 978 1324 1016 a
1363 962 1458 1018 Dei
1498 963 1880 1018 benevolentia
1915 980 2066 1020 rece-

429 1050 431 1052 ’
494 1057 646 1110 dere.
684 1075 702 1107 ι
736 1053 804 1108 Et
849 1055 1060 1110 viribus
1094 1054 1430 1108 vaiuitcum
1480 1055 1672 1125 angelo
1709 1054 1974 1126 (luctari).
2013 1064 2067 1111 et

485 1153 688 1212 qmtens
743 1142 864 1198 fuit.
907 1162 926 1195 ι
960 1141 1169 1198 Fratris
1213 1142 1446 1200 insidias
1493 1145 1807 1213 suspicans,
1854 1146 2066 1202 visione

453 1221 456 1224 ’
500 1233 678 1302 angeli
709 1231 967 1301 dignatus
1003 1231 1122 1297 fuit,
1154 1247 1277 1285 cum
1309 1247 1420 1301 quo
1444 1231 1640 1288 luctari
1664 1235 1838 1296 visus,
1872 1244 2066 1304 potens

505 1320 781 1388 apparuit.
812 1321 889 1372 Ac
912 1334 999 1373 res
1039 1319 1185 1373 illius
1220 1318 1291 1372 ita
1323 1335 1383 1374 se
1409 1320 1740 1376 habuerunt.
1770 1321 1909 1388 Quid
1943 1341 2066 1380 vero

495 1411 617 1480 ejus
663 1409 916 1480 posteri?’
940 1428 958 1462 ι
995 1408 1309 1475 Flevcrunt,
1354 1417 1408 1466 et
1438 1427 1524 1467 me
1553 1411 1828 1482 deprecati
1857 1422 2002 1469 sunt.
2031 1434 2061 1467 -›

496 1500 554 1554 in
598 1503 743 1556 luctu
800 1517 988 1556 omnes
1045 1511 1355 1568 versantur,
1406 1502 1770 1573 precibusque
1820 1505 2070 1559 nituntur

482 1609 771 1648 .mrumnas
827 1601 1094 1657 avertere,
1147 1594 1351 1664 quibus
1395 1594 1465 1648 ob
1517 1609 1673 1648 suam
1735 1595 2066 1664 impietatem

2165 415 2332 484 αὐτῷ,
2372 434 2390 465 ι
2421 416 2537 468 Ἵνα
2568 415 2698 486 εἴπῃ
2737 417 2819 468 ὅτι
2844 415 3106 483 ἀνάλογον
3127 409 3202 469 ὧν
3229 418 3516 472 πταίουσιν
3553 421 3757 484 αὐτοῖς

2164 507 2356 572 ἐπάξει
2383 509 2650 579 τιμωρίαν
2675 525 2690 540 ο
2726 503 2845 560 εἶτα
2868 507 2962 560 καὶ
2992 507 3134 561 κατὰ
3157 509 3458 581 παράθεσιν
3484 509 3579 562 τοῦ
3606 525 3759 580 προ-

2166 598 2399 668 πάτορος
2425 598 2519 668 τὴν
2550 598 2752 651 τούτων
2783 599 2994 668 ἐλέγχει
3055 599 3274 654 κακίαν.
3300 618 3318 651 ι
3364 601 3454 654 Ἐν
3476 602 3543 672 τῇ
3561 599 3757 668 κοιλίᾳ

2167 690 2448 758 ἐπτέρνισε
2488 690 2576 744 τὸν
2603 689 2830 757 ἀδελφὸν
2877 690 3062 743 αὐτου.
3107 709 3124 742 ι
3153 694 3228 761 (p.
3259 691 3351 761 86)
3415 693 3475 744 '0
3504 691 3604 761 μὲν
3629 691 3753 760 γὰρ

2167 781 2258 831 καὶ
2291 779 2396 848 πρὸ
2420 779 2519 848 τῆς
2547 779 2852 847 γεννήσεως
2889 779 3220 833 ἐνεδείκνυτο
3249 780 3328 848 τῷ
3366 782 3607 851 σχήματι
3639 782 3754 851 τὴν

2165 869 2398 937 ἀπάτην,
2433 868 2552 938 μεθ’
2572 863 2638 938 ἧς
2665 868 2898 938 ἤμελλεν
2911 867 3429 941 ἀντιποιηθήσεσθαι
3454 872 3563 926 τῶν
3589 890 3756 944 πρω-

2164 959 2440 1013 τοτοκίων.
2463 976 2482 1007 ι
2512 959 2622 1012 Καὶ
2649 960 2704 1010 ἐν
2723 959 2910 1021 κόποις
2940 960 3102 1015 αὑτοῦ
3139 960 3326 1031 ἴσχυσε
3367 961 3504 1031 πρὸς
3531 962 3688 1015 Θεὸν.
3721 979 3747 1013 ο

2161 1049 2277 1102 Καὶ
2318 1049 2541 1113 πολλοὺς
2579 1049 3017 1121 ὑπομεμενηκὼς
3055 1051 3248 1114 πόνους
3277 1068 3336 1104 τε
3377 1053 3473 1104 καὶ
3508 1052 3753 1118 πλάνας,

2165 1143 2264 1210 τῇς
2295 1141 2430 1210 πρὸς
2461 1140 2592 1194 Θεὸν
2616 1142 2714 1198 οὐκ
2744 1140 3002 1211 ἠνέσχετο
3028 1142 3237 1206 εὐνοίας
3261 1145 3542 1214 ἐκστῆναι.
3576 1165 3594 1195 ε
3631 1145 3755 1199 Καὶ

2160 1231 2414 1301 -ἐνίοῖχυσε
2445 1232 2581 1303 μετά
2643 1232 2899 1301 ἀγγέλου,
2944 1233 3040 1287 καί⁹
3075 1232 3335 1304 ⁴ἠδυνήθη.
3371 1251 3391 1285 ›
3423 1234 3533 1288 Καὶ
3557 1235 3621 1304 δὴ
3649 1235 3756 1288 καὶ

2167 1321 2260 1374 τοῦ
2299 1322 2527 1391 ἀδελφοῦ
2571 1323 2670 1394 τὴν
2721 1324 3014 1394 ἐπιϐουλὴν
3073 1323 3443 1396 ὑφορώμενος,
3480 1326 3758 1388 ὀπτασίας

2153 1411 2370 1483 ’ἠξιώθη
2402 1413 2657 1482 ἀγγέλου,
2689 1415 2824 1484 πρὸς
2851 1415 2910 1467 ὃν
2937 1414 3188 1472 παλαίειν
3214 1414 3386 1468 δοκῶν
3409 1414 3565 1486 ὤφθη
3587 1416 3758 1469 δυνα-

2167 1502 2258 1566 τός
2286 1503 2456 1558 ’ἀλλά
2508 1507 2575 1558 τὰ
2625 1505 2721 1573 μὲν
2757 1504 2964 1558 ἐκείνου
3019 1505 3246 1560 τοιαῦτα
3275 1522 3288 1535 ·
3331 1505 3402 1558 τά
3451 1507 3506 1560 δὲ
3540 1507 3756 1560 τούτων

2168 1595 2279 1647 τῶν
2316 1595 2598 1664 ἀπογόνων
2644 1596 2752 1649 τῶν
2789 1597 2998 1650 ἐκείνου
3030 1599 3224 1663 dmin;
3253 1614 3272 1648 ι
3312 1597 3624 1652 Ἐκλαυσαν
3654 1600 3759 1650 καὶ

487 1691 850 1752 :premuntur.
883 1683 1142 1749 Quaenam
1174 1690 1261 1738 est
1292 1684 1446 1739 haec?
1473 1702 1493 1734 ι
1523 1684 1586 1739 In
1612 1684 1777 1740 domo
1804 1685 1888 1742 0n
1929 1686 2072 1742 inve-

2185 1656 2470 1756 ἐδεήθησάν
2519 1703 2639 1756 μου.
2687 1704 2706 1737 ι
2757 1687 2846 1742 Ἐν
2883 1688 3142 1756 δάκρυσιν
3193 1656 3436 1752 ἀπαντές
3485 1689 3590 1741 εισι
3651 1691 3760 1742 καὶ

499 1779 702 1826 nerunt
726 1787 828 1826 me.
861 1791 880 1824 ι
909 1771 1178 1826 ldolorum
1204 1773 1373 1826 cultui
1398 1774 1684 1841 vacabant,
1709 1777 1931 1833 nomine
1951 1793 2073 1833 meo

467 1855 472 1858 ’
505 1862 751 1915 colentes
780 1861 869 1914 illa
909 1875 1031 1930 quae
1061 1861 1192 1915 huic
1220 1862 1573 1932 appellationi
1597 1864 1688 1933 jus
1729 1865 1938 1919 nullum
1973 1866 2074 1920 ha-

503 1951 726 2005 bebant.
772 1949 908 2015 Illic,
958 1950 1204 2021 inquam,
1245 1951 1402 2021 quasi
1441 1961 1762 2023 priesentem
1811 1970 1897 2010 me
1928 1957 2079 2011 cole-

495 2043 658 2106 bant,
708 2039 802 2110 qui
847 2040 1092 2096 aberam.
1131 2039 1274 2112 Ergo
1302 2041 1494 2107 dictio,
1529 2061 1548 2094 ι
1579 2041 1639 2098 in
1669 2042 1830 2100 domo
1855 2044 1941 2101 0n
1990 2062 2078 2102 me

504 2133 853 2194 invenerunt.
893 2149 912 2181 ι
945 2130 1165 2200 ponitur
1191 2131 1506 2201 pro:Quasi
1534 2131 1610 2188 ibi
1645 2149 1730 2190 me
1752 2142 2072 2204 praesentem

495 2220 866 2283 invenissent,
921 2232 1083 2288 quem
1134 2219 1242 2275 coli
1293 2219 1362 2275 ab
1410 2219 1548 2290 ipsis
1596 2227 1859 2292 tanquam
1903 2221 2072 2283 Deum

504 2311 816 2380 oportebat,
854 2309 1071 2364 interim
1105 2308 1255 2366 idolo
1296 2309 1623 2368 exhibebant
1654 2311 2072 2383 appellationem

494 2403 669 2456 simul
700 2409 753 2456 ct
782 2401 1044 2456 honorem
1074 2399 1193 2456 Dei.
1231 2419 1251 2453 ι
1289 2400 1356 2456 Ει
1388 2401 1462 2457 ibi
1489 2400 1631 2457 facta
1659 2411 1789 2460 sunt
1815 2405 1980 2466 verba
2005 2405 2072 2460 ad

507 2505 620 2544 eos.
660 2509 678 2541 ι
718 2490 1052 2545 Sententiam
1088 2489 1204 2545 illic
1230 2495 1464 2562 propter
1496 2489 1662 2563 impie
1695 2489 1837 2545 facta
1867 2490 2074 2561 justam

508 2580 818 2636 audierunt.

582 2904 746 2959 Vens.
800 2902 917 2957 5-8.
959 2931 1029 2942 —
1063 2919 1085 2952 ι
1117 2899 1186 2954 Ει
1222 2896 1490 2954 Dominus
1537 2897 1682 2954 Deus
1729 2899 2078 2970 omnipotens

501 2997 621 3048 erit
666 2993 982 3049 memoriale
1013 2992 1158 3062 ejus.
1191 3010 1212 3044 ι
1247 2990 1357 3047 Sed
1403 2990 1551 3046 enim
1594 2991 1651 3045 in
1685 2990 1819 3047 talia
1850 2991 2075 3057 incidet,

524 3085 667 3140 unde
691 3100 875 3139 verum
897 3083 1067 3138 Deum
1090 3096 1421 3154 cognoscere
1437 3081 1634 3148 discet,
1657 3082 1886 3153 ejusque
1908 3083 2083 3137 maxi-

518 3193 664 3230 mam
686 3177 832 3230 omni
855 3184 1098 3244 tempore
1123 3173 1440 3227 memoriam
1468 3173 1745 3236 retinebit,
1771 3173 1876 3246 57
1905 3173 1997 3244 qui
2031 3181 2085 3229 et

509 3273 674 3340 ipsos
722 3269 952 3331 creavit,
1007 3277 1060 3322 et
1105 3265 1387 3320 beneﬂciis
1437 3265 1714 3320 continuis
1753 3274 2086 3335 prosecutus

517 3372 625 3423 est,
665 3373 719 3415 et
753 3375 898 3413 nunc
927 3359 1090 3413 etiam
1117 3355 1445 3410 criminibus
1482 3355 1736 3424 impiatos
1767 3357 2087 3427 castigando

506 3453 715 3505 mititur
745 3451 812 3504 ad
847 3449 1127 3504 meliorem
1158 3446 1370 3518 frugem
1401 3455 1742 3502 convertere.
1777 3465 1798 3498 ι
1829 3447 1896 3502 Et
1925 3456 1984 3502 tu
2019 3449 2088 3503 ad

520 3544 690 3597 Deum
740 3548 1082 3603 convertere,
1127 3537 1562 3593 misericordiam
1606 3537 1948 3608 etjudicium
1992 3553 2089 3594 cu-

519 3635 686 3695 stodi,
717 3642 770 3687 et
801 3631 1179 3703 appropinqua
1205 3628 1318 3685 Deo
1345 3637 1443 3683 tuo
1471 3643 1706 3699 semper.
1736 3649 1755 3682 ι
1779 3628 2086 3685 Genuinam

510 3725 711 3792 itaque
759 3721 986 3775 ostende
1037 3721 1104 3775 ad
1143 3719 1806 3798 Deum‘conversionem;
1847 3721 2090 3778 cbaritas

519 3832 650 3883 erga
702 3814 970 3879 homines,
1003 3820 1060 3867 et
1103 3813 1316 3882 juStitia
1344 3812 1443 3868 tibi
1481 3827 1628 3868 cura:
1659 3812 1814 3868 sint:
1858 3812 1928 3868 da
1959 3828 2091 3885 ope-

519 3923 638 3960 ram
675 3913 732 3958 ut
759 3921 974 3975 semper
998 3919 1123 3959 cum
1171 3904 1283 3960 Deo
1331 3905 1449 3960 sis:
1481 3905 1643 3975 cujus
1673 3905 1723 3960 si
1752 3906 1960 3960 cultum
1995 3921 2090 3961 re-

511 3999 771 4059 tinueris,
807 3999 1000 4052 merito
1021 3996 1268 4051 fructum
1306 3995 1438 4052 inde
1465 3996 1687 4066 capies;
1719 3997 1794 4051 ita
1824 4004 2007 4053 tamen
2033 4005 2094 4053 ut

512 4091 593 4144 ab
637 4089 908 4142 idolorum
959 4089 1229 4157 obsequio
1276 4100 1511 4157 prorsus
1558 4087 1858 4143 abstineas.
1905 4089 2095 4146 «Cha-

513 4193 688 4240 .naau,
722 4178 775 4229 in
822 4193 986 4230 manu
1021 4177 1145 4246 ejus
1181 4182 1386 4231 statera
1417 4174 1759 4244 iniquitatis;
1785 4178 2096 4248 opprimere

519 4278 896 4340 {impotenter
928 4269 1142 4324 dilexit.
1175 4289 1192 4322 ι
1221 4269 1514 4338 Postquam
1544 4283 1639 4325 eos
1666 4270 1949 4339 praedictis
1969 4288 2097 4328 ver-

2159 1774 2437 1846 δεήσεσιν,
2455 1773 2774 1842 ἀπαλλαγὴν
2797 1775 3072 1838 αἰτοῦντες
3095 1775 3202 1830 τῶν
3235 1776 3418 1829 κακῶν
3436 1778 3494 1829 ἐν
3510 1773 3588 1840 οἷς
3605 1779 3758 1848 ὑπὲρ

2173 1864 2271 1934 τῆς
2291 1862 2546 1926 ἀσεϐείας
2568 1863 2915 1930 ἐξετάζονται
2939 1866 3038 1936 τῆς
3062 1866 3268 1930 οἰκείας
3285 1882 3299 1896 ’
3331 1868 3488 1930 ποίας
3501 1868 3708 1936 ταύτης
3739 1886 3756 1931 ;

2181 1970 2201 2003 ι
2245 1952 2332 2005 Ἐν
2366 1951 2444 2021 τῷ
2495 1953 2629 2024 οἴκῳ
2663 1954 2756 2006 Ὧν
2809 1946 2969 2024 εὗρόν
2997 1971 3088 2024 με.
3131 1975 3151 2007 ι
3182 1956 3318 2026 Περὶ
3339 1955 3450 2028 γὰρ
3496 1957 3594 2029 τὴν
3637 1959 3760 2014 τῶν

2177 2039 2410 2094 εἰδώλων
2469 2041 2792 2111 ἠσχολοῦντο
2852 2043 3186 2112 θεραπείαν,
3239 2046 3297 2099 ἐν
3340 2046 3605 2118 ὀνομασίᾳ
3649 2049 3761 2117 μὲν

2178 2129 2444 2200 τιμῶντες
2468 2132 2591 2204 ,ἐμῇ
2643 2132 2768 2195 τοὺς
2801 2132 2952 2185 οὐδὲν
2988 2134 3138 2204 ,αὐτῇ
3181 2136 3478 2205 προσήκειν
3514 2137 3662 2201 οἴους
3690 2155 3762 2190 τε

2159 2220 2336 2284 -ὄντας
2360 2237 2372 2251 ·
2412 2221 2487 2284 ὡς
2516 2221 2703 2275 αὐτόθι
2754 2223 2812 2277 δὲ
2849 2223 3094 2293 παρόντα
3141 2225 3410 2296 τιμῶντες
3442 2228 3541 2296 ἐμὲ
3564 2229 3659 2281 τὸν
3687 2230 3760 2282 οὐ

2179 2311 2421 2382 παρόντα
2445 2327 2458 2340 °
2485 2313 2544 2364 τὸ
2576 2309 2690 2377 οὖν,
2732 2331 2751 2365 ι
2797 2315 2884 2366 Ἐν
2910 2315 2988 2384 τῷ
3005 2315 3136 2386 οἴκῳ
3167 2317 3260 2370 Ὢν
3278 2311 3435 2386 εὗρόν
3458 2335 3546 2388 με,
3586 2337 3605 2370 ι
3631 2319 3763 2372 ἀντὶ

2177 2399 2294 2464 τοῦ,
2329 2399 2416 2462 Ὠς
2449 2401 2567 2455 ἐκεῖ
2601 2419 2670 2472 με
2705 2402 2950 2472 παρόντα
2986 2403 3332 2473 εὑρίσκοντες
3356 2421 3372 2435 ο
3401 2405 3459 2458 ὃν
3488 2407 3764 2476 τιμᾶσθαι

2175 2491 2312 2572 παρ’
2343 2489 2521 2543 αὐτῶν
2552 2491 2628 2554 ὡς
2661 2491 2792 2566 Θεὸν
2819 2493 3006 2565 ἐχρῆν,
3048 2491 3192 2546 οὕτω
3227 2493 3306 2564 τῷ
3343 2495 3544 2566 εἰδώλῳ
3584 2513 3764 2568 προσ-

2181 2578 2317 2649 ῆγον
2363 2580 2464 2649 τήν
2519 2597 2580 2633 τε
2628 2579 2921 2651 ὀνομασίαν
2979 2582 3072 2636 καὶ
3117 2581 3216 2652 τὴν
3271 2585 3435 2653 τιμὴν
3471 2584 3563 2638 τοῦ
3593 2586 3760 2640 Θεοῦ,

2185 2687 2207 2720 ι
2241 2669 2352 2724 Καὶ
2415 2671 2534 2725 ἐκεῖ
2560 2670 2794 2742 ἐλαλήθη
2847 2672 2982 2742 πρὸς
3012 2672 3225 2736 αὐτούς.
3270 2693 3289 2724 ›
3313 2675 3518 2730 Δὺτόθι
3563 2675 3620 2730 δέ
3657 2677 3766 2748 τὴν

2166 2761 2454 2830 ἀπόφασιν
2484 2761 2624 2834 ὑπὲρ
2658 2756 2732 2816 ὧν
2761 2762 2991 2832 ἠσέϐουν
3022 2762 3272 2828 ἐδέξαντο
3301 2764 3535 2824 δικαίαν.

2253 2896 2400 2965 Στίχ.
2421 2903 2672 2966 ε’-ητ.-ι
2693 2898 2752 2950 '0
2779 2898 2840 2951 δὲ
2868 2897 3072 2972 Κύριος
3099 2900 3128 2952 ὀ
3149 2898 3282 2963 Θεὸς
3315 2887 3343 2951 ό
3365 2901 3768 2973 παντοκράτωρ

2184 2985 2333 3040 ἔσται
2365 2988 2707 3059 μνημόσυνον
2750 2979 2934 3043 αὐτοῦ.
2976 3008 2995 3040 ι
3023 2991 3098 3060 (p.
3125 2990 3217 3060 87)
3257 2991 3415 3044 ’Λλλὰ
3452 2991 3559 3062 γὰρ
3603 3011 3767 3066 περι-

2184 3081 2428 3131 πεσεῖται
2483 3079 2744 3143 τοιούτοις
2798 3080 2890 3148 ἀφ’
2934 3075 3009 3134 ὧν
3053 3080 3420 3149 ἐπιγνώσεται
3469 3084 3561 3135 τὸν
3589 3084 3767 3150 ὅντως

2171 3170 2336 3233 Θεὸν,
2370 3171 2632 3243 μεγίστην
2659 3189 2719 3224 τε
2746 3171 2912 3224 αὐτοῦ
2941 3171 3235 3236 διαπαντὸς
3252 3173 3362 3237 ἕξει
3383 3174 3482 3246 τὴν
3514 3177 3762 3248 μνήμην,

2183 3262 2242 3325 ὃς
2298 3261 2566 3332 πεποίηκέ
2601 3281 2659 3317 τε
2707 3264 2922 3332 αὐτοὺς,
2978 3266 3072 3318 καὶ
3131 3266 3466 3338 εὐηργέτηκε
3504 3267 3760 3330 πάντοτε,

2184 3351 2279 3403 καὶ
2305 3351 2370 3421 δὴ
2403 3353 2498 3404 καὶ
2518 3351 2611 3406 νῦν
2634 3353 3010 3426 ἀσεϐήσαντας
3042 3354 3334 3419 παιδεύσας
3362 3357 3454 3408 ἐπὶ
3485 3359 3544 3410 τὸ
3575 3361 3762 3430 κρεῖτ-

2185 3459 2276 3495 τον
2313 3443 2607 3513 μεταϐαλεῖ
2632 3445 2772 3497 κατά
2798 3447 2898 3516 τὴν
2941 3445 3170 3516 δύναμιν
3199 3448 3300 3519 τὴν
3334 3449 3560 3504 οίκείαν.
3598 3469 3616 3500 ι
3647 3452 3765 3505 Καὶ

2188 3531 2255 3584 σὺ
2290 3533 2348 3584 ἐν
2378 3531 2497 3603 Θεῷ
2532 3550 2625 3586 σου
2659 3534 2984 3605 ἐπίστρεψον
3010 3551 3025 3568 ·
3053 3537 3206 3592 ἔλεον
3238 3538 3333 3593 καὶ
3357 3542 3528 3611 κρῖμα
3555 3542 3767 3609 φυλάσ-

2189 3638 2286 3676 σου
2313 3641 2328 3656 ο
2353 3625 2448 3677 καὶ
2470 3624 2654 3694 ἐγγιζε
2688 3626 2820 3697 πρὸς
2853 3628 2942 3680 τὸν
2959 3627 3092 3682 Θεόν
3121 3646 3214 3682 σου
3243 3630 3549 3695 διαπαντός.
3582 3652 3602 3684 ›
3625 3633 3768 3705 Γνη-

2192 3714 2313 3768 σίαν
2345 3715 2524 3770 τοίνυν
2550 3716 2810 3782 ἐπίδειξαι
2868 3718 2968 3788 τὴν
3003 3718 3096 3771 ἐπὶ
3125 3719 3258 3773 Θεὸν
3309 3722 3638 3795 μεταϐολὴν,
3669 3727 3770 3778 καὶ

2192 3803 2450 3873 ἐπιμελοῦ
2482 3804 2896 3876 φιλανθρωπίας
2947 3807 3042 3861 καὶ
3068 3807 3161 3861 τοῦ
3187 3809 3431 3863 δικαίου·
3494 3811 3770 3878 σπούδαζε

2193 3893 2251 3946 δέ
2279 3895 2365 3947 ἀεὶ
2381 3893 2463 3966 τῷ
2489 3895 2606 3965 Θεῷ
2632 3899 2866 3953 συνεῖναι
2885 3899 2979 3950 καὶ
3003 3899 3100 3969 τῆς
3129 3903 3229 3971 μὲν
3262 3904 3390 3974 περὶ
3411 3904 3603 3960 τοῦτον
3639 3908 3771 3961 ἀντ-

2193 3986 2450 4058 εχόμενος
2492 3986 2807 4059 θεραπείας,
2844 3989 2980 4061 ὅπερ
3008 3992 3313 4060 ὀφείλεσθαι
3332 3993 3533 4066 ταύτην
3563 3997 3774 4068 συμϐέ-

2193 4077 2330 4150 ϐηκε
2351 4075 2573 4140 δικαίως
2598 4092 2613 4107 θ
2646 4079 2747 4148 τῆς
2793 4077 2850 4131 δὲ
2880 4081 3009 4150 περὶ
3032 4079 3103 4134 τά
3127 4081 3325 4135 εἴδωλα
3362 4084 3609 4154 σπουδῆς
3657 4087 3739 4139 ἀπ
3758 4119 3771 4127 -

2190 4167 2455 4237 εχόμενος
2489 4166 2792 4232 παντελῶς.
2831 4185 2850 4220 t
2889 4169 3133 4241 )ﬁvaév,
3165 4174 3224 4224 ἐν
3248 4173 3390 4244 χειρὶ
3412 4176 3577 4228 αὑτοῦ
3606 4175 3772 4246 ζυγὸς

2196 4257 2411 4320 ἀδικίας
2441 4274 2456 4290 ο
2489 4258 2978 4313 καταδυναστεύειν
3010 4261 3287 4331 ⁴Ιγγάπησε.
3328 4283 3348 4315 ι
3392 4265 3488 4328 Εἰς
3518 4266 3774 4339 ἐπιστρέ-

522 4361 609 4412 bis
648 4357 715 4412 ad
745 4359 1164 4413 conversionem
1209 4359 1554 4427 invitaverat,
1597 4374 1789 4416 rursus
1818 4361 1906 4416 hic
1939 4363 2081 4418 mali

2198 4368 2356 4420 φειαν
2408 4353 2605 4414 αὐτοὺς
2653 4351 2720 4405 δι’
2757 4351 2982 4405 ἐκείνων
3031 4354 3484 4425 ἐκκαλεσάμενος,
3520 4357 3772 4420 ὀνειδίζει

517 4451 654 4504 tiam
699 4448 1017 4518 exprobrat.
1054 4449 1234 4504 Nihilo
1277 4449 1555 4514 meliores,
1587 4449 1787 4521 inquit,
1839 4453 2096 4524 apparui—

516 4542 622 4595 stis
655 4538 1007 4602 Chananaeis,
1056 4541 1258 4610 quibus
1311 4543 1452 4598 Deus
1483 4544 1710 4614 regione
1740 4543 1811 4598 ob
1853 4545 2098 4614 ipsorum

518 4632 861 4699 impietatem
903 4633 1320 4702 nequitiamque
1349 4635 1566 4703 ejectis,
1607 4650 1708 4691 vos
1756 4635 1885 4690 illuc
1922 4639 2099 4693 intro-

397 4751 420 4774 ο
517 4723 704 4776 duxit.
745 4721 1114 4776 Nihilominus
1158 4737 1258 4777 vos
1295 4722 1364 4777 ad
1397 4722 1730 4792 iniustitiam
1760 4724 2097 4788 incumbitis,

522 4815 812 4884 multoque
851 4813 1040 4868 studio
1082 4813 1416 4869 inﬁrmiores
1446 4815 1779 4884 opprimitis,
1823 4831 1962 4887 quos
2004 4831 2101 4873 ve-

517 4918 656 4966 strae
686 4909 940 4981 potentiae
967 4908 1176 4964 viribus
1217 4909 1359 4966 male
1387 4911 1687 4967 mulctatis.

592 5096 760 5151 Vens.
779 5097 832 5160 8,
850 5095 1006 5151 9.—¢
1031 5093 1096 5149 Et
1112 5093 1245 5150 dixit
1261 5095 1586 5163 Ephraimus
1604 5093 2006 5151 :Verumtamen
2023 5094 2102 5153 di-

523 5203 626 5243 ves
645 5189 872 5243 effectus
893 5203 1036 5254 sum,
1067 5187 1247 5242 inveni
1275 5186 1516 5240 solamen
1541 5187 1695 5240 mihi.
1722 5205 1740 5238 ›
1767 5185 1927 5258 Atqui
1955 5190 2100 5259 inju-

527 5287 615 5329 ste
649 5284 903 5345 congesta
937 5277 1188 5346 pecunia,
1223 5276 1418 5347 gaudet
1455 5275 1658 5331 divitiis
1700 5276 1833 5343 suis,
1867 5294 2096 5348 quarum

525 5365 742 5419 dulcem
772 5382 928 5419 usum
955 5369 1244 5422 existimat.
1275 5387 1294 5420 ι
1320 5366 1514 5422 Nullus
1535 5367 1685 5422 labor
1704 5368 1822 5437 ejus
1852 5369 2096 5423 invenie-

529 5464 620 5508 tur
659 5455 781 5522 ipsi,
828 5466 1047 5524 propter
1089 5458 1401 5526 iniquitates
1442 5473 1576 5528 quas
1605 5459 1864 5528 peccavit.
1891 5479 1908 5511 ι
1939 5463 2104 5530 Atqui

528 5552 783 5612 reputare
817 5543 1097 5607 debuerat,
1134 5548 1315 5600 omnia
1351 5548 1468 5602 haec
1491 5563 1610 5616 qua:
1639 5549 1850 5618 injustis
1879 5565 2100 5604 coacer-

528 5637 674 5690 \‘avit
706 5633 1011 5699 laboribus,
1043 5629 1280 5703 peritura
1314 5638 1537 5693 omnino
1571 5638 1708 5702 fore,
1744 5650 1963 5708 propter
2003 5640 2105 5694 ini-

2197 4443 2358 4498 πάλιν
2386 4442 2569 4506 αὐτοῖς
2591 4444 2691 4515 τὴν
2715 4443 2921 4498 κακίαν
2944 4444 3200 4500 ἐνταῦθα.
3230 4448 3612 4518 Ἀπεδείχθητε
3639 4450 3771 4522 γὰρ,

2195 4537 2380 4608 φησὶν,
2440 4535 2592 4589 οὐδὲν
2649 4535 3030 4607 ἐλαττούμενοι
3083 4539 3194 4591 τῶν
3250 4539 3574 4593 Χαναναίων
3597 4580 3612 4604 ,
3678 4541 3777 4604 οὓς

2194 4627 2440 4682 ἐκϐαλὼν
2465 4628 2565 4699 τῆς
2590 4626 2772 4699 χώρας
2802 4627 2996 4696 ὀΘεὸς,
3018 4628 3108 4682 διὰ
3129 4629 3230 4699 τὴν
3265 4630 3560 4702 περιοῦσαν
3589 4632 3775 4697 αὐτοῖς

2197 4719 2452 4774 ἀσέϐειάν
2482 4737 2543 4772 τε
2571 4722 2668 4774 καὶ
2717 4720 2937 4786 κακίαν,
2971 4721 3116 4791 ὑμᾶς
3150 4722 3548 4794 ἀντεισήγαγεν
3581 4742 3594 4755 ·
3629 4723 3782 4778 οὕτω

2197 4810 2336 4879 πρὸς
2365 4807 2576 4862 ἀδικίαν
2601 4827 2663 4862 τε
2685 4809 2994 4881 βλέποντες,
3025 4813 3118 4864 καὶ
3143 4811 3282 4884 μετὰ
3309 4813 3512 4884 πολλῆς
3541 4815 3638 4884 τῆς
3661 4815 3785 4866 ἐπι·

2203 4898 2421 4969 μελείας
2475 4899 2602 4964 τοὺς
2661 4901 3084 4976 ἀσθενεστέρους
3139 4903 3281 4963 κατά
3318 4903 3417 4973 τὴν
3469 4904 3782 4977 προσοῦσαν

2202 4989 2332 5060 ὑμῖν
2371 4990 2713 5056 ἐκθλίϐοντες
2738 4992 3076 5048 δυναστείαν.

2273 5101 2419 5171 Στίχ.
2449 5101 2593 5173 ἠ’-θ’.
2621 5134 2688 5145 -
2709 5122 2739 5155 4
2768 5104 2879 5157 Καὶ
2909 5098 3060 5158 εἶπεν
3092 5103 3349 5174 Ἐφραῖμο
3377 5103 3530 5174 -Πλῂν
3552 5103 3788 5157 πεπλού-

2204 5208 2368 5263 τηκα,
2408 5192 2616 5264 εὕρηκα
2656 5195 2938 5267 ἀναψυχὴν
2962 5195 3211 5266 ἐμαυτῷ.
3247 5214 3267 5248 ι
3307 5192 3440 5249 Εἶτα
3474 5195 3536 5263 ἐξ
3566 5195 3788 5260 ἀδικίας

2209 5283 2478 5353 συλλέγων
2498 5287 2783 5358 χρήματα,
2815 5287 3000 5357 ἥδεται
3033 5286 3128 5340 ἐπὶ
3151 5285 3229 5356 τῷ
3252 5285 3523 5351 πλουτεῖν,
3558 5287 3631 5358 (p.
3662 5285 3787 5357 88-)

2207 5373 2300 5426 καὶ
2328 5374 2392 5446 δὴ
2430 5375 2522 5428 καὶ
2557 5377 2657 5446 τὴν
2695 5377 2753 5443 ἐξ
2779 5377 2958 5430 αὐτῶν
2991 5377 3289 5431 ἀπόλαυσιν
3331 5377 3515 5448 ἡδεῖαν
3545 5378 3785 5446 ἡγεῖται.

2213 5481 2232 5514 ι
2262 5465 2468 5529 Πάντες
2500 5468 2547 5520 οἱ
2586 5467 2736 5520 πόνοι
2786 5467 2948 5522 αὑτοῦ
2975 5468 3072 5538 οὐχ
3121 5466 3504 5538 εὑρεθήσονται
3541 5465 3692 5534 αὐτῷ
3720 5466 3788 5519 δι*

2209 5557 2420 5620 ἀδικίας
2441 5559 2507 5622 ἂς
2533 5559 2800 5629 ἥμαρτεν.
2840 5578 2858 5611 ι
2895 5559 3021 5611 Δέον
3049 5557 3473 5626 ἀναλογίσασθαι
3504 5559 3585 5610 ὅτι
3613 5557 3791 5611 πάντα

2209 5648 2273 5718 δὴ
2302 5649 2476 5704 ταῦτα
2511 5648 2546 5703 ἀ
2569 5650 2710 5721 Δμετά
2749 5650 3084 5723 παρανόμων
3126 5651 3396 5720 συνήγαγε
3439 5648 3635 5717 πόνων,
3682 5649 3792 5702 ἀπ-
