3966 6134
248 261 359 333 με)
1452 251 1805 310 τιιεοοοιιι

1944 253 2070 310 l’SU
2078 250 2328 309 ESTENl
3396 250 3503 308 200

256 373 423 430 stium
452 370 698 428 destruet
722 368 887 426 Deus.
924 368 1060 427 Nam
1103 371 1233 441 quia
1286 369 1505 428 testudo
1536 367 1641 424 sub
1670 368 1827 437 aquis

1944 367 2003 431 bc;
2023 367 2250 437 χελῶναι
2278 366 2372 420 ἐπὶ
2398 367 2588 438 χέρστν
2618 365 2808 438 ἀγροῦ.
2848 384 2867 419 ι
2906 363 3101 419 Ἔσται
3128 363 3238 435 γὰρ
3263 366 3390 436 ὑμῖν
3415 367 3513 419 οὒ-

248 463 507 519 habitare
536 463 720 526 solita,
748 462 803 517 in
839 461 988 519 sicco
1017 460 1359 532 deprehensa
1391 474 1623 532 prorsus
1646 462 1822 528 perit:

1944 459 2017 512 Ξὲν
2046 458 2238 527 ὄφελος
2274 459 2373 530 τῆς
2412 459 2539 530 περὶ
2588 460 2789 523 ἐκεῖνα,
2831 458 2984 529 φησὶ,
3016 456 3273 527 σπουδῆς,
3319 455 3505 528 ἐπειδὴ

254 553 364 621 hoc
395 554 645 623 exemplo
690 553 862 607 voluit
906 551 1163 608 altarium
1209 551 1481 607 excidium
1515 550 1823 620 designare.

1944 550 2149 604 ἅπαντα
2172 549 2345 604 ταῦτα
2375 548 2653 612 παντελῶς
2689 549 2939 617 άφανίσει
2966 548 3055 603 διὰ
3092 548 3202 602 τῶν
3235 546 3509 614 πολεμίων

253 649 285 700 ό
309 646 440 710 Θεός
459 661 472 678 ⁸
506 645 693 717 ἐπειδὴ
728 644 835 715 γάρ
867 646 901 714 ή
939 643 1147 716 χελώνη
1172 646 1234 700 ἐν
1259 646 1409 699 ὕδατι
1434 643 1593 698 είωθε
1618 643 1947 709 διαιτᾶσθαι,
1994 644 2052 697 ὲν
2100 645 2279 716 χέρσῳ
2312 645 2376 699 δὲ
2407 645 2672 717 ληφθεῖσα
2720 639 3091 711 διαφθείρεται
3130 638 3366 702 πάντως,
3395 636 3508 689 τῶν

259 737 657 807 θυσιαστηρίων
681 736 947 808 ἐϐουλήθη
972 738 1051 809 τῷ
1077 739 1434 810 ὑποδείγματι
1463 738 1562 809 τὴν
1589 738 1885 810 διαφθορὰν
1912 740 2203 807 ὗποδείξαι.

329 827 494 883 Vens.
537 826 725 881 12-14.
766 856 840 871 -
888 826 996 882 Sed
1043 842 1175 884 ecce
1228 828 1411 884 denuo
1447 821 1525 883 ex'
1560 828 1832 898 majorum

259 919 676 988 comparatione
699 917 1088 976 demonstrans
1120 930 1348 992 nepotes
1375 934 1626 992 peccare,
1663 938 1683 971 ι
1722 918 1830 974 Fu-

262 1011 363 1083 git,
414 1010 619 1080 inquit,
651 1009 828 1066 Jacob
872 1011 928 1065 in
968 1026 1219 1083 campum
1275 1012 1469 1083 Syriae,
1508 1023 1565 1068 et
1611 1012 1836 1067 servivit

264 1099 439 1155 Israel
493 1101 563 1154 ob
611 1114 861 1173 uxorem,
901 1108 956 1157 et
998 1102 1053 1157 in
1096 1118 1267 1158 uxore
1306 1101 1414 1156 fuit
1452 1102 1774 1158 observans.
1811 1121 1832 1154 ι

262 1191 453 1249 Maluit
479 1191 566 1246 ille
604 1202 825 1262 propter
876 1194 1131 1251 virtutem
1177 1201 1232 1248 et
1274 1194 1625 1264 primogeniti
1656 1196 1827 1250 bene-

263 1284 581 1348 dictionem,
613 1282 774 1338 domo
819 1283 1079 1354 profugus
1132 1299 1228 1354 per
1276 1284 1493 1355 Syriam
1532 1286 1740 1356 vagari,
1773 1292 1829 1339 et

265 1374 408 1444 apud
430 1372 713 1428 Labanum
749 1375 1065 1430 servitutem
1107 1373 1352 1445 perferre
1380 1389 1397 1429 :
1434 1384 1490 1431 et
1522 1390 1644 1431 cum
1674 1376 1829 1446 gravi

261 1479 503 1519 aerumna
549 1463 615 1516 ad
673 1465 893 1534 nuptias
940 1466 1227 1535 pervenire
1267 1467 1475 1530 uxoris,
1510 1482 1581 1522 ne
1611 1466 1855 1535 Gitana,

263 1570 434 1613 utram
470 1556 695 1609 duceret
736 1564 931 1624 praeter
974 1556 1145 1624 patris
1187 1556 1274 1611 sui
1302 1556 1637 1612 voluntatem
1677 1577 1690 1612 :
1723 1565 1836 1613 tan-

264 1654 482 1715 tamque
506 1660 807 1700 aerumnam
847 1647 1167 1713 exantlavit,
1195 1656 1258 1701 ut
1282 1647 1531 1705 instituta
1563 1648 1833 1718 majorum

263 1746 524 1801 servaret,
555 1746 610 1791 et
641 1736 732 1792 Dei
766 1738 917 1792 circa
949 1752 1173 1792 uxorem
1199 1737 1506 1793 ducendam
1534 1740 1830 1808 placitum:

264 1829 407 1899 quod
436 1836 626 1883 contra
660 1826 866 1882 fecerat
900 1827 1075 1882 frater
1114 1826 1257 1896 ejus,
1291 1827 1617 1886 Cbananeis
1645 1831 1835 1886 uxori-

267 1920 371 1977 bus
425 1918 607 1975 duetis
657 1925 854 1989 praeter
900 1919 992 1974 Dei
1045 1927 1100 1974 et
1143 1927 1430 1990 parentum
1474 1922 1830 1979 voluntatem.

268 2031 290 2060 ‹
323 2011 391 2064 Et
432 2024 529 2079 per
568 2010 894 2079 prophetam
939 2009 1133 2065 eduxit
1177 2009 1443 2067 Dominus
1483 2013 1738 2069 lsraelem
1766 2014 1837 2071 de

267 2112 414 2157 terra
459 2099 676 2170 IEgypti
715 2119 728 2155 :
762 2107 817 2154 et
864 2115 962 2171 per
1013 2100 1335 2171 prophetam
1380 2109 1628 2158 servatus
1671 2111 1773 2159 est.
1811 2125 1831 2158 ι

267 2189 538 2257 Quoniam
595 2199 717 2259 post
768 2190 858 2244 illa
918 2191 1104 2245 omnia
1153 2191 1511 2248 descenderat
1562 2193 1729 2251 Israel
1780 2196 1836 2251 in

267 2279 584 2351 1A‘Zgyptum,
626 2285 831 2334 tantam
876 2286 1224 2350 posterorum
1272 2281 1403 2352 ejus,
1430 2284 1654 2339 tutelam
1692 2284 1837 2341 Deus

268 2370 459 2440 gessit,
503 2376 562 2425 ut
608 2369 888 2439 prophetae
922 2369 1126 2441 Moysis
1169 2371 1473 2429 ministerio
1510 2364 1741 2430 cunctos
1770 2390 1838 2431 ex

274 2459 512 2531 Egypto
546 2459 862 2527 reduxerit;
911 2476 1050 2531 quos
1098 2462 1264 2516 etiam
1307 2462 1363 2516 in
1407 2464 1625 2520 deserto
1663 2465 1842 2533 provi-

270 2550 454 2603 dentia
495 2563 594 2603 sua
621 2548 987 2614 conservavit,
1010 2549 1189 2606 donec
1206 2551 1263 2605 in
1293 2551 1618 2621 promissam
1638 2560 1839 2609 terram

272 2640 574 2695 induceret.
614 2658 633 2691 ι
669 2639 750 2694 Ad
786 2638 1129 2695 iracundiam
1170 2654 1258 2695 me
1282 2640 1597 2709 provocavit
1620 2639 1843 2711 Ephrai-

270 2748 395 2787 mus
437 2740 491 2788 et
536 2731 904 2787 exacerbavit.
944 2751 963 2784 ι
1001 2731 1161 2787 Tales
1199 2746 1324 2786 cum
1360 2730 1563 2787 fuerint
1596 2734 1840 2804 progeni-

273 2834 442 2888 tores,
476 2832 530 2880 et
561 2824 778 2878 illorum
802 2822 980 2894 gratia
1006 2829 1088 2878 tot
1115 2822 1173 2877 hi
1212 2836 1244 2877 a
1274 2836 1361 2877 me
1390 2822 1535 2878 bona
1579 2823 1691 2878 sint
1714 2838 1839 2879 con-

273 2914 468 2982 secuti,
542 2914 901 2971 nihilominus
971 2914 1106 2967 iram
1175 2912 1311 2973 mihi
1367 2912 1480 2985 ϐο
1546 2914 1841 2969 maximam

1971 865 1974 869 η
1999 828 2147 899 Στίχ.
2177 829 2360 899 ιβ’-ιδ’.
2391 860 2460 871 -—
2482 829 2594 883 Kal
2622 828 2782 882 πάλιν
2805 828 2871 898 τῇ
2889 826 2998 880 τῶν
3024 824 3302 897 προγόνων
3328 838 3510 892 παρα-

1932 919 2076 973 θέσει
2125 921 2339 983 δεικνὺς
2386 919 2581 982 αὐτοὺς
2642 918 2992 981 ἀσεὸοῦντας,
3055 935 3074 967 ι
3134 912 3551 1000 ’Δνεχώρησε-ν,

1943 1010 2137 1066 Ἰακὼὸ
2168 1014 2251 1074 εἰς
2285 1011 2464 1066 πεδίον
2487 1010 2708 1081 Συρίας,
2739 1010 2831 1063 καὶ
2863 1007 3170 1062 ἐδούλευσεν
3217 1003 3429 1075 Ἰσραὴλ
3447 1004 3506 1055 ὲν

1931 1102 2170 1170 γυναικὶ,
2200 1102 2294 1154 καὶ
2320 1104 2376 1154 ὲν
2404 1101 2621 1169 γυναικὶ
2644 1099 2965 1169 ἐφυλάξατο.
3003 1117 3021 1149 ι
3056 1095 3244 1151 Εἵλετο
3273 1096 3370 1166 μὲν
3396 1093 3508 1164 γάρ

1933 1190 2138 1252 ἐκεῖνος
2163 1190 2231 1242 δι’
2247 1189 2446 1261 ἀρετὴν
2478 1192 2570 1242 καὶ
2587 1189 2683 1260 τὴν
2704 1190 2811 1241 τῶν
2837 1186 3221 1259 πρωτοτοκίων
3236 1185 3502 1252 εὐλογίαν,

1933 1277 2043 1332 τῶν
2077 1278 2301 1333 οἰκείων
2336 1280 2517 1348 φυγὰς
2540 1277 2776 1347 γεγονὼς
2815 1279 2944 1351 περὶ
2983 1276 3081 1348 τὴν
3108 1276 3310 1345 Συρίαν
3350 1274 3509 1327 εἰλεῖ-

1937 1372 2081 1434 σθαι,
2123 1372 2218 1427 καὶ
2257 1374 2544 1444 ῦπομεϊναι
2587 1372 2686 1442 μὲν
2730 1370 2830 1443 τὴν
2860 1370 3011 1442 παρὰ
3045 1369 3123 1440 τῷ
3156 1367 3342 1422 Λαϐἀν
3366 1367 3502 1420 ’δουι

1934 1462 2111 1517 λείαν*
2137 1464 2213 1534 (p.
2242 1465 2303 1519 91
2336 1463 2354 1533 )
2385 1465 2521 1533 μετὰ
2541 1463 2912 1533 ταλαιπωρίας
2935 1462 2993 1514 δὲ
3018 1460 3215 1529 πολλῆς
3246 1460 3341 1513 καὶ
3374 1459 3510 1528 πρὸς

1938 1553 2114 1623 γάμον
2140 1552 2311 1608 ἐλθεῖν
2340 1554 2614 1621 γυναικὸς,
2655 1553 2741 1606 ίνα
2783 1552 2858 1622 μὴ
2889 1552 3200 1605 Χαναναίαν
3235 1551 3510 1620 ἀγάγηται

1940 1643 2091 1714 παρὰ
2118 1643 2180 1696 τδ
2210 1644 2379 1715 πατρὶ
2420 1642 2610 1697 δοκοῦν
2633 1660 2648 1677 ·
2683 1644 2777 1696 καὶ
2807 1641 3076 1712 τοσαύτην
3105 1639 3392 1710 ὑπέμεινεν
3419 1656 3512 1692 τα-

1935 1738 2261 1809 λαιπωρίαν,
2313 1737 2713 1807 φυλαττόμενος
2752 1735 2815 1789 τὸ
2858 1734 3010 1805 παρά
3043 1733 3110 1787 τὰ
3154 1733 3360 1803 νόμιμα
3401 1732 3511 1784 τῶν

1935 1829 2212 1900 προγόνων
2243 1828 2337 1882 καὶ
2371 1828 2432 1881 τὸ
2464 1826 2656 1882 δοκοῦν
2680 1826 2758 1896 τῷ
2777 1825 2894 1895 Θεῷ
2924 1826 3159 1894 γυναῖκα
3187 1822 3505 1892 ἀγαγέσθαι·

1937 1919 2071 1988 ὅπερ
2092 1914 2185 1972 οὖν
2208 1916 2504 1987 πεποίηκεν
2522 1919 2551 1970 ό
2564 1916 2789 1985 ἀδελφὸς
2805 1916 3033 1981 ἐκείνου,
3054 1913 3361 1976 Χαναναίας
3375 1914 3508 1981 ἀγα-

1937 2010 2165 2080 γόμενος
2216 2008 2366 2079 παρά
2396 2007 2458 2061 τὸ
2505 2007 2624 2078 Θεῷ
2656 2025 2716 2061 τε
2765 2006 2955 2060 δοκοῦν
2997 2008 3091 2059 καί⁸
3128 2008 3239 2068 τοῖς
3271 2004 3507 2072 γονεῦσι.

1942 2116 1961 2145 σ
2000 2099 2110 2152 Kal
2146 2099 2205 2150 ὲν
2236 2098 2488 2169 προφήτῃ
2529 2097 2770 2166 ἀνήγαγε
2813 2094 3016 2166 Κύριος
3058 2094 3152 2147 τὸν
3192 2093 3406 2164 Ἰσραὴλ
3445 2093 3509 2143 ἐκ

1935 2188 2039 2259 γῆς
2059 2185 2357 2255 Αἰγύπτου,
2379 2189 2473 2241 καὶ
2493 2190 2551 2240 ὲν
2573 2187 2820 2258 προφήτῃ
2851 2184 3201 2255 διεφυλάχθη.
3231 2202 3252 2236 ι
3293 2183 3509 2255 Ἐπειδὴ

1934 2278 1994 2331 δὲ
2025 2280 2143 2349 μετ’
2172 2279 2356 2337 ἐκεῖνα
2388 2279 2565 2332 πάντα
2590 2276 2951 2348 κατελήλυθεν
2979 2276 3059 2339 εἰς
3086 2275 3184 2346 τὴν
3216 2275 3507 2343 Αἴγυπτον,

1936 2369 2205 2440 τοσαύτην
2226 2370 2333 2423 τῶν
2363 2369 2424 2434 ἐξ
2450 2370 2655 2423 ἐκείνου
2680 2367 3002 2440 κηδεμονίαν
3032 2368 3343 2438 ἐποιήσατο,
3371 2365 3509 2419 ὥστε

1937 2463 2004 2533 τῇ
2031 2461 2127 2515 τοῦ
2161 2463 2438 2534 προφήτου
2484 2461 2762 2525 Μωῠσέως
2801 2455 3076 2531 ὑπουργία
3118 2460 3413 2527 ἀναγαγεῖν
3450 2475 3508 2510 τε

1938 2553 2185 2616 ἅπαντας
2206 2554 2270 2606 ὲκ
2301 2552 2401 2622 τῆς
2429 2551 2729 2620 Αἰγύπτου,
2760 2551 2853 2605 καὶ
2887 2552 3028 2605 κατά
3055 2551 3155 2621 τὴν
3189 2549 3394 2620 ἔρημον
3415 2550 3515 2601 αὑ-

1939 2642 2066 2705 τοὺς
2094 2641 2185 2696 διὰ
2223 2643 2323 2713 τῆς
2363 2642 2679 2713 ἐπιμελείας
2717 2640 2948 2712 φυλάξαι
2979 2640 3079 2710 τῆς
3123 2641 3348 2702 οἰκείας,
3384 2639 3512 2710 ἄχρι

1939 2731 2034 2784 τοῦ
2057 2731 2150 2786 καὶ
2165 2733 2243 2796 εἰς
2260 2732 2357 2804 τὴν
2379 2734 2481 2803 γῆν
2501 2734 2812 2801 εἰσαγαγεῖν
2827 2732 2924 2802 τῆς
2941 2731 3288 2799 ἐπαγγελίας.
3308 2751 3327 2780 ‹
3361 2730 3482 2783 Ἐθύ
3496 2757 3513 2770 ο

1948 2822 2099 2892 μωσέ
2140 2840 2207 2893 με
2251 2823 2490 2894 Ἔφραῒμ
2532 2823 2627 2876 καὶ
2671 2822 3038 2894 παρώργισεν.
3080 2842 3099 2875 ι
3136 2824 3403 2877 Τοιούτων
3452 2824 3513 2876 δὲ

1941 2914 2222 2981 γεγονότες
2262 2915 2560 2985 προγόνων,
2598 2913 2694 2968 καὶ
2717 2914 2985 2969 τοσούτων
3012 2915 3081 2968 δι’
3109 2917 3351 2979 ἐκείνους
3382 2916 3514 2986 παρ’

272 3011 702 3068 commmeruut,
762 3003 1005 3074 ingratos
1050 3003 1185 3058 mihi
1232 3019 1292 3059 se
1339 3004 1644 3074 praebentes
1689 3012 1840 3062 tanto

1944 3003 2077 3074 ἐμοῦ
2104 3005 2461 3076 τετυχηκότες
2502 3005 2742 3075 ἀγαθῶν,
2772 3009 2852 3070 εἰς
2880 3006 3050 3077 ὀργήν
3077 3024 3145 3077 με
3178 3008 3515 3077 κατέστησαν

274 3093 653 3159 benefactori;
703 3103 867 3163 atque
938 3093 1006 3149 ad
1066 3095 1209 3151 idola
1261 3097 1443 3165 potius
1501 3097 1772 3164 conversi,
1812 3113 1845 3155 α

272 3186 479 3257 quibus
528 3187 664 3242 nihil
711 3187 847 3241 lucri
894 3195 1269 3258 perceperant.
1309 3206 1329 3240 ι
1369 3186 1696 3259 Et~sanguis
1722 3190 1844 3259 ejus

273 3293 439 3349 super
468 3292 593 3333 eum
641 3276 968 3333 et‘fundetur.
1010 3296 1030 3330 ι
1076 3279 1419 3349 Quapropter
1453 3280 1509 3334 in
1552 3281 1729 3350 ipsum
1753 3297 1845 3338 re-

274 3365 420 3420 cidet
465 3364 786 3421 delictorum
833 3381 1017 3438 poena.
1053 3384 1072 3420 ι
1110 3368 1178 3423 Et
1217 3369 1568 3439 opprobrium
1609 3371 1732 3441 ejus
1753 3387 1844 3428 re—

274 3457 464 3511 stituet
497 3456 549 3513 ei
599 3456 884 3525 Dominus,
935 3460 1090 3529 juxta
1132 3458 1410 3530 Ephraimi
1452 3477 1780 3519 sermonem.
1817 3483 1838 3516 ε

274 3548 596 3613 Calumnite,
622 3564 785 3619 quam
819 3551 1097 3621 impietate
1125 3568 1226 3608 sua
1248 3553 1363 3609 Deo
1380 3556 1636 3626 aspersit,
1663 3556 1845 3626 justas

274 3639 389 3693 luet
421 3652 613 3709 poenas
652 3654 1033 3712 congruasque
1080 3644 1264 3700 verbis
1307 3660 1430 3716 quae
1481 3654 1674 3702 contra
1714 3662 1840 3704 eum

272 3727 517 3800 jacravit.

895 4002 1047 4058 CAP.
1088 4003 1228 4059 Xlll.

348 4091 518 4149 Vsus.
550 4094 665 4149 1-5.
714 4123 786 4137 -—
835 4112 855 4146 ι
903 4092 1335 4150 Justiticationes
1374 4082 1585 4165 accepit
1624 4105 1681 4154 et
1731 4100 1849 4169 ipse

284 4181 340 4235 in
373 4179 558 4245 Israel,
586 4178 680 4233 sed
713 4194 807 4234 eas
837 4182 1093 4250 apposuit
1125 4179 1293 4244 Baali,
1322 4189 1376 4235 et
1400 4189 1650 4239 mortuus
1684 4194 1790 4241 est.
1822 4206 1841 4238 ε

280 4266 574 4336 Ναιιιρυιιι
620 4264 736 4335 ipse
779 4266 997 4337 cx'lege
1050 4267 1251 4338 Moysis
1291 4268 1571 4339 religionis
1604 4273 1847 4329 colendae

279 4356 422 4410 ritus
456 4354 775 4421 accepisset.
809 4353 875 4408 ad
902 4354 1107 4409 Baalim
1143 4363 1371 4412 cunctos
1411 4360 1713 4424 transtulit,
1749 4362 1846 4416 de-

279 4442 454 4496 bitum
498 4439 630 4493 mihi
680 4455 747 4495 ex
809 4441 924 4512 lege
974 4442 1178 4497 cultum
1228 4442 1283 4496 in
1324 4442 1467 4499 idola
1506 4445 1843 4502 conferens:

280 4545 390 4599 quo
420 4529 583 4593 facto,
627 4536 859 4584 mortem
905 4529 1006 4584 sibi
1054 4530 1269 4585 indixit.
1306 4549 1325 4582 ι
1361 4531 1427 4586 Et
1453 4548 1601 4588 nunc
1631 4534 1848 4592 addide-

280 4625 410 4671 runt
439 4616 508 4671 ad
530 4615 886 4685 peccandum,
937 4625 991 4670 et
1039 4615 1286 4670 ft"'t‘l'!3|ll.
1324 4618 1426 4671 sibi
1458 4618 1748 4673 conﬂatilia
1779 4637 1844 4676 ex

280 4718 418 4755 auro
443 4708 779 4769 argentoque
803 4716 905 4755 suo
947 4703 1005 4755 in
1048 4702 1216 4755 forma
1253 4703 1540 4767 idolorum,
1569 4721 1689 4774 quae
1718 4715 1849 4761 sunt

281 4791 350 4842 ab
385 4786 685 4840 artiﬁcibus
727 4785 975 4839 confecta
1021 4800 1207 4854 opera.
1252 4806 1270 4837 ι
1330 4787 1754 4844 Perseverarunt
1792 4794 1845 4846 in

282 4874 582 4943 impiemte.
614 4871 756 4925 idola
791 4885 955 4924 aurea
990 4878 1043 4924 et
1069 4865 1319 4940 argentea
1352 4872 1710 4929 humanarum
1743 4893 1852 4931 ma-

282 4974 450 5014 nuum
504 4958 737 5013 artiﬁcio
782 4956 1131 5013 fabricantcs.
1183 4954 1302 5010 Mox
1354 4957 1669 5027 hujusmodi
1722 4977 1850 5033 erga

283 5047 423 5100 idola
456 5046 694 5099 studium
726 5059 1011 5112 quousque
1039 5041 1256 5097 tandem
1277 5042 1626 5099 intenderunt
1647 5048 1670 5100 ?
1695 5066 1712 5098 ι
1754 5048 1851 5101 lm-

284 5133 499 5193 molatc,
543 5131 714 5196 aiunt,
767 5129 1040 5197 homines,
1087 5130 1214 5199 quia
1260 5130 1415 5184 vituli
1456 5131 1770 5189 dcl'cccrunt
1825 5156 1843 5187 ε

286 5219 360 5270 ita
398 5225 453 5269 ut
476 5228 595 5285 post
623 5225 703 5269 tot
743 5216 1011 5293 sacriﬁcia
1059 5232 1180 5287 quae
1218 5232 1282 5271 ex
1320 5218 1494 5274 brutis
1522 5221 1850 5279 animalibus

283 5302 609 5367 obtulerant,
636 5318 743 5355 non
794 5305 1033 5358 contenti
1071 5305 1418 5358 victimarum
1467 5306 1677 5361 illarum
1712 5311 1850 5363 mul-

281 5388 547 5453 titudine,
584 5387 833 5443 homines
880 5404 1096 5460 quoque
1138 5391 1530 5447 sacrificiorum
1567 5396 1847 5450 materiam

281 5475 580 5531 eﬂcccrint.
617 5473 708 5525 Sic
745 5475 908 5530 etiam
955 5479 1145 5533 beatus
1170 5476 1249 5531 ait
1268 5476 1483 5535 David:
1518 5494 1537 5527 ι
1570 5479 1633 5534 Et
1664 5482 1852 5537 inuno-

283 5564 533 5618 laverunt
581 5560 720 5613 tilios
765 5576 894 5615 suos
943 5578 1006 5617 ac
1055 5564 1190 5619 ﬁlias
1214 5581 1341 5624 suas
1359 5566 1703 5623 daemonibus
1722 5565 1786 5620 ⁸⁸.
1820 5584 1838 5618 ι

362 5676 405 5709 ’⁸
432 5674 576 5730 Psal.
607 5687 695 5742 cv,
721 5672 809 5726 57.

1950 3091 2227 3157 πλείστην,
2255 3092 2567 3163 ἀγνώμονες
2596 3094 2694 3164 μὲν
2721 3097 2848 3165 περὶ
2872 3094 2974 3164 ἐμὲ
3002 3096 3285 3163 γεγονότες
3312 3095 3402 3149 τὸν
3421 3111 3517 3148 το-

1953 3182 2122 3237 σαῦτα
2147 3183 2343 3247 αὐτοὺς
2372 3180 2432 3237 εὖ
2459 3185 2821 3255 πεποιηκόταο
2853 3185 2982 3257 περὶ
3008 3186 3064 3238 δὲ
3101 3187 3202 3257 τὴν
3226 3185 3337 3240 τῶν
3360 3185 3516 3239 εἰδώ-

1950 3272 2063 3325 λων
2082 3273 2381 3345 τραπέντες
2402 3274 2716 3344 θεραπείαν,
2745 3270 2819 3330 ὧν
2836 3275 2993 3329 οὐδὲν
3025 3275 3277 3347 εἰλήφασι
3307 3276 3515 3346 κέρδος.

1956 3380 1976 3412 ι
2009 3362 2120 3415 Kal
2157 3360 2220 3414 τὸ
2250 3356 2390 3432 αἷμα
2424 3363 2590 3416 αὐτοῦ
2631 3362 2718 3417 ἐπ’
2748 3364 2909 3416 αὐτὸν
2934 3362 3317 3434 ἐκχυθήσεται.
3356 3381 3374 3413 ι
3401 3363 3518 3415 Τοι-

1948 3452 2152 3522 γαροῦν
2177 3453 2264 3505 ἐπ’
2292 3453 2455 3507 αὐτὸν
2477 3456 2511 3525 ή
2554 3455 2694 3525 ὑπὲρ
2721 3455 2831 3509 τῶν
2875 3456 3360 3527 παρανομημάτων
3384 3471 3519 3526 τραο

1949 3544 2181 3615 πήσεται
2205 3545 2463 3615 τιμωρία.
2493 3546 2570 3615 (p.
2601 3545 2692 3615 92)
2717 3565 2739 3598 ι
2770 3547 2878 3600 Καὶ
2907 3547 3000 3600 τὸν
3024 3547 3324 3618 ὀνειδισμὸν
3348 3545 3516 3600 αὑτοῦ

1948 3634 2316 3689 ἀνταποδώσει
2341 3635 2489 3707 αὐτῷ
2516 3636 2718 3708 Κύριος
2738 3637 2877 3691 κατά
2901 3638 2993 3691 τὸν
3017 3636 3173 3706 λόγον
3208 3624 3463 3709 Ἐφραΐμ.
3490 3656 3512 3689 ε

1950 3729 2065 3798 Τῆς
2088 3728 2338 3798 διαϐολῆς
2362 3723 2429 3798 ἦς
2461 3728 2551 3783 διὰ
2588 3729 2686 3799 τῆς
2715 3728 2916 3792 οἰκείας
2952 3728 3205 3794 ἀσεϐείας
3233 3730 3521 3801 προσετρί-

1945 3820 2085 3889 ψατο
2105 3820 2184 3891 τῷ
2214 3820 2354 3892 Θεῷ,
2378 3820 2531 3884 δίκας
2554 3821 2719 3874 αὐτὸν
2747 3819 3101 3893 εἰσπράξεται
3124 3819 3356 3887 δικαίας,
3385 3819 3520 3873 άνάο

1945 3912 2102 3981 λογον
2130 3906 2212 3975 οἷς
2232 3910 2531 3981 ἐφθέγξατο
2555 3914 2675 3966 κατ’
2713 3913 2897 3968 αὐτοῦ.

2578 4013 2731 4069 ΚΕΦ.
2784 4014 2883 4066 H‘.

2018 4101 2165 4171 Στίχ.
2191 4109 2335 4170 α’-γ’.
2369 4134 2429 4145 -—
2468 4121 2487 4153 ι
2531 4103 2886 4174 Δικαιώματα
2931 4103 3089 4157 ἔλαϐε
3135 4104 3225 4158 καὶ
3269 4104 3430 4167 αὐτὸς
3458 4105 3520 4157 ὲν

1991 4189 2017 4202 Π
2067 4190 2083 4205 ο

1876 4232 1921 4286 D
1950 4190 2046 4286 11;»-
2066 4190 2282 4286 :lopaijl
2301 4207 2329 4286 ο·
2346 4190 2620 4286 καὶ-ἔθετο
2637 4192 2775 4286 adea
2801 4192 2880 4263 τῷ
2899 4191 3047 4245 Βαάλ
3085 4193 3183 4286 καλἰ
3194 4192 3452 4286 ἀπέθανε.
3493 4212 3515 4246 ι

1949 4275 2246 4346 Δεξάμενος
2268 4276 2376 4348 γάρ
2406 4276 2565 4340 αὐτὸς
2593 4278 2658 4330 ὲκ
2685 4277 2777 4331 τοῦ
2799 4280 2960 4349 νόμου
2987 4278 3261 4342 Μωῦσέως
3288 4279 3385 4343 τὰς
3408 4278 3524 4332 δια-

1946 4362 2126 4428 τάξεις
2150 4356 2225 4416 ὧν
2238 4364 2512 4434 ιπράττειν
2541 4364 2816 4435 προσῆκον
2837 4361 2904 4435 ἦν
2933 4366 3113 4430 αὑτὸν,
3145 4368 3224 4429 εἰς
3252 4366 3343 4420 τὸν
3374 4366 3524 4419 Βαὰλ

1949 4450 2304 4520 περιέστησεν
2352 4451 2587 4515 ἁπάσας,
2640 4451 2738 4520 τὴν
2780 4453 2903 4521 ἐμοὶ
2955 4455 3337 4524 προσήκουσαν
3378 4454 3522 4507 κατά

1948 4537 2108 4607 νόμον
2152 4536 2447 4607 θεραπείαν
2493 4537 2579 4590 ἐπ’
2630 4536 2812 4590 ἐκεῖνα
2862 4536 3186 4606 μεταγαγών
3205 4555 3218 4569 ·
3250 4538 3391 4609 ὑπὲρ
3445 4534 3524 4594 ὧν

1947 4624 2012 4693 δὴ
2046 4624 2271 4678 θανάτου
2291 4622 2546 4694 πρόξενος
2572 4623 2792 4691 γέγονεν
2814 4623 3009 4693 ἐαυτῷ.
3044 4641 3063 4673 ι
3098 4624 3208 4678 Καὶ
3234 4622 3330 4678 νῦν
3356 4640 3523 4696 προσ-

1950 4710 2132 4763 έθεντο
2161 4710 2253 4763 τοῦ
2301 4709 2654 4780 ἁμαρτάνειν,
2713 4711 2808 4763 καὶ
2849 4710 3116 4783 ἐποίησαν
3156 4713 3368 4775 ἑαυτοῖς
3409 4729 3525 4781 χω-

1949 4797 2116 4850 νευτά
2139 4796 2203 4849 ὲκ
2229 4797 2451 4865 χρυσίου
2470 4798 2565 4850 καὶ
2590 4795 2683 4849 τοῦ
2709 4798 2970 4868 ἀργυρίου
2993 4797 3171 4853 αὐτῶν
3197 4801 3318 4853 κατ’
3341 4800 3526 4854 εἰκόνα

1950 4881 2212 4947 εἰδώλων,
2266 4881 2403 4951 ἔργα
2455 4882 2718 4936 τεκτόνων
2771 4883 3225 4955 συντετελεσμένα
3268 4886 3467 4949 αὐτοῖς.
3499 4905 3520 4939 ι

1962 4968 2432 5038 Ἐπιμεμενήκασι
2457 4967 2515 5020 δὲ
2540 4971 2605 5038 τῇ
2635 4968 2879 5040 ἀσεϐείᾳ,
2910 4969 2979 5023 τὰ
3001 4971 3101 5040 μὲν
3124 4974 3187 5025 ὲκ
3215 4973 3438 5041 χρυσοῦ,
3455 4978 3526 5027 τὰ

1949 5051 2005 5106 δὲ
2037 5054 2097 5117 ἐξ
2127 5053 2369 5126 ἀργύρου
2399 5054 2591 5108 είδωλα
2622 5057 3127 5120 κατασκευάσαντες
3159 5059 3527 5128 ἀνθρωπίναις

1949 5139 2210 5209 γεγονότα
2268 5140 2455 5212 χερσίν
2479 5154 2491 5168 ’
2544 5137 2667 5194 εἶτα
2694 5140 2957 5211 τοσαύτην
2997 5145 3123 5212 περὶ
3185 5144 3367 5213 ταῦτα,
3408 5145 3529 5196 tm-

1950 5225 2251 5280 δείκνυνται
2279 5228 2378 5299 τὴν
2418 5229 2676 5301 σπουδὴν,
2716 5228 2858 5281 ὥστε
2894 5230 2988 5295 τί;
3029 5248 3046 5280 ι
3083 5231 3246 5284 Αὐτοὶ
3286 5232 3525 5300 λέγουσι’

1950 5310 2162 5365 Θύσατε
2177 5313 2514 5385 ἀνθρώπους·
2541 5316 2731 5386 μόσχοι
2754 5314 2862 5386 γὰρ
2882 5316 3275 5371 ἐκλελοίπασιν.
3319 5338 3338 5369 ι
3364 5318 3527 5371 Ὥστε

1956 5398 2093 5470 μετά
2118 5400 2316 5464 πολλὰς
2345 5400 2534 5465 θυσίας
2570 5401 2632 5465 ἃς
2660 5402 2748 5455 διὰ
2775 5403 2883 5456 τῶν
2920 5403 3127 5472 ἀλόγων
3157 5406 3526 5477 προσήγαγον,

1951 5485 2053 5538 οὐκ
2085 5485 2450 5556 ἀρκεσθέντας
2496 5487 2571 5557 τῷ
2605 5486 2798 5559 πλήθει
2844 5488 2952 5541 τῶν
2987 5488 3242 5560 θυμάτων
3279 5491 3528 5565 ἐκείνων,

1960 5569 2039 5623 ἔτι
2077 5573 2168 5625 καὶ
2199 5570 2278 5634 εἰς
2326 5570 2643 5642 ἀνθρώπους
2685 5574 3016 5644 μεταστῆσαι
3059 5577 3159 5646 τῆς
3209 5576 3400 5641 θυσίας
3431 5578 3532 5653 τὴν
