3966 6134
314 351 419 409 eos
1327 429 1335 435 _
1510 353 1859 451 Timonem
1910 352 2393 413 MOPSUESTENI
2727 403 2741 417 .
3471 344 3580 401 204

324 476 398 532 ibi
425 474 593 531 catuli
646 474 815 542 silvae,
870 481 924 531 et
972 473 1162 531 bestiae
1205 474 1321 546 agri
1367 472 1684 545 discerpent
1711 489 1825 530 eos.
1866 493 1885 527 ι

2018 474 2121 527 ῖουν
2152 474 2251 545 τῆς
2277 470 2611 544 ἐπιμελείας,
2652 469 2945 545 περιττοὺς
2976 470 3133 534 ὄντας
3172 471 3268 524 καὶ
3303 470 3584 543 ματαίους,

322 566 415 622 Sic
444 582 539 624 eos
576 567 743 623 variis
797 564 1037 622 caedibus
1089 572 1418 621 consument
1464 565 1691 634 hostes;
1721 565 1888 620 veluti

2020 562 2092 617 ῖιὰ
2124 563 2223 634 τῆς
2253 561 2599 632 ἐπειγομένης
2640 560 2821 624 αὐτοῖς
2853 559 3055 629 ἐλέγξω
3093 561 3381 633 τιμωρίας.
3416 581 3434 614 t
3475 562 3586 617 Καὶ

321 658 509 716 leones
537 660 605 715 de
643 659 805 722 saltu.
855 666 949 714 aut
1005 658 1125 713 aliae
1176 656 1489 728 huiusmodi
1518 657 1663 724 ferae,
1714 656 1887 713 subito

2019 656 2268 725 ράγονται
2317 654 2513 717 αὐτοὺς
2561 655 2677 707 ἐκεῖ
2718 652 2947 723 σκύμνοι
2998 652 3227 724 δρυμοῦ,
3285 654 3378 709 καὶ
3422 654 3585 727 θηρία

207 758 226 783 ⁸
323 750 594 808 irruentes
628 751 885 808 dentibus
921 767 1115 808 omnes
1144 751 1462 806 lacerarent.
1498 769 1514 802 ί
1546 748 1773 819 Corrupt

2022 746 2175 820 ιγροῦ
2212 746 2498 801 διασπάσει
2530 741 2746 807 αὐτούς.
2786 762 2806 794 ι
2842 742 2996 796 Οὕτω
3028 742 3135 815 γὰρ
3165 744 3359 807 αὐτοὺς
3393 746 3458 815 τῇ
3485 744 3588 814 τῆς

322 851 445 907 tua,
501 842 688 909 Israel,
744 843 866 915 quis
932 841 1319 909 auxiliabitur‘?
1376 859 1391 895 ι
1445 838 1637 895 Tantis
1687 840 1888 896 fractus

2084 839 2220 909 αγῆς
2241 837 2484 909 ποικιλίᾳ
2514 835 2988 891 καταναλώσωσιν
3009 837 3057 888 οἱ
3091 836 3357 907 πολέμιοι,
3384 835 3585 889 ὡσανεὶ
3638 898 3650 905 _

318 936 673 1007 perditusque
702 934 877 997 malis.
904 934 1180 1007 quodnam
1216 930 1479 988 auxilium
1505 931 1791 987 invenies?

2017 927 2223 999 λέοντές
2257 945 2398 992 τινες
2430 929 2494 981 ὲκ
2542 925 2771 998 δρυμοῦ,
2806 925 2839 996 ἡ
2877 940 2997 978 τινα
3039 923 3204 995 ἕτερα
3232 924 3583 996 παραπλήσια

314 1026 524 1092 τούτοις
552 1027 735 1103 θηρία,
764 1027 935 1099 ἀθρόα
968 1028 1077 1091 τοῖς
1107 1025 1313 1079 ὀδοῦσιν
1342 1022 1668 1078 ἐπιπεσόντα
1689 1019 2034 1076 διασπάσειεν
2060 1020 2325 1084 ἅπαντας.
2363 1037 2382 1071 t
2410 1020 2489 1090 Τῇ
2517 1016 2784 1103 διαφθορᾷ
2809 1034 2924 1081 σου,
2942 1016 3177 1088 Ἰσραὴλ,
3208 1017 3291 1080 τίς
3326 1016 3584 1090 βοηθήσει

318 1134 430 1186 σοι;
462 1138 481 1171 ι
514 1110 676 1172 Ἀλλά
707 1119 816 1188 γὰρ
854 1118 958 1172 ὑπὸ
988 1116 1255 1170 τοσούτων
1284 1110 1727 1186 διαφθειρόμενός
1760 1132 1818 1167 τε
1848 1114 1945 1168 καὶ
1974 1111 2342 1183 ἀπολλύμενος
2373 1110 2581 1176 κακῶν,
2612 1110 2731 1165 τίνα
2765 1108 2831 1163 ἂν
2861 1107 3038 1179 εὕροις
3066 1107 3318 1180 βοήθειαν
3344 1129 3359 1179 ;
3556 1116 3563 1119 “

385 1256 554 1314 Vsus.
591 1255 783 1311 ιιι-ιι.
814 1284 883 1294 —-
916 1271 934 1305 ι
971 1253 1073 1310 Ubi
1103 1253 1190 1308 hic
1218 1268 1307 1308 rex
1340 1253 1510 1310 tuus?
1533 1252 1690 1307 Nunc
1718 1253 1895 1308 salvet

2068 1250 2219 1320 Στίχ.
2272 1258 2324 1315 ι’,
2353 1254 2439 1304 ια’.
2467 1278 2539 1290 -
2572 1267 2592 1301 ι
2632 1248 2741 1303 Ποῦ
2771 1250 2800 1302 ὁ
2831 1247 3083 1318 βασιλεύς
3130 1264 3224 1300 σου
3269 1239 3450 1315 cirros;
3487 1249 3580 1303 καὶ

314 1364 367 1408 ιο
410 1352 464 1406 in
519 1348 773 1405 omnibus
812 1346 1058 1407 Lurbibus
1103 1345 1231 1399 tuis.
1274 1343 1447 1399 Judex
1494 1352 1615 1401 esto
1646 1352 1795 1405 tuus,
1826 1344 1880 1398 dc

2014 1342 2316 1396 ῑιασωσάτω
2345 1359 2403 1394 σε
2446 1342 2504 1396 ὲν
2534 1340 2739 1407 πάσαις
2777 1344 2899 1405 ταῖς
2931 1340 3117 1393 πόλεσξ
3166 1356 3295 1397 σουκ
3325 1342 3420 1395 καὶ
3462 1359 3580 1412 κρι-

316 1458 423 1513 quo
452 1439 637 1496 dixisti
675 1458 688 1494 :
724 1437 802 1492 Da
833 1437 965 1492 mihi
990 1452 1169 1507 regem
1202 1446 1256 1490 et.
1276 1438 1579 1508 principem
1616 1456 1627 1489 :
1656 1436 1882 1507 dedique

2012 1433 2141 1487 οάτω
2171 1451 2253 1499 σε,
2282 1433 2341 1488 ὃν
2371 1427 2552 1501 εἶπας,
2583 1434 2682 1496 Δός
2714 1449 2802 1503 μοι
2829 1431 3051 1502 βασιλέα
3081 1432 3175 1485 καὶ
3199 1432 3454 1503 ἄρχοντα,
3484 1434 3578 1487 καὶ

313 1535 413 1589 tibi
440 1547 622 1603 regem
664 1531 719 1586 in
761 1530 841 1585 ira
876 1543 1017 1585 mea.
1062 1548 1080 1581 ι
1117 1524 1304 1600 Neque
1345 1528 1491 1585 enim
1521 1545 1586 1585 ex
1617 1529 1767 1600 regio
1798 1535 1879 1583 aut

2011 1524 2171 1579 ἑδωκά
2196 1542 2277 1579 σοι
2302 1524 2526 1595 βασιλέα
2551 1527 2610 1578 ὲν
2640 1525 2776 1595 ὀργῇ
2808 1540 2929 1593 μου.
2962 1540 2982 1573 ι
3019 1522 3154 1576 Οὐδὲ
3192 1524 3302 1593 γὰρ
3324 1525 3389 1577 ὲκ
3428 1523 3577 1594 βασι-

311 1623 534 1680 militari
558 1621 821 1693 regitnine
844 1621 1141 1690 quidquam
1164 1619 1466 1676 lucraberis
1496 1637 1510 1672 :
1549 1619 1655 1674 erit
1686 1621 1877 1689 quippe

2007 1619 2150 1689 λικῆς
2201 1617 2516 1689 ἐπιμελείας
2555 1617 2588 1688 ἢ
2623 1617 2956 1689 στρατηγίας
2999 1617 3213 1697 ἀποίσει
3246 1635 3301 1670 τι
3348 1619 3573 1689 κέρδος·

311 1726 366 1770 et
396 1715 500 1770 hoc
530 1713 828 1769 invalidum
865 1711 933 1766 ad
962 1709 1360 1776 defensionem,
1410 1717 1747 1780 repugnante
1778 1724 1877 1765 me.

2007 1708 2143 1763 ἔσται
2173 1709 2283 1780 γὰρ
2326 1708 2421 1762 καὶ
2453 1702 2605 1772 οὗτος
2636 1707 2823 1771 ἄτονος
2865 1709 2943 1770 είς
2979 1707 3249 1779 βοήθειαν,
3281 1709 3573 1780 ἀντιπράτ-

311 1805 446 1861 Nam
498 1820 622 1860 cum
674 1803 810 1858 mihi
862 1801 1160 1873 placuisset
1216 1799 1349 1856 dare
1395 1801 1553 1855 vobis
1602 1799 1877 1870 praesidem

2008 1816 2181 1863 ιοντος
2212 1799 2346 1870 ἐμοῦ
2369 1812 2387 1830 ⁸
2434 1799 2615 1853 καίτοι
2651 1816 2715 1868 γε
2748 1798 2914 1871 [κατὰ
2946 1798 3006 1852 τὸ
3051 1798 3183 1871 γὰρ]
3217 1800 3339 1871 ἐμοὶ
3383 1801 3574 1854 δοκοῦν

313 1897 645 1963 Samuelem,
699 1895 875 1951 virum
909 1894 1120 1963 justum
1162 1899 1218 1947 et
1253 1892 1402 1947 omni
1444 1892 1647 1947 virtute
1689 1891 1879 1964 praedi-

2005 1889 2292 1962 ἡγούμενόν
2326 1907 2424 1967 σου
2448 1890 2539 1944 τὸν
2573 1889 2826 1960 Σαμουὴλ
2857 1890 3023 1961 ἄνδρα
3052 1890 3277 1956 δίκαιον,
3309 1893 3400 1946 καὶ
3434 1892 3571 1961 μετὰ

310 2000 450 2055 tum,
482 1987 577 2059 qui
602 1985 972 2043 sacerdotium
1019 1983 1184 2040 simul
1209 1990 1265 2040 et
1303 1983 1673 2054 principatum
1705 1981 1876 2055 populi

2006 1981 2172 2052 πάσης
2202 1984 2403 2055 ἀρετῆς
2427 1986 2529 2054 τήν
2566 2002 2625 2038 τε
2669 1985 2969 2057 ἱερωσύνην
3001 1987 3095 2040 καὶ
3120 1987 3218 2057 τὴν
3247 1989 3572 2059 ἠγεμονείαν

312 2079 751 2144 administraret,
771 2089 869 2131 vos
898 2088 1023 2130 eum
1065 2073 1294 2129 omnino
1339 2074 1704 2143 deposuistis;
1737 2087 1878 2144 aeque

2003 2073 2241 2130 Ξιέποντα
2268 2074 2364 2129 τοῦ
2387 2075 2541 2141 λαοῦ,
2572 2077 3000 2148 παρεγράψασθε
3023 2079 3319 2145 παντελῶς,
3350 2081 3425 2152 (p.
3455 2081 3524 2136 96
3556 2092 3569 2134 ι

311 2185 377 2225 ac
405 2169 649 2239 reliquas
685 2173 896 2239 gentes,
931 2173 1185 2235 oportere
1228 2178 1324 2220 vos
1355 2164 1557 2221 habere
1589 2179 1770 2236 regem
1806 2163 1860 2218 di

2006 2166 2385 2240 παραπλησίως
2410 2171 2524 2233 τοῖς
2558 2169 2765 2234 λοιποῖς
2798 2170 2975 2225 ἔθνεσι
3003 2172 3274 2244 φήσαντες
3293 2173 3401 2229 δεῖν
3426 2173 3572 2245 ἔχειν

312 2269 522 2325 centes,
542 2259 638 2330 qui
669 2258 829 2314 vobis
852 2252 979 2313 'usui
1016 2263 1165 2313 esset
1191 2256 1260 2311 ad
1292 2256 1432 2317 bella
1470 2263 1664 2312 contra
1697 2256 1878 2311 alieni

2003 2252 2232 2319 Ξασιλέα,
2268 2254 2328 2318 ὃς
2359 2255 2581 2326 ἀρκέσει
2617 2258 2754 2329 πρὸς
2780 2259 2906 2323 τοὺς
2938 2259 3077 2335 ὑπὲρ
3114 2261 3268 2332 ὑμῶν
3300 2263 3569 2334 πολέμους

311 2346 502 2423 genas.
525 2350 692 2422 Atqui
737 2357 954 2420 tempus
1000 2349 1176 2411 adest,
1208 2362 1318 2419 quo
1369 2346 1877 2402 inconsiderantiam

2004 2347 2099 2408 τοῖς
2142 2345 2478 2421 ἀλλοτρίοιςο
2529 2348 2665 2402 ἀλλὰ
2717 2349 2827 2422 γὰρ
2860 2351 2982 2422 ἥκει
3040 2352 3249 2424 καιρὸς,
3286 2355 3346 2408 ἐν
3395 2347 3570 2424 ᾧτῆς

232 2492 253 2511 ,
310 2450 550 2498 vestram
596 2440 907 2512 agnosectis
963 2459 976 2495 :
1028 2439 1167 2494 nihil
1215 2439 1359 2494 enim
1400 2437 1558 2494 vobis
1587 2438 1798 2508 proderi

2002 2436 2244 2502 ὶὸουλίας
2283 2439 2606 2511 αἰσθήσεσθε
2646 2441 2972 2513 τῆςυοίκείας
2999 2460 3012 2475 ·
3039 2444 3100 2497 ού
3142 2446 3250 2514 γάρ
3277 2462 3331 2498 τι
3375 2445 3568 2516 δφελος

310 2533 367 2589 hi
411 2533 506 2605 qui
554 2546 785 2603 regnare
831 2530 976 2602 apud
1025 2546 1124 2587 vos
1171 2530 1445 2595 videntur,
1494 2527 1765 2600 siquidem
1795 2543 1876 2585 ve-

2001 2529 2313 2600 παρέξουσιν
2346 2530 2473 2600 ύμῖν
2501 2532 2551 2585 οῑ
2580 2531 2886 2602 βασιλεύειν
2910 2535 2968 2588 ἐν
2988 2535 3117 2606 ὑμῖν
3140 2535 3441 2601 δοκοῦντες,
3471 2539 3567 2592 ars

310 2634 437 2680 strte
476 2638 671 2679 omnes
717 2622 882 2678 urbes
916 2635 1024 2677 una
1069 2620 1370 2693 eademque
1400 2620 1558 2674 ruina
1603 2626 1876 2675 eorruent.

2005 2620 2172 2674 τασῶν
2203 2620 2312 2675 τῶν
2346 2622 2405 2674 ἐν
2439 2622 2567 2693 ὑμῖν
2610 2623 2815 2678 πόλεων
2845 2624 2950 2678 ὑπὸ
2993 2626 3122 2696 μίαν
3152 2627 3424 2682 ἀπώλειαν
3469 2647 3571 2683 πε-

309 2714 479 2772 Netno
544 2715 712 2786 igitur
774 2715 871 2770 tibi
927 2712 1095 2784 judex
1155 2714 1282 2778 erit,
1348 2712 1508 2784 quasi
1555 2712 1875 2767 immeritam

2006 2710 2265 2781 πουμένων
2286 2725 2301 2740 '
2328 2714 2389 2783 οὐ
2420 2713 2596 2767 τοίνυν
2641 2715 2761 2768 οὐδέ
2806 2733 2891 2780 τις
2915 2716 3093 2771 αὐτῶν
3121 2722 3298 2789 κρινεῖ
3340 2736 3441 2786 σοι,
3489 2721 3572 2785 ὡς

306 2808 427 2880 63
496 2807 566 2862 ab
631 2805 873 2861 inimicis
928 2803 1331 2876 aggressionem
1396 2804 1658 2874 patiaris;
1711 2817 1872 2874 nequt

2004 2803 2219 2857 ιαταίαν
2275 2803 2430 2876 παρὰ
2457 2803 2567 2860 τῶν
2607 2806 2884 2879 πολεμίων
2935 2810 3301 2865 ἐπανάστασιν
3356 2808 3570 2884 ὑπομέ-

309 2897 482 2951 ullum
567 2894 625 2949 in
711 2893 816 2949 hoe
910 2907 1091 2949 rerum
1169 2900 1314 2949 statu
1406 2893 1670 2948 auxilium
1744 2907 1875 2963 pra:-

2001 2911 2148 2958 ροντι,
2177 2895 2270 2948 καί
2301 2913 2422 2950 τινα
2444 2897 2667 2977 παρέξει
2695 2897 2946 2970 βοήθειαν
2978 2900 3072 2954 ἐπὶ
3101 2903 3352 2966 τούτους·
3378 2905 3567 2975 ἐπειδὴ

307 2987 459 3044 bebit
487 3025 503 3052 ,
556 3000 870 3057 quanquam
959 2986 1063 3040 hoc
1148 2985 1432 3055 potissimo
1499 3001 1684 3057 regum
1757 3001 1873 3058 erga

2003 2983 2140 3037 τοῦτο
2164 2985 2301 3056 πρὸς
2328 2986 2452 3051 τοὺς
2476 2987 2706 3052 οἰκείους
2742 2990 2856 3053 τοῖς
2890 2989 3198 3060 βασιλεῦσιν
3230 2990 3348 3057 ἔθος
3394 2998 3569 3049 ποιεῖν

309 3094 443 3136 suos
496 3077 732 3135 oﬂicium
795 3085 913 3139 est,
972 3084 1034 3131 ut
1090 3077 1321 3146 injurias
1367 3088 1555 3132 eorum
1613 3077 1875 3133 ulciscan-

2004 3078 2062 3141 ιξς
2094 3076 2191 3148 τὴν
2224 3076 2333 3132 τῶν
2382 3080 2752 3151 ἀδικουμένων
2805 3081 3091 3152 βοήθειανο
3129 3083 3377 3155 πολέμιοι
3410 3085 3465 3139 δὲ
3515 3091 3570 3141 οἱ

308 3181 400 3226 tur
441 3189 455 3226 :
503 3182 650 3227 nunc
708 3181 836 3222 vero
888 3168 1074 3223 hostes
1122 3167 1319 3221 mirum
1357 3174 1622 3237 quantum
1661 3168 1874 3237 regibus

2002 3167 2080 3221 θῦν
2115 3168 2363 3223 πλεῖστον
2390 3172 2512 3225 ὅσον
2552 3172 2660 3227 τῶν
2705 3172 3091 3244 βασιλευόντων
3138 3178 3197 3230 ὲν
3245 3178 3373 3248 ὑμῖν
3411 3178 3568 3242 ὄντες

306 3262 506 3319 vestris
544 3259 883 3332 potentiores
933 3267 1089 3328 sunt,
1134 3257 1243 3314 Sed
1281 3267 1460 3313 tamen
1486 3264 1611 3313 cum
1648 3259 1872 3328 petistis,

2005 3260 2343 3333 ἰυνατώτεροι
2364 3279 2378 3293 ·
2410 3264 2644 3336 ὁπηνίκα
2672 3265 2728 3318 δὲ
2755 3268 2933 3337 ῄτεϊτι
2963 3266 3039 3331 ὡς
3067 3268 3154 3321 ἐπ’
3178 3268 3367 3339 ἀγαθῷ
3398 3268 3571 3339 ληψόο

308 3361 571 3424 tanquam
605 3350 811 3421 aliquid
843 3349 974 3405 boni
1029 3348 1328 3419 accepturi,
1358 3349 1504 3419 regis
1534 3349 1874 3420 dignitatem,

2004 3367 2137 3404 tsvot
2172 3352 2267 3405 τοῦ
2303 3353 2566 3423 βασιλέως
2611 3356 2711 3428 τὴν
2739 3358 2935 3429 ἀρχὴν,
2976 3358 3316 3431 θυμούμενος
3366 3362 3457 3415 ἐπὶ
3493 3365 3570 3434 τῇ

308 3445 601 3515 indignans
649 3457 751 3513 ego
794 3441 923 3497 licet
956 3447 1151 3495 vestra!
1189 3439 1488 3520 voluntatis
1516 3438 1874 3510 improbitati,

2001 3442 2254 3514 ιοχθηρίᾳ
2280 3444 2379 3515 τῆς
2405 3444 2631 3519 γνώμης
2664 3449 2761 3518 τῆς
2796 3448 3085 3521 ὑμετέρας,
3112 3453 3261 3522 ὅμως
3289 3454 3567 3525 ἐπέτρεψα.

309 3535 669 3591 nihilominus
717 3540 775 3588 ut
806 3546 986 3603 regem
1044 3530 1317 3587 haberetis
1361 3530 1587 3596 indulsi,
1642 3545 1711 3586 ne
1742 3529 1875 3585 forte

2001 3532 2163 3586 λαϐεῖν
2190 3532 2280 3587 τὸν
2315 3534 2557 3604 βασιλέα,
2591 3537 2666 3600 ὡς
2700 3537 2765 3591 ἂν
2799 3539 2874 3609 μὴ
2911 3539 3292 3611 ἀντιπράττειν
3332 3544 3467 3613 ὑμῖν
3492 3546 3567 3601 τὰ

306 3626 522 3683 viderer
553 3632 748 3681 vestrae
771 3624 988 3695 Optimae
1012 3620 1401 3678 deliberationi
1454 3620 1830 3676 contradicere
1861 3637 1872 3674 :

2010 3623 2239 3681 ἀλλιστα
2262 3626 2403 3699 ὑπὲρ
2423 3628 2631 3681 ἑαυτῶν
2648 3629 3129 3701 διαπραττομένοις
3149 3634 3380 3707 δοκοίην.
3411 3656 3429 3687 ι
3448 3638 3576 3694 Καὶ

306 3718 555 3781 toleravi,
602 3717 848 3787 inquam,
874 3714 928 3770 in
956 3715 1038 3769 ira
1069 3726 1210 3770 mea.
1246 3712 1312 3772 Et
1346 3726 1493 3769 nunc
1523 3712 1726 3784 pariter
1760 3712 1872 3766 ira-

2000 3713 2201 3784 ινέσχον
2232 3715 2291 3769 ἐν
2316 3716 2394 3787 τῷ
2435 3716 2593 3789 θυμῷ
2627 3736 2751 3789 μου.
2793 3739 2810 3772 ι
2842 3722 3190 3792 Θυμούμενοι,
3237 3723 3293 3777 δὲ
3338 3726 3430 3779 καὶ
3460 3727 3566 3780 νῦν

307 3822 396 3868 tus
421 3817 538 3864 tum
561 3807 637 3862 illi
677 3805 848 3862 veteri
880 3813 995 3860 tum
1025 3805 1422 3876 posterioribus
1446 3805 1649 3862 vestris
1673 3804 1873 3875 iniqui-

1998 3805 2070 3858 ιπί
2100 3821 2160 3858 τι
2198 3806 2383 3880 ἐκείνῃ
2427 3808 2520 3861 καὶ
2556 3810 2674 3872 ταῖς
2711 3808 2957 3881 καθεξῆς·
2986 3814 3352 3883 παρανομίαις
3383 3815 3564 3885 ὑμῶν,

307 3902 533 3965 tatibus,
558 3912 738 3955 meum
767 3897 926 3953 vobis
954 3897 1223 3952 auxilium
1256 3897 1514 3963 subduxi,
1544 3897 1759 3965 slvique
1785 3909 1873 3950 vos

2005 3896 2198 3967 ιφεῖλον
2251 3900 2350 3970 μὲν
2401 3900 2555 3970 ὑμῶν
2600 3901 2698 3971 τὴν
2746 3903 2885 3973 ἐμὴν
2920 3904 3448 3974 συμμαχίανοετασα
3501 3907 3571 3960 δὲ

305 4007 372 4047 ex
426 3990 559 4061 ipsis
595 3990 810 4046 discere
873 3988 1060 4053 rebus,
1107 3994 1315 4057 quanto
1360 3988 1557 4042 melius
1582 3985 1765 4041 fuerat
1816 3985 1871 4040 al

2005 3988 2127 4059 ιμᾶς
2180 3987 2240 4052 ἐξ
2276 3989 2453 4043 αὐτῶν
2504 3989 2697 4060 μαθεῖν
2747 3991 2855 4044 τῶν
2893 3994 3252 4063 πραγμάτων,
3300 3995 3459 4066 πόσῳ
3499 3995 3571 4052 δὲ

306 4081 440 4146 illis,
477 4094 615 4149 quos
660 4093 761 4149 ego
803 4093 902 4149 pro
924 4085 1103 4135 vestra
1132 4077 1309 4132 salute
1345 4076 1633 4147 elegerant,
1664 4091 1872 4147 semper

2012 4097 2205 4151 ιμεινον
2234 4081 2361 4152 ὑμῖν
2388 4077 2456 4153 ἦν
2476 4082 2581 4135 ὑπὸ
2608 4085 2718 4147 τοῖς
2738 4086 2865 4156 παρ’
2899 4083 3033 4155 ἐμοῦ
3065 4084 3578 4157 προχειριζομένοις

308 4170 633 4244 gubernari,
696 4184 858 4240 quam
919 4170 1082 4241 regite
1150 4183 1250 4225 vos
1321 4167 1661 4225 committere
1727 4175 1874 4238 pote-

2000 4172 2127 4241 imsp
2174 4171 2277 4242 τῆς
2326 4172 2599 4244 ὑμετέρας
2651 4174 2924 4246 σωτηρίας
2966 4174 3195 4244 ἄγεσθαι
3237 4178 3488 4245 πάντοτε,
3522 4178 3566 4245 ἢ

310 4264 460 4318 stati.
1987 4262 2239 4334 βασιλικῇ
2267 4263 2542 4319 πιστεύειν
2565 4266 2764 4328 αὐτοὺς
2794 4266 3099 4338 δυναστεία.

378 4395 544 4453 \‘sas.
582 4395 768 4451 12-”.
804 4425 873 4435 —
902 4413 920 4445 ι
957 4393 1153 4449 Vortex
1197 4390 1501 4466 iniquitatis
1528 4384 1878 4465 Ephraimus,

2057 4397 2204 4470 Στίχ.
2233 4397 2413 4468 ιβ’-ιδ’.
2438 4430 2508 4442 --
2541 4419 2560 4454 ι
2584 4402 2865 4474 Συστροφὴ
2897 4404 3109 4469 ἀδικίας
3125 4406 3366 4479 Ἐφραὶμ
3390 4407 3447 4462 ὲν
3470 4424 3579 4463 κερ-

308 4504 429 4544 enm
447 4488 663 4546 occulto
678 4496 902 4560 peccato
924 4501 1055 4556 suo;
1087 4486 1302 4544 dolores
1329 4488 1488 4559 quasi
1526 4487 1874 4559 parturientis

2005 4490 2283 4581 ιρυμμένῃ
2308 4492 2554 4581 ἁμαρτίᾳ
2570 4494 2732 4547 αὐτοῦ
2753 4512 2766 4525 ·
2803 4495 2876 4568 (p.
2902 4495 2992 4567 97)
3022 4498 3208 4562 ὠδῖνες
3240 4500 3315 4563 ὡς
3344 4500 3532 4555 τικτού
3550 4531 3571 4543 -

305 4581 529 4638 venient
577 4581 648 4636 ei.
686 4596 705 4634 ι
768 4576 833 4633 Ει
879 4579 1009 4650 quia
1065 4579 1120 4634 in
1182 4580 1439 4634 omnibus
1494 4578 1871 4635 demonstratis

2011 4594 2085 4648 της
2112 4577 2330 4649 ἥξουσιν
2349 4579 2515 4649 αὐτῷ.
2541 4599 2560 4633 ι
2589 4582 2697 4634 Καὶ
2723 4582 2908 4655 ἐπειδὴ
2934 4584 3020 4639 διὰ
3042 4587 3257 4640 πάντων
3285 4588 3577 4659 ἐδείχθητε

308 4675 568 4745 (namque
590 4671 871 4742 Ephraimi
908 4670 1152 4734 nomine,
1184 4685 1335 4725 more
1367 4685 1491 4734 suo,
1520 4678 1777 4743 tanquam
1820 4688 1874 4728 ex

2010 4668 2114 4724 ἀπὸ
2144 4670 2253 4741 γὰρ
2281 4670 2391 4723 τῶν
2428 4673 2668 4743 Ἐφραὶμ
2699 4675 2964 4740 εἰωθότως
2997 4677 3072 4741 ὡς
3106 4678 3214 4731 ἀπὸ
3248 4679 3445 4750 μέρους
3468 4679 3576 4733 λέ-

308 4770 462 4838 parte
493 4772 666 4819 totum
701 4761 855 4831 dicit)
886 4761 1258 4817 vehementem
1287 4761 1579 4831 quemdam
1620 4763 1874 4833 impetum

2012 4777 2071 4814 ἐι
2093 4761 2153 4814 τὸ
2181 4762 2311 4833 πᾶν)
2345 4763 2545 4835 πολλήν
2576 4782 2697 4818 τινα
2719 4766 2818 4838 τὴν
2848 4771 3155 4841 συστροφὴν
3189 4772 3283 4824 καὶ
3311 4772 3407 4843 τὴν
3436 4773 3578 4826 ἐπι-

308 4871 373 4913 ac
404 4855 751 4913 sedulitatem
787 4850 1138 4905 multifariam
1169 4850 1337 4923 impie
1365 4851 1558 4922 agendi
1596 4853 1874 4923 peccandi.

2011 4853 2204 4905 ιέλειαν
2232 4853 2447 4922 ἔχοντες
2483 4855 2591 4908 τῶν
2620 4856 2879 4919 ποικίλως
2909 4859 3126 4914 ἀσεϐεῖν
3155 4878 3213 4914 τε
3248 4863 3343 4915 καὶ
3378 4863 3577 4934 ἀμαρ-

248 4964 259 4974 '
304 4963 413 5020 que
444 4945 711 5002 adversus
749 4956 855 5007 me,
904 4941 1209 5012 mentisque
1262 4950 1460 4999 vestra:
1512 4943 1769 5014 cogitatio

2016 4942 2161 4996 ἀνειν
2199 4946 2278 5007 εἰς
2327 4944 2446 5015 ἐμὲ,
2474 4947 2531 4998 ἐν
2571 4946 2768 5019 μελέτῃ
2799 4965 2856 5000 τε
2879 4950 2943 5018 τῇ
2968 4949 3108 5003 κατὰ
3138 4950 3377 5006 διάνοιαν
3411 4952 3582 5010 ἐστὶν

305 5040 507 5096 delicto
561 5046 674 5093 tota
727 5033 980 5107 deligitur
1040 5035 1167 5105 (hoc
1221 5035 1363 5090 enim
1421 5035 1555 5090 dicit
1600 5034 1871 5091 occultum

2023 5036 2113 5104 μῖν
2128 5033 2189 5087 τὸ
2214 5034 2550 5106 ἁμαρτάνειν
2567 5037 2746 5108 (τοῦτο
2775 5040 2881 5111 γὰρ
2906 5042 3361 5113 ἐγκεκρυμμένην
3382 5040 3582 5114 ἁμαρ-

306 5140 612 5203 peccatum,
641 5142 838 5201 nempe
858 5128 984 5199 quia
1010 5127 1177 5183 animi
1217 5124 1644 5183 deliberationes
1678 5127 1872 5199 ignota:

2014 5124 2106 5178 ίαν
2140 5122 2309 5194 λέγει,
2342 5126 2401 5179 τὺ
2424 5128 2493 5181 τὰ
2524 5129 2624 5200 τῆς
2650 5129 2828 5201 ψυχῆς
2858 5130 3199 5203 βουλεύματα
3233 5134 3402 5206 ἄδηλα
3448 5139 3580 5204 τοῖς

306 5221 545 5276 externis
577 5224 750 5292 sunt),
784 5230 1097 5292 propterea,
1127 5220 1326 5291 inquit,
1360 5220 1413 5275 in
1460 5226 1539 5275 tot
1588 5226 1872 5289 tantasque

2018 5214 2136 5279 κτδς
2164 5215 2478 5289 ὑπάρχειν),
2511 5218 2651 5292 ὑπὲρ
2673 5219 2737 5292 δὴ
2782 5221 2987 5277 τούτων
3006 5264 3020 5285 ,
3074 5226 3207 5296 φησὶ
3229 5208 3584 5295 [τοιαύταις

310 5311 564 5366 incidetis
595 5325 809 5381 ρωπος,
858 5320 918 5366 ιιι
945 5312 1107 5389 quasi
1137 5311 1334 5366 mulier
1364 5311 1419 5365 in
1450 5316 1613 5380 partu
1661 5309 1876 5373 dolens,

2016 5308 2367 5379 ιεριπεσεῖσθε
2416 5311 2726 5381 τιμωρίαις,
2767 5312 2908 5367 ὥστε
2950 5316 3104 5386 δίκην
3146 5318 3401 5386 γυναικὸς
3433 5319 3582 5373 (38t-

308 5401 478 5456 futuri
506 5401 630 5463 sitis
645 5411 864 5471 propter
882 5402 1253 5473 ingruentium
1279 5399 1547 5454 malorum
1578 5399 1874 5454 cruciatus.

2018 5396 2182 5468 ούσης
2215 5397 2373 5469 ἐντῷ
2402 5400 2604 5455 τίκτειν
2646 5403 2964 5475 συνέχεσθαι
3000 5411 3119 5472 τοῖς
3158 5406 3265 5461 τῶν
3295 5408 3584 5480 ἐπεληλυ-

314 5513 334 5545 ι
372 5486 597 5547 ﬂicciue
625 5489 769 5548 ﬁlius
807 5502 933 5548 tuus
955 5490 1238 5563 prudens?
1269 5510 1288 5545 ι
1323 5488 1574 5547 Haeccine
1599 5489 1880 5560 sapientiae

2024 5488 2159 5540 ὁτων
2190 5487 2318 5558 ὑμῖν
2343 5488 2529 5543 κακῶν
2555 5490 2782 5556 ὀδύναις.
2827 5513 2846 5544 ι
2869 5487 3038 5559 Οὗτος
3063 5496 3092 5550 ὁ
3114 5494 3229 5561 υἱός
3262 5513 3354 5549 σου
3376 5497 3403 5550 ὀ
3426 5497 3587 5567 φρό-

309 5592 504 5641 vestrte
534 5598 721 5655 opera,
763 5582 856 5654 qui
878 5583 1187 5639 discernere
1226 5581 1561 5647 nescivistis,
1617 5590 1875 5651 quantum

2023 5593 2177 5646 ιμος;
2207 5594 2226 5628 ι
2278 5575 2462 5631 Ταῦτα
2488 5578 2589 5649 τῆς
2627 5580 2892 5645 συνέσεως
2923 5582 3077 5652 ὑμῶν
3102 5582 3171 5635 τὰ
3201 5582 3359 5653 ἔργα,
3381 5581 3430 5634 οἳ
3462 5583 3589 5639 οὐκ

308 5674 526 5733 intersit
577 5674 718 5730 inter
775 5673 1005 5743 gratiam
1027 5686 1200 5726 meam
1232 5687 1296 5726 ac
1321 5672 1572 5745 tutelam,
1603 5678 1656 5724 et
1711 5668 1874 5724 decli.

2021 5666 2294 5738 ιδυνήθητε
2330 5667 2602 5740 διακρῖναι
2644 5670 2811 5726 πόσον
2841 5673 2957 5725 ἐστὶ
2986 5674 3043 5727 τὸ
3071 5674 3324 5743 διάφορον
3350 5669 3471 5742 ἐμοί
3504 5688 3587 5728 τε

309 5768 583 5825 nationem
615 5766 682 5824 ad
722 5765 865 5822 idola
923 5771 1084 5832 atque
1117 5763 1182 5817 ad
1222 5776 1387 5831 opera
1429 5761 1697 5815 voluntati
1748 5775 1875 5815 mea:

2031 5757 2264 5829 ρέσκειν,
2290 5758 2382 5843 καὶ
2410 5760 2516 5814 ὑπὸ
2549 5761 2647 5834 τὴν
2685 5762 3002 5834 ἐπιμέλειαν
3041 5760 3180 5819 εῖναι
3204 5765 3301 5835 τὴν
3331 5761 3501 5831 δμὴν,
3541 5766 3591 5835 ἢ
