3966 6134
424 397 532 455 207

1606 395 1951 455 TllEODORI
1992 394 2470 454 MOPSUESTENI

3554 392 3665 453 208

424 512 619 582 majori
670 515 841 584 pretio
899 515 1192 573 habebatur
1238 516 1479 574 funditus
1537 517 1799 573 destruet.
1852 513 1988 568 Nam

2105 513 2158 584 δή
2212 514 2279 568 τὰ
2333 513 2605 586 προσόντα
2649 513 2818 583 αὐτῷ,
2854 514 2948 568 καὶ
2989 512 3188 585 πολλῆς
3239 510 3516 583 ἠξιωμένα
3562 509 3664 583 τῆς

425 603 626 670 verbis,
646 622 665 656 ι
690 603 792 660 Ubi
825 607 955 663 ultio
985 616 1097 672 tua.
1131 610 1320 665 mors?
1346 609 1435 664 ubi
1461 607 1716 663 stimulus
1746 604 1992 671 tuus,in-

423 687 612 746 ferne?
634 709 652 743 ι
674 692 1052 765 subjungitur:
1070 716 1089 749 ι
1104 695 1395 770 Propterea
1414 697 1505 752 hic
1520 697 1661 753 inter
1674 697 1873 753 fratres
1904 694 1991 749 di-

425 777 587 843 videt,
613 798 632 832 ι
664 788 718 835 et
738 781 1054 852 reliqua;ita
1079 792 1257 839 tamen
1284 792 1344 839 ut
1369 785 1689 840 intermedia
1706 785 1813 840 sint
1831 783 1991 840 verba

422 867 511 922 illa
541 890 552 924 :
578 887 597 920 ι
616 869 932 927 Consolatio
947 873 1264 929 abscondita
1286 883 1372 931 est
1394 876 1462 931 ab
1490 877 1664 930 oculis
1696 876 1837 941 tuis;
1864 894 1885 928 ι
1916 875 1993 931 si-

421 959 714 1028 gnificante
742 962 1027 1032 propheta,
1061 972 1381 1021 eventurum
1410 965 1539 1021 illud
1582 965 1727 1035 quod
1765 960 2007 1021 eatenus

425 1050 645 1107 latebat.
686 1052 791 1107 Sed
841 1055 987 1109 enim
1031 1065 1317 1127 postquam
1352 1057 1593 1126 ipsorum
1632 1059 1686 1112 in
1717 1058 1991 1113 meliorem

425 1149 627 1197 statum
660 1145 795 1201 dixit
813 1149 1245 1213 conversionem,
1271 1149 1512 1219 loquitur
1541 1165 1734 1206 rursus
1768 1150 1835 1205 de
1867 1164 1992 1209 mox

424 1244 745 1306 correptum
774 1237 991 1294 eosdem
1017 1238 1217 1309 poenali
1247 1239 1576 1294 calamitate.

1046 1328 1200 1384 CAP.
1240 1327 1381 1384 XIV.

498 1417 662 1474 Vens.
703 1420 813 1491 1-3.
849 1448 922 1463 -
965 1436 985 1471 ι
1038 1419 1359 1476 Destruetur
1418 1420 1688 1485 Sam‘aria,
1735 1420 1993 1490 quoniam

427 1507 481 1561 in
508 1506 673 1563 Deum
706 1523 864 1563 suum
889 1508 1190 1563 rebellavit.
1216 1507 1409 1563 Gladio
1433 1508 1662 1576 cadent;
1702 1517 1817 1562 tum
1873 1509 1995 1562 illo-

423 1617 543 1656 rum
564 1603 822 1658 lactentes
853 1602 971 1658 solo
997 1600 1322 1669 allidentur;
1347 1612 1400 1658 et
1428 1601 1549 1658 fetae
1582 1602 1825 1672 ipsorum
1852 1601 1996 1657 scin-

422 1696 637 1751 dentur.
688 1714 707 1747 ι
760 1694 915 1750 Tunc
955 1708 1105 1765 ergo,
1167 1694 1364 1763 inquit,
1415 1693 1672 1764 praedicta
1733 1692 1993 1748 beneficia

423 1785 699 1855 insperato
727 1783 969 1838 conferet
984 1782 1245 1839 Dominus
1268 1782 1514 1852 captivis.
1540 1779 1648 1836 Sed
1700 1788 1828 1835 ante
1860 1778 1994 1834 illud

424 1885 642 1947 tempus
657 1875 912 1944 corripiet
931 1887 1026 1929 eos
1044 1871 1269 1927 exitium
1285 1872 1686 1942 gravissimum,
1708 1878 1992 1940 propterea

424 1968 569 2037 quod
593 1967 868 2021 contraria
898 1964 1008 2020 Deo
1031 1948 1257 2019 fecerint
1286 1982 1299 2019 :
1332 1953 1564 2033 namque
1579 1962 1991 2018 acerbissimum

422 2058 775 2129 experientur
828 2057 1049 2122 bellum,
1105 2056 1162 2111 in
1207 2064 1417 2110 tantum
1453 2062 1513 2109 ut
1559 2070 1628 2110 ne
1676 2054 1992 2109 lactentiuut

428 2149 647 2221 quidem
678 2150 1024 2220 parvulorum
1060 2148 1182 2220 #66
1206 2146 1480 2202 miserturi
1518 2146 1630 2203 sint
1665 2147 1869 2211 hostes,
1901 2161 1995 2200 ne—

428 2258 538 2314 que
565 2243 848 2297 mulierum
873 2240 1242 2312 gravidarum.
1281 2237 1393 2308 Age
1430 2252 1559 2293 vero
1588 2245 1877 2307 postquam
1899 2253 1996 2294 eos

428 2339 814 2388 eventurorum
892 2329 1157 2384 malorum
1188 2326 1707 2381 commemoratione
1755 2326 1889 2382 satis
1927 2327 1991 2381 ad

426 2422 750 2479 modestiam
801 2423 1130 2492 composuit,
1169 2435 1316 2475 nunc
1350 2418 1699 2489 promissioni
1733 2418 1995 2474 insistens

424 2528 589 2585 quam
626 2513 682 2568 in
714 2512 1088 2583 superioribus
1121 2510 1268 2578 fecit,
1305 2510 1653 2579 futuramque
1678 2508 1786 2564 illis
1827 2510 1992 2564 mole-

430 2604 662 2663 stiarum
716 2602 1039 2659 solutionem
1072 2600 1421 2687 portendens,
1443 2599 1521 2656 ait
1552 2616 1611 2655 ιι
1646 2597 1994 2660 Convertere.

434 2692 622 2759 Israel,
651 2692 719 2748 ad
753 2691 1038 2748 Dominum
1062 2690 1231 2747 Deum
1271 2698 1444 2755 tuum,
1473 2688 1733 2759 quoniam
1766 2688 1999 2743 infirma-

434 2791 528 2838 tus
569 2797 630 2839 es
668 2784 725 2838 in
778 2781 1160 2853 iniquitatibus
1222 2779 1354 2835 tuis.
1392 2796 1412 2830 ι
1466 2778 1575 2849 Age
1617 2776 1750 2848 jam,
1787 2778 2000 2846 respice

430 2873 594 2927 modo
641 2873 707 2927 ad
743 2871 951 2940 Deum;
994 2880 1047 2929 et
1106 2871 1435 2926 voluntatem
1464 2868 1583 2937 ejus
1628 2869 1995 2935 considerans,

432 2963 491 3018 in
540 2970 796 3033 quantam
847 2962 1060 3019 veneris
1114 2962 1185 3017 ob
1222 2960 1417 3016 delicta
1480 2968 1573 3015 tua
1630 2959 1998 3015 infirmitatem

320 3054 323 3057 ’
431 3067 704 3123 cognosce
738 3069 753 3105 :
807 3061 1014 3108 etcum
1045 3053 1320 3123 insperato
1348 3051 1776 3113 incumbentium
1821 3051 1999 3105 malo-

2096 603 2336 675 σπουδῆς
2368 605 2589 673 ἀφανιεῖ
2614 603 2894 672 καθάπαξ·
2920 604 3054 676 πρὸς
3074 604 3181 676 γὰρ
3206 602 3289 668 τὸ,
3307 622 3327 655 ι
3351 603 3462 656 Ποῦ
3484 604 3518 675 ή
3541 602 3663 675 δίκη

2093 708 2208 758 σου,
2252 693 2471 761 θάνατε;
2500 695 2604 749 ποῦ
2628 688 2706 748 ’τὸ
2756 694 2978 766 κέντρον
3015 711 3131 759 σου,
3159 693 3332 766 ᾅδης)
3383 693 3616 764 ἐπῆκται
3645 707 3664 724 ⁶

2099 803 2116 836 ι
2146 785 2289 838 Διότι
2334 779 2488 850 οὗτος
2536 787 2640 840 ἀνά
2685 786 2847 858 μέσον
2886 772 3131 856 ἀδελφῶν
3173 785 3469 847 διαστελεῖ,
3509 803 3528 835 ι
3570 784 3667 837 καὶ

2091 875 2159 929 τὰ
2189 875 2314 944 ἑξῆς
2337 894 2348 905 ·
2384 875 2526 930 ὥστε
2555 871 2694 930 εἶναι
2725 875 2814 930 διὰ
2842 876 3029 947 μέσου,
3060 877 3121 930 τὸ
3161 895 3178 926 ι
3209 874 3557 946 Παράκλησις
3582 874 3669 927 κέ-

2092 982 2331 1037 κρυπται
2379 965 2487 1019 ἀπὸ
2528 965 2819 1036 ὀφθαλμῶν
2867 980 2981 1027 σου,
3013 984 3030 1016 ι
3065 964 3369 1037 δηλοῦντος,
3397 965 3476 1016 ὅτι
3507 963 3669 1031 γενή-

2094 1073 2244 1110 σεται
2266 1056 2423 1111 τοῦτο
2448 1057 2477 1110 δ
2502 1056 2597 1110 νῦν
2643 1058 2827 1121 αὐτοῖς
2853 1056 3045 1127 ἄδηλόν
3068 1059 3185 1110 ἐστι
3212 1057 3368 1119 τέως.
3407 1050 3540 1108 Εἶτα
3565 1055 3668 1126 τὴν
3701 1070 3707 1074 ·

2093 1149 2185 1201 ἐπὶ
2204 1148 2265 1200 τὸ
2291 1149 2536 1218 κρεῖττον
2555 1148 2732 1202 αὐτῶν
2764 1148 3066 1219 μεταϐολὴν
3091 1147 3349 1219 εἰρηκὼς,
3387 1146 3535 1216 λέγει
3556 1144 3666 1200 πά-

2093 1239 2175 1293 λιν
2202 1238 2298 1312 τὴν
2323 1238 2418 1293 νῦν
2449 1238 2780 1305 καθέξουσαν
2809 1240 3007 1303 αὐτοὺς
3033 1239 3324 1311 τιμωρίαν.

2731 1330 2888 1382 ΚΕΦ.
2933 1329 3031 1384 ΙΔ⁹.

2165 1421 2309 1490 Στίχ.
2338 1419 2491 1488 α’-γ’.
2513 1450 2580 1461 -—
2597 1437 2615 1470 ι
2640 1418 3097 1488 Ἀφανισθήσεται
3116 1416 3419 1487 Σαμάρεια,
3435 1416 3518 1470 ὃτι
3543 1418 3671 1471 ἀντι

2096 1510 2226 1580 έστη
2270 1510 2405 1581 πρὸς
2451 1511 2541 1563 τὸν
2566 1510 2698 1563 Θεὸν
2739 1510 2939 1580 αύτῆςθ
2981 1511 3040 1562 ἐν
3085 1508 3329 1579 ῥομφαίᾳ
3355 1507 3665 1571 πεσοῦνται,

2096 1602 2190 1654 καὶ
2224 1602 2293 1655 τὰ
2339 1602 2623 1655 ὑποτίτθια
2664 1602 2844 1655 αὐτῶν
2881 1600 3349 1672 ἐδαφισθήσονται,
3400 1600 3495 1653 καὶ
3522 1602 3577 1654 αἱ
3608 1603 3669 1653 ἐν

2095 1696 2292 1765 γαστρὶ
2322 1692 2498 1747 αὐτῶν
2545 1693 2762 1763 ἔχουσαι
2809 1694 3283 1765 διαρραγήσονται.
3313 1710 3332 1745 ι
3387 1692 3519 1744 Τότε
3568 1692 3669 1762 μὲν

2096 1780 2209 1847 οὖν.
2236 1785 2421 1854 φησιν,
2465 1785 2647 1838 ἐκεῖνα
2686 1784 2914 1856 παρέξει
2947 1784 3098 1854 παρά
3130 1786 3311 1837 πᾶσαν
3332 1776 3528 1837 ’ἐλπίδα
3555 1787 3672 1848 τοῖς

2094 1876 2371 1945 γεγονόσιν
2400 1876 2798 1946 αἰχμαλώτοις*
2848 1876 2953 1945 πρὸ
2973 1877 3029 1930 δέ
3065 1893 3128 1945 γε
3176 1877 3398 1930 ἐκείνων
3432 1876 3641 1948 καταλή
3661 1907 3673 1918 -

2092 1965 2252 2036 ψεται
2267 1966 2361 2021 νῦν
2388 1967 2582 2031 αὐτοὺς
2604 1966 2847 2021 ἀπώλεια
2872 1967 3169 2039 βαρυτάτη,
3193 1967 3333 2038 ὑπὲρ
3360 1960 3434 2019 ὧν
3453 1969 3673 2021 ἐναντία

2094 2059 2297 2113 εἴλοντο
2344 2059 2421 2129 τῷ
2457 2058 2603 2130 Θειῖν
2667 2059 2904 2128 πολέμου
2952 2057 3059 2127 γὰρ
3103 2059 3160 2111 ἐν
3196 2058 3364 2129 πείρᾳ
3399 2060 3675 2129 καταστήο

2096 2166 2276 2204 σονται
2303 2151 2652 2219 πικροτάτου,
2676 2148 2751 2213 ὡς
2783 2150 2921 2220 μήτε
2953 2149 3061 2202 τῶν
3090 2148 3172 2202 ἐτι
3201 2139 3674 2220 γαλακτοτροφου·

2097 2236 2272 2314 μένων
2299 2242 2526 2295 παιδίων
2556 2240 2700 2294 ἔλεον
2740 2236 2880 2295 εῖναι
2909 2239 3209 2310 πολεμίοις,
3254 2241 3391 2311 μήτε
3430 2240 3539 2311 μὴν
3563 2238 3674 2294 τῶν

2097 2332 2371 2403 γυναικῶν
2388 2332 2495 2387 τῶν
2515 2334 2726 2402 ἐγκύων
2740 2349 2752 2362 ·
2774 2333 2865 2387 καὶ
2884 2332 3179 2403 ἐπειδήπερ
3194 2332 3389 2395 αὐτοὺς
3399 2334 3464 2402 τῇ
3484 2332 3588 2402 μνή
3598 2346 3678 2403 μη

2104 2424 2216 2479 τῶν
2248 2424 2707 2495 καταληψομένων
2746 2425 2939 2488 αὐτοὺς
2970 2425 3155 2478 κακῶν
3185 2424 3544 2495 ἐσωφρόνισεν
3571 2422 3674 2476 αύ-

2095 2515 2333 2586 τάρκως,
2364 2514 2670 2568 ἀκολουθῶν
2697 2517 2763 2585 τῇ
2795 2514 3098 2585 ἐπαγγελίᾳ
3129 2516 3196 2585 ἥν
3228 2514 3292 2571 ἐν
3323 2516 3435 2577 τοῖς
3471 2512 3679 2566 ἀνωτέ-
3738 2522 3747 2531 ’

2101 2621 2214 2676 ροις
2249 2606 2565 2676 ἐποιήσατο,
2609 2605 2685 2677 (p.
2718 2606 2842 2677 100)
2887 2607 2987 2678 τήν
3018 2605 3282 2676 ἐσομένην
3310 2605 3491 2666 αὐτοῖς
3520 2603 3677 2657 λύσιν

2098 2695 2206 2750 τῶν
2216 2696 2472 2770 λυπηρῶν
2489 2695 2949 2766 μηνύων,ἐπάγει·
2964 2713 2982 2744 ι
3005 2692 3421 2765 Ἐπιστράφηθι,
3437 2689 3675 2762 Ἰσραὴλ,

2100 2785 2235 2857 πρὸς
2273 2786 2475 2857 Κύριον
2502 2787 2591 2841 τὸν
2631 2786 2764 2840 Θεόν
2811 2802 2926 2850 σου,
2960 2785 3093 2838 διότι
3125 2785 3429 2854 ὴσθένησας
3467 2785 3524 2835 ἐν
3552 2785 3677 2845 ταῖς

2098 2873 2330 2937 ἀδικίαις
2359 2891 2476 2928 σου.
2514 2891 2535 2925 ι
2595 2872 2755 2926 Ἀλλὰ
2798 2872 2908 2942 γὰρ
2953 2871 3049 2925 νῦν
3089 2869 3155 2941 δὴ
3188 2868 3376 2923 νεῦσον
3405 2867 3538 2939 πρὸς
3583 2867 3680 2921 τὸν

2099 2965 2253 3033 Θεὸν,
2306 2966 2400 3020 κα)⁸
2429 2963 2500 3019 τὰ
2548 2963 2693 3034 αὐτῷ
2724 2961 2984 3016 δοκοῦντα
3012 2961 3491 3032 ἀναλογισάμενος,
3532 2959 3682 3029 ὑπὲρ

2100 3050 2176 3112 ὧν
2203 3057 2446 3128 ὴσέϐεις,
2467 3058 2546 3122 είς
2577 3057 2707 3127 ὂσην
2735 3055 3074 3126 κατηνέχθης
3098 3053 3382 3128 ἀσθένειαν
3408 3071 3421 3084 ·
3461 3051 3555 3106 καὶ
3580 3052 3687 3103 λα-

434 3159 555 3198 rum
603 3143 925 3200 solutionem
968 3143 1046 3199 sis
1088 3152 1302 3209 nactus,
1339 3143 1408 3199 da
1430 3158 1649 3214 operam
1710 3155 1773 3198 ut
1802 3144 1998 3199 debitis

2105 3149 2210 3204 ϐὼν
2246 3152 2373 3222 παρ’
2402 3148 2591 3202 ἐλπίδα
2642 3147 2750 3201 τῶν
2802 3146 3312 3217 προσπεπτωκότων
3360 3143 3541 3199 κακῶν
3576 3142 3685 3213 τὴν

433 3236 623 3294 ciliciis
661 3238 716 3291 in
773 3243 1050 3308 posterum
1086 3235 1474 3308 defungarisq
1503 3234 1699 3291 Tollite
1718 3235 1997 3292 vobiscum

346 3370 351 3375 -
432 3331 621 3395 verba,
652 3334 706 3384 ct
734 3327 1113 3384 convertimini
1130 3326 1197 3382 ad
1229 3326 1517 3381 Dominum
1538 3326 1707 3381 Deum
1734 3333 1996 3382 vestrum.

432 3419 605 3475 Dicite
632 3419 682 3474 ei
721 3437 735 3473 :
776 3417 940 3475 Potes
989 3433 1153 3475 omne
1207 3417 1423 3473 auferre
1469 3425 1793 3488 peccatum;
1826 3427 1884 3473 ut
1926 3417 2021 3472 ita‘

434 3526 545 3566 non
584 3510 878 3567 assumatis
923 3509 1288 3580 iniquitatem,
1337 3508 1433 3565 sed
1479 3509 1713 3581 capiatis
1770 3509 1930 3564 bona.
1976 3526 1996 3562 ι

394 3642 409 3665 ,
437 3603 550 3658 Hos
568 3600 967 3672 quodaminodo
992 3613 1275 3656 sermones
1304 3599 1444 3655 inter
1479 3614 1575 3655 vos
1604 3606 1793 3655 mutuo
1815 3601 2001 3665 serite,

434 3691 635 3762 quibus
668 3705 859 3747 omnes
893 3705 989 3761 per
1013 3690 1196 3745 omnia
1224 3688 1295 3743 ad
1334 3688 1501 3744 Deum
1523 3686 1790 3756 tendatis;
1821 3696 2003 3744 certa-

435 3799 543 3854 que
570 3783 673 3839 lide
691 3782 929 3839 credatis
960 3798 1121 3853 posse
1146 3781 1313 3838 Deum
1346 3790 1529 3838 vestra
1564 3782 1748 3837 omnia
1776 3789 2004 3852 peccata

436 3876 636 3943 delere,
692 3875 738 3932 si
786 3882 935 3931 certe
974 3890 1072 3931 vos
1111 3874 1439 3951 pmuitentes
1469 3873 1524 3928 in
1557 3872 2005 3943 contingentibus

436 3969 634 4025 viderit
687 3969 1136 4025 calamitatibus:
1176 3974 1342 4039 atque
1387 3967 1498 4037 jam
1537 3968 1685 4021 omni
1731 3966 2008 4036 impietate

434 4057 639 4114 omissa
658 4096 675 4122 ,
708 4056 927 4114 uberem
954 4057 1317 4129 iutpetrabitis
1346 4056 1613 4112 bonorum
1646 4071 1677 4111 a
1703 4054 1813 4111 Deo
1844 4055 2009 4127 largi-

439 4151 664 4205 tionem.
712 4149 994 4219 Simulque
1017 4150 1251 4204 invioem
1285 4147 1672 4213 exhortemini,
1704 4147 1772 4203 ad
1813 4162 2011 4219 perpe-

439 4251 566 4298 tuos
596 4240 673 4295 illi
716 4241 945 4312 hymnos
986 4250 1041 4296 et
1063 4240 1362 4313 gratiarum
1409 4240 1653 4298 actiones
1687 4240 1758 4296 ob
1787 4255 1850 4296 ea
1885 4253 2009 4310 qua:

440 4332 732 4404 possidetis
754 4333 922 4400 bona,
950 4331 1306 4389 attollendos.
1364 4340 1369 4345 '

508 4583 675 4640 Vsus.
706 4583 822 4640 4-8.
847 4615 915 4629 -—
946 4601 966 4636 ι
1022 4589 1196 4640 Assur
1233 4598 1341 4639 non
1381 4582 1612 4640 salvabit
1661 4597 1798 4651 nos;
1841 4598 2008 4654 super

438 4689 612 4748 equos
627 4691 736 4732 non
753 4676 1142 4742 ascendemus;
1174 4675 1317 4729 haud
1337 4674 1480 4729 ultra
1494 4675 1743 4730 dicemus
1773 4674 2006 4745 opificiis

447 4767 694 4826 nostris:
730 4766 813 4821 Dii
840 4766 1013 4822 nostri
1046 4765 1200 4821 estis.
1247 4783 1265 4819 ι
1292 4762 1412 4819 Non
1443 4765 1589 4820 enim
1611 4765 1820 4836 Assyrii
1852 4765 2008 4822 dein-

440 4877 574 4933 ceps
631 4857 995 4930 indigebimus
1029 4856 1253 4922 auxilio,
1313 4855 1441 4910 facti
1465 4855 1579 4926 jam
1611 4857 1663 4912 ei
1694 4840 2023 4924 superiores-

436 4956 510 5011 ob
554 4953 801 5012 divinum
857 4948 1240 5020 patrocinium.
1271 4946 1455 5018 Neque
1475 4947 1632 5018 equis
1674 4955 1887 5004 utentes
1940 4948 2009 5004 ad

439 5048 621 5120 fugam
668 5041 1072 5116 spectabimus;
1103 5040 1260 5097 adest
1310 5040 1455 5097 enim
1493 5039 1788 5095 auxiliator
1844 5039 2011 5097 Deus.

441 5138 578 5193 Tum
610 5139 758 5195 etab
789 5136 884 5191 illo
931 5148 1119 5191 errore
1169 5133 1357 5204 procul
1397 5140 1582 5203 postea
1631 5134 1860 5199 erimus,
1919 5149 2015 5190 eos

442 5246 579 5300 quos
628 5231 731 5299 ipsi
786 5228 1038 5293 fecimus,
1080 5225 1214 5282 deos
1254 5223 1581 5295 appellandi.
1635 5244 1656 5278 ι
1694 5224 1833 5293 Quia
1874 5225 1929 5283 in
1961 5235 2015 5284 te

447 5323 792 5376 miserebitur
818 5320 1028 5391 pupilli.
1062 5338 1083 5372 ι
1118 5318 1251 5374 Date
1279 5332 1497 5389 operam
1529 5324 1589 5373 ut
1621 5334 1729 5373 una
1768 5333 1892 5373 cum
1921 5320 2017 5378 be-

447 5413 627 5468 nivolo
645 5413 968 5482 sinceroque
995 5426 1121 5482 erga
1141 5412 1305 5467 Deum
1323 5408 1540 5475 affectu,
1562 5410 1836 5479 egentium
1875 5426 2013 5480 quo-

446 5520 555 5575 que
586 5504 971 5559 misereamini.
1029 5522 1048 5554 ι
1083 5503 1301 5558 Sanabo
1353 5502 1723 5558 habitationes
1779 5517 2008 5569 eorum;

446 5596 669 5667 diligam
715 5609 810 5651 eos
836 5593 1142 5653 manifeste.
1174 5596 1302 5663 quia
1353 5608 1579 5650 aversus
1611 5594 1719 5663 67
1742 5603 1825 5649 est
1859 5592 2012 5648 furor

445 5703 602 5745 meus
629 5685 699 5742 ab
748 5687 849 5742 eis.
890 5703 909 5736 ι
939 5684 995 5737 Si
1046 5685 1141 5747 ita,
1197 5685 1392 5755 inquit.
1432 5693 1482 5738 te
1520 5684 1779 5753 gesseris,
1821 5684 2013 5743 audies

447 5777 618 5838 Deum
648 5779 762 5837 hcc
778 5776 1178 5851 promittentem
1214 5786 1376 5846 atque
1403 5776 1713 5843 facientem,
1742 5784 1902 5850 teque
1958 5779 2013 5835 in

2101 3242 2277 3307 λύσιν,
2321 3237 2697 3309 ἐπιμελεῖσθαι
2726 3236 2913 3290 λοιπὸν
2948 3235 3214 3299 σπούδαζε
3239 3233 3331 3287 τοῦ
3372 3234 3684 3303 προσήκον-

2102 3350 2212 3399 τος.
2245 3349 2262 3382 ι
2287 3330 2603 3383 Ἀναλάϐετε
2643 3327 2761 3398 μεθ’
2800 3324 3010 3380 ἑαυτῶν
3038 3325 3249 3393 λόγους,
3284 3325 3380 3377 καὶ
3410 3320 3682 3390 ὲπιστρὰο

2104 3439 2242 3494 φητε
2292 3420 2427 3491 πρὸς
2464 3418 2665 3488 Κύριον
2716 3417 2807 3475 τὸν
2839 3416 2972 3471 Θεὸν
3016 3415 3170 3487 ὑμῶν
3196 3432 3210 3446 ’
3264 3415 3453 3468 εἴπατε
3500 3409 3682 3482 αὐτῷ,

2104 3515 2335 3567 Δύνασαι
2368 3514 2547 3565 πᾶσαν
2574 3511 2826 3581 ἀφαιρεῖν
2857 3509 3128 3579 ἁμαρτίαν
3150 3508 3337 3575 ’,ὅπως
3368 3505 3446 3575 μὴ
3469 3503 3681 3575 λάϐητε

2106 3602 2339 3666 ἀδικίαν,
2374 3603 2469 3655 καὶ
2503 3601 2590 3654 ἵνα
2631 3599 2834 3670 λάϐητε
2864 3598 3060 3669 ἀγαθά.
3094 3617 3113 3650 ι
3162 3597 3434 3658 Τοιούτοις
3470 3595 3532 3664 δή
3561 3611 3681 3648 τισι

2108 3693 2245 3767 πρὸς
2273 3692 2535 3762 ἀλλήλους
2563 3691 2838 3763 χρήσασθε
2870 3693 2984 3752 τοῖς
3014 3675 3212 3756 λόγοις,
3244 3687 3311 3740 δι’
3355 3679 3428 3738 ὧν
3455 3684 3684 3739 νεύσετε

2109 3784 2209 3855 μὲν
2245 3783 2356 3836 ὅλοι
2386 3781 2451 3835 δι’
2486 3782 2622 3835 ὅλων
2657 3780 2791 3852 πρὸς
2828 3778 2959 3832 Θεόν
2985 3795 3000 3810 ο
3052 3774 3416 3848 ἀναμφίϐολον
3443 3774 3498 3827 δέ
3523 3772 3687 3837 ἕξετε

2106 3872 2204 3942 τὴν
2247 3871 2450 3937 πίστιν,
2485 3868 2577 3923 τοῦ
2609 3868 2789 3932 πάσας
2814 3869 3064 3940 ἀφαιρεῖν
3099 3865 3251 3936 ὑμῶν
3279 3863 3377 3927 τὰς
3404 3864 3700 3934 ἁμαρτίας

2108 3962 2396 4032 αὐτάρκως
2417 3960 2559 4031 ἔχειν
2592 3960 2685 4014 τὸν
2711 3959 2866 4026 θεὸν,
2892 3960 3049 4028 εἴπερ
3073 3953 3166 4011 οὖν
3203 3956 3345 4027 ὑμᾶς
3381 3954 3663 4026 μεταμελο
3681 3982 3702 3994 ο

2111 4053 2308 4125 μένους
2359 4052 2454 4106 ἐπὶ
2483 4052 2595 4117 τοῖς
2629 4050 3018 4121 συμϐαίνουσιν
3067 4048 3163 4102 ίδοι
3214 4049 3401 4111 κακοῖς
3420 4064 3433 4076 ·
3506 4046 3584 4107 ὡς
3619 4045 3705 4100 ἀν

2113 4142 2309 4216 μηκέτι
2339 4140 2477 4215 πρὸς
2517 4140 2768 4194 ἀσέϐειαν
2810 4138 3079 4202 νεύοντες,
3107 4136 3337 4207 ἄφθονον
3368 4133 3541 4205 ἔχοιτε
3573 4133 3707 4189 τῶν

2111 4234 2331 4307 ἀγαθῶν
2364 4231 2516 4305 παρὰ
2549 4232 2683 4287 Θεοῦ
2715 4231 2813 4303 τὴν
2840 4228 3135 4302 χορηγίαν
3169 4228 3264 4281 καὶ
3305 4221 3710 4297 προτρέψασθε

2110 4329 2313 4392 πάντες
2342 4325 2599 4397 ἀλλήλους
2627 4323 2890 4395 διηνεκεῖς
2917 4319 3067 4391 αύτῷ
3090 4320 3215 4381 τοὺς
3245 4317 3446 4388 ὕμνους
3467 4314 3565 4368 καὶ
3583 4314 3715 4380 τὰς

2111 4416 2458 4490 εὐχαριστίας
2494 4414 2632 4485 ὑπὲρ
2671 4411 2783 4466 τῶν
2818 4409 3175 4483 ὑπαρξάντων
3223 4408 3354 4478 ύμῖν
3391 4402 3714 4460 ἀποδοῦναι

2041 4488 2085 4546 D
2111 4488 2313 4571 καλῶν,

2186 4601 2336 4671 Στίχ.
2367 4599 2513 4669 δ’-η’.
2546 4627 2618 4637 —
2661 4615 2680 4647 ι
2708 4591 2949 4665 ’Δσσοὺρ
2975 4593 3037 4647 οὐ
3081 4592 3156 4665 μή
3204 4592 3354 4665 σώσῃ
3387 4589 3558 4660 ἡμᾶς.
3605 4588 3726 4657 ἐφ’

2112 4691 2297 4746 ἵππων
2325 4691 2424 4745 οὐκ
2448 4684 2853 4758 ἀναϐησόμεθα,
2882 4684 3063 4737 οὐκέτι
3093 4685 3154 4736 οὐ
3185 4684 3260 4755 μή
3293 4683 3543 4752 εἴπομεν,
3561 4678 3731 4734 Θεοὶ

2115 4783 2296 4854 ήμῶν,
2315 4781 2424 4847 τοῖς
2443 4781 2624 4853 ἔργοις
2646 4777 2752 4830 τῶν
2790 4776 2988 4848 χειρῶν
3026 4774 3200 4847 ήμῶν.
3227 4792 3247 4827 ›
3291 4774 3428 4828 οὔτε
3457 4771 3568 4842 γὰρ
3589 4772 3733 4843 τῆς

2112 4872 2209 4928 τοῦ
2244 4871 2529 4942 ’Λσσυρίου
2562 4869 2744 4924 λοιπὸν
2788 4869 3091 4939 δεησόμεθα
3125 4866 3395 4938 βοηθείας,
3425 4864 3741 4936 ἀνώτεροι

2112 4962 2452 5027 καθεστῶτες
2492 4960 2657 5017 αὑτοῦ
2703 4961 2792 5015 διὰ
2837 4961 2935 5032 τὴν
2980 4960 3132 5013 θείαν
3164 4957 3520 5031 κηδεμονίαν·
3563 4955 3745 5014 οὔτε

2113 5056 2302 5118 ἵπποις
2342 5053 2676 5126 χρησάμενοι
2706 5052 2969 5122 νεύσομεν
3026 5050 3159 5122 πρὸς
3201 5052 3378 5119 φυγήν
3402 5065 3416 5078 ·
3452 5046 3751 5118 πάρεστι.

2112 5148 2220 5220 γὰρ
2265 5149 2293 5202 ὁ
2324 5145 2530 5218 βοηθῶν
2558 5145 2689 5208 Θεός
2708 5158 2723 5173 ⁸
2771 5142 3055 5217 πόρρωθεν
3103 5141 3161 5194 δὲ
3191 5139 3426 5209 ἐσόμεθα
3473 5139 3570 5191 καὶ
3594 5132 3757 5213 ’τεῆς

2113 5241 2322 5310 πλάνης
2370 5239 2583 5309 ἐκείνης
2624 5237 2831 5300 λοιπὸν,
2888 5235 3030 5289 ὥστε
3065 5232 3137 5287 τὰ
3175 5232 3304 5304 παρ’
3348 5229 3505 5302 ήμῶν
3539 5234 3761 5296 γινό-

2119 5349 2255 5403 μενα
2287 5331 2441 5394 θεοὺς
2482 5330 2786 5400 ὀνομάζειν.
2846 5347 2865 5379 ι
2898 5328 3021 5381 Ὅτι
3060 5328 3117 5380 ἐν
3148 5326 3231 5379 σοὶ
3276 5323 3489 5394 ἐλεήσει
3518 5320 3769 5393 ὀρφα-

2116 5423 2226 5476 νόν.
2254 5441 2272 5475 ι
2327 5421 2700 5492 Ἐπιμελεῖσθε
2745 5421 2802 5473 δὲ
2833 5419 2971 5491 μετᾶ
3000 5420 3099 5491 τῆς
3136 5420 3216 5481 εἰς
3243 5414 3374 5469 Θεὸν
3412 5414 3769 5485 εὐγνωμο-

2118 5514 2313 5584 σύνης,
2369 5515 2463 5567 κα)⁵
2516 5514 2614 5577 τῆς
2672 5515 2751 5576 εἰς
2810 5513 2935 5576 τοὺς
2984 5511 3270 5582 δεομένους
3325 5492 3776 5577 συμπαθεεαέ.

2121 5620 2139 5653 ι
2181 5602 2423 5671 ἰάσομαι
2480 5600 2579 5666 τὰς
2624 5600 2901 5661 κατοικίας
2944 5600 3149 5666 αὐτῶν,
3195 5598 3468 5669 ἀγαπήσω
3496 5595 3787 5681 αὐτοὺς

2114 5692 2410 5763 ὁμολόγως,
2450 5693 2531 5746 ὅτι
2579 5691 2921 5763 ἀπέστρεψεν
2949 5693 2982 5763 ή
3011 5692 3146 5763 ὀργή
3178 5706 3277 5762 μου
3313 5687 3410 5742 ἀπ’
3440 5684 3695 5745 αὐτῶν.
3743 5713 3779 5746 ι

2121 5784 2183 5838 Εἰ
2210 5784 2319 5857 γάρ
2367 5782 2431 5856 δὴ
2476 5783 2718 5850 τοιαῦτα,
2747 5782 2900 5855 φησὶ,
2933 5786 3128 5850 ποιεῖς,
3174 5780 3384 5853 ἀκούσῃ
3428 5776 3521 5835 τοῦ
3554 5777 3796 5845 θεοῦ
