3966 6134
290 283 400 342 ξω

290 416 459 457 ταντα

294 490 487 561 καὶδτι
532 486 812 544 ἀποδώσει
862 487 962 557 μέν
1010 503 1090 539 σοι
1117 484 1215 556 τὴν
1262 485 1503 539 παλαιὰν
1530 486 1743 556 οἴκησιν
1780 485 1872 538 ἐπὶ

292 584 387 654 τῆς
405 582 576 652 αὐτῆς
601 580 857 660 ἐξουσίας
882 597 897 612 ·
939 578 1063 660 ῐσην
1090 578 1148 632 δὲ
1176 578 1271 631 καὶ
1295 578 1487 647 ὁμοίαν
1510 577 1636 650 περὶ
1665 578 1873 639 πάντας

295 672 616 737 ἔπιδείξεται
648 658 754 742 την
796 658 1050 740 ἀγάπην,
1100 667 1195 721 ἅτε
1227 670 1408 722 πᾶσαν
1439 669 1608 739 ὀργὴν
1657 668 1872 737 ἀφελὼν

294 767 384 835 ἀφ’
414 764 592 834 ὑμῶν.
632 783 652 815 ι
674 764 919 832 (Εσομαι
948 761 1025 824 ('0;
1050 760 1236 831 δρόσος
1263 758 1340 830 τῷ
1369 759 1603 830 Ἰσραήλ.
1635 777 1655 809 ι
1686 756 1871 821 Οὕτως

292 854 453 909 αὐτὸν
492 855 778 925 ὲκτρέφων
806 852 874 922 τῇ
921 851 1051 923 παρ’
1089 849 1222 921 ἐμοῦ
1259 850 1570 921 κηδεμονίᾳ,
1622 847 1806 919 ὥσπερ
1834 851 1867 917 ή

293 947 483 1018 δρόσος
506 945 805 1016 ἐκτρέφειν
828 944 989 997 εἴωθε
1006 942 1132 1006 τοὺς
1166 940 1430 1012 καρπούς.
1476 960 1497 993 ι
1519 939 1769 1012 Ἀνθήσει
1795 940 1870 1003 ὠς

295 1036 498 1104 κρῖνον.
524 1050 551 1085 ›
604 1032 878 1096 Ἐπίδοξος
924 1032 1079 1085 ἔσται
1118 1032 1270 1101 παρὰ
1315 1032 1470 1084 πᾶσι.
1532 1049 1551 1083 ι
1580 1029 1690 1083 Καὶ
1719 1029 1872 1100 βαλεῖ

293 1124 389 1187 ea;
432 1123 594 1194 ῥίζας
639 1122 806 1176 αὑτοῦ
842 1122 919 1184 ὡς
949 1124 980 1175 δ
1009 1122 1258 1187 Λίϐανος.
1285 1142 1304 1175 ι
1369 1124 1463 1187 Είς
1504 1125 1870 1196 πολυπληθίαν

295 1213 570 1278 ἐπιδώσει,
598 1214 753 1284 δίκην
785 1215 997 1267 ἐκείνου
1033 1218 1155 1278 ταῖς
1186 1216 1396 1287 κέδροις
1440 1218 1870 1287 στενοχωρουμέ-

293 1322 406 1359 νου.
434 1324 456 1357 ί
475 1305 840 1375 Πορεύσονται
870 1307 920 1357 οἱ
952 1305 1133 1359 κλάδοι
1168 1305 1352 1361 αὐτοῦ.
1377 1310 1432 1367 »ί
1439 1322 1489 1376 ρ.
1526 1308 1647 1377 Illi)
1682 1309 1872 1362 Ἐκτα-

294 1394 549 1465 θήσονται
567 1396 670 1461 ,ἐπὶ
699 1394 949 1450 πλεῖστον
976 1396 1279 1467 εὐπραγίας
1308 1399 1356 1450 oi
1391 1397 1451 1462 ἐξ
1477 1398 1667 1454 αὐτοῦ.
1718 1418 1737 1451 ι
1762 1401 1871 1453 Καὶ

292 1483 551 1548 iuraui);
598 1486 752 1539 ἐλαία
779 1487 1152 1556 κατάκαρπος,
1192 1487 1287 1540 καὶ
1330 1489 1665 1560 ήόσφρασία
1705 1484 1868 1545 αὑτοῦ

289 1576 363 1639 ὡς
404 1576 660 1630 λιϐάνου.
683 1597 704 1629 ι
756 1580 926 1642 Αὐτός
954 1597 1013 1633 τε
1039 1581 1126 1635 διὰ
1153 1582 1252 1652 τῆς
1279 1582 1419 1653 ἐμῆς
1441 1570 1764 1653 κηδεμονίας
1785 1585 1872 1638 ἀεὶ

293 1666 500 1720 θάλλων
522 1667 683 1720 ἔσται
702 1670 818 1732 τοῖς
841 1673 1095 1740 καρποῖς,
1123 1673 1217 1725 καὶ
1240 1672 1534 1727 λιϐανωτοῦ
1559 1673 1714 1745 δίκην
1741 1676 1872 1744 ἡδὺς

1290 270 1839 333 COMMENTARIUS
1876 270 1944 327 ΙΝ
1983 270 2184 330 OSEE
2218 270 2371 329 CAP.
2395 270 2531 328 XIV.

505 394 995 466 ἐπαγγελλομένου
1041 409 1099 447 τε
1134 395 1263 465 περὶ
1304 393 1400 448 σοῦ
1432 395 1527 450 καὶ
1563 392 1867 457 ποιοῦντος·

1978 378 2261 484 antiquum
2302 411 2671 468 habitaculum
2695 410 3065 468 restituentem
3100 427 3228 468 eum
3271 422 3543 485 potestate

3438 274 3544 330 210

1974 505 2199 572 eadem;
2239 505 2500 574 aqualem
2554 503 2790 573 denique
2822 504 3164 575 similemque
3212 504 3381 576 priori
3414 521 3541 577 erga

1972 605 2162 646 omnes
2203 590 2451 644 ostendet
2511 604 2773 653 amorem,
2831 592 3085 660 quoniam
3133 606 3347 647 omnem
3398 593 3533 648 iram
3576 596 3587 603 '

1971 694 2124 734 suam
2152 679 2353 733 avohis
2386 679 2599 733 avertit.
2643 698 2661 730 ι
2695 677 2799 733 Ero
2831 681 2987 750 quasi
3034 696 3124 737 ros
3146 680 3351 738 lsraeli.
3398 702 3418 736 ι
3452 682 3543 739 Sic
3645 723 3654 734 .

1974 771 2124 825 illum
2154 786 2269 829 mea
2291 785 2418 826 cura
2457 771 2713 837 nutriam,
2741 784 2839 825 ceu
2869 787 2959 827 ros
2991 771 3173 845 fruges
3199 774 3340 830 alere
3369 774 3528 830 solet.

1977 877 1996 910 ι
2025 858 2301 914 Florescet
2328 861 2473 914 sicut
2507 860 2702 914 lilium.
2746 879 2764 912 ι
2815 858 2873 915 In
2910 860 3117 917 honore
3167 863 3309 933 apud
3354 880 3544 922 omnes
3656 892 3661 897 -

1971 952 2093 1007 erit.
2128 970 2148 1003 ι
2180 951 2353 1007 Μίιιει
2392 950 2605 1006 radices
2645 966 2774 1009 suas
2806 952 2963 1021 quasi
2994 951 3253 1010 Libanus.
3293 971 3315 1007 ι
3348 953 3545 1009 Excre-

1972 1051 2087 1097 scet
2116 1043 2171 1097 in
2210 1041 2632 1104 multitudinem,
2670 1041 2813 1095 haud
2842 1057 3002 1098 secus
3035 1057 3199 1111 quam
3230 1044 3319 1100 ille
3362 1045 3544 1100 cedris

1972 1135 2253 1189 densatur.
2316 1151 2336 1185 ι
2378 1133 2538 1187 Ibunt
2586 1133 2721 1187 rami
2772 1133 2913 1202 ejus.
2974 1152 2994 1187 ι
3044 1132 3370 1188 Ililatabitur
3420 1149 3542 1205 pro-

1971 1225 2207 1293 speritas
2243 1229 2499 1292 nepotum
2527 1220 2668 1291 ejus.
2710 1240 2729 1273 ι
2762 1219 2828 1274 Et
2854 1224 2958 1276 erit
2998 1222 3154 1291 quasi
3196 1223 3315 1277 olea
3350 1222 3545 1278 fructi-

1971 1313 2107 1379 fera,
2124 1324 2178 1369 et
2197 1312 2332 1367 odor
2350 1313 2470 1382 ejus
2490 1315 2645 1384 quasi
2671 1313 2869 1369 thuris.
2884 1314 3033 1384 ilpse
3056 1315 3126 1370 ob
3145 1329 3337 1370 curam
3364 1331 3542 1371 meam

1972 1418 2184 1472 semper
2216 1401 2484 1458 fructibus
2518 1402 2824 1473 pullulahit,
2853 1410 2907 1457 et
2941 1403 3124 1459 thuris
3162 1404 3337 1460 instar
3359 1407 3545 1461 suavis

1971 1495 2075 1548 erit
2105 1493 2479 1573 audientibus.
2510 1494 2901 1563 prosperitates
2944 1493 3083 1563 ejus.
3123 1495 3534 1549 «'Revertentur

1973 1594 2135 1655 atque
2164 1578 2433 1640 sedebant
2483 1584 2586 1640 sub
2612 1585 2807 1638 umbra
2831 1585 2949 1655 ejus
2977 1601 2997 1651 ;
3027 1585 3210 1639 vivent
3235 1593 3289 1639 et
3321 1585 3547 1639 robora-

1973 1676 2177 1732 buntur
2195 1677 2396 1731 tritico.
2439 1693 2461 1727 ι
2494 1673 2621 1729 Post
2657 1675 2893 1730 reditum
2923 1674 3175 1730 fruentur
3222 1675 3385 1731 rebus
3408 1677 3547 1740 suis,

290 1759 403 1818 τοῖς
430 1757 699 1810 ἀκούουσι
723 1758 792 1811 τὰ
817 1735 946 1829 περὶ
972 1760 1137 1813 αὐτοῦ
1164 1760 1365 1830 ἀγαθά.
1412 1781 1430 1813 ι
1455 1735 1867 1836 Ἐπιστρέψουσι

1978 1783 2041 1822 ac
2062 1767 2489 1838 perseverabunt
2507 1766 2730 1822 uberem
2769 1766 3031 1822 habentes
3068 1781 3099 1821 a
3118 1782 3238 1823 mea
3265 1735 3551 1838 providen-

292 1848 385 1900 καὶ
403 1848 726 1902 καθιοῦνται
758 1850 863 1903 ὑπὸ
895 1850 995 1922 τὴν
1022 1853 1228 1923 σκέπην
1260 1852 1446 1921 αὑτοῦ,
1483 1856 1577 1909 καὶ
1600 1857 1874 1928 ζήσονται,

288 1940 382 1992 καὶ
417 1941 879 2011 στηριχθήσονται
931 1944 1082 2014 σίτῳ.
1117 1963 1136 1998 ι
1194 1946 1607 2014 Ἐπανελθόντες
1637 1951 1875 2007 ἀπολαύ-

1978 1858 2050 1914 tia
2085 1857 2299 1927 frugum
2331 1856 2692 1927 largitionem;
2719 1873 2738 1907 ι
2788 1853 2853 1910 Et
2881 1856 3182 1912 ell'lorescet
3224 1858 3382 1926 quasi
3419 1858 3545 1912 vitis

1975 1948 2291 2005 memoriale
2310 1947 2452 2016 ejus,
2481 1954 2537 2003 et
2556 1948 2714 2018 quasi
2742 1948 2929 2002 vinum
2954 1946 3167 2003 Libani.
3209 1968 3228 2001 ι
3264 1946 3341 2002 Ita
3367 1951 3552 2006 suavis

290 2040 446 2078 σουσι
471 2025 585 2080 τῶν
606 2028 847 2093 οἰκείων,
880 2032 975 2084 καὶ
1000 2031 1313 2102 διαμενοῦσι
1343 2037 1571 2107 ἄφθονον
1602 2040 1712 2098 τῶν
1740 2059 1867 2112 καρ-

1973 2041 2079 2097 erit
2107 2046 2161 2094 et
2178 2037 2454 2108 iucundus
2476 2037 2849 2108 spectantibus
2871 2053 2971 2094 ceu
3000 2040 3128 2095 vitis
3160 2038 3382 2108 floreus,
3406 2048 3462 2096 et
3493 2048 3552 2095 ut

290 2113 411 2167 πῶν
442 2116 665 2186 ἔχοντες
691 2121 757 2191 τῇ
798 2123 903 2192 ἐμῇ
934 2123 1226 2196 κηδεμονίᾳ
1260 2126 1359 2199 τήν
1393 2131 1675 2201 χορηγίαν.
1710 2151 1729 2184 ι
1762 2135 1872 2187 Καὶ

1975 2133 2159 2187 viuum
2180 2128 2323 2201 quod
2353 2130 2411 2184 in
2441 2129 2646 2185 Libano
2669 2138 2854 2187 monte
2894 2131 3040 2202 gigni
3073 2132 3234 2186 solet.

288 2206 577 2305 ξξανθήσει
601 2211 679 2274 ὡς
696 2213 939 2284 ἄμπελος
972 2216 1032 2270 τὸ
1057 2224 1392 2290 μνημόσυνον
1412 2223 1595 2305 αὑτοῦ·
1626 2224 1701 2289 ὡς
1724 2223 1866 2291 οἶνος
1894 2224 2150 2281 Λιϐάνου.
2184 2240 2205 2275 ι
2229 2221 2414 2285 Οὕτως
2439 2222 2572 2293 ήδὺς
2600 2220 2675 2274 ὣν
2696 2222 2801 2289 καὶ,
2812 2222 3085 2294 προσηνὴς
3112 2224 3223 2286 τοῖς
3243 2220 3459 2293 ὁρῶσιν,
3476 2223 3549 2280 ὡς

289 2301 534 2371 ἄμπελος
553 2322 618 2358 τε
646 2306 904 2372 ἀνθοῦσα,
932 2310 1027 2364 καὶ
1050 2307 1186 2375 οἶνος
1211 2315 1240 2368 ὁ
1262 2314 1401 2369 κατὰ
1427 2316 1489 2370 τὸ
1520 2301 1647 2388 ὅρος
1672 2319 1767 2373 τοῦ
1797 2319 2034 2375 Λιϐάνου
2065 2317 2349 2387 γίγνεσθαι
2380 2314 2605 2380 εἰωθώς·

337 2396 491 2467 Στίχ,
519 2393 651 2449 θ’-ι’.
680 2426 752 2439 -
792 2415 811 2450 ι
852 2399 944 2469 Τῷ
990 2400 1262 2473 Ἐφραὶμ,
1288 2405 1340 2458 τί
1380 2407 1529 2479 αὐτῷ
1556 2408 1636 2463 ἔτι
1668 2412 1761 2465 καὶ
1790 2414 1867 2465 εί·-

288 2486 512 2556 δὼλοιςς
554 2489 699 2558 Ἐγὼ
727 2494 1072 2550 έταπείνωσα
1094 2498 1275 2563 αὐτὸν,
1304 2501 1399 2554 καὶ
1426 2500 1537 2570 ἐγὼ
1556 2506 1869 2576 κατισχύσω

509 2596 531 2629 a
568 2579 765 2633 Οὐκέτι
793 2581 856 2651 δή
895 2599 979 2637 σοι
1008 2587 1289 2657 κοινωνίαν
1319 2590 1569 2663 οὐδεμίαν
1599 2596 1871 2667 προσῆκεν

288 2661 427 2721 εἶναι
460 2668 607 2740 πρὸς
635 2671 708 2726 τὰ
734 2672 929 2727 εἴδωλα
952 2714 968 2739 ,
1000 2678 1188 2750 ἐπειδὴ
1219 2680 1354 2750 μηδὲ
1379 2661 1619 2756 δεηθήσῃ
1646 2661 1698 2740 τι
1730 2661 1868 2742 ὲκεί-

291 2773 433 2812 νιυν’
473 2758 591 2828 ἐγὼ
632 2762 746 2834 γὰρ
797 2764 938 2836 ὑπὲρ
983 2767 1084 2837 τῆς
1131 2770 1261 2841 περὶ
1298 2772 1482 2826 ἐκεῖνα
1532 2777 1769 2848 σπουδῆς
1806 2795 1865 2832 σε

289 2850 623 2905 ταπεινώσει
666 2852 994 2924 περιϐαλὼν,
1038 2860 1487 2932 μεταμεληθέντα
1514 2865 1617 2932 ἐπὶ⁸
1633 2868 1732 2938 τῆς
1769 2885 1867 2922 παι

289 2938 450 3004 λαιᾶς
470 2941 724 3008 ἀνέδειεα
744 2945 1068 3017 εὐπραγίας.
1107 2966 1125 2999 ι
1149 2948 1236 3014 Ὦς
1259 2950 1526 3023 ἄρκευθος
1554 2957 1869 3021 πυκάζουσα

290 3026 349 3092 ἑξ
371 3029 508 3099 ἐμοῦ
540 3031 572 3084 ὁ
599 3034 814 3103 καρπός
838 3052 932 3088 σου
954 3038 1264 3109 εὑρήσεται.
1298 3060 1318 3093 ι
1367 3043 1585 3116 Ἐπειδὴ
1618 3048 1868 3115 suam;

291 3119 405 3172 ἐστι
428 3121 492 3174 τδ
508 3121 732 3195 δένδρον
754 3124 944 3181 τοῦτο·
973 3128 1119 3197 λέγει
1141 3130 1222 3184 ὅτι
1248 3131 1324 3198 ὡς
1345 3134 1523 3189 ἐκεῖνο
1549 3136 1639 3192 διὰ
1670 3138 1870 3205 παντὸς

289 3208 388 3293 τῂν
433 3213 499 3264 ἐκ
532 3212 644 3266 τῶν
677 3214 894 3285 φύλλων
933 3218 1047 3288 ἔχει
1084 3222 1280 3293 κόμην,
1328 3223 1501 3290 οὕτως
1531 3227 1743 3285 ἔσονται
1776 3232 1870 3286 καὶ

292 3290 438 3388 οὗτοι
493 3300 721 3374 διηνεκῆ
769 3306 879 3359 τῶν
930 3290 1163 3376 ἀγαθῶν
1200 3290 1411 3383 έχοντες
1449 3314 1548 3388 τὴν
1590 3319 1867 3387 ἀφθονίαν,

292 3380 369 3483 diu
394 3389 587 3456 αὐτοῖς
612 3393 700 3447 διὰ
730 3394 832 3465 τῆς
854 3398 995 3469 ἐμῆς
1023 3380 1344 3473 κηδεμονίας
1377 3380 1673 3473 ἀπόλαυσις
1702 3380 1868 3483 προσί-

292 3477 467 3535 tacut.
515 3486 608 3552 (ι).
645 3484 751 3539 ιοξ
791 3486 810 3558 )
866 3489 1198 3557 Ἀκολούθως
1243 3494 1299 3548 δι
1338 3498 1470 3550 πᾶσι
1514 3477 1866 3565 τούτοιςτὲπ-

292 3567 502 3637 ήγαγεν
520 3572 551 3623 ὁ
581 3576 889 3648 προφήτης·
927 3596 947 3631 ι
977 3580 1070 3644 Τίς
1103 3583 1285 3651 σοφὸς,
1306 3589 1400 3639 καὶ
1420 3590 1639 3659 συνήσει
1658 3591 1865 3659 ταῦτα;

291 3660 323 3726 ἢ
360 3661 585 3726 συνετὸς
610 3702 626 3728 ,
669 3667 764 3719 καὶ
805 3667 1074 3736 γνώσεται
1116 3675 1287 3744 αὑτάς
1321 3678 1403 3732 ὅτι
1440 3680 1643 3735 εὐθεῖαι
1676 3685 1732 3736 ai
1759 3684 1868 3738 ὁδοὶ

292 3748 388 3802 τοῦ
434 3752 679 3824 Κυρίου,
724 3759 819 3813 καὶ
858 3760 1056 3817 δίκαιοι
1103 3766 1459 3838 πορεύσονται
1491 3772 1549 3825 ἐν
1588 3775 1800 3838 αὐταῖς.
1842 3793 1860 3827 ι

305 3840 467 3897 Ἀλλὰ
492 3846 610 3931 γὰρ
635 3847 805 3914 ὅντως
833 3852 897 3908 ἄν
924 3870 1010 3918 τις
1034 3842 1385 3927 ἀποφαίνοιτο
1409 3863 1567 3931 σοφὸν
1607 3867 1701 3919 καὶ
1743 3883 1865 3920 συν-

289 3931 417 3985 στὸν
458 3930 602 3990 εἶναι
634 3938 726 3991 τὸν
768 3941 880 3995 τῶν
910 3944 1213 4015 εἰρημένων
1258 3949 1451 4020 ἔχοντα
1486 3930 1600 4024 τὴν
1641 3955 1863 4023 γνῶσιν,

294 4024 391 4077 ml.
427 4027 562 4117 περὶ
583 4028 756 4085 ταῦτα
795 4034 1189 4104 ἐσπουδακότα,
1224 4040 1318 4109 ἀφ’
1344 4035 1417 4097 ὧν
1449 4042 1664 4108 ἐξέσται
1693 4064 1865 4117 κεχω-

292 4115 590 4204 ρισμένους
603 4134 667 4172 τε
686 4121 880 4186 αὐτοὺς
908 4122 1003 4177 τοῦ
1034 4128 1201 4181 κακοῦ
1224 4131 1317 4183 καὶ
1345 4132 1551 4204 σπουδῇ
1586 4115 1866 4203 μετιόντας

288 4203 354 4257 τὸ
391 4206 578 4272 καλὸν,
628 4211 689 4263 ἐν
715 4212 1002 4288 ἀπαλλαγῇ
1039 4219 1137 4287 μὲν
1164 4220 1274 4273 τῶν
1304 4203 1583 4293 χειρόνων,
1627 4227 1685 4279 ἐν
1732 4228 1867 4281 ἀπο·

290 4296 483 4391 λαύσει
536 4302 596 4354 δὲ
644 4303 967 4365 καθιστάναι
1013 4310 1123 4363 τῶν
1168 4314 1528 4383 κρειττόνων
1570 4318 1865 4391 ἐπειδήπερ

288 4386 512 4444 ἅπαντα
552 4392 622 4447 τὰ
660 4395 812 4468 παρὰ
848 4398 945 4452 τοῦ
976 4400 1114 4455 Θεοῦ
1142 4403 1520 4475 πραττόμενα,
1572 4386 1865 4479 ὀρθότητος

2035 2407 2203 2465 Vens.
2257 2408 2506 2464 9-ft).--
2547 2407 3073 2480 «Ephraitno,quid
3116 2411 3175 2466 ei
3219 2412 3448 2470 ulterius
3496 2423 3556 2468 et

1968 2501 2182 2558 idolis?
2209 2498 2321 2570 Ego
2356 2499 2636 2554 humiliavi
2673 2514 2822 2565 eum,
2851 2507 2905 2554 et
2930 2516 3029 2570 ego
3059 2499 3330 2557 roburabo
3354 2518 3501 2558 eum.
3527 2520 3546 2553 ι

1969 2590 2187 2648 Nullam
2214 2590 2329 2660 jam
2358 2590 2452 2646 tibi
2486 2604 2608 2646 esse
2633 2590 3076 2646 communionem
3107 2608 3233 2648 cum
3263 2593 3425 2649 idolis
3458 2594 3551 2648 de-

1971 2690 2081 2746 cet,
2116 2681 2245 2751 quia
2276 2695 2378 2737 nec
2413 2679 2523 2734 illis
2549 2694 2781 2750 prorsus
2815 2679 3100 2750 indigebis.
3134 2675 3248 2751 Ego
3279 2696 3429 2744 vero,
3459 2681 3549 2750 qui

1967 2772 2038 2829 ob
2067 2771 2285 2826 illorum
2318 2770 2561 2827 studium
2601 2778 2655 2825 te
2687 2771 3121 2834 humiliaveram,
3156 2782 3340 2841 postea
3373 2772 3549 2842 paeni-

1968 2869 2173 2920 tcntem
2195 2863 2368 2918 veteri
2391 2863 2739 2934 prosperitati
2774 2864 3061 2919 restitui.t
3086 2862 3549 2933 Sicutjuniperus

1965 2954 2261 3017 condensa,
2289 2955 2362 3008 ita
2389 2952 2599 3010 fructus
2625 2963 2751 3010 tuus
2784 2972 2853 3010 ex
2881 2970 2967 3010 me
2991 2956 3320 3011 invenietur.
3345 2974 3363 3006 ι
3394 2954 3534 3021 Quia

1971 3042 2087 3099 hac
2122 3045 2288 3100 arbor
2326 3060 2541 3116 semper
2570 3045 2815 3112 virescit,
2856 3046 2964 3103 ait:
3006 3045 3161 3101 Sicut
3207 3047 3298 3102 illa
3331 3062 3545 3117 semper

1974 3124 2423 3192 foliorumrconia
2459 3136 2778 3205 frondescit,
2814 3138 2893 3193 sic
2920 3145 2975 3194 et
3009 3139 3145 3195 istos
3178 3138 3294 3195 [ore
3336 3140 3389 3193 in
3422 3154 3545 3209 per-

1971 3236 2133 3301 petua
2179 3228 2448 3284 bonorum
2490 3230 2768 3296 ubertate,
2803 3246 3039 3302 quorum
3075 3248 3209 3287 usus
3256 3232 3338 3287 eis
3369 3247 3402 3287 a
3427 3246 3546 3287 mea

1973 3318 2315 3389 providentia
2346 3320 2644 3391 continget.
2677 3321 3056 3377 Consentanee
3087 3338 3213 3377 vero
3249 3322 3335 3376 his
3370 3323 3546 3376 omni-

1968 3408 2103 3475 hus,
2142 3410 2291 3465 addit
2322 3412 2586 3481 prapheta
2615 3427 2630 3464 :
2680 3431 2699 3464 ι
2727 3411 2861 3478 Quis
2906 3414 3155 3483 sapiens,
3185 3422 3243 3467 et
3282 3413 3546 3484 intelliget

1969 3500 2110 3556 ista?
2133 3502 2259 3570 quis
2286 3503 2613 3573 intelligens,
2638 3514 2692 3557 et
2716 3513 3008 3573 cognoscet
3033 3502 3179 3557 haec?
3227 3503 3355 3573 quia
3386 3513 3547 3558 rectae

1968 3595 2069 3647 vite
2090 3592 2514 3664 Domini,68ct
2541 3593 2668 3663 justi
2693 3595 3052 3648 ambulabunt
3079 3596 3133 3649 in
3161 3596 3297 3651 eis»
3335 3593 3545 3666 Reapse

1968 3687 2308 3756 exploratum
2328 3692 2433 3751 est,
2464 3685 2587 3740 illos
2614 3700 2737 3741 esse
2758 3684 3031 3756 sapientes
3059 3695 3219 3758 atque
3238 3688 3544 3759 intelligen-

1967 3784 2071 3844 tes,
2104 3776 2198 3845 qui
2239 3776 2621 3844 praedictarum
2668 3790 2851 3830 rerum
2903 3778 3186 3833 scientiam
3231 3780 3454 3843 habent,
3491 3789 3546 3835 et

1967 3864 2278 3920 earumdem
2303 3864 2483 3918 studio
2511 3869 2792 3931 tenentur;
2824 3880 3052 3934 quarum
3079 3866 3333 3937 praesidio
3359 3866 3544 3934 sejun-

1968 3957 2037 4011 cti
2057 3971 2087 4011 a
2107 3955 2257 4019 vitio,
2278 3962 2331 4010 et
2348 3954 2564 4009 virtutis
2590 3956 2903 4027 participes,
2921 3957 3191 4012 deteriora
3209 3957 3476 4021 vitabunt,
3493 3966 3547 4012 et

1967 4045 2217 4101 fruentur
2239 4045 2573 4101 melioribus.
2600 4044 2732 4100 Nam
2752 4050 2932 4103 cuncti
2958 4048 3049 4102 Dei
3078 4056 3232 4103 actus
3269 4048 3546 4103 rectitudi-

1969 4153 2037 4194 ne
2067 4137 2234 4192 multa
2263 4136 2588 4204 redundant,
2613 4152 2721 4207 qua
2743 4137 3009 4210 dirigente
3037 4139 3380 4209 pecatoribus
3405 4154 3536 4210 quo-

1968 4246 2073 4300 que
2091 4244 2305 4299 pinnam
2327 4228 2488 4284 infert
2507 4245 2524 4296 ;
2546 4236 2599 4283 et
2621 4238 2805 4299 postea
2824 4231 3166 4302 paenitentes,
3189 4232 3400 4289 salvare
3417 4232 3540 4287 scit.

1970 4319 2086 4374 Jam
2128 4335 2257 4374 vero
2285 4320 2464 4389 juslos
2504 4320 2625 4376 illos
2654 4340 2774 4380 esse
2802 4336 3135 4394 compertum
3165 4333 3269 4387 est,
3302 4324 3392 4393 qui
3438 4322 3539 4375 hoc

1972 4411 2095 4466 vita:
2135 4424 2331 4481 genere
2377 4418 2537 4474 sunt,
2576 4421 2630 4468 et
2672 4414 2925 4484 utrinque
2964 4414 3144 4483 juvari
3171 4415 3351 4468 sciuut
3383 4433 3396 4468 :
3446 4414 3537 4481 qui

286 4479 450 4574 γέμει
487 4482 696 4554 πολλῆς
717 4525 733 4552 ,
765 4487 885 4557 μεθ’
930 4485 1000 4562 ἦς
1031 4491 1123 4545 καὶ
1160 4492 1443 4548 πταίουσιν
1476 4496 1673 4565 ἐπάγει
1702 4513 1865 4567 nume

1972 4479 2334 4554 modestiores
2362 4514 2394 4553 a
2437 4479 2887 4572 castigationibus
2934 4479 3091 4569 facti,
3143 4479 3541 4556 hortamentum

290 4572 447 4645 ρίαν·
496 4575 595 4630 καὶ
626 4580 1102 4653 μεταμελομένους
1128 4624 1141 4647 ,
1172 4585 1498 4657 περισώζειν
1538 4589 1824 4643 ἐπίσταται
1849 4608 1862 4620 ο

250 4665 533 4732 -δικαίους
561 4687 624 4724 τε
672 4672 1030 4742 ἀποφαίνοιτο
1061 4675 1127 4730 ἄν
1164 4693 1248 4741 τις
1276 4680 1403 4743 τοὺς
1438 4680 1495 4732 ἐν
1523 4680 1734 4752 τούτοις
1778 4682 1866 4735 δν-

282 4776 401 4825 τας,
435 4766 535 4815 καὶ
563 4760 627 4828 ἐξ
671 4765 940 4837 ἑκατέρου
968 4769 1174 4822 τούτων
1213 4769 1538 4838 ὠφελεῖσθαι
1571 4773 1865 4842 ἐπισταμέ-

282 4870 442 4916 vouc-
500 4855 598 4908 καὶ
642 4858 1120 4930 σωφρονεστέρους
1157 4860 1256 4931 μὲν
1298 4864 1357 4914 ἐν
1402 4866 1522 4926 ταῖς
1576 4863 1864 4934 τιμωρίαις

281 4944 601 5013 γινομένους
624 4988 639 5010 ,
672 4948 756 5011 εις
792 4950 1111 5022 προτροπὴν
1141 4951 1198 5006 δὲ
1245 4955 1448 5025 ἀρετῆς
1491 4953 1864 5024 λαμϐάνοντας

276 5036 381 5089 τῶν
409 5040 476 5092 ἐκ
497 5038 607 5110 τῆς
637 5042 1014 5112 μεταμελείας
1045 5045 1487 5119 προσγινομένων
1512 5046 1732 5114 ἀγαθῶν
1763 5046 1863 5118 τὴν

276 5127 610 5187 ἀπόλαυσιν*
656 5134 884 5197 ἀσεϐεῖς
930 5134 974 5187 δ’
1004 5133 1068 5187 ἂν
1114 5135 1445 5206 ἀποφήνοιτο
1489 5137 1631 5190 κατὰ
1684 5141 1862 5192 πάντα

276 5222 362 5275 καὶ
384 5226 658 5281 παντοίων
681 5227 900 5299 (ἀξίους
922 5225 1127 5295 κακῶν)
1144 5226 1459 5291 ἐκείνους,οἳ
1477 5228 1638 5298 μηδὲν
1659 5229 1861 5299 ἰσχύου-

1967 4590 2070 4645 sibi
2106 4589 2173 4644 ad
2202 4590 2454 4645 virtutem
2482 4591 2750 4661 judicant,
2785 4593 3051 4648 bonorum
3097 4604 3219 4663 post
3268 4592 3539 4662 pmniten-

1965 4684 2094 4738 tiam
2129 4682 2543 4753 impetratorum
2573 4685 2937 4740 usufructum.
2972 4685 3172 4757 lmpios
3202 4695 3381 4741 autem
3418 4701 3540 4741 esse

1961 4782 2177 4830 constat
2208 4775 2452 4840 omnino,
2481 4783 2534 4831 et
2573 4776 2907 4848 quibuslibet
2943 4778 3100 4833 malis
3146 4776 3340 4848 dignos
3385 4778 3528 4843 illos,

1963 4869 2055 4940 qui
2113 4870 2247 4924 nihil
2296 4869 2490 4924 horum
2536 4884 2867 4940 cognoscere
2908 4869 3108 4934 valent,
3160 4869 3229 4921 ob
3270 4873 3530 4921 constan-

1972 4970 2081 5014 tem
2145 4975 2298 5016 suam
2351 4960 2416 5015 ad
2464 4961 2653 5014 vitium
2706 4959 3140 5021 inclinationem;
3173 4966 3225 5011 et
3256 4965 3536 5026 propterea

1970 5052 2266 5123 quidquam
2310 5052 2594 5106 honestum
2626 5066 2688 5104 ac
2719 5050 2959 5105 debitum
3006 5048 3338 5117 intelligendi
3394 5047 3536 5102 haud

1970 5152 2269 5213 compotes.
2299 5141 2731 5197 Commentarius
2756 5142 2809 5194 in
2839 5138 3032 5194 Oscam
3063 5140 3381 5207 prophetam
3419 5146 3534 5204 (ex-

1970 5230 2162 5302 plicit.)

274 5336 346 5376 σιν
373 5320 603 5390 τούτων,
638 5326 708 5395 τῇ
736 5322 881 5395 πρὸς
929 5321 992 5375 τὸ
1019 5324 1196 5394 χεῖρον
1226 5323 1652 5395 προστετηκότες
1697 5324 1855 5394 ῥοπῇ,
1884 5327 1971 5376 καὶ
2006 5327 2241 5379 συνιέναι
2276 5324 2361 5377 διὰ
2396 5322 2550 5376 τοῦτο
2574 5320 2678 5374 τῶν
2700 5321 2925 5374 δεόντων
2958 5319 3107 5373 οὐδὲν
3143 5312 3247 5374 οἷοί
3276 5334 3335 5373 τε
3363 5317 3527 5375 6v“;-

275 5442 332 5458 -
362 5415 668 5491 Ἐρμηνεία
705 5411 875 5483 Ὠσηὲ
916 5407 1014 5464 τοῦ
1045 5411 1342 5482 προφήτου.
