3966 6134
1588 282 1939 341 τιιεουοιιι
1976 254 2485 347 ΜορευεετΕΝιι

3540 298 3647 354 9η

431 425 555 462 ..
555 426 3632 479 M
613 438 652 443 .-.
687 438 706 442 ._
745 438 768 441 -μ
815 439 824 442 ρ
887 439 1144 445 -ςο-μ-
1159 437 2478 458 —-—-—._-__-__--—
2499 452 2606 459 --~
2629 451 2842 461 --ω-ι...-
2885 458 2902 462 μ
2939 458 2950 462 -
2981 458 2984 460 -
3033 458 3078 464 ,ρ
3111 457 3136 462 -ι

1043 591 1605 679 ΕΡΜΗΝΕΙΑ
1667 592 1942 693 ΙΩΗΛ
2012 597 2241 684 ΤΟΥ
2311 598 2950 692 ΠΡΟΦΗΤΟΥ.

511 974 1650 1098 COMMENTARIUS
1727 985 1879 1099 IN
1970 982 2511 1100 JOELEM
2596 982 3503 1100 PROPHETAM.

455 1424 796 1518 Propositum
835 1431 993 1487 nobis
1026 1441 1110 1488 est
1136 1432 1282 1490 beati
1313 1433 1483 1494 Joelis
1510 1439 1941 1510 explanationem

2123 1447 2197 1517 (p.
2224 1447 2326 1504 105
2370 1448 2387 1513 )
2418 1447 2707 1518 Πρόκειται
2740 1451 2838 1515 μὲν
2862 1446 2994 1515 ἡμῖν
3020 1443 3113 1498 τοῦ
3149 1444 3420 1516 μακαρίου
3467 1444 3624 1515 Ἰωὴλ

381 1530 526 1570 nunc
540 1516 795 1574 exordiri.
813 1520 907 1577 Est
923 1537 1053 1578 vero
1067 1538 1380 1581 sermonum
1400 1529 1521 1596 ejus
1546 1541 1941 1601 argumentum,

2052 1537 2146 1593 τοῦ
2181 1516 2481 1609 προφήτου
2503 1539 2601 1609 τῆς
2628 1536 2925 1608 σαφηνείας
2955 1534 3299 1607 ἀπάρξασθαι
3349 1534 3443 1589 νῦν
3462 1552 3476 1566 ·
3510 1535 3627 1589 ἐστι

380 1618 438 1661 ut
459 1609 783 1679 generaliter
807 1612 1007 1679 dicam,
1040 1615 1181 1671 idem
1212 1619 1357 1688 quod
1393 1622 1635 1675 omnium
1669 1625 1952 1695 propheta-

378 1704 522 1764 rum,
565 1708 826 1756 eventura
861 1706 1059 1774 populo
1093 1708 1386 1776 praedicere
1425 1715 1805 1782 satagentium,
1850 1732 1951 1787 pro

376 1789 574 1844 collata
607 1790 744 1861 ipsis
776 1792 882 1849 hac
912 1795 970 1849 in
1003 1811 1064 1851 re
1095 1799 1272 1853 sancti
1305 1798 1544 1868 Spiritus
1576 1805 1785 1874 gratia:
1822 1823 1954 1877 quo-

376 1893 498 1933 rum
531 1882 915 1952 prophetarum
948 1885 1181 1955 primus,
1199 1888 1652 1958 quemadmodum
1673 1903 1819 1950 retro
1836 1898 1947 1953 aie-

375 1968 523 2032 bam,
568 1972 761 2029 beatus
805 1972 971 2030 David
1010 1976 1162 2042 olim,
1197 1977 1306 2033 imo
1334 1980 1491 2036 valde
1519 1984 1843 2053 antiquitus,
1895 1997 1949 2041 et

376 2063 550 2117 multo
594 2072 719 2120 ante
747 2081 929 2121 rerum
974 2068 1202 2133 exitum,
1244 2080 1438 2126 cuncta
1483 2075 1684 2144 populo
1714 2077 1949 2135 diversis

379 2156 717 2225 temporibus
762 2166 1021 2213 eventura
1051 2159 1257 2216 edixit:
1292 2164 1439 2233 quod
1482 2166 1623 2222 idem
1658 2184 1687 2223 a
1722 2171 1948 2239 reliquis

372 2245 538 2301 etiam
560 2249 840 2319 prophetis
856 2249 1058 2305 factum
1079 2261 1182 2317 est,
1205 2255 1298 2324 qui
1325 2255 1635 2326 antiquiore
1654 2259 1945 2316 admodum

375 2343 620 2408 tempore
648 2341 717 2394 ab
749 2340 843 2395 illo
879 2342 1045 2408 dicta,
1086 2348 1356 2413 posterius
1395 2347 1753 2415 aﬂirmarunt,
1783 2353 1945 2421 paulo

372 2426 632 2482 nimirum
662 2437 786 2485 aute
820 2430 1058 2500 ipsarum
1087 2447 1270 2488 rerum
1300 2445 1575 2501 eventum,
1616 2446 1674 2491 ut
1703 2439 1863 2493 simul
1890 2449 1945 2495 et

2051 1628 2108 1681 δέ
2137 1629 2392 1692 ὑπόθεσις
2430 1628 2597 1681 αὐτοῦ
2640 1627 2748 1681 τῶν
2775 1627 2972 1696 λόγων,
3000 1626 3196 1690 κοινῶς
3228 1627 3422 1691 εἰπεῖν,
3455 1626 3488 1697 ἠ
3531 1627 3625 1679 καὶ
3686 1670 3697 1679 ,

2051 1719 2269 1773 πάντων
2315 1719 2422 1771 τῶν
2458 1720 2774 1789 προφητῶν,
2807 1717 2876 1772 τὰ
2919 1718 3046 1788 περὶ
3087 1716 3180 1770 τὸν
3211 1715 3339 1770 λαὸν
3386 1716 3623 1786 ἐσόμενα

2054 1809 2277 1880 μηνύειν
2300 1808 2731 1872 ἐσπουδακότων,
2755 1809 2896 1861 κατὰ
2917 1808 3014 1878 τὴν
3046 1806 3410 1876 ἐγγενομένην
3440 1804 3625 1869 αὐτοῖς

2049 1916 2116 1952 πε
2126 1900 2178 1970 pl
2205 1898 2363 1952 τοῦτο
2380 1898 2473 1977 τοῦ
2496 1897 2815 1967 ἁγίουίηνεύ
2824 1912 2990 1968 ματος
3014 1896 3176 1967 χάριν
3202 1914 3217 1927 ·
3251 1890 3329 1951 ὧν
3349 1896 3490 1969 ἁρχὴ
3520 1895 3624 1967 μὲι*

2047 1991 2258 2059 γέγονε,
2291 1989 2432 2043 καθὰ
2472 1988 2856 2061 καὶπρότερον
2900 1988 3055 2059 ἐφην,
3084 1989 3113 2041 ό
3150 1989 3421 2060 μακάριος
3456 1988 3623 2043 Δαυῖδ

2046 2082 2214 2135 πάλαι
2257 2082 2352 2136 καὶ
2381 2080 2653 2152 πρόπαλαι
2681 2082 2776 2135 καὶ
2810 2080 2942 2134 πολὺ
2990 2081 3126 2151 πρὸς
3176 2082 3275 2150 τῆς
3323 2079 3431 2133 τῶν
3470 2098 3617 2152 πρα-

2047 2173 2270 2243 γμάτων
2302 2171 2580 2234 ἐκὸάσεως
2623 2170 2837 2225 ἅπαντα
2865 2170 2935 2223 τὰ
2965 2172 3091 2242 περὶ
3114 2171 3205 2224 τὸν
3233 2170 3356 2223 λαὸν
3385 2171 3622 2242 ἐσόμενα

2045 2263 2185 2317 κατὰ
2212 2262 2503 2334 διαφόρους
2532 2264 2758 2332 καιροὺς
2780 2262 3043 2336 εἰρηκώς·
3076 2262 3137 2315 τὸ
3175 2262 3309 2315 αὐτὸ
3346 2263 3438 2316 καὶ
3466 2262 3619 2332 παρὰ

2043 2353 2151 2405 τῶν
2175 2353 2377 2406 λοιπῶν
2425 2352 2637 2421 ἐγίνετο
2678 2352 2975 2423 προφητῶν
3010 2351 3081 2405 τὰ
3111 2355 3240 2424 παρ’
3276 2354 3483 2405 ἐκείνου
3511 2352 3620 2423 πρὸ

2045 2444 2255 2499 πολλῶν
2290 2443 2523 2514 ρηθέντα
2554 2442 2662 2497 τῶν
2690 2444 2898 2514 χρόνων
2934 2443 3159 2520 ὕστερον
3203 2442 3491 2511 λεγόντων,
3523 2444 3621 2497 καὶ

256 2550 265 2557 -
374 2518 444 2573 de
470 2519 744 2588 praedictis
769 2521 1248 2579 admonel’acerent
1272 2540 1483 2591 omnes,
1510 2536 1565 2582 et
1599 2528 1710 2599 39
1746 2545 1806 2583 ea
1830 2529 1941 2599 jam

2047 2536 2179 2606 πρὸς
2206 2535 2344 2605 αὐτῇ
2393 2550 2456 2603 γε
2488 2536 2554 2605 τῇ
2587 2534 2696 2587 τῶν
2726 2518 3079 2605 πραγμάτων
3106 2533 3327 2587 ἐκϐάσει
3380 2533 3577 2603 μικροῦ
3599 2548 3615 2562 ⁸

372 2611 429 2664 in
455 2612 702 2679 proximo
747 2628 868 2668 esse
918 2625 1253 2683 asserentes,
1302 2619 1679 2675 vaticiniorum
1719 2622 1941 2677 demon-

2047 2625 2118 2689 ὼς
2152 2627 2218 2681 ἂν
2253 2626 2390 2696 όμοῦ
2435 2643 2495 2679 τε
2532 2626 2642 2679 τῶν
2689 2626 3105 2698 προειρημένων
3150 2627 3618 2697 ὐπομιμνήσκοιεν

371 2708 608 2759 strarent
651 2702 949 2759 veritatem.
985 2705 1228 2776 Cumque
1259 2707 1406 2762 varia
1434 2717 1640 2775 essent,
1670 2712 1941 2782 variisque

2047 2718 2313 2781 ἅπαντας,
2364 2716 2458 2771 καὶ
2505 2717 2569 2788 δὴ
2619 2718 2845 2787 πλησίον
2903 2720 3135 2787 ἐσόμενα
3165 2717 3451 2786 λέγοντες,
3503 2716 3619 2769 τῶν

370 2793 734 2881 contingentia
765 2798 1122 2866 temporibus,
1153 2814 1273 2868 quae
1304 2815 1333 2853 a
1363 2800 1520 2856 beato
1544 2800 1783 2857 diximus
1810 2818 1941 2873 pra:-

2049 2808 2463 2881 προειρημένων
2503 2810 2756 2879 μηνύοιεν
2788 2807 2886 2879 τὴν
2932 2808 3192 2879 ἀλήθειαν
3213 2825 3227 2839 ⁸
3255 2808 3527 2879 διαφόρων
3557 2807 3621 2861 δέ

369 2880 512 2935 dicta
543 2881 761 2947 Davide,
802 2887 1113 2941 necessario
1144 2902 1583 2960 unumquemque
1625 2891 1941 2962 prophetam

2047 2899 2235 2960 ὅντων,
2260 2899 2357 2952 καὶ
2383 2899 2525 2951 κατὰ
2549 2896 2840 2968 διαφόρους
2868 2914 2932 2949 συ
2941 2896 3191 2967 μϐἁντων
3212 2896 3440 2966 καιροὺς
3473 2895 3622 2949 ἐκεί-

370 2972 686 3042 plcrumque
709 2989 771 3028 ea
806 2975 985 3032 dicere
1026 2985 1268 3048 apparet,
1310 2995 1542 3049 quorum
1588 2982 1694 3037 sibi
1731 2982 1941 3052 propin-

2047 3008 2171 3055 νων,
2192 2990 2228 3045 ἃ
2252 2989 2327 3060 τῷ
2360 2989 2617 3061 μακαρίῳ
2645 2988 2880 3060 πρόσθεν
2914 2987 3121 3058 ἔφαμεν
3148 2986 3398 3059 εἰρῆσθαι
3428 2986 3619 3046 Δαυῒδ,

369 3065 530 3135 quior
555 3065 1028 3122 demonstrabatur
1056 3068 1249 3124 exitus.
1282 3068 1690 3126 Connectebant
1736 3081 1941 3138 autem,

2047 3080 2357 3149 ἀναγκαίως
2415 3079 2524 3134 τῶν
2584 3079 2880 3153 προφητῶν
2930 3080 3158 3143 ἕκαστος
3213 3078 3355 3132 κατὰ
3402 3077 3501 3147 μὲν
3554 3079 3622 3130 τὸ

370 3168 737 3212 consentanea
777 3158 1011 3228 quadam
1059 3160 1136 3213 rei
1178 3161 1321 3217 serie
1345 3162 1413 3216 ad
1450 3161 1501 3216 id
1529 3162 1768 3227 deducti,
1806 3180 1941 3220 nun-

2047 3173 2291 3226 πλεῖστον
2335 3174 2516 3226 ἐκεῖνα
2569 3172 2814 3241 φαίνεται
2866 3169 3060 3238 λέγων,
3111 3163 3188 3223 ὧν
3242 3167 3470 3237 ἐγγύθεν
3524 3167 3620 3220 ἐπ’

366 3246 520 3301 nulla
545 3247 706 3302 etiam
737 3248 990 3318 posthinc
1019 3248 1223 3317 futura,
1252 3251 1345 3306 sed
1377 3252 1489 3307 haec
1532 3252 1650 3323 ipsa
1707 3267 1737 3307 a
1782 3254 1941 3311 beato

2047 3261 2216 3325 αὐτῶν
2263 3262 2297 3333 ὴ
2343 3261 2565 3324 ἔκϐασις
2614 3260 2866 3332 ἐδηλοῦτο
2934 3259 3272 3329 πραγμάτων
3325 3259 3415 3329 (p.
3466 3257 3617 3326 104)-

368 3337 573 3393 Davide
613 3337 778 3393 dicta.
809 3338 1007 3395 Beatus
1036 3340 1220 3411 itaque
1248 3342 1417 3400 Oseas
1449 3359 1569 3414 quae
1599 3345 1667 3399 ab
1701 3345 1941 3416 Assyriis

2047 3350 2312 3422 συνῆπτον
2352 3350 2407 3403 δὲ
2438 3350 2502 3404 ἐκ
2534 3367 2677 3412 τινος
2703 3348 3025 3410 ἀκολουθίας
3062 3348 3154 3401 ἐπὶ
3188 3346 3353 3399 τοῦτο
3377 3345 3621 3416 προαγό-

367 3445 433 3485 ac
458 3430 769 3502 Babyloniis
785 3438 1042 3486 eventura
1071 3434 1342 3503 posterius
1365 3435 1754 3505 populoerant,
1779 3437 1940 3505 dicit;

2047 3458 2214 3513 μενοι,
2250 3441 2344 3494 καί
2372 3458 2493 3495 τινα
2530 3439 2637 3493 τῶν
2670 3441 2807 3510 μετὰ
2836 3438 2993 3490 τοῦτο
3020 3437 3321 3507 ἐσομένων,
3346 3435 3619 3506 εἰρημένα

366 3522 660 3579 emendare
707 3522 853 3577 hunc
872 3523 1157 3579 connitens
1194 3538 1376 3580 rerum
1402 3525 1616 3578 illarum
1640 3526 1933 3582 mentione.

2047 3530 2279 3600 δηλονότι
2309 3531 2404 3584 καὶ
2441 3529 2513 3582 τὰ
2545 3529 2683 3582 αὐτὰ
2730 3527 2807 3598 τῷ
2840 3527 3093 3599 μακαρίῳ
3120 3526 3282 3579 Δαυϊδ
3305 3542 3322 3558 ·
3350 3527 3378 3577 ὁ
3412 3527 3462 3593 γ’
3500 3520 3602 3577 οὖν

364 3616 481 3673 Joel
526 3632 656 3672 vero
701 3615 921 3672 easdem
952 3616 1068 3686 ipse
1110 3630 1326 3687 quoque
1374 3632 1465 3673 res
1517 3629 1938 3687 commemorat;

2047 3619 2310 3690 μακάριος
2350 3620 2506 3689 Ὠσηέ
2533 3618 2603 3671 τὰ
2628 3618 2780 3688 παρά
2813 3634 2877 3669 τε
2907 3617 3014 3670 τῶν
3049 3615 3346 3684 ’Δσσυρίων
3380 3617 3474 3669 καὶ
3508 3615 3620 3668 Ba-

365 3710 565 3780 quippe
587 3724 683 3779 per
713 3707 852 3764 idem
879 3719 1094 3779 tempus
1119 3708 1309 3765 vivens
1332 3723 1440 3779 quo
1468 3707 1659 3773 Oseas,
1690 3717 1852 3780 atque
1884 3711 1939 3766 in

2047 3709 2313 3763 όυλωνίων
2339 3709 2563 3779 ὕστερον
2598 3711 2725 3779 περὶ
2752 3708 2845 3761 τὸν
2870 3707 2997 3761 λαὸν
3021 3708 3253 3778 ἐσόμενα
3291 3707 3460 3775 λέγει,
3505 3723 3619 3759 σω·
3690 3738 3695 3741 -

367 3800 554 3855 eodem
588 3812 908 3872 argumento
938 3803 1143 3857 versari
1184 3802 1416 3873 spiritali
1450 3802 1778 3857 revelatione
1815 3817 1941 3873 per-

2047 3800 2312 3872 φρονίζειν
2342 3802 2539 3864 αὐτοὺς
2585 3803 2651 3871 τῇ
2689 3784 2881 3871 μνήμῃ
2929 3797 3271 3870 πειρώμενος
3297 3799 3552 3851 ἐκείνων
3584 3797 3619 3850 ὁ

366 3898 568 3947 motus.
596 3891 757 3945 Addit
784 3894 945 3947 etiam
973 3907 1094 3962 qua:
1118 3901 1241 3963 post
1268 3892 1498 3947 reditum
1525 3890 1799 3963 Babylone
1827 3903 1941 3948 sta-

2047 3891 2093 3943 Βὲ
2127 3891 2279 3962 Ἰωὴλ
2314 3892 2585 3961 μέμνηται
2623 3891 2720 3960 μὲν
2766 3890 2863 3943 καὶ
2905 3889 3069 3952 αὐτὸς
3110 3888 3220 3941 τῶν
3261 3887 3439 3941 αὐτῶν
3463 3927 3480 3952 ,
3509 3888 3614 3941 ἅτε

365 3983 462 4036 tim
480 3980 679 4038 Judaeis
694 3982 1064 4054 contigerunt,
1084 3997 1206 4037 cum
1224 3997 1359 4053 gens
1372 3980 1628 4052 Scythica
1650 3984 1732 4036 eis
1753 3998 1941 4052 super-

2047 3982 2131 4035 καὶ
2158 3982 2299 4035 κατὰ
2333 3982 2425 4035 τὸν
2459 3979 2622 4034 αὑτὸν
2657 3981 2847 4051 καιρὸν
2891 3979 2969 4051 τῷ
3010 3980 3166 4049 Ὠσηέ
3207 3978 3479 4047 γεγονὼς,
3515 3980 3618 4031 καὶ

365 4070 531 4134 venit,
560 4071 718 4140 cujus
747 4071 853 4125 dux
897 4069 1012 4140 Gog
1057 4078 1196 4136 erat,
1239 4084 1539 4138 omnesque
1575 4069 1819 4125 funditus
1844 4087 1937 4126 ex-

2047 4073 2169 4144 περὶ
2209 4071 2320 4125 τῶν
2363 4070 2543 4124 αὐτῶν
2589 4071 2762 4124 εἰπεῖν
2812 4070 2954 4125 κατὰ
2992 4072 3092 4141 τὴν
3138 4069 3476 4138 ἀποκάλυψιν
3506 4069 3616 4139 τὴν

366 4162 642 4232 stinguere
673 4159 904 4218 volebat.
921 4161 1264 4232 Caeteroquin
1294 4161 1488 4227 Judrei,
1512 4160 1624 4216 Deo
1650 4164 1933 4232 suppetias

2047 4162 2416 4235 πνευματικὴν
2450 4162 2918 4233 ἐπιτετραμμένος
2939 4179 2954 4193 ’
2985 4161 3310 4235 προστίθησι
3335 4161 3392 4213 δέ
3421 4159 3516 4213 καὶ
3540 4162 3617 4214 τὰ

366 4249 598 4319 ferente,
646 4254 880 4309 victores
903 4255 1259 4309 exstiterunt:
1288 4269 1393 4324 qua
1421 4253 1488 4309 de
1511 4269 1570 4309 re
1592 4253 1784 4310 beatus
1807 4270 1936 4326 quo.

2047 4253 2182 4325 μετὰ
2204 4252 2301 4324 τὴν
2331 4253 2438 4305 ἀπὸ
2467 4251 2783 4314 Βαόυλῶνος
2819 4251 3077 4305 ἐπάνοδον
3104 4252 3266 4314 εὐθὺς
3303 4251 3488 4312 αὐτοῖς
3513 4266 3619 4317 γει·
3702 4238 3713 4241 ’

365 4358 474 4414 que
503 4342 672 4399 David
701 4343 757 4425 in
788 4344 1021 4401 Psalmis
1053 4345 1215 4399 verba
1241 4343 1383 4400 fecit.

2047 4343 2235 4413 γονότα
2254 4360 2269 4376 ·
2310 4344 2550 4415 ὁπηνίκα
2579 4342 2843 4396 Σκυθικὸν
2874 4342 2972 4413 μὲν
3013 4341 3378 4425 ἔθνοςᾼαίηοῦς
3406 4339 3614 4412 ἐπελήα

363 4436 539 4502 λυθεν,
565 4421 734 4508 οὗπερ
760 4433 852 4490 οὖν
883 4437 932 4489 οἱ
967 4437 1093 4508 περὶ
1122 4437 1213 4490 τὸν
1241 4436 1364 4506 Γὼγ
1386 4433 1633 4509 ἐξῆρχον,
1663 4436 1831 4509 ἄρδην
1859 4438 2103 4501 ἃπαντας
2133 4437 2396 4491 ἀπολέσαι
2426 4437 2772 4507 βουλόμενον·
2807 4434 3067 4506 ὤφθησαν
3090 4435 3150 4488 δὲ.
3168 4421 3235 4487 ὀί
3269 4434 3507 4488 Ἰουδαία
3539 4437 3613 4507 τῇ

363 4531 482 4605 θείᾳ
513 4530 793 4604 συμμαχίᾳ
822 4532 1101 4619 κρείττους
1123 4532 1345 4587 ἐκείνων
1366 4548 1381 4564 θ
1410 4532 1620 4603 εἴρηται
1643 4530 1700 4584 δέ
1733 4532 1827 4585 καὶ
1859 4532 1988 4604 περὶ
2017 4531 2222 4591 τούτων
2253 4530 2331 4602 τῷ
2367 4531 2618 4603 μακαρίῳ
2638 4529 2799 4583 Δαυῒδ
2835 4533 2892 4584 ἐν
2919 4528 3187 4599 ιῩαλμοῖς.

1032 4649 1184 4704 CAP.
1224 4648 1265 4705 l.

434 4757 604 4814 Vsus.
640 4758 761 4813 1-3.
790 4788 857 4799 —
885 4776 905 4810 ς
934 4756 1170 4814 Verbum
1193 4757 1430 4822 Domini,
1457 4758 1602 4828 quod
1630 4757 1828 4814 factum
1852 4765 1937 4815 est

360 4845 656 4903 adJoeIem
690 4844 966 4901 Bathuelis
985 4846 1174 4900 tilium.
1202 4864 1222 4901 ι
1259 4844 1359 4901 ilic
1390 4846 1593 4916 pariter
1611 4847 1799 4904 titulus
1815 4848 1937 4918 qui-

360 4938 489 4994 dam
519 4946 628 5005 est,
675 4952 833 5009 atque
865 4951 931 4991 ac
964 4937 1105 5006 apud
1137 4935 1361 5001 Oscam;
1389 4937 1936 5023 demonstranspro-

2678 4646 2831 4699 ΚΕΦ.
2875 4646 2950 4697 Α’.

2107 4760 2255 4832 Στίχ.
2300 4758 2444 4828 cur.
2473 4787 2543 4800 --
2572 4777 2591 4811 ι
2635 4758 2806 4824 Λόγος
2836 4756 3074 4827 Κυρίου,
3104 4755 3162 4820 ὃς
3204 4754 3440 4825 ἐγενήθη
3471 4753 3614 4823 πρὸς

2049 4852 2203 4924 Ἰωὴλ
2241 4852 2331 4905 τὸν
2355 4851 2447 4904 τοῦ
2486 4848 2749 4920 Βαθουήλ.
2810 4868 2827 4901 ι
2886 4849 3183 4919 Προγραφή
3219 4846 3302 4911 τίς
3342 4849 3457 4899 ἐστι
3511 4846 3614 4898 καὶ

2037 4944 2176 5015 αὕτη
2210 4941 2603 5013 παραπλησίως
2631 4939 2707 5009 τῷ
2741 4940 2918 5010 Ὠσηὲ,
2950 4938 3183 5008 δηλοῦσα
3218 4939 3299 4990 ὅτι
3322 4936 3381 5001 ἐξ
3404 4937 3615 4989 ἀποκα-

364 5031 581 5100 phetam
626 5046 692 5086 ex
737 5030 1070 5086 revelatione
1108 5028 1212 5098 ipsi
1251 5029 1436 5083 oblata
1468 5029 1732 5085 divinitus
1780 5045 1933 5086 coms

2047 5031 2249 5103 λύψεώς
2284 5048 2426 5094 τινος
2458 5029 2807 5097 ἐγγεγονυίας
2834 5027 2982 5098 αὑτῷ
3006 5068 3020 5093 ,
3054 5026 3260 5081 θειόθεν
3292 5025 3613 5095 κινούμενος

316 5126 321 5129 ’
364 5130 591 5190 motum,
624 5137 748 5192 qua
776 5128 1080 5191 sequuntur
1106 5119 1289 5175 dicere
1319 5118 1388 5175 ad
1422 5120 1603 5189 populi
1643 5121 1931 5176 utilitatem

366 5211 590 5266 directa.
627 5230 647 5264 ι
671 5212 869 5268 Audite
897 5213 1022 5277 hoc,
1058 5226 1239 5274 senes,
1275 5218 1330 5265 et
1373 5211 1599 5265 auribus
1647 5212 1931 5281 pcrcipite,

365 5313 553 5353 omnes
578 5301 910 5358 habitatores
938 5312 1117 5365 terra,
1152 5302 1198 5357 si
1243 5300 1387 5356 facta
1422 5310 1549 5356 sunt
1576 5301 1703 5356 talia
1730 5302 1786 5356 in
1819 5302 1931 5356 ἀίει

366 5389 468 5443 bus
498 5391 716 5444 vestris.
754 5409 773 5441 ι
797 5392 963 5456 Quasi
1007 5393 1073 5447 ad
1114 5392 1260 5447 dicta
1314 5390 1582 5446 audienda
1629 5391 1929 5461 segniores,

364 5480 606 5536 excitare
651 5482 1019 5548 pradictionis
1052 5493 1260 5539 terrore
1284 5493 1732 5553 conatur;quare
1755 5492 1809 5537 et
1838 5482 1935 5537 ini-

367 5574 505 5630 tium
538 5573 824 5629 verborum
862 5590 1086 5631 suorum
1124 5580 1272 5647 capit
1316 5592 1346 5631 a
1392 5578 1577 5633 minis.
1621 5575 1704 5629 Ad
1743 5587 1935 5629 omnes

367 5673 539 5733 certe,
573 5666 766 5734 inquit,
800 5673 961 5724 terra
1009 5667 1213 5723 incolas
1272 5668 1681 5738 praedicationis
1727 5679 1934 5724 sermo-

3114 5121 3122 5134 P

3112 5140 3117 5149 ,
3130 5140 3135 5145 .

2040 5126 2190 5194 λέγει
2216 5124 2285 5177 τὰ
2328 5123 2453 5193 ἑξῆς
2476 5161 2491 5185 ,
2537 5122 2615 5184 είς
2648 5120 2912 5187 ὠφέλειαν
2947 5121 3285 5192 συντείνυλίτα
3329 5117 3419 5170 τοῦ
3448 5116 3608 5171 λαοῦ.

2043 5234 2060 5271 t
2114 5215 2407 5269 Ἀκούσατε
2441 5212 2609 5267 ταῦτα
2649 5213 2697 5265 οἱ
2743 5208 3234 5281 πρεσϐύτεροι,καὶ
3250 5203 3609 5267 ἐνωτίσασθε,

2040 5309 2236 5371 πάντες
2274 5308 2323 5360 οί
2358 5304 2735 5367 κατοικοῦντες
2781 5303 2877 5374 τὴν
2916 5301 3043 5371 γῆν,
3078 5302 3126 5352 εί
3157 5300 3350 5369 γέγονε
3380 5296 3612 5350 τοιαῦτα

2037 5399 2095 5453 ἐν
2119 5400 2235 5460 ταῖς
2265 5398 2499 5467 ἡμέραις
2520 5393 2692 5465 ὑμῶν.
2734 5413 2752 5445 ι
2799 5394 2885 5457 Ὠς
2907 5392 2971 5448 ἂν
3003 5390 3372 5463 ῥαθυμότερον
3406 5381 3615 5441 δίακει-

2041 5488 2231 5557 μένους
2249 5486 2375 5553 περὶ
2399 5484 2466 5538 τὰ
2492 5484 2775 5553 λεγόμενα,
2795 5483 2870 5553 (p.
2909 5483 3027 5553 105)
3047 5479 3329 5549 διεγείρειν
3357 5476 3433 5547 τῷ
3456 5474 3612 5545 φόϐῳ

2036 5578 2143 5630 τῶν
2176 5576 2524 5648 μηνυομένων
2545 5576 2822 5645 πειρᾶται,
2852 5574 2993 5628 ὥστε
3023 5574 3117 5628 καὶ
3143 5571 3428 5643 προοίμιον
3454 5565 3612 5636 αὐτῷ

2039 5668 2147 5721 τῶν
2192 5667 2365 5737 λόγων
2408 5652 2542 5721 εἶναι
2586 5667 2681 5737 τὴν
2723 5666 2985 5735 ἀπειλήν·
3034 5665 3167 5733 πρὸς
3202 5664 3449 5723 ἅπαντας
3492 5656 3561 5727 δὴ
3586 5694 3607 5726 ,
