3966 6134
388 242 493 300 ἳιῦ
1429 245 1979 308 COIMENTARIUS
2007 249 2076 308 ιιι
2111 251 2341 309 JOELIS
2375 252 2527 308 CAP.
2566 253 2604 306 l.
3548 248 3655 307 2H

391 359 568 431 ςητὶ,
621 359 754 422 τοὺς
811 330 913 431 ⁸ἑὴν
969 358 1076 430 γῆν
1140 359 1426 424 οἰκοῦντας
1481 356 1595 432 τῆς
1633 364 1971 435 ιπαγγιλίας

2073 382 2196 423 nem
2240 368 2492 434 instituo,
2526 368 2581 422 in
2608 366 2801 444 primis
2830 378 2960 421 vero
2998 364 3109 435 το
3144 362 3208 418 ad
3255 363 3517 437 seniores,
3559 366 3652 435 qui

393 451 649 522 ποιοῦμαι
686 451 778 505 τὸν
826 451 987 521 λόγον
1008 469 1023 484 ·
1072 453 1170 508 καὶ
1212 452 1320 525 πρό
1364 470 1428 521 γε
1463 454 1572 508 τῶν
1613 455 1788 510 ἄλλων
1835 457 1971 529 πρὸς

2073 459 2224 530 plura
2263 460 2406 516 scire
2452 459 2524 515 ob
2565 473 2722 514 suam
2764 456 3163 528 longaevitatem
3206 454 3436 519 debent,
3481 470 3650 527 rogo,

395 545 519 609 τοὺς
544 546 606 595 ὲν
631 544 764 613 ὑμῖν
796 544 1228 616 πρεσϐυτέρους,
1260 546 1353 599 καί
1382 562 1436 599 τι
1468 545 1564 599 καὶ
1592 547 1752 602 πλέον
1774 548 1973 603 είδιναι

389 634 477 692 διὰ
512 635 605 689 τὸν
642 635 856 706 μακρὸν
888 635 1205 705 ὀφείλοντας
1248 637 1458 706 χρόνον,
1494 638 1543 691 εί
1576 637 1634 690 δέ
1669 655 1724 691 τι
1767 637 1975 692 τοιοῦτο

393 727 638 795 γεγονὸς,
672 728 707 797 ἦ
738 726 883 781 κατὰ
903 728 995 781 τὸν
1023 726 1283 798 ὑμέτερον
1311 728 1570 799 καιρὸν,ἢ
1594 728 1733 782 κατὰ
1755 729 1846 782 τὸν
1864 730 1974 783 τῶν

395 818 677 887 ὑμετέρων
718 817 969 888 πατέρων
1009 817 1300 872 ἐπίστασθε
1325 858 1341 884 ,
1383 821 1542 875 ὁποῖα
1581 819 1646 890 δὴ
1688 819 1783 874 νῦν
1830 820 1961 889 ύμῖν

395 907 607 961 ἐποίσει
635 907 790 973 Θεὸς,
819 909 916 961 ἐπὶ
955 907 1155 979 μακρῷ
1187 908 1288 977 μὲν
1316 908 1468 979 ὑμῶν
1506 910 1872 979 ἀνασχόμενος
1896 910 1974 979 τῷ

394 998 577 1069 χρόνῳ
602 1039 618 1062 ,
659 999 989 1069 ἀνεχόμενος
1019 1000 1077 1054 δὲ
1116 1000 1336 1070 μηκέτι,
1375 1003 1498 1059 tati.
1532 1001 1701 1071 μηδὲν
1732 1002 1876 1071 ὑμᾶς
1912 1004 1975 1055 ἐκ

392 1090 499 1158 τῆς
524 1090 880 1156 ἀνεξικακίας
907 1091 1314 1161 ὠφελουμένους
1357 1092 1490 1163 ὁρᾷ,
1524 1092 1833 1146 τούναντίον
1874 1090 1974 1162 μὲν

395 1180 492 1238 οὖν
512 1185 610 1237 καὶ
635 1184 1041 1254 προκόπτοντας
1060 1186 1150 1238 ἐπὶ
1166 1184 1225 1237 τὸ
1246 1186 1442 1255 χεῖρον.
1466 1203 1484 1232 ι
1511 1184 1643 1255 Περὶ
1666 1184 1845 1240 αὐτῶν
1862 1185 1973 1246 τοῖς

397 1274 615 1336 τέκνοις
650 1273 805 1342 ὑμῶν
831 1272 1189 1344 διηγήσασθε,
1234 1275 1328 1327 καὶ
1370 1274 1440 1327 τὰ
1478 1274 1645 1329 τέκνα
1672 1273 1828 1343 ὑμῶν
1859 1275 1973 1336 τοῖς

395 1364 613 1428 τέκνοις
631 1364 831 1429 αὐτῶν,
848 1365 1020 1418 καὶτὰ
1041 1364 1202 1418 τέκνα
1213 1364 1392 1419 αὐτῶν
1413 1366 1492 1428 τίς
1510 1365 1703 1434 γενεὰν
1723 1364 1934 1432 ἑτέραν.
1950 1382 1968 1415 ι

396 1455 623 1511 Τοιοῦτο
655 1457 763 1526 γὰρ
793 1454 859 1525 δὴ
890 1453 1000 1507 τῶν
1037 1453 1130 1507 νῦν
1157 1455 1599 1525 ἐπελευσομένων
1627 1455 1755 1524 ὑμῖν
1783 1455 1846 1508 τὸ
1876 1453 1970 1524 μι-

394 1546 558 1614 γεθος
586 1548 798 1611 κακῶν,
831 1546 973 1600 ὥστε
999 1546 1109 1599 δεῖν
1136 1546 1281 1616 ὑμᾶς
1313 1545 1404 1598 διὰ
1433 1546 1543 1599 τῶν
1568 1546 1831 1616 διαδόχων
1862 1544 1970 1599 τῶν

2072 550 2316 620 inquam,
2346 546 2416 604 an
2445 562 2543 619 par
2573 548 2782 620 aliquid
2821 548 2905 601 vel
2930 553 3088 602 atate
3113 554 3291 602 vestra
3321 544 3401 600 vel
3434 555 3651 616 patrum

2070 650 2377 697 vestrorum
2405 639 2702 709 contigisse
2727 640 2940 707 sciatis,
2968 639 3128 709 quale
3154 652 3300 692 nunc
3323 637 3481 693 vobis
3504 636 3648 692 Deus

2072 730 2319 786 facturus
2332 740 2436 792 est.
2458 731 2553 802 qui
2572 732 2734 801 longo
2755 731 2974 800 quidem
2995 738 3239 800 tempore
3255 744 3353 784 vos
3364 728 3647 792 sustinuit,

2072 821 2167 876 sed
2192 821 2307 891 jam
2336 823 2544 877 diutius
2572 836 2684 876 non
2717 821 2992 885 tolerabit,
3033 823 3162 892 quia
3189 820 3361 875 nihilo
3402 833 3499 875 vos
3533 833 3644 874 me»

2068 908 2234 967 liores
2255 912 2672 983 ob-patientiam
2699 927 2856 968 suam
2880 911 3103 969 eli‘ectos
3125 909 3289 974 videt,
3315 910 3423 964 imo
3452 916 3645 964 contra

2067 1000 2123 1055 in
2144 1000 2388 1057 deterius
2416 1002 2581 1058 etiam
2614 1011 2838 1059 mentes
2866 1043 2879 1058 .
2921 1022 2940 1055 ι
2968 1001 3147 1073 Super
3170 1001 3276 1056 boc
3301 999 3431 1055 filiis
3449 1000 3653 1055 vestris

2067 1099 2313 1159 narrate,
2330 1100 2386 1146 et
2406 1092 2502 1148 ﬁlii
2523 1094 2692 1150 vestri
2714 1094 2842 1150 ﬁliis
2867 1094 3002 1158 suis,
3019 1091 3186 1149 etiilii
3208 1105 3398 1146 eorum
3426 1100 3652 1160 genera-

2069 1182 2201 1237 tioni
2241 1183 2421 1239 alteri.
2450 1203 2469 1237 ι
2516 1183 2692 1240 Tanta
2735 1187 2881 1241 enim
2935 1192 3023 1240 est
3063 1191 3452 1240 eventurorum
3502 1195 3652 1236 nunc

2069 1272 2228 1330 vobis
2261 1276 2530 1332 malorum
2560 1277 2902 1348 magnitudo,
2936 1282 2995 1331 ut
3016 1290 3112 1330 vos
3132 1280 3383 1344 oporteat
3401 1286 3502 1351 per
3525 1286 3651 1327 suc-

2071 1377 2324 1422 cessores
2350 1376 2563 1424 vestros
2596 1369 2663 1423 ad
2695 1378 2945 1439 posteros
2972 1366 3217 1421 notitiam
3249 1365 3640 1427 transmittere,

2076 1468 2185 1524 quo
2209 1471 2392 1511 rerum
2415 1468 2692 1527 gestarum
2718 1459 2938 1514 novitas
2968 1457 3091 1513 illos
3106 1471 3324 1526 quoque
3353 1454 3653 1510 modestio.

2074 1560 2164 1601 res
2194 1548 2370 1617 possit
2395 1549 2626 1606 allicere.

394 1641 615 1694 οἰκείων
646 1642 726 1704 εἰς
753 1640 880 1704 τοὺς
933 1640 1226 1710 μετέπειτα
1274 1640 1640 1727 παραπέμψαι
1677 1641 1775 1711 τὴν
1801 1639 2022 1709 γνῶσιν,
2063 1638 2184 1713 Νὴ
2212 1642 2322 1699 τῶν
2368 1644 2711 1716 πραγμάτων
2742 1644 2995 1714 καινότης
3030 1645 3098 1715 τῇ
3126 1644 3266 1715 ἀκοῇ
3301 1640 3654 1712 σωφρονίζειν

393 1731 611 1784 δύναιτο
641 1731 944 1794 κάκείνους.

463 1822 613 1893 Στίχ.
649 1822 789 1874 δ’-ε’.
831 1851 891 1865 --
929 1840 947 1871 ι
988 1821 1069 1875 Τὰ
1101 1820 1399 1875 κατάλοιπα
1440 1820 1540 1890 τῆς
1577 1820 1804 1890 κὰμπης
1844 1835 1971 1873 κατ-

2148 1816 2314 1874 Vsas.
2355 1819 2476 1874 4-5.
2507 1850 2578 1863 -υ-
2621 1836 2641 1872 ι
2661 1816 2899 1876 Residua
2928 1835 3111 1878 eruca
3136 1822 3374 1880 comedit
3410 1822 3651 1887 locusta,

393 1913 607 1982 ἔφαγεν
630 1915 663 1984 ή
702 1913 867 1983 ἀκρίς
885 1929 901 1945 ·
933 1913 1029 1966 καὶ
1054 1913 1121 1966 τὰ
1146 1912 1447 1966 κατάλοιπα
1468 1913 1567 1982 τῆς
1592 1912 1813 1981 ἀκρίδος
1844 1927 1975 1963 κατ-

392 2002 604 2074 έφαγεν
642 2006 673 2057 ὀ
705 2004 969 2076 βροῦχος·
1028 2004 1220 2058 καὶτὰ
1263 2005 1567 2060 κατάλοιπα
1613 2002 1708 2058 τοῦ
1743 2002 1970 2074 βρούχου

395 2097 711 2164 κατέφαγεν
744 2098 778 2166 η
810 2094 1067 2166 ὲρυσίϐη.
1096 2115 1115 2148 a
1151 2095 1438 2167 Τροπικῶς
1466 2093 1717 2165 βούλεται
1751 2093 1819 2148 τὰ
1869 2095 1968 2147 ιπ-

391 2186 694 2255 εληλυθότα
727 2186 911 2249 αὐτοῖς
943 2187 1117 2240 εἰπεῖν
1141 2185 1286 2241 κακά
1306 2201 1319 2215 ·
1344 2186 1440 2241 καὶ
1463 2183 1541 2247 ὡς
1574 2185 1662 2239 ἀεὶ
1692 2186 1807 2247 τοῖς
1836 2183 1974 2254 μετὰ

391 2277 571 2331 ταῦτα
612 2276 683 2330 τὰ
730 2276 972 2347 πρότερα
1022 2275 1357 2330 ἐπετείνετο·
1412 2274 1638 2346 ἐλήλυθε
1682 2274 1778 2345 μὲν
1829 2272 1970 2344 γὰρ,

393 2368 532 2438 φησὶ
559 2407 575 2431 ,
611 2366 975 2438 Θεγλαφασὰρ
1013 2366 1042 2418 ὁ
1074 2366 1181 2420 τῶν
1235 2364 1537 2437 Ἀσσυρίων
1585 2363 1868 2434 βασιλεὺς,
1913 2363 1972 2427 δς

392 2461 557 2530 δίκην
620 2459 852 2529 κάμπης
905 2459 1005 2512 οὐκ
1049 2459 1204 2528 ὀλίγα
1252 2458 1395 2530 μέρη
1432 2456 1541 2511 τῶν
1588 2456 1971 2527 προσηκόντων

390 2550 529 2620 ὑμῖν
579 2549 853 2622 ἐδῄωσεν·
890 2549 967 2620 (p.
1012 2549 1150 2619 406)
1198 2548 1315 2621 μετ’
1363 2550 1571 2603 ἐκεῖνον
1609 2546 1971 2618 Σαλμανασαρ

390 2641 589 2712 ὥσπερ
615 2642 779 2713 ἀκρίς
807 2658 889 2704 τις
915 2640 1077 2694 πλέον
1110 2639 1461 2711 ὲπινεμηθείς
1493 2639 1561 2692 τὰ
1586 2637 1853 2709 ὑμέτερα·
1881 2638 1969 2690 ἐπ’

392 2728 628 2791 ἐκείνοις
652 2728 1028 2800 Σενναχηρεὶμ
1051 2728 1278 2799 βρούχου
1302 2729 1457 2799 δίκην
1480 2728 1655 2782 κοινὸν
1668 2726 1967 2798 ἀφανισμὸν

394 2820 621 2888 ἐπάγων
642 2822 764 2883 ταῖς
785 2819 915 2873 δέκα
936 2819 1128 2888 φυλαῖς
1157 2820 1374 2890 Ἰσραήλ
1392 2836 1407 2851 ·
1430 2817 1757 2889 ἐπελήλυθεν
1779 2818 1968 2886 ὥσπερ

394 2925 480 2971 τις
507 2908 735 2980 ὲρυσίὸη
774 2909 908 2979 πρὸς
935 2912 1048 2973 τοῖς
1092 2910 1298 2973 λοιποῖς
1337 2912 1366 2963 ὁ
1403 2909 1759 2974 Βαϐυλώνιος,
1789 2909 1847 2972 ὃς
1872 2910 1965 2963 καὶ

393 3000 522 3059 τοὺς
542 2999 643 3068 τῆς
674 2998 933 3064 Ἰουδαίας
961 2999 1161 3066 λαϐὼν,
1185 3000 1361 3054 κοινὸν
1378 3000 1629 3054 ἁπάντων
1644 3001 1741 3071 τῆς
1764 3002 1965 3072 αἰχμα-

386 3094 594 3158 λωσίας
669 3092 934 3164 πεποίηκε
983 3094 1044 3146 τὸ
1086 3094 1286 3148 κακόν·
1332 3089 1451 3157 εἶτα
1473 3093 1526 3147 τί
1559 3093 1806 3163 βούλεται
1838 3092 1962 3146 τού-

392 3200 503 3240 των
535 3184 569 3252 ἡ
610 3183 880 3253 μήνυσιςς
914 3199 932 3233 ι
979 3182 1300 3253 Ἑκνήψατε,
1322 3179 1372 3236 oi
1405 3178 1717 3251 μεθύοντες,
1741 3180 1801 3247 ἐξ
1824 3168 1967 3235 οίνου

396 3273 597 3338 αὐτῶν,
632 3273 727 3328 καὶ
769 3271 1075 3337 κλαύσατε,
1121 3273 1319 3335 πάντες
1355 3272 1404 3325 οἱ
1442 3272 1691 3336 πίνοντες
1726 3270 1866 3327 οἶνον
1892 3275 1973 3336 είς

396 3363 609 3435 μέθην·
659 3364 741 3416 ὅτι
775 3362 998 3432 ἐξῆρται
1042 3362 1105 3413 ἐκ
1151 3360 1419 3429 στόματος
1460 3362 1613 3432 ὑμῶν
1662 3362 1969 3434 εὐφροσύνη

392 3456 490 3509 καὶ
520 3452 687 3524 χαρά.
732 3471 751 3504 ι
795 3450 1089 3506 ’Λπόθεσθε
1122 3452 1187 3522 δὴ
1232 3451 1329 3522 τὴν
1360 3451 1550 3522 μέθην,
1584 3454 1672 3523 ὑφ’
1724 3449 1792 3525 ἧς
1837 3472 1972 3508 κατ-

395 3545 645 3616 εχόμενοι
674 3542 770 3596 νῦν
790 3542 877 3596 διὰ
900 3541 996 3612 τὴν
1030 3541 1164 3612 πρὸς
1192 3542 1252 3595 τὺ
1284 3545 1462 3612 χεῖρον
1489 3542 1681 3614 ῥοπὴν,
1708 3544 1828 3598 οὐδὲ
1851 3562 1973 3599 συν-

396 3640 531 3708 ορᾷν
558 3636 771 3690 ἐθέλετε
808 3634 870 3688 τὸ
904 3635 1022 3688 δέον
1040 3651 1054 3665 ·
1084 3634 1177 3687 καὶ
1206 3634 1507 3705 μετάστητε
1534 3637 1613 3699 είς
1636 3635 1845 3707 δάκρυα
1875 3636 1970 3690 καὶ

398 3728 650 3797 θρήνους,
671 3727 725 3779 ετ
739 3743 855 3789 πως
879 3728 947 3797 τῇ
978 3724 1309 3795 μεταμελείᾳ
1336 3725 1434 3796 τὴν
1460 3725 1692 3779 παλαιὰν
1714 3728 1971 3797 ἀποσμή-

398 3813 522 3880 ξετε
578 3814 780 3884 μέθην·
824 3811 1013 3884 ἐπειδὴ
1060 3810 1169 3882 γὰρ
1203 3810 1383 3863 ούκέτι
1429 3810 1638 3883 χαίρειν
1685 3812 1828 3883 ὑμᾶς
1879 3812 1973 3866 καὶ

398 3903 788 3973 εὐφραίνεσθαι
816 3900 886 3955 τὰ
916 3899 1303 3972 συμὸησόμενα
1331 3902 1424 3971 ἑᾷ,
1457 3901 1676 3972 ἄμεινον
1704 3904 1782 3966 είς
1816 3920 1973 3973 μετα·

404 3994 622 4064 μέλειαν
654 3991 731 4066 τῷ
758 4010 814 4046 τε
852 3992 1033 4063 θρήνῳ
1064 3992 1369 4063 χρήσασθαι
1401 3992 1493 4047 καὶ
1534 3996 1644 4058 τοῖς
1685 3994 1967 4066 δάκρυσιν,

399 4085 479 4148 ὡς
527 4084 595 4138 ἂν
648 4083 895 4137 ἐντεῦθεν
945 4082 1245 4153 κουφισμός
1293 4100 1374 4147 τις
1427 4085 1554 4154 ὑμῖν
1612 4086 1820 4154 γένοιτο
1866 4087 1973 4139 τῶν

404 4175 620 4229 κακῶν·
656 4169 774 4228 εἶτα
800 4174 1025 4245 μηνύων
1061 4176 1199 4246 ὑπὲρ
1229 4177 1352 4228 ὅτου
1392 4176 1585 4236 ταῦτα.
1616 4177 1807 4245 φησίν⁶

469 4288 623 4359 Στίχ.
671 4285 817 4351 ς’-θ¹.
851 4318 921 4327 -—
973 4305 992 4339 ι
1031 4286 1149 4340 Ὀτι
1183 4286 1335 4348 ἔθνος
1380 4286 1548 4357 ἀνέϐη
1586 4288 1678 4340 ἐπὶ
1725 4289 1822 4356 τὴν
1868 4288 1973 4357 γῆν

400 4396 509 4450 μου
533 4377 747 4448 ίσχυρὺν
769 4378 863 4431 καὶ
890 4377 1277 4448 ἀναρίθμητον·
1304 4377 1351 4428 οἱ
1375 4376 1586 4441 ὀδόντες
1609 4376 1794 4444 αὑτοῦ,
1827 4379 1974 4432 λέον-

2073 1916 2128 1965 et
2175 1908 2392 1965 residua
2443 1910 2668 1981 locusta:
2716 1912 2953 1967 comedit
2998 1913 3278 1980 bruchus,
3331 1921 3388 1969 et
3430 1913 3652 1970 residua

2072 2000 2269 2056 brucbi
2320 2000 2557 2058 comedit
2618 2001 2835 2072 rubigo.
2859 2022 2876 2054 ι
2910 2000 3171 2074 Figurate
3198 2003 3316 2058 vult
3349 2018 3653 2074 superven-

2072 2100 2194 2147 tura
2223 2092 2359 2162 ipsis
2385 2090 2569 2149 dicere
2594 2092 2758 2158 mala,
2787 2102 2842 2149 et
2871 2092 3019 2164 quod
3048 2107 3266 2165 semper
3306 2095 3491 2165 priora
3526 2108 3653 2165 pos-

2073 2183 2371 2243 terioribus
2399 2185 2763 2254 augebuntur.
2792 2183 2955 2241 Venit
2983 2185 3152 2249 enim.
3188 2186 3388 2255 inquit,
3419 2184 3654 2257 Tbegla-

2073 2273 2275 2344 phasar
2305 2273 2660 2344 Assyriorum
2686 2289 2803 2337 rex,
2835 2274 2930 2344 qui
2958 2289 3140 2331 erucae
3169 2274 3344 2331 instar
3373 2287 3483 2329 non
3513 2288 3652 2344 pau—

2071 2378 2165 2419 cas
2180 2379 2365 2421 rerum
2391 2372 2695 2421 vestrarum
2717 2373 2900 2434 partes
2931 2364 3325 2435 pessumdedit.
3344 2363 3477 2423 Post
3493 2365 3648 2420 illum

2072 2454 2443 2517 Sal-manasar,
2470 2470 2571 2511 ceu
2597 2454 2847 2525 quaedam
2873 2455 3084 2513 locusta
3114 2456 3293 2527 magis
3332 2456 3519 2511 adhuc
3558 2470 3653 2510 ve-

2071 2553 2219 2603 stras
2260 2561 2391 2615 opes
2418 2545 2784 2616 depopulatus
2816 2554 2919 2601 est.
2948 2544 3154 2602 Deinde
3194 2546 3652 2602 Sennacberinius

2067 2639 2221 2709 quasi
2247 2638 2492 2695 bruchus
2515 2638 3004 2709 generaleexitium
3026 2637 3213 2693 decens
3236 2639 3492 2695 tribubus
3513 2640 3652 2695 intu-

2068 2731 2150 2788 lit.
2194 2729 2514 2788 Postremus
2542 2729 2787 2785 omnium
2816 2735 3081 2797 tanquam
3114 2729 3312 2799 rubigo
3337 2730 3652 2799 supervenit

2067 2819 2402 2891 Babylonius
2444 2818 2997 2890 (Nabuchodonosor)
3045 2819 3139 2889 qui
3180 2816 3381 2874 Iudaeae
3429 2834 3653 2888 quoque

2063 2913 2261 2970 incolis
2299 2914 2497 2982 captis,
2536 2926 2884 2968 communem
2931 2910 3056 2966 fecit
3091 2910 3427 2981 captivitatis
3453 2924 3654 2967 arum-

2063 3018 2212 3061 nam.
2243 3004 2417 3062 Porro
2439 3003 2573 3076 quid
2600 3005 2704 3061 sibi
2726 3005 2842 3061 vult
2864 3005 3055 3059 barum
3078 3018 3263 3058 rerum
3279 3003 3655 3059 denuntiatio?

2072 3114 2094 3148 ι
2114 3095 2592 3166 Expergiscimini,
2621 3095 2783 3163 ebrii,
2810 3110 2876 3151 ex
2899 3093 3026 3149 vino
3066 3101 3276 3162 vestro,
3319 3104 3374 3150 et
3403 3093 3616 3165 plorate
3634 3134 3649 3161 ,

2068 3201 2262 3245 omnes
2291 3187 2386 3257 qui
2414 3187 2604 3243 bibitis
2645 3185 2831 3242 vinum
2861 3185 2928 3241 ad
2953 3186 3300 3251 ebrietatem,
3330 3187 3461 3257 quia
3490 3185 3643 3240 abla-

2071 3285 2187 3333 tum
2217 3284 2300 3333 est
2328 3293 2395 3332 ex
2422 3291 2518 3332 ore
2543 3285 2729 3333 vestro
2770 3275 3031 3347 gaudium
3077 3284 3132 3332 et
3177 3277 3384 3332 laetitia.
3416 3294 3436 3329 ι
3462 3274 3654 3330 Pellite

2068 3368 2413 3433 ebrietatem,
2440 3384 2550 3439 qua
2580 3383 2728 3424 nunc
2753 3369 3034 3438 occupati,
3076 3375 3296 3437 propter
3319 3374 3556 3424 vestram
3584 3366 3653 3420 ad

2069 3460 2200 3515 vitia
2226 3460 2646 3529 proclivitatem,
2675 3458 2822 3528 quod
2850 3459 2998 3514 iactu
3029 3473 3169 3528 opus
3196 3466 3281 3514 est
3307 3458 3451 3513 haud
3482 3458 3648 3513 vultis

2070 3550 2416 3618 conspicere:
2459 3558 2514 3603 et
2539 3548 2606 3603 ad
2638 3549 2908 3620 iacrymas
2951 3549 3336 3617 ploratumque
3379 3548 3651 3602 converti—

2068 3640 2226 3705 mini,
2258 3640 2305 3694 si
2337 3639 2478 3694 l'orte
2504 3640 2826 3708 poenitentia
2854 3640 3134 3708 antiquam
3154 3638 3467 3708 abstergere
3497 3646 3650 3708 pote-

2069 3729 2193 3784 ritis
2215 3729 2559 3783 ebrietatem.
2590 3726 2725 3780 Nam
2752 3726 2883 3796 quia
2911 3725 3151 3797 gaudere
3176 3741 3272 3783 vos
3299 3728 3533 3784 ulterius
3568 3734 3652 3781 at-

2071 3834 2177 3889 que
2200 3818 2369 3873 laetari
2394 3832 2505 3873 non
2531 3818 2721 3874 sinunt
2749 3832 2934 3882 casus,
2972 3818 3171 3875 melius
3197 3828 3282 3877 est
3319 3818 3651 3889 pmnitentes

2076 3915 2178 3986 71
2222 3912 2435 3983 ploratu
2476 3910 2844 3980 lacrymisque
2876 3911 2977 3974 uti,
3010 3917 3069 3965 ut
3102 3910 3231 3966 hinc
3260 3910 3418 3967 vobis
3452 3910 3651 3967 levatio

2073 4008 2254 4075 aliqua
2281 3987 2547 4059 malorum
2578 4000 2880 4071 contingat.
2905 4000 3108 4058 Deinde
3125 4001 3441 4074 signiﬁcans
3458 4016 3653 4073 quam—

2072 4097 2258 4152 obrem
2294 4095 2430 4160 ham,
2463 4092 2636 4165 pergit
2663 4090 2847 4147 dicere
2876 4103 2895 4142 :

2144 4289 2312 4344 Vens.
2347 4287 2460 4343 6-9.
2490 4319 2556 4328 -—
2586 4306 2604 4339 ι
2634 4288 2780 4345 Gens
2809 4288 2952 4345 enim
2981 4287 3226 4348 ascendit
3254 4304 3416 4359 super
3449 4298 3651 4345 terram

2077 4395 2251 4434 meam
2289 4377 2446 4432 fortis
2475 4385 2528 4431 et
2557 4377 3009 4443 innumerabilis;
3032 4378 3224 4434 dentes
3255 4378 3399 4446 ejus,
3434 4379 3642 4441 leonis,

394 4487 510 4533 τος·
544 4470 639 4522 καὶ
664 4470 722 4522 αἱ
744 4468 906 4538 μύλαι
934 4467 1100 4523 αὐτοῦ
1120 4508 1134 4533 ,
1164 4469 1236 4532 ὡς
1278 4468 1516 4538 σκύμνου
1564 4468 1749 4522 αὑτοῦ.
1781 4488 1798 4519 ι
1842 4470 1971 4523 Ἐπ-

2078 4479 2132 4525 ct
2156 4470 2393 4525 molares
2422 4468 2564 4536 ejus,
2612 4478 2670 4521 ut
2702 4468 2871 4524 catuli
2917 4468 3112 4523 leonis.
3156 4487 3174 4518 ι
3209 4468 3650 4536 Supervenerunt

396 4558 690 4627 εληλύθασι
720 4558 828 4629 γὰρ
859 4561 925 4630 τῇ
969 4556 1124 4629 χώρᾳ
1166 4561 1232 4630 τῇ
1266 4559 1373 4628 ἐμῇ
1410 4559 1657 4629 πολέμιοι
1699 4560 1880 4612 πολλοί
1913 4577 1973 4613 τε

395 4649 494 4701 καὶ
556 4648 771 4711 δυνατοὶ
798 4689 810 4706 .
857 4648 907 4701 οἶ
957 4647 1185 4701 λεόντων
1225 4648 1379 4701 οὐδὲν
1423 4649 1802 4719 ἀφεστήκασι,
1864 4653 1977 4713 τοῖς

394 4738 576 4793 ὀδοῦσι
637 4738 729 4792 καὶ
773 4741 892 4802 ταῖς
926 4737 1115 4809 μύλαις
1149 4740 1265 4801 ταῖς
1306 4738 1524 4799 οἰκείαις
1570 4741 1976 4809 κατασφαττόν-

391 4846 505 4882 των
532 4846 593 4882 τε
622 4829 715 4880 καὶ
759 4827 1252 4883 καταναλισκόντων
1308 4828 1415 4881 τῶν
1450 4829 1660 4899 κτηνῶν
1712 4831 1773 4883 τὰ
1818 4831 1979 4901 ἐμπί-

393 4942 628 4988 πτοντα,
690 4925 744 4994 (p
830 4923 950 4992 l0?)
1005 4923 1172 4987 οὕτως
1210 4922 1560 4993 ἁφανίζοντές
1612 4938 1672 4973 τε
1725 4923 1815 4974 καὶ
1867 4938 1974 4994 χει-

392 5018 650 5089 ρούμενοι
702 5020 817 5080 τοῖς
860 5016 1065 5079 ὅπλοις.
1116 5035 1135 5067 ι
1174 5016 1366 5069 Ἔθετο
1410 5015 1505 5085 τὴν
1564 5013 1806 5083 ἄμπελόν
1870 5032 1970 5085 μου

388 5110 473 5170 εἰς
499 5108 830 5179 ἀφανισμὸν,
865 5107 960 5162 καὶ
989 5106 1084 5168 τὰς
1106 5109 1275 5170 συκᾶς
1308 5123 1406 5177 μου
1436 5108 1515 5170 είς
1543 5105 1910 5175 συγκλασμόν.
1949 5126 1967 5158 ι

388 5198 577 5252 Πάντα
608 5198 700 5253 τὸν
747 5198 986 5277 Ἰσραὴλ,
1015 5197 1074 5251 ὃν
1094 5198 1338 5269 ἀμπέλου
1362 5198 1514 5269 δίκην
1547 5202 1842 5270 περιεῖπον,
1879 5200 1972 5252 καὶ

384 5286 476 5340 διὰ
507 5288 608 5358 τῆς
639 5288 970 5359 ἐπιμελείας
1006 5288 1430 5356 ὲγκαλλωπίζων
1475 5291 1572 5360 τῆς
1619 5289 1783 5360 ἐμῆς,
1835 5290 1978 5359 ἠφά-

383 5379 502 5433 νισέ
550 5397 609 5434 τε
658 5381 756 5436 καὶ
801 5379 1057 5434 ἀπώλεσε
1111 5380 1388 5443 παντελῶς
1435 5381 1531 5433 σῦν
1564 5382 1685 5443 ταῖς
1727 5383 1785 5434 ἐν
1828 5383 1977 5451 μέσῳ

381 5471 598 5536 συκαῖς,
638 5470 708 5534 ἃς
743 5469 1068 5541 συνέτριψεν
1114 5470 1359 5532 ἁπάσας·
1393 5470 1726 5523 αίνίττεσθαι
1762 5471 1819 5524 δὲ
1856 5470 1979 5540 βού-

389 5569 539 5621 λεται
567 5564 698 5625 τοὺς
721 5564 782 5615 ὲν
812 5560 1004 5625 αὐτοῖς
1028 5561 1394 5631 ὑπερέχοντας
1423 5562 1637 5632 πλούτῳ
1664 5580 1720 5615 τε
1750 5563 1844 5615 καὶ
1879 5563 1973 5615 δυ·

378 5651 559 5723 νάμιι,
588 5652 654 5710 ἐκ
673 5650 775 5709 τοῦ
812 5654 885 5706 τὰ
910 5650 1136 5706 τοιαῦτα
1165 5650 1356 5721 δένδρα
1386 5652 1713 5722 ὑπερφέρειν
1739 5652 1841 5706 τῶν
1878 5670 1977 5722 φυ-

2074 4562 2286 4632 regioni
2327 4572 2460 4613 mete
2511 4557 2701 4612 hostes
2755 4558 2912 4613 multi
2964 4572 3030 4611 ac
3086 4557 3270 4623 validi,
3323 4572 3353 4611 a
3399 4558 3651 4639 leonibus

2073 4651 2214 4709 nihil
2259 4649 2594 4713 diderentes,
2638 4648 2731 4717 qui
2776 4647 3035 4703 dentibus
3082 4647 3198 4703 suis
3244 4648 3651 4717 molaribusque

2074 4750 2367 4800 conterunt
2415 4749 2579 4811 atque
2648 4748 2986 4797 consumunt
3038 4754 3377 4810 quacunque
3432 4740 3650 4794 obviam

2079 4836 2215 4891 iiunt
2245 4834 2521 4890 animalia.
2557 4832 2648 4887 Sic
2684 4832 2947 4887 nimirum
2990 4831 3180 4889 hostes
3210 4832 3376 4887 armis
3411 4830 3527 4887 suis
3564 4831 3650 4886 in-

2077 4928 2281 4983 vadunt
2311 4935 2476 4997 atque
2515 4926 2820 4980 devastant.
2860 4944 2877 4976 ι
2924 4923 3110 4981 Posuit
3147 4925 3359 4977 vineam
3391 4937 3566 4977 meam
3595 4922 3651 4977 in

2078 5019 2534 5088 dissipationem,
2590 5025 2643 5071 et
2691 5016 2957 5070 ﬁculneas
3009 5015 3062 5068 in
3120 5014 3571 5069 contractionem.
3625 5032 3645 5066 ι

2081 5111 2406 5165 Universum
2451 5108 2731 5173 lsraelem,
2776 5122 2938 5177 quem
2982 5106 3140 5175 quasi
3179 5107 3340 5160 vitem
3382 5106 3649 5169 colebant,

2080 5215 2307 5269 meaque
2348 5215 2478 5253 cura
2506 5199 2796 5262 ornabam,
2839 5195 3114 5252 destruxit
3144 5195 3499 5265 lunditusque
3528 5211 3653 5266 per‘

2076 5292 2232 5355 didit,
2268 5305 2393 5343 cum
2443 5290 2781 5360 interpositis
2829 5289 3095 5351 ﬁculneis,
3131 5302 3270 5357 quas
3301 5304 3493 5345 omnes
3520 5304 3651 5344 con.

2077 5380 2256 5451 fregit.
2281 5379 2412 5432 Vult
2441 5388 2625 5433 autem
2649 5381 2878 5433 innuere
2899 5377 3289 5433 eminentiores
3311 5378 3455 5434 inter
3478 5376 3651 5433 Israe-

2075 5473 2199 5527 litas
2229 5471 2431 5526 divitiis
2460 5479 2623 5540 atque
2658 5471 2924 5541 potentia,
2959 5470 3216 5539 quoniam
3270 5470 3352 5524 Ιια·
3425 5469 3648 5523 arbores

2076 5564 2260 5620 extolli
2303 5578 2466 5633 supra
2500 5566 2627 5621 vitis
2675 5564 2893 5636 plantas
2947 5564 3217 5622 videntur.
3270 5584 3289 5617 ι
3341 5559 3651 5617 Scrutando

2088 5663 2361 5712 scrutatus
2385 5664 2467 5710 est
2496 5656 2661 5727 illam,
2692 5658 2844 5715 albos
2876 5656 3001 5713 l'ccit
3030 5656 3279 5728 palmites
3311 5654 3449 5723 ejus.
3492 5669 3510 5702 ι
3544 5647 3649 5705 To-
