  <div class='ocr_page' id='page_1' title='image "/cluster/home/n/w/nwhite01/storage/ocr_20150623/66/mdp.39015008467477/115.png"; bbox 0 0 3966 6134; ppageno 0'>
   <div class='ocr_carea' id='block_1_1' title="bbox 306 207 411 261">
    <p class='ocr_par' dir='ltr' id='par_1_1' title="bbox 306 207 411 261">
     <span class='ocr_line' id='line_1_1' title="bbox 306 207 411 261; baseline -0.01 0"><span class='ocrx_word' id='word_1_1' title='bbox 306 207 411 261; x_wconf 58' lang='lat' dir='ltr'><strong>ﬁlii</strong></span> 
     </span>
    </p>
   </div>
   <div class='ocr_carea' id='block_1_2' title="bbox 1509 174 2485 270">
    <p class='ocr_par' dir='ltr' id='par_1_2' title="bbox 1509 174 2485 270">
     <span class='ocr_line' id='line_1_2' title="bbox 1509 174 2485 270; baseline 0.008 -9"><span class='ocrx_word' id='word_1_2' title='bbox 1509 174 1859 266; x_wconf 67' lang='lat' dir='ltr'><strong>rimosos:</strong></span> <span class='ocrx_word' id='word_1_3' title='bbox 1896 202 2383 270; x_wconf 74' lang='lat' dir='ltr'><strong>Mopsuusnm</strong></span> <span class='ocrx_word' id='word_1_4' title='bbox 2478 244 2485 251; x_wconf 61' lang='grc' dir='ltr'>ρ</span> 
     </span>
    </p>
   </div>
   <div class='ocr_carea' id='block_1_3' title="bbox 3443 219 3550 278">
    <p class='ocr_par' dir='ltr' id='par_1_3' title="bbox 3443 219 3550 278">
     <span class='ocr_line' id='line_1_3' title="bbox 3443 219 3550 278; baseline 0.037 -4"><span class='ocrx_word' id='word_1_5' title='bbox 3443 219 3550 278; x_wconf 70' lang='grc'><strong>216</strong></span> 
     </span>
    </p>
   </div>
   <div class='ocr_carea' id='block_1_4' title="bbox 302 316 1899 405">
    <p class='ocr_par' dir='ltr' id='par_1_4' title="bbox 302 323 1874 383">
     <span class='ocr_line' id='line_1_4' title="bbox 302 323 1874 383; baseline 0.001 -2"><span class='ocrx_word' id='word_1_6' title='bbox 302 334 413 382; x_wconf 85' lang='lat' dir='ltr'><strong>tam</strong></span> <span class='ocrx_word' id='word_1_7' title='bbox 440 325 586 380; x_wconf 88' lang='lat' dir='ltr'><strong>illam</strong></span> <span class='ocrx_word' id='word_1_8' title='bbox 618 324 888 380; x_wconf 81' lang='lat' dir='ltr'><strong>invadens</strong></span> <span class='ocrx_word' id='word_1_9' title='bbox 919 324 999 380; x_wconf 86' lang='lat' dir='ltr'><strong>sic</strong></span> <span class='ocrx_word' id='word_1_10' title='bbox 1027 323 1226 380; x_wconf 83' lang='lat' dir='ltr'><strong>evulsit</strong></span> <span class='ocrx_word' id='word_1_11' title='bbox 1258 332 1313 379; x_wconf 89' lang='lat' dir='ltr'><strong>et</strong></span> <span class='ocrx_word' id='word_1_12' title='bbox 1339 324 1394 378; x_wconf 90' lang='lat' dir='ltr'><strong>in</strong></span> <span class='ocrx_word' id='word_1_13' title='bbox 1425 324 1745 383; x_wconf 84' lang='lat' dir='ltr'><strong>servitutem</strong></span> <span class='ocrx_word' id='word_1_14' title='bbox 1780 328 1874 382; x_wconf 88' lang='lat' dir='ltr'><strong>ab-</strong></span> 
     </span>
    </p>
   </div>
   <div class='ocr_carea' id='block_1_5' title="bbox 2000 316 3550 405">
    <p class='ocr_par' dir='ltr' id='par_1_5' title="bbox 2000 316 3550 405">
     <span class='ocr_line' id='line_1_5' title="bbox 2000 316 3550 405; baseline 0.007 -27"><span class='ocrx_word' id='word_1_15' title='bbox 2000 316 2083 381; x_wconf 73' lang='grc' dir='ltr'><strong>τῶν</strong></span> <span class='ocrx_word' id='word_1_16' title='bbox 2120 328 2221 398; x_wconf 79' lang='grc' dir='ltr'><strong>τῆς</strong></span> <span class='ocrx_word' id='word_1_17' title='bbox 2267 326 2513 397; x_wconf 78' lang='grc' dir='ltr'><strong>ἀμπέλου</strong></span> <span class='ocrx_word' id='word_1_18' title='bbox 2556 328 2749 382; x_wconf 80' lang='grc' dir='ltr'><strong>δοκεῖν.</strong></span> <span class='ocrx_word' id='word_1_19' title='bbox 2804 346 2823 381; x_wconf 86' lang='grc' dir='ltr'><strong>ι</strong></span> <span class='ocrx_word' id='word_1_20' title='bbox 2890 328 3154 401; x_wconf 85' lang='grc' dir='ltr'><strong>Ἑρευνῶν</strong></span> <span class='ocrx_word' id='word_1_21' title='bbox 3186 330 3550 405; x_wconf 79' lang='grc' dir='ltr'><strong>ἐξηρεύνησεν</strong></span> 
     </span>
    </p>
   </div>
   <div class='ocr_carea' id='block_1_6' title="bbox 304 408 1875 488">
    <p class='ocr_par' dir='ltr' id='par_1_6' title="bbox 304 408 1875 488">
     <span class='ocr_line' id='line_1_6' title="bbox 304 408 1875 488; baseline -0.003 -13"><span class='ocrx_word' id='word_1_22' title='bbox 304 419 481 482; x_wconf 78' lang='lat' dir='ltr'><strong>duxit,</strong></span> <span class='ocrx_word' id='word_1_23' title='bbox 532 426 593 473; x_wconf 92' lang='lat' dir='ltr'><strong>ut</strong></span> <span class='ocrx_word' id='word_1_24' title='bbox 630 417 830 488; x_wconf 77' lang='lat' dir='ltr'><strong>captivi</strong></span> <span class='ocrx_word' id='word_1_25' title='bbox 861 415 1110 471; x_wconf 82' lang='lat' dir='ltr'><strong>homines</strong></span> <span class='ocrx_word' id='word_1_26' title='bbox 1157 408 1501 486; x_wconf 86' lang='lat' dir='ltr'><strong>nequaquam</strong></span> <span class='ocrx_word' id='word_1_27' title='bbox 1533 415 1813 473; x_wconf 82' lang='lat' dir='ltr'><strong>differrent</strong></span> <span class='ocrx_word' id='word_1_28' title='bbox 1842 431 1875 471; x_wconf 89' lang='lat' dir='ltr'><strong>a</strong></span> 
     </span>
    </p>
   </div>
   <div class='ocr_carea' id='block_1_7' title="bbox 218 504 1873 580">
    <p class='ocr_par' dir='ltr' id='par_1_7' title="bbox 218 504 1873 580">
     <span class='ocr_line' id='line_1_7' title="bbox 218 504 1873 580; baseline -0.002 -17"><span class='ocrx_word' id='word_1_29' title='bbox 218 548 227 553; x_wconf 85' lang='grc'><strong>-</strong></span> <span class='ocrx_word' id='word_1_30' title='bbox 304 508 622 580; x_wconf 74' lang='lat' dir='ltr'><strong>palmitibus</strong></span> <span class='ocrx_word' id='word_1_31' title='bbox 651 504 1054 563; x_wconf 76' lang='lat' dir='ltr'><strong>albescentibus</strong></span> <span class='ocrx_word' id='word_1_32' title='bbox 1104 505 1373 575; x_wconf 83' lang='lat' dir='ltr'><strong>planeque</strong></span> <span class='ocrx_word' id='word_1_33' title='bbox 1408 505 1698 562; x_wconf 81' lang='lat' dir='ltr'><strong>exsiccatis</strong></span> <span class='ocrx_word' id='word_1_34' title='bbox 1720 515 1873 579; x_wconf 86' lang='lat' dir='ltr'><strong>post-</strong></span> 
     </span>
    </p>
   </div>
   <div class='ocr_carea' id='block_1_8' title="bbox 304 594 1875 670">
    <p class='ocr_par' dir='ltr' id='par_1_8' title="bbox 304 594 1875 670">
     <span class='ocr_line' id='line_1_8' title="bbox 304 594 1875 670; baseline 0 -17"><span class='ocrx_word' id='word_1_35' title='bbox 304 614 471 670; x_wconf 85' lang='lat' dir='ltr'><strong>quam</strong></span> <span class='ocrx_word' id='word_1_36' title='bbox 516 598 643 653; x_wconf 91' lang='lat' dir='ltr'><strong>vitis</strong></span> <span class='ocrx_word' id='word_1_37' title='bbox 697 598 960 655; x_wconf 87' lang='lat' dir='ltr'><strong>subversa</strong></span> <span class='ocrx_word' id='word_1_38' title='bbox 1008 594 1130 651; x_wconf 88' lang='lat' dir='ltr'><strong>fuit.</strong></span> <span class='ocrx_word' id='word_1_39' title='bbox 1186 614 1205 647; x_wconf 76' lang='grc' dir='ltr'><strong>ι</strong></span> <span class='ocrx_word' id='word_1_40' title='bbox 1246 595 1467 667; x_wconf 88' lang='lat' dir='ltr'><strong>Planget</strong></span> <span class='ocrx_word' id='word_1_41' title='bbox 1506 596 1571 652; x_wconf 89' lang='lat' dir='ltr'><strong>ad</strong></span> <span class='ocrx_word' id='word_1_42' title='bbox 1621 613 1707 653; x_wconf 90' lang='lat' dir='ltr'><strong>me</strong></span> <span class='ocrx_word' id='word_1_43' title='bbox 1754 598 1875 667; x_wconf 83' lang='lat' dir='ltr'><strong>plus</strong></span> 
     </span>
    </p>
   </div>
   <div class='ocr_carea' id='block_1_9' title="bbox 306 688 1876 760">
    <p class='ocr_par' dir='ltr' id='par_1_9' title="bbox 306 688 1876 760">
     <span class='ocr_line' id='line_1_9' title="bbox 306 688 1876 760; baseline -0.001 -15"><span class='ocrx_word' id='word_1_44' title='bbox 306 705 470 760; x_wconf 88' lang='lat' dir='ltr'><strong>quam</strong></span> <span class='ocrx_word' id='word_1_45' title='bbox 503 703 703 759; x_wconf 75' lang='lat' dir='ltr'><strong>sponsa</strong></span> <span class='ocrx_word' id='word_1_46' title='bbox 739 703 900 748; x_wconf 87' lang='lat' dir='ltr'><strong>sacco</strong></span> <span class='ocrx_word' id='word_1_47' title='bbox 931 688 1178 742; x_wconf 83' lang='lat' dir='ltr'><strong>accincta</strong></span> <span class='ocrx_word' id='word_1_48' title='bbox 1230 703 1396 758; x_wconf 85' lang='lat' dir='ltr'><strong>super</strong></span> <span class='ocrx_word' id='word_1_49' title='bbox 1422 688 1598 743; x_wconf 87' lang='lat' dir='ltr'><strong>virum</strong></span> <span class='ocrx_word' id='word_1_50' title='bbox 1639 688 1876 758; x_wconf 77' lang='lat' dir='ltr'><strong>virgina-</strong></span> 
     </span>
    </p>
   </div>
   <div class='ocr_carea' id='block_1_10' title="bbox 310 780 1878 851">
    <p class='ocr_par' dir='ltr' id='par_1_10' title="bbox 310 780 1878 851">
     <span class='ocr_line' id='line_1_10' title="bbox 310 780 1878 851; baseline -0.001 -15"><span class='ocrx_word' id='word_1_51' title='bbox 310 782 414 836; x_wconf 88' lang='lat' dir='ltr'><strong>lcm</strong></span> <span class='ocrx_word' id='word_1_52' title='bbox 453 796 635 851; x_wconf 81' lang='lat' dir='ltr'><strong>suum.</strong></span> <span class='ocrx_word' id='word_1_53' title='bbox 686 799 710 832; x_wconf 64' lang='grc' dir='ltr'><strong>ι</strong></span> <span class='ocrx_word' id='word_1_54' title='bbox 750 780 906 835; x_wconf 85' lang='lat' dir='ltr'><strong>Tunc</strong></span> <span class='ocrx_word' id='word_1_55' title='bbox 945 780 1255 851; x_wconf 84' lang='lat' dir='ltr'><strong>iniquitatis</strong></span> <span class='ocrx_word' id='word_1_56' title='bbox 1290 795 1404 834; x_wconf 81' lang='lat' dir='ltr'><strong>suae</strong></span> <span class='ocrx_word' id='word_1_57' title='bbox 1445 795 1666 836; x_wconf 85' lang='lat' dir='ltr'><strong>sensum</strong></span> <span class='ocrx_word' id='word_1_58' title='bbox 1702 780 1878 850; x_wconf 83' lang='lat' dir='ltr'><strong>perci-</strong></span> 
     </span>
    </p>
   </div>
   <div class='ocr_carea' id='block_1_11' title="bbox 308 870 1874 941">
    <p class='ocr_par' dir='ltr' id='par_1_11' title="bbox 308 870 1874 941">
     <span class='ocr_line' id='line_1_11' title="bbox 308 870 1874 941; baseline 0.001 -17"><span class='ocrx_word' id='word_1_59' title='bbox 308 872 479 941; x_wconf 86' lang='lat' dir='ltr'><strong>pient,</strong></span> <span class='ocrx_word' id='word_1_60' title='bbox 507 880 563 926; x_wconf 87' lang='lat' dir='ltr'><strong>et</strong></span> <span class='ocrx_word' id='word_1_61' title='bbox 593 886 716 925; x_wconf 93' lang='lat' dir='ltr'><strong>cum</strong></span> <span class='ocrx_word' id='word_1_62' title='bbox 752 872 966 941; x_wconf 78' lang='lat' dir='ltr'><strong>magnis</strong></span> <span class='ocrx_word' id='word_1_63' title='bbox 1005 872 1071 925; x_wconf 92' lang='lat' dir='ltr'><strong>ad</strong></span> <span class='ocrx_word' id='word_1_64' title='bbox 1117 887 1203 926; x_wconf 90' lang='lat' dir='ltr'><strong>me</strong></span> <span class='ocrx_word' id='word_1_65' title='bbox 1235 870 1530 941; x_wconf 79' lang='lat' dir='ltr'><strong>respicicnt</strong></span> <span class='ocrx_word' id='word_1_66' title='bbox 1561 872 1874 941; x_wconf 74' lang='lat' dir='ltr'><strong>gemitibus,</strong></span> 
     </span>
    </p>
   </div>
   <div class='ocr_carea' id='block_1_12' title="bbox 307 960 1879 1034">
    <p class='ocr_par' dir='ltr' id='par_1_12' title="bbox 307 960 1879 1034">
     <span class='ocr_line' id='line_1_12' title="bbox 307 960 1879 1034; baseline 0.002 -19"><span class='ocrx_word' id='word_1_67' title='bbox 307 978 432 1033; x_wconf 52' lang='lat' dir='ltr'><strong>quae</strong></span> <span class='ocrx_word' id='word_1_68' title='bbox 462 962 599 1033; x_wconf 86' lang='lat' dir='ltr'><strong>ipsis</strong></span> <span class='ocrx_word' id='word_1_69' title='bbox 629 971 927 1019; x_wconf 80' lang='lat' dir='ltr'><strong>evenerunt</strong></span> <span class='ocrx_word' id='word_1_70' title='bbox 959 963 1101 1016; x_wconf 83' lang='lat' dir='ltr'><strong>mala</strong></span> <span class='ocrx_word' id='word_1_71' title='bbox 1132 963 1513 1034; x_wconf 81' lang='lat' dir='ltr'><strong>deplorantes;</strong></span> <span class='ocrx_word' id='word_1_72' title='bbox 1549 960 1692 1016; x_wconf 83' lang='lat' dir='ltr'><strong>haud</strong></span> <span class='ocrx_word' id='word_1_73' title='bbox 1721 979 1879 1019; x_wconf 88' lang='lat' dir='ltr'><strong>secus</strong></span> 
     </span>
    </p>
   </div>
   <div class='ocr_carea' id='block_1_13' title="bbox 308 1053 1880 1124">
    <p class='ocr_par' dir='ltr' id='par_1_13' title="bbox 308 1053 1880 1124">
     <span class='ocr_line' id='line_1_13' title="bbox 308 1053 1880 1124; baseline 0.001 -16"><span class='ocrx_word' id='word_1_74' title='bbox 308 1069 472 1124; x_wconf 86' lang='lat' dir='ltr'><strong>quam</strong></span> <span class='ocrx_word' id='word_1_75' title='bbox 504 1053 702 1109; x_wconf 78' lang='lat' dir='ltr'><strong>mulier</strong></span> <span class='ocrx_word' id='word_1_76' title='bbox 728 1070 905 1124; x_wconf 89' lang='lat' dir='ltr'><strong>nuper</strong></span> <span class='ocrx_word' id='word_1_77' title='bbox 931 1054 1141 1123; x_wconf 88' lang='lat' dir='ltr'><strong>nuptiis</strong></span> <span class='ocrx_word' id='word_1_78' title='bbox 1180 1054 1452 1123; x_wconf 86' lang='lat' dir='ltr'><strong>copulata,</strong></span> <span class='ocrx_word' id='word_1_79' title='bbox 1503 1068 1626 1107; x_wconf 80' lang='lat' dir='ltr'><strong>mox</strong></span> <span class='ocrx_word' id='word_1_80' title='bbox 1660 1064 1880 1123; x_wconf 85' lang='lat' dir='ltr'><strong>repente</strong></span> 
     </span>
    </p>
   </div>
   <div class='ocr_carea' id='block_1_14' title="bbox 308 1142 1881 1215">
    <p class='ocr_par' dir='ltr' id='par_1_14' title="bbox 308 1142 1881 1215">
     <span class='ocr_line' id='line_1_14' title="bbox 308 1142 1881 1215; baseline 0.001 -17"><span class='ocrx_word' id='word_1_81' title='bbox 308 1146 519 1215; x_wconf 79' lang='lat' dir='ltr'><strong>privata</strong></span> <span class='ocrx_word' id='word_1_82' title='bbox 550 1146 688 1211; x_wconf 85' lang='lat' dir='ltr'><strong>viro,</strong></span> <span class='ocrx_word' id='word_1_83' title='bbox 723 1146 814 1199; x_wconf 90' lang='lat' dir='ltr'><strong>cui</strong></span> <span class='ocrx_word' id='word_1_84' title='bbox 847 1145 1151 1214; x_wconf 78' lang='lat' dir='ltr'><strong>graviorem</strong></span> <span class='ocrx_word' id='word_1_85' title='bbox 1186 1142 1318 1197; x_wconf 81' lang='lat' dir='ltr'><strong>facit</strong></span> <span class='ocrx_word' id='word_1_86' title='bbox 1346 1144 1588 1198; x_wconf 86' lang='lat' dir='ltr'><strong>dolorem</strong></span> <span class='ocrx_word' id='word_1_87' title='bbox 1630 1145 1881 1213; x_wconf 77' lang='lat' dir='ltr'><strong>privatio-</strong></span> 
     </span>
    </p>
   </div>
   <div class='ocr_carea' id='block_1_15' title="bbox 309 1234 1882 1293">
    <p class='ocr_par' dir='ltr' id='par_1_15' title="bbox 309 1234 1882 1293">
     <span class='ocr_line' id='line_1_15' title="bbox 309 1234 1882 1293; baseline -0.001 -1"><span class='ocrx_word' id='word_1_88' title='bbox 309 1236 398 1292; x_wconf 82' lang='lat' dir='ltr'><strong>nis</strong></span> <span class='ocrx_word' id='word_1_89' title='bbox 426 1237 700 1292; x_wconf 83' lang='lat' dir='ltr'><strong>celeritas.</strong></span> <span class='ocrx_word' id='word_1_90' title='bbox 736 1255 758 1289; x_wconf 73' lang='grc' dir='ltr'><strong>ι</strong></span> <span class='ocrx_word' id='word_1_91' title='bbox 783 1236 1038 1293; x_wconf 82' lang='lat' dir='ltr'><strong>Ablatum</strong></span> <span class='ocrx_word' id='word_1_92' title='bbox 1065 1242 1149 1291; x_wconf 90' lang='lat' dir='ltr'><strong>est</strong></span> <span class='ocrx_word' id='word_1_93' title='bbox 1172 1234 1508 1290; x_wconf 82' lang='lat' dir='ltr'><strong>sacriﬁcium</strong></span> <span class='ocrx_word' id='word_1_94' title='bbox 1530 1244 1584 1290; x_wconf 83' lang='lat' dir='ltr'><strong>et</strong></span> <span class='ocrx_word' id='word_1_95' title='bbox 1605 1235 1792 1289; x_wconf 88' lang='lat' dir='ltr'><strong>libatio</strong></span> <span class='ocrx_word' id='word_1_96' title='bbox 1814 1234 1882 1290; x_wconf 89' lang='lat' dir='ltr'><strong>de</strong></span> 
     </span>
    </p>
   </div>
   <div class='ocr_carea' id='block_1_16' title="bbox 312 1317 1883 1396">
    <p class='ocr_par' dir='ltr' id='par_1_16' title="bbox 312 1317 1883 1396">
     <span class='ocr_line' id='line_1_16' title="bbox 312 1317 1883 1396; baseline -0.003 -12"><span class='ocrx_word' id='word_1_97' title='bbox 312 1329 476 1385; x_wconf 82' lang='lat' dir='ltr'><strong>domo</strong></span> <span class='ocrx_word' id='word_1_98' title='bbox 501 1317 733 1383; x_wconf 79' lang='lat' dir='ltr'><strong>Domini.</strong></span> <span class='ocrx_word' id='word_1_99' title='bbox 776 1346 795 1379; x_wconf 73' lang='grc' dir='ltr'><strong>ι</strong></span> <span class='ocrx_word' id='word_1_100' title='bbox 834 1327 933 1383; x_wconf 87' lang='lat' dir='ltr'><strong>llic</strong></span> <span class='ocrx_word' id='word_1_101' title='bbox 961 1326 1250 1382; x_wconf 76' lang='lat' dir='ltr'><strong>manifeste</strong></span> <span class='ocrx_word' id='word_1_102' title='bbox 1291 1335 1549 1381; x_wconf 83' lang='lat' dir='ltr'><strong>eventura</strong></span> <span class='ocrx_word' id='word_1_103' title='bbox 1589 1340 1620 1379; x_wconf 91' lang='lat' dir='ltr'><strong>a</strong></span> <span class='ocrx_word' id='word_1_104' title='bbox 1650 1325 1883 1396; x_wconf 81' lang='lat' dir='ltr'><strong>Babylo-</strong></span> 
     </span>
    </p>
   </div>
   <div class='ocr_carea' id='block_1_17' title="bbox 306 1415 1929 1489">
    <p class='ocr_par' dir='ltr' id='par_1_17' title="bbox 306 1415 1929 1489">
     <span class='ocr_line' id='line_1_17' title="bbox 306 1415 1929 1489; baseline -0.002 -14"><span class='ocrx_word' id='word_1_105' title='bbox 306 1419 423 1479; x_wconf 76' lang='lat' dir='ltr'><strong>niia</strong></span> <span class='ocrx_word' id='word_1_106' title='bbox 462 1421 606 1475; x_wconf 85' lang='lat' dir='ltr'><strong>mala</strong></span> <span class='ocrx_word' id='word_1_107' title='bbox 644 1420 917 1489; x_wconf 82' lang='lat' dir='ltr'><strong>signiﬁcat</strong></span> <span class='ocrx_word' id='word_1_108' title='bbox 948 1437 963 1470; x_wconf 88' lang='lat'><strong>:</strong></span> <span class='ocrx_word' id='word_1_109' title='bbox 1019 1426 1149 1472; x_wconf 86' lang='lat' dir='ltr'><strong>tunc</strong></span> <span class='ocrx_word' id='word_1_110' title='bbox 1179 1417 1323 1472; x_wconf 90' lang='lat' dir='ltr'><strong>enim</strong></span> <span class='ocrx_word' id='word_1_111' title='bbox 1367 1416 1531 1472; x_wconf 87' lang='lat' dir='ltr'><strong>desiit</strong></span> <span class='ocrx_word' id='word_1_112' title='bbox 1561 1417 1721 1472; x_wconf 89' lang='lat' dir='ltr'><strong>solita</strong></span> <span class='ocrx_word' id='word_1_113' title='bbox 1764 1415 1882 1471; x_wconf 82' lang='lat' dir='ltr'><strong>fieri</strong></span> <span class='ocrx_word' id='word_1_114' title='bbox 1924 1444 1929 1451; x_wconf 70' lang='grc' dir='ltr'><strong>ι</strong></span> 
     </span>
    </p>
   </div>
   <div class='ocr_carea' id='block_1_18' title="bbox 312 1508 1883 1581">
    <p class='ocr_par' dir='ltr' id='par_1_18' title="bbox 312 1508 1883 1581">
     <span class='ocr_line' id='line_1_18' title="bbox 312 1508 1883 1581; baseline -0.002 -17"><span class='ocrx_word' id='word_1_115' title='bbox 312 1510 366 1565; x_wconf 91' lang='lat' dir='ltr'><strong>in</strong></span> <span class='ocrx_word' id='word_1_116' title='bbox 392 1510 484 1566; x_wconf 90' lang='lat' dir='ltr'><strong>Dei</strong></span> <span class='ocrx_word' id='word_1_117' title='bbox 520 1512 722 1580; x_wconf 87' lang='lat' dir='ltr'><strong>templo</strong></span> <span class='ocrx_word' id='word_1_118' title='bbox 758 1510 998 1581; x_wconf 85' lang='lat' dir='ltr'><strong>Iiturgia,</strong></span> <span class='ocrx_word' id='word_1_119' title='bbox 1029 1524 1153 1565; x_wconf 91' lang='lat' dir='ltr'><strong>cum</strong></span> <span class='ocrx_word' id='word_1_120' title='bbox 1181 1518 1234 1564; x_wconf 91' lang='lat' dir='ltr'><strong>et</strong></span> <span class='ocrx_word' id='word_1_121' title='bbox 1263 1508 1550 1565; x_wconf 74' lang='lat' dir='ltr'><strong>aediﬁcium</strong></span> <span class='ocrx_word' id='word_1_122' title='bbox 1579 1509 1883 1564; x_wconf 87' lang='lat' dir='ltr'><strong>combussit</strong></span> 
     </span>
    </p>
   </div>
   <div class='ocr_carea' id='block_1_19' title="bbox 313 1601 1494 1673">
    <p class='ocr_par' dir='ltr' id='par_1_19' title="bbox 313 1601 1494 1673">
     <span class='ocr_line' id='line_1_19' title="bbox 313 1601 1494 1673; baseline -0.001 -18"><span class='ocrx_word' id='word_1_123' title='bbox 313 1601 666 1673; x_wconf 80' lang='lat' dir='ltr'><strong>Babylonius,</strong></span> <span class='ocrx_word' id='word_1_124' title='bbox 690 1609 745 1656; x_wconf 90' lang='lat' dir='ltr'><strong>et</strong></span> <span class='ocrx_word' id='word_1_125' title='bbox 779 1602 925 1658; x_wconf 84' lang='lat' dir='ltr'><strong>cives</strong></span> <span class='ocrx_word' id='word_1_126' title='bbox 952 1616 1145 1656; x_wconf 89' lang='lat' dir='ltr'><strong>omnes</strong></span> <span class='ocrx_word' id='word_1_127' title='bbox 1178 1601 1494 1670; x_wconf 87' lang='lat' dir='ltr'><strong>captivavit.</strong></span> 
     </span>
    </p>
   </div>
   <div class='ocr_carea' id='block_1_20' title="bbox 1976 418 3549 495">
    <p class='ocr_par' dir='ltr' id='par_1_20' title="bbox 1976 418 3549 495">
     <span class='ocr_line' id='line_1_20' title="bbox 1976 418 3549 495; baseline 0.005 -23"><span class='ocrx_word' id='word_1_128' title='bbox 1976 418 2165 490; x_wconf 80' lang='grc' dir='ltr'><strong>αὐτὴν,</strong></span> <span class='ocrx_word' id='word_1_129' title='bbox 2197 421 2290 472; x_wconf 82' lang='grc' dir='ltr'><strong>καὶ</strong></span> <span class='ocrx_word' id='word_1_130' title='bbox 2319 418 2543 491; x_wconf 73' lang='grc' dir='ltr'><strong>ἔρριψεν</strong></span> <span class='ocrx_word' id='word_1_131' title='bbox 2568 436 2583 451; x_wconf 88' lang='grc'><strong>·</strong></span> <span class='ocrx_word' id='word_1_132' title='bbox 2619 420 2879 474; x_wconf 82' lang='grc' dir='ltr'><strong>ἐλεύκασε</strong></span> <span class='ocrx_word' id='word_1_133' title='bbox 2928 420 2997 474; x_wconf 80' lang='grc' dir='ltr'><strong>τὰ</strong></span> <span class='ocrx_word' id='word_1_134' title='bbox 3026 420 3282 492; x_wconf 83' lang='grc' dir='ltr'><strong>κλήματα</strong></span> <span class='ocrx_word' id='word_1_135' title='bbox 3305 423 3492 495; x_wconf 78' lang='grc' dir='ltr'><strong>αὐτῆς.</strong></span> <span class='ocrx_word' id='word_1_136' title='bbox 3527 444 3549 479; x_wconf 75' lang='lat' dir='ltr'><strong>r</strong></span> 
     </span>
    </p>
   </div>
   <div class='ocr_carea' id='block_1_21' title="bbox 1976 509 3554 580">
    <p class='ocr_par' dir='ltr' id='par_1_21' title="bbox 1976 509 3554 580">
     <span class='ocr_line' id='line_1_21' title="bbox 1976 509 3554 580; baseline 0.004 -16"><span class='ocrx_word' id='word_1_137' title='bbox 1976 510 2161 565; x_wconf 81' lang='grc' dir='ltr'><strong>Πᾶσαν</strong></span> <span class='ocrx_word' id='word_1_138' title='bbox 2201 509 2373 580; x_wconf 82' lang='grc' dir='ltr'><strong>αὐτὴν</strong></span> <span class='ocrx_word' id='word_1_139' title='bbox 2419 510 2790 580; x_wconf 67' lang='grc' dir='ltr'><strong>ἐκπεριελθὼν</strong></span> <span class='ocrx_word' id='word_1_140' title='bbox 2813 509 2984 575; x_wconf 77' lang='grc' dir='ltr'><strong>οὕτως</strong></span> <span class='ocrx_word' id='word_1_141' title='bbox 3018 510 3326 566; x_wconf 78' lang='grc' dir='ltr'><strong>ἀνέσπασέν</strong></span> <span class='ocrx_word' id='word_1_142' title='bbox 3352 530 3411 567; x_wconf 87' lang='grc' dir='ltr'><strong>τε</strong></span> <span class='ocrx_word' id='word_1_143' title='bbox 3460 519 3554 571; x_wconf 70' lang='grc' dir='ltr'><strong>καὶ</strong></span> 
     </span>
    </p>
   </div>
   <div class='ocr_carea' id='block_1_22' title="bbox 1976 606 3555 679">
    <p class='ocr_par' dir='ltr' id='par_1_22' title="bbox 1976 606 3555 679">
     <span class='ocr_line' id='line_1_22' title="bbox 1976 606 3555 679; baseline 0.004 -22"><span class='ocrx_word' id='word_1_144' title='bbox 1976 606 2056 670; x_wconf 86' lang='grc' dir='ltr'><strong>είς</strong></span> <span class='ocrx_word' id='word_1_145' title='bbox 2074 606 2445 678; x_wconf 72' lang='grc' dir='ltr'><strong>αἰχμαλωσίαν</strong></span> <span class='ocrx_word' id='word_1_146' title='bbox 2464 607 2767 677; x_wconf 80' lang='grc' dir='ltr'><strong>ἀπήγαγεν,</strong></span> <span class='ocrx_word' id='word_1_147' title='bbox 2794 607 2871 670; x_wconf 85' lang='grc' dir='ltr'><strong>ὡς</strong></span> <span class='ocrx_word' id='word_1_148' title='bbox 2894 606 3060 679; x_wconf 77' lang='grc' dir='ltr'><strong>μηδὲν</strong></span> <span class='ocrx_word' id='word_1_149' title='bbox 3084 608 3394 665; x_wconf 80' lang='grc' dir='ltr'><strong>ἀπεοικέναι</strong></span> <span class='ocrx_word' id='word_1_150' title='bbox 3419 611 3555 664; x_wconf 77' lang='grc' dir='ltr'><strong>πάν·</strong></span> 
     </span>
    </p>
   </div>
   <div class='ocr_carea' id='block_1_23' title="bbox 1976 696 3557 771">
    <p class='ocr_par' dir='ltr' id='par_1_23' title="bbox 1976 696 3557 771">
     <span class='ocr_line' id='line_1_23' title="bbox 1976 696 3557 771; baseline 0.003 -23"><span class='ocrx_word' id='word_1_151' title='bbox 1976 711 2074 759; x_wconf 88' lang='grc' dir='ltr'><strong>τας</strong></span> <span class='ocrx_word' id='word_1_152' title='bbox 2123 696 2415 767; x_wconf 79' lang='grc' dir='ltr'><strong>κλημάτων</strong></span> <span class='ocrx_word' id='word_1_153' title='bbox 2469 696 2871 751; x_wconf 80' lang='grc' dir='ltr'><strong>λευκανθέντων</strong></span> <span class='ocrx_word' id='word_1_154' title='bbox 2920 714 2981 751; x_wconf 85' lang='grc' dir='ltr'><strong>τε</strong></span> <span class='ocrx_word' id='word_1_155' title='bbox 3032 701 3127 753; x_wconf 76' lang='grc' dir='ltr'><strong>καὶ</strong></span> <span class='ocrx_word' id='word_1_156' title='bbox 3179 698 3557 771; x_wconf 81' lang='grc' dir='ltr'><strong>ξηρανθέντων</strong></span> 
     </span>
    </p>
   </div>
   <div class='ocr_carea' id='block_1_24' title="bbox 1978 787 3558 861">
    <p class='ocr_par' dir='ltr' id='par_1_24' title="bbox 1978 787 3558 861">
     <span class='ocr_line' id='line_1_24' title="bbox 1978 787 3558 861; baseline 0.001 -20"><span class='ocrx_word' id='word_1_157' title='bbox 1978 787 2255 851; x_wconf 76' lang='grc' dir='ltr'><strong>παντελῶς</strong></span> <span class='ocrx_word' id='word_1_158' title='bbox 2272 787 2482 857; x_wconf 55' lang='grc' dir='ltr'><strong>μετάθτὸ</strong></span> <span class='ocrx_word' id='word_1_159' title='bbox 2500 788 2599 860; x_wconf 83' lang='grc' dir='ltr'><strong>τὴν</strong></span> <span class='ocrx_word' id='word_1_160' title='bbox 2619 788 2859 859; x_wconf 82' lang='grc' dir='ltr'><strong>ἄμπελον</strong></span> <span class='ocrx_word' id='word_1_161' title='bbox 2880 789 3273 861; x_wconf 79' lang='grc' dir='ltr'><strong>ἐκσπασθῆναι.</strong></span> <span class='ocrx_word' id='word_1_162' title='bbox 3300 809 3318 841; x_wconf 81' lang='grc' dir='ltr'><strong>ι</strong></span> <span class='ocrx_word' id='word_1_163' title='bbox 3347 790 3558 861; x_wconf 82' lang='grc' dir='ltr'><strong>Θρηνή-</strong></span> 
     </span>
    </p>
   </div>
   <div class='ocr_carea' id='block_1_25' title="bbox 1981 880 3559 954">
    <p class='ocr_par' dir='ltr' id='par_1_25' title="bbox 1981 880 3559 954">
     <span class='ocr_line' id='line_1_25' title="bbox 1981 880 3559 954; baseline 0.003 -23"><span class='ocrx_word' id='word_1_164' title='bbox 1981 896 2061 932; x_wconf 87' lang='grc' dir='ltr'><strong>σει</strong></span> <span class='ocrx_word' id='word_1_165' title='bbox 2109 880 2245 949; x_wconf 85' lang='grc' dir='ltr'><strong>πρός</strong></span> <span class='ocrx_word' id='word_1_166' title='bbox 2300 897 2367 949; x_wconf 88' lang='grc' dir='ltr'><strong>με</strong></span> <span class='ocrx_word' id='word_1_167' title='bbox 2421 881 2562 953; x_wconf 79' lang='grc' dir='ltr'><strong>ὺπέρ</strong></span> <span class='ocrx_word' id='word_1_168' title='bbox 2606 882 2823 953; x_wconf 72' lang='grc' dir='ltr'><strong>νύμφην</strong></span> <span class='ocrx_word' id='word_1_169' title='bbox 2868 880 3314 954; x_wconf 79' lang='grc' dir='ltr'><strong>περιεζωσμένην</strong></span> <span class='ocrx_word' id='word_1_170' title='bbox 3358 881 3559 935; x_wconf 79' lang='grc' dir='ltr'><strong>σάκκον</strong></span> 
     </span>
    </p>
   </div>
   <div class='ocr_carea' id='block_1_26' title="bbox 1979 969 3562 1043">
    <p class='ocr_par' dir='ltr' id='par_1_26' title="bbox 1979 969 3562 1043">
     <span class='ocr_line' id='line_1_26' title="bbox 1979 969 3562 1043; baseline 0.003 -22"><span class='ocrx_word' id='word_1_171' title='bbox 1979 970 2073 1022; x_wconf 76' lang='grc' dir='ltr'><strong>ἐπὶ</strong></span> <span class='ocrx_word' id='word_1_172' title='bbox 2102 970 2192 1023; x_wconf 78' lang='grc' dir='ltr'><strong>τὸν</strong></span> <span class='ocrx_word' id='word_1_173' title='bbox 2224 969 2393 1042; x_wconf 82' lang='grc' dir='ltr'><strong>ἄνδρα</strong></span> <span class='ocrx_word' id='word_1_174' title='bbox 2417 972 2586 1042; x_wconf 79' lang='grc' dir='ltr'><strong>αὐτῆς</strong></span> <span class='ocrx_word' id='word_1_175' title='bbox 2613 973 2704 1027; x_wconf 84' lang='grc' dir='ltr'><strong>τὸν</strong></span> <span class='ocrx_word' id='word_1_176' title='bbox 2735 972 3080 1043; x_wconf 86' lang='grc' dir='ltr'><strong>παρθενικόν.</strong></span> <span class='ocrx_word' id='word_1_177' title='bbox 3116 991 3134 1024; x_wconf 77' lang='grc' dir='ltr'><strong>ι</strong></span> <span class='ocrx_word' id='word_1_178' title='bbox 3174 973 3306 1026; x_wconf 82' lang='grc' dir='ltr'><strong>Τότε</strong></span> <span class='ocrx_word' id='word_1_179' title='bbox 3327 973 3427 1043; x_wconf 82' lang='grc' dir='ltr'><strong>τῆς</strong></span> <span class='ocrx_word' id='word_1_180' title='bbox 3455 990 3562 1026; x_wconf 84' lang='grc' dir='ltr'><strong>πα-</strong></span> 
     </span>
    </p>
   </div>
   <div class='ocr_carea' id='block_1_27' title="bbox 1985 1044 3564 1134">
    <p class='ocr_par' dir='ltr' id='par_1_27' title="bbox 1985 1044 3564 1134">
     <span class='ocr_line' id='line_1_27' title="bbox 1985 1044 3564 1134; baseline 0.003 -21"><span class='ocrx_word' id='word_1_181' title='bbox 1985 1060 2247 1132; x_wconf 86' lang='grc' dir='ltr'><strong>ρανομίας</strong></span> <span class='ocrx_word' id='word_1_182' title='bbox 2279 1044 2637 1134; x_wconf 72' lang='grc' dir='ltr'><strong>αίσθήσονταί</strong></span> <span class='ocrx_word' id='word_1_183' title='bbox 2675 1063 2778 1133; x_wconf 81' lang='grc' dir='ltr'><strong>τῆς</strong></span> <span class='ocrx_word' id='word_1_184' title='bbox 2809 1064 3034 1128; x_wconf 79' lang='grc' dir='ltr'><strong>οἰκείας,</strong></span> <span class='ocrx_word' id='word_1_185' title='bbox 3073 1064 3167 1117; x_wconf 75' lang='grc' dir='ltr'><strong>καὶ</strong></span> <span class='ocrx_word' id='word_1_186' title='bbox 3215 1064 3351 1134; x_wconf 81' lang='grc' dir='ltr'><strong>μετά</strong></span> <span class='ocrx_word' id='word_1_187' title='bbox 3394 1064 3564 1134; x_wconf 75' lang='grc' dir='ltr'><strong>μεγά⁴⁵</strong></span> 
     </span>
    </p>
   </div>
   <div class='ocr_carea' id='block_1_28' title="bbox 1980 1150 3563 1226">
    <p class='ocr_par' dir='ltr' id='par_1_28' title="bbox 1980 1150 3563 1226">
     <span class='ocr_line' id='line_1_28' title="bbox 1980 1150 3563 1226; baseline 0.003 -23"><span class='ocrx_word' id='word_1_188' title='bbox 1980 1151 2086 1204; x_wconf 80' lang='grc' dir='ltr'><strong>λων</strong></span> <span class='ocrx_word' id='word_1_189' title='bbox 2123 1150 2373 1206; x_wconf 89' lang='grc' dir='ltr'><strong>νεύσουσι</strong></span> <span class='ocrx_word' id='word_1_190' title='bbox 2416 1155 2554 1226; x_wconf 77' lang='grc' dir='ltr'><strong>προς</strong></span> <span class='ocrx_word' id='word_1_191' title='bbox 2587 1172 2653 1226; x_wconf 90' lang='grc' dir='ltr'><strong>με</strong></span> <span class='ocrx_word' id='word_1_192' title='bbox 2684 1154 2795 1208; x_wconf 90' lang='grc' dir='ltr'><strong>τῶν</strong></span> <span class='ocrx_word' id='word_1_193' title='bbox 2826 1154 3036 1226; x_wconf 85' lang='grc' dir='ltr'><strong>θρήνων</strong></span> <span class='ocrx_word' id='word_1_194' title='bbox 3065 1155 3563 1225; x_wconf 81' lang='grc' dir='ltr'><strong>ἀνακεκλαυσμένοι</strong></span> 
     </span>
    </p>
   </div>
   <div class='ocr_carea' id='block_1_29' title="bbox 1981 1240 3631 1318">
    <p class='ocr_par' dir='ltr' id='par_1_29' title="bbox 1981 1240 3631 1318">
     <span class='ocr_line' id='line_1_29' title="bbox 1981 1240 3631 1318; baseline 0.008 -25"><span class='ocrx_word' id='word_1_195' title='bbox 1981 1240 2052 1294; x_wconf 80' lang='grc' dir='ltr'><strong>τὰ</strong></span> <span class='ocrx_word' id='word_1_196' title='bbox 2104 1242 2495 1314; x_wconf 79' lang='grc' dir='ltr'><strong>συμϐεϐηκότα</strong></span> <span class='ocrx_word' id='word_1_197' title='bbox 2549 1247 2733 1310; x_wconf 82' lang='grc' dir='ltr'><strong>αὐτοῖς</strong></span> <span class='ocrx_word' id='word_1_198' title='bbox 2781 1247 2947 1301; x_wconf 80' lang='grc' dir='ltr'><strong>κακά·</strong></span> <span class='ocrx_word' id='word_1_199' title='bbox 2999 1247 3099 1317; x_wconf 73' lang='grc' dir='ltr'><strong>οὐχ</strong></span> <span class='ocrx_word' id='word_1_200' title='bbox 3145 1241 3309 1316; x_wconf 80' lang='grc' dir='ltr'><strong>ἦττον</strong></span> <span class='ocrx_word' id='word_1_201' title='bbox 3356 1250 3389 1318; x_wconf 85' lang='grc' dir='ltr'><strong>ἡ</strong></span> <span class='ocrx_word' id='word_1_202' title='bbox 3425 1247 3565 1317; x_wconf 72' lang='grc' dir='ltr'><strong>γυνὴ</strong></span> <span class='ocrx_word' id='word_1_203' title='bbox 3630 1242 3631 1245; x_wconf 19' lang='grc'><strong>¹</strong></span> 
     </span>
    </p>
   </div>
   <div class='ocr_carea' id='block_1_30' title="bbox 1981 1322 3567 1408">
    <p class='ocr_par' dir='ltr' id='par_1_30' title="bbox 1981 1322 3567 1408">
     <span class='ocr_line' id='line_1_30' title="bbox 1981 1322 3567 1408; baseline 0.004 -25"><span class='ocrx_word' id='word_1_204' title='bbox 1981 1331 2178 1384; x_wconf 78' lang='grc' dir='ltr'><strong>νεωστὶ</strong></span> <span class='ocrx_word' id='word_1_205' title='bbox 2214 1333 2548 1403; x_wconf 82' lang='grc' dir='ltr'><strong>συναφθεῖσα</strong></span> <span class='ocrx_word' id='word_1_206' title='bbox 2584 1335 2719 1407; x_wconf 79' lang='grc' dir='ltr'><strong>πρὸς</strong></span> <span class='ocrx_word' id='word_1_207' title='bbox 2747 1335 2926 1406; x_wconf 87' lang='grc' dir='ltr'><strong>γάμον</strong></span> <span class='ocrx_word' id='word_1_208' title='bbox 2947 1377 2961 1402; x_wconf 94' lang='grc'><strong>,</strong></span> <span class='ocrx_word' id='word_1_209' title='bbox 2986 1322 3331 1408; x_wconf 79' lang='grc' dir='ltr'><strong>εϊταάθρόον</strong></span> <span class='ocrx_word' id='word_1_210' title='bbox 3357 1334 3567 1390; x_wconf 72' lang='grc' dir='ltr'><strong>ἀποδα-</strong></span> 
     </span>
    </p>
   </div>
   <div class='ocr_carea' id='block_1_31' title="bbox 1981 1419 3569 1498">
    <p class='ocr_par' dir='ltr' id='par_1_31' title="bbox 1981 1419 3569 1498">
     <span class='ocr_line' id='line_1_31' title="bbox 1981 1419 3569 1498; baseline 0.005 -26"><span class='ocrx_word' id='word_1_211' title='bbox 1981 1419 2149 1473; x_wconf 90' lang='grc' dir='ltr'><strong>λοῦσα</strong></span> <span class='ocrx_word' id='word_1_212' title='bbox 2176 1421 2268 1475; x_wconf 77' lang='grc' dir='ltr'><strong>τὸν</strong></span> <span class='ocrx_word' id='word_1_213' title='bbox 2297 1422 2488 1495; x_wconf 78' lang='grc' dir='ltr'><strong>ἄνδρα,</strong></span> <span class='ocrx_word' id='word_1_214' title='bbox 2597 1425 2895 1497; x_wconf 85' lang='grc' dir='ltr'><strong>βαρύτερον</strong></span> <span class='ocrx_word' id='word_1_215' title='bbox 2940 1427 3002 1480; x_wconf 80' lang='grc' dir='ltr'><strong>τὸ</strong></span> <span class='ocrx_word' id='word_1_216' title='bbox 3053 1427 3222 1490; x_wconf 62' lang='grc' dir='ltr'><strong>πάθος</strong></span> <span class='ocrx_word' id='word_1_217' title='bbox 3256 1426 3357 1496; x_wconf 83' lang='grc' dir='ltr'><strong>τῆς</strong></span> <span class='ocrx_word' id='word_1_218' title='bbox 3402 1427 3569 1494; x_wconf 82' lang='grc' dir='ltr'><strong>ἀφαι-</strong></span> 
     </span>
    </p>
   </div>
   <div class='ocr_carea' id='block_1_32' title="bbox 1985 1511 3571 1589">
    <p class='ocr_par' dir='ltr' id='par_1_32' title="bbox 1985 1511 3571 1589">
     <span class='ocr_line' id='line_1_32' title="bbox 1985 1511 3571 1589; baseline 0.006 -26"><span class='ocrx_word' id='word_1_219' title='bbox 1985 1511 2187 1582; x_wconf 85' lang='grc' dir='ltr'><strong>ρέσεως</strong></span> <span class='ocrx_word' id='word_1_220' title='bbox 2234 1513 2526 1583; x_wconf 73' lang='grc' dir='ltr'><strong>ἐργάζεται</strong></span> <span class='ocrx_word' id='word_1_221' title='bbox 2577 1518 2611 1585; x_wconf 86' lang='grc' dir='ltr'><strong>ἡ</strong></span> <span class='ocrx_word' id='word_1_222' title='bbox 2664 1516 2878 1587; x_wconf 78' lang='grc' dir='ltr'><strong>ὀξύτης.</strong></span> <span class='ocrx_word' id='word_1_223' title='bbox 2933 1518 3010 1588; x_wconf 86' lang='lat' dir='ltr'><strong>(p.</strong></span> <span class='ocrx_word' id='word_1_224' title='bbox 3063 1517 3186 1585; x_wconf 77' lang='grc'><strong>108)</strong></span> <span class='ocrx_word' id='word_1_225' title='bbox 3228 1535 3247 1569; x_wconf 84' lang='grc' dir='ltr'><strong>ι</strong></span> <span class='ocrx_word' id='word_1_226' title='bbox 3315 1518 3571 1589; x_wconf 80' lang='grc' dir='ltr'><strong>Ἐξῆρται</strong></span> 
     </span>
    </p>
   </div>
   <div class='ocr_carea' id='block_1_33' title="bbox 1985 1601 3570 1689">
    <p class='ocr_par' dir='ltr' id='par_1_33' title="bbox 1985 1601 3570 1689">
     <span class='ocr_line' id='line_1_33' title="bbox 1985 1601 3570 1689; baseline 0.006 -35"><span class='ocrx_word' id='word_1_227' title='bbox 1985 1601 2146 1657; x_wconf 86' lang='grc' dir='ltr'><strong>θυσία</strong></span> <span class='ocrx_word' id='word_1_228' title='bbox 2167 1604 2261 1659; x_wconf 82' lang='grc' dir='ltr'><strong>καὶ</strong></span> <span class='ocrx_word' id='word_1_229' title='bbox 2296 1605 2496 1678; x_wconf 82' lang='grc' dir='ltr'><strong>σπονδὴ</strong></span> <span class='ocrx_word' id='word_1_230' title='bbox 2512 1606 2585 1689; x_wconf 49' lang='grc' dir='ltr'><strong>’ἐξ</strong></span> <span class='ocrx_word' id='word_1_231' title='bbox 2612 1607 2760 1662; x_wconf 76' lang='grc' dir='ltr'><strong>οἴκου</strong></span> <span class='ocrx_word' id='word_1_232' title='bbox 2791 1609 3018 1680; x_wconf 78' lang='grc' dir='ltr'><strong>Κυρίου.</strong></span> <span class='ocrx_word' id='word_1_233' title='bbox 3063 1628 3082 1661; x_wconf 74' lang='grc' dir='ltr'><strong>ι</strong></span> <span class='ocrx_word' id='word_1_234' title='bbox 3130 1609 3392 1665; x_wconf 86' lang='grc' dir='ltr'><strong>Ἐνταῦθα</strong></span> <span class='ocrx_word' id='word_1_235' title='bbox 3428 1627 3570 1682; x_wconf 77' lang='grc' dir='ltr'><strong>προ-</strong></span> 
     </span>
    </p>
   </div>
   <div class='ocr_carea' id='block_1_34' title="bbox 310 1682 3571 1776">
    <p class='ocr_par' dir='ltr' id='par_1_34' title="bbox 310 1682 3571 1776">
     <span class='ocr_line' id='line_1_34' title="bbox 310 1682 3571 1776; baseline 0.002 -26"><span class='ocrx_word' id='word_1_236' title='bbox 310 1696 483 1767; x_wconf 86' lang='grc' dir='ltr'><strong>δήλως</strong></span> <span class='ocrx_word' id='word_1_237' title='bbox 516 1697 584 1751; x_wconf 83' lang='grc' dir='ltr'><strong>τὰ</strong></span> <span class='ocrx_word' id='word_1_238' title='bbox 612 1682 716 1750; x_wconf 80' lang='grc' dir='ltr'><strong>ὑπὸ</strong></span> <span class='ocrx_word' id='word_1_239' title='bbox 755 1696 861 1749; x_wconf 90' lang='grc' dir='ltr'><strong>τῶν</strong></span> <span class='ocrx_word' id='word_1_240' title='bbox 894 1694 1252 1750; x_wconf 78' lang='grc' dir='ltr'><strong>Βαϐυλωνίων</strong></span> <span class='ocrx_word' id='word_1_241' title='bbox 1300 1694 1642 1764; x_wconf 86' lang='grc' dir='ltr'><strong>προεσόμενα</strong></span> <span class='ocrx_word' id='word_1_242' title='bbox 1672 1693 1850 1756; x_wconf 81' lang='grc' dir='ltr'><strong>αὐτοῖς</strong></span> <span class='ocrx_word' id='word_1_243' title='bbox 1881 1695 2074 1765; x_wconf 81' lang='grc' dir='ltr'><strong>μηνύει</strong></span> <span class='ocrx_word' id='word_1_244' title='bbox 2112 1698 2294 1752; x_wconf 84' lang='grc' dir='ltr'><strong>κακά’·</strong></span> <span class='ocrx_word' id='word_1_245' title='bbox 2329 1699 2449 1753; x_wconf 86' lang='grc' dir='ltr'><strong>τότε</strong></span> <span class='ocrx_word' id='word_1_246' title='bbox 2477 1682 2585 1773; x_wconf 66' lang='grc' dir='ltr'><strong>γάρ</strong></span> <span class='ocrx_word' id='word_1_247' title='bbox 2616 1702 2890 1757; x_wconf 89' lang='grc' dir='ltr'><strong>ἐπαύσατο</strong></span> <span class='ocrx_word' id='word_1_248' title='bbox 2917 1706 2950 1775; x_wconf 80' lang='grc' dir='ltr'><strong>ἡ</strong></span> <span class='ocrx_word' id='word_1_249' title='bbox 2981 1705 3040 1758; x_wconf 76' lang='grc' dir='ltr'><strong>ἐν</strong></span> <span class='ocrx_word' id='word_1_250' title='bbox 3072 1703 3149 1775; x_wconf 81' lang='grc' dir='ltr'><strong>τῷ</strong></span> <span class='ocrx_word' id='word_1_251' title='bbox 3176 1704 3291 1776; x_wconf 81' lang='grc' dir='ltr'><strong>ναῷ</strong></span> <span class='ocrx_word' id='word_1_252' title='bbox 3314 1705 3407 1759; x_wconf 86' lang='grc' dir='ltr'><strong>τοῦ</strong></span> <span class='ocrx_word' id='word_1_253' title='bbox 3430 1705 3571 1759; x_wconf 86' lang='grc' dir='ltr'><strong>Θεοῦ</strong></span> 
     </span>
    </p>
   </div>
   <div class='ocr_carea' id='block_1_35' title="bbox 312 1777 3573 1868">
    <p class='ocr_par' dir='ltr' id='par_1_35' title="bbox 312 1777 3573 1868">
     <span class='ocr_line' id='line_1_35' title="bbox 312 1777 3573 1868; baseline 0.003 -28"><span class='ocrx_word' id='word_1_254' title='bbox 312 1788 677 1860; x_wconf 81' lang='grc' dir='ltr'><strong>ἐκτελουμένη</strong></span> <span class='ocrx_word' id='word_1_255' title='bbox 705 1785 1038 1858; x_wconf 76' lang='grc' dir='ltr'><strong>λειτουργία,</strong></span> <span class='ocrx_word' id='word_1_256' title='bbox 1062 1783 1299 1855; x_wconf 85' lang='grc' dir='ltr'><strong>ὁπηνίκα</strong></span> <span class='ocrx_word' id='word_1_257' title='bbox 1334 1783 1426 1836; x_wconf 87' lang='grc' dir='ltr'><strong>τόν</strong></span> <span class='ocrx_word' id='word_1_258' title='bbox 1457 1798 1517 1835; x_wconf 88' lang='grc' dir='ltr'><strong>τε</strong></span> <span class='ocrx_word' id='word_1_259' title='bbox 1543 1777 1688 1837; x_wconf 75' lang='grc' dir='ltr'><strong>οἶκον</strong></span> <span class='ocrx_word' id='word_1_260' title='bbox 1711 1782 2011 1854; x_wconf 73' lang='grc' dir='ltr'><strong>ἐνέπρησεν</strong></span> <span class='ocrx_word' id='word_1_261' title='bbox 2041 1787 2070 1839; x_wconf 84' lang='grc' dir='ltr'>ὁ</span> <span class='ocrx_word' id='word_1_262' title='bbox 2097 1784 2465 1858; x_wconf 79' lang='grc' dir='ltr'><strong>Βαόυλώνιος,</strong></span> <span class='ocrx_word' id='word_1_263' title='bbox 2491 1793 2587 1846; x_wconf 71' lang='grc' dir='ltr'><strong>καλ⁵</strong></span> <span class='ocrx_word' id='word_1_264' title='bbox 2619 1794 2747 1859; x_wconf 77' lang='grc' dir='ltr'><strong>τοὺς</strong></span> <span class='ocrx_word' id='word_1_265' title='bbox 2782 1796 2875 1850; x_wconf 66' lang='grc' dir='ltr'><strong>ἐπὶ</strong></span> <span class='ocrx_word' id='word_1_266' title='bbox 2914 1796 3014 1866; x_wconf 85' lang='grc' dir='ltr'><strong>τῆς</strong></span> <span class='ocrx_word' id='word_1_267' title='bbox 3050 1796 3257 1861; x_wconf 85' lang='grc' dir='ltr'><strong>πόλεως</strong></span> <span class='ocrx_word' id='word_1_268' title='bbox 3294 1797 3573 1868; x_wconf 86' lang='grc' dir='ltr'><strong>αίχμαλώ-</strong></span> 
     </span>
    </p>
   </div>
   <div class='ocr_carea' id='block_1_36' title="bbox 313 1883 962 1949">
    <p class='ocr_par' dir='ltr' id='par_1_36' title="bbox 313 1883 962 1949">
     <span class='ocr_line' id='line_1_36' title="bbox 313 1883 962 1949; baseline -0.003 -10"><span class='ocrx_word' id='word_1_269' title='bbox 313 1902 439 1949; x_wconf 87' lang='grc' dir='ltr'><strong>τους</strong></span> <span class='ocrx_word' id='word_1_270' title='bbox 476 1883 667 1939; x_wconf 72' lang='grc' dir='ltr'><strong>ἔλασεν</strong></span> <span class='ocrx_word' id='word_1_271' title='bbox 698 1884 962 1946; x_wconf 76' lang='grc' dir='ltr'><strong>ἅπαντας.</strong></span> 
     </span>
    </p>
   </div>
   <div class='ocr_carea' id='block_1_37' title="bbox 384 1970 1899 2053">
    <p class='ocr_par' dir='ltr' id='par_1_37' title="bbox 384 1970 1883 2049">
     <span class='ocr_line' id='line_1_37' title="bbox 384 1970 1883 2049; baseline -0.004 -16"><span class='ocrx_word' id='word_1_272' title='bbox 384 1979 491 2049; x_wconf 72' lang='grc'><strong>72</strong></span> <span class='ocrx_word' id='word_1_273' title='bbox 519 1976 686 2033; x_wconf 79' lang='lat' dir='ltr'><strong>Vens.</strong></span> <span class='ocrx_word' id='word_1_274' title='bbox 744 1977 940 2033; x_wconf 76' lang='lat' dir='ltr'><strong>lO-l5.</strong></span> <span class='ocrx_word' id='word_1_275' title='bbox 975 2006 1047 2019; x_wconf 86' lang='lat'><strong>-—</strong></span> <span class='ocrx_word' id='word_1_276' title='bbox 1089 1993 1108 2027; x_wconf 78' lang='grc' dir='ltr'><strong>ι</strong></span> <span class='ocrx_word' id='word_1_277' title='bbox 1168 1970 1391 2046; x_wconf 78' lang='lat' dir='ltr'><strong>Lugete,</strong></span> <span class='ocrx_word' id='word_1_278' title='bbox 1444 1974 1755 2030; x_wconf 84' lang='lat' dir='ltr'><strong>sacerdotes</strong></span> <span class='ocrx_word' id='word_1_279' title='bbox 1791 1973 1883 2044; x_wconf 90' lang='lat' dir='ltr'><strong>qui</strong></span> 
     </span>
    </p>
   </div>
   <div class='ocr_carea' id='block_1_38' title="bbox 2000 1970 3573 2053">
    <p class='ocr_par' dir='ltr' id='par_1_38' title="bbox 2056 1977 3573 2053">
     <span class='ocr_line' id='line_1_38' title="bbox 2056 1977 3573 2053; baseline 0.004 -24"><span class='ocrx_word' id='word_1_280' title='bbox 2056 1977 2205 2049; x_wconf 84' lang='grc' dir='ltr'><strong>Στίχ.</strong></span> <span class='ocrx_word' id='word_1_281' title='bbox 2243 1986 2400 2050; x_wconf 83' lang='grc' dir='ltr'><strong>ι’-ιγ’.</strong></span> <span class='ocrx_word' id='word_1_282' title='bbox 2428 2010 2501 2021; x_wconf 92' lang='grc'><strong><em>-</em></strong></span> <span class='ocrx_word' id='word_1_283' title='bbox 2531 2000 2552 2036; x_wconf 82' lang='grc' dir='ltr'><strong>ι</strong></span> <span class='ocrx_word' id='word_1_284' title='bbox 2573 1983 2846 2053; x_wconf 84' lang='grc' dir='ltr'><strong>Πενθείτε,</strong></span> <span class='ocrx_word' id='word_1_285' title='bbox 2864 1984 2913 2036; x_wconf 92' lang='grc' dir='ltr'><strong>οἱ</strong></span> <span class='ocrx_word' id='word_1_286' title='bbox 2937 1983 3103 2052; x_wconf 79' lang='grc' dir='ltr'>ἱερεῖς</span> <span class='ocrx_word' id='word_1_287' title='bbox 3123 1983 3170 2037; x_wconf 84' lang='grc' dir='ltr'><strong>οἱ</strong></span> <span class='ocrx_word' id='word_1_288' title='bbox 3196 1981 3573 2053; x_wconf 83' lang='grc' dir='ltr'><strong>λειτουργοῦν-</strong></span> 
     </span>
    </p>
   </div>
   <div class='ocr_carea' id='block_1_39' title="bbox 308 2064 1885 2136">
    <p class='ocr_par' dir='ltr' id='par_1_39' title="bbox 308 2064 1885 2136">
     <span class='ocr_line' id='line_1_39' title="bbox 308 2064 1885 2136; baseline -0.003 -14"><span class='ocrx_word' id='word_1_289' title='bbox 308 2069 476 2124; x_wconf 79' lang='lat' dir='ltr'><strong>altari</strong></span> <span class='ocrx_word' id='word_1_290' title='bbox 507 2066 857 2129; x_wconf 89' lang='lat' dir='ltr'><strong>ministratis,</strong></span> <span class='ocrx_word' id='word_1_291' title='bbox 905 2064 1163 2136; x_wconf 86' lang='lat' dir='ltr'><strong>quoniam</strong></span> <span class='ocrx_word' id='word_1_292' title='bbox 1196 2067 1458 2120; x_wconf 89' lang='lat' dir='ltr'><strong>miserum</strong></span> <span class='ocrx_word' id='word_1_293' title='bbox 1506 2071 1591 2120; x_wconf 88' lang='lat' dir='ltr'><strong>est</strong></span> <span class='ocrx_word' id='word_1_294' title='bbox 1621 2064 1885 2130; x_wconf 89' lang='lat' dir='ltr'><strong>triticum,</strong></span> 
     </span>
    </p>
   </div>
   <div class='ocr_carea' id='block_1_40' title="bbox 314 2150 1887 2221">
    <p class='ocr_par' dir='ltr' id='par_1_40' title="bbox 314 2150 1887 2221">
     <span class='ocr_line' id='line_1_40' title="bbox 314 2150 1887 2221; baseline -0.003 -7"><span class='ocrx_word' id='word_1_295' title='bbox 314 2150 653 2214; x_wconf 78' lang='lat' dir='ltr'><strong>exsiccatum</strong></span> <span class='ocrx_word' id='word_1_296' title='bbox 706 2157 931 2221; x_wconf 89' lang='lat' dir='ltr'><strong>vinum,</strong></span> <span class='ocrx_word' id='word_1_297' title='bbox 996 2156 1344 2211; x_wconf 88' lang='lat' dir='ltr'><strong>imminutum</strong></span> <span class='ocrx_word' id='word_1_298' title='bbox 1407 2156 1619 2220; x_wconf 87' lang='lat' dir='ltr'><strong>oleum,</strong></span> <span class='ocrx_word' id='word_1_299' title='bbox 1673 2152 1887 2211; x_wconf 83' lang='lat' dir='ltr'><strong>confusi</strong></span> 
     </span>
    </p>
   </div>
   <div class='ocr_carea' id='block_1_41' title="bbox 314 2246 1891 2321">
    <p class='ocr_par' dir='ltr' id='par_1_41' title="bbox 314 2246 1891 2321">
     <span class='ocr_line' id='line_1_41' title="bbox 314 2246 1891 2321; baseline -0.003 -17"><span class='ocrx_word' id='word_1_300' title='bbox 314 2250 586 2321; x_wconf 64' lang='lat' dir='ltr'><strong>agricolae.</strong></span> <span class='ocrx_word' id='word_1_301' title='bbox 624 2247 850 2320; x_wconf 86' lang='lat' dir='ltr'><strong>Lugete,</strong></span> <span class='ocrx_word' id='word_1_302' title='bbox 882 2247 1111 2319; x_wconf 71' lang='lat' dir='ltr'><strong>praedia,</strong></span> <span class='ocrx_word' id='word_1_303' title='bbox 1146 2253 1366 2317; x_wconf 86' lang='lat' dir='ltr'><strong>propter</strong></span> <span class='ocrx_word' id='word_1_304' title='bbox 1409 2246 1651 2302; x_wconf 82' lang='lat' dir='ltr'><strong>triticum</strong></span> <span class='ocrx_word' id='word_1_305' title='bbox 1682 2253 1736 2302; x_wconf 91' lang='lat' dir='ltr'><strong>et</strong></span> <span class='ocrx_word' id='word_1_306' title='bbox 1767 2246 1891 2301; x_wconf 87' lang='lat' dir='ltr'><strong>hor-</strong></span> 
     </span>
    </p>
   </div>
   <div class='ocr_carea' id='block_1_42' title="bbox 316 2336 1893 2409">
    <p class='ocr_par' dir='ltr' id='par_1_42' title="bbox 316 2336 1893 2409">
     <span class='ocr_line' id='line_1_42' title="bbox 316 2336 1893 2409; baseline -0.002 -15"><span class='ocrx_word' id='word_1_307' title='bbox 316 2340 502 2405; x_wconf 87' lang='lat' dir='ltr'><strong>deum,</strong></span> <span class='ocrx_word' id='word_1_308' title='bbox 530 2340 659 2409; x_wconf 84' lang='lat' dir='ltr'><strong>quia</strong></span> <span class='ocrx_word' id='word_1_309' title='bbox 697 2338 861 2409; x_wconf 87' lang='lat' dir='ltr'><strong>periit</strong></span> <span class='ocrx_word' id='word_1_310' title='bbox 889 2338 1089 2395; x_wconf 87' lang='lat' dir='ltr'><strong>messis</strong></span> <span class='ocrx_word' id='word_1_311' title='bbox 1128 2337 1268 2409; x_wconf 89' lang='lat' dir='ltr'><strong>agri,</strong></span> <span class='ocrx_word' id='word_1_312' title='bbox 1304 2337 1432 2394; x_wconf 85' lang='lat' dir='ltr'><strong>vitis</strong></span> <span class='ocrx_word' id='word_1_313' title='bbox 1477 2339 1714 2403; x_wconf 72' lang='lat' dir='ltr'><strong>exaruit,</strong></span> <span class='ocrx_word' id='word_1_314' title='bbox 1746 2336 1893 2392; x_wconf 87' lang='lat' dir='ltr'><strong>ﬁcul-</strong></span> 
     </span>
    </p>
   </div>
   <div class='ocr_carea' id='block_1_43' title="bbox 319 2409 1951 2501">
    <p class='ocr_par' dir='ltr' id='par_1_43' title="bbox 319 2409 1951 2501">
     <span class='ocr_line' id='line_1_43' title="bbox 319 2409 1951 2501; baseline -0.002 -14"><span class='ocrx_word' id='word_1_315' title='bbox 319 2446 443 2487; x_wconf 78' lang='lat' dir='ltr'><strong>neae</strong></span> <span class='ocrx_word' id='word_1_316' title='bbox 477 2439 607 2487; x_wconf 88' lang='lat' dir='ltr'><strong>sunt</strong></span> <span class='ocrx_word' id='word_1_317' title='bbox 640 2430 962 2495; x_wconf 79' lang='lat' dir='ltr'><strong>imminutae,</strong></span> <span class='ocrx_word' id='word_1_318' title='bbox 1011 2429 1178 2485; x_wconf 86' lang='lat' dir='ltr'><strong>arbor</strong></span> <span class='ocrx_word' id='word_1_319' title='bbox 1209 2429 1583 2500; x_wconf 85' lang='lat' dir='ltr'><strong>malogranata</strong></span> <span class='ocrx_word' id='word_1_320' title='bbox 1627 2438 1682 2485; x_wconf 92' lang='lat' dir='ltr'><strong>et</strong></span> <span class='ocrx_word' id='word_1_321' title='bbox 1711 2430 1889 2501; x_wconf 89' lang='lat' dir='ltr'><strong>palma</strong></span> <span class='ocrx_word' id='word_1_322' title='bbox 1913 2409 1951 2438; x_wconf 57' lang='grc'><strong>“</strong></span> 
     </span>
    </p>
   </div>
   <div class='ocr_carea' id='block_1_44' title="bbox 316 2520 1893 2592">
    <p class='ocr_par' dir='ltr' id='par_1_44' title="bbox 316 2520 1893 2592">
     <span class='ocr_line' id='line_1_44' title="bbox 316 2520 1893 2592; baseline 0.001 -19"><span class='ocrx_word' id='word_1_323' title='bbox 316 2527 372 2576; x_wconf 70' lang='lat' dir='ltr'><strong>et</strong></span> <span class='ocrx_word' id='word_1_324' title='bbox 404 2522 582 2578; x_wconf 85' lang='lat' dir='ltr'><strong>malus</strong></span> <span class='ocrx_word' id='word_1_325' title='bbox 618 2529 676 2577; x_wconf 92' lang='lat' dir='ltr'><strong>et</strong></span> <span class='ocrx_word' id='word_1_326' title='bbox 710 2521 893 2578; x_wconf 87' lang='lat' dir='ltr'><strong>omnia</strong></span> <span class='ocrx_word' id='word_1_327' title='bbox 940 2520 1087 2592; x_wconf 88' lang='lat' dir='ltr'><strong>ligna</strong></span> <span class='ocrx_word' id='word_1_328' title='bbox 1131 2520 1249 2592; x_wconf 88' lang='lat' dir='ltr'><strong>agri</strong></span> <span class='ocrx_word' id='word_1_329' title='bbox 1302 2527 1657 2575; x_wconf 82' lang='lat' dir='ltr'><strong>exaruerunt.</strong></span> <span class='ocrx_word' id='word_1_330' title='bbox 1699 2538 1719 2573; x_wconf 75' lang='grc' dir='ltr'><strong>ι</strong></span> <span class='ocrx_word' id='word_1_331' title='bbox 1756 2520 1893 2575; x_wconf 86' lang='lat' dir='ltr'><strong>Con-</strong></span> 
     </span>
    </p>
   </div>
   <div class='ocr_carea' id='block_1_45' title="bbox 317 2611 1891 2686">
    <p class='ocr_par' dir='ltr' id='par_1_45' title="bbox 317 2611 1891 2686">
     <span class='ocr_line' id='line_1_45' title="bbox 317 2611 1891 2686; baseline -0.001 -17"><span class='ocrx_word' id='word_1_332' title='bbox 317 2631 491 2686; x_wconf 83' lang='lat' dir='ltr'><strong>gruus</strong></span> <span class='ocrx_word' id='word_1_333' title='bbox 518 2615 899 2672; x_wconf 84' lang='lat' dir='ltr'><strong>sacerdotibus</strong></span> <span class='ocrx_word' id='word_1_334' title='bbox 925 2624 980 2672; x_wconf 92' lang='lat' dir='ltr'><strong>et</strong></span> <span class='ocrx_word' id='word_1_335' title='bbox 1000 2617 1204 2676; x_wconf 83' lang='lat' dir='ltr'><strong>,altaris</strong></span> <span class='ocrx_word' id='word_1_336' title='bbox 1230 2614 1501 2671; x_wconf 89' lang='lat' dir='ltr'><strong>ministris</strong></span> <span class='ocrx_word' id='word_1_337' title='bbox 1526 2615 1728 2679; x_wconf 88' lang='lat' dir='ltr'><strong>luctus,</strong></span> <span class='ocrx_word' id='word_1_338' title='bbox 1761 2611 1891 2683; x_wconf 88' lang='lat' dir='ltr'><strong>quia</strong></span> 
     </span>
    </p>
   </div>
   <div class='ocr_carea' id='block_1_46' title="bbox 318 2704 1892 2779">
    <p class='ocr_par' dir='ltr' id='par_1_46' title="bbox 318 2704 1892 2779">
     <span class='ocr_line' id='line_1_46' title="bbox 318 2704 1892 2779; baseline -0.003 -16"><span class='ocrx_word' id='word_1_339' title='bbox 318 2707 587 2779; x_wconf 82' lang='lat' dir='ltr'><strong>generalis</strong></span> <span class='ocrx_word' id='word_1_340' title='bbox 609 2707 873 2762; x_wconf 83' lang='lat' dir='ltr'><strong>sterilitas</strong></span> <span class='ocrx_word' id='word_1_341' title='bbox 902 2721 1130 2778; x_wconf 89' lang='lat' dir='ltr'><strong>campos</strong></span> <span class='ocrx_word' id='word_1_342' title='bbox 1158 2714 1326 2771; x_wconf 89' lang='lat' dir='ltr'><strong>tenet,</strong></span> <span class='ocrx_word' id='word_1_343' title='bbox 1361 2704 1506 2761; x_wconf 89' lang='lat' dir='ltr'><strong>unde</strong></span> <span class='ocrx_word' id='word_1_344' title='bbox 1531 2704 1799 2775; x_wconf 87' lang='lat' dir='ltr'><strong>primitias</strong></span> <span class='ocrx_word' id='word_1_345' title='bbox 1828 2717 1892 2758; x_wconf 91' lang='lat' dir='ltr'><strong>ac</strong></span> 
     </span>
    </p>
   </div>
   <div class='ocr_carea' id='block_1_47' title="bbox 318 2794 1896 2870">
    <p class='ocr_par' dir='ltr' id='par_1_47' title="bbox 318 2794 1896 2870">
     <span class='ocr_line' id='line_1_47' title="bbox 318 2794 1896 2870; baseline -0.004 -13"><span class='ocrx_word' id='word_1_346' title='bbox 318 2800 565 2857; x_wconf 83' lang='lat' dir='ltr'><strong>decimas</strong></span> <span class='ocrx_word' id='word_1_347' title='bbox 602 2800 987 2870; x_wconf 83' lang='lat' dir='ltr'><strong>percipientes,</strong></span> <span class='ocrx_word' id='word_1_348' title='bbox 1009 2798 1104 2853; x_wconf 42' lang='lat' dir='ltr'><strong>irei</strong></span> <span class='ocrx_word' id='word_1_349' title='bbox 1139 2797 1465 2853; x_wconf 73' lang='lat' dir='ltr'><strong>necessariae</strong></span> <span class='ocrx_word' id='word_1_350' title='bbox 1488 2795 1702 2867; x_wconf 88' lang='lat' dir='ltr'><strong>copiam</strong></span> <span class='ocrx_word' id='word_1_351' title='bbox 1736 2794 1896 2851; x_wconf 78' lang='lat' dir='ltr'><strong>liabe~</strong></span> 
     </span>
    </p>
   </div>
   <div class='ocr_carea' id='block_1_48' title="bbox 322 2884 1894 2961">
    <p class='ocr_par' dir='ltr' id='par_1_48' title="bbox 322 2884 1894 2961">
     <span class='ocr_line' id='line_1_48' title="bbox 322 2884 1894 2961; baseline -0.004 -14"><span class='ocrx_word' id='word_1_352' title='bbox 322 2894 475 2948; x_wconf 81' lang='lat' dir='ltr'><strong>bant.</strong></span> <span class='ocrx_word' id='word_1_353' title='bbox 518 2891 809 2961; x_wconf 84' lang='lat' dir='ltr'><strong>Congruus</strong></span> <span class='ocrx_word' id='word_1_354' title='bbox 843 2884 987 2945; x_wconf 76' lang='lat' dir='ltr'><strong>haiid</strong></span> <span class='ocrx_word' id='word_1_355' title='bbox 1033 2889 1216 2944; x_wconf 82' lang='lat' dir='ltr'><strong>minus</strong></span> <span class='ocrx_word' id='word_1_356' title='bbox 1248 2888 1429 2943; x_wconf 89' lang='lat' dir='ltr'><strong>luctus</strong></span> <span class='ocrx_word' id='word_1_357' title='bbox 1470 2895 1628 2943; x_wconf 68' lang='lat' dir='ltr'><strong>terra:</strong></span> <span class='ocrx_word' id='word_1_358' title='bbox 1674 2899 1894 2956; x_wconf 87' lang='lat' dir='ltr'><strong>quoque</strong></span> 
     </span>
    </p>
   </div>
   <div class='ocr_carea' id='block_1_49' title="bbox 324 2976 1892 3053">
    <p class='ocr_par' dir='ltr' id='par_1_49' title="bbox 324 2976 1892 3053">
     <span class='ocr_line' id='line_1_49' title="bbox 324 2976 1892 3053; baseline -0.004 -15"><span class='ocrx_word' id='word_1_359' title='bbox 324 2983 573 3053; x_wconf 73' lang='lat' dir='ltr'><strong>frugibus</strong></span> <span class='ocrx_word' id='word_1_360' title='bbox 606 2981 839 3044; x_wconf 87' lang='lat' dir='ltr'><strong>carenti,</strong></span> <span class='ocrx_word' id='word_1_361' title='bbox 878 2980 1024 3036; x_wconf 89' lang='lat' dir='ltr'><strong>unde</strong></span> <span class='ocrx_word' id='word_1_362' title='bbox 1059 2979 1321 3051; x_wconf 83' lang='lat' dir='ltr'><strong>agricolis</strong></span> <span class='ocrx_word' id='word_1_363' title='bbox 1364 2987 1585 3035; x_wconf 88' lang='lat' dir='ltr'><strong>creatur</strong></span> <span class='ocrx_word' id='word_1_364' title='bbox 1618 2976 1892 3042; x_wconf 82' lang='lat' dir='ltr'><strong>confusio,</strong></span> 
     </span>
    </p>
   </div>
   <div class='ocr_carea' id='block_1_50' title="bbox 322 3069 1898 3146">
    <p class='ocr_par' dir='ltr' id='par_1_50' title="bbox 322 3069 1898 3146">
     <span class='ocr_line' id='line_1_50' title="bbox 322 3069 1898 3146; baseline -0.004 -16"><span class='ocrx_word' id='word_1_365' title='bbox 322 3076 452 3146; x_wconf 85' lang='lat' dir='ltr'><strong>quia</strong></span> <span class='ocrx_word' id='word_1_366' title='bbox 485 3073 691 3130; x_wconf 85' lang='lat' dir='ltr'><strong>frustra</strong></span> <span class='ocrx_word' id='word_1_367' title='bbox 730 3072 1119 3127; x_wconf 86' lang='lat' dir='ltr'><strong>laboraverunt</strong></span> <span class='ocrx_word' id='word_1_368' title='bbox 1148 3091 1161 3127; x_wconf 91' lang='lat'><strong>:</strong></span> <span class='ocrx_word' id='word_1_369' title='bbox 1206 3070 1516 3142; x_wconf 87' lang='lat' dir='ltr'><strong>pariterque</strong></span> <span class='ocrx_word' id='word_1_370' title='bbox 1550 3069 1763 3125; x_wconf 87' lang='lat' dir='ltr'><strong>cunctis</strong></span> <span class='ocrx_word' id='word_1_371' title='bbox 1794 3078 1898 3125; x_wconf 85' lang='lat' dir='ltr'><strong>ter-</strong></span> 
     </span>
    </p>
   </div>
   <div class='ocr_carea' id='block_1_51' title="bbox 326 3161 1894 3235">
    <p class='ocr_par' dir='ltr' id='par_1_51' title="bbox 326 3161 1894 3235">
     <span class='ocr_line' id='line_1_51' title="bbox 326 3161 1894 3235; baseline -0.004 -14"><span class='ocrx_word' id='word_1_372' title='bbox 326 3181 398 3221; x_wconf 73' lang='lat' dir='ltr'><strong>ra:</strong></span> <span class='ocrx_word' id='word_1_373' title='bbox 426 3163 666 3235; x_wconf 69' lang='lat' dir='ltr'><strong>prasdiis,</strong></span> <span class='ocrx_word' id='word_1_374' title='bbox 707 3165 836 3233; x_wconf 88' lang='lat' dir='ltr'><strong>quia</strong></span> <span class='ocrx_word' id='word_1_375' title='bbox 870 3162 1080 3217; x_wconf 92' lang='lat' dir='ltr'><strong>nullum</strong></span> <span class='ocrx_word' id='word_1_376' title='bbox 1114 3168 1279 3217; x_wconf 70' lang='lat' dir='ltr'><strong>terra:</strong></span> <span class='ocrx_word' id='word_1_377' title='bbox 1304 3168 1649 3233; x_wconf 89' lang='lat' dir='ltr'><strong>proventum,</strong></span> <span class='ocrx_word' id='word_1_378' title='bbox 1684 3161 1894 3216; x_wconf 90' lang='lat' dir='ltr'><strong>nullum</strong></span> 
     </span>
    </p>
   </div>
   <div class='ocr_carea' id='block_1_52' title="bbox 325 3255 1892 3328">
    <p class='ocr_par' dir='ltr' id='par_1_52' title="bbox 325 3255 1892 3328">
     <span class='ocr_line' id='line_1_52' title="bbox 325 3255 1892 3328; baseline -0.004 -15"><span class='ocrx_word' id='word_1_379' title='bbox 325 3257 583 3313; x_wconf 82' lang='lat' dir='ltr'><strong>arborum</strong></span> <span class='ocrx_word' id='word_1_380' title='bbox 614 3263 830 3328; x_wconf 89' lang='lat' dir='ltr'><strong>partum</strong></span> <span class='ocrx_word' id='word_1_381' title='bbox 865 3270 1017 3311; x_wconf 90' lang='lat' dir='ltr'><strong>more</strong></span> <span class='ocrx_word' id='word_1_382' title='bbox 1056 3255 1230 3312; x_wconf 86' lang='lat' dir='ltr'><strong>solito-</strong></span> <span class='ocrx_word' id='word_1_383' title='bbox 1253 3256 1541 3311; x_wconf 87' lang='lat' dir='ltr'><strong>collectum</strong></span> <span class='ocrx_word' id='word_1_384' title='bbox 1573 3255 1758 3311; x_wconf 86' lang='lat' dir='ltr'><strong>videre</strong></span> <span class='ocrx_word' id='word_1_385' title='bbox 1787 3262 1892 3311; x_wconf 89' lang='lat' dir='ltr'><strong>est.</strong></span> 
     </span>
    </p>
   </div>
   <div class='ocr_carea' id='block_1_53' title="bbox 333 3346 1892 3418">
    <p class='ocr_par' dir='ltr' id='par_1_53' title="bbox 333 3346 1892 3418">
     <span class='ocr_line' id='line_1_53' title="bbox 333 3346 1892 3418; baseline -0.001 -17"><span class='ocrx_word' id='word_1_386' title='bbox 333 3365 356 3401; x_wconf 78' lang='grc' dir='ltr'><strong>ι</strong></span> <span class='ocrx_word' id='word_1_387' title='bbox 391 3346 661 3415; x_wconf 82' lang='lat' dir='ltr'><strong>Quoniam</strong></span> <span class='ocrx_word' id='word_1_388' title='bbox 692 3347 955 3418; x_wconf 86' lang='lat' dir='ltr'><strong>gaudium</strong></span> <span class='ocrx_word' id='word_1_389' title='bbox 994 3346 1363 3403; x_wconf 82' lang='lat' dir='ltr'><strong>confuderunt</strong></span> <span class='ocrx_word' id='word_1_390' title='bbox 1399 3347 1492 3402; x_wconf 82' lang='lat' dir='ltr'><strong>lilii</strong></span> <span class='ocrx_word' id='word_1_391' title='bbox 1527 3348 1832 3403; x_wconf 88' lang='lat' dir='ltr'><strong>hominum.</strong></span> <span class='ocrx_word' id='word_1_392' title='bbox 1873 3366 1892 3400; x_wconf 73' lang='grc' dir='ltr'><strong>ι</strong></span> 
     </span>
    </p>
   </div>
   <div class='ocr_carea' id='block_1_54' title="bbox 326 3437 1901 3511">
    <p class='ocr_par' dir='ltr' id='par_1_54' title="bbox 326 3437 1901 3511">
     <span class='ocr_line' id='line_1_54' title="bbox 326 3437 1901 3511; baseline -0.001 -16"><span class='ocrx_word' id='word_1_393' title='bbox 326 3438 435 3495; x_wconf 87' lang='lat' dir='ltr'><strong>Pro</strong></span> <span class='ocrx_word' id='word_1_394' title='bbox 465 3455 531 3496; x_wconf 89' lang='lat' dir='ltr'><strong>eo</strong></span> <span class='ocrx_word' id='word_1_395' title='bbox 555 3448 615 3494; x_wconf 86' lang='lat' dir='ltr'><strong>ut</strong></span> <span class='ocrx_word' id='word_1_396' title='bbox 646 3440 834 3495; x_wconf 90' lang='lat' dir='ltr'><strong>dicat:</strong></span> <span class='ocrx_word' id='word_1_397' title='bbox 871 3437 1087 3494; x_wconf 84' lang='lat' dir='ltr'><strong>Nemini</strong></span> <span class='ocrx_word' id='word_1_398' title='bbox 1112 3439 1268 3495; x_wconf 89' lang='lat' dir='ltr'><strong>adest</strong></span> <span class='ocrx_word' id='word_1_399' title='bbox 1295 3439 1511 3497; x_wconf 70' lang='lat' dir='ltr'><strong>laetandi</strong></span> <span class='ocrx_word' id='word_1_400' title='bbox 1534 3440 1776 3503; x_wconf 87' lang='lat' dir='ltr'><strong>occasio,</strong></span> <span class='ocrx_word' id='word_1_401' title='bbox 1809 3456 1901 3511; x_wconf 91' lang='lat' dir='ltr'><strong>pu-</strong></span> 
     </span>
    </p>
   </div>
   <div class='ocr_carea' id='block_1_55' title="bbox 326 3531 1899 3602">
    <p class='ocr_par' dir='ltr' id='par_1_55' title="bbox 326 3531 1899 3602">
     <span class='ocr_line' id='line_1_55' title="bbox 326 3531 1899 3602; baseline 0.001 -17"><span class='ocrx_word' id='word_1_402' title='bbox 326 3532 478 3587; x_wconf 88' lang='lat' dir='ltr'><strong>denti</strong></span> <span class='ocrx_word' id='word_1_403' title='bbox 509 3532 719 3591; x_wconf 85' lang='lat' dir='ltr'><strong>scilicet</strong></span> <span class='ocrx_word' id='word_1_404' title='bbox 742 3531 853 3586; x_wconf 85' lang='lat' dir='ltr'><strong>nisi</strong></span> <span class='ocrx_word' id='word_1_405' title='bbox 877 3531 933 3586; x_wconf 92' lang='lat' dir='ltr'><strong>in</strong></span> <span class='ocrx_word' id='word_1_406' title='bbox 962 3531 1166 3587; x_wconf 89' lang='lat' dir='ltr'><strong>talibus</strong></span> <span class='ocrx_word' id='word_1_407' title='bbox 1194 3531 1474 3602; x_wconf 88' lang='lat' dir='ltr'><strong>tantisque</strong></span> <span class='ocrx_word' id='word_1_408' title='bbox 1503 3532 1662 3587; x_wconf 87' lang='lat' dir='ltr'><strong>malis</strong></span> <span class='ocrx_word' id='word_1_409' title='bbox 1694 3532 1899 3587; x_wconf 86' lang='lat' dir='ltr'><strong>luctum</strong></span> 
     </span>
    </p>
   </div>
   <div class='ocr_carea' id='block_1_56' title="bbox 329 3622 1900 3695">
    <p class='ocr_par' dir='ltr' id='par_1_56' title="bbox 329 3622 1900 3695">
     <span class='ocr_line' id='line_1_56' title="bbox 329 3622 1900 3695; baseline 0.001 -18"><span class='ocrx_word' id='word_1_410' title='bbox 329 3631 474 3694; x_wconf 85' lang='lat' dir='ltr'><strong>agat.</strong></span> <span class='ocrx_word' id='word_1_411' title='bbox 539 3622 645 3679; x_wconf 84' lang='lat' dir='ltr'><strong>Per</strong></span> <span class='ocrx_word' id='word_1_412' title='bbox 696 3624 814 3679; x_wconf 64' lang='lat' dir='ltr'><strong>haec</strong></span> <span class='ocrx_word' id='word_1_413' title='bbox 879 3624 1064 3679; x_wconf 89' lang='lat' dir='ltr'><strong>omnia</strong></span> <span class='ocrx_word' id='word_1_414' title='bbox 1127 3623 1470 3680; x_wconf 88' lang='lat' dir='ltr'><strong>demonstrat</strong></span> <span class='ocrx_word' id='word_1_415' title='bbox 1521 3625 1900 3695; x_wconf 87' lang='lat' dir='ltr'><strong>gravissimam</strong></span> 
     </span>
    </p>
   </div>
   <div class='ocr_carea' id='block_1_57' title="bbox 332 3714 1904 3789">
    <p class='ocr_par' dir='ltr' id='par_1_57' title="bbox 332 3714 1904 3789">
     <span class='ocr_line' id='line_1_57' title="bbox 332 3714 1904 3789; baseline -0.001 -18"><span class='ocrx_word' id='word_1_416' title='bbox 332 3714 682 3789; x_wconf 82' lang='lat' dir='ltr'><strong>sterilitatem</strong></span> <span class='ocrx_word' id='word_1_417' title='bbox 721 3714 1093 3770; x_wconf 86' lang='lat' dir='ltr'><strong>Israelitarum</strong></span> <span class='ocrx_word' id='word_1_418' title='bbox 1123 3715 1332 3786; x_wconf 84' lang='lat' dir='ltr'><strong>regioni</strong></span> <span class='ocrx_word' id='word_1_419' title='bbox 1371 3716 1692 3785; x_wconf 83' lang='lat' dir='ltr'><strong>contigisse,</strong></span> <span class='ocrx_word' id='word_1_420' title='bbox 1730 3716 1904 3786; x_wconf 89' lang='lat' dir='ltr'><strong>dupli-</strong></span> 
     </span>
    </p>
   </div>
   <div class='ocr_carea' id='block_1_58' title="bbox 335 3798 1900 3878">
    <p class='ocr_par' dir='ltr' id='par_1_58' title="bbox 335 3798 1900 3878">
     <span class='ocr_line' id='line_1_58' title="bbox 335 3798 1900 3878; baseline -0.002 -17"><span class='ocrx_word' id='word_1_421' title='bbox 335 3821 565 3878; x_wconf 87' lang='lat' dir='ltr'><strong>cemque</strong></span> <span class='ocrx_word' id='word_1_422' title='bbox 605 3819 902 3861; x_wconf 65' lang='lat' dir='ltr'><strong>arumnam</strong></span> <span class='ocrx_word' id='word_1_423' title='bbox 966 3804 1158 3870; x_wconf 83' lang='lat' dir='ltr'><strong>fuisse,</strong></span> <span class='ocrx_word' id='word_1_424' title='bbox 1207 3805 1457 3861; x_wconf 89' lang='lat' dir='ltr'><strong>hostibus</strong></span> <span class='ocrx_word' id='word_1_425' title='bbox 1518 3798 1735 3861; x_wconf 83' lang='lat' dir='ltr'><strong>scilicet</strong></span> <span class='ocrx_word' id='word_1_426' title='bbox 1782 3822 1900 3861; x_wconf 89' lang='lat' dir='ltr'><strong>eam</strong></span> 
     </span>
    </p>
   </div>
   <div class='ocr_carea' id='block_1_59' title="bbox 331 3895 1914 3967">
    <p class='ocr_par' dir='ltr' id='par_1_59' title="bbox 331 3895 1914 3967">
     <span class='ocr_line' id='line_1_59' title="bbox 331 3895 1914 3967; baseline 0.001 -14"><span class='ocrx_word' id='word_1_427' title='bbox 331 3898 569 3967; x_wconf 83' lang='lat' dir='ltr'><strong>pessime</strong></span> <span class='ocrx_word' id='word_1_428' title='bbox 595 3896 1031 3961; x_wconf 85' lang='lat' dir='ltr'><strong>devastantibus,</strong></span> <span class='ocrx_word' id='word_1_429' title='bbox 1062 3904 1117 3952; x_wconf 92' lang='lat' dir='ltr'><strong>et</strong></span> <span class='ocrx_word' id='word_1_430' title='bbox 1141 3896 1260 3966; x_wconf 89' lang='lat' dir='ltr'><strong>ipsa</strong></span> <span class='ocrx_word' id='word_1_431' title='bbox 1291 3904 1435 3952; x_wconf 88' lang='lat' dir='ltr'><strong>terra</strong></span> <span class='ocrx_word' id='word_1_432' title='bbox 1475 3895 1689 3967; x_wconf 85' lang='lat' dir='ltr'><strong>frugum</strong></span> <span class='ocrx_word' id='word_1_433' title='bbox 1714 3895 1914 3954; x_wconf 84' lang='lat' dir='ltr'><strong>fertili-.</strong></span> 
     </span>
    </p>
   </div>
   <div class='ocr_carea' id='block_1_60' title="bbox 330 3978 1573 4061">
    <p class='ocr_par' dir='ltr' id='par_1_60' title="bbox 330 3978 1573 4061">
     <span class='ocr_line' id='line_1_60' title="bbox 330 3978 1573 4061; baseline -0.002 -16"><span class='ocrx_word' id='word_1_434' title='bbox 330 3998 499 4045; x_wconf 85' lang='lat' dir='ltr'><strong>tatem</strong></span> <span class='ocrx_word' id='word_1_435' title='bbox 531 3997 782 4061; x_wconf 88' lang='lat' dir='ltr'><strong>negante.</strong></span> <span class='ocrx_word' id='word_1_436' title='bbox 811 3987 953 4054; x_wconf 86' lang='lat' dir='ltr'><strong>Quid</strong></span> <span class='ocrx_word' id='word_1_437' title='bbox 993 4003 1125 4059; x_wconf 86' lang='lat' dir='ltr'><strong>ergo</strong></span> <span class='ocrx_word' id='word_1_438' title='bbox 1160 3996 1283 4059; x_wconf 89' lang='lat' dir='ltr'><strong>post</strong></span> <span class='ocrx_word' id='word_1_439' title='bbox 1309 3988 1469 4043; x_wconf 66' lang='lat' dir='ltr'><strong>haec?</strong></span> <span class='ocrx_word' id='word_1_440' title='bbox 1564 3978 1573 3981; x_wconf 70' lang='grc'><em>’</em></span> 
     </span>
    </p>
   </div>
   <div class='ocr_carea' id='block_1_61' title="bbox 1988 2068 3572 2147">
    <p class='ocr_par' dir='ltr' id='par_1_61' title="bbox 1988 2068 3572 2147">
     <span class='ocr_line' id='line_1_61' title="bbox 1988 2068 3572 2147; baseline 0.004 -27"><span class='ocrx_word' id='word_1_441' title='bbox 1988 2083 2080 2132; x_wconf 90' lang='grc' dir='ltr'><strong>τες</strong></span> <span class='ocrx_word' id='word_1_442' title='bbox 2107 2068 2493 2145; x_wconf 85' lang='grc' dir='ltr'><strong>θυσιαστηρίῳ,</strong></span> <span class='ocrx_word' id='word_1_443' title='bbox 2522 2074 2604 2129; x_wconf 82' lang='grc' dir='ltr'><strong>ὅτι</strong></span> <span class='ocrx_word' id='word_1_444' title='bbox 2630 2072 3082 2147; x_wconf 85' lang='grc' dir='ltr'><strong>τεταλαιπῶρηκε</strong></span> <span class='ocrx_word' id='word_1_445' title='bbox 3109 2076 3275 2138; x_wconf 84' lang='grc' dir='ltr'><strong>σῖτος,</strong></span> <span class='ocrx_word' id='word_1_446' title='bbox 3301 2072 3572 2143; x_wconf 74' lang='grc' dir='ltr'><strong>ἐξηράνθη</strong></span> 
     </span>
    </p>
   </div>
   <div class='ocr_carea' id='block_1_62' title="bbox 1989 2156 3572 2239">
    <p class='ocr_par' dir='ltr' id='par_1_62' title="bbox 1989 2156 3572 2239">
     <span class='ocr_line' id='line_1_62' title="bbox 1989 2156 3572 2239; baseline 0.002 -25"><span class='ocrx_word' id='word_1_447' title='bbox 1989 2156 2130 2225; x_wconf 79' lang='grc' dir='ltr'><strong>οἶνος</strong></span> <span class='ocrx_word' id='word_1_448' title='bbox 2152 2202 2166 2227; x_wconf 89' lang='grc'><strong>,</strong></span> <span class='ocrx_word' id='word_1_449' title='bbox 2223 2163 2474 2237; x_wconf 84' lang='grc' dir='ltr'><strong>ὠλιγώθη</strong></span> <span class='ocrx_word' id='word_1_450' title='bbox 2540 2165 2740 2231; x_wconf 73' lang='grc' dir='ltr'><strong>ἔλαιον,</strong></span> <span class='ocrx_word' id='word_1_451' title='bbox 2807 2165 3264 2239; x_wconf 71' lang='grc' dir='ltr'><strong>κατῃσχύνθησαν</strong></span> <span class='ocrx_word' id='word_1_452' title='bbox 3310 2165 3572 2236; x_wconf 85' lang='grc' dir='ltr'><strong>γεωργοί·</strong></span> 
     </span>
    </p>
   </div>
   <div class='ocr_carea' id='block_1_63' title="bbox 1991 2251 3574 2330">
    <p class='ocr_par' dir='ltr' id='par_1_63' title="bbox 1991 2251 3574 2330">
     <span class='ocr_line' id='line_1_63' title="bbox 1991 2251 3574 2330; baseline 0.003 -25"><span class='ocrx_word' id='word_1_453' title='bbox 1991 2251 2259 2324; x_wconf 81' lang='grc' dir='ltr'><strong>θρηνεῖτε,</strong></span> <span class='ocrx_word' id='word_1_454' title='bbox 2290 2257 2544 2327; x_wconf 84' lang='grc' dir='ltr'><strong>κτήματα</strong></span> <span class='ocrx_word' id='word_1_455' title='bbox 2577 2257 2717 2330; x_wconf 83' lang='grc' dir='ltr'><strong>ὑπὲρ</strong></span> <span class='ocrx_word' id='word_1_456' title='bbox 2749 2257 2922 2330; x_wconf 87' lang='grc' dir='ltr'><strong>πυροῦ</strong></span> <span class='ocrx_word' id='word_1_457' title='bbox 2948 2258 3042 2311; x_wconf 74' lang='grc' dir='ltr'><strong>καὶ</strong></span> <span class='ocrx_word' id='word_1_458' title='bbox 3064 2258 3279 2329; x_wconf 85' lang='grc' dir='ltr'><strong>κριθῆς,</strong></span> <span class='ocrx_word' id='word_1_459' title='bbox 3333 2257 3415 2310; x_wconf 84' lang='grc' dir='ltr'><strong>ὅτι</strong></span> <span class='ocrx_word' id='word_1_460' title='bbox 3466 2258 3574 2310; x_wconf 84' lang='grc' dir='ltr'><strong>ἀπ-</strong></span> 
     </span>
    </p>
   </div>
   <div class='ocr_carea' id='block_1_64' title="bbox 1989 2344 3577 2421">
    <p class='ocr_par' dir='ltr' id='par_1_64' title="bbox 1989 2344 3577 2421">
     <span class='ocr_line' id='line_1_64' title="bbox 1989 2344 3577 2421; baseline 0.002 -23"><span class='ocrx_word' id='word_1_461' title='bbox 1989 2344 2155 2399; x_wconf 86' lang='grc' dir='ltr'><strong>όλωλε</strong></span> <span class='ocrx_word' id='word_1_462' title='bbox 2176 2349 2448 2420; x_wconf 82' lang='grc' dir='ltr'><strong>τρυγητδς</strong></span> <span class='ocrx_word' id='word_1_463' title='bbox 2476 2349 2534 2414; x_wconf 82' lang='grc' dir='ltr'><strong>ἐξ</strong></span> <span class='ocrx_word' id='word_1_464' title='bbox 2561 2349 2751 2421; x_wconf 82' lang='grc' dir='ltr'><strong>ἀγροῦ·</strong></span> <span class='ocrx_word' id='word_1_465' title='bbox 2784 2351 2817 2421; x_wconf 81' lang='grc' dir='ltr'><strong>ἡ</strong></span> <span class='ocrx_word' id='word_1_466' title='bbox 2851 2349 3090 2421; x_wconf 76' lang='grc' dir='ltr'><strong>ἄμπελος</strong></span> <span class='ocrx_word' id='word_1_467' title='bbox 3133 2348 3426 2421; x_wconf 80' lang='grc' dir='ltr'><strong>ἐξηράνθη,</strong></span> <span class='ocrx_word' id='word_1_468' title='bbox 3482 2347 3577 2402; x_wconf 76' lang='grc' dir='ltr'><strong>καὶ</strong></span> 
     </span>
    </p>
   </div>
   <div class='ocr_carea' id='block_1_65' title="bbox 1992 2438 3575 2512">
    <p class='ocr_par' dir='ltr' id='par_1_65' title="bbox 1992 2438 3575 2512">
     <span class='ocr_line' id='line_1_65' title="bbox 1992 2438 3575 2512; baseline 0.003 -22"><span class='ocrx_word' id='word_1_469' title='bbox 1992 2440 2156 2492; x_wconf 88' lang='grc' dir='ltr'><strong>συκαῖ</strong></span> <span class='ocrx_word' id='word_1_470' title='bbox 2211 2438 2568 2511; x_wconf 85' lang='grc' dir='ltr'><strong>ὀλιγώθησαν·</strong></span> <span class='ocrx_word' id='word_1_471' title='bbox 2606 2441 2727 2512; x_wconf 80' lang='grc' dir='ltr'><strong>ῥοιὰ</strong></span> <span class='ocrx_word' id='word_1_472' title='bbox 2774 2441 2864 2497; x_wconf 76' lang='grc' dir='ltr'><strong>καὶ</strong></span> <span class='ocrx_word' id='word_1_473' title='bbox 2909 2440 3084 2510; x_wconf 80' lang='grc' dir='ltr'><strong>φοίνιξ</strong></span> <span class='ocrx_word' id='word_1_474' title='bbox 3130 2442 3223 2495; x_wconf 74' lang='grc' dir='ltr'><strong>καὶ</strong></span> <span class='ocrx_word' id='word_1_475' title='bbox 3279 2439 3449 2511; x_wconf 86' lang='grc' dir='ltr'><strong>μῆλον</strong></span> <span class='ocrx_word' id='word_1_476' title='bbox 3483 2440 3575 2494; x_wconf 72' lang='grc' dir='ltr'><strong>καὶ</strong></span> 
     </span>
    </p>
   </div>
   <div class='ocr_carea' id='block_1_66' title="bbox 1992 2529 3577 2605">
    <p class='ocr_par' dir='ltr' id='par_1_66' title="bbox 1992 2529 3577 2605">
     <span class='ocr_line' id='line_1_66' title="bbox 1992 2529 3577 2605; baseline 0.001 -23"><span class='ocrx_word' id='word_1_477' title='bbox 1992 2529 2170 2583; x_wconf 82' lang='grc' dir='ltr'><strong>πάντα</strong></span> <span class='ocrx_word' id='word_1_478' title='bbox 2196 2529 2265 2583; x_wconf 84' lang='grc' dir='ltr'><strong>τὰ</strong></span> <span class='ocrx_word' id='word_1_479' title='bbox 2285 2529 2418 2596; x_wconf 80' lang='grc' dir='ltr'><strong>ξύλα</strong></span> <span class='ocrx_word' id='word_1_480' title='bbox 2441 2530 2535 2585; x_wconf 88' lang='grc' dir='ltr'><strong>τοῦ</strong></span> <span class='ocrx_word' id='word_1_481' title='bbox 2565 2531 2736 2605; x_wconf 85' lang='grc' dir='ltr'><strong>ἀγροῦ</strong></span> <span class='ocrx_word' id='word_1_482' title='bbox 2765 2531 3157 2604; x_wconf 81' lang='grc' dir='ltr'><strong>ἐξηράνθησαν.</strong></span> <span class='ocrx_word' id='word_1_483' title='bbox 3202 2551 3220 2584; x_wconf 72' lang='grc' dir='ltr'><strong>ι</strong></span> <span class='ocrx_word' id='word_1_484' title='bbox 3261 2532 3577 2603; x_wconf 75' lang='grc' dir='ltr'><strong>Ἀρμὸττων</strong></span> 
     </span>
    </p>
   </div>
   <div class='ocr_carea' id='block_1_67' title="bbox 1996 2616 3571 2693">
    <p class='ocr_par' dir='ltr' id='par_1_67' title="bbox 1996 2616 3571 2693">
     <span class='ocr_line' id='line_1_67' title="bbox 1996 2616 3571 2693; baseline 0.001 -20"><span class='ocrx_word' id='word_1_485' title='bbox 1996 2620 2094 2692; x_wconf 77' lang='grc' dir='ltr'><strong>μὲν</strong></span> <span class='ocrx_word' id='word_1_486' title='bbox 2125 2616 2217 2675; x_wconf 80' lang='grc' dir='ltr'><strong>οὖν</strong></span> <span class='ocrx_word' id='word_1_487' title='bbox 2249 2624 2362 2685; x_wconf 82' lang='grc' dir='ltr'><strong>τοῖς</strong></span> <span class='ocrx_word' id='word_1_488' title='bbox 2411 2621 2738 2693; x_wconf 85' lang='grc' dir='ltr'><strong>ίερατεύουσι</strong></span> <span class='ocrx_word' id='word_1_489' title='bbox 2781 2622 2860 2693; x_wconf 86' lang='grc' dir='ltr'><strong>τῷ</strong></span> <span class='ocrx_word' id='word_1_490' title='bbox 2895 2621 3262 2693; x_wconf 84' lang='grc' dir='ltr'><strong>θυσιαστηρίῳ</strong></span> <span class='ocrx_word' id='word_1_491' title='bbox 3291 2622 3319 2675; x_wconf 81' lang='grc' dir='ltr'><strong>ὀ</strong></span> <span class='ocrx_word' id='word_1_492' title='bbox 3349 2621 3571 2691; x_wconf 82' lang='grc' dir='ltr'><strong>θρῆνος,</strong></span> 
     </span>
    </p>
   </div>
   <div class='ocr_carea' id='block_1_68' title="bbox 1992 2708 3576 2787">
    <p class='ocr_par' dir='ltr' id='par_1_68' title="bbox 1992 2708 3576 2787">
     <span class='ocr_line' id='line_1_68' title="bbox 1992 2708 3576 2787; baseline 0 -20"><span class='ocrx_word' id='word_1_493' title='bbox 1992 2714 2075 2767; x_wconf 85' lang='grc' dir='ltr'><strong>ὅτι</strong></span> <span class='ocrx_word' id='word_1_494' title='bbox 2133 2714 2403 2785; x_wconf 83' lang='grc' dir='ltr'><strong>παντελὴς</strong></span> <span class='ocrx_word' id='word_1_495' title='bbox 2440 2714 2642 2787; x_wconf 82' lang='grc' dir='ltr'><strong>ἀφορία</strong></span> <span class='ocrx_word' id='word_1_496' title='bbox 2669 2714 2889 2784; x_wconf 78' lang='grc' dir='ltr'><strong>κατέχει</strong></span> <span class='ocrx_word' id='word_1_497' title='bbox 2920 2714 3020 2778; x_wconf 76' lang='grc' dir='ltr'><strong>τὰς</strong></span> <span class='ocrx_word' id='word_1_498' title='bbox 3063 2714 3470 2783; x_wconf 55' lang='grc' dir='ltr'><strong>πεδιάδαςγάφ</strong></span> <span class='ocrx_word' id='word_1_499' title='bbox 3503 2708 3576 2767; x_wconf 82' lang='grc' dir='ltr'><strong>ὧν</strong></span> 
     </span>
    </p>
   </div>
   <div class='ocr_carea' id='block_1_69' title="bbox 1992 2803 3577 2878">
    <p class='ocr_par' dir='ltr' id='par_1_69' title="bbox 1992 2803 3577 2878">
     <span class='ocr_line' id='line_1_69' title="bbox 1992 2803 3577 2878; baseline 0 -20"><span class='ocrx_word' id='word_1_500' title='bbox 1992 2806 2091 2870; x_wconf 88' lang='grc' dir='ltr'><strong>τάς</strong></span> <span class='ocrx_word' id='word_1_501' title='bbox 2115 2823 2175 2859; x_wconf 85' lang='grc' dir='ltr'><strong>τε</strong></span> <span class='ocrx_word' id='word_1_502' title='bbox 2215 2804 2469 2878; x_wconf 80' lang='grc' dir='ltr'><strong>ἀπαρχὰς</strong></span> <span class='ocrx_word' id='word_1_503' title='bbox 2499 2806 2596 2859; x_wconf 79' lang='grc' dir='ltr'><strong>καὶ</strong></span> <span class='ocrx_word' id='word_1_504' title='bbox 2633 2805 2731 2869; x_wconf 84' lang='grc' dir='ltr'><strong>τὰς</strong></span> <span class='ocrx_word' id='word_1_505' title='bbox 2764 2805 3020 2870; x_wconf 88' lang='grc' dir='ltr'><strong>δεκατιάς</strong></span> <span class='ocrx_word' id='word_1_506' title='bbox 3047 2803 3419 2876; x_wconf 71' lang='grc' dir='ltr'><strong>κομιζόμενοι,</strong></span> <span class='ocrx_word' id='word_1_507' title='bbox 3470 2805 3577 2861; x_wconf 88' lang='grc' dir='ltr'><strong>τῶν</strong></span> 
     </span>
    </p>
   </div>
   <div class='ocr_carea' id='block_1_70' title="bbox 1994 2890 3580 2968">
    <p class='ocr_par' dir='ltr' id='par_1_70' title="bbox 1994 2890 3580 2968">
     <span class='ocr_line' id='line_1_70' title="bbox 1994 2890 3580 2968; baseline -0.001 -18"><span class='ocrx_word' id='word_1_508' title='bbox 1994 2894 2306 2964; x_wconf 82' lang='grc' dir='ltr'><strong>ἀναγκαίων</strong></span> <span class='ocrx_word' id='word_1_509' title='bbox 2338 2892 2482 2966; x_wconf 79' lang='grc' dir='ltr'><strong>εῐχον</strong></span> <span class='ocrx_word' id='word_1_510' title='bbox 2510 2897 2609 2968; x_wconf 78' lang='grc' dir='ltr'><strong>τὴν</strong></span> <span class='ocrx_word' id='word_1_511' title='bbox 2641 2894 2918 2966; x_wconf 82' lang='grc' dir='ltr'><strong>ἀφθονίαν·</strong></span> <span class='ocrx_word' id='word_1_512' title='bbox 2952 2896 3237 2968; x_wconf 80' lang='grc' dir='ltr'><strong>ἁρμόττων</strong></span> <span class='ocrx_word' id='word_1_513' title='bbox 3263 2895 3317 2949; x_wconf 85' lang='grc' dir='ltr'><strong>δὲ</strong></span> <span class='ocrx_word' id='word_1_514' title='bbox 3351 2896 3458 2966; x_wconf 80' lang='grc' dir='ltr'><strong>οὐχ</strong></span> <span class='ocrx_word' id='word_1_515' title='bbox 3486 2890 3580 2968; x_wconf 80' lang='grc' dir='ltr'><strong>ἦτ-</strong></span> 
     </span>
    </p>
   </div>
   <div class='ocr_carea' id='block_1_71' title="bbox 1993 2985 3582 3061">
    <p class='ocr_par' dir='ltr' id='par_1_71' title="bbox 1993 2985 3582 3061">
     <span class='ocr_line' id='line_1_71' title="bbox 1993 2985 3582 3061; baseline 0 -20"><span class='ocrx_word' id='word_1_516' title='bbox 1993 3004 2084 3041; x_wconf 92' lang='grc' dir='ltr'><strong>τον</strong></span> <span class='ocrx_word' id='word_1_517' title='bbox 2112 2985 2309 3058; x_wconf 83' lang='grc' dir='ltr'><strong>θρῆνος</strong></span> <span class='ocrx_word' id='word_1_518' title='bbox 2348 2988 2444 3041; x_wconf 71' lang='grc' dir='ltr'><strong>καὶ</strong></span> <span class='ocrx_word' id='word_1_519' title='bbox 2486 2991 2550 3058; x_wconf 82' lang='grc' dir='ltr'><strong>τῇ</strong></span> <span class='ocrx_word' id='word_1_520' title='bbox 2581 2990 2651 3061; x_wconf 73' lang='grc' dir='ltr'><strong>γῇ</strong></span> <span class='ocrx_word' id='word_1_521' title='bbox 2680 2988 2896 3042; x_wconf 85' lang='grc' dir='ltr'><strong>πάντων</strong></span> <span class='ocrx_word' id='word_1_522' title='bbox 2937 2988 3264 3061; x_wconf 72' lang='grc' dir='ltr'><strong>ἀφῃρημένη</strong></span> <span class='ocrx_word' id='word_1_523' title='bbox 3302 2987 3409 3040; x_wconf 89' lang='grc' dir='ltr'><strong>τῶν</strong></span> <span class='ocrx_word' id='word_1_524' title='bbox 3452 3003 3582 3058; x_wconf 81' lang='grc' dir='ltr'><strong>καρ-</strong></span> 
     </span>
    </p>
   </div>
   <div class='ocr_carea' id='block_1_72' title="bbox 1998 3078 3585 3152">
    <p class='ocr_par' dir='ltr' id='par_1_72' title="bbox 1998 3078 3585 3152">
     <span class='ocr_line' id='line_1_72' title="bbox 1998 3078 3585 3152; baseline 0.001 -20"><span class='ocrx_word' id='word_1_525' title='bbox 1998 3078 2135 3132; x_wconf 85' lang='grc' dir='ltr'><strong>πῶν·</strong></span> <span class='ocrx_word' id='word_1_526' title='bbox 2165 3079 2240 3143; x_wconf 86' lang='grc' dir='ltr'><strong>ὡς</strong></span> <span class='ocrx_word' id='word_1_527' title='bbox 2272 3079 2368 3132; x_wconf 69' lang='grc' dir='ltr'><strong>καὶ</strong></span> <span class='ocrx_word' id='word_1_528' title='bbox 2396 3082 2508 3142; x_wconf 86' lang='grc' dir='ltr'><strong>τοῖς</strong></span> <span class='ocrx_word' id='word_1_529' title='bbox 2532 3078 2840 3151; x_wconf 88' lang='grc' dir='ltr'><strong>γεωργοῦσι</strong></span> <span class='ocrx_word' id='word_1_530' title='bbox 2878 3080 2978 3152; x_wconf 81' lang='grc' dir='ltr'><strong>τὴν</strong></span> <span class='ocrx_word' id='word_1_531' title='bbox 3030 3080 3154 3151; x_wconf 80' lang='grc' dir='ltr'><strong>γῆν,</strong></span> <span class='ocrx_word' id='word_1_532' title='bbox 3189 3078 3462 3150; x_wconf 68' lang='grc' dir='ltr'><strong>αἰσχύνην</strong></span> <span class='ocrx_word' id='word_1_533' title='bbox 3505 3081 3585 3133; x_wconf 81' lang='grc' dir='ltr'><strong>ἐν·</strong></span> 
     </span>
    </p>
   </div>
   <div class='ocr_carea' id='block_1_73' title="bbox 1996 3170 3585 3243">
    <p class='ocr_par' dir='ltr' id='par_1_73' title="bbox 1996 3170 3585 3243">
     <span class='ocr_line' id='line_1_73' title="bbox 1996 3170 3585 3243; baseline -0.001 -20"><span class='ocrx_word' id='word_1_534' title='bbox 1996 3170 2188 3223; x_wconf 88' lang='grc' dir='ltr'><strong>τεῦθεν</strong></span> <span class='ocrx_word' id='word_1_535' title='bbox 2220 3170 2655 3243; x_wconf 83' lang='grc' dir='ltr'><strong>περιγίγνεσθαι,</strong></span> <span class='ocrx_word' id='word_1_536' title='bbox 2687 3172 2768 3224; x_wconf 82' lang='grc' dir='ltr'><strong>ὅτι</strong></span> <span class='ocrx_word' id='word_1_537' title='bbox 2796 3170 2859 3242; x_wconf 83' lang='grc' dir='ltr'><strong>δὴ</strong></span> <span class='ocrx_word' id='word_1_538' title='bbox 2881 3172 3222 3242; x_wconf 82' lang='grc' dir='ltr'><strong>πεπονήκασι</strong></span> <span class='ocrx_word' id='word_1_539' title='bbox 3252 3170 3459 3240; x_wconf 84' lang='grc' dir='ltr'><strong>μάτην·</strong></span> <span class='ocrx_word' id='word_1_540' title='bbox 3493 3170 3585 3223; x_wconf 71' lang='lat' dir='ltr'><strong>xei</strong></span> 
     </span>
    </p>
   </div>
   <div class='ocr_carea' id='block_1_74' title="bbox 1999 3260 3585 3334">
    <p class='ocr_par' dir='ltr' id='par_1_74' title="bbox 1999 3260 3585 3334">
     <span class='ocr_line' id='line_1_74' title="bbox 1999 3260 3585 3334; baseline 0 -20"><span class='ocrx_word' id='word_1_541' title='bbox 1999 3263 2132 3315; x_wconf 83' lang='grc' dir='ltr'><strong>πᾶσι</strong></span> <span class='ocrx_word' id='word_1_542' title='bbox 2154 3261 2209 3315; x_wconf 83' lang='grc' dir='ltr'><strong>δὲ</strong></span> <span class='ocrx_word' id='word_1_543' title='bbox 2238 3264 2349 3326; x_wconf 75' lang='grc' dir='ltr'><strong>τοῖς</strong></span> <span class='ocrx_word' id='word_1_544' title='bbox 2378 3263 2467 3315; x_wconf 76' lang='grc' dir='ltr'><strong>ἐπὶ</strong></span> <span class='ocrx_word' id='word_1_545' title='bbox 2490 3263 2588 3332; x_wconf 86' lang='grc' dir='ltr'><strong>τῆς</strong></span> <span class='ocrx_word' id='word_1_546' title='bbox 2617 3260 2797 3334; x_wconf 82' lang='grc' dir='ltr'><strong>χώρας</strong></span> <span class='ocrx_word' id='word_1_547' title='bbox 2819 3263 3088 3333; x_wconf 87' lang='grc' dir='ltr'><strong>κτήμασιν</strong></span> <span class='ocrx_word' id='word_1_548' title='bbox 3113 3261 3330 3333; x_wconf 84' lang='grc' dir='ltr'><strong>ὁμοίως,</strong></span> <span class='ocrx_word' id='word_1_549' title='bbox 3365 3261 3454 3316; x_wconf 81' lang='grc' dir='ltr'><strong>ὅτι</strong></span> <span class='ocrx_word' id='word_1_550' title='bbox 3484 3262 3585 3334; x_wconf 59' lang='grc' dir='ltr'><strong>μήέ</strong></span> 
     </span>
    </p>
   </div>
   <div class='ocr_carea' id='block_1_75' title="bbox 2000 3351 3579 3422">
    <p class='ocr_par' dir='ltr' id='par_1_75' title="bbox 2000 3351 3579 3422">
     <span class='ocr_line' id='line_1_75' title="bbox 2000 3351 3579 3422; baseline -0.003 -16"><span class='ocrx_word' id='word_1_551' title='bbox 2000 3367 2058 3406; x_wconf 81' lang='grc' dir='ltr'><strong>τε</strong></span> <span class='ocrx_word' id='word_1_552' title='bbox 2090 3353 2199 3406; x_wconf 90' lang='grc' dir='ltr'><strong>τῶν</strong></span> <span class='ocrx_word' id='word_1_553' title='bbox 2227 3352 2479 3422; x_wconf 67' lang='grc' dir='ltr'><strong>ἀπδ“γῆς</strong></span> <span class='ocrx_word' id='word_1_554' title='bbox 2520 3351 2877 3422; x_wconf 88' lang='grc' dir='ltr'><strong>γιγνομένων,</strong></span> <span class='ocrx_word' id='word_1_555' title='bbox 2916 3354 3053 3422; x_wconf 82' lang='grc' dir='ltr'><strong>μήτε</strong></span> <span class='ocrx_word' id='word_1_556' title='bbox 3099 3352 3177 3422; x_wconf 86' lang='lat' dir='ltr'><strong>(p.</strong></span> <span class='ocrx_word' id='word_1_557' title='bbox 3228 3351 3347 3420; x_wconf 70' lang='lat'><strong>109)</strong></span> <span class='ocrx_word' id='word_1_558' title='bbox 3382 3351 3494 3406; x_wconf 89' lang='grc' dir='ltr'><strong>τῶν</strong></span> <span class='ocrx_word' id='word_1_559' title='bbox 3524 3353 3579 3403; x_wconf 86' lang='grc' dir='ltr'><strong>ἐν</strong></span> 
     </span>
    </p>
   </div>
   <div class='ocr_carea' id='block_1_76' title="bbox 2003 3441 3581 3516">
    <p class='ocr_par' dir='ltr' id='par_1_76' title="bbox 2003 3441 3581 3516">
     <span class='ocr_line' id='line_1_76' title="bbox 2003 3441 3581 3516; baseline -0.002 -18"><span class='ocrx_word' id='word_1_560' title='bbox 2003 3443 2241 3516; x_wconf 86' lang='grc' dir='ltr'><strong>δένδρεσι</strong></span> <span class='ocrx_word' id='word_1_561' title='bbox 2269 3442 2598 3513; x_wconf 75' lang='grc' dir='ltr'><strong>τικτομένων</strong></span> <span class='ocrx_word' id='word_1_562' title='bbox 2627 3441 3076 3513; x_wconf 74' lang='grc' dir='ltr'><strong>είσκομιζὸμενόν</strong></span> <span class='ocrx_word' id='word_1_563' title='bbox 3110 3459 3163 3495; x_wconf 88' lang='grc' dir='ltr'><strong>τι</strong></span> <span class='ocrx_word' id='word_1_564' title='bbox 3197 3442 3337 3497; x_wconf 86' lang='grc' dir='ltr'><strong>κατά</strong></span> <span class='ocrx_word' id='word_1_565' title='bbox 3366 3441 3432 3496; x_wconf 80' lang='grc' dir='ltr'><strong>τὸ</strong></span> <span class='ocrx_word' id='word_1_566' title='bbox 3460 3444 3581 3496; x_wconf 77' lang='lat' dir='ltr'><strong>eim-</strong></span> 
     </span>
    </p>
   </div>
   <div class='ocr_carea' id='block_1_77' title="bbox 2006 3534 3582 3607">
    <p class='ocr_par' dir='ltr' id='par_1_77' title="bbox 2006 3534 3582 3607">
     <span class='ocr_line' id='line_1_77' title="bbox 2006 3534 3582 3607; baseline -0.002 -18"><span class='ocrx_word' id='word_1_567' title='bbox 2006 3535 2096 3599; x_wconf 75' lang='grc' dir='ltr'><strong>θδς</strong></span> <span class='ocrx_word' id='word_1_568' title='bbox 2127 3534 2350 3590; x_wconf 81' lang='grc' dir='ltr'><strong>δυνατὸν</strong></span> <span class='ocrx_word' id='word_1_569' title='bbox 2394 3534 2539 3589; x_wconf 89' lang='grc' dir='ltr'><strong>ίδεῖν.</strong></span> <span class='ocrx_word' id='word_1_570' title='bbox 2584 3552 2603 3586; x_wconf 76' lang='grc' dir='ltr'><strong>ι</strong></span> <span class='ocrx_word' id='word_1_571' title='bbox 2643 3535 2764 3587; x_wconf 83' lang='grc' dir='ltr'><strong>Ὀτι</strong></span> <span class='ocrx_word' id='word_1_572' title='bbox 2798 3535 3140 3607; x_wconf 79' lang='grc' dir='ltr'><strong>κατῄσχυναν</strong></span> <span class='ocrx_word' id='word_1_573' title='bbox 3176 3534 3348 3607; x_wconf 89' lang='grc' dir='ltr'><strong>χαράν</strong></span> <span class='ocrx_word' id='word_1_574' title='bbox 3398 3537 3449 3589; x_wconf 85' lang='grc' dir='ltr'><strong>οί</strong></span> <span class='ocrx_word' id='word_1_575' title='bbox 3481 3535 3582 3589; x_wconf 80' lang='grc' dir='ltr'><strong>υἱοὶ</strong></span> 
     </span>
    </p>
   </div>
   <div class='ocr_carea' id='block_1_78' title="bbox 2004 3622 3582 3697">
    <p class='ocr_par' dir='ltr' id='par_1_78' title="bbox 2004 3622 3582 3697">
     <span class='ocr_line' id='line_1_78' title="bbox 2004 3622 3582 3697; baseline 0.001 -21"><span class='ocrx_word' id='word_1_576' title='bbox 2004 3622 2112 3677; x_wconf 85' lang='grc' dir='ltr'><strong>τῶν</strong></span> <span class='ocrx_word' id='word_1_577' title='bbox 2164 3622 2483 3696; x_wconf 83' lang='grc' dir='ltr'><strong>ἀνθρώπων.</strong></span> <span class='ocrx_word' id='word_1_578' title='bbox 2524 3643 2542 3676; x_wconf 75' lang='grc' dir='ltr'><strong>ι</strong></span> <span class='ocrx_word' id='word_1_579' title='bbox 2601 3623 2714 3677; x_wconf 82' lang='grc' dir='ltr'><strong>Ἵνα</strong></span> <span class='ocrx_word' id='word_1_580' title='bbox 2767 3623 2897 3697; x_wconf 75' lang='grc' dir='ltr'><strong>εἴπῃ</strong></span> <span class='ocrx_word' id='word_1_581' title='bbox 2941 3626 3021 3678; x_wconf 88' lang='grc' dir='ltr'><strong>ὃτι</strong></span> <span class='ocrx_word' id='word_1_582' title='bbox 3071 3625 3258 3696; x_wconf 81' lang='grc' dir='ltr'><strong>μηδενὶ</strong></span> <span class='ocrx_word' id='word_1_583' title='bbox 3296 3626 3582 3696; x_wconf 80' lang='grc' dir='ltr'><strong>πρόσεστιν</strong></span> 
     </span>
    </p>
   </div>
   <div class='ocr_carea' id='block_1_79' title="bbox 2008 3715 3583 3787">
    <p class='ocr_par' dir='ltr' id='par_1_79' title="bbox 2008 3715 3583 3787">
     <span class='ocr_line' id='line_1_79' title="bbox 2008 3715 3583 3787; baseline -0.002 -16"><span class='ocrx_word' id='word_1_584' title='bbox 2008 3716 2232 3787; x_wconf 83' lang='grc' dir='ltr'><strong>ἀφορμὴ</strong></span> <span class='ocrx_word' id='word_1_585' title='bbox 2262 3715 2355 3770; x_wconf 90' lang='grc' dir='ltr'><strong>τοῦ</strong></span> <span class='ocrx_word' id='word_1_586' title='bbox 2379 3717 2611 3787; x_wconf 85' lang='grc' dir='ltr'><strong>χαίρειν,</strong></span> <span class='ocrx_word' id='word_1_587' title='bbox 2637 3717 3042 3786; x_wconf 77' lang='grc' dir='ltr'><strong>αἰσχυνομένοις</strong></span> <span class='ocrx_word' id='word_1_588' title='bbox 3065 3718 3113 3770; x_wconf 87' lang='grc' dir='ltr'><strong>εί</strong></span> <span class='ocrx_word' id='word_1_589' title='bbox 3139 3717 3213 3787; x_wconf 82' lang='grc' dir='ltr'><strong>μὴ</strong></span> <span class='ocrx_word' id='word_1_590' title='bbox 3234 3716 3481 3771; x_wconf 88' lang='grc' dir='ltr'><strong>πενθοῖεν</strong></span> <span class='ocrx_word' id='word_1_591' title='bbox 3496 3716 3583 3769; x_wconf 67' lang='grc' dir='ltr'><strong>ἐπὶ</strong></span> 
     </span>
    </p>
   </div>
   <div class='ocr_carea' id='block_1_80' title="bbox 2008 3807 3585 3879">
    <p class='ocr_par' dir='ltr' id='par_1_80' title="bbox 2008 3807 3585 3879">
     <span class='ocr_line' id='line_1_80' title="bbox 2008 3807 3585 3879; baseline -0.001 -18"><span class='ocrx_word' id='word_1_592' title='bbox 2008 3809 2280 3871; x_wconf 88' lang='grc' dir='ltr'><strong>τοσούτοις</strong></span> <span class='ocrx_word' id='word_1_593' title='bbox 2306 3807 2398 3862; x_wconf 75' lang='grc' dir='ltr'><strong>καὶ</strong></span> <span class='ocrx_word' id='word_1_594' title='bbox 2427 3807 2763 3879; x_wconf 83' lang='grc' dir='ltr'><strong>τηλικούτοις</strong></span> <span class='ocrx_word' id='word_1_595' title='bbox 2792 3810 3001 3871; x_wconf 86' lang='grc' dir='ltr'><strong>κακοῖς·</strong></span> <span class='ocrx_word' id='word_1_596' title='bbox 3026 3807 3114 3861; x_wconf 87' lang='grc' dir='ltr'><strong>διά</strong></span> <span class='ocrx_word' id='word_1_597' title='bbox 3141 3807 3356 3863; x_wconf 78' lang='grc' dir='ltr'><strong>πάντων</strong></span> <span class='ocrx_word' id='word_1_598' title='bbox 3386 3808 3451 3879; x_wconf 85' lang='grc' dir='ltr'><strong>δὴ</strong></span> <span class='ocrx_word' id='word_1_599' title='bbox 3469 3808 3585 3860; x_wconf 84' lang='grc' dir='ltr'><strong>τού-</strong></span> 
     </span>
    </p>
   </div>
   <div class='ocr_carea' id='block_1_81' title="bbox 2008 3897 3583 3971">
    <p class='ocr_par' dir='ltr' id='par_1_81' title="bbox 2008 3897 3583 3971">
     <span class='ocr_line' id='line_1_81' title="bbox 2008 3897 3583 3971; baseline -0.003 -17"><span class='ocrx_word' id='word_1_600' title='bbox 2008 3918 2117 3956; x_wconf 88' lang='grc' dir='ltr'><strong>των</strong></span> <span class='ocrx_word' id='word_1_601' title='bbox 2150 3900 2400 3971; x_wconf 63' lang='grc' dir='ltr'><strong>ἀκαρπία</strong></span> <span class='ocrx_word' id='word_1_602' title='bbox 2450 3899 2727 3971; x_wconf 78' lang='grc' dir='ltr'><strong>βαρυτάτῃ</strong></span> <span class='ocrx_word' id='word_1_603' title='bbox 2779 3898 3139 3969; x_wconf 82' lang='grc' dir='ltr'><strong>κατειλῆφθαι</strong></span> <span class='ocrx_word' id='word_1_604' title='bbox 3187 3898 3432 3953; x_wconf 88' lang='grc' dir='ltr'><strong>δείκνυσι</strong></span> <span class='ocrx_word' id='word_1_605' title='bbox 3478 3897 3583 3951; x_wconf 87' lang='grc' dir='ltr'><strong>τῶν</strong></span> 
     </span>
    </p>
   </div>
   <div class='ocr_carea' id='block_1_82' title="bbox 2034 3984 3582 4063">
    <p class='ocr_par' dir='ltr' id='par_1_82' title="bbox 2034 3984 3582 4063">
     <span class='ocr_line' id='line_1_82' title="bbox 2034 3984 3582 4063; baseline -0.003 -17"><span class='ocrx_word' id='word_1_606' title='bbox 2034 3989 2380 4063; x_wconf 84' lang='grc' dir='ltr'><strong>Ἰσραηλιτῶν</strong></span> <span class='ocrx_word' id='word_1_607' title='bbox 2411 3990 2510 4061; x_wconf 82' lang='grc' dir='ltr'><strong>τὴν</strong></span> <span class='ocrx_word' id='word_1_608' title='bbox 2541 3989 2744 4060; x_wconf 79' lang='grc' dir='ltr'><strong>χώραν,</strong></span> <span class='ocrx_word' id='word_1_609' title='bbox 2780 3989 2855 4052; x_wconf 83' lang='grc' dir='ltr'><strong>ὡς</strong></span> <span class='ocrx_word' id='word_1_610' title='bbox 2879 3984 3016 4044; x_wconf 88' lang='grc' dir='ltr'><strong>εἶναι</strong></span> <span class='ocrx_word' id='word_1_611' title='bbox 3045 3989 3264 4044; x_wconf 80' lang='grc' dir='ltr'><strong>διπλοῦν</strong></span> <span class='ocrx_word' id='word_1_612' title='bbox 3296 3988 3358 4044; x_wconf 57' lang='lat' dir='ltr'><strong>re</strong></span> <span class='ocrx_word' id='word_1_613' title='bbox 3396 3990 3582 4044; x_wconf 84' lang='grc' dir='ltr'><strong>κακόν·</strong></span> 
     </span>
    </p>
   </div>
   <div class='ocr_carea' id='block_1_83' title="bbox 334 4079 3585 4158">
    <p class='ocr_par' dir='ltr' id='par_1_83' title="bbox 334 4079 3585 4158">
     <span class='ocr_line' id='line_1_83' title="bbox 334 4079 3585 4158; baseline -0.001 -18"><span class='ocrx_word' id='word_1_614' title='bbox 334 4086 604 4155; x_wconf 82' lang='grc' dir='ltr'><strong>πολεμίων</strong></span> <span class='ocrx_word' id='word_1_615' title='bbox 624 4101 683 4138; x_wconf 86' lang='grc' dir='ltr'><strong>τε</strong></span> <span class='ocrx_word' id='word_1_616' title='bbox 711 4084 905 4147; x_wconf 74' lang='grc' dir='ltr'><strong>αὐτοὺς</strong></span> <span class='ocrx_word' id='word_1_617' title='bbox 931 4083 1275 4138; x_wconf 81' lang='grc' dir='ltr'><strong>διατιθέντων</strong></span> <span class='ocrx_word' id='word_1_618' title='bbox 1296 4083 1364 4138; x_wconf 80' lang='grc' dir='ltr'><strong>τὰ</strong></span> <span class='ocrx_word' id='word_1_619' title='bbox 1380 4085 1645 4155; x_wconf 80' lang='grc' dir='ltr'><strong>χείριστα,</strong></span> <span class='ocrx_word' id='word_1_620' title='bbox 1682 4087 1774 4139; x_wconf 73' lang='grc' dir='ltr'><strong>καὶ</strong></span> <span class='ocrx_word' id='word_1_621' title='bbox 1801 4088 1898 4157; x_wconf 84' lang='grc' dir='ltr'><strong>τῆς</strong></span> <span class='ocrx_word' id='word_1_622' title='bbox 1918 4087 2020 4158; x_wconf 76' lang='grc' dir='ltr'><strong>γῆς</strong></span> <span class='ocrx_word' id='word_1_623' title='bbox 2053 4088 2231 4141; x_wconf 80' lang='grc' dir='ltr'><strong>πᾶσαν</strong></span> <span class='ocrx_word' id='word_1_624' title='bbox 2260 4084 2643 4157; x_wconf 76' lang='grc' dir='ltr'><strong>ἀρνησαμένης</strong></span> <span class='ocrx_word' id='word_1_625' title='bbox 2673 4084 2781 4135; x_wconf 85' lang='grc' dir='ltr'><strong>τῶν</strong></span> <span class='ocrx_word' id='word_1_626' title='bbox 2808 4083 3036 4154; x_wconf 84' lang='grc' dir='ltr'><strong>καρπῶν</strong></span> <span class='ocrx_word' id='word_1_627' title='bbox 3065 4083 3162 4155; x_wconf 81' lang='grc' dir='ltr'><strong>τὴν</strong></span> <span class='ocrx_word' id='word_1_628' title='bbox 3194 4083 3383 4155; x_wconf 71' lang='grc' dir='ltr'><strong>φοράν.</strong></span> <span class='ocrx_word' id='word_1_629' title='bbox 3403 4084 3469 4136; x_wconf 93' lang='grc' dir='ltr'><strong>Τί</strong></span> <span class='ocrx_word' id='word_1_630' title='bbox 3495 4079 3585 4137; x_wconf 76' lang='grc' dir='ltr'><strong>οὖν</strong></span> 
     </span>
    </p>
   </div>
   <div class='ocr_carea' id='block_1_84' title="bbox 336 4175 702 4241">
    <p class='ocr_par' dir='ltr' id='par_1_84' title="bbox 336 4175 702 4241">
     <span class='ocr_line' id='line_1_84' title="bbox 336 4175 702 4241; baseline -0.005 -9"><span class='ocrx_word' id='word_1_631' title='bbox 336 4178 428 4232; x_wconf 73' lang='grc' dir='ltr'><strong>ἐπὶ</strong></span> <span class='ocrx_word' id='word_1_632' title='bbox 455 4175 664 4240; x_wconf 84' lang='grc' dir='ltr'><strong>τούτοις</strong></span> <span class='ocrx_word' id='word_1_633' title='bbox 686 4192 702 4241; x_wconf 86' lang='grc'><strong>;</strong></span> 
     </span>
    </p>
   </div>
   <div class='ocr_carea' id='block_1_85' title="bbox 410 4268 1912 4344">
    <p class='ocr_par' dir='ltr' id='par_1_85' title="bbox 410 4268 1912 4344">
     <span class='ocr_line' id='line_1_85' title="bbox 410 4268 1912 4344; baseline 0.001 -19"><span class='ocrx_word' id='word_1_634' title='bbox 410 4270 575 4327; x_wconf 72' lang='lat' dir='ltr'><strong>Vsus.</strong></span> <span class='ocrx_word' id='word_1_635' title='bbox 608 4268 786 4326; x_wconf 78' lang='lat' dir='ltr'><strong>l5-l6.</strong></span> <span class='ocrx_word' id='word_1_636' title='bbox 811 4299 882 4311; x_wconf 92' lang='lat'><strong><em>—</em></strong></span> <span class='ocrx_word' id='word_1_637' title='bbox 912 4289 933 4322; x_wconf 77' lang='grc' dir='ltr'><strong>ι</strong></span> <span class='ocrx_word' id='word_1_638' title='bbox 983 4271 1265 4342; x_wconf 81' lang='lat' dir='ltr'><strong>Accingite</strong></span> <span class='ocrx_word' id='word_1_639' title='bbox 1296 4286 1393 4328; x_wconf 86' lang='lat' dir='ltr'><strong>vos</strong></span> <span class='ocrx_word' id='word_1_640' title='bbox 1436 4280 1491 4328; x_wconf 89' lang='lat' dir='ltr'><strong>et</strong></span> <span class='ocrx_word' id='word_1_641' title='bbox 1525 4272 1784 4344; x_wconf 87' lang='lat' dir='ltr'><strong>plangite.</strong></span> <span class='ocrx_word' id='word_1_642' title='bbox 1818 4289 1912 4329; x_wconf 87' lang='lat' dir='ltr'><strong>sa-</strong></span> 
     </span>
    </p>
   </div>
   <div class='ocr_carea' id='block_1_86' title="bbox 338 4363 1914 4434">
    <p class='ocr_par' dir='ltr' id='par_1_86' title="bbox 338 4363 1914 4434">
     <span class='ocr_line' id='line_1_86' title="bbox 338 4363 1914 4434; baseline 0.001 -16"><span class='ocrx_word' id='word_1_643' title='bbox 338 4365 612 4426; x_wconf 84' lang='lat' dir='ltr'><strong>cerdotes,</strong></span> <span class='ocrx_word' id='word_1_644' title='bbox 659 4363 1055 4431; x_wconf 89' lang='lat' dir='ltr'><strong>lamentamini,</strong></span> <span class='ocrx_word' id='word_1_645' title='bbox 1105 4364 1200 4434; x_wconf 90' lang='lat' dir='ltr'><strong>qui</strong></span> <span class='ocrx_word' id='word_1_646' title='bbox 1249 4364 1574 4420; x_wconf 84' lang='lat' dir='ltr'><strong>ministratis</strong></span> <span class='ocrx_word' id='word_1_647' title='bbox 1610 4365 1791 4432; x_wconf 90' lang='lat' dir='ltr'><strong>altari,</strong></span> <span class='ocrx_word' id='word_1_648' title='bbox 1836 4365 1914 4419; x_wconf 88' lang='lat' dir='ltr'><strong>in-</strong></span> 
     </span>
    </p>
   </div>
   <div class='ocr_carea' id='block_1_87' title="bbox 336 4453 1915 4527">
    <p class='ocr_par' dir='ltr' id='par_1_87' title="bbox 336 4453 1915 4527">
     <span class='ocr_line' id='line_1_87' title="bbox 336 4453 1915 4527; baseline 0.004 -21"><span class='ocrx_word' id='word_1_649' title='bbox 336 4453 652 4527; x_wconf 85' lang='lat' dir='ltr'><strong>gredimini,</strong></span> <span class='ocrx_word' id='word_1_650' title='bbox 691 4453 928 4510; x_wconf 88' lang='lat' dir='ltr'><strong>dormite</strong></span> <span class='ocrx_word' id='word_1_651' title='bbox 964 4453 1016 4509; x_wconf 90' lang='lat' dir='ltr'><strong>in</strong></span> <span class='ocrx_word' id='word_1_652' title='bbox 1059 4455 1237 4511; x_wconf 89' lang='lat' dir='ltr'><strong>saccis</strong></span> <span class='ocrx_word' id='word_1_653' title='bbox 1296 4455 1425 4510; x_wconf 93' lang='lat' dir='ltr'><strong>dum</strong></span> <span class='ocrx_word' id='word_1_654' title='bbox 1459 4456 1512 4510; x_wconf 90' lang='lat' dir='ltr'><strong>in</strong></span> <span class='ocrx_word' id='word_1_655' title='bbox 1550 4454 1644 4511; x_wconf 88' lang='lat' dir='ltr'><strong>Dei</strong></span> <span class='ocrx_word' id='word_1_656' title='bbox 1676 4456 1915 4512; x_wconf 85' lang='lat' dir='ltr'><strong>ministe-</strong></span> 
     </span>
    </p>
   </div>
   <div class='ocr_carea' id='block_1_88' title="bbox 338 4545 1915 4615">
    <p class='ocr_par' dir='ltr' id='par_1_88' title="bbox 338 4545 1915 4615">
     <span class='ocr_line' id='line_1_88' title="bbox 338 4545 1915 4615; baseline 0.002 -14"><span class='ocrx_word' id='word_1_657' title='bbox 338 4546 422 4601; x_wconf 92' lang='lat' dir='ltr'><strong>rio</strong></span> <span class='ocrx_word' id='word_1_658' title='bbox 451 4545 771 4609; x_wconf 87' lang='lat' dir='ltr'><strong>versamini,</strong></span> <span class='ocrx_word' id='word_1_659' title='bbox 804 4545 932 4615; x_wconf 86' lang='lat' dir='ltr'><strong>quia</strong></span> <span class='ocrx_word' id='word_1_660' title='bbox 964 4546 1198 4601; x_wconf 89' lang='lat' dir='ltr'><strong>recessit</strong></span> <span class='ocrx_word' id='word_1_661' title='bbox 1232 4560 1263 4600; x_wconf 90' lang='lat' dir='ltr'><strong>a</strong></span> <span class='ocrx_word' id='word_1_662' title='bbox 1294 4545 1457 4603; x_wconf 89' lang='lat' dir='ltr'><strong>domo</strong></span> <span class='ocrx_word' id='word_1_663' title='bbox 1488 4545 1583 4602; x_wconf 89' lang='lat' dir='ltr'><strong>Dei</strong></span> <span class='ocrx_word' id='word_1_664' title='bbox 1623 4548 1791 4604; x_wconf 84' lang='lat' dir='ltr'><strong>vestri</strong></span> <span class='ocrx_word' id='word_1_665' title='bbox 1833 4563 1915 4604; x_wconf 83' lang='lat' dir='ltr'><strong>sa-</strong></span> 
     </span>
    </p>
   </div>
   <div class='ocr_carea' id='block_1_89' title="bbox 2081 4264 3584 4341">
    <p class='ocr_par' dir='ltr' id='par_1_89' title="bbox 2081 4264 3584 4341">
     <span class='ocr_line' id='line_1_89' title="bbox 2081 4264 3584 4341; baseline -0.004 -18"><span class='ocrx_word' id='word_1_666' title='bbox 2081 4270 2227 4341; x_wconf 88' lang='grc' dir='ltr'><strong>Στίχ.</strong></span> <span class='ocrx_word' id='word_1_667' title='bbox 2264 4273 2462 4336; x_wconf 79' lang='grc' dir='ltr'><strong>ιγ’-ις’.</strong></span> <span class='ocrx_word' id='word_1_668' title='bbox 2493 4295 2563 4307; x_wconf 83' lang='grc'><strong><em>-</em></strong></span> <span class='ocrx_word' id='word_1_669' title='bbox 2606 4284 2625 4317; x_wconf 83' lang='grc' dir='ltr'><strong>ι</strong></span> <span class='ocrx_word' id='word_1_670' title='bbox 2660 4264 3044 4337; x_wconf 79' lang='grc' dir='ltr'><strong>Περιζώσασθε</strong></span> <span class='ocrx_word' id='word_1_671' title='bbox 3076 4267 3168 4319; x_wconf 64' lang='grc' dir='ltr'><strong>καὶ⁵</strong></span> <span class='ocrx_word' id='word_1_672' title='bbox 3208 4264 3494 4323; x_wconf 77' lang='grc' dir='ltr'><strong>κόπτεσθε,</strong></span> <span class='ocrx_word' id='word_1_673' title='bbox 3536 4266 3584 4317; x_wconf 86' lang='grc' dir='ltr'><strong>οἱ</strong></span> 
     </span>
    </p>
   </div>
   <div class='ocr_carea' id='block_1_90' title="bbox 2014 4355 3587 4435">
    <p class='ocr_par' dir='ltr' id='par_1_90' title="bbox 2014 4355 3587 4435">
     <span class='ocr_line' id='line_1_90' title="bbox 2014 4355 3587 4435; baseline -0.004 -19"><span class='ocrx_word' id='word_1_674' title='bbox 2014 4365 2200 4435; x_wconf 80' lang='grc' dir='ltr'><strong>ἱερεῖς,</strong></span> <span class='ocrx_word' id='word_1_675' title='bbox 2225 4361 2469 4432; x_wconf 84' lang='grc' dir='ltr'><strong>θρηνεῖτε</strong></span> <span class='ocrx_word' id='word_1_676' title='bbox 2485 4359 2533 4410; x_wconf 82' lang='grc' dir='ltr'>οἱ</span> <span class='ocrx_word' id='word_1_677' title='bbox 2553 4356 2991 4428; x_wconf 81' lang='grc' dir='ltr'><strong>λειτουργοῦντες</strong></span> <span class='ocrx_word' id='word_1_678' title='bbox 3008 4356 3401 4428; x_wconf 85' lang='grc' dir='ltr'><strong>θυσιαστηρίῳ,</strong></span> <span class='ocrx_word' id='word_1_679' title='bbox 3419 4355 3587 4410; x_wconf 83' lang='grc' dir='ltr'><strong>είσέλ-</strong></span> 
     </span>
    </p>
   </div>
   <div class='ocr_carea' id='block_1_91' title="bbox 2012 4446 3585 4520">
    <p class='ocr_par' dir='ltr' id='par_1_91' title="bbox 2012 4446 3585 4520">
     <span class='ocr_line' id='line_1_91' title="bbox 2012 4446 3585 4520; baseline -0.006 -12"><span class='ocrx_word' id='word_1_680' title='bbox 2012 4454 2132 4508; x_wconf 90' lang='grc' dir='ltr'><strong>θετε</strong></span> <span class='ocrx_word' id='word_1_681' title='bbox 2150 4493 2164 4517; x_wconf 86' lang='grc'><strong>,</strong></span> <span class='ocrx_word' id='word_1_682' title='bbox 2189 4448 2472 4506; x_wconf 81' lang='grc' dir='ltr'><strong>ὑπνώσατε</strong></span> <span class='ocrx_word' id='word_1_683' title='bbox 2510 4451 2569 4502; x_wconf 84' lang='grc' dir='ltr'><strong>ἐν</strong></span> <span class='ocrx_word' id='word_1_684' title='bbox 2612 4448 2833 4512; x_wconf 82' lang='grc' dir='ltr'><strong>σάκκοις</strong></span> <span class='ocrx_word' id='word_1_685' title='bbox 2864 4446 3302 4520; x_wconf 80' lang='grc' dir='ltr'><strong>λειτουργοῦντες</strong></span> <span class='ocrx_word' id='word_1_686' title='bbox 3327 4448 3478 4518; x_wconf 81' lang='grc' dir='ltr'><strong>Θεῷ·</strong></span> <span class='ocrx_word' id='word_1_687' title='bbox 3508 4448 3585 4500; x_wconf 82' lang='grc' dir='ltr'><strong>ὅτι</strong></span> 
     </span>
    </p>
   </div>
   <div class='ocr_carea' id='block_1_92' title="bbox 2011 4536 3587 4615">
    <p class='ocr_par' dir='ltr' id='par_1_92' title="bbox 2011 4536 3587 4615">
     <span class='ocr_line' id='line_1_92' title="bbox 2011 4536 3587 4615; baseline -0.004 -16"><span class='ocrx_word' id='word_1_688' title='bbox 2011 4544 2320 4615; x_wconf 84' lang='grc' dir='ltr'><strong>ἀπέσχηκεν</strong></span> <span class='ocrx_word' id='word_1_689' title='bbox 2336 4541 2396 4606; x_wconf 80' lang='grc' dir='ltr'><strong>ἐξ</strong></span> <span class='ocrx_word' id='word_1_690' title='bbox 2412 4541 2560 4595; x_wconf 89' lang='grc' dir='ltr'><strong>οίκου</strong></span> <span class='ocrx_word' id='word_1_691' title='bbox 2576 4539 2709 4594; x_wconf 90' lang='grc' dir='ltr'><strong>Θεοῦ</strong></span> <span class='ocrx_word' id='word_1_692' title='bbox 2727 4540 2757 4594; x_wconf 80' lang='grc' dir='ltr'>ὑ</span> <span class='ocrx_word' id='word_1_693' title='bbox 2765 4540 2878 4611; x_wconf 89' lang='grc' dir='ltr'><strong>μῶν</strong></span> <span class='ocrx_word' id='word_1_694' title='bbox 2895 4540 3054 4595; x_wconf 87' lang='grc' dir='ltr'><strong>θυσία</strong></span> <span class='ocrx_word' id='word_1_695' title='bbox 3071 4540 3168 4595; x_wconf 76' lang='grc' dir='ltr'><strong>καὶ</strong></span> <span class='ocrx_word' id='word_1_696' title='bbox 3179 4541 3398 4613; x_wconf 87' lang='grc' dir='ltr'><strong>σπονδή.</strong></span> <span class='ocrx_word' id='word_1_697' title='bbox 3424 4561 3441 4593; x_wconf 76' lang='lat' dir='ltr'><strong>i</strong></span> <span class='ocrx_word' id='word_1_698' title='bbox 3477 4536 3587 4606; x_wconf 77' lang='grc' dir='ltr'><strong>Ἐφ’</strong></span> 
     </span>
    </p>
   </div>
   <div class='ocr_carea' id='block_1_93' title="bbox 336 4632 1899 4728">
    <p class='ocr_par' dir='ltr' id='par_1_93' title="bbox 336 4636 1899 4710">
     <span class='ocr_line' id='line_1_93' title="bbox 336 4636 1899 4710; baseline 0.001 -16"><span class='ocrx_word' id='word_1_699' title='bbox 336 4637 607 4694; x_wconf 86' lang='lat' dir='ltr'><strong>criﬂcium</strong></span> <span class='ocrx_word' id='word_1_700' title='bbox 638 4648 691 4692; x_wconf 89' lang='lat' dir='ltr'><strong>et</strong></span> <span class='ocrx_word' id='word_1_701' title='bbox 711 4636 925 4691; x_wconf 89' lang='lat' dir='ltr'><strong>libatio.</strong></span> <span class='ocrx_word' id='word_1_702' title='bbox 968 4656 987 4689; x_wconf 73' lang='grc' dir='ltr'><strong>ι</strong></span> <span class='ocrx_word' id='word_1_703' title='bbox 1020 4636 1136 4693; x_wconf 73' lang='grc' dir='ltr'><strong>Ριιω</strong></span> <span class='ocrx_word' id='word_1_704' title='bbox 1162 4638 1417 4694; x_wconf 87' lang='lat' dir='ltr'><strong>omnibus</strong></span> <span class='ocrx_word' id='word_1_705' title='bbox 1446 4638 1602 4694; x_wconf 89' lang='lat' dir='ltr'><strong>decet</strong></span> <span class='ocrx_word' id='word_1_706' title='bbox 1626 4654 1723 4695; x_wconf 84' lang='lat' dir='ltr'><strong>vos</strong></span> <span class='ocrx_word' id='word_1_707' title='bbox 1745 4640 1899 4710; x_wconf 74' lang='lat' dir='ltr'><strong>potis</strong></span> 
     </span>
    </p>
   </div>
   <div class='ocr_carea' id='block_1_94' title="bbox 2000 4632 3644 4728">
    <p class='ocr_par' dir='ltr' id='par_1_94' title="bbox 2015 4632 3644 4706">
     <span class='ocr_line' id='line_1_94' title="bbox 2015 4632 3644 4706; baseline -0.003 -17"><span class='ocrx_word' id='word_1_708' title='bbox 2015 4637 2186 4689; x_wconf 82' lang='grc' dir='ltr'><strong>ἆπασι</strong></span> <span class='ocrx_word' id='word_1_709' title='bbox 2206 4636 2263 4689; x_wconf 81' lang='grc' dir='ltr'><strong>δέ</strong></span> <span class='ocrx_word' id='word_1_710' title='bbox 2283 4634 2515 4706; x_wconf 82' lang='grc' dir='ltr'><strong>μάλιστα</strong></span> <span class='ocrx_word' id='word_1_711' title='bbox 2549 4634 2756 4705; x_wconf 79' lang='grc' dir='ltr'><strong>πρέπον</strong></span> <span class='ocrx_word' id='word_1_712' title='bbox 2782 4633 2910 4705; x_wconf 82' lang='grc' dir='ltr'><strong>ὑμῖν</strong></span> <span class='ocrx_word' id='word_1_713' title='bbox 2935 4635 3048 4698; x_wconf 86' lang='grc' dir='ltr'><strong>τοίς</strong></span> <span class='ocrx_word' id='word_1_714' title='bbox 3070 4636 3150 4697; x_wconf 84' lang='grc' dir='ltr'><strong>είς</strong></span> <span class='ocrx_word' id='word_1_715' title='bbox 3178 4633 3276 4705; x_wconf 80' lang='grc' dir='ltr'><strong>τὴν</strong></span> <span class='ocrx_word' id='word_1_716' title='bbox 3295 4632 3588 4705; x_wconf 78' lang='grc' dir='ltr'><strong>ἱερωσύνην</strong></span> <span class='ocrx_word' id='word_1_717' title='bbox 3636 4661 3644 4667; x_wconf 89' lang='grc'><strong>-</strong></span> 
     </span>
    </p>
   </div>
   <div class='ocr_carea' id='block_1_95' title="bbox 335 4726 1913 4799">
    <p class='ocr_par' dir='ltr' id='par_1_95' title="bbox 335 4726 1913 4799">
     <span class='ocr_line' id='line_1_95' title="bbox 335 4726 1913 4799; baseline 0 -14"><span class='ocrx_word' id='word_1_718' title='bbox 335 4730 559 4790; x_wconf 85' lang='lat' dir='ltr'><strong>simum.</strong></span> <span class='ocrx_word' id='word_1_719' title='bbox 585 4726 895 4783; x_wconf 89' lang='lat' dir='ltr'><strong>sacerdotio</strong></span> <span class='ocrx_word' id='word_1_720' title='bbox 919 4727 1070 4799; x_wconf 87' lang='lat' dir='ltr'><strong>fungi</strong></span> <span class='ocrx_word' id='word_1_721' title='bbox 1102 4729 1352 4794; x_wconf 88' lang='lat' dir='ltr'><strong>sortitos,</strong></span> <span class='ocrx_word' id='word_1_722' title='bbox 1387 4742 1550 4784; x_wconf 86' lang='lat' dir='ltr'><strong>sacco</strong></span> <span class='ocrx_word' id='word_1_723' title='bbox 1576 4730 1793 4795; x_wconf 88' lang='lat' dir='ltr'><strong>vestiri,</strong></span> <span class='ocrx_word' id='word_1_724' title='bbox 1822 4745 1913 4785; x_wconf 88' lang='lat' dir='ltr'><strong>ne-</strong></span> 
     </span>
    </p>
   </div>
   <div class='ocr_carea' id='block_1_96' title="bbox 336 4818 1911 4893">
    <p class='ocr_par' dir='ltr' id='par_1_96' title="bbox 336 4818 1911 4893">
     <span class='ocr_line' id='line_1_96' title="bbox 336 4818 1911 4893; baseline 0 -18"><span class='ocrx_word' id='word_1_725' title='bbox 336 4837 448 4893; x_wconf 84' lang='lat' dir='ltr'><strong>que</strong></span> <span class='ocrx_word' id='word_1_726' title='bbox 475 4822 528 4876; x_wconf 90' lang='lat' dir='ltr'><strong>id</strong></span> <span class='ocrx_word' id='word_1_727' title='bbox 557 4833 802 4891; x_wconf 85' lang='lat' dir='ltr'><strong>unquam</strong></span> <span class='ocrx_word' id='word_1_728' title='bbox 838 4818 1136 4889; x_wconf 89' lang='lat' dir='ltr'><strong>deponere,</strong></span> <span class='ocrx_word' id='word_1_729' title='bbox 1167 4820 1280 4876; x_wconf 90' lang='lat' dir='ltr'><strong>sive</strong></span> <span class='ocrx_word' id='word_1_730' title='bbox 1324 4820 1555 4883; x_wconf 87' lang='lat' dir='ltr'><strong>cuhetis,</strong></span> <span class='ocrx_word' id='word_1_731' title='bbox 1593 4820 1710 4876; x_wconf 90' lang='lat' dir='ltr'><strong>sive</strong></span> <span class='ocrx_word' id='word_1_732' title='bbox 1745 4823 1911 4877; x_wconf 89' lang='lat' dir='ltr'><strong>etiam</strong></span> 
     </span>
    </p>
   </div>
   <div class='ocr_carea' id='block_1_97' title="bbox 334 4907 1916 4981">
    <p class='ocr_par' dir='ltr' id='par_1_97' title="bbox 334 4907 1916 4981">
     <span class='ocr_line' id='line_1_97' title="bbox 334 4907 1916 4981; baseline -0.001 -14"><span class='ocrx_word' id='word_1_733' title='bbox 334 4927 452 4968; x_wconf 87' lang='lat' dir='ltr'><strong>rem</strong></span> <span class='ocrx_word' id='word_1_734' title='bbox 480 4926 693 4967; x_wconf 79' lang='lat' dir='ltr'><strong>sacram</strong></span> <span class='ocrx_word' id='word_1_735' title='bbox 726 4909 1032 4981; x_wconf 88' lang='lat' dir='ltr'><strong>peragatis;</strong></span> <span class='ocrx_word' id='word_1_736' title='bbox 1075 4907 1169 4963; x_wconf 87' lang='lat' dir='ltr'><strong>sed</strong></span> <span class='ocrx_word' id='word_1_737' title='bbox 1200 4909 1495 4980; x_wconf 83' lang='lat' dir='ltr'><strong>gemitibus</strong></span> <span class='ocrx_word' id='word_1_738' title='bbox 1526 4911 1805 4981; x_wconf 90' lang='lat' dir='ltr'><strong>luctuique</strong></span> <span class='ocrx_word' id='word_1_739' title='bbox 1835 4911 1916 4965; x_wconf 84' lang='lat' dir='ltr'><strong>in-</strong></span> 
     </span>
    </p>
   </div>
   <div class='ocr_carea' id='block_1_98' title="bbox 337 4999 1917 5075">
    <p class='ocr_par' dir='ltr' id='par_1_98' title="bbox 337 4999 1917 5075">
     <span class='ocr_line' id='line_1_98' title="bbox 337 4999 1917 5075; baseline -0.002 -16"><span class='ocrx_word' id='word_1_740' title='bbox 337 5003 600 5074; x_wconf 86' lang='lat' dir='ltr'><strong>dulgere;</strong></span> <span class='ocrx_word' id='word_1_741' title='bbox 644 5012 938 5075; x_wconf 84' lang='lat' dir='ltr'><strong>propterea</strong></span> <span class='ocrx_word' id='word_1_742' title='bbox 962 5000 1109 5071; x_wconf 91' lang='lat' dir='ltr'><strong>quod</strong></span> <span class='ocrx_word' id='word_1_743' title='bbox 1139 5001 1233 5071; x_wconf 91' lang='lat' dir='ltr'><strong>qui</strong></span> <span class='ocrx_word' id='word_1_744' title='bbox 1262 5002 1368 5056; x_wconf 89' lang='lat' dir='ltr'><strong>rite</strong></span> <span class='ocrx_word' id='word_1_745' title='bbox 1404 4999 1514 5056; x_wconf 89' lang='lat' dir='ltr'><strong>Deo</strong></span> <span class='ocrx_word' id='word_1_746' title='bbox 1555 5001 1917 5056; x_wconf 83' lang='lat' dir='ltr'><strong>exhibebatur</strong></span> 
     </span>
    </p>
   </div>
   <div class='ocr_carea' id='block_1_99' title="bbox 338 5090 1911 5161">
    <p class='ocr_par' dir='ltr' id='par_1_99' title="bbox 338 5090 1911 5161">
     <span class='ocr_line' id='line_1_99' title="bbox 338 5090 1911 5161; baseline -0.005 -8"><span class='ocrx_word' id='word_1_747' title='bbox 338 5096 524 5153; x_wconf 84' lang='lat' dir='ltr'><strong>cultus</strong></span> <span class='ocrx_word' id='word_1_748' title='bbox 553 5094 778 5151; x_wconf 89' lang='lat' dir='ltr'><strong>omnino</strong></span> <span class='ocrx_word' id='word_1_749' title='bbox 812 5093 1090 5149; x_wconf 87' lang='lat' dir='ltr'><strong>desiverit.</strong></span> <span class='ocrx_word' id='word_1_750' title='bbox 1127 5110 1149 5145; x_wconf 78' lang='grc' dir='ltr'><strong>ι</strong></span> <span class='ocrx_word' id='word_1_751' title='bbox 1190 5090 1539 5147; x_wconf 76' lang='lat' dir='ltr'><strong>Sanctiﬁcate</strong></span> <span class='ocrx_word' id='word_1_752' title='bbox 1561 5092 1852 5161; x_wconf 88' lang='lat' dir='ltr'><strong>jejunium.</strong></span> <span class='ocrx_word' id='word_1_753' title='bbox 1891 5112 1911 5145; x_wconf 72' lang='grc' dir='ltr'><strong>ι</strong></span> 
     </span>
    </p>
   </div>
   <div class='ocr_carea' id='block_1_100' title="bbox 340 5182 1913 5253">
    <p class='ocr_par' dir='ltr' id='par_1_100' title="bbox 340 5182 1913 5253">
     <span class='ocr_line' id='line_1_100' title="bbox 340 5182 1913 5253; baseline -0.002 -13"><span class='ocrx_word' id='word_1_754' title='bbox 340 5185 614 5252; x_wconf 77' lang='lat' dir='ltr'><strong>Quoniam</strong></span> <span class='ocrx_word' id='word_1_755' title='bbox 660 5194 909 5243; x_wconf 87' lang='lat' dir='ltr'><strong>sanctum</strong></span> <span class='ocrx_word' id='word_1_756' title='bbox 955 5183 1179 5248; x_wconf 88' lang='lat' dir='ltr'><strong>dicitur,</strong></span> <span class='ocrx_word' id='word_1_757' title='bbox 1211 5182 1477 5253; x_wconf 90' lang='lat' dir='ltr'><strong>quidquid</strong></span> <span class='ocrx_word' id='word_1_758' title='bbox 1524 5190 1608 5238; x_wconf 88' lang='lat' dir='ltr'><strong>est</strong></span> <span class='ocrx_word' id='word_1_759' title='bbox 1651 5184 1913 5240; x_wconf 90' lang='lat' dir='ltr'><strong>selectum</strong></span> 
     </span>
    </p>
   </div>
   <div class='ocr_carea' id='block_1_101' title="bbox 339 5272 1917 5348">
    <p class='ocr_par' dir='ltr' id='par_1_101' title="bbox 339 5272 1917 5348">
     <span class='ocr_line' id='line_1_101' title="bbox 339 5272 1917 5348; baseline -0.004 -13"><span class='ocrx_word' id='word_1_760' title='bbox 339 5285 398 5335; x_wconf 84' lang='lat' dir='ltr'><strong>et</strong></span> <span class='ocrx_word' id='word_1_761' title='bbox 422 5293 452 5330; x_wconf 85' lang='lat' dir='ltr'><strong>a</strong></span> <span class='ocrx_word' id='word_1_762' title='bbox 479 5276 827 5333; x_wconf 88' lang='lat' dir='ltr'><strong>multitudine</strong></span> <span class='ocrx_word' id='word_1_763' title='bbox 859 5285 1192 5348; x_wconf 87' lang='lat' dir='ltr'><strong>separatum,</strong></span> <span class='ocrx_word' id='word_1_764' title='bbox 1218 5277 1341 5331; x_wconf 87' lang='lat' dir='ltr'><strong>ideo</strong></span> <span class='ocrx_word' id='word_1_765' title='bbox 1383 5292 1403 5327; x_wconf 78' lang='grc' dir='ltr'><strong>ι</strong></span> <span class='ocrx_word' id='word_1_766' title='bbox 1427 5272 1778 5331; x_wconf 81' lang='lat' dir='ltr'><strong>Sanctificate</strong></span> <span class='ocrx_word' id='word_1_767' title='bbox 1812 5276 1917 5346; x_wconf 77' lang='lat'><strong><em>73</em></strong></span> 
     </span>
    </p>
   </div>
   <div class='ocr_carea' id='block_1_102' title="bbox 338 5365 1922 5439">
    <p class='ocr_par' dir='ltr' id='par_1_102' title="bbox 338 5365 1922 5439">
     <span class='ocr_line' id='line_1_102' title="bbox 338 5365 1922 5439; baseline -0.002 -15"><span class='ocrx_word' id='word_1_768' title='bbox 338 5367 611 5439; x_wconf 70' lang='lat' dir='ltr'><strong>jejunium</strong></span> <span class='ocrx_word' id='word_1_769' title='bbox 639 5384 660 5417; x_wconf 74' lang='grc' dir='ltr'><strong>ι</strong></span> <span class='ocrx_word' id='word_1_770' title='bbox 683 5367 839 5432; x_wconf 88' lang='lat' dir='ltr'><strong>dicit,</strong></span> <span class='ocrx_word' id='word_1_771' title='bbox 872 5368 927 5421; x_wconf 90' lang='lat' dir='ltr'><strong>id</strong></span> <span class='ocrx_word' id='word_1_772' title='bbox 953 5375 1040 5423; x_wconf 83' lang='lat' dir='ltr'><strong>est</strong></span> <span class='ocrx_word' id='word_1_773' title='bbox 1061 5370 1128 5422; x_wconf 87' lang='lat' dir='ltr'><strong>ad</strong></span> <span class='ocrx_word' id='word_1_774' title='bbox 1149 5368 1253 5422; x_wconf 81' lang='lat' dir='ltr'><strong>hoc</strong></span> <span class='ocrx_word' id='word_1_775' title='bbox 1279 5381 1378 5422; x_wconf 91' lang='lat' dir='ltr'><strong>vos</strong></span> <span class='ocrx_word' id='word_1_776' title='bbox 1406 5374 1739 5436; x_wconf 89' lang='lat' dir='ltr'><strong>comparate,</strong></span> <span class='ocrx_word' id='word_1_777' title='bbox 1759 5365 1922 5421; x_wconf 87' lang='lat' dir='ltr'><strong>omis-</strong></span> 
     </span>
    </p>
   </div>
   <div class='ocr_carea' id='block_1_103' title="bbox 344 5456 1921 5528">
    <p class='ocr_par' dir='ltr' id='par_1_103' title="bbox 344 5456 1921 5528">
     <span class='ocr_line' id='line_1_103' title="bbox 344 5456 1921 5528; baseline -0.003 -16"><span class='ocrx_word' id='word_1_778' title='bbox 344 5461 535 5528; x_wconf 75' lang='lat' dir='ltr'><strong>sisque</strong></span> <span class='ocrx_word' id='word_1_779' title='bbox 555 5456 813 5511; x_wconf 88' lang='lat' dir='ltr'><strong>omnibus</strong></span> <span class='ocrx_word' id='word_1_780' title='bbox 848 5465 901 5510; x_wconf 89' lang='lat' dir='ltr'><strong>et</strong></span> <span class='ocrx_word' id='word_1_781' title='bbox 926 5472 1153 5526; x_wconf 85' lang='lat' dir='ltr'><strong>prorsus</strong></span> <span class='ocrx_word' id='word_1_782' title='bbox 1192 5457 1449 5526; x_wconf 75' lang='lat' dir='ltr'><strong>sejuncti.</strong></span> <span class='ocrx_word' id='word_1_783' title='bbox 1488 5456 1672 5512; x_wconf 89' lang='lat' dir='ltr'><strong>dedite</strong></span> <span class='ocrx_word' id='word_1_784' title='bbox 1712 5471 1809 5511; x_wconf 81' lang='lat' dir='ltr'><strong>vos</strong></span> <span class='ocrx_word' id='word_1_785' title='bbox 1857 5469 1921 5509; x_wconf 89' lang='lat' dir='ltr'><strong>ac</strong></span> 
     </span>
    </p>
   </div>
   <div class='ocr_carea' id='block_1_104' title="bbox 343 5546 1918 5620">
    <p class='ocr_par' dir='ltr' id='par_1_104' title="bbox 343 5546 1918 5620">
     <span class='ocr_line' id='line_1_104' title="bbox 343 5546 1918 5620; baseline -0.004 -13"><span class='ocrx_word' id='word_1_786' title='bbox 343 5548 621 5620; x_wconf 78' lang='lat' dir='ltr'><strong>disponite</strong></span> <span class='ocrx_word' id='word_1_787' title='bbox 680 5546 749 5602; x_wconf 84' lang='lat' dir='ltr'><strong>ad</strong></span> <span class='ocrx_word' id='word_1_788' title='bbox 802 5547 998 5617; x_wconf 84' lang='lat' dir='ltr'><strong>jejunii</strong></span> <span class='ocrx_word' id='word_1_789' title='bbox 1062 5549 1483 5604; x_wconf 85' lang='lat' dir='ltr'><strong>observantiam.</strong></span> <span class='ocrx_word' id='word_1_790' title='bbox 1543 5567 1564 5599; x_wconf 77' lang='grc' dir='ltr'><strong>ι</strong></span> <span class='ocrx_word' id='word_1_791' title='bbox 1615 5546 1918 5601; x_wconf 65' lang='grc' dir='ltr'><strong>Ρτκῠίοεῑο</strong></span> 
     </span>
    </p>
   </div>
   <div class='ocr_carea' id='block_1_105' title="bbox 347 5640 1919 5709">
    <p class='ocr_par' dir='ltr' id='par_1_105' title="bbox 347 5640 1919 5709">
     <span class='ocr_line' id='line_1_105' title="bbox 347 5640 1919 5709; baseline -0.003 -12"><span class='ocrx_word' id='word_1_792' title='bbox 347 5645 531 5701; x_wconf 75' lang='lat' dir='ltr'><strong>cultus</strong></span> <span class='ocrx_word' id='word_1_793' title='bbox 583 5640 839 5698; x_wconf 66' lang='lat' dir='ltr'><strong>udicium.</strong></span> <span class='ocrx_word' id='word_1_794' title='bbox 897 5658 915 5691; x_wconf 68' lang='grc' dir='ltr'><strong>ι</strong></span> <span class='ocrx_word' id='word_1_795' title='bbox 972 5640 1199 5696; x_wconf 84' lang='lat' dir='ltr'><strong>lndicite</strong></span> <span class='ocrx_word' id='word_1_796' title='bbox 1234 5642 1509 5709; x_wconf 86' lang='lat' dir='ltr'><strong>omnibus,</strong></span> <span class='ocrx_word' id='word_1_797' title='bbox 1558 5650 1616 5695; x_wconf 90' lang='lat' dir='ltr'><strong>ut</strong></span> <span class='ocrx_word' id='word_1_798' title='bbox 1665 5642 1919 5695; x_wconf 79' lang='lat' dir='ltr'><strong>humanis</strong></span> 
     </span>
    </p>
   </div>
   <div class='ocr_carea' id='block_1_106' title="bbox 2015 4723 3587 4799">
    <p class='ocr_par' dir='ltr' id='par_1_106' title="bbox 2015 4723 3587 4799">
     <span class='ocr_line' id='line_1_106' title="bbox 2015 4723 3587 4799; baseline -0.004 -19"><span class='ocrx_word' id='word_1_799' title='bbox 2015 4725 2286 4797; x_wconf 73' lang='grc' dir='ltr'><strong>προϐεϐλη</strong></span> <span class='ocrx_word' id='word_1_800' title='bbox 2296 4726 2476 4797; x_wconf 84' lang='grc' dir='ltr'><strong>μένοις</strong></span> <span class='ocrx_word' id='word_1_801' title='bbox 2496 4724 2807 4799; x_wconf 83' lang='grc' dir='ltr'><strong>περιθέσθαι</strong></span> <span class='ocrx_word' id='word_1_802' title='bbox 2828 4724 2926 4795; x_wconf 78' lang='grc' dir='ltr'><strong>μὲν</strong></span> <span class='ocrx_word' id='word_1_803' title='bbox 2945 4726 3167 4784; x_wconf 82' lang='grc' dir='ltr'><strong>σάκκον.</strong></span> <span class='ocrx_word' id='word_1_804' title='bbox 3180 4727 3280 4780; x_wconf 80' lang='grc' dir='ltr'><strong>οὐκ</strong></span> <span class='ocrx_word' id='word_1_805' title='bbox 3297 4723 3587 4796; x_wconf 73' lang='grc' dir='ltr'><strong>ἀφαιροῦν-</strong></span> 
     </span>
    </p>
   </div>
   <div class='ocr_carea' id='block_1_107' title="bbox 2013 4814 3588 4888">
    <p class='ocr_par' dir='ltr' id='par_1_107' title="bbox 2013 4814 3588 4888">
     <span class='ocr_line' id='line_1_107' title="bbox 2013 4814 3588 4888; baseline -0.004 -16"><span class='ocrx_word' id='word_1_806' title='bbox 2013 4835 2112 4881; x_wconf 89' lang='grc' dir='ltr'><strong>τας</strong></span> <span class='ocrx_word' id='word_1_807' title='bbox 2140 4818 2322 4881; x_wconf 79' lang='grc' dir='ltr'><strong>αὑτὸν,</strong></span> <span class='ocrx_word' id='word_1_808' title='bbox 2358 4814 2475 4870; x_wconf 75' lang='grc' dir='ltr'><strong>οὔτε</strong></span> <span class='ocrx_word' id='word_1_809' title='bbox 2514 4819 2562 4871; x_wconf 86' lang='grc' dir='ltr'><strong>εί</strong></span> <span class='ocrx_word' id='word_1_810' title='bbox 2593 4815 2933 4882; x_wconf 84' lang='grc' dir='ltr'><strong>καθεύδοιτε,</strong></span> <span class='ocrx_word' id='word_1_811' title='bbox 2965 4815 3089 4870; x_wconf 79' lang='grc' dir='ltr'><strong>οὔτε</strong></span> <span class='ocrx_word' id='word_1_812' title='bbox 3123 4817 3230 4888; x_wconf 84' lang='grc' dir='ltr'><strong>μὴν</strong></span> <span class='ocrx_word' id='word_1_813' title='bbox 3261 4819 3310 4870; x_wconf 87' lang='grc' dir='ltr'><strong>εί</strong></span> <span class='ocrx_word' id='word_1_814' title='bbox 3343 4818 3440 4887; x_wconf 81' lang='grc' dir='ltr'><strong>τὴν</strong></span> <span class='ocrx_word' id='word_1_815' title='bbox 3481 4816 3588 4867; x_wconf 88' lang='grc' dir='ltr'><strong>λει-</strong></span> 
     </span>
    </p>
   </div>
   <div class='ocr_carea' id='block_1_108' title="bbox 2015 4906 3587 4979">
    <p class='ocr_par' dir='ltr' id='par_1_108' title="bbox 2015 4906 3587 4979">
     <span class='ocr_line' id='line_1_108' title="bbox 2015 4906 3587 4979; baseline -0.004 -18"><span class='ocrx_word' id='word_1_816' title='bbox 2015 4907 2277 4979; x_wconf 87' lang='grc' dir='ltr'><strong>τουργίαν</strong></span> <span class='ocrx_word' id='word_1_817' title='bbox 2300 4906 2609 4978; x_wconf 83' lang='grc' dir='ltr'><strong>ἐκτελοίητε</strong></span> <span class='ocrx_word' id='word_1_818' title='bbox 2630 4906 2728 4978; x_wconf 81' lang='grc' dir='ltr'><strong>τὴν</strong></span> <span class='ocrx_word' id='word_1_819' title='bbox 2752 4906 2922 4961; x_wconf 80' lang='grc' dir='ltr'><strong>θείαν·</strong></span> <span class='ocrx_word' id='word_1_820' title='bbox 2949 4907 3135 4979; x_wconf 82' lang='grc' dir='ltr'><strong>θρήνῳ</strong></span> <span class='ocrx_word' id='word_1_821' title='bbox 3158 4908 3213 4960; x_wconf 78' lang='grc' dir='ltr'><strong>δὲ</strong></span> <span class='ocrx_word' id='word_1_822' title='bbox 3238 4906 3587 4978; x_wconf 83' lang='grc' dir='ltr'><strong>προσανέχειν</strong></span> 
     </span>
    </p>
   </div>
   <div class='ocr_carea' id='block_1_109' title="bbox 2019 4990 3588 5069">
    <p class='ocr_par' dir='ltr' id='par_1_109' title="bbox 2019 4990 3588 5069">
     <span class='ocr_line' id='line_1_109' title="bbox 2019 4990 3588 5069; baseline -0.003 -17"><span class='ocrx_word' id='word_1_823' title='bbox 2019 4999 2115 5053; x_wconf 68' lang='grc' dir='ltr'><strong>καὶ</strong></span> <span class='ocrx_word' id='word_1_824' title='bbox 2142 4997 2379 5068; x_wconf 85' lang='grc' dir='ltr'><strong>κοπετῷ,</strong></span> <span class='ocrx_word' id='word_1_825' title='bbox 2404 4996 2545 5068; x_wconf 77' lang='grc' dir='ltr'><strong>ὑπὲρ</strong></span> <span class='ocrx_word' id='word_1_826' title='bbox 2571 4990 2645 5050; x_wconf 82' lang='grc' dir='ltr'><strong>ὧν</strong></span> <span class='ocrx_word' id='word_1_827' title='bbox 2671 4996 2856 5051; x_wconf 73' lang='grc' dir='ltr'><strong>ἅπασα</strong></span> <span class='ocrx_word' id='word_1_828' title='bbox 2882 4997 3152 5052; x_wconf 79' lang='grc' dir='ltr'><strong>πέπαυται</strong></span> <span class='ocrx_word' id='word_1_829' title='bbox 3182 4999 3217 5069; x_wconf 79' lang='grc' dir='ltr'><strong>ἡ</strong></span> <span class='ocrx_word' id='word_1_830' title='bbox 3248 4994 3588 5068; x_wconf 71' lang='grc' dir='ltr'><strong>καθηκόντως</strong></span> 
     </span>
    </p>
   </div>
   <div class='ocr_carea' id='block_1_110' title="bbox 2018 5086 3586 5161">
    <p class='ocr_par' dir='ltr' id='par_1_110' title="bbox 2018 5086 3586 5161">
     <span class='ocr_line' id='line_1_110' title="bbox 2018 5086 3586 5161; baseline -0.004 -17"><span class='ocrx_word' id='word_1_831' title='bbox 2018 5088 2399 5161; x_wconf 86' lang='grc' dir='ltr'><strong>ἀπονεμομένη</strong></span> <span class='ocrx_word' id='word_1_832' title='bbox 2441 5087 2520 5158; x_wconf 84' lang='grc' dir='ltr'><strong>τῷ</strong></span> <span class='ocrx_word' id='word_1_833' title='bbox 2559 5086 2679 5159; x_wconf 84' lang='grc' dir='ltr'><strong>Θεῷ</strong></span> <span class='ocrx_word' id='word_1_834' title='bbox 2728 5087 3013 5160; x_wconf 84' lang='grc' dir='ltr'><strong>θεραπεία.</strong></span> <span class='ocrx_word' id='word_1_835' title='bbox 3076 5109 3096 5140; x_wconf 73' lang='grc' dir='ltr'><strong>ι</strong></span> <span class='ocrx_word' id='word_1_836' title='bbox 3165 5089 3453 5159; x_wconf 81' lang='grc' dir='ltr'><strong>Ἀγιάσατε</strong></span> <span class='ocrx_word' id='word_1_837' title='bbox 3493 5100 3586 5152; x_wconf 88' lang='grc' dir='ltr'><strong>νη-</strong></span> 
     </span>
    </p>
   </div>
   <div class='ocr_carea' id='block_1_111' title="bbox 2019 5176 3588 5255">
    <p class='ocr_par' dir='ltr' id='par_1_111' title="bbox 2019 5176 3588 5255">
     <span class='ocr_line' id='line_1_111' title="bbox 2019 5176 3588 5255; baseline -0.006 -17"><span class='ocrx_word' id='word_1_838' title='bbox 2019 5184 2217 5238; x_wconf 86' lang='grc' dir='ltr'><strong>στείαν.</strong></span> <span class='ocrx_word' id='word_1_839' title='bbox 2267 5203 2287 5236; x_wconf 74' lang='grc' dir='ltr'><strong>ι</strong></span> <span class='ocrx_word' id='word_1_840' title='bbox 2336 5181 2573 5254; x_wconf 81' lang='grc' dir='ltr'><strong>Ἐπειδὴ</strong></span> <span class='ocrx_word' id='word_1_841' title='bbox 2626 5181 2778 5251; x_wconf 72' lang='grc' dir='ltr'><strong>ἅγιον</strong></span> <span class='ocrx_word' id='word_1_842' title='bbox 2815 5182 3034 5252; x_wconf 85' lang='grc' dir='ltr'><strong>λέγεται</strong></span> <span class='ocrx_word' id='word_1_843' title='bbox 3073 5183 3135 5238; x_wconf 85' lang='grc' dir='ltr'><strong>τδ</strong></span> <span class='ocrx_word' id='word_1_844' title='bbox 3176 5182 3450 5255; x_wconf 79' lang='grc' dir='ltr'><strong>ἐξαίρετον</strong></span> <span class='ocrx_word' id='word_1_845' title='bbox 3495 5176 3588 5230; x_wconf 72' lang='grc' dir='ltr'><strong>καὶ</strong></span> 
     </span>
    </p>
   </div>
   <div class='ocr_carea' id='block_1_112' title="bbox 2018 5268 3586 5348">
    <p class='ocr_par' dir='ltr' id='par_1_112' title="bbox 2018 5268 3586 5348">
     <span class='ocr_line' id='line_1_112' title="bbox 2018 5268 3586 5348; baseline -0.005 -21"><span class='ocrx_word' id='word_1_846' title='bbox 2018 5274 2127 5329; x_wconf 91' lang='grc' dir='ltr'><strong>τῶν</strong></span> <span class='ocrx_word' id='word_1_847' title='bbox 2160 5273 2370 5329; x_wconf 89' lang='grc' dir='ltr'><strong>πολλῶν</strong></span> <span class='ocrx_word' id='word_1_848' title='bbox 2412 5275 2837 5348; x_wconf 83' lang='grc' dir='ltr'><strong>κεχωρισμένον.</strong></span> <span class='ocrx_word' id='word_1_849' title='bbox 2878 5296 2897 5329; x_wconf 80' lang='lat' dir='ltr'><strong>r</strong></span> <span class='ocrx_word' id='word_1_850' title='bbox 2944 5276 3233 5344; x_wconf 78' lang='grc' dir='ltr'><strong>’Λγιάσατε</strong></span> <span class='ocrx_word' id='word_1_851' title='bbox 3281 5268 3528 5343; x_wconf 87' lang='grc' dir='ltr'><strong>νηστείαν</strong></span> <span class='ocrx_word' id='word_1_852' title='bbox 3565 5283 3586 5318; x_wconf 76' lang='grc' dir='ltr'><strong>ι</strong></span> 
     </span>
    </p>
   </div>
   <div class='ocr_carea' id='block_1_113' title="bbox 2019 5354 3591 5439">
    <p class='ocr_par' dir='ltr' id='par_1_113' title="bbox 2019 5354 3591 5439">
     <span class='ocr_line' id='line_1_113' title="bbox 2019 5354 3591 5439; baseline -0.017 -2"><span class='ocrx_word' id='word_1_853' title='bbox 2019 5366 2190 5435; x_wconf 70' lang='grc' dir='ltr'><strong>λέγει.</strong></span> <span class='ocrx_word' id='word_1_854' title='bbox 2220 5367 2341 5420; x_wconf 75' lang='grc' dir='ltr'><strong>ἀντὶ</strong></span> <span class='ocrx_word' id='word_1_855' title='bbox 2360 5366 2476 5433; x_wconf 79' lang='grc' dir='ltr'><strong>τοῦ,</strong></span> <span class='ocrx_word' id='word_1_856' title='bbox 2513 5366 2657 5438; x_wconf 78' lang='grc' dir='ltr'><strong>Πρὸς</strong></span> <span class='ocrx_word' id='word_1_857' title='bbox 2684 5366 2887 5439; x_wconf 85' lang='grc' dir='ltr'><strong>ταύτην</strong></span> <span class='ocrx_word' id='word_1_858' title='bbox 2913 5365 2989 5437; x_wconf 78' lang='grc' dir='ltr'><strong>(ρ.</strong></span> <span class='ocrx_word' id='word_1_859' title='bbox 3027 5363 3150 5436; x_wconf 76' lang='lat' dir='ltr'><strong>ne)</strong></span> <span class='ocrx_word' id='word_1_860' title='bbox 3184 5362 3407 5422; x_wconf 82' lang='grc' dir='ltr'><strong>ἐαυτοὺς</strong></span> <span class='ocrx_word' id='word_1_861' title='bbox 3433 5354 3591 5410; x_wconf 80' lang='grc' dir='ltr'><strong>ἐκτά-</strong></span> 
     </span>
    </p>
   </div>
   <div class='ocr_carea' id='block_1_114' title="bbox 2023 5453 3592 5527">
    <p class='ocr_par' dir='ltr' id='par_1_114' title="bbox 2023 5453 3592 5527">
     <span class='ocr_line' id='line_1_114' title="bbox 2023 5453 3592 5527; baseline -0.007 -15"><span class='ocrx_word' id='word_1_862' title='bbox 2023 5459 2173 5526; x_wconf 79' lang='grc' dir='ltr'><strong>ξατε.</strong></span> <span class='ocrx_word' id='word_1_863' title='bbox 2201 5458 2294 5512; x_wconf 72' lang='grc' dir='ltr'><strong>καὶ</strong></span> <span class='ocrx_word' id='word_1_864' title='bbox 2325 5458 2541 5511; x_wconf 85' lang='grc' dir='ltr'><strong>πάντων</strong></span> <span class='ocrx_word' id='word_1_865' title='bbox 2567 5457 2827 5527; x_wconf 82' lang='grc' dir='ltr'><strong>ἀφέμενοί</strong></span> <span class='ocrx_word' id='word_1_866' title='bbox 2858 5474 2916 5511; x_wconf 88' lang='grc' dir='ltr'><strong>τε</strong></span> <span class='ocrx_word' id='word_1_867' title='bbox 2945 5456 3038 5510; x_wconf 70' lang='grc' dir='ltr'><strong>καὶ</strong></span> <span class='ocrx_word' id='word_1_868' title='bbox 3072 5453 3434 5527; x_wconf 78' lang='grc' dir='ltr'><strong>χωρισθέντες</strong></span> <span class='ocrx_word' id='word_1_869' title='bbox 3458 5460 3592 5500; x_wconf 84' lang='grc' dir='ltr'><strong>παν-</strong></span> 
     </span>
    </p>
   </div>
   <div class='ocr_carea' id='block_1_115' title="bbox 2023 5536 3593 5621">
    <p class='ocr_par' dir='ltr' id='par_1_115' title="bbox 2023 5536 3593 5621">
     <span class='ocr_line' id='line_1_115' title="bbox 2023 5536 3593 5621; baseline 0 -19"><span class='ocrx_word' id='word_1_870' title='bbox 2023 5549 2213 5612; x_wconf 84' lang='grc' dir='ltr'><strong>τελῶς,</strong></span> <span class='ocrx_word' id='word_1_871' title='bbox 2254 5547 2551 5621; x_wconf 75' lang='grc' dir='ltr'><strong>ἀφορίσατε</strong></span> <span class='ocrx_word' id='word_1_872' title='bbox 2582 5549 2676 5601; x_wconf 75' lang='grc' dir='ltr'><strong>καὶ</strong></span> <span class='ocrx_word' id='word_1_873' title='bbox 2706 5548 2905 5615; x_wconf 79' lang='grc' dir='ltr'><strong>τάξατε</strong></span> <span class='ocrx_word' id='word_1_874' title='bbox 2955 5547 3092 5619; x_wconf 79' lang='grc' dir='ltr'><strong>πρὸς</strong></span> <span class='ocrx_word' id='word_1_875' title='bbox 3127 5544 3224 5617; x_wconf 86' lang='grc' dir='ltr'><strong>τὴν</strong></span> <span class='ocrx_word' id='word_1_876' title='bbox 3257 5541 3461 5610; x_wconf 81' lang='grc' dir='ltr'><strong>ταύτης</strong></span> <span class='ocrx_word' id='word_1_877' title='bbox 3504 5536 3593 5621; x_wconf 60' lang='grc' dir='ltr'><strong>ἐκέ</strong></span> 
     </span>
    </p>
   </div>
   <div class='ocr_carea' id='block_1_116' title="bbox 2032 5620 3596 5710">
    <p class='ocr_par' dir='ltr' id='par_1_116' title="bbox 2032 5620 3596 5710">
     <span class='ocr_line' id='line_1_116' title="bbox 2032 5620 3596 5710; baseline -0.001 -21"><span class='ocrx_word' id='word_1_878' title='bbox 2032 5639 2309 5710; x_wconf 71' lang='grc' dir='ltr'><strong>πλήρωσιν</strong></span> <span class='ocrx_word' id='word_1_879' title='bbox 2356 5638 2597 5703; x_wconf 50' lang='lat' dir='ltr'><strong>tanta};</strong></span> <span class='ocrx_word' id='word_1_880' title='bbox 2636 5656 2653 5689; x_wconf 76' lang='grc' dir='ltr'><strong>ι</strong></span> <span class='ocrx_word' id='word_1_881' title='bbox 2704 5636 2991 5709; x_wconf 68' lang='grc' dir='ltr'><strong>Κηρύξατε</strong></span> <span class='ocrx_word' id='word_1_882' title='bbox 3041 5631 3357 5709; x_wconf 75' lang='grc' dir='ltr'><strong>θεραπείαν.</strong></span> <span class='ocrx_word' id='word_1_883' title='bbox 3418 5646 3437 5681; x_wconf 69' lang='grc' dir='ltr'><em>υ</em></span> <span class='ocrx_word' id='word_1_884' title='bbox 3490 5620 3596 5680; x_wconf 57' lang='grc' dir='ltr'><strong>Καὶ</strong></span> 
     </span>
    </p>
   </div>
  </div>
