  <div class='ocr_page' id='page_1' title='image "/cluster/home/n/w/nwhite01/storage/ocr_20150623/66/mdp.39015008467477/116.png"; bbox 0 0 3966 6134; ppageno 0'>
   <div class='ocr_carea' id='block_1_1' title="bbox 203 295 286 351">
    <p class='ocr_par' dir='ltr' id='par_1_1' title="bbox 203 295 286 351">
     <span class='ocr_line' id='line_1_1' title="bbox 203 295 286 351; baseline -0.048 1"><span class='ocrx_word' id='word_1_1' title='bbox 203 295 286 351; x_wconf 72' lang='grc' dir='ltr'><strong><em>ΞΠ</em></strong></span> 
     </span>
    </p>
   </div>
   <div class='ocr_carea' id='block_1_2' title="bbox 1267 284 2429 369">
    <p class='ocr_par' dir='ltr' id='par_1_2' title="bbox 1267 284 2429 369">
     <span class='ocr_line' id='line_1_2' title="bbox 1267 284 2429 369; baseline 0.005 -8"><span class='ocrx_word' id='word_1_2' title='bbox 1267 305 1813 364; x_wconf 69' lang='grc' dir='ltr'><strong>οοιιιιεΝτΑιιιῠε</strong></span> <span class='ocrx_word' id='word_1_3' title='bbox 1846 308 1916 364; x_wconf 77' lang='lat' dir='ltr'><strong>nv</strong></span> <span class='ocrx_word' id='word_1_4' title='bbox 1944 308 2173 367; x_wconf 81' lang='lat' dir='ltr'><strong>JOELIS</strong></span> <span class='ocrx_word' id='word_1_5' title='bbox 2206 284 2358 369; x_wconf 63' lang='lat' dir='ltr'><strong>hac.</strong></span> <span class='ocrx_word' id='word_1_6' title='bbox 2392 311 2429 367; x_wconf 85' lang='lat' dir='ltr'><strong>r.</strong></span> 
     </span>
    </p>
   </div>
   <div class='ocr_carea' id='block_1_3' title="bbox 204 412 1796 497">
    <p class='ocr_par' dir='ltr' id='par_1_3' title="bbox 204 412 1791 495">
     <span class='ocr_line' id='line_1_3' title="bbox 204 412 1791 495; baseline 0.01 -30"><span class='ocrx_word' id='word_1_7' title='bbox 204 412 465 484; x_wconf 70' lang='grc' dir='ltr'><strong>μηνύσατε</strong></span> <span class='ocrx_word' id='word_1_8' title='bbox 499 416 707 481; x_wconf 72' lang='grc' dir='ltr'><strong>πᾶσιν,</strong></span> <span class='ocrx_word' id='word_1_9' title='bbox 737 417 893 483; x_wconf 76' lang='grc' dir='ltr'><strong>ὅπως</strong></span> <span class='ocrx_word' id='word_1_10' title='bbox 916 419 985 474; x_wconf 84' lang='grc' dir='ltr'><strong>ἀν</strong></span> <span class='ocrx_word' id='word_1_11' title='bbox 1012 420 1116 475; x_wconf 88' lang='grc' dir='ltr'><strong>τῶν</strong></span> <span class='ocrx_word' id='word_1_12' title='bbox 1142 421 1499 495; x_wconf 73' lang='grc' dir='ltr'><strong>ἀνθρωπείων</strong></span> <span class='ocrx_word' id='word_1_13' title='bbox 1528 424 1791 495; x_wconf 73' lang='grc' dir='ltr'><strong>ἀφέμενοι</strong></span> 
     </span>
    </p>
   </div>
   <div class='ocr_carea' id='block_1_4' title="bbox 1900 412 3462 497">
    <p class='ocr_par' dir='ltr' id='par_1_4' title="bbox 1900 427 3462 497">
     <span class='ocr_line' id='line_1_4' title="bbox 1900 427 3462 497; baseline 0.004 -16"><span class='ocrx_word' id='word_1_14' title='bbox 1900 428 2125 497; x_wconf 85' lang='lat' dir='ltr'><strong>negotiis</strong></span> <span class='ocrx_word' id='word_1_15' title='bbox 2166 429 2411 492; x_wconf 83' lang='lat' dir='ltr'><strong>omissis,</strong></span> <span class='ocrx_word' id='word_1_16' title='bbox 2445 427 2540 485; x_wconf 87' lang='lat' dir='ltr'><strong>Dei</strong></span> <span class='ocrx_word' id='word_1_17' title='bbox 2588 429 2760 483; x_wconf 75' lang='lat' dir='ltr'><strong>cultui</strong></span> <span class='ocrx_word' id='word_1_18' title='bbox 2804 430 3133 487; x_wconf 85' lang='lat' dir='ltr'><strong>celebrando</strong></span> <span class='ocrx_word' id='word_1_19' title='bbox 3184 430 3462 489; x_wconf 85' lang='lat' dir='ltr'><strong>intersint.</strong></span> 
     </span>
    </p>
   </div>
   <div class='ocr_carea' id='block_1_5' title="bbox 199 505 1789 592">
    <p class='ocr_par' dir='ltr' id='par_1_5' title="bbox 199 505 1789 592">
     <span class='ocr_line' id='line_1_5' title="bbox 199 505 1789 592; baseline 0.01 -35"><span class='ocrx_word' id='word_1_20' title='bbox 199 505 549 576; x_wconf 64' lang='grc' dir='ltr'><strong>πραγμάτων,</strong></span> <span class='ocrx_word' id='word_1_21' title='bbox 615 512 688 580; x_wconf 74' lang='grc' dir='ltr'><strong>τῇ</strong></span> <span class='ocrx_word' id='word_1_22' title='bbox 746 509 844 564; x_wconf 81' lang='grc' dir='ltr'><strong>τοῦ</strong></span> <span class='ocrx_word' id='word_1_23' title='bbox 880 508 1043 566; x_wconf 82' lang='grc' dir='ltr'><strong>Θείου</strong></span> <span class='ocrx_word' id='word_1_24' title='bbox 1070 514 1458 592; x_wconf 75' lang='grc' dir='ltr'><strong>προσανέχοιεν</strong></span> <span class='ocrx_word' id='word_1_25' title='bbox 1502 516 1789 589; x_wconf 70' lang='grc' dir='ltr'><strong>θεραπείᾳ.</strong></span> 
     </span>
    </p>
   </div>
   <div class='ocr_carea' id='block_1_6' title="bbox 206 599 1794 675">
    <p class='ocr_par' dir='ltr' id='par_1_6' title="bbox 206 599 1794 675">
     <span class='ocr_line' id='line_1_6' title="bbox 206 599 1794 675; baseline 0.006 -25"><span class='ocrx_word' id='word_1_26' title='bbox 206 619 223 650; x_wconf 81' lang='grc' dir='ltr'><strong>ι</strong></span> <span class='ocrx_word' id='word_1_27' title='bbox 239 599 589 668; x_wconf 72' lang='grc' dir='ltr'><strong>Συναγάγετε</strong></span> <span class='ocrx_word' id='word_1_28' title='bbox 605 601 1037 675; x_wconf 74' lang='grc' dir='ltr'><strong>πρεσϐυτέρως,</strong></span> <span class='ocrx_word' id='word_1_29' title='bbox 1056 605 1261 669; x_wconf 82' lang='grc' dir='ltr'><strong>πάντας</strong></span> <span class='ocrx_word' id='word_1_30' title='bbox 1272 608 1397 672; x_wconf 81' lang='grc' dir='ltr'><strong>τοὺς</strong></span> <span class='ocrx_word' id='word_1_31' title='bbox 1413 607 1794 671; x_wconf 80' lang='grc' dir='ltr'><strong>κατοικοῦντας</strong></span> 
     </span>
    </p>
   </div>
   <div class='ocr_carea' id='block_1_7' title="bbox 200 687 1791 768">
    <p class='ocr_par' dir='ltr' id='par_1_7' title="bbox 200 687 1791 768">
     <span class='ocr_line' id='line_1_7' title="bbox 200 687 1791 768; baseline 0.005 -26"><span class='ocrx_word' id='word_1_32' title='bbox 200 689 284 759; x_wconf 64' lang='grc' dir='ltr'><strong>τήν</strong></span> <span class='ocrx_word' id='word_1_33' title='bbox 312 691 419 760; x_wconf 69' lang='grc' dir='ltr'><strong>γῆν</strong></span> <span class='ocrx_word' id='word_1_34' title='bbox 471 691 556 754; x_wconf 72' lang='grc' dir='ltr'><strong>εἰς</strong></span> <span class='ocrx_word' id='word_1_35' title='bbox 592 687 748 746; x_wconf 82' lang='grc' dir='ltr'><strong>οἷκον</strong></span> <span class='ocrx_word' id='word_1_36' title='bbox 794 693 935 747; x_wconf 87' lang='grc' dir='ltr'><strong>Θεοῦ</strong></span> <span class='ocrx_word' id='word_1_37' title='bbox 973 695 1145 765; x_wconf 85' lang='grc' dir='ltr'><strong>ὑμῶν,</strong></span> <span class='ocrx_word' id='word_1_38' title='bbox 1187 698 1281 749; x_wconf 77' lang='grc' dir='ltr'><strong>καὶ</strong></span> <span class='ocrx_word' id='word_1_39' title='bbox 1322 696 1624 768; x_wconf 82' lang='grc' dir='ltr'><strong>κεκρὰξατε</strong></span> <span class='ocrx_word' id='word_1_40' title='bbox 1654 698 1791 768; x_wconf 80' lang='grc' dir='ltr'><strong>πρὸς</strong></span> 
     </span>
    </p>
   </div>
   <div class='ocr_carea' id='block_1_8' title="bbox 123 779 1790 859">
    <p class='ocr_par' dir='ltr' id='par_1_8' title="bbox 123 779 1790 859">
     <span class='ocr_line' id='line_1_8' title="bbox 123 779 1790 859; baseline 0.003 -22"><span class='ocrx_word' id='word_1_41' title='bbox 123 826 143 837; x_wconf 79' lang='lat'><strong>-</strong></span> <span class='ocrx_word' id='word_1_42' title='bbox 201 779 388 850; x_wconf 73' lang='grc' dir='ltr'><strong>Κύριον</strong></span> <span class='ocrx_word' id='word_1_43' title='bbox 417 782 705 847; x_wconf 67' lang='grc' dir='ltr'><strong>ἐκτενῶς,</strong></span> <span class='ocrx_word' id='word_1_44' title='bbox 738 783 919 854; x_wconf 76' lang='grc' dir='ltr'><strong>Οῖμοι,</strong></span> <span class='ocrx_word' id='word_1_45' title='bbox 949 784 1124 857; x_wconf 73' lang='grc' dir='ltr'><strong>οἴμοι,</strong></span> <span class='ocrx_word' id='word_1_46' title='bbox 1152 787 1296 858; x_wconf 72' lang='grc' dir='ltr'><strong>οἴμοι</strong></span> <span class='ocrx_word' id='word_1_47' title='bbox 1324 788 1401 851; x_wconf 75' lang='grc' dir='ltr'><strong>είς</strong></span> <span class='ocrx_word' id='word_1_48' title='bbox 1430 789 1662 859; x_wconf 74' lang='grc' dir='ltr'><strong>ἡμέραν,</strong></span> <span class='ocrx_word' id='word_1_49' title='bbox 1708 790 1790 842; x_wconf 82' lang='grc' dir='ltr'><strong>ὅτι</strong></span> 
     </span>
    </p>
   </div>
   <div class='ocr_carea' id='block_1_9' title="bbox 203 873 1791 949">
    <p class='ocr_par' dir='ltr' id='par_1_9' title="bbox 203 873 1791 949">
     <span class='ocr_line' id='line_1_9' title="bbox 203 873 1791 949; baseline 0.002 -22"><span class='ocrx_word' id='word_1_50' title='bbox 203 874 354 940; x_wconf 66' lang='grc' dir='ltr'><strong>ἔγγὺς</strong></span> <span class='ocrx_word' id='word_1_51' title='bbox 376 873 577 944; x_wconf 76' lang='grc' dir='ltr'><strong>ἡμέρα</strong></span> <span class='ocrx_word' id='word_1_52' title='bbox 612 876 845 946; x_wconf 75' lang='grc' dir='ltr'><strong>Κυρίου.</strong></span> <span class='ocrx_word' id='word_1_53' title='bbox 880 896 901 929; x_wconf 74' lang='grc' dir='ltr'><strong>ι</strong></span> <span class='ocrx_word' id='word_1_54' title='bbox 932 879 1042 931; x_wconf 78' lang='grc' dir='ltr'><strong>Καὶ</strong></span> <span class='ocrx_word' id='word_1_55' title='bbox 1066 879 1273 940; x_wconf 80' lang='grc' dir='ltr'><strong>πάντας</strong></span> <span class='ocrx_word' id='word_1_56' title='bbox 1304 878 1369 949; x_wconf 84' lang='grc' dir='ltr'><strong>δὴ</strong></span> <span class='ocrx_word' id='word_1_57' title='bbox 1395 879 1487 930; x_wconf 75' lang='grc' dir='ltr'><strong>ἐπὶ</strong></span> <span class='ocrx_word' id='word_1_58' title='bbox 1518 880 1615 949; x_wconf 83' lang='grc' dir='ltr'><strong>τῆς</strong></span> <span class='ocrx_word' id='word_1_59' title='bbox 1653 880 1791 949; x_wconf 81' lang='grc' dir='ltr'><strong>ὑμε-</strong></span> 
     </span>
    </p>
   </div>
   <div class='ocr_carea' id='block_1_10' title="bbox 200 960 1786 1037">
    <p class='ocr_par' dir='ltr' id='par_1_10' title="bbox 200 960 1786 1037">
     <span class='ocr_line' id='line_1_10' title="bbox 200 960 1786 1037; baseline 0.004 -25"><span class='ocrx_word' id='word_1_60' title='bbox 200 961 348 1029; x_wconf 76' lang='grc' dir='ltr'><strong>τέρας</strong></span> <span class='ocrx_word' id='word_1_61' title='bbox 395 960 597 1032; x_wconf 78' lang='grc' dir='ltr'><strong>χώρας</strong></span> <span class='ocrx_word' id='word_1_62' title='bbox 633 962 889 1033; x_wconf 76' lang='grc' dir='ltr'><strong>ἡγεῖσθαι</strong></span> <span class='ocrx_word' id='word_1_63' title='bbox 925 964 1034 1018; x_wconf 88' lang='grc' dir='ltr'><strong>τῶν</strong></span> <span class='ocrx_word' id='word_1_64' title='bbox 1070 966 1271 1019; x_wconf 84' lang='grc' dir='ltr'><strong>λοιπῶν</strong></span> <span class='ocrx_word' id='word_1_65' title='bbox 1318 966 1394 1028; x_wconf 84' lang='grc' dir='ltr'><strong>ὡς</strong></span> <span class='ocrx_word' id='word_1_66' title='bbox 1425 966 1592 1030; x_wconf 80' lang='grc' dir='ltr'><strong>εἰκὸς,</strong></span> <span class='ocrx_word' id='word_1_67' title='bbox 1630 969 1786 1037; x_wconf 80' lang='grc' dir='ltr'><strong>κοινῇ</strong></span> 
     </span>
    </p>
   </div>
   <div class='ocr_carea' id='block_1_11' title="bbox 205 1052 1788 1127">
    <p class='ocr_par' dir='ltr' id='par_1_11' title="bbox 205 1052 1788 1127">
     <span class='ocr_line' id='line_1_11' title="bbox 205 1052 1788 1127; baseline 0.004 -24"><span class='ocrx_word' id='word_1_68' title='bbox 205 1052 293 1120; x_wconf 72' lang='grc' dir='ltr'><strong>μὲν</strong></span> <span class='ocrx_word' id='word_1_69' title='bbox 332 1052 611 1107; x_wconf 75' lang='grc' dir='ltr'><strong>εἰσελθεῖν</strong></span> <span class='ocrx_word' id='word_1_70' title='bbox 647 1056 733 1117; x_wconf 77' lang='grc' dir='ltr'><strong>είς</strong></span> <span class='ocrx_word' id='word_1_71' title='bbox 775 1055 868 1108; x_wconf 76' lang='grc' dir='ltr'><strong>τὸν</strong></span> <span class='ocrx_word' id='word_1_72' title='bbox 895 1052 1043 1109; x_wconf 84' lang='grc' dir='ltr'><strong>οἷκον</strong></span> <span class='ocrx_word' id='word_1_73' title='bbox 1075 1056 1361 1127; x_wconf 82' lang='grc' dir='ltr'><strong>ὲπείχθητε</strong></span> <span class='ocrx_word' id='word_1_74' title='bbox 1399 1056 1494 1109; x_wconf 91' lang='grc' dir='ltr'><strong>τοῦ</strong></span> <span class='ocrx_word' id='word_1_75' title='bbox 1537 1055 1694 1119; x_wconf 85' lang='grc' dir='ltr'><strong>Θεοῦ,</strong></span> <span class='ocrx_word' id='word_1_76' title='bbox 1730 1058 1788 1110; x_wconf 71' lang='grc' dir='ltr'><strong>ιν</strong></span> 
     </span>
    </p>
   </div>
   <div class='ocr_carea' id='block_1_12' title="bbox 202 1143 1786 1217">
    <p class='ocr_par' dir='ltr' id='par_1_12' title="bbox 202 1143 1786 1217">
     <span class='ocr_line' id='line_1_12' title="bbox 202 1143 1786 1217; baseline 0.004 -23"><span class='ocrx_word' id='word_1_77' title='bbox 202 1144 298 1212; x_wconf 72' lang='grc' dir='ltr'><strong>ὅσῳ</strong></span> <span class='ocrx_word' id='word_1_78' title='bbox 328 1158 441 1212; x_wconf 85' lang='grc' dir='ltr'><strong>περ</strong></span> <span class='ocrx_word' id='word_1_79' title='bbox 476 1143 614 1213; x_wconf 76' lang='grc' dir='ltr'><strong>ὑμῖν</strong></span> <span class='ocrx_word' id='word_1_80' title='bbox 640 1147 792 1199; x_wconf 76' lang='grc' dir='ltr'><strong>εστιν</strong></span> <span class='ocrx_word' id='word_1_81' title='bbox 821 1145 976 1199; x_wconf 85' lang='grc' dir='ltr'><strong>άδεια</strong></span> <span class='ocrx_word' id='word_1_82' title='bbox 1004 1146 1097 1200; x_wconf 88' lang='grc' dir='ltr'><strong>τοῦ</strong></span> <span class='ocrx_word' id='word_1_83' title='bbox 1128 1147 1377 1200; x_wconf 73' lang='grc' dir='ltr'><strong>εἰσιέναιο</strong></span> <span class='ocrx_word' id='word_1_84' title='bbox 1416 1147 1554 1217; x_wconf 85' lang='grc' dir='ltr'><strong>μετά</strong></span> <span class='ocrx_word' id='word_1_85' title='bbox 1574 1146 1786 1200; x_wconf 82' lang='grc' dir='ltr'><strong>πολλῶν</strong></span> 
     </span>
    </p>
   </div>
   <div class='ocr_carea' id='block_1_13' title="bbox 200 1233 1785 1306">
    <p class='ocr_par' dir='ltr' id='par_1_13' title="bbox 200 1233 1785 1306">
     <span class='ocr_line' id='line_1_13' title="bbox 200 1233 1785 1306; baseline 0.001 -20"><span class='ocrx_word' id='word_1_86' title='bbox 200 1233 251 1286; x_wconf 69' lang='grc' dir='ltr'><strong>δὲ</strong></span> <span class='ocrx_word' id='word_1_87' title='bbox 296 1233 656 1304; x_wconf 76' lang='grc' dir='ltr'><strong>ἀναϐοήσατε</strong></span> <span class='ocrx_word' id='word_1_88' title='bbox 710 1235 819 1288; x_wconf 85' lang='grc' dir='ltr'><strong>τῶν</strong></span> <span class='ocrx_word' id='word_1_89' title='bbox 870 1236 1206 1306; x_wconf 68' lang='grc' dir='ltr'><strong>στεναγμῶν*</strong></span> <span class='ocrx_word' id='word_1_90' title='bbox 1260 1236 1419 1289; x_wconf 87' lang='grc' dir='ltr'><strong>τοῦτο</strong></span> <span class='ocrx_word' id='word_1_91' title='bbox 1468 1235 1572 1306; x_wconf 76' lang='grc' dir='ltr'><strong>γὰρ</strong></span> <span class='ocrx_word' id='word_1_92' title='bbox 1614 1235 1785 1303; x_wconf 80' lang='grc' dir='ltr'><strong>λέγει,</strong></span> 
     </span>
    </p>
   </div>
   <div class='ocr_carea' id='block_1_14' title="bbox 205 1324 1787 1399">
    <p class='ocr_par' dir='ltr' id='par_1_14' title="bbox 205 1324 1787 1399">
     <span class='ocr_line' id='line_1_14' title="bbox 205 1324 1787 1399; baseline 0.003 -24"><span class='ocrx_word' id='word_1_93' title='bbox 205 1344 222 1374; x_wconf 87' lang='grc' dir='ltr'><strong>ι</strong></span> <span class='ocrx_word' id='word_1_94' title='bbox 250 1326 434 1393; x_wconf 85' lang='grc' dir='ltr'><strong>Οἰμοι,</strong></span> <span class='ocrx_word' id='word_1_95' title='bbox 469 1324 649 1395; x_wconf 72' lang='grc' dir='ltr'><strong>οἷμοι,</strong></span> <span class='ocrx_word' id='word_1_96' title='bbox 709 1328 886 1397; x_wconf 81' lang='grc' dir='ltr'><strong>οῐμοι·</strong></span> <span class='ocrx_word' id='word_1_97' title='bbox 935 1345 955 1379; x_wconf 78' lang='grc' dir='ltr'><strong>ι</strong></span> <span class='ocrx_word' id='word_1_98' title='bbox 1009 1328 1292 1397; x_wconf 79' lang='grc' dir='ltr'><strong>εὐχόμενοι</strong></span> <span class='ocrx_word' id='word_1_99' title='bbox 1341 1332 1418 1399; x_wconf 81' lang='grc' dir='ltr'><strong>μὴ</strong></span> <span class='ocrx_word' id='word_1_100' title='bbox 1464 1330 1544 1391; x_wconf 78' lang='grc' dir='ltr'><strong>είς</strong></span> <span class='ocrx_word' id='word_1_101' title='bbox 1587 1330 1787 1398; x_wconf 77' lang='grc' dir='ltr'><strong>πεῖραν</strong></span> 
     </span>
    </p>
   </div>
   <div class='ocr_carea' id='block_1_15' title="bbox 197 1415 1788 1490">
    <p class='ocr_par' dir='ltr' id='par_1_15' title="bbox 197 1415 1788 1490">
     <span class='ocr_line' id='line_1_15' title="bbox 197 1415 1788 1490; baseline 0.002 -22"><span class='ocrx_word' id='word_1_102' title='bbox 197 1415 363 1468; x_wconf 69' lang='grc' dir='ltr'><strong>ἐλθεῖν</strong></span> <span class='ocrx_word' id='word_1_103' title='bbox 394 1417 499 1487; x_wconf 79' lang='grc' dir='ltr'><strong>τῆς</strong></span> <span class='ocrx_word' id='word_1_104' title='bbox 528 1416 755 1488; x_wconf 68' lang='grc' dir='ltr'><strong>ἡμέρας</strong></span> <span class='ocrx_word' id='word_1_105' title='bbox 776 1418 1015 1488; x_wconf 77' lang='grc' dir='ltr'><strong>ἐκείνης,</strong></span> <span class='ocrx_word' id='word_1_106' title='bbox 1042 1419 1109 1488; x_wconf 75' lang='grc' dir='ltr'><strong>ἢν</strong></span> <span class='ocrx_word' id='word_1_107' title='bbox 1134 1419 1194 1471; x_wconf 80' lang='grc' dir='ltr'><strong>οὐ</strong></span> <span class='ocrx_word' id='word_1_108' title='bbox 1221 1418 1411 1489; x_wconf 76' lang='grc' dir='ltr'><strong>πόρρω</strong></span> <span class='ocrx_word' id='word_1_109' title='bbox 1440 1418 1788 1490; x_wconf 77' lang='grc' dir='ltr'><strong>συμόέὸηκεν</strong></span> 
     </span>
    </p>
   </div>
   <div class='ocr_carea' id='block_1_16' title="bbox 199 1503 1786 1579">
    <p class='ocr_par' dir='ltr' id='par_1_16' title="bbox 199 1503 1786 1579">
     <span class='ocr_line' id='line_1_16' title="bbox 199 1503 1786 1579; baseline 0.003 -21"><span class='ocrx_word' id='word_1_110' title='bbox 199 1503 327 1559; x_wconf 75' lang='grc' dir='ltr'><strong>εἶναι</strong></span> <span class='ocrx_word' id='word_1_111' title='bbox 360 1508 511 1561; x_wconf 82' lang='grc' dir='ltr'><strong>κατά</strong></span> <span class='ocrx_word' id='word_1_112' title='bbox 539 1509 648 1577; x_wconf 74' lang='grc' dir='ltr'><strong>τὴν</strong></span> <span class='ocrx_word' id='word_1_113' title='bbox 682 1508 912 1579; x_wconf 80' lang='grc' dir='ltr'><strong>ἀπειλὴν</strong></span> <span class='ocrx_word' id='word_1_114' title='bbox 944 1509 1042 1579; x_wconf 70' lang='grc' dir='ltr'><strong>τὴν</strong></span> <span class='ocrx_word' id='word_1_115' title='bbox 1075 1508 1248 1562; x_wconf 88' lang='grc' dir='ltr'><strong>θείαν.</strong></span> <span class='ocrx_word' id='word_1_116' title='bbox 1290 1528 1309 1561; x_wconf 78' lang='grc' dir='ltr'><strong>ι</strong></span> <span class='ocrx_word' id='word_1_117' title='bbox 1351 1510 1462 1563; x_wconf 77' lang='grc' dir='ltr'><strong>Καὶ</strong></span> <span class='ocrx_word' id='word_1_118' title='bbox 1488 1510 1564 1573; x_wconf 85' lang='grc' dir='ltr'><strong>ὼς</strong></span> <span class='ocrx_word' id='word_1_119' title='bbox 1595 1509 1786 1563; x_wconf 87' lang='grc' dir='ltr'><strong>ταλαι-</strong></span> 
     </span>
    </p>
   </div>
   <div class='ocr_carea' id='block_1_17' title="bbox 200 1597 1787 1673">
    <p class='ocr_par' dir='ltr' id='par_1_17' title="bbox 200 1597 1787 1673">
     <span class='ocr_line' id='line_1_17' title="bbox 200 1597 1787 1673; baseline 0.002 -24"><span class='ocrx_word' id='word_1_120' title='bbox 200 1597 373 1670; x_wconf 76' lang='grc' dir='ltr'><strong>πωρία</strong></span> <span class='ocrx_word' id='word_1_121' title='bbox 394 1598 471 1652; x_wconf 62' lang='lat' dir='ltr'><strong>lx</strong></span> <span class='ocrx_word' id='word_1_122' title='bbox 496 1601 887 1670; x_wconf 80' lang='grc' dir='ltr'><strong>ταλαιπωρίας</strong></span> <span class='ocrx_word' id='word_1_123' title='bbox 910 1602 1051 1670; x_wconf 74' lang='grc' dir='ltr'><strong>ἥξει.</strong></span> <span class='ocrx_word' id='word_1_124' title='bbox 1086 1619 1102 1654; x_wconf 85' lang='grc' dir='ltr'><strong>ι</strong></span> <span class='ocrx_word' id='word_1_125' title='bbox 1143 1602 1232 1665; x_wconf 84' lang='grc' dir='ltr'><strong>Ὠς</strong></span> <span class='ocrx_word' id='word_1_126' title='bbox 1256 1601 1321 1657; x_wconf 85' lang='grc' dir='ltr'><strong>ἀν</strong></span> <span class='ocrx_word' id='word_1_127' title='bbox 1348 1602 1425 1673; x_wconf 79' lang='grc' dir='ltr'><strong>μὴ</strong></span> <span class='ocrx_word' id='word_1_128' title='bbox 1463 1600 1787 1671; x_wconf 72' lang='grc' dir='ltr'><strong>ἐπαλλήλοις</strong></span> 
     </span>
    </p>
   </div>
   <div class='ocr_carea' id='block_1_18' title="bbox 203 1689 1781 1762">
    <p class='ocr_par' dir='ltr' id='par_1_18' title="bbox 203 1689 1781 1762">
     <span class='ocr_line' id='line_1_18' title="bbox 203 1689 1781 1762; baseline 0.002 -21"><span class='ocrx_word' id='word_1_129' title='bbox 203 1689 322 1758; x_wconf 69' lang='grc' dir='ltr'><strong>ὗμιν</strong></span> <span class='ocrx_word' id='word_1_130' title='bbox 350 1694 685 1761; x_wconf 77' lang='grc' dir='ltr'><strong>περιπεσεῖν</strong></span> <span class='ocrx_word' id='word_1_131' title='bbox 720 1691 1008 1762; x_wconf 73' lang='grc' dir='ltr'><strong>ἐγγένηται</strong></span> <span class='ocrx_word' id='word_1_132' title='bbox 1031 1695 1142 1756; x_wconf 74' lang='grc' dir='ltr'><strong>τοῖς</strong></span> <span class='ocrx_word' id='word_1_133' title='bbox 1172 1695 1382 1755; x_wconf 84' lang='grc' dir='ltr'><strong>κακοῖς.</strong></span> <span class='ocrx_word' id='word_1_134' title='bbox 1428 1710 1448 1743; x_wconf 81' lang='grc' dir='ltr'><strong>ι</strong></span> <span class='ocrx_word' id='word_1_135' title='bbox 1492 1692 1614 1744; x_wconf 81' lang='grc' dir='ltr'><strong>Ὀτι</strong></span> <span class='ocrx_word' id='word_1_136' title='bbox 1651 1706 1781 1744; x_wconf 87' lang='grc' dir='ltr'><strong>κατ·</strong></span> 
     </span>
    </p>
   </div>
   <div class='ocr_carea' id='block_1_19' title="bbox 205 1760 1857 1856">
    <p class='ocr_par' dir='ltr' id='par_1_19' title="bbox 205 1760 1857 1856">
     <span class='ocr_line' id='line_1_19' title="bbox 205 1760 1857 1856; baseline 0.011 -23"><span class='ocrx_word' id='word_1_137' title='bbox 205 1780 378 1834; x_wconf 75' lang='grc' dir='ltr'><strong>ἔναντι</strong></span> <span class='ocrx_word' id='word_1_138' title='bbox 423 1781 543 1836; x_wconf 84' lang='grc' dir='ltr'><strong>τῶν</strong></span> <span class='ocrx_word' id='word_1_139' title='bbox 593 1760 1091 1854; x_wconf 18' lang='grc' dir='ltr'><strong>όφθαλμῶνήύμιῖιν</strong></span> <span class='ocrx_word' id='word_1_140' title='bbox 1155 1783 1422 1856; x_wconf 85' lang='grc' dir='ltr'><strong>βρώματα</strong></span> <span class='ocrx_word' id='word_1_141' title='bbox 1475 1781 1779 1853; x_wconf 75' lang='grc' dir='ltr'><strong>ιξηράνθη,</strong></span> <span class='ocrx_word' id='word_1_142' title='bbox 1815 1760 1857 1815; x_wconf 71' lang='grc' dir='ltr'><strong>Β</strong></span> 
     </span>
    </p>
   </div>
   <div class='ocr_carea' id='block_1_20' title="bbox 202 1871 1782 1949">
    <p class='ocr_par' dir='ltr' id='par_1_20' title="bbox 202 1871 1782 1949">
     <span class='ocr_line' id='line_1_20' title="bbox 202 1871 1782 1949; baseline 0.001 -23"><span class='ocrx_word' id='word_1_143' title='bbox 202 1871 370 1938; x_wconf 54' lang='lat' dir='ltr'><strong>ait:</strong></span> <span class='ocrx_word' id='word_1_144' title='bbox 393 1872 559 1949; x_wconf 71' lang='grc' dir='ltr'><strong>οἴκου</strong></span> <span class='ocrx_word' id='word_1_145' title='bbox 589 1872 730 1926; x_wconf 86' lang='grc' dir='ltr'><strong>Θεοῦ</strong></span> <span class='ocrx_word' id='word_1_146' title='bbox 760 1872 916 1943; x_wconf 79' lang='grc' dir='ltr'><strong>ὑμῶν</strong></span> <span class='ocrx_word' id='word_1_147' title='bbox 947 1873 1251 1946; x_wconf 79' lang='grc' dir='ltr'><strong>εὐφροσύνη</strong></span> <span class='ocrx_word' id='word_1_148' title='bbox 1284 1876 1379 1928; x_wconf 81' lang='grc' dir='ltr'><strong>καὶ</strong></span> <span class='ocrx_word' id='word_1_149' title='bbox 1406 1875 1568 1946; x_wconf 85' lang='grc' dir='ltr'><strong>χαρά.</strong></span> <span class='ocrx_word' id='word_1_150' title='bbox 1607 1893 1627 1927; x_wconf 76' lang='grc' dir='ltr'><strong>ι</strong></span> <span class='ocrx_word' id='word_1_151' title='bbox 1666 1875 1782 1927; x_wconf 85' lang='grc' dir='ltr'><strong>Ἴνα</strong></span> 
     </span>
    </p>
   </div>
   <div class='ocr_carea' id='block_1_21' title="bbox 208 1962 1783 2035">
    <p class='ocr_par' dir='ltr' id='par_1_21' title="bbox 208 1962 1783 2035">
     <span class='ocr_line' id='line_1_21' title="bbox 208 1962 1783 2035; baseline -0.001 -18"><span class='ocrx_word' id='word_1_152' title='bbox 208 1963 275 2035; x_wconf 71' lang='grc' dir='ltr'><strong>μή</strong></span> <span class='ocrx_word' id='word_1_153' title='bbox 293 1962 572 2017; x_wconf 76' lang='grc' dir='ltr'><strong>αὐτόπται</strong></span> <span class='ocrx_word' id='word_1_154' title='bbox 603 1963 838 2034; x_wconf 75' lang='grc' dir='ltr'><strong>γένησθε</strong></span> <span class='ocrx_word' id='word_1_155' title='bbox 868 1964 977 2018; x_wconf 87' lang='grc' dir='ltr'><strong>τῶν</strong></span> <span class='ocrx_word' id='word_1_156' title='bbox 1008 1965 1192 2019; x_wconf 82' lang='grc' dir='ltr'><strong>κακῶν</strong></span> <span class='ocrx_word' id='word_1_157' title='bbox 1226 1965 1471 2029; x_wconf 72' lang='grc' dir='ltr'><strong>ἐκείνων,</strong></span> <span class='ocrx_word' id='word_1_158' title='bbox 1505 1965 1587 2019; x_wconf 78' lang='grc' dir='ltr'><strong>ὅτι</strong></span> <span class='ocrx_word' id='word_1_159' title='bbox 1612 1962 1783 2035; x_wconf 79' lang='grc' dir='ltr'><strong>πολλὴ</strong></span> 
     </span>
    </p>
   </div>
   <div class='ocr_carea' id='block_1_22' title="bbox 208 2055 1778 2130">
    <p class='ocr_par' dir='ltr' id='par_1_22' title="bbox 208 2055 1778 2130">
     <span class='ocr_line' id='line_1_22' title="bbox 208 2055 1778 2130; baseline 0 -22"><span class='ocrx_word' id='word_1_160' title='bbox 208 2056 297 2124; x_wconf 78' lang='grc' dir='ltr'><strong>μέν</strong></span> <span class='ocrx_word' id='word_1_161' title='bbox 322 2072 411 2119; x_wconf 86' lang='grc' dir='ltr'><strong>τις</strong></span> <span class='ocrx_word' id='word_1_162' title='bbox 449 2056 611 2109; x_wconf 75' lang='grc' dir='ltr'><strong>ἔσται</strong></span> <span class='ocrx_word' id='word_1_163' title='bbox 657 2058 756 2110; x_wconf 73' lang='grc' dir='ltr'><strong>καὶ</strong></span> <span class='ocrx_word' id='word_1_164' title='bbox 800 2057 1031 2128; x_wconf 77' lang='grc' dir='ltr'><strong>μεγίστη</strong></span> <span class='ocrx_word' id='word_1_165' title='bbox 1072 2056 1180 2110; x_wconf 86' lang='grc' dir='ltr'><strong>τῶν</strong></span> <span class='ocrx_word' id='word_1_166' title='bbox 1218 2057 1446 2130; x_wconf 81' lang='grc' dir='ltr'><strong>καρπῶν</strong></span> <span class='ocrx_word' id='word_1_167' title='bbox 1475 2058 1509 2128; x_wconf 79' lang='grc' dir='ltr'>ἠ</span> <span class='ocrx_word' id='word_1_168' title='bbox 1553 2055 1778 2128; x_wconf 84' lang='grc' dir='ltr'><strong>ἀφορία·</strong></span> 
     </span>
    </p>
   </div>
   <div class='ocr_carea' id='block_1_23' title="bbox 204 2145 1785 2220">
    <p class='ocr_par' dir='ltr' id='par_1_23' title="bbox 204 2145 1785 2220">
     <span class='ocr_line' id='line_1_23' title="bbox 204 2145 1785 2220; baseline 0 -21"><span class='ocrx_word' id='word_1_169' title='bbox 204 2145 637 2217; x_wconf 70' lang='grc' dir='ltr'><strong>προστεθήσεται</strong></span> <span class='ocrx_word' id='word_1_170' title='bbox 663 2147 723 2201; x_wconf 81' lang='grc' dir='ltr'><strong>δὲ</strong></span> <span class='ocrx_word' id='word_1_171' title='bbox 746 2148 808 2201; x_wconf 80' lang='grc' dir='ltr'><strong>τὸ</strong></span> <span class='ocrx_word' id='word_1_172' title='bbox 832 2150 1105 2220; x_wconf 83' lang='grc' dir='ltr'><strong>χείριστον</strong></span> <span class='ocrx_word' id='word_1_173' title='bbox 1149 2148 1405 2202; x_wconf 88' lang='grc' dir='ltr'><strong>ἀπάντων</strong></span> <span class='ocrx_word' id='word_1_174' title='bbox 1465 2147 1562 2217; x_wconf 81' lang='grc' dir='ltr'><strong>τὴν</strong></span> <span class='ocrx_word' id='word_1_175' title='bbox 1604 2148 1785 2200; x_wconf 77' lang='grc' dir='ltr'><strong>πᾶσαν</strong></span> 
     </span>
    </p>
   </div>
   <div class='ocr_carea' id='block_1_24' title="bbox 205 2230 1785 2312">
    <p class='ocr_par' dir='ltr' id='par_1_24' title="bbox 205 2230 1785 2312">
     <span class='ocr_line' id='line_1_24' title="bbox 205 2230 1785 2312; baseline 0 -21"><span class='ocrx_word' id='word_1_176' title='bbox 205 2238 514 2311; x_wconf 66' lang='grc' dir='ltr'><strong>ἀφῃρῆσθαι</strong></span> <span class='ocrx_word' id='word_1_177' title='bbox 564 2240 663 2294; x_wconf 85' lang='grc' dir='ltr'><strong>τοῦ</strong></span> <span class='ocrx_word' id='word_1_178' title='bbox 698 2240 851 2294; x_wconf 71' lang='grc' dir='ltr'><strong>οἴκου</strong></span> <span class='ocrx_word' id='word_1_179' title='bbox 894 2240 990 2295; x_wconf 87' lang='grc' dir='ltr'><strong>τοῦ</strong></span> <span class='ocrx_word' id='word_1_180' title='bbox 1032 2239 1169 2294; x_wconf 87' lang='grc' dir='ltr'><strong>Θεοῦ</strong></span> <span class='ocrx_word' id='word_1_181' title='bbox 1211 2230 1312 2312; x_wconf 78' lang='grc' dir='ltr'><strong>τὴν</strong></span> <span class='ocrx_word' id='word_1_182' title='bbox 1346 2238 1692 2311; x_wconf 75' lang='grc' dir='ltr'><strong>καθήκουσαν</strong></span> <span class='ocrx_word' id='word_1_183' title='bbox 1723 2255 1785 2292; x_wconf 86' lang='grc' dir='ltr'><strong>τε</strong></span> 
     </span>
    </p>
   </div>
   <div class='ocr_carea' id='block_1_25' title="bbox 205 2327 1786 2402">
    <p class='ocr_par' dir='ltr' id='par_1_25' title="bbox 205 2327 1786 2402">
     <span class='ocr_line' id='line_1_25' title="bbox 205 2327 1786 2402; baseline 0.001 -22"><span class='ocrx_word' id='word_1_184' title='bbox 205 2330 290 2380; x_wconf 75' lang='grc' dir='ltr'><strong>καὶ</strong></span> <span class='ocrx_word' id='word_1_185' title='bbox 318 2327 692 2400; x_wconf 68' lang='grc' dir='ltr'><strong>ὀφειλομένην</strong></span> <span class='ocrx_word' id='word_1_186' title='bbox 714 2330 791 2400; x_wconf 82' lang='grc' dir='ltr'><strong>τῷ</strong></span> <span class='ocrx_word' id='word_1_187' title='bbox 818 2330 939 2400; x_wconf 85' lang='grc' dir='ltr'><strong>Θεῷ</strong></span> <span class='ocrx_word' id='word_1_188' title='bbox 970 2332 1047 2401; x_wconf 91' lang='lat' dir='ltr'><strong>(p.</strong></span> <span class='ocrx_word' id='word_1_189' title='bbox 1082 2330 1204 2399; x_wconf 73' lang='lat' dir='ltr'><strong>iii)</strong></span> <span class='ocrx_word' id='word_1_190' title='bbox 1227 2329 1546 2402; x_wconf 77' lang='grc' dir='ltr'><strong>θεραπείαν,</strong></span> <span class='ocrx_word' id='word_1_191' title='bbox 1572 2330 1606 2399; x_wconf 79' lang='grc' dir='ltr'><strong>ἡ</strong></span> <span class='ocrx_word' id='word_1_192' title='bbox 1638 2329 1786 2383; x_wconf 64' lang='grc' dir='ltr'><strong>πλείη</strong></span> 
     </span>
    </p>
   </div>
   <div class='ocr_carea' id='block_1_26' title="bbox 207 2419 1788 2493">
    <p class='ocr_par' dir='ltr' id='par_1_26' title="bbox 207 2419 1788 2493">
     <span class='ocr_line' id='line_1_26' title="bbox 207 2419 1788 2493; baseline 0.001 -21"><span class='ocrx_word' id='word_1_193' title='bbox 207 2433 327 2489; x_wconf 75' lang='grc' dir='ltr'><strong>πης</strong></span> <span class='ocrx_word' id='word_1_194' title='bbox 350 2420 487 2490; x_wconf 80' lang='grc' dir='ltr'><strong>ὅσης</strong></span> <span class='ocrx_word' id='word_1_195' title='bbox 510 2421 859 2492; x_wconf 78' lang='grc' dir='ltr'><strong>εὐφροσύνης</strong></span> <span class='ocrx_word' id='word_1_196' title='bbox 889 2439 951 2475; x_wconf 89' lang='grc' dir='ltr'><strong>τε</strong></span> <span class='ocrx_word' id='word_1_197' title='bbox 979 2421 1072 2475; x_wconf 76' lang='grc' dir='ltr'><strong>καὶ</strong></span> <span class='ocrx_word' id='word_1_198' title='bbox 1097 2423 1270 2493; x_wconf 79' lang='grc' dir='ltr'><strong>χαρᾶς</strong></span> <span class='ocrx_word' id='word_1_199' title='bbox 1294 2420 1537 2493; x_wconf 86' lang='grc' dir='ltr'><strong>πληροῦν</strong></span> <span class='ocrx_word' id='word_1_200' title='bbox 1557 2419 1788 2491; x_wconf 85' lang='grc' dir='ltr'><strong>ήδύνατο</strong></span> 
     </span>
    </p>
   </div>
   <div class='ocr_carea' id='block_1_27' title="bbox 206 2508 1516 2585">
    <p class='ocr_par' dir='ltr' id='par_1_27' title="bbox 206 2508 1516 2585">
     <span class='ocr_line' id='line_1_27' title="bbox 206 2508 1516 2585; baseline 0.009 -25"><span class='ocrx_word' id='word_1_201' title='bbox 206 2508 319 2570; x_wconf 63' lang='grc' dir='ltr'><strong>τοὺς</strong></span> <span class='ocrx_word' id='word_1_202' title='bbox 345 2510 486 2580; x_wconf 70' lang='grc' dir='ltr'><strong>πρὸς</strong></span> <span class='ocrx_word' id='word_1_203' title='bbox 515 2509 582 2562; x_wconf 77' lang='grc' dir='ltr'><strong>τὸ</strong></span> <span class='ocrx_word' id='word_1_204' title='bbox 602 2511 729 2565; x_wconf 81' lang='grc' dir='ltr'><strong>δέον</strong></span> <span class='ocrx_word' id='word_1_205' title='bbox 755 2512 1016 2582; x_wconf 76' lang='grc' dir='ltr'><strong>ὁρῶντας.</strong></span> <span class='ocrx_word' id='word_1_206' title='bbox 1158 2580 1169 2585; x_wconf 31' lang='grc'><em>“</em></span> <span class='ocrx_word' id='word_1_207' title='bbox 1513 2548 1516 2552; x_wconf 56' lang='grc' dir='ltr'><strong>λ</strong></span> 
     </span>
    </p>
   </div>
   <div class='ocr_carea' id='block_1_28' title="bbox 265 2592 1788 2677">
    <p class='ocr_par' dir='ltr' id='par_1_28' title="bbox 265 2592 1788 2677">
     <span class='ocr_line' id='line_1_28' title="bbox 265 2592 1788 2677; baseline 0.003 -24"><span class='ocrx_word' id='word_1_208' title='bbox 265 2600 411 2670; x_wconf 80' lang='grc' dir='ltr'><strong>Στίχ.</strong></span> <span class='ocrx_word' id='word_1_209' title='bbox 445 2597 628 2665; x_wconf 75' lang='grc' dir='ltr'><strong>ιζ’-κ’.</strong></span> <span class='ocrx_word' id='word_1_210' title='bbox 653 2592 729 2643; x_wconf 48' lang='grc' dir='ltr'><strong>-ὲ-</strong></span> <span class='ocrx_word' id='word_1_211' title='bbox 770 2622 790 2656; x_wconf 75' lang='grc' dir='ltr'><strong>ι</strong></span> <span class='ocrx_word' id='word_1_212' title='bbox 836 2600 1196 2677; x_wconf 81' lang='grc' dir='ltr'><strong>Ἐσκίρτησαν</strong></span> <span class='ocrx_word' id='word_1_213' title='bbox 1223 2605 1487 2677; x_wconf 78' lang='grc' dir='ltr'><strong>δαμάλεις</strong></span> <span class='ocrx_word' id='word_1_214' title='bbox 1530 2606 1623 2659; x_wconf 66' lang='grc' dir='ltr'><strong>ἐπὶ</strong></span> <span class='ocrx_word' id='word_1_215' title='bbox 1662 2607 1788 2668; x_wconf 78' lang='grc' dir='ltr'><strong>ταῖς</strong></span> 
     </span>
    </p>
   </div>
   <div class='ocr_carea' id='block_1_29' title="bbox 206 2687 1790 2768">
    <p class='ocr_par' dir='ltr' id='par_1_29' title="bbox 206 2687 1790 2768">
     <span class='ocr_line' id='line_1_29' title="bbox 206 2687 1790 2768; baseline 0.004 -25"><span class='ocrx_word' id='word_1_216' title='bbox 206 2690 420 2758; x_wconf 67' lang='grc' dir='ltr'><strong>φάτναις</strong></span> <span class='ocrx_word' id='word_1_217' title='bbox 443 2690 662 2748; x_wconf 73' lang='grc' dir='ltr'><strong>αὐτῶν.</strong></span> <span class='ocrx_word' id='word_1_218' title='bbox 697 2711 718 2745; x_wconf 74' lang='grc' dir='ltr'><strong>ι</strong></span> <span class='ocrx_word' id='word_1_219' title='bbox 743 2687 912 2749; x_wconf 71' lang='grc' dir='ltr'><strong>Δῦται</strong></span> <span class='ocrx_word' id='word_1_220' title='bbox 949 2695 1048 2766; x_wconf 74' lang='grc' dir='ltr'><strong>μὲν</strong></span> <span class='ocrx_word' id='word_1_221' title='bbox 1074 2697 1179 2767; x_wconf 83' lang='grc' dir='ltr'><strong>γάρ</strong></span> <span class='ocrx_word' id='word_1_222' title='bbox 1203 2697 1309 2751; x_wconf 80' lang='grc' dir='ltr'><strong>ὑπὸ</strong></span> <span class='ocrx_word' id='word_1_223' title='bbox 1329 2697 1428 2768; x_wconf 83' lang='grc' dir='ltr'><strong>τῆς</strong></span> <span class='ocrx_word' id='word_1_224' title='bbox 1456 2696 1790 2767; x_wconf 78' lang='grc' dir='ltr'><strong>κατεχούσης</strong></span> 
     </span>
    </p>
   </div>
   <div class='ocr_carea' id='block_1_30' title="bbox 205 2781 1789 2860">
    <p class='ocr_par' dir='ltr' id='par_1_30' title="bbox 205 2781 1789 2860">
     <span class='ocr_line' id='line_1_30' title="bbox 205 2781 1789 2860; baseline 0.004 -25"><span class='ocrx_word' id='word_1_225' title='bbox 205 2781 401 2846; x_wconf 68' lang='grc' dir='ltr'><strong>ἑνδείας</strong></span> <span class='ocrx_word' id='word_1_226' title='bbox 430 2783 907 2855; x_wconf 82' lang='grc' dir='ltr'><strong>συνελαυνόμεναι</strong></span> <span class='ocrx_word' id='word_1_227' title='bbox 938 2787 1073 2858; x_wconf 80' lang='grc' dir='ltr'><strong>πρὸς</strong></span> <span class='ocrx_word' id='word_1_228' title='bbox 1105 2787 1167 2841; x_wconf 75' lang='grc' dir='ltr'><strong>τὸ</strong></span> <span class='ocrx_word' id='word_1_229' title='bbox 1196 2790 1423 2860; x_wconf 77' lang='grc' dir='ltr'><strong>σκιρτᾷν</strong></span> <span class='ocrx_word' id='word_1_230' title='bbox 1450 2805 1512 2842; x_wconf 89' lang='grc' dir='ltr'><strong>τε</strong></span> <span class='ocrx_word' id='word_1_231' title='bbox 1539 2787 1789 2842; x_wconf 82' lang='grc' dir='ltr'><strong>νεύσουσι</strong></span> 
     </span>
    </p>
   </div>
   <div class='ocr_carea' id='block_1_31' title="bbox 206 2872 1791 2949">
    <p class='ocr_par' dir='ltr' id='par_1_31' title="bbox 206 2872 1791 2949">
     <span class='ocr_line' id='line_1_31' title="bbox 206 2872 1791 2949; baseline 0.003 -23"><span class='ocrx_word' id='word_1_232' title='bbox 206 2872 293 2927; x_wconf 80' lang='grc' dir='ltr'><strong>καὶ</strong></span> <span class='ocrx_word' id='word_1_233' title='bbox 320 2874 736 2945; x_wconf 78' lang='grc' dir='ltr'><strong>ταράττεσθαι,</strong></span> <span class='ocrx_word' id='word_1_234' title='bbox 768 2876 874 2929; x_wconf 78' lang='grc' dir='ltr'><strong>ὑπὸ</strong></span> <span class='ocrx_word' id='word_1_235' title='bbox 923 2876 1023 2947; x_wconf 75' lang='grc' dir='ltr'><strong>μὲν</strong></span> <span class='ocrx_word' id='word_1_236' title='bbox 1066 2878 1167 2948; x_wconf 84' lang='grc' dir='ltr'><strong>τῆς</strong></span> <span class='ocrx_word' id='word_1_237' title='bbox 1200 2877 1416 2946; x_wconf 85' lang='grc' dir='ltr'><strong>φύσεως</strong></span> <span class='ocrx_word' id='word_1_238' title='bbox 1448 2875 1547 2948; x_wconf 79' lang='grc' dir='ltr'><strong>τὴν</strong></span> <span class='ocrx_word' id='word_1_239' title='bbox 1584 2878 1791 2949; x_wconf 81' lang='grc' dir='ltr'><strong>τροφὴν</strong></span> 
     </span>
    </p>
   </div>
   <div class='ocr_carea' id='block_1_32' title="bbox 207 2963 1793 3039">
    <p class='ocr_par' dir='ltr' id='par_1_32' title="bbox 207 2963 1793 3039">
     <span class='ocr_line' id='line_1_32' title="bbox 207 2963 1793 3039; baseline 0.003 -23"><span class='ocrx_word' id='word_1_240' title='bbox 207 2963 583 3035; x_wconf 71' lang='grc' dir='ltr'><strong>ἑπιξητοῦσαι,</strong></span> <span class='ocrx_word' id='word_1_241' title='bbox 614 2965 723 3019; x_wconf 77' lang='grc' dir='ltr'><strong>ὑπὸ</strong></span> <span class='ocrx_word' id='word_1_242' title='bbox 750 2966 808 3020; x_wconf 81' lang='grc' dir='ltr'><strong>δὲ</strong></span> <span class='ocrx_word' id='word_1_243' title='bbox 828 2967 923 3021; x_wconf 84' lang='grc' dir='ltr'><strong>τοῦ</strong></span> <span class='ocrx_word' id='word_1_244' title='bbox 949 2966 1024 3039; x_wconf 81' lang='grc' dir='ltr'><strong>μὴ</strong></span> <span class='ocrx_word' id='word_1_245' title='bbox 1045 2971 1296 3039; x_wconf 84' lang='grc' dir='ltr'><strong>παρεῖναι</strong></span> <span class='ocrx_word' id='word_1_246' title='bbox 1324 2968 1387 3021; x_wconf 82' lang='grc' dir='ltr'><strong>τὸ</strong></span> <span class='ocrx_word' id='word_1_247' title='bbox 1406 2967 1625 3039; x_wconf 80' lang='grc' dir='ltr'><strong>τρέφον.</strong></span> <span class='ocrx_word' id='word_1_248' title='bbox 1657 2969 1793 3039; x_wconf 83' lang='grc' dir='ltr'><strong>πρὸς</strong></span> 
     </span>
    </p>
   </div>
   <div class='ocr_carea' id='block_1_33' title="bbox 207 3055 1794 3130">
    <p class='ocr_par' dir='ltr' id='par_1_33' title="bbox 207 3055 1794 3130">
     <span class='ocr_line' id='line_1_33' title="bbox 207 3055 1794 3130; baseline 0.001 -20"><span class='ocrx_word' id='word_1_249' title='bbox 207 3056 431 3110; x_wconf 75' lang='grc' dir='ltr'><strong>ἄτακτον</strong></span> <span class='ocrx_word' id='word_1_250' title='bbox 447 3055 779 3128; x_wconf 76' lang='grc' dir='ltr'><strong>κινούμεναι</strong></span> <span class='ocrx_word' id='word_1_251' title='bbox 794 3057 1096 3130; x_wconf 87' lang='grc' dir='ltr'><strong>σκίρτησιν.</strong></span> <span class='ocrx_word' id='word_1_252' title='bbox 1122 3076 1140 3110; x_wconf 84' lang='grc' dir='ltr'><strong>ι</strong></span> <span class='ocrx_word' id='word_1_253' title='bbox 1162 3058 1475 3129; x_wconf 84' lang='grc' dir='ltr'><strong>Εὐρωτίασε</strong></span> <span class='ocrx_word' id='word_1_254' title='bbox 1498 3057 1794 3129; x_wconf 81' lang='grc' dir='ltr'><strong>σιτοδοχεῐα</strong></span> 
     </span>
    </p>
   </div>
   <div class='ocr_carea' id='block_1_34' title="bbox 206 3148 1794 3222">
    <p class='ocr_par' dir='ltr' id='par_1_34' title="bbox 206 3148 1794 3222">
     <span class='ocr_line' id='line_1_34' title="bbox 206 3148 1794 3222; baseline 0.001 -20"><span class='ocrx_word' id='word_1_255' title='bbox 206 3149 305 3203; x_wconf 69' lang='grc' dir='ltr'><strong>ἀπὺ</strong></span> <span class='ocrx_word' id='word_1_256' title='bbox 316 3149 429 3202; x_wconf 85' lang='grc' dir='ltr'><strong>τῶν</strong></span> <span class='ocrx_word' id='word_1_257' title='bbox 446 3149 781 3221; x_wconf 72' lang='grc' dir='ltr'><strong>χρωμάτων</strong></span> <span class='ocrx_word' id='word_1_258' title='bbox 795 3148 992 3204; x_wconf 76' lang='grc' dir='ltr'><strong>αὐτῶν.</strong></span> <span class='ocrx_word' id='word_1_259' title='bbox 1005 3167 1025 3201; x_wconf 75' lang='grc' dir='ltr'><strong>ι</strong></span> <span class='ocrx_word' id='word_1_260' title='bbox 1042 3149 1259 3222; x_wconf 78' lang='grc' dir='ltr'><strong>Ἐπειδὴ</strong></span> <span class='ocrx_word' id='word_1_261' title='bbox 1282 3150 1400 3214; x_wconf 70' lang='grc' dir='ltr'><strong>ἔθος</strong></span> <span class='ocrx_word' id='word_1_262' title='bbox 1418 3150 1794 3222; x_wconf 84' lang='grc' dir='ltr'><strong>περιχρίεσθαι</strong></span> 
     </span>
    </p>
   </div>
   <div class='ocr_carea' id='block_1_35' title="bbox 208 3239 1791 3310">
    <p class='ocr_par' dir='ltr' id='par_1_35' title="bbox 208 3239 1791 3310">
     <span class='ocr_line' id='line_1_35' title="bbox 208 3239 1791 3310; baseline 0.002 -18"><span class='ocrx_word' id='word_1_263' title='bbox 208 3239 292 3293; x_wconf 75' lang='grc' dir='ltr'><strong>τοῦ</strong></span> <span class='ocrx_word' id='word_1_264' title='bbox 308 3240 463 3293; x_wconf 79' lang='grc' dir='ltr'><strong>σίτου</strong></span> <span class='ocrx_word' id='word_1_265' title='bbox 480 3240 585 3304; x_wconf 72' lang='grc' dir='ltr'><strong>τὰς</strong></span> <span class='ocrx_word' id='word_1_266' title='bbox 598 3240 885 3310; x_wconf 81' lang='grc' dir='ltr'><strong>ἀποθήκας</strong></span> <span class='ocrx_word' id='word_1_267' title='bbox 900 3239 1196 3309; x_wconf 77' lang='grc' dir='ltr'><strong>ἀσφαλείας</strong></span> <span class='ocrx_word' id='word_1_268' title='bbox 1207 3241 1292 3293; x_wconf 61' lang='lat' dir='ltr'><strong>ﬁve</strong></span> <span class='ocrx_word' id='word_1_269' title='bbox 1300 3256 1413 3306; x_wconf 88' lang='grc' dir='ltr'><strong>κεν,</strong></span> <span class='ocrx_word' id='word_1_270' title='bbox 1428 3242 1528 3295; x_wconf 82' lang='grc' dir='ltr'><strong>οὐκ</strong></span> <span class='ocrx_word' id='word_1_271' title='bbox 1542 3242 1791 3307; x_wconf 74' lang='grc' dir='ltr'><strong>ἐνόντων,</strong></span> 
     </span>
    </p>
   </div>
   <div class='ocr_carea' id='block_1_36' title="bbox 207 3330 1794 3403">
    <p class='ocr_par' dir='ltr' id='par_1_36' title="bbox 207 3330 1794 3403">
     <span class='ocr_line' id='line_1_36' title="bbox 207 3330 1794 3403; baseline 0 -19"><span class='ocrx_word' id='word_1_272' title='bbox 207 3334 359 3400; x_wconf 68' lang='grc' dir='ltr'><strong>φησὶ,</strong></span> <span class='ocrx_word' id='word_1_273' title='bbox 382 3331 496 3384; x_wconf 86' lang='grc' dir='ltr'><strong>τῶν</strong></span> <span class='ocrx_word' id='word_1_274' title='bbox 524 3330 973 3402; x_wconf 67' lang='grc' dir='ltr'><strong>ἐμϐαλλομένων,</strong></span> <span class='ocrx_word' id='word_1_275' title='bbox 998 3331 1210 3402; x_wconf 80' lang='grc' dir='ltr'><strong>εὐρῶτα</strong></span> <span class='ocrx_word' id='word_1_276' title='bbox 1228 3332 1256 3384; x_wconf 90' lang='grc' dir='ltr'><strong>ό</strong></span> <span class='ocrx_word' id='word_1_277' title='bbox 1277 3332 1654 3403; x_wconf 75' lang='grc' dir='ltr'><strong>ἐπιχριόμενος</strong></span> <span class='ocrx_word' id='word_1_278' title='bbox 1682 3331 1794 3398; x_wconf 70' lang='grc' dir='ltr'><strong>ἔξει</strong></span> 
     </span>
    </p>
   </div>
   <div class='ocr_carea' id='block_1_37' title="bbox 208 3419 1796 3493">
    <p class='ocr_par' dir='ltr' id='par_1_37' title="bbox 208 3419 1796 3493">
     <span class='ocr_line' id='line_1_37' title="bbox 208 3419 1796 3493; baseline 0 -20"><span class='ocrx_word' id='word_1_279' title='bbox 208 3422 398 3493; x_wconf 75' lang='grc' dir='ltr'><strong>πηλὸς,</strong></span> <span class='ocrx_word' id='word_1_280' title='bbox 424 3422 494 3474; x_wconf 80' lang='grc' dir='ltr'><strong>ὲκ</strong></span> <span class='ocrx_word' id='word_1_281' title='bbox 511 3420 609 3474; x_wconf 85' lang='grc' dir='ltr'><strong>τοῦ</strong></span> <span class='ocrx_word' id='word_1_282' title='bbox 630 3422 799 3491; x_wconf 81' lang='grc' dir='ltr'><strong>μηδὲν</strong></span> <span class='ocrx_word' id='word_1_283' title='bbox 828 3420 1177 3474; x_wconf 81' lang='grc' dir='ltr'><strong>ἀποτίθεσθαι</strong></span> <span class='ocrx_word' id='word_1_284' title='bbox 1203 3419 1477 3486; x_wconf 80' lang='grc' dir='ltr'><strong>καθάπαξ.</strong></span> <span class='ocrx_word' id='word_1_285' title='bbox 1510 3440 1528 3473; x_wconf 82' lang='grc' dir='ltr'><strong>ι</strong></span> <span class='ocrx_word' id='word_1_286' title='bbox 1574 3420 1796 3490; x_wconf 88' lang='grc' dir='ltr'><strong>Ἠφανί-</strong></span> 
     </span>
    </p>
   </div>
   <div class='ocr_carea' id='block_1_38' title="bbox 214 3511 1795 3585">
    <p class='ocr_par' dir='ltr' id='par_1_38' title="bbox 214 3511 1795 3585">
     <span class='ocr_line' id='line_1_38' title="bbox 214 3511 1795 3585; baseline -0.002 -17"><span class='ocrx_word' id='word_1_287' title='bbox 214 3515 422 3585; x_wconf 75' lang='grc' dir='ltr'><strong>σθησαν</strong></span> <span class='ocrx_word' id='word_1_288' title='bbox 456 3512 748 3585; x_wconf 86' lang='grc' dir='ltr'><strong>θησαυροί.</strong></span> <span class='ocrx_word' id='word_1_289' title='bbox 794 3532 813 3565; x_wconf 75' lang='grc' dir='ltr'><strong>ι</strong></span> <span class='ocrx_word' id='word_1_290' title='bbox 846 3513 962 3575; x_wconf 75' lang='lat' dir='ltr'><strong>na;</strong></span> <span class='ocrx_word' id='word_1_291' title='bbox 991 3512 1156 3576; x_wconf 83' lang='grc' dir='ltr'><strong>τόπος</strong></span> <span class='ocrx_word' id='word_1_292' title='bbox 1191 3513 1374 3567; x_wconf 80' lang='grc' dir='ltr'><strong>ὅντινα</strong></span> <span class='ocrx_word' id='word_1_293' title='bbox 1398 3513 1596 3584; x_wconf 83' lang='grc' dir='ltr'><strong>δήποτε</strong></span> <span class='ocrx_word' id='word_1_294' title='bbox 1628 3511 1795 3566; x_wconf 74' lang='grc' dir='ltr'><strong>εἰσδέο</strong></span> 
     </span>
    </p>
   </div>
   <div class='ocr_carea' id='block_1_39' title="bbox 209 3603 1796 3676">
    <p class='ocr_par' dir='ltr' id='par_1_39' title="bbox 209 3603 1796 3676">
     <span class='ocr_line' id='line_1_39' title="bbox 209 3603 1796 3676; baseline -0.001 -17"><span class='ocrx_word' id='word_1_295' title='bbox 209 3606 404 3676; x_wconf 78' lang='grc' dir='ltr'><strong>χεσθαι</strong></span> <span class='ocrx_word' id='word_1_296' title='bbox 448 3605 669 3675; x_wconf 75' lang='grc' dir='ltr'><strong>καρπὸν</strong></span> <span class='ocrx_word' id='word_1_297' title='bbox 707 3603 940 3670; x_wconf 77' lang='grc' dir='ltr'><strong>εἰωθὼς,</strong></span> <span class='ocrx_word' id='word_1_298' title='bbox 973 3605 1224 3675; x_wconf 69' lang='grc' dir='ltr'><strong>περιττὸς</strong></span> <span class='ocrx_word' id='word_1_299' title='bbox 1251 3604 1435 3670; x_wconf 70' lang='grc' dir='ltr'><strong>ἔσται,</strong></span> <span class='ocrx_word' id='word_1_300' title='bbox 1482 3606 1584 3658; x_wconf 83' lang='grc' dir='ltr'><strong>οὐκ</strong></span> <span class='ocrx_word' id='word_1_301' title='bbox 1624 3605 1796 3658; x_wconf 75' lang='grc' dir='ltr'><strong>ὖντων</strong></span> 
     </span>
    </p>
   </div>
   <div class='ocr_carea' id='block_1_40' title="bbox 206 3694 1797 3767">
    <p class='ocr_par' dir='ltr' id='par_1_40' title="bbox 206 3694 1797 3767">
     <span class='ocr_line' id='line_1_40' title="bbox 206 3694 1797 3767; baseline -0.002 -16"><span class='ocrx_word' id='word_1_302' title='bbox 206 3696 313 3751; x_wconf 79' lang='grc' dir='ltr'><strong>τῶν</strong></span> <span class='ocrx_word' id='word_1_303' title='bbox 339 3694 719 3766; x_wconf 72' lang='grc' dir='ltr'><strong>ἐμϐάλλεσθαι</strong></span> <span class='ocrx_word' id='word_1_304' title='bbox 758 3695 1104 3765; x_wconf 80' lang='grc' dir='ltr'><strong>ὀφειλόντων.</strong></span> <span class='ocrx_word' id='word_1_305' title='bbox 1161 3713 1178 3747; x_wconf 87' lang='grc' dir='ltr'><strong>ι</strong></span> <span class='ocrx_word' id='word_1_306' title='bbox 1225 3696 1664 3767; x_wconf 82' lang='grc' dir='ltr'><strong>Κατεσκάφησαν</strong></span> <span class='ocrx_word' id='word_1_307' title='bbox 1704 3696 1797 3767; x_wconf 87' lang='grc' dir='ltr'><strong>λη-</strong></span> 
     </span>
    </p>
   </div>
   <div class='ocr_carea' id='block_1_41' title="bbox 204 3777 1795 3857">
    <p class='ocr_par' dir='ltr' id='par_1_41' title="bbox 204 3777 1795 3857">
     <span class='ocr_line' id='line_1_41' title="bbox 204 3777 1795 3857; baseline -0.001 -18"><span class='ocrx_word' id='word_1_308' title='bbox 204 3786 307 3841; x_wconf 69' lang='grc' dir='ltr'><strong>νοί.</strong></span> <span class='ocrx_word' id='word_1_309' title='bbox 348 3807 371 3837; x_wconf 72' lang='grc' dir='ltr'><strong>ι</strong></span> <span class='ocrx_word' id='word_1_310' title='bbox 410 3786 677 3857; x_wconf 59' lang='grc' dir='ltr'><strong>Ιιεριτταᾶ⁵</strong></span> <span class='ocrx_word' id='word_1_311' title='bbox 708 3784 803 3838; x_wconf 82' lang='grc' dir='ltr'><strong>καὶ</strong></span> <span class='ocrx_word' id='word_1_312' title='bbox 830 3777 994 3838; x_wconf 74' lang='grc' dir='ltr'><strong>αὗται</strong></span> <span class='ocrx_word' id='word_1_313' title='bbox 1023 3784 1333 3852; x_wconf 85' lang='grc' dir='ltr'><strong>φανοῦνται,</strong></span> <span class='ocrx_word' id='word_1_314' title='bbox 1369 3785 1580 3848; x_wconf 79' lang='grc' dir='ltr'><strong>οὐδενὸς</strong></span> <span class='ocrx_word' id='word_1_315' title='bbox 1616 3786 1795 3838; x_wconf 75' lang='grc' dir='ltr'><strong>εἰσκο-</strong></span> 
     </span>
    </p>
   </div>
   <div class='ocr_carea' id='block_1_42' title="bbox 210 3873 1796 3947">
    <p class='ocr_par' dir='ltr' id='par_1_42' title="bbox 210 3873 1796 3947">
     <span class='ocr_line' id='line_1_42' title="bbox 210 3873 1796 3947; baseline 0.001 -21"><span class='ocrx_word' id='word_1_316' title='bbox 210 3874 540 3947; x_wconf 76' lang='grc' dir='ltr'><strong>μιζομένου.</strong></span> <span class='ocrx_word' id='word_1_317' title='bbox 596 3893 617 3927; x_wconf 79' lang='grc' dir='ltr'><strong>ι</strong></span> <span class='ocrx_word' id='word_1_318' title='bbox 660 3875 785 3927; x_wconf 82' lang='grc' dir='ltr'><strong>Ὀτι</strong></span> <span class='ocrx_word' id='word_1_319' title='bbox 828 3873 1101 3947; x_wconf 77' lang='grc' dir='ltr'><strong>ἐξηράνθη</strong></span> <span class='ocrx_word' id='word_1_320' title='bbox 1147 3876 1312 3938; x_wconf 83' lang='grc' dir='ltr'><strong>σῖτος,</strong></span> <span class='ocrx_word' id='word_1_321' title='bbox 1358 3874 1411 3926; x_wconf 92' lang='grc' dir='ltr'><strong>τί</strong></span> <span class='ocrx_word' id='word_1_322' title='bbox 1452 3874 1796 3947; x_wconf 85' lang='grc' dir='ltr'><strong>ἀποθήσομεν</strong></span> 
     </span>
    </p>
   </div>
   <div class='ocr_carea' id='block_1_43' title="bbox 207 3965 1798 4039">
    <p class='ocr_par' dir='ltr' id='par_1_43' title="bbox 207 3965 1798 4039">
     <span class='ocr_line' id='line_1_43' title="bbox 207 3965 1798 4039; baseline -0.001 -20"><span class='ocrx_word' id='word_1_323' title='bbox 207 3968 434 4029; x_wconf 69' lang='grc' dir='ltr'><strong>ἑαυτοῖς</strong></span> <span class='ocrx_word' id='word_1_324' title='bbox 467 3984 485 4031; x_wconf 87' lang='grc'><strong>;</strong></span> <span class='ocrx_word' id='word_1_325' title='bbox 515 3985 537 4017; x_wconf 72' lang='grc' dir='ltr'><strong>ι</strong></span> <span class='ocrx_word' id='word_1_326' title='bbox 575 3966 706 4018; x_wconf 78' lang='grc' dir='ltr'><strong>Ἀπὸ</strong></span> <span class='ocrx_word' id='word_1_327' title='bbox 737 3966 936 4039; x_wconf 79' lang='grc' dir='ltr'><strong>μέρους</strong></span> <span class='ocrx_word' id='word_1_328' title='bbox 960 3965 1056 4018; x_wconf 91' lang='grc' dir='ltr'><strong>τοῦ</strong></span> <span class='ocrx_word' id='word_1_329' title='bbox 1081 3965 1225 4018; x_wconf 85' lang='grc' dir='ltr'><strong>σίτου</strong></span> <span class='ocrx_word' id='word_1_330' title='bbox 1254 3965 1381 4029; x_wconf 79' lang='grc' dir='ltr'><strong>τοὺς</strong></span> <span class='ocrx_word' id='word_1_331' title='bbox 1396 3965 1602 4029; x_wconf 88' lang='grc' dir='ltr'><strong>πάντας</strong></span> <span class='ocrx_word' id='word_1_332' title='bbox 1625 3967 1798 4019; x_wconf 78' lang='grc' dir='ltr'><strong>εἰπεῖν</strong></span> 
     </span>
    </p>
   </div>
   <div class='ocr_carea' id='block_1_44' title="bbox 206 4055 1799 4128">
    <p class='ocr_par' dir='ltr' id='par_1_44' title="bbox 206 4055 1799 4128">
     <span class='ocr_line' id='line_1_44' title="bbox 206 4055 1799 4128; baseline -0.001 -18"><span class='ocrx_word' id='word_1_333' title='bbox 206 4056 495 4127; x_wconf 64' lang='grc' dir='ltr'><strong>ἠϐουλήθη</strong></span> <span class='ocrx_word' id='word_1_334' title='bbox 520 4056 795 4127; x_wconf 86' lang='grc' dir='ltr'><strong>καρπούς·</strong></span> <span class='ocrx_word' id='word_1_335' title='bbox 836 4059 920 4121; x_wconf 79' lang='grc' dir='ltr'><strong>είς</strong></span> <span class='ocrx_word' id='word_1_336' title='bbox 946 4056 1054 4128; x_wconf 83' lang='grc' dir='ltr'><strong>γὰρ</strong></span> <span class='ocrx_word' id='word_1_337' title='bbox 1088 4055 1374 4126; x_wconf 74' lang='grc' dir='ltr'><strong>βεϐαίωσιν</strong></span> <span class='ocrx_word' id='word_1_338' title='bbox 1403 4055 1510 4110; x_wconf 88' lang='grc' dir='ltr'><strong>τῶν</strong></span> <span class='ocrx_word' id='word_1_339' title='bbox 1538 4074 1799 4127; x_wconf 88' lang='grc' dir='ltr'><strong>προειρη⁶</strong></span> 
     </span>
    </p>
   </div>
   <div class='ocr_carea' id='block_1_45' title="bbox 213 4146 1798 4219">
    <p class='ocr_par' dir='ltr' id='par_1_45' title="bbox 213 4146 1798 4219">
     <span class='ocr_line' id='line_1_45' title="bbox 213 4146 1798 4219; baseline -0.001 -18"><span class='ocrx_word' id='word_1_340' title='bbox 213 4149 408 4216; x_wconf 78' lang='grc' dir='ltr'><strong>μένων</strong></span> <span class='ocrx_word' id='word_1_341' title='bbox 439 4146 603 4200; x_wconf 82' lang='grc' dir='ltr'><strong>τοῦτο</strong></span> <span class='ocrx_word' id='word_1_342' title='bbox 639 4147 886 4218; x_wconf 81' lang='grc' dir='ltr'><strong>βούλεται</strong></span> <span class='ocrx_word' id='word_1_343' title='bbox 913 4148 1116 4216; x_wconf 86' lang='grc' dir='ltr'><strong>λέγειν,</strong></span> <span class='ocrx_word' id='word_1_344' title='bbox 1149 4148 1230 4201; x_wconf 83' lang='grc' dir='ltr'><strong>ὅτι</strong></span> <span class='ocrx_word' id='word_1_345' title='bbox 1260 4147 1369 4201; x_wconf 87' lang='grc' dir='ltr'><strong>τῶν</strong></span> <span class='ocrx_word' id='word_1_346' title='bbox 1398 4148 1626 4219; x_wconf 87' lang='grc' dir='ltr'><strong>καρπῶν</strong></span> <span class='ocrx_word' id='word_1_347' title='bbox 1659 4165 1798 4215; x_wconf 66' lang='grc' dir='ltr'><strong>παν-</strong></span> 
     </span>
    </p>
   </div>
   <div class='ocr_carea' id='block_1_46' title="bbox 208 4239 1799 4311">
    <p class='ocr_par' dir='ltr' id='par_1_46' title="bbox 208 4239 1799 4311">
     <span class='ocr_line' id='line_1_46' title="bbox 208 4239 1799 4311; baseline 0.001 -20"><span class='ocrx_word' id='word_1_348' title='bbox 208 4239 392 4303; x_wconf 80' lang='grc' dir='ltr'><strong>τελῶς</strong></span> <span class='ocrx_word' id='word_1_349' title='bbox 420 4240 814 4311; x_wconf 72' lang='grc' dir='ltr'><strong>ἀφῃρημένων,</strong></span> <span class='ocrx_word' id='word_1_350' title='bbox 848 4240 1102 4311; x_wconf 82' lang='grc' dir='ltr'><strong>περιττὸς</strong></span> <span class='ocrx_word' id='word_1_351' title='bbox 1127 4241 1233 4303; x_wconf 77' lang='grc' dir='ltr'><strong>πᾶς</strong></span> <span class='ocrx_word' id='word_1_352' title='bbox 1265 4239 1418 4292; x_wconf 74' lang='grc' dir='ltr'><strong>ἔσται</strong></span> <span class='ocrx_word' id='word_1_353' title='bbox 1456 4241 1619 4303; x_wconf 86' lang='grc' dir='ltr'><strong>τόπος</strong></span> <span class='ocrx_word' id='word_1_354' title='bbox 1646 4240 1799 4310; x_wconf 84' lang='grc' dir='ltr'><strong>δέχε-</strong></span> 
     </span>
    </p>
   </div>
   <div class='ocr_carea' id='block_1_47' title="bbox 215 4329 1802 4402">
    <p class='ocr_par' dir='ltr' id='par_1_47' title="bbox 215 4329 1802 4402">
     <span class='ocr_line' id='line_1_47' title="bbox 215 4329 1802 4402; baseline 0 -19"><span class='ocrx_word' id='word_1_355' title='bbox 215 4330 345 4384; x_wconf 81' lang='grc' dir='ltr'><strong>σθαι</strong></span> <span class='ocrx_word' id='word_1_356' title='bbox 375 4330 511 4393; x_wconf 72' lang='grc' dir='ltr'><strong>τοὺς</strong></span> <span class='ocrx_word' id='word_1_357' title='bbox 546 4332 789 4398; x_wconf 79' lang='grc' dir='ltr'><strong>καρποὺς</strong></span> <span class='ocrx_word' id='word_1_358' title='bbox 832 4329 1061 4396; x_wconf 80' lang='grc' dir='ltr'><strong>εἰωθὼς,</strong></span> <span class='ocrx_word' id='word_1_359' title='bbox 1103 4331 1176 4402; x_wconf 90' lang='lat' dir='ltr'><strong>(p.</strong></span> <span class='ocrx_word' id='word_1_360' title='bbox 1214 4331 1335 4400; x_wconf 66' lang='grc' dir='ltr'><strong>ΗΞ)</strong></span> <span class='ocrx_word' id='word_1_361' title='bbox 1369 4330 1469 4383; x_wconf 82' lang='grc' dir='ltr'><strong>οὐκ</strong></span> <span class='ocrx_word' id='word_1_362' title='bbox 1501 4329 1669 4383; x_wconf 77' lang='grc' dir='ltr'><strong>ὄντων</strong></span> <span class='ocrx_word' id='word_1_363' title='bbox 1693 4329 1802 4383; x_wconf 89' lang='grc' dir='ltr'><strong>τῶν</strong></span> 
     </span>
    </p>
   </div>
   <div class='ocr_carea' id='block_1_48' title="bbox 1899 518 3467 590">
    <p class='ocr_par' dir='ltr' id='par_1_48' title="bbox 1899 518 3467 590">
     <span class='ocr_line' id='line_1_48' title="bbox 1899 518 3467 590; baseline 0.004 -20"><span class='ocrx_word' id='word_1_364' title='bbox 1899 535 1918 570; x_wconf 81' lang='grc' dir='ltr'><strong>ι</strong></span> <span class='ocrx_word' id='word_1_365' title='bbox 1966 518 2302 590; x_wconf 83' lang='lat' dir='ltr'><strong>Congregate</strong></span> <span class='ocrx_word' id='word_1_366' title='bbox 2342 534 2543 581; x_wconf 86' lang='lat' dir='ltr'><strong>senes,</strong></span> <span class='ocrx_word' id='word_1_367' title='bbox 2587 533 2887 590; x_wconf 84' lang='lat' dir='ltr'><strong>omnesque</strong></span> <span class='ocrx_word' id='word_1_368' title='bbox 2924 529 3084 575; x_wconf 80' lang='lat' dir='ltr'><strong>terra:</strong></span> <span class='ocrx_word' id='word_1_369' title='bbox 3132 521 3341 575; x_wconf 84' lang='lat' dir='ltr'><strong>incolas</strong></span> <span class='ocrx_word' id='word_1_370' title='bbox 3393 522 3467 577; x_wconf 83' lang='lat' dir='ltr'><strong>ad</strong></span> 
     </span>
    </p>
   </div>
   <div class='ocr_carea' id='block_1_49' title="bbox 1891 608 3464 675">
    <p class='ocr_par' dir='ltr' id='par_1_49' title="bbox 1891 608 3464 675">
     <span class='ocr_line' id='line_1_49' title="bbox 1891 608 3464 675; baseline 0.001 -10"><span class='ocrx_word' id='word_1_371' title='bbox 1891 610 2113 666; x_wconf 86' lang='lat' dir='ltr'><strong>domum</strong></span> <span class='ocrx_word' id='word_1_372' title='bbox 2168 608 2265 665; x_wconf 91' lang='lat' dir='ltr'><strong>Dei</strong></span> <span class='ocrx_word' id='word_1_373' title='bbox 2301 610 2497 675; x_wconf 85' lang='lat' dir='ltr'><strong>vestri,</strong></span> <span class='ocrx_word' id='word_1_374' title='bbox 2527 617 2584 664; x_wconf 92' lang='lat' dir='ltr'><strong>et</strong></span> <span class='ocrx_word' id='word_1_375' title='bbox 2621 610 2856 665; x_wconf 86' lang='lat' dir='ltr'><strong>clamate</strong></span> <span class='ocrx_word' id='word_1_376' title='bbox 2886 611 2954 665; x_wconf 91' lang='lat' dir='ltr'><strong>ad</strong></span> <span class='ocrx_word' id='word_1_377' title='bbox 2986 611 3270 667; x_wconf 91' lang='lat' dir='ltr'><strong>Dominum</strong></span> <span class='ocrx_word' id='word_1_378' title='bbox 3309 613 3464 666; x_wconf 66' lang='lat' dir='ltr'><strong>vebe~</strong></span> 
     </span>
    </p>
   </div>
   <div class='ocr_carea' id='block_1_50' title="bbox 1892 699 3459 756">
    <p class='ocr_par' dir='ltr' id='par_1_50' title="bbox 1892 699 3459 756">
     <span class='ocr_line' id='line_1_50' title="bbox 1892 699 3459 756; baseline 0.001 -1"><span class='ocrx_word' id='word_1_379' title='bbox 1892 710 2139 756; x_wconf 86' lang='lat' dir='ltr'><strong>menter:</strong></span> <span class='ocrx_word' id='word_1_380' title='bbox 2192 699 2306 756; x_wconf 83' lang='lat' dir='ltr'><strong>Heu</strong></span> <span class='ocrx_word' id='word_1_381' title='bbox 2357 699 2522 754; x_wconf 75' lang='lat' dir='ltr'><strong>mihi!</strong></span> <span class='ocrx_word' id='word_1_382' title='bbox 2555 699 2660 755; x_wconf 91' lang='lat' dir='ltr'><strong>heu</strong></span> <span class='ocrx_word' id='word_1_383' title='bbox 2711 701 2881 755; x_wconf 87' lang='lat' dir='ltr'><strong>mihi!</strong></span> <span class='ocrx_word' id='word_1_384' title='bbox 2919 702 3022 755; x_wconf 85' lang='lat' dir='ltr'><strong>heu</strong></span> <span class='ocrx_word' id='word_1_385' title='bbox 3051 701 3182 755; x_wconf 88' lang='lat' dir='ltr'><strong>mihi</strong></span> <span class='ocrx_word' id='word_1_386' title='bbox 3229 703 3282 756; x_wconf 92' lang='lat' dir='ltr'><strong>in</strong></span> <span class='ocrx_word' id='word_1_387' title='bbox 3333 700 3459 756; x_wconf 77' lang='lat' dir='ltr'><strong>die!</strong></span> 
     </span>
    </p>
   </div>
   <div class='ocr_carea' id='block_1_51' title="bbox 1891 790 3467 862">
    <p class='ocr_par' dir='ltr' id='par_1_51' title="bbox 1891 790 3467 862">
     <span class='ocr_line' id='line_1_51' title="bbox 1891 790 3467 862; baseline 0.001 -17"><span class='ocrx_word' id='word_1_388' title='bbox 1891 794 2018 861; x_wconf 89' lang='lat' dir='ltr'><strong>quia</strong></span> <span class='ocrx_word' id='word_1_389' title='bbox 2048 806 2214 862; x_wconf 84' lang='lat' dir='ltr'><strong>prope</strong></span> <span class='ocrx_word' id='word_1_390' title='bbox 2240 791 2359 846; x_wconf 90' lang='lat' dir='ltr'><strong>dies</strong></span> <span class='ocrx_word' id='word_1_391' title='bbox 2387 790 2623 845; x_wconf 86' lang='lat' dir='ltr'><strong>Domini.</strong></span> <span class='ocrx_word' id='word_1_392' title='bbox 2659 810 2678 843; x_wconf 79' lang='grc' dir='ltr'><strong>ι</strong></span> <span class='ocrx_word' id='word_1_393' title='bbox 2712 790 2778 844; x_wconf 86' lang='lat' dir='ltr'><strong>Et</strong></span> <span class='ocrx_word' id='word_1_394' title='bbox 2800 806 3014 856; x_wconf 84' lang='lat' dir='ltr'><strong>omnes,</strong></span> <span class='ocrx_word' id='word_1_395' title='bbox 3044 794 3139 862; x_wconf 81' lang='lat' dir='ltr'><strong>qui</strong></span> <span class='ocrx_word' id='word_1_396' title='bbox 3163 794 3216 846; x_wconf 91' lang='lat' dir='ltr'><strong>in</strong></span> <span class='ocrx_word' id='word_1_397' title='bbox 3242 792 3467 862; x_wconf 80' lang='lat' dir='ltr'><strong>regione</strong></span> 
     </span>
    </p>
   </div>
   <div class='ocr_carea' id='block_1_52' title="bbox 1888 880 3464 951">
    <p class='ocr_par' dir='ltr' id='par_1_52' title="bbox 1888 880 3464 951">
     <span class='ocr_line' id='line_1_52' title="bbox 1888 880 3464 951; baseline 0.002 -15"><span class='ocrx_word' id='word_1_398' title='bbox 1888 890 2071 936; x_wconf 85' lang='lat' dir='ltr'><strong>vestra</strong></span> <span class='ocrx_word' id='word_1_399' title='bbox 2113 883 2417 951; x_wconf 72' lang='lat' dir='ltr'><strong>pmcedere</strong></span> <span class='ocrx_word' id='word_1_400' title='bbox 2449 881 2573 936; x_wconf 85' lang='lat' dir='ltr'><strong>aliis</strong></span> <span class='ocrx_word' id='word_1_401' title='bbox 2622 880 2693 935; x_wconf 88' lang='lat' dir='ltr'><strong>ob</strong></span> <span class='ocrx_word' id='word_1_402' title='bbox 2739 889 2955 937; x_wconf 60' lang='lat' dir='ltr'><strong>aetatem</strong></span> <span class='ocrx_word' id='word_1_403' title='bbox 3003 883 3222 947; x_wconf 89' lang='lat' dir='ltr'><strong>debent,</strong></span> <span class='ocrx_word' id='word_1_404' title='bbox 3266 883 3464 939; x_wconf 86' lang='lat' dir='ltr'><strong>coadu-</strong></span> 
     </span>
    </p>
   </div>
   <div class='ocr_carea' id='block_1_53' title="bbox 1892 973 3458 1045">
    <p class='ocr_par' dir='ltr' id='par_1_53' title="bbox 1892 973 3458 1045">
     <span class='ocr_line' id='line_1_53' title="bbox 1892 973 3458 1045; baseline 0 -18"><span class='ocrx_word' id='word_1_405' title='bbox 1892 981 2108 1035; x_wconf 84' lang='lat' dir='ltr'><strong>nantes.</strong></span> <span class='ocrx_word' id='word_1_406' title='bbox 2156 988 2295 1043; x_wconf 84' lang='lat' dir='ltr'><strong>quos</strong></span> <span class='ocrx_word' id='word_1_407' title='bbox 2329 979 2383 1027; x_wconf 91' lang='lat' dir='ltr'><strong>et</strong></span> <span class='ocrx_word' id='word_1_408' title='bbox 2428 973 2666 1042; x_wconf 88' lang='lat' dir='ltr'><strong>reliquos</strong></span> <span class='ocrx_word' id='word_1_409' title='bbox 2711 974 2871 1044; x_wconf 86' lang='lat' dir='ltr'><strong>sequi</strong></span> <span class='ocrx_word' id='word_1_410' title='bbox 2906 986 3006 1044; x_wconf 86' lang='lat' dir='ltr'><strong>par</strong></span> <span class='ocrx_word' id='word_1_411' title='bbox 3045 983 3151 1041; x_wconf 76' lang='lat' dir='ltr'><strong>est,</strong></span> <span class='ocrx_word' id='word_1_412' title='bbox 3194 974 3458 1045; x_wconf 74' lang='lat' dir='ltr'><strong>gregatim</strong></span> 
     </span>
    </p>
   </div>
   <div class='ocr_carea' id='block_1_54' title="bbox 1889 1060 3460 1134">
    <p class='ocr_par' dir='ltr' id='par_1_54' title="bbox 1889 1060 3460 1134">
     <span class='ocr_line' id='line_1_54' title="bbox 1889 1060 3460 1134; baseline 0.003 -20"><span class='ocrx_word' id='word_1_413' title='bbox 1889 1060 1986 1117; x_wconf 86' lang='lat' dir='ltr'><strong>Dei</strong></span> <span class='ocrx_word' id='word_1_414' title='bbox 2014 1061 2236 1117; x_wconf 88' lang='lat' dir='ltr'><strong>domum</strong></span> <span class='ocrx_word' id='word_1_415' title='bbox 2272 1061 2479 1132; x_wconf 76' lang='lat' dir='ltr'><strong>ingredi</strong></span> <span class='ocrx_word' id='word_1_416' title='bbox 2508 1064 2792 1132; x_wconf 85' lang='lat' dir='ltr'><strong>impellite,</strong></span> <span class='ocrx_word' id='word_1_417' title='bbox 2832 1064 3075 1134; x_wconf 82' lang='lat' dir='ltr'><strong>quandiu</strong></span> <span class='ocrx_word' id='word_1_418' title='bbox 3100 1066 3255 1118; x_wconf 86' lang='lat' dir='ltr'><strong>vobis</strong></span> <span class='ocrx_word' id='word_1_419' title='bbox 3281 1066 3460 1119; x_wconf 76' lang='lat' dir='ltr'><strong>adhuc</strong></span> 
     </span>
    </p>
   </div>
   <div class='ocr_carea' id='block_1_55' title="bbox 1889 1153 3460 1224">
    <p class='ocr_par' dir='ltr' id='par_1_55' title="bbox 1889 1153 3460 1224">
     <span class='ocr_line' id='line_1_55' title="bbox 1889 1153 3460 1224; baseline 0.002 -17"><span class='ocrx_word' id='word_1_420' title='bbox 1889 1153 2228 1224; x_wconf 74' lang='lat' dir='ltr'><strong>ingrediendi</strong></span> <span class='ocrx_word' id='word_1_421' title='bbox 2271 1154 2428 1223; x_wconf 77' lang='lat' dir='ltr'><strong>cupia</strong></span> <span class='ocrx_word' id='word_1_422' title='bbox 2467 1162 2570 1209; x_wconf 89' lang='lat' dir='ltr'><strong>est.</strong></span> <span class='ocrx_word' id='word_1_423' title='bbox 2604 1155 2741 1208; x_wconf 80' lang='lat' dir='ltr'><strong>Cum</strong></span> <span class='ocrx_word' id='word_1_424' title='bbox 2777 1155 2964 1210; x_wconf 85' lang='lat' dir='ltr'><strong>multis</strong></span> <span class='ocrx_word' id='word_1_425' title='bbox 2999 1164 3178 1209; x_wconf 84' lang='lat' dir='ltr'><strong>autem</strong></span> <span class='ocrx_word' id='word_1_426' title='bbox 3226 1156 3460 1210; x_wconf 78' lang='lat' dir='ltr'><strong>clamata</strong></span> 
     </span>
    </p>
   </div>
   <div class='ocr_carea' id='block_1_56' title="bbox 1887 1244 3455 1316">
    <p class='ocr_par' dir='ltr' id='par_1_56' title="bbox 1887 1244 3455 1316">
     <span class='ocr_line' id='line_1_56' title="bbox 1887 1244 3455 1316; baseline 0.001 -18"><span class='ocrx_word' id='word_1_427' title='bbox 1887 1245 2216 1316; x_wconf 73' lang='lat' dir='ltr'><strong>gemitibus;</strong></span> <span class='ocrx_word' id='word_1_428' title='bbox 2254 1244 2307 1298; x_wconf 91' lang='lat' dir='ltr'><strong>id</strong></span> <span class='ocrx_word' id='word_1_429' title='bbox 2335 1246 2481 1299; x_wconf 88' lang='lat' dir='ltr'><strong>enim</strong></span> <span class='ocrx_word' id='word_1_430' title='bbox 2511 1246 2766 1315; x_wconf 66' lang='lat' dir='ltr'><strong>praedicta</strong></span> <span class='ocrx_word' id='word_1_431' title='bbox 2798 1246 2999 1301; x_wconf 78' lang='lat' dir='ltr'><strong>locutio</strong></span> <span class='ocrx_word' id='word_1_432' title='bbox 3030 1247 3131 1300; x_wconf 86' lang='lat' dir='ltr'><strong>ben</strong></span> <span class='ocrx_word' id='word_1_433' title='bbox 3172 1246 3324 1310; x_wconf 82' lang='lat' dir='ltr'><strong>mihi,</strong></span> <span class='ocrx_word' id='word_1_434' title='bbox 3352 1246 3455 1300; x_wconf 86' lang='lat' dir='ltr'><strong>heu</strong></span> 
     </span>
    </p>
   </div>
   <div class='ocr_carea' id='block_1_57' title="bbox 1887 1335 3456 1405">
    <p class='ocr_par' dir='ltr' id='par_1_57' title="bbox 1887 1335 3456 1405">
     <span class='ocr_line' id='line_1_57' title="bbox 1887 1335 3456 1405; baseline 0.001 -16"><span class='ocrx_word' id='word_1_435' title='bbox 1887 1335 2041 1399; x_wconf 85' lang='lat' dir='ltr'><strong>mihi,</strong></span> <span class='ocrx_word' id='word_1_436' title='bbox 2072 1335 2177 1390; x_wconf 86' lang='lat' dir='ltr'><strong>heu</strong></span> <span class='ocrx_word' id='word_1_437' title='bbox 2210 1335 2366 1399; x_wconf 90' lang='lat' dir='ltr'><strong>mihi,</strong></span> <span class='ocrx_word' id='word_1_438' title='bbox 2399 1335 2711 1405; x_wconf 83' lang='lat' dir='ltr'><strong>significat;</strong></span> <span class='ocrx_word' id='word_1_439' title='bbox 2752 1344 2973 1389; x_wconf 90' lang='lat' dir='ltr'><strong>orantes</strong></span> <span class='ocrx_word' id='word_1_440' title='bbox 3020 1353 3088 1390; x_wconf 89' lang='lat' dir='ltr'><strong>ne</strong></span> <span class='ocrx_word' id='word_1_441' title='bbox 3126 1336 3270 1390; x_wconf 88' lang='lat' dir='ltr'><strong>diem</strong></span> <span class='ocrx_word' id='word_1_442' title='bbox 3308 1336 3456 1391; x_wconf 77' lang='lat' dir='ltr'><strong>illam</strong></span> 
     </span>
    </p>
   </div>
   <div class='ocr_carea' id='block_1_58' title="bbox 1886 1425 3458 1497">
    <p class='ocr_par' dir='ltr' id='par_1_58' title="bbox 1886 1425 3458 1497">
     <span class='ocr_line' id='line_1_58' title="bbox 1886 1425 3458 1497; baseline -0.002 -17"><span class='ocrx_word' id='word_1_443' title='bbox 1886 1426 2121 1494; x_wconf 74' lang='lat' dir='ltr'><strong>experiri</strong></span> <span class='ocrx_word' id='word_1_444' title='bbox 2172 1426 2464 1496; x_wconf 88' lang='lat' dir='ltr'><strong>cogamini,</strong></span> <span class='ocrx_word' id='word_1_445' title='bbox 2510 1440 2633 1497; x_wconf 67' lang='lat' dir='ltr'><strong>qua</strong></span> <span class='ocrx_word' id='word_1_446' title='bbox 2675 1425 2819 1480; x_wconf 87' lang='lat' dir='ltr'><strong>haud</strong></span> <span class='ocrx_word' id='word_1_447' title='bbox 2855 1426 3043 1493; x_wconf 88' lang='lat' dir='ltr'><strong>procul</strong></span> <span class='ocrx_word' id='word_1_448' title='bbox 3086 1426 3261 1493; x_wconf 79' lang='lat' dir='ltr'><strong>abest,</strong></span> <span class='ocrx_word' id='word_1_449' title='bbox 3304 1426 3458 1494; x_wconf 84' lang='lat' dir='ltr'><strong>juxta</strong></span> 
     </span>
    </p>
   </div>
   <div class='ocr_carea' id='block_1_59' title="bbox 1886 1515 3459 1588">
    <p class='ocr_par' dir='ltr' id='par_1_59' title="bbox 1886 1515 3459 1588">
     <span class='ocr_line' id='line_1_59' title="bbox 1886 1515 3459 1588; baseline -0.001 -16"><span class='ocrx_word' id='word_1_450' title='bbox 1886 1518 2124 1572; x_wconf 80' lang='lat' dir='ltr'><strong>divinam</strong></span> <span class='ocrx_word' id='word_1_451' title='bbox 2168 1517 2671 1573; x_wconf 82' lang='lat' dir='ltr'><strong>comminationom.</strong></span> <span class='ocrx_word' id='word_1_452' title='bbox 2735 1536 2755 1569; x_wconf 77' lang='grc' dir='ltr'><strong>ι</strong></span> <span class='ocrx_word' id='word_1_453' title='bbox 2810 1515 2876 1570; x_wconf 84' lang='grc' dir='ltr'><strong>Ει</strong></span> <span class='ocrx_word' id='word_1_454' title='bbox 2921 1517 3075 1588; x_wconf 84' lang='lat' dir='ltr'><strong>quasi</strong></span> <span class='ocrx_word' id='word_1_455' title='bbox 3127 1517 3346 1571; x_wconf 83' lang='lat' dir='ltr'><strong>miseria</strong></span> <span class='ocrx_word' id='word_1_456' title='bbox 3388 1515 3459 1571; x_wconf 83' lang='lat' dir='ltr'><strong>de</strong></span> 
     </span>
    </p>
   </div>
   <div class='ocr_carea' id='block_1_60' title="bbox 1886 1604 3461 1675">
    <p class='ocr_par' dir='ltr' id='par_1_60' title="bbox 1886 1604 3461 1675">
     <span class='ocr_line' id='line_1_60' title="bbox 1886 1604 3461 1675; baseline -0.003 -13"><span class='ocrx_word' id='word_1_457' title='bbox 1886 1608 2112 1662; x_wconf 84' lang='lat' dir='ltr'><strong>miseria</strong></span> <span class='ocrx_word' id='word_1_458' title='bbox 2169 1607 2372 1661; x_wconf 87' lang='lat' dir='ltr'><strong>veniet.</strong></span> <span class='ocrx_word' id='word_1_459' title='bbox 2421 1622 2441 1657; x_wconf 76' lang='grc' dir='ltr'><strong>ι</strong></span> <span class='ocrx_word' id='word_1_460' title='bbox 2506 1605 2585 1661; x_wconf 87' lang='lat' dir='ltr'><strong>Ne</strong></span> <span class='ocrx_word' id='word_1_461' title='bbox 2641 1606 2761 1661; x_wconf 89' lang='lat' dir='ltr'><strong>sine</strong></span> <span class='ocrx_word' id='word_1_462' title='bbox 2824 1605 3231 1675; x_wconf 87' lang='lat' dir='ltr'><strong>intercapedine</strong></span> <span class='ocrx_word' id='word_1_463' title='bbox 3302 1604 3461 1658; x_wconf 85' lang='lat' dir='ltr'><strong>malis</strong></span> 
     </span>
    </p>
   </div>
   <div class='ocr_carea' id='block_1_61' title="bbox 1887 1695 3460 1769">
    <p class='ocr_par' dir='ltr' id='par_1_61' title="bbox 1887 1695 3460 1769">
     <span class='ocr_line' id='line_1_61' title="bbox 1887 1695 3460 1769; baseline -0.003 -17"><span class='ocrx_word' id='word_1_464' title='bbox 1887 1697 2283 1769; x_wconf 89' lang='lat' dir='ltr'><strong>corripiamini.</strong></span> <span class='ocrx_word' id='word_1_465' title='bbox 2328 1716 2347 1749; x_wconf 81' lang='grc' dir='ltr'><strong>ι</strong></span> <span class='ocrx_word' id='word_1_466' title='bbox 2381 1696 2521 1763; x_wconf 84' lang='lat' dir='ltr'><strong>Quia</strong></span> <span class='ocrx_word' id='word_1_467' title='bbox 2549 1705 2676 1751; x_wconf 86' lang='lat' dir='ltr'><strong>ante</strong></span> <span class='ocrx_word' id='word_1_468' title='bbox 2722 1697 2913 1750; x_wconf 88' lang='lat' dir='ltr'><strong>oculos</strong></span> <span class='ocrx_word' id='word_1_469' title='bbox 2958 1704 3173 1751; x_wconf 87' lang='lat' dir='ltr'><strong>vestros</strong></span> <span class='ocrx_word' id='word_1_470' title='bbox 3202 1695 3460 1749; x_wconf 85' lang='lat' dir='ltr'><strong>alimenta</strong></span> 
     </span>
    </p>
   </div>
   <div class='ocr_carea' id='block_1_62' title="bbox 1883 1784 3462 1856">
    <p class='ocr_par' dir='ltr' id='par_1_62' title="bbox 1883 1784 3462 1856">
     <span class='ocr_line' id='line_1_62' title="bbox 1883 1784 3462 1856; baseline -0.003 -11"><span class='ocrx_word' id='word_1_471' title='bbox 1883 1796 2233 1849; x_wconf 79' lang='lat' dir='ltr'><strong>exaruerunt,</strong></span> <span class='ocrx_word' id='word_1_472' title='bbox 2259 1789 2384 1842; x_wconf 87' lang='lat' dir='ltr'><strong>item</strong></span> <span class='ocrx_word' id='word_1_473' title='bbox 2406 1788 2473 1842; x_wconf 90' lang='lat' dir='ltr'><strong>de</strong></span> <span class='ocrx_word' id='word_1_474' title='bbox 2494 1788 2658 1842; x_wconf 84' lang='lat' dir='ltr'><strong>domo</strong></span> <span class='ocrx_word' id='word_1_475' title='bbox 2694 1784 2787 1840; x_wconf 82' lang='lat' dir='ltr'><strong>Dei</strong></span> <span class='ocrx_word' id='word_1_476' title='bbox 2828 1787 2992 1841; x_wconf 82' lang='lat' dir='ltr'><strong>vestri</strong></span> <span class='ocrx_word' id='word_1_477' title='bbox 3016 1787 3273 1856; x_wconf 84' lang='lat' dir='ltr'><strong>gaudium</strong></span> <span class='ocrx_word' id='word_1_478' title='bbox 3298 1794 3462 1853; x_wconf 84' lang='lat' dir='ltr'><strong>atque</strong></span> 
     </span>
    </p>
   </div>
   <div class='ocr_carea' id='block_1_63' title="bbox 1882 1874 3458 1947">
    <p class='ocr_par' dir='ltr' id='par_1_63' title="bbox 1882 1874 3458 1947">
     <span class='ocr_line' id='line_1_63' title="bbox 1882 1874 3458 1947; baseline -0.003 -15"><span class='ocrx_word' id='word_1_479' title='bbox 1882 1878 2088 1933; x_wconf 72' lang='lat' dir='ltr'><strong>laetitia.</strong></span> <span class='ocrx_word' id='word_1_480' title='bbox 2132 1895 2151 1929; x_wconf 78' lang='grc' dir='ltr'><strong>ι</strong></span> <span class='ocrx_word' id='word_1_481' title='bbox 2204 1876 2284 1931; x_wconf 85' lang='lat' dir='ltr'><strong>Ne</strong></span> <span class='ocrx_word' id='word_1_482' title='bbox 2339 1882 2683 1947; x_wconf 85' lang='lat' dir='ltr'><strong>spectatores</strong></span> <span class='ocrx_word' id='word_1_483' title='bbox 2727 1874 2996 1929; x_wconf 86' lang='lat' dir='ltr'><strong>malorum</strong></span> <span class='ocrx_word' id='word_1_484' title='bbox 3047 1874 3263 1929; x_wconf 89' lang='lat' dir='ltr'><strong>illorum</strong></span> <span class='ocrx_word' id='word_1_485' title='bbox 3315 1874 3458 1938; x_wconf 84' lang='lat' dir='ltr'><strong>sitis,</strong></span> 
     </span>
    </p>
   </div>
   <div class='ocr_carea' id='block_1_64' title="bbox 1882 1963 3458 2040">
    <p class='ocr_par' dir='ltr' id='par_1_64' title="bbox 1882 1963 3458 2040">
     <span class='ocr_line' id='line_1_64' title="bbox 1882 1963 3458 2040; baseline -0.003 -16"><span class='ocrx_word' id='word_1_486' title='bbox 1882 1971 2011 2040; x_wconf 85' lang='lat' dir='ltr'><strong>quia</strong></span> <span class='ocrx_word' id='word_1_487' title='bbox 2076 1968 2247 2023; x_wconf 87' lang='lat' dir='ltr'><strong>multa</strong></span> <span class='ocrx_word' id='word_1_488' title='bbox 2296 1968 2403 2022; x_wconf 90' lang='lat' dir='ltr'><strong>erit</strong></span> <span class='ocrx_word' id='word_1_489' title='bbox 2454 1966 2565 2021; x_wconf 88' lang='lat' dir='ltr'><strong>imo</strong></span> <span class='ocrx_word' id='word_1_490' title='bbox 2618 1965 2856 2020; x_wconf 81' lang='lat' dir='ltr'><strong>maxima</strong></span> <span class='ocrx_word' id='word_1_491' title='bbox 2908 1963 3123 2036; x_wconf 87' lang='lat' dir='ltr'><strong>frugum</strong></span> <span class='ocrx_word' id='word_1_492' title='bbox 3173 1964 3458 2020; x_wconf 87' lang='lat' dir='ltr'><strong>sterilitas.</strong></span> 
     </span>
    </p>
   </div>
   <div class='ocr_carea' id='block_1_65' title="bbox 1882 2052 3469 2123">
    <p class='ocr_par' dir='ltr' id='par_1_65' title="bbox 1882 2052 3469 2123">
     <span class='ocr_line' id='line_1_65' title="bbox 1882 2052 3469 2123; baseline -0.004 -8"><span class='ocrx_word' id='word_1_493' title='bbox 1882 2052 2165 2117; x_wconf 79' lang='lat' dir='ltr'><strong>Pessimus</strong></span> <span class='ocrx_word' id='word_1_494' title='bbox 2202 2059 2448 2115; x_wconf 87' lang='lat' dir='ltr'><strong>omnium</strong></span> <span class='ocrx_word' id='word_1_495' title='bbox 2480 2057 2703 2113; x_wconf 87' lang='lat' dir='ltr'><strong>accedet</strong></span> <span class='ocrx_word' id='word_1_496' title='bbox 2728 2056 3003 2123; x_wconf 79' lang='lat' dir='ltr'><strong>cumulus,</strong></span> <span class='ocrx_word' id='word_1_497' title='bbox 3028 2056 3264 2111; x_wconf 87' lang='lat' dir='ltr'><strong>cessatio</strong></span> <span class='ocrx_word' id='word_1_498' title='bbox 3287 2055 3469 2111; x_wconf 88' lang='lat' dir='ltr'><strong>omni-</strong></span> 
     </span>
    </p>
   </div>
   <div class='ocr_carea' id='block_1_66' title="bbox 1884 2146 3457 2221">
    <p class='ocr_par' dir='ltr' id='par_1_66' title="bbox 1884 2146 3457 2221">
     <span class='ocr_line' id='line_1_66' title="bbox 1884 2146 3457 2221; baseline -0.003 -14"><span class='ocrx_word' id='word_1_499' title='bbox 1884 2152 2045 2207; x_wconf 83' lang='lat' dir='ltr'><strong>moda</strong></span> <span class='ocrx_word' id='word_1_500' title='bbox 2084 2152 2140 2206; x_wconf 90' lang='lat' dir='ltr'><strong>in</strong></span> <span class='ocrx_word' id='word_1_501' title='bbox 2170 2151 2264 2205; x_wconf 90' lang='lat' dir='ltr'><strong>Dei</strong></span> <span class='ocrx_word' id='word_1_502' title='bbox 2296 2152 2500 2221; x_wconf 89' lang='lat' dir='ltr'><strong>templo</strong></span> <span class='ocrx_word' id='word_1_503' title='bbox 2526 2149 2755 2220; x_wconf 82' lang='lat' dir='ltr'><strong>congrui</strong></span> <span class='ocrx_word' id='word_1_504' title='bbox 2798 2148 3077 2220; x_wconf 83' lang='lat' dir='ltr'><strong>debitique</strong></span> <span class='ocrx_word' id='word_1_505' title='bbox 3114 2146 3225 2203; x_wconf 85' lang='lat' dir='ltr'><strong>Deo</strong></span> <span class='ocrx_word' id='word_1_506' title='bbox 3253 2148 3457 2208; x_wconf 82' lang='lat' dir='ltr'><strong>cultus.</strong></span> 
     </span>
    </p>
   </div>
   <div class='ocr_carea' id='block_1_67' title="bbox 1884 2240 3463 2315">
    <p class='ocr_par' dir='ltr' id='par_1_67' title="bbox 1884 2240 3463 2315">
     <span class='ocr_line' id='line_1_67' title="bbox 1884 2240 3463 2315; baseline -0.003 -18"><span class='ocrx_word' id='word_1_507' title='bbox 1884 2244 1979 2312; x_wconf 89' lang='lat' dir='ltr'><strong>qui</strong></span> <span class='ocrx_word' id='word_1_508' title='bbox 2026 2243 2228 2315; x_wconf 82' lang='lat' dir='ltr'><strong>gaudio</strong></span> <span class='ocrx_word' id='word_1_509' title='bbox 2275 2243 2514 2312; x_wconf 89' lang='lat' dir='ltr'><strong>plurimo</strong></span> <span class='ocrx_word' id='word_1_510' title='bbox 2548 2247 2710 2312; x_wconf 88' lang='lat' dir='ltr'><strong>atque</strong></span> <span class='ocrx_word' id='word_1_511' title='bbox 2762 2240 2951 2295; x_wconf 71' lang='lat' dir='ltr'><strong>laetitia</strong></span> <span class='ocrx_word' id='word_1_512' title='bbox 3002 2240 3213 2311; x_wconf 82' lang='lat' dir='ltr'><strong>replere</strong></span> <span class='ocrx_word' id='word_1_513' title='bbox 3250 2245 3463 2310; x_wconf 88' lang='lat' dir='ltr'><strong>poterat</strong></span> 
     </span>
    </p>
   </div>
   <div class='ocr_carea' id='block_1_68' title="bbox 1886 2334 2433 2390">
    <p class='ocr_par' dir='ltr' id='par_1_68' title="bbox 1886 2334 2433 2390">
     <span class='ocr_line' id='line_1_68' title="bbox 1886 2334 2433 2390; baseline -0.004 -1"><span class='ocrx_word' id='word_1_514' title='bbox 1886 2334 2103 2390; x_wconf 83' lang='lat' dir='ltr'><strong>honesti</strong></span> <span class='ocrx_word' id='word_1_515' title='bbox 2127 2334 2433 2390; x_wconf 80' lang='lat' dir='ltr'><strong>studiosos.</strong></span> 
     </span>
    </p>
   </div>
   <div class='ocr_carea' id='block_1_69' title="bbox 1960 2598 3461 2669">
    <p class='ocr_par' dir='ltr' id='par_1_69' title="bbox 1960 2598 3461 2669">
     <span class='ocr_line' id='line_1_69' title="bbox 1960 2598 3461 2669; baseline -0.005 -9"><span class='ocrx_word' id='word_1_516' title='bbox 1960 2604 2129 2660; x_wconf 75' lang='lat' dir='ltr'><strong>Vsas.</strong></span> <span class='ocrx_word' id='word_1_517' title='bbox 2177 2602 2395 2658; x_wconf 66' lang='lat'><strong>17-20.</strong></span> <span class='ocrx_word' id='word_1_518' title='bbox 2427 2632 2497 2647; x_wconf 89' lang='lat'><strong>--</strong></span> <span class='ocrx_word' id='word_1_519' title='bbox 2540 2618 2559 2653; x_wconf 80' lang='grc' dir='ltr'><strong>ι</strong></span> <span class='ocrx_word' id='word_1_520' title='bbox 2597 2598 3059 2657; x_wconf 82' lang='lat' dir='ltr'><strong>Suhsultavernnt</strong></span> <span class='ocrx_word' id='word_1_521' title='bbox 3105 2598 3356 2669; x_wconf 66' lang='lat' dir='ltr'><strong>iuvenca</strong></span> <span class='ocrx_word' id='word_1_522' title='bbox 3404 2599 3461 2653; x_wconf 91' lang='lat' dir='ltr'><strong>in</strong></span> 
     </span>
    </p>
   </div>
   <div class='ocr_carea' id='block_1_70' title="bbox 1887 2686 3466 2767">
    <p class='ocr_par' dir='ltr' id='par_1_70' title="bbox 1887 2686 3466 2767">
     <span class='ocr_line' id='line_1_70' title="bbox 1887 2686 3466 2767; baseline -0.005 -16"><span class='ocrx_word' id='word_1_523' title='bbox 1887 2696 2223 2767; x_wconf 61' lang='lat' dir='ltr'><strong>praesepibus</strong></span> <span class='ocrx_word' id='word_1_524' title='bbox 2303 2693 2446 2749; x_wconf 86' lang='lat' dir='ltr'><strong>suis.</strong></span> <span class='ocrx_word' id='word_1_525' title='bbox 2487 2710 2507 2745; x_wconf 79' lang='grc' dir='ltr'><strong>ι</strong></span> <span class='ocrx_word' id='word_1_526' title='bbox 2565 2690 2660 2747; x_wconf 64' lang='lat' dir='ltr'><strong>Ha</strong></span> <span class='ocrx_word' id='word_1_527' title='bbox 2730 2691 2933 2761; x_wconf 88' lang='lat' dir='ltr'><strong>quippe</strong></span> <span class='ocrx_word' id='word_1_528' title='bbox 2982 2697 3263 2760; x_wconf 89' lang='lat' dir='ltr'><strong>premente</strong></span> <span class='ocrx_word' id='word_1_529' title='bbox 3322 2686 3466 2743; x_wconf 88' lang='lat' dir='ltr'><strong>fame</strong></span> 
     </span>
    </p>
   </div>
   <div class='ocr_carea' id='block_1_71' title="bbox 1891 2781 3464 2857">
    <p class='ocr_par' dir='ltr' id='par_1_71' title="bbox 1891 2781 3464 2857">
     <span class='ocr_line' id='line_1_71' title="bbox 1891 2781 3464 2857; baseline -0.009 -12"><span class='ocrx_word' id='word_1_530' title='bbox 1891 2798 2116 2857; x_wconf 63' lang='lat' dir='ltr'><strong>coactae,</strong></span> <span class='ocrx_word' id='word_1_531' title='bbox 2152 2787 2467 2843; x_wconf 87' lang='lat' dir='ltr'><strong>subsultare</strong></span> <span class='ocrx_word' id='word_1_532' title='bbox 2499 2799 2564 2839; x_wconf 86' lang='lat' dir='ltr'><strong>ac</strong></span> <span class='ocrx_word' id='word_1_533' title='bbox 2610 2783 2925 2855; x_wconf 85' lang='lat' dir='ltr'><strong>perturbari</strong></span> <span class='ocrx_word' id='word_1_534' title='bbox 2967 2781 3258 2851; x_wconf 85' lang='lat' dir='ltr'><strong>incipient,</strong></span> <span class='ocrx_word' id='word_1_535' title='bbox 3302 2787 3464 2833; x_wconf 89' lang='lat' dir='ltr'><strong>natu-</strong></span> 
     </span>
    </p>
   </div>
   <div class='ocr_carea' id='block_1_72' title="bbox 1892 2871 3465 2946">
    <p class='ocr_par' dir='ltr' id='par_1_72' title="bbox 1892 2871 3465 2946">
     <span class='ocr_line' id='line_1_72' title="bbox 1892 2871 3465 2946; baseline -0.006 -12"><span class='ocrx_word' id='word_1_536' title='bbox 1892 2879 2080 2935; x_wconf 83' lang='lat' dir='ltr'><strong>raliter</strong></span> <span class='ocrx_word' id='word_1_537' title='bbox 2123 2876 2438 2933; x_wconf 90' lang='lat' dir='ltr'><strong>alimoniam</strong></span> <span class='ocrx_word' id='word_1_538' title='bbox 2473 2883 2816 2946; x_wconf 65' lang='lat' dir='ltr'><strong>qumrentes;</strong></span> <span class='ocrx_word' id='word_1_539' title='bbox 2860 2889 2967 2944; x_wconf 86' lang='lat' dir='ltr'><strong>qua</strong></span> <span class='ocrx_word' id='word_1_540' title='bbox 3002 2880 3219 2944; x_wconf 89' lang='lat' dir='ltr'><strong>negata,</strong></span> <span class='ocrx_word' id='word_1_541' title='bbox 3265 2872 3330 2925; x_wconf 88' lang='lat' dir='ltr'><strong>ad</strong></span> <span class='ocrx_word' id='word_1_542' title='bbox 3380 2871 3465 2925; x_wconf 85' lang='lat' dir='ltr'><strong>in-</strong></span> 
     </span>
    </p>
   </div>
   <div class='ocr_carea' id='block_1_73' title="bbox 1894 2961 3464 3031">
    <p class='ocr_par' dir='ltr' id='par_1_73' title="bbox 1894 2961 3464 3031">
     <span class='ocr_line' id='line_1_73' title="bbox 1894 2961 3464 3031; baseline -0.004 -9"><span class='ocrx_word' id='word_1_543' title='bbox 1894 2968 2143 3023; x_wconf 87' lang='lat' dir='ltr'><strong>conditas</strong></span> <span class='ocrx_word' id='word_1_544' title='bbox 2191 2966 2626 3022; x_wconf 86' lang='lat' dir='ltr'><strong>subsultationes</strong></span> <span class='ocrx_word' id='word_1_545' title='bbox 2669 2971 2977 3019; x_wconf 79' lang='lat' dir='ltr'><strong>moventur.</strong></span> <span class='ocrx_word' id='word_1_546' title='bbox 3035 2981 3054 3014; x_wconf 79' lang='grc' dir='ltr'><strong>ι</strong></span> <span class='ocrx_word' id='word_1_547' title='bbox 3100 2961 3464 3031; x_wconf 88' lang='lat' dir='ltr'><strong>Computrue-</strong></span> 
     </span>
    </p>
   </div>
   <div class='ocr_carea' id='block_1_74' title="bbox 1895 3051 3465 3118">
    <p class='ocr_par' dir='ltr' id='par_1_74' title="bbox 1895 3051 3465 3118">
     <span class='ocr_line' id='line_1_74' title="bbox 1895 3051 3465 3118; baseline -0.008 -3"><span class='ocrx_word' id='word_1_548' title='bbox 1895 3066 2025 3115; x_wconf 90' lang='lat' dir='ltr'><strong>runt</strong></span> <span class='ocrx_word' id='word_1_549' title='bbox 2053 3059 2249 3113; x_wconf 87' lang='lat' dir='ltr'><strong>horrea</strong></span> <span class='ocrx_word' id='word_1_550' title='bbox 2281 3058 2350 3112; x_wconf 87' lang='lat' dir='ltr'><strong>ab</strong></span> <span class='ocrx_word' id='word_1_551' title='bbox 2383 3056 2738 3112; x_wconf 89' lang='lat' dir='ltr'><strong>unctionibus</strong></span> <span class='ocrx_word' id='word_1_552' title='bbox 2783 3055 2919 3111; x_wconf 88' lang='lat' dir='ltr'><strong>suis.</strong></span> <span class='ocrx_word' id='word_1_553' title='bbox 2961 3071 2981 3107; x_wconf 77' lang='grc' dir='ltr'><strong>ι</strong></span> <span class='ocrx_word' id='word_1_554' title='bbox 3016 3051 3155 3118; x_wconf 84' lang='lat' dir='ltr'><strong>Quia</strong></span> <span class='ocrx_word' id='word_1_555' title='bbox 3200 3066 3320 3106; x_wconf 89' lang='lat' dir='ltr'><strong>mos</strong></span> <span class='ocrx_word' id='word_1_556' title='bbox 3346 3060 3465 3106; x_wconf 88' lang='lat' dir='ltr'><strong>erat</strong></span> 
     </span>
    </p>
   </div>
   <div class='ocr_carea' id='block_1_75' title="bbox 1901 3143 3463 3223">
    <p class='ocr_par' dir='ltr' id='par_1_75' title="bbox 1901 3143 3463 3223">
     <span class='ocr_line' id='line_1_75' title="bbox 1901 3143 3463 3223; baseline -0.008 -16"><span class='ocrx_word' id='word_1_557' title='bbox 1901 3151 2139 3223; x_wconf 89' lang='lat' dir='ltr'><strong>ungendi</strong></span> <span class='ocrx_word' id='word_1_558' title='bbox 2170 3149 2463 3220; x_wconf 88' lang='lat' dir='ltr'><strong>apothecas</strong></span> <span class='ocrx_word' id='word_1_559' title='bbox 2500 3148 2688 3211; x_wconf 87' lang='lat' dir='ltr'><strong>tritici,</strong></span> <span class='ocrx_word' id='word_1_560' title='bbox 2737 3160 2904 3201; x_wconf 86' lang='lat' dir='ltr'><strong>causa</strong></span> <span class='ocrx_word' id='word_1_561' title='bbox 2934 3143 3389 3207; x_wconf 87' lang='lat' dir='ltr'><strong>conservationis,</strong></span> <span class='ocrx_word' id='word_1_562' title='bbox 3416 3143 3463 3197; x_wconf 91' lang='lat' dir='ltr'><strong>si</strong></span> 
     </span>
    </p>
   </div>
   <div class='ocr_carea' id='block_1_76' title="bbox 1901 3224 3470 3311">
    <p class='ocr_par' dir='ltr' id='par_1_76' title="bbox 1901 3224 3470 3311">
     <span class='ocr_line' id='line_1_76' title="bbox 1901 3224 3470 3311; baseline -0.008 -12"><span class='ocrx_word' id='word_1_563' title='bbox 1901 3243 2117 3299; x_wconf 83' lang='lat' dir='ltr'><strong>deficiet</strong></span> <span class='ocrx_word' id='word_1_564' title='bbox 2157 3224 2419 3311; x_wconf 82' lang='lat' dir='ltr'><strong>quidquid</strong></span> <span class='ocrx_word' id='word_1_565' title='bbox 2464 3240 2593 3293; x_wconf 88' lang='lat' dir='ltr'><strong>illuc</strong></span> <span class='ocrx_word' id='word_1_566' title='bbox 2636 3236 2990 3309; x_wconf 84' lang='lat' dir='ltr'><strong>ingerendum</strong></span> <span class='ocrx_word' id='word_1_567' title='bbox 3021 3244 3160 3298; x_wconf 86' lang='lat' dir='ltr'><strong>erat,</strong></span> <span class='ocrx_word' id='word_1_568' title='bbox 3197 3243 3470 3304; x_wconf 89' lang='lat' dir='ltr'><strong>putrescet</strong></span> 
     </span>
    </p>
   </div>
   <div class='ocr_carea' id='block_1_77' title="bbox 1902 3326 3471 3396">
    <p class='ocr_par' dir='ltr' id='par_1_77' title="bbox 1902 3326 3471 3396">
     <span class='ocr_line' id='line_1_77' title="bbox 1902 3326 3471 3396; baseline -0.008 -7"><span class='ocrx_word' id='word_1_569' title='bbox 1902 3335 2099 3389; x_wconf 87' lang='lat' dir='ltr'><strong>illitum</strong></span> <span class='ocrx_word' id='word_1_570' title='bbox 2127 3332 2322 3396; x_wconf 90' lang='lat' dir='ltr'><strong>lutum,</strong></span> <span class='ocrx_word' id='word_1_571' title='bbox 2353 3346 2478 3386; x_wconf 88' lang='lat' dir='ltr'><strong>cum</strong></span> <span class='ocrx_word' id='word_1_572' title='bbox 2518 3330 2656 3386; x_wconf 88' lang='lat' dir='ltr'><strong>nihil</strong></span> <span class='ocrx_word' id='word_1_573' title='bbox 2697 3328 2922 3383; x_wconf 92' lang='lat' dir='ltr'><strong>omnino</strong></span> <span class='ocrx_word' id='word_1_574' title='bbox 2964 3326 3037 3382; x_wconf 89' lang='lat' dir='ltr'><strong>sit</strong></span> <span class='ocrx_word' id='word_1_575' title='bbox 3087 3327 3234 3379; x_wconf 87' lang='lat' dir='ltr'><strong>intus</strong></span> <span class='ocrx_word' id='word_1_576' title='bbox 3264 3326 3471 3393; x_wconf 85' lang='lat' dir='ltr'><strong>reposi-</strong></span> 
     </span>
    </p>
   </div>
   <div class='ocr_carea' id='block_1_78' title="bbox 1902 3414 3472 3481">
    <p class='ocr_par' dir='ltr' id='par_1_78' title="bbox 1902 3414 3472 3481">
     <span class='ocr_line' id='line_1_78' title="bbox 1902 3414 3472 3481; baseline -0.008 -3"><span class='ocrx_word' id='word_1_577' title='bbox 1902 3432 2039 3478; x_wconf 90' lang='lat' dir='ltr'><strong>tum.</strong></span> <span class='ocrx_word' id='word_1_578' title='bbox 2074 3441 2092 3474; x_wconf 80' lang='grc' dir='ltr'><strong>ι</strong></span> <span class='ocrx_word' id='word_1_579' title='bbox 2138 3421 2411 3476; x_wconf 89' lang='lat' dir='ltr'><strong>Destructi</strong></span> <span class='ocrx_word' id='word_1_580' title='bbox 2462 3430 2591 3477; x_wconf 91' lang='lat' dir='ltr'><strong>sunt</strong></span> <span class='ocrx_word' id='word_1_581' title='bbox 2646 3419 2911 3473; x_wconf 88' lang='lat' dir='ltr'><strong>thesauri.</strong></span> <span class='ocrx_word' id='word_1_582' title='bbox 2966 3435 2984 3468; x_wconf 74' lang='grc' dir='ltr'><strong>ι</strong></span> <span class='ocrx_word' id='word_1_583' title='bbox 3032 3415 3269 3481; x_wconf 85' lang='lat' dir='ltr'><strong>Quilibet</strong></span> <span class='ocrx_word' id='word_1_584' title='bbox 3319 3414 3472 3466; x_wconf 88' lang='lat' dir='ltr'><strong>locus</strong></span> 
     </span>
    </p>
   </div>
   <div class='ocr_carea' id='block_1_79' title="bbox 1902 3505 3471 3584">
    <p class='ocr_par' dir='ltr' id='par_1_79' title="bbox 1902 3505 3471 3584">
     <span class='ocr_line' id='line_1_79' title="bbox 1902 3505 3471 3584; baseline -0.01 -15"><span class='ocrx_word' id='word_1_585' title='bbox 1902 3514 2146 3584; x_wconf 89' lang='lat' dir='ltr'><strong>recipere</strong></span> <span class='ocrx_word' id='word_1_586' title='bbox 2197 3512 2379 3582; x_wconf 81' lang='lat' dir='ltr'><strong>fruges</strong></span> <span class='ocrx_word' id='word_1_587' title='bbox 2431 3511 2648 3575; x_wconf 86' lang='lat' dir='ltr'><strong>solitus,</strong></span> <span class='ocrx_word' id='word_1_588' title='bbox 2698 3521 3141 3578; x_wconf 84' lang='lat' dir='ltr'><strong>supervacaneus</strong></span> <span class='ocrx_word' id='word_1_589' title='bbox 3191 3505 3315 3563; x_wconf 87' lang='lat' dir='ltr'><strong>erit,</strong></span> <span class='ocrx_word' id='word_1_590' title='bbox 3347 3516 3471 3554; x_wconf 84' lang='lat' dir='ltr'><strong>cum</strong></span> 
     </span>
    </p>
   </div>
   <div class='ocr_carea' id='block_1_80' title="bbox 1900 3595 3474 3671">
    <p class='ocr_par' dir='ltr' id='par_1_80' title="bbox 1900 3595 3474 3671">
     <span class='ocr_line' id='line_1_80' title="bbox 1900 3595 3474 3671; baseline -0.011 -12"><span class='ocrx_word' id='word_1_591' title='bbox 1900 3620 2009 3659; x_wconf 89' lang='lat' dir='ltr'><strong>non</strong></span> <span class='ocrx_word' id='word_1_592' title='bbox 2052 3606 2162 3658; x_wconf 89' lang='lat' dir='ltr'><strong>sint</strong></span> <span class='ocrx_word' id='word_1_593' title='bbox 2192 3617 2311 3671; x_wconf 68' lang='lat' dir='ltr'><strong>quae</strong></span> <span class='ocrx_word' id='word_1_594' title='bbox 2339 3601 2527 3671; x_wconf 90' lang='lat' dir='ltr'><strong>reponi</strong></span> <span class='ocrx_word' id='word_1_595' title='bbox 2564 3600 2815 3654; x_wconf 86' lang='lat' dir='ltr'><strong>debeant.</strong></span> <span class='ocrx_word' id='word_1_596' title='bbox 2853 3616 2873 3647; x_wconf 76' lang='grc' dir='ltr'><strong>ι</strong></span> <span class='ocrx_word' id='word_1_597' title='bbox 2914 3595 3158 3650; x_wconf 76' lang='lat' dir='ltr'><strong>Suﬂossa</strong></span> <span class='ocrx_word' id='word_1_598' title='bbox 3203 3600 3331 3646; x_wconf 89' lang='lat' dir='ltr'><strong>sunt</strong></span> <span class='ocrx_word' id='word_1_599' title='bbox 3360 3600 3474 3643; x_wconf 85' lang='lat' dir='ltr'><strong>tor-</strong></span> 
     </span>
    </p>
   </div>
   <div class='ocr_carea' id='block_1_81' title="bbox 1904 3680 3470 3763">
    <p class='ocr_par' dir='ltr' id='par_1_81' title="bbox 1904 3680 3470 3763">
     <span class='ocr_line' id='line_1_81' title="bbox 1904 3680 3470 3763; baseline -0.011 -13"><span class='ocrx_word' id='word_1_600' title='bbox 1904 3695 2132 3751; x_wconf 78' lang='lat' dir='ltr'><strong>eularia.</strong></span> <span class='ocrx_word' id='word_1_601' title='bbox 2171 3713 2189 3744; x_wconf 77' lang='grc' dir='ltr'><strong>ι</strong></span> <span class='ocrx_word' id='word_1_602' title='bbox 2222 3691 2331 3763; x_wconf 65' lang='grc'><strong>74</strong></span> <span class='ocrx_word' id='word_1_603' title='bbox 2376 3690 2502 3745; x_wconf 63' lang='lat' dir='ltr'><strong>Haec</strong></span> <span class='ocrx_word' id='word_1_604' title='bbox 2550 3705 2767 3759; x_wconf 89' lang='lat' dir='ltr'><strong>quoque</strong></span> <span class='ocrx_word' id='word_1_605' title='bbox 2809 3687 3139 3741; x_wconf 82' lang='lat' dir='ltr'><strong>videbuntur</strong></span> <span class='ocrx_word' id='word_1_606' title='bbox 3177 3680 3470 3752; x_wconf 80' lang='lat' dir='ltr'><strong>superﬂua,</strong></span> 
     </span>
    </p>
   </div>
   <div class='ocr_carea' id='block_1_82' title="bbox 1904 3771 3473 3850">
    <p class='ocr_par' dir='ltr' id='par_1_82' title="bbox 1904 3771 3473 3850">
     <span class='ocr_line' id='line_1_82' title="bbox 1904 3771 3473 3850; baseline -0.01 -11"><span class='ocrx_word' id='word_1_607' title='bbox 1904 3799 2027 3839; x_wconf 83' lang='lat' dir='ltr'><strong>cum</strong></span> <span class='ocrx_word' id='word_1_608' title='bbox 2061 3797 2219 3836; x_wconf 88' lang='lat' dir='ltr'><strong>nemo</strong></span> <span class='ocrx_word' id='word_1_609' title='bbox 2246 3780 2542 3850; x_wconf 88' lang='lat' dir='ltr'><strong>quidquam</strong></span> <span class='ocrx_word' id='word_1_610' title='bbox 2575 3776 2782 3831; x_wconf 70' lang='lat' dir='ltr'><strong>afferat.</strong></span> <span class='ocrx_word' id='word_1_611' title='bbox 2821 3793 2838 3825; x_wconf 78' lang='grc' dir='ltr'><strong>ι</strong></span> <span class='ocrx_word' id='word_1_612' title='bbox 2876 3776 3011 3829; x_wconf 88' lang='lat' dir='ltr'><strong>Cum</strong></span> <span class='ocrx_word' id='word_1_613' title='bbox 3063 3774 3362 3829; x_wconf 78' lang='lat' dir='ltr'><strong>arefactum</strong></span> <span class='ocrx_word' id='word_1_614' title='bbox 3402 3771 3473 3825; x_wconf 89' lang='lat' dir='ltr'><strong>sit</strong></span> 
     </span>
    </p>
   </div>
   <div class='ocr_carea' id='block_1_83' title="bbox 1907 3861 3475 3938">
    <p class='ocr_par' dir='ltr' id='par_1_83' title="bbox 1907 3861 3475 3938">
     <span class='ocr_line' id='line_1_83' title="bbox 1907 3861 3475 3938; baseline -0.008 -13"><span class='ocrx_word' id='word_1_615' title='bbox 1907 3871 2173 3933; x_wconf 89' lang='lat' dir='ltr'><strong>triticum,</strong></span> <span class='ocrx_word' id='word_1_616' title='bbox 2206 3867 2337 3938; x_wconf 91' lang='lat' dir='ltr'><strong>quid</strong></span> <span class='ocrx_word' id='word_1_617' title='bbox 2371 3866 2528 3920; x_wconf 91' lang='lat' dir='ltr'><strong>nobis</strong></span> <span class='ocrx_word' id='word_1_618' title='bbox 2563 3864 2929 3935; x_wconf 84' lang='lat' dir='ltr'><strong>reponemus?</strong></span> <span class='ocrx_word' id='word_1_619' title='bbox 2965 3883 2983 3915; x_wconf 77' lang='grc' dir='ltr'><strong>ι</strong></span> <span class='ocrx_word' id='word_1_620' title='bbox 3024 3863 3066 3916; x_wconf 83' lang='lat' dir='ltr'><strong>A</strong></span> <span class='ocrx_word' id='word_1_621' title='bbox 3099 3871 3271 3933; x_wconf 87' lang='lat' dir='ltr'><strong>parte,</strong></span> <span class='ocrx_word' id='word_1_622' title='bbox 3308 3861 3360 3914; x_wconf 89' lang='lat' dir='ltr'><strong>id</strong></span> <span class='ocrx_word' id='word_1_623' title='bbox 3391 3867 3475 3913; x_wconf 91' lang='lat' dir='ltr'><strong>est</strong></span> 
     </span>
    </p>
   </div>
   <div class='ocr_carea' id='block_1_84' title="bbox 1906 3952 3475 4026">
    <p class='ocr_par' dir='ltr' id='par_1_84' title="bbox 1906 3952 3475 4026">
     <span class='ocr_line' id='line_1_84' title="bbox 1906 3952 3475 4026; baseline -0.01 -7"><span class='ocrx_word' id='word_1_624' title='bbox 1906 3980 1937 4020; x_wconf 88' lang='lat' dir='ltr'><strong>a</strong></span> <span class='ocrx_word' id='word_1_625' title='bbox 1974 3965 2176 4026; x_wconf 85' lang='lat' dir='ltr'><strong>tritico,</strong></span> <span class='ocrx_word' id='word_1_626' title='bbox 2203 3967 2431 4015; x_wconf 91' lang='lat' dir='ltr'><strong>cunctos</strong></span> <span class='ocrx_word' id='word_1_627' title='bbox 2482 3957 2597 4012; x_wconf 85' lang='lat' dir='ltr'><strong>vult</strong></span> <span class='ocrx_word' id='word_1_628' title='bbox 2646 3957 2906 4010; x_wconf 81' lang='lat' dir='ltr'><strong>denotare</strong></span> <span class='ocrx_word' id='word_1_629' title='bbox 2958 3953 3195 4009; x_wconf 83' lang='lat' dir='ltr'><strong>fructus.</strong></span> <span class='ocrx_word' id='word_1_630' title='bbox 3232 3952 3475 4017; x_wconf 80' lang='lat' dir='ltr'><strong>Namque</strong></span> 
     </span>
    </p>
   </div>
   <div class='ocr_carea' id='block_1_85' title="bbox 1908 4042 3473 4113">
    <p class='ocr_par' dir='ltr' id='par_1_85' title="bbox 1908 4042 3473 4113">
     <span class='ocr_line' id='line_1_85' title="bbox 1908 4042 3473 4113; baseline -0.012 -2"><span class='ocrx_word' id='word_1_631' title='bbox 1908 4058 1975 4111; x_wconf 92' lang='lat' dir='ltr'><strong>ad</strong></span> <span class='ocrx_word' id='word_1_632' title='bbox 2002 4066 2163 4110; x_wconf 86' lang='lat' dir='ltr'><strong>antea</strong></span> <span class='ocrx_word' id='word_1_633' title='bbox 2185 4054 2457 4107; x_wconf 87' lang='lat' dir='ltr'><strong>dictorum</strong></span> <span class='ocrx_word' id='word_1_634' title='bbox 2490 4049 2964 4113; x_wconf 77' lang='lat' dir='ltr'><strong>conﬁrmationem</strong></span> <span class='ocrx_word' id='word_1_635' title='bbox 3001 4048 3104 4100; x_wconf 87' lang='lat' dir='ltr'><strong>hoc</strong></span> <span class='ocrx_word' id='word_1_636' title='bbox 3126 4045 3308 4099; x_wconf 85' lang='lat' dir='ltr'><strong>dicere</strong></span> <span class='ocrx_word' id='word_1_637' title='bbox 3338 4042 3473 4108; x_wconf 90' lang='lat' dir='ltr'><strong>vult,</strong></span> 
     </span>
    </p>
   </div>
   <div class='ocr_carea' id='block_1_86' title="bbox 1906 4138 3475 4218">
    <p class='ocr_par' dir='ltr' id='par_1_86' title="bbox 1906 4138 3475 4218">
     <span class='ocr_line' id='line_1_86' title="bbox 1906 4138 3475 4218; baseline -0.011 -14"><span class='ocrx_word' id='word_1_638' title='bbox 1906 4164 2099 4218; x_wconf 90' lang='lat' dir='ltr'><strong>nempe</strong></span> <span class='ocrx_word' id='word_1_639' title='bbox 2132 4145 2277 4217; x_wconf 86' lang='lat' dir='ltr'><strong>quod</strong></span> <span class='ocrx_word' id='word_1_640' title='bbox 2312 4143 2559 4213; x_wconf 86' lang='lat' dir='ltr'><strong>frugibus</strong></span> <span class='ocrx_word' id='word_1_641' title='bbox 2592 4141 2808 4196; x_wconf 90' lang='lat' dir='ltr'><strong>cunctis</strong></span> <span class='ocrx_word' id='word_1_642' title='bbox 2846 4138 3064 4201; x_wconf 85' lang='lat' dir='ltr'><strong>ablatis,</strong></span> <span class='ocrx_word' id='word_1_643' title='bbox 3100 4148 3475 4207; x_wconf 78' lang='lat' dir='ltr'><strong>supervacuus</strong></span> 
     </span>
    </p>
   </div>
   <div class='ocr_carea' id='block_1_87' title="bbox 1906 4233 3477 4305">
    <p class='ocr_par' dir='ltr' id='par_1_87' title="bbox 1906 4233 3477 4305">
     <span class='ocr_line' id='line_1_87' title="bbox 1906 4233 3477 4305; baseline -0.013 -8"><span class='ocrx_word' id='word_1_644' title='bbox 1906 4244 2010 4297; x_wconf 89' lang='lat' dir='ltr'><strong>erit</strong></span> <span class='ocrx_word' id='word_1_645' title='bbox 2043 4242 2220 4296; x_wconf 91' lang='lat' dir='ltr'><strong>omnis</strong></span> <span class='ocrx_word' id='word_1_646' title='bbox 2249 4241 2403 4295; x_wconf 84' lang='lat' dir='ltr'><strong>locus</strong></span> <span class='ocrx_word' id='word_1_647' title='bbox 2431 4239 2497 4292; x_wconf 90' lang='lat' dir='ltr'><strong>iis</strong></span> <span class='ocrx_word' id='word_1_648' title='bbox 2537 4233 2875 4305; x_wconf 79' lang='lat' dir='ltr'><strong>excipiendis</strong></span> <span class='ocrx_word' id='word_1_649' title='bbox 2908 4240 3173 4286; x_wconf 82' lang='lat' dir='ltr'><strong>consueto</strong></span> <span class='ocrx_word' id='word_1_650' title='bbox 3203 4242 3352 4281; x_wconf 91' lang='lat' dir='ltr'><strong>more</strong></span> <span class='ocrx_word' id='word_1_651' title='bbox 3377 4241 3477 4296; x_wconf 90' lang='lat' dir='ltr'><strong>pa-</strong></span> 
     </span>
    </p>
   </div>
   <div class='ocr_carea' id='block_1_88' title="bbox 1908 4319 3474 4398">
    <p class='ocr_par' dir='ltr' id='par_1_88' title="bbox 1908 4319 3474 4398">
     <span class='ocr_line' id='line_1_88' title="bbox 1908 4319 3474 4398; baseline -0.01 -14"><span class='ocrx_word' id='word_1_652' title='bbox 1908 4340 2081 4394; x_wconf 88' lang='lat' dir='ltr'><strong>ratus,</strong></span> <span class='ocrx_word' id='word_1_653' title='bbox 2104 4345 2226 4384; x_wconf 91' lang='lat' dir='ltr'><strong>cum</strong></span> <span class='ocrx_word' id='word_1_654' title='bbox 2270 4327 2415 4398; x_wconf 92' lang='lat' dir='ltr'><strong>quod</strong></span> <span class='ocrx_word' id='word_1_655' title='bbox 2464 4332 2761 4395; x_wconf 88' lang='lat' dir='ltr'><strong>reponatur</strong></span> <span class='ocrx_word' id='word_1_656' title='bbox 2804 4322 2964 4377; x_wconf 87' lang='lat' dir='ltr'><strong>desit.</strong></span> <span class='ocrx_word' id='word_1_657' title='bbox 3007 4340 3025 4372; x_wconf 77' lang='grc' dir='ltr'><strong>ι</strong></span> <span class='ocrx_word' id='word_1_658' title='bbox 3064 4319 3351 4374; x_wconf 86' lang='lat' dir='ltr'><strong>Fleverunt</strong></span> <span class='ocrx_word' id='word_1_659' title='bbox 3381 4331 3474 4369; x_wconf 88' lang='lat' dir='ltr'><strong>ar-</strong></span> 
     </span>
    </p>
   </div>
   <div class='ocr_carea' id='block_1_89' title="bbox 215 4415 1796 4494">
    <p class='ocr_par' dir='ltr' id='par_1_89' title="bbox 215 4420 1796 4490">
     <span class='ocr_line' id='line_1_89' title="bbox 215 4420 1796 4490; baseline -0.001 -16"><span class='ocrx_word' id='word_1_660' title='bbox 215 4420 580 4474; x_wconf 81' lang='grc' dir='ltr'><strong>ἀποτίθεσθαι</strong></span> <span class='ocrx_word' id='word_1_661' title='bbox 624 4421 948 4489; x_wconf 84' lang='grc' dir='ltr'><strong>μελλόντων.</strong></span> <span class='ocrx_word' id='word_1_662' title='bbox 990 4440 1011 4471; x_wconf 85' lang='grc' dir='ltr'><strong>ι</strong></span> <span class='ocrx_word' id='word_1_663' title='bbox 1050 4420 1321 4474; x_wconf 86' lang='grc' dir='ltr'><strong>Ἔκλαυσε</strong></span> <span class='ocrx_word' id='word_1_664' title='bbox 1358 4420 1607 4490; x_wconf 83' lang='grc' dir='ltr'><strong>βουκόλια</strong></span> <span class='ocrx_word' id='word_1_665' title='bbox 1626 4420 1796 4490; x_wconf 71' lang='grc' dir='ltr'><strong>βοῶν,</strong></span> 
     </span>
    </p>
   </div>
   <div class='ocr_carea' id='block_1_90' title="bbox 1900 4415 3475 4494">
    <p class='ocr_par' dir='ltr' id='par_1_90' title="bbox 1911 4415 3475 4488">
     <span class='ocr_line' id='line_1_90' title="bbox 1911 4415 3475 4488; baseline -0.01 -12"><span class='ocrx_word' id='word_1_666' title='bbox 1911 4432 2090 4476; x_wconf 88' lang='lat' dir='ltr'><strong>menta</strong></span> <span class='ocrx_word' id='word_1_667' title='bbox 2120 4421 2306 4485; x_wconf 90' lang='lat' dir='ltr'><strong>houm,</strong></span> <span class='ocrx_word' id='word_1_668' title='bbox 2330 4418 2457 4488; x_wconf 87' lang='lat' dir='ltr'><strong>quia</strong></span> <span class='ocrx_word' id='word_1_669' title='bbox 2490 4432 2598 4469; x_wconf 90' lang='lat' dir='ltr'><strong>non</strong></span> <span class='ocrx_word' id='word_1_670' title='bbox 2626 4422 2780 4469; x_wconf 88' lang='lat' dir='ltr'><strong>erant</strong></span> <span class='ocrx_word' id='word_1_671' title='bbox 2812 4415 2891 4469; x_wconf 89' lang='lat' dir='ltr'><strong>cis</strong></span> <span class='ocrx_word' id='word_1_672' title='bbox 2922 4428 3122 4482; x_wconf 85' lang='lat' dir='ltr'><strong>pascua</strong></span> <span class='ocrx_word' id='word_1_673' title='bbox 3155 4429 3167 4463; x_wconf 90' lang='lat'>:</span> <span class='ocrx_word' id='word_1_674' title='bbox 3199 4418 3251 4463; x_wconf 93' lang='lat' dir='ltr'><strong>et</strong></span> <span class='ocrx_word' id='word_1_675' title='bbox 3280 4423 3475 4478; x_wconf 80' lang='lat' dir='ltr'><strong>greges</strong></span> 
     </span>
    </p>
   </div>
   <div class='ocr_carea' id='block_1_91' title="bbox 217 4511 1807 4585">
    <p class='ocr_par' dir='ltr' id='par_1_91' title="bbox 217 4511 1807 4585">
     <span class='ocr_line' id='line_1_91' title="bbox 217 4511 1807 4585; baseline -0.001 -19"><span class='ocrx_word' id='word_1_676' title='bbox 217 4514 299 4566; x_wconf 78' lang='grc' dir='ltr'><strong>ὃτι</strong></span> <span class='ocrx_word' id='word_1_677' title='bbox 330 4513 437 4584; x_wconf 73' lang='grc' dir='ltr'><strong>οὐχ</strong></span> <span class='ocrx_word' id='word_1_678' title='bbox 478 4512 690 4585; x_wconf 81' lang='grc' dir='ltr'><strong>ὑπῆρχε</strong></span> <span class='ocrx_word' id='word_1_679' title='bbox 733 4514 875 4584; x_wconf 80' lang='grc' dir='ltr'><strong>νομὴ</strong></span> <span class='ocrx_word' id='word_1_680' title='bbox 924 4511 1121 4566; x_wconf 77' lang='grc' dir='ltr'><strong>αὐτῶν·</strong></span> <span class='ocrx_word' id='word_1_681' title='bbox 1181 4514 1277 4566; x_wconf 74' lang='grc' dir='ltr'><strong>καὶ</strong></span> <span class='ocrx_word' id='word_1_682' title='bbox 1324 4512 1392 4566; x_wconf 75' lang='grc' dir='ltr'><strong>τὰ</strong></span> <span class='ocrx_word' id='word_1_683' title='bbox 1429 4512 1654 4583; x_wconf 86' lang='grc' dir='ltr'><strong>ποίμνια</strong></span> <span class='ocrx_word' id='word_1_684' title='bbox 1700 4511 1807 4565; x_wconf 88' lang='grc' dir='ltr'><strong>τῶν</strong></span> 
     </span>
    </p>
   </div>
   <div class='ocr_carea' id='block_1_92' title="bbox 223 4603 1808 4678">
    <p class='ocr_par' dir='ltr' id='par_1_92' title="bbox 223 4603 1808 4678">
     <span class='ocr_line' id='line_1_92' title="bbox 223 4603 1808 4678; baseline -0.002 -18"><span class='ocrx_word' id='word_1_685' title='bbox 223 4605 517 4678; x_wconf 73' lang='grc' dir='ltr'><strong>προὸἀτων</strong></span> <span class='ocrx_word' id='word_1_686' title='bbox 555 4603 952 4674; x_wconf 75' lang='grc' dir='ltr'><strong>ἠφανίσθησαν.</strong></span> <span class='ocrx_word' id='word_1_687' title='bbox 1011 4619 1030 4654; x_wconf 76' lang='grc' dir='ltr'><strong>ι</strong></span> <span class='ocrx_word' id='word_1_688' title='bbox 1094 4603 1394 4675; x_wconf 76' lang='grc' dir='ltr'><strong>Ἀφῄρηται</strong></span> <span class='ocrx_word' id='word_1_689' title='bbox 1441 4604 1549 4657; x_wconf 88' lang='grc' dir='ltr'><strong>τῶν</strong></span> <span class='ocrx_word' id='word_1_690' title='bbox 1593 4603 1808 4674; x_wconf 87' lang='grc' dir='ltr'><strong>κτηνῶν</strong></span> 
     </span>
    </p>
   </div>
   <div class='ocr_carea' id='block_1_93' title="bbox 222 4691 1807 4765">
    <p class='ocr_par' dir='ltr' id='par_1_93' title="bbox 222 4691 1807 4765">
     <span class='ocr_line' id='line_1_93' title="bbox 222 4691 1807 4765; baseline -0.002 -17"><span class='ocrx_word' id='word_1_691' title='bbox 222 4693 533 4765; x_wconf 81' lang='grc' dir='ltr'><strong>ήσυνήθης</strong></span> <span class='ocrx_word' id='word_1_692' title='bbox 581 4692 723 4746; x_wconf 85' lang='grc' dir='ltr'><strong>κατά</strong></span> <span class='ocrx_word' id='word_1_693' title='bbox 767 4691 954 4763; x_wconf 79' lang='grc' dir='ltr'><strong>χώραν</strong></span> <span class='ocrx_word' id='word_1_694' title='bbox 993 4693 1190 4763; x_wconf 87' lang='grc' dir='ltr'><strong>τροφή.</strong></span> <span class='ocrx_word' id='word_1_695' title='bbox 1237 4711 1255 4743; x_wconf 76' lang='grc' dir='ltr'><strong>ι</strong></span> <span class='ocrx_word' id='word_1_696' title='bbox 1293 4692 1436 4763; x_wconf 87' lang='grc' dir='ltr'><strong>Πρὸς</strong></span> <span class='ocrx_word' id='word_1_697' title='bbox 1468 4693 1549 4757; x_wconf 83' lang='grc' dir='ltr'><strong>σὲ,</strong></span> <span class='ocrx_word' id='word_1_698' title='bbox 1595 4692 1767 4761; x_wconf 82' lang='grc' dir='ltr'><strong>Κύριε</strong></span> <span class='ocrx_word' id='word_1_699' title='bbox 1792 4732 1807 4757; x_wconf 93' lang='grc'><strong>,</strong></span> 
     </span>
    </p>
   </div>
   <div class='ocr_carea' id='block_1_94' title="bbox 228 4779 1807 4855">
    <p class='ocr_par' dir='ltr' id='par_1_94' title="bbox 228 4779 1807 4855">
     <span class='ocr_line' id='line_1_94' title="bbox 228 4779 1807 4855; baseline -0.002 -19"><span class='ocrx_word' id='word_1_700' title='bbox 228 4783 528 4854; x_wconf 78' lang='grc' dir='ltr'><strong>βοήσομαι,</strong></span> <span class='ocrx_word' id='word_1_701' title='bbox 546 4779 631 4832; x_wconf 82' lang='grc' dir='ltr'><strong>ὅτι</strong></span> <span class='ocrx_word' id='word_1_702' title='bbox 658 4779 771 4854; x_wconf 86' lang='grc' dir='ltr'><strong>πῦρ</strong></span> <span class='ocrx_word' id='word_1_703' title='bbox 792 4782 1041 4855; x_wconf 86' lang='grc' dir='ltr'><strong>ἀνήλωσε</strong></span> <span class='ocrx_word' id='word_1_704' title='bbox 1085 4782 1155 4836; x_wconf 87' lang='grc' dir='ltr'><strong>τά</strong></span> <span class='ocrx_word' id='word_1_705' title='bbox 1201 4782 1379 4853; x_wconf 84' lang='grc' dir='ltr'><strong>ὡραῖα</strong></span> <span class='ocrx_word' id='word_1_706' title='bbox 1406 4782 1506 4851; x_wconf 82' lang='grc' dir='ltr'><strong>τῆς</strong></span> <span class='ocrx_word' id='word_1_707' title='bbox 1556 4783 1651 4852; x_wconf 74' lang='grc' dir='ltr'><strong>ὲρή</strong></span> <span class='ocrx_word' id='word_1_708' title='bbox 1662 4799 1762 4850; x_wconf 88' lang='grc' dir='ltr'><strong>μου</strong></span> <span class='ocrx_word' id='word_1_709' title='bbox 1792 4822 1807 4842; x_wconf 89' lang='lat'><strong>,</strong></span> 
     </span>
    </p>
   </div>
   <div class='ocr_carea' id='block_1_95' title="bbox 229 4869 1808 4944">
    <p class='ocr_par' dir='ltr' id='par_1_95' title="bbox 229 4869 1808 4944">
     <span class='ocr_line' id='line_1_95' title="bbox 229 4869 1808 4944; baseline -0.004 -16"><span class='ocrx_word' id='word_1_710' title='bbox 229 4877 319 4928; x_wconf 69' lang='grc' dir='ltr'><strong>καὶ</strong></span> <span class='ocrx_word' id='word_1_711' title='bbox 344 4875 481 4944; x_wconf 70' lang='grc' dir='ltr'><strong>φλὸξ</strong></span> <span class='ocrx_word' id='word_1_712' title='bbox 523 4872 698 4944; x_wconf 79' lang='grc' dir='ltr'><strong>ἀνῆψε</strong></span> <span class='ocrx_word' id='word_1_713' title='bbox 748 4869 1034 4928; x_wconf 67' lang='grc' dir='ltr'><strong>πάντα“τά</strong></span> <span class='ocrx_word' id='word_1_714' title='bbox 1066 4871 1198 4937; x_wconf 80' lang='grc' dir='ltr'><strong>ξύλα</strong></span> <span class='ocrx_word' id='word_1_715' title='bbox 1228 4872 1323 4925; x_wconf 92' lang='grc' dir='ltr'><strong>τοῦ</strong></span> <span class='ocrx_word' id='word_1_716' title='bbox 1355 4870 1547 4941; x_wconf 85' lang='grc' dir='ltr'><strong>ἀγροῦ.</strong></span> <span class='ocrx_word' id='word_1_717' title='bbox 1586 4890 1604 4923; x_wconf 76' lang='grc' dir='ltr'><strong>ι</strong></span> <span class='ocrx_word' id='word_1_718' title='bbox 1642 4872 1808 4941; x_wconf 82' lang='grc' dir='ltr'><strong>Κοινῇ</strong></span> 
     </span>
    </p>
   </div>
   <div class='ocr_carea' id='block_1_96' title="bbox 231 4960 1813 5033">
    <p class='ocr_par' dir='ltr' id='par_1_96' title="bbox 231 4960 1813 5033">
     <span class='ocr_line' id='line_1_96' title="bbox 231 4960 1813 5033; baseline -0.005 -12"><span class='ocrx_word' id='word_1_719' title='bbox 231 4965 282 5021; x_wconf 61' lang='grc' dir='ltr'>ἓ</span> <span class='ocrx_word' id='word_1_720' title='bbox 309 4966 518 5029; x_wconf 78' lang='grc' dir='ltr'><strong>πάντες</strong></span> <span class='ocrx_word' id='word_1_721' title='bbox 546 4966 645 5018; x_wconf 66' lang='grc' dir='ltr'><strong>ἐπὶ</strong></span> <span class='ocrx_word' id='word_1_722' title='bbox 685 4967 800 5026; x_wconf 85' lang='grc' dir='ltr'><strong>τοῖς</strong></span> <span class='ocrx_word' id='word_1_723' title='bbox 834 4963 1126 5033; x_wconf 82' lang='grc' dir='ltr'><strong>κατέχουσι</strong></span> <span class='ocrx_word' id='word_1_724' title='bbox 1174 4965 1361 5025; x_wconf 83' lang='grc' dir='ltr'><strong>κακοῖς</strong></span> <span class='ocrx_word' id='word_1_725' title='bbox 1394 4961 1545 5032; x_wconf 87' lang='grc' dir='ltr'><strong>παρά</strong></span> <span class='ocrx_word' id='word_1_726' title='bbox 1580 4960 1672 5013; x_wconf 87' lang='grc' dir='ltr'><strong>σοῦ</strong></span> <span class='ocrx_word' id='word_1_727' title='bbox 1706 4961 1813 5014; x_wconf 88' lang='grc' dir='ltr'><strong>τῶν</strong></span> 
     </span>
    </p>
   </div>
   <div class='ocr_carea' id='block_1_97' title="bbox 233 5044 1814 5126">
    <p class='ocr_par' dir='ltr' id='par_1_97' title="bbox 233 5044 1814 5126">
     <span class='ocr_line' id='line_1_97' title="bbox 233 5044 1814 5126; baseline -0.004 -17"><span class='ocrx_word' id='word_1_728' title='bbox 233 5059 559 5126; x_wconf 77' lang='grc' dir='ltr'><strong>τηλικούτων</strong></span> <span class='ocrx_word' id='word_1_729' title='bbox 605 5054 796 5112; x_wconf 85' lang='grc' dir='ltr'><strong>κακῶν</strong></span> <span class='ocrx_word' id='word_1_730' title='bbox 846 5044 1144 5125; x_wconf 71' lang='grc' dir='ltr'><strong>αἰτήσομεν</strong></span> <span class='ocrx_word' id='word_1_731' title='bbox 1193 5054 1293 5125; x_wconf 78' lang='grc' dir='ltr'><strong>τὴν</strong></span> <span class='ocrx_word' id='word_1_732' title='bbox 1322 5051 1497 5117; x_wconf 84' lang='grc' dir='ltr'><strong>λύσιν,</strong></span> <span class='ocrx_word' id='word_1_733' title='bbox 1544 5053 1626 5105; x_wconf 80' lang='grc' dir='ltr'><strong>ὅτι</strong></span> <span class='ocrx_word' id='word_1_734' title='bbox 1658 5053 1814 5123; x_wconf 85' lang='grc' dir='ltr'><strong>δίκην</strong></span> 
     </span>
    </p>
   </div>
   <div class='ocr_carea' id='block_1_98' title="bbox 239 5140 1816 5220">
    <p class='ocr_par' dir='ltr' id='par_1_98' title="bbox 239 5140 1816 5220">
     <span class='ocr_line' id='line_1_98' title="bbox 239 5140 1816 5220; baseline -0.006 -19"><span class='ocrx_word' id='word_1_735' title='bbox 239 5149 395 5218; x_wconf 55' lang='grc' dir='ltr'><strong>πρὸς</strong></span> <span class='ocrx_word' id='word_1_736' title='bbox 427 5147 630 5202; x_wconf 77' lang='grc' dir='ltr'><strong>ἃπασα</strong></span> <span class='ocrx_word' id='word_1_737' title='bbox 662 5146 697 5217; x_wconf 82' lang='grc' dir='ltr'>ἠ</span> <span class='ocrx_word' id='word_1_738' title='bbox 730 5145 885 5216; x_wconf 84' lang='grc' dir='ltr'><strong>χώρα</strong></span> <span class='ocrx_word' id='word_1_739' title='bbox 912 5146 1010 5197; x_wconf 72' lang='grc' dir='ltr'><strong>σὺν</strong></span> <span class='ocrx_word' id='word_1_740' title='bbox 1047 5147 1160 5207; x_wconf 80' lang='grc' dir='ltr'><strong>τοῖς</strong></span> <span class='ocrx_word' id='word_1_741' title='bbox 1196 5143 1376 5220; x_wconf 56' lang='grc' dir='ltr'><strong>ἐνοῦσι</strong></span> <span class='ocrx_word' id='word_1_742' title='bbox 1406 5140 1642 5211; x_wconf 79' lang='grc' dir='ltr'><strong>δένδροις</strong></span> <span class='ocrx_word' id='word_1_743' title='bbox 1675 5141 1816 5209; x_wconf 77' lang='grc' dir='ltr'><strong>ἠφά-</strong></span> 
     </span>
    </p>
   </div>
   <div class='ocr_carea' id='block_1_99' title="bbox 237 5231 1816 5310">
    <p class='ocr_par' dir='ltr' id='par_1_99' title="bbox 237 5231 1816 5310">
     <span class='ocr_line' id='line_1_99' title="bbox 237 5231 1816 5310; baseline -0.006 -18"><span class='ocrx_word' id='word_1_744' title='bbox 237 5254 418 5294; x_wconf 76' lang='grc' dir='ltr'><strong>νισταιο</strong></span> <span class='ocrx_word' id='word_1_745' title='bbox 452 5257 473 5291; x_wconf 77' lang='grc' dir='ltr'><strong>ι</strong></span> <span class='ocrx_word' id='word_1_746' title='bbox 506 5238 692 5310; x_wconf 79' lang='grc' dir='ltr'><strong>ὡραῖα</strong></span> <span class='ocrx_word' id='word_1_747' title='bbox 730 5254 753 5287; x_wconf 73' lang='grc' dir='ltr'><strong>ι</strong></span> <span class='ocrx_word' id='word_1_748' title='bbox 783 5235 895 5306; x_wconf 83' lang='grc' dir='ltr'><strong>γάρ</strong></span> <span class='ocrx_word' id='word_1_749' title='bbox 939 5252 958 5285; x_wconf 83' lang='grc' dir='ltr'><strong>ι</strong></span> <span class='ocrx_word' id='word_1_750' title='bbox 993 5235 1094 5303; x_wconf 83' lang='grc' dir='ltr'><strong>τῆς</strong></span> <span class='ocrx_word' id='word_1_751' title='bbox 1122 5236 1328 5305; x_wconf 72' lang='grc' dir='ltr'><strong>ἐρήμου</strong></span> <span class='ocrx_word' id='word_1_752' title='bbox 1363 5250 1384 5285; x_wconf 77' lang='grc' dir='ltr'><strong>ι</strong></span> <span class='ocrx_word' id='word_1_753' title='bbox 1420 5231 1566 5301; x_wconf 85' lang='grc' dir='ltr'><strong>λέγει</strong></span> <span class='ocrx_word' id='word_1_754' title='bbox 1601 5232 1726 5294; x_wconf 76' lang='grc' dir='ltr'><strong>τοὺς</strong></span> <span class='ocrx_word' id='word_1_755' title='bbox 1758 5232 1816 5284; x_wconf 84' lang='grc' dir='ltr'><strong>ὲν</strong></span> 
     </span>
    </p>
   </div>
   <div class='ocr_carea' id='block_1_100' title="bbox 237 5321 1817 5403">
    <p class='ocr_par' dir='ltr' id='par_1_100' title="bbox 237 5321 1817 5403">
     <span class='ocr_line' id='line_1_100' title="bbox 237 5321 1817 5403; baseline -0.005 -21"><span class='ocrx_word' id='word_1_756' title='bbox 237 5331 335 5392; x_wconf 70' lang='grc' dir='ltr'><strong>τοῖς</strong></span> <span class='ocrx_word' id='word_1_757' title='bbox 357 5328 513 5403; x_wconf 67' lang='grc' dir='ltr'><strong>ὄρεσι</strong></span> <span class='ocrx_word' id='word_1_758' title='bbox 534 5329 744 5390; x_wconf 86' lang='grc' dir='ltr'><strong>τόπους</strong></span> <span class='ocrx_word' id='word_1_759' title='bbox 768 5326 908 5397; x_wconf 83' lang='grc' dir='ltr'><strong>πρὸς</strong></span> <span class='ocrx_word' id='word_1_760' title='bbox 932 5325 1263 5396; x_wconf 86' lang='grc' dir='ltr'><strong>σπερμάτων</strong></span> <span class='ocrx_word' id='word_1_761' title='bbox 1292 5321 1597 5392; x_wconf 79' lang='grc' dir='ltr'><strong>καταϐολὴν</strong></span> <span class='ocrx_word' id='word_1_762' title='bbox 1627 5323 1817 5391; x_wconf 72' lang='grc' dir='ltr'><strong>ἐπιτη-</strong></span> 
     </span>
    </p>
   </div>
   <div class='ocr_carea' id='block_1_101' title="bbox 240 5411 1813 5487">
    <p class='ocr_par' dir='ltr' id='par_1_101' title="bbox 240 5411 1813 5487">
     <span class='ocr_line' id='line_1_101' title="bbox 240 5411 1813 5487; baseline -0.007 -14"><span class='ocrx_word' id='word_1_763' title='bbox 240 5419 394 5487; x_wconf 76' lang='grc' dir='ltr'><strong>δείως</strong></span> <span class='ocrx_word' id='word_1_764' title='bbox 442 5422 634 5486; x_wconf 72' lang='grc' dir='ltr'><strong>ὄντας,</strong></span> <span class='ocrx_word' id='word_1_765' title='bbox 671 5417 770 5484; x_wconf 79' lang='grc' dir='ltr'><strong>οὓς</strong></span> <span class='ocrx_word' id='word_1_766' title='bbox 805 5417 1034 5471; x_wconf 80' lang='grc' dir='ltr'><strong>εἰώθασι</strong></span> <span class='ocrx_word' id='word_1_767' title='bbox 1068 5414 1232 5486; x_wconf 89' lang='grc' dir='ltr'><strong>κοινῷ</strong></span> <span class='ocrx_word' id='word_1_768' title='bbox 1258 5414 1401 5484; x_wconf 84' lang='grc' dir='ltr'><strong>λόγῳ</strong></span> <span class='ocrx_word' id='word_1_769' title='bbox 1449 5431 1467 5464; x_wconf 77' lang='grc' dir='ltr'><strong>ι</strong></span> <span class='ocrx_word' id='word_1_770' title='bbox 1510 5411 1759 5482; x_wconf 83' lang='grc' dir='ltr'><strong>ὀροπέδια</strong></span> <span class='ocrx_word' id='word_1_771' title='bbox 1795 5428 1813 5462; x_wconf 84' lang='grc' dir='ltr'><strong>ι</strong></span> 
     </span>
    </p>
   </div>
   <div class='ocr_carea' id='block_1_102' title="bbox 242 5499 1819 5579">
    <p class='ocr_par' dir='ltr' id='par_1_102' title="bbox 242 5499 1819 5579">
     <span class='ocr_line' id='line_1_102' title="bbox 242 5499 1819 5579; baseline -0.008 -13"><span class='ocrx_word' id='word_1_772' title='bbox 242 5514 403 5566; x_wconf 71' lang='grc' dir='ltr'><strong>καλεῖν</strong></span> <span class='ocrx_word' id='word_1_773' title='bbox 427 5531 441 5546; x_wconf 71' lang='grc' dir='ltr'><em>υ</em></span> <span class='ocrx_word' id='word_1_774' title='bbox 480 5514 576 5568; x_wconf 81' lang='grc' dir='ltr'><strong>ἵνα</strong></span> <span class='ocrx_word' id='word_1_775' title='bbox 609 5508 710 5563; x_wconf 74' lang='grc' dir='ltr'><strong>οὖν</strong></span> <span class='ocrx_word' id='word_1_776' title='bbox 741 5509 898 5579; x_wconf 59' lang='grc' dir='ltr'><strong>εἶπεν</strong></span> <span class='ocrx_word' id='word_1_777' title='bbox 950 5507 1033 5559; x_wconf 80' lang='grc' dir='ltr'><strong>ὅτι</strong></span> <span class='ocrx_word' id='word_1_778' title='bbox 1064 5506 1172 5568; x_wconf 75' lang='grc' dir='ltr'><strong>πᾶς</strong></span> <span class='ocrx_word' id='word_1_779' title='bbox 1200 5504 1362 5566; x_wconf 88' lang='grc' dir='ltr'><strong>τόπος</strong></span> <span class='ocrx_word' id='word_1_780' title='bbox 1402 5502 1496 5554; x_wconf 71' lang='grc' dir='ltr'><strong>καὶ</strong></span> <span class='ocrx_word' id='word_1_781' title='bbox 1530 5501 1637 5553; x_wconf 83' lang='grc' dir='ltr'><strong>πᾶν</strong></span> <span class='ocrx_word' id='word_1_782' title='bbox 1665 5499 1819 5565; x_wconf 79' lang='grc' dir='ltr'><strong>ξύλον</strong></span> 
     </span>
    </p>
   </div>
   <div class='ocr_carea' id='block_1_103' title="bbox 240 5596 1817 5680">
    <p class='ocr_par' dir='ltr' id='par_1_103' title="bbox 240 5596 1817 5680">
     <span class='ocr_line' id='line_1_103' title="bbox 240 5596 1817 5680; baseline -0.013 -11"><span class='ocrx_word' id='word_1_783' title='bbox 240 5596 533 5680; x_wconf 56' lang='grc' dir='ltr'><strong>ἠφάνισται,</strong></span> <span class='ocrx_word' id='word_1_784' title='bbox 586 5613 670 5676; x_wconf 83' lang='grc' dir='ltr'><strong>ὡς</strong></span> <span class='ocrx_word' id='word_1_785' title='bbox 715 5610 830 5665; x_wconf 79' lang='grc' dir='ltr'><strong>ὑπὸ</strong></span> <span class='ocrx_word' id='word_1_786' title='bbox 879 5606 1053 5678; x_wconf 85' lang='grc' dir='ltr'><strong>πυρός</strong></span> <span class='ocrx_word' id='word_1_787' title='bbox 1102 5621 1247 5668; x_wconf 89' lang='grc' dir='ltr'><strong>τινος</strong></span> <span class='ocrx_word' id='word_1_788' title='bbox 1303 5600 1817 5671; x_wconf 78' lang='grc' dir='ltr'><strong>καταπεφλεγμένα.</strong></span> 
     </span>
    </p>
   </div>
   <div class='ocr_carea' id='block_1_104' title="bbox 249 5692 1820 5774">
    <p class='ocr_par' dir='ltr' id='par_1_104' title="bbox 249 5692 1820 5774">
     <span class='ocr_line' id='line_1_104' title="bbox 249 5692 1820 5774; baseline -0.01 -17"><span class='ocrx_word' id='word_1_789' title='bbox 249 5703 390 5759; x_wconf 74' lang='grc' dir='ltr'><strong>ιΚςιὶ</strong></span> <span class='ocrx_word' id='word_1_790' title='bbox 428 5708 493 5762; x_wconf 77' lang='grc' dir='ltr'><strong>τά</strong></span> <span class='ocrx_word' id='word_1_791' title='bbox 537 5707 727 5774; x_wconf 84' lang='grc' dir='ltr'><strong>κτήνη</strong></span> <span class='ocrx_word' id='word_1_792' title='bbox 774 5699 876 5756; x_wconf 75' lang='grc' dir='ltr'><strong>τοῦ</strong></span> <span class='ocrx_word' id='word_1_793' title='bbox 930 5697 1112 5752; x_wconf 81' lang='grc' dir='ltr'><strong>πεδίου</strong></span> <span class='ocrx_word' id='word_1_794' title='bbox 1152 5696 1412 5764; x_wconf 65' lang='grc' dir='ltr'><strong>ἀνίῦλενζκε</strong></span> <span class='ocrx_word' id='word_1_795' title='bbox 1450 5693 1583 5760; x_wconf 75' lang='grc' dir='ltr'><strong>πρὸς</strong></span> <span class='ocrx_word' id='word_1_796' title='bbox 1635 5693 1705 5756; x_wconf 73' lang='grc' dir='ltr'><strong>τὲ,</strong></span> <span class='ocrx_word' id='word_1_797' title='bbox 1742 5692 1820 5742; x_wconf 72' lang='grc' dir='ltr'><strong>ὅτι</strong></span> 
     </span>
    </p>
   </div>
   <div class='ocr_carea' id='block_1_105' title="bbox 1911 4503 3476 4579">
    <p class='ocr_par' dir='ltr' id='par_1_105' title="bbox 1911 4503 3476 4579">
     <span class='ocr_line' id='line_1_105' title="bbox 1911 4503 3476 4579; baseline -0.01 -12"><span class='ocrx_word' id='word_1_798' title='bbox 1911 4514 2094 4567; x_wconf 90' lang='lat' dir='ltr'><strong>ovium</strong></span> <span class='ocrx_word' id='word_1_799' title='bbox 2137 4511 2520 4579; x_wconf 88' lang='lat' dir='ltr'><strong>disperierunt.</strong></span> <span class='ocrx_word' id='word_1_800' title='bbox 2570 4525 2588 4557; x_wconf 74' lang='grc' dir='ltr'><strong>ι</strong></span> <span class='ocrx_word' id='word_1_801' title='bbox 2635 4503 3015 4579; x_wconf 85' lang='lat' dir='ltr'><strong>Jumentorum</strong></span> <span class='ocrx_word' id='word_1_802' title='bbox 3070 4506 3332 4555; x_wconf 82' lang='lat' dir='ltr'><strong>consueta</strong></span> <span class='ocrx_word' id='word_1_803' title='bbox 3382 4514 3476 4566; x_wconf 86' lang='lat' dir='ltr'><strong>per</strong></span> 
     </span>
    </p>
   </div>
   <div class='ocr_carea' id='block_1_106' title="bbox 1911 4589 3475 4674">
    <p class='ocr_par' dir='ltr' id='par_1_106' title="bbox 1911 4589 3475 4674">
     <span class='ocr_line' id='line_1_106' title="bbox 1911 4589 3475 4674; baseline -0.012 -16"><span class='ocrx_word' id='word_1_804' title='bbox 1911 4619 2071 4674; x_wconf 84' lang='lat' dir='ltr'><strong>agros</strong></span> <span class='ocrx_word' id='word_1_805' title='bbox 2098 4602 2355 4656; x_wconf 88' lang='lat' dir='ltr'><strong>alimenta</strong></span> <span class='ocrx_word' id='word_1_806' title='bbox 2385 4597 2727 4653; x_wconf 88' lang='lat' dir='ltr'><strong>defecerunt.</strong></span> <span class='ocrx_word' id='word_1_807' title='bbox 2772 4612 2790 4644; x_wconf 79' lang='grc' dir='ltr'><strong>ι</strong></span> <span class='ocrx_word' id='word_1_808' title='bbox 2826 4594 2908 4647; x_wconf 81' lang='lat' dir='ltr'><strong>Ad</strong></span> <span class='ocrx_word' id='word_1_809' title='bbox 2961 4601 3032 4656; x_wconf 86' lang='lat' dir='ltr'><strong>te,</strong></span> <span class='ocrx_word' id='word_1_810' title='bbox 3076 4590 3323 4650; x_wconf 87' lang='lat' dir='ltr'><strong>Domine,</strong></span> <span class='ocrx_word' id='word_1_811' title='bbox 3358 4589 3475 4642; x_wconf 86' lang='lat' dir='ltr'><strong>cla-</strong></span> 
     </span>
    </p>
   </div>
   <div class='ocr_carea' id='block_1_107' title="bbox 1912 4680 3480 4766">
    <p class='ocr_par' dir='ltr' id='par_1_107' title="bbox 1912 4680 3480 4766">
     <span class='ocr_line' id='line_1_107' title="bbox 1912 4680 3480 4766; baseline -0.012 -15"><span class='ocrx_word' id='word_1_812' title='bbox 1912 4698 2093 4759; x_wconf 89' lang='lat' dir='ltr'><strong>mabo,</strong></span> <span class='ocrx_word' id='word_1_813' title='bbox 2124 4696 2251 4766; x_wconf 87' lang='lat' dir='ltr'><strong>quia</strong></span> <span class='ocrx_word' id='word_1_814' title='bbox 2299 4693 2441 4764; x_wconf 88' lang='lat' dir='ltr'><strong>ignis</strong></span> <span class='ocrx_word' id='word_1_815' title='bbox 2485 4688 2827 4756; x_wconf 88' lang='lat' dir='ltr'><strong>consumpsit</strong></span> <span class='ocrx_word' id='word_1_816' title='bbox 2873 4685 3116 4755; x_wconf 87' lang='lat' dir='ltr'><strong>speciosa</strong></span> <span class='ocrx_word' id='word_1_817' title='bbox 3166 4680 3388 4745; x_wconf 89' lang='lat' dir='ltr'><strong>deserti,</strong></span> <span class='ocrx_word' id='word_1_818' title='bbox 3425 4686 3480 4733; x_wconf 85' lang='lat' dir='ltr'><strong>et</strong></span> 
     </span>
    </p>
   </div>
   <div class='ocr_carea' id='block_1_108' title="bbox 1912 4770 3479 4850">
    <p class='ocr_par' dir='ltr' id='par_1_108' title="bbox 1912 4770 3479 4850">
     <span class='ocr_line' id='line_1_108' title="bbox 1912 4770 3479 4850; baseline -0.013 -9"><span class='ocrx_word' id='word_1_819' title='bbox 1912 4786 2128 4841; x_wconf 88' lang='lat' dir='ltr'><strong>flamma</strong></span> <span class='ocrx_word' id='word_1_820' title='bbox 2157 4793 2351 4839; x_wconf 84' lang='lat' dir='ltr'><strong>cuncta</strong></span> <span class='ocrx_word' id='word_1_821' title='bbox 2383 4783 2525 4850; x_wconf 90' lang='lat' dir='ltr'><strong>ligna</strong></span> <span class='ocrx_word' id='word_1_822' title='bbox 2557 4778 2671 4850; x_wconf 89' lang='lat' dir='ltr'><strong>agri</strong></span> <span class='ocrx_word' id='word_1_823' title='bbox 2701 4774 3001 4832; x_wconf 89' lang='lat' dir='ltr'><strong>succendit.</strong></span> <span class='ocrx_word' id='word_1_824' title='bbox 3035 4792 3053 4824; x_wconf 75' lang='grc' dir='ltr'><strong>ι</strong></span> <span class='ocrx_word' id='word_1_825' title='bbox 3089 4770 3281 4825; x_wconf 88' lang='lat' dir='ltr'><strong>Cuncti</strong></span> <span class='ocrx_word' id='word_1_826' title='bbox 3318 4770 3479 4823; x_wconf 88' lang='lat' dir='ltr'><strong>simul</strong></span> 
     </span>
    </p>
   </div>
   <div class='ocr_carea' id='block_1_109' title="bbox 1914 4860 3478 4935">
    <p class='ocr_par' dir='ltr' id='par_1_109' title="bbox 1914 4860 3478 4935">
     <span class='ocr_line' id='line_1_109' title="bbox 1914 4860 3478 4935; baseline -0.012 -6"><span class='ocrx_word' id='word_1_827' title='bbox 1914 4876 1967 4930; x_wconf 89' lang='lat' dir='ltr'><strong>in</strong></span> <span class='ocrx_word' id='word_1_828' title='bbox 2006 4875 2175 4931; x_wconf 87' lang='lat' dir='ltr'><strong>tantis</strong></span> <span class='ocrx_word' id='word_1_829' title='bbox 2207 4873 2487 4929; x_wconf 89' lang='lat' dir='ltr'><strong>constituti</strong></span> <span class='ocrx_word' id='word_1_830' title='bbox 2532 4870 2713 4932; x_wconf 89' lang='lat' dir='ltr'><strong>malis,</strong></span> <span class='ocrx_word' id='word_1_831' title='bbox 2759 4881 2789 4920; x_wconf 87' lang='lat' dir='ltr'><strong>a</strong></span> <span class='ocrx_word' id='word_1_832' title='bbox 2835 4873 2888 4920; x_wconf 92' lang='lat' dir='ltr'><strong>te</strong></span> <span class='ocrx_word' id='word_1_833' title='bbox 2935 4864 3215 4935; x_wconf 88' lang='lat' dir='ltr'><strong>poscimus</strong></span> <span class='ocrx_word' id='word_1_834' title='bbox 3259 4860 3478 4912; x_wconf 87' lang='lat' dir='ltr'><strong>illorum</strong></span> 
     </span>
    </p>
   </div>
   <div class='ocr_carea' id='block_1_110' title="bbox 1913 4952 3481 5034">
    <p class='ocr_par' dir='ltr' id='par_1_110' title="bbox 1913 4952 3481 5034">
     <span class='ocr_line' id='line_1_110' title="bbox 1913 4952 3481 5034; baseline -0.015 -11"><span class='ocrx_word' id='word_1_835' title='bbox 1913 4968 2261 5032; x_wconf 90' lang='lat' dir='ltr'><strong>solutionem,</strong></span> <span class='ocrx_word' id='word_1_836' title='bbox 2313 4964 2439 5034; x_wconf 86' lang='lat' dir='ltr'><strong>quia</strong></span> <span class='ocrx_word' id='word_1_837' title='bbox 2497 4963 2643 5016; x_wconf 89' lang='lat' dir='ltr'><strong>velut</strong></span> <span class='ocrx_word' id='word_1_838' title='bbox 2696 4960 2820 5027; x_wconf 90' lang='lat' dir='ltr'><strong>igne</strong></span> <span class='ocrx_word' id='word_1_839' title='bbox 2857 4957 3111 5011; x_wconf 86' lang='lat' dir='ltr'><strong>universa</strong></span> <span class='ocrx_word' id='word_1_840' title='bbox 3162 4952 3311 5020; x_wconf 79' lang='lat' dir='ltr'><strong>regio</strong></span> <span class='ocrx_word' id='word_1_841' title='bbox 3356 4963 3481 5002; x_wconf 87' lang='lat' dir='ltr'><strong>cum</strong></span> 
     </span>
    </p>
   </div>
   <div class='ocr_carea' id='block_1_111' title="bbox 1915 5040 3475 5115">
    <p class='ocr_par' dir='ltr' id='par_1_111' title="bbox 1915 5040 3475 5115">
     <span class='ocr_line' id='line_1_111' title="bbox 1915 5040 3475 5115; baseline -0.019 0"><span class='ocrx_word' id='word_1_842' title='bbox 1915 5059 2030 5115; x_wconf 86' lang='lat' dir='ltr'><strong>suis</strong></span> <span class='ocrx_word' id='word_1_843' title='bbox 2058 5057 2346 5110; x_wconf 74' lang='lat' dir='ltr'><strong>arboribus</strong></span> <span class='ocrx_word' id='word_1_844' title='bbox 2375 5062 2584 5109; x_wconf 86' lang='lat' dir='ltr'><strong>vastata</strong></span> <span class='ocrx_word' id='word_1_845' title='bbox 2606 5058 2708 5105; x_wconf 87' lang='lat' dir='ltr'><strong>est.</strong></span> <span class='ocrx_word' id='word_1_846' title='bbox 2727 5047 2860 5102; x_wconf 85' lang='lat' dir='ltr'><strong>Nam</strong></span> <span class='ocrx_word' id='word_1_847' title='bbox 2894 5065 2912 5097; x_wconf 76' lang='grc' dir='ltr'><strong>ι</strong></span> <span class='ocrx_word' id='word_1_848' title='bbox 2942 5044 3143 5099; x_wconf 86' lang='lat' dir='ltr'><strong>deserti</strong></span> <span class='ocrx_word' id='word_1_849' title='bbox 3176 5040 3421 5109; x_wconf 87' lang='lat' dir='ltr'><strong>speciosa</strong></span> <span class='ocrx_word' id='word_1_850' title='bbox 3458 5054 3475 5085; x_wconf 79' lang='grc' dir='ltr'><strong>ι</strong></span> 
     </span>
    </p>
   </div>
   <div class='ocr_carea' id='block_1_112' title="bbox 1915 5128 3484 5203">
    <p class='ocr_par' dir='ltr' id='par_1_112' title="bbox 1915 5128 3484 5203">
     <span class='ocr_line' id='line_1_112' title="bbox 1915 5128 3484 5203; baseline -0.014 -1"><span class='ocrx_word' id='word_1_851' title='bbox 1915 5149 2048 5203; x_wconf 89' lang='lat' dir='ltr'><strong>dicit</strong></span> <span class='ocrx_word' id='word_1_852' title='bbox 2087 5148 2236 5200; x_wconf 89' lang='lat' dir='ltr'><strong>locos</strong></span> <span class='ocrx_word' id='word_1_853' title='bbox 2291 5146 2344 5197; x_wconf 91' lang='lat' dir='ltr'><strong>in</strong></span> <span class='ocrx_word' id='word_1_854' title='bbox 2385 5142 2664 5197; x_wconf 86' lang='lat' dir='ltr'><strong>montibus</strong></span> <span class='ocrx_word' id='word_1_855' title='bbox 2711 5135 3061 5194; x_wconf 88' lang='lat' dir='ltr'><strong>seminationi</strong></span> <span class='ocrx_word' id='word_1_856' title='bbox 3112 5130 3357 5189; x_wconf 81' lang='lat' dir='ltr'><strong>idoneos,</strong></span> <span class='ocrx_word' id='word_1_857' title='bbox 3390 5128 3484 5195; x_wconf 88' lang='lat' dir='ltr'><strong>qui</strong></span> 
     </span>
    </p>
   </div>
   <div class='ocr_carea' id='block_1_113' title="bbox 1918 5224 3479 5305">
    <p class='ocr_par' dir='ltr' id='par_1_113' title="bbox 1918 5224 3479 5305">
     <span class='ocr_line' id='line_1_113' title="bbox 1918 5224 3479 5305; baseline -0.015 -13"><span class='ocrx_word' id='word_1_858' title='bbox 1918 5239 2125 5305; x_wconf 82' lang='lat' dir='ltr'><strong>vulgari</strong></span> <span class='ocrx_word' id='word_1_859' title='bbox 2159 5235 2373 5304; x_wconf 86' lang='lat' dir='ltr'><strong>loquela</strong></span> <span class='ocrx_word' id='word_1_860' title='bbox 2405 5234 2512 5289; x_wconf 89' lang='lat' dir='ltr'><strong>dici</strong></span> <span class='ocrx_word' id='word_1_861' title='bbox 2554 5231 2733 5287; x_wconf 89' lang='lat' dir='ltr'><strong>solent</strong></span> <span class='ocrx_word' id='word_1_862' title='bbox 2781 5246 2799 5278; x_wconf 85' lang='grc'><strong><em>‹</em></strong></span> <span class='ocrx_word' id='word_1_863' title='bbox 2843 5224 3082 5295; x_wconf 63' lang='lat' dir='ltr'><strong>planitiae</strong></span> <span class='ocrx_word' id='word_1_864' title='bbox 3123 5227 3414 5274; x_wconf 56' lang='lat' dir='ltr'><strong>montana.</strong></span> <span class='ocrx_word' id='word_1_865' title='bbox 3460 5235 3479 5269; x_wconf 75' lang='grc' dir='ltr'><strong>ι</strong></span> 
     </span>
    </p>
   </div>
   <div class='ocr_carea' id='block_1_114' title="bbox 1917 5306 3481 5396">
    <p class='ocr_par' dir='ltr' id='par_1_114' title="bbox 1917 5306 3481 5396">
     <span class='ocr_line' id='line_1_114' title="bbox 1917 5306 3481 5396; baseline -0.015 -14"><span class='ocrx_word' id='word_1_866' title='bbox 1917 5328 2046 5382; x_wconf 79' lang='lat' dir='ltr'><strong>Vult</strong></span> <span class='ocrx_word' id='word_1_867' title='bbox 2093 5340 2221 5396; x_wconf 84' lang='lat' dir='ltr'><strong>ergo</strong></span> <span class='ocrx_word' id='word_1_868' title='bbox 2275 5324 2479 5386; x_wconf 90' lang='lat' dir='ltr'><strong>dicere,</strong></span> <span class='ocrx_word' id='word_1_869' title='bbox 2536 5333 2751 5376; x_wconf 89' lang='lat' dir='ltr'><strong>omnem</strong></span> <span class='ocrx_word' id='word_1_870' title='bbox 2803 5317 2983 5369; x_wconf 87' lang='lat' dir='ltr'><strong>locum</strong></span> <span class='ocrx_word' id='word_1_871' title='bbox 3040 5323 3308 5378; x_wconf 85' lang='lat' dir='ltr'><strong>omneque</strong></span> <span class='ocrx_word' id='word_1_872' title='bbox 3351 5306 3481 5375; x_wconf 83' lang='lat' dir='ltr'><strong>ligni</strong></span> 
     </span>
    </p>
   </div>
   <div class='ocr_carea' id='block_1_115' title="bbox 1920 5397 3486 5489">
    <p class='ocr_par' dir='ltr' id='par_1_115' title="bbox 1920 5397 3486 5489">
     <span class='ocr_line' id='line_1_115' title="bbox 1920 5397 3486 5489; baseline -0.017 -14"><span class='ocrx_word' id='word_1_873' title='bbox 1920 5435 2091 5489; x_wconf 84' lang='lat' dir='ltr'><strong>genus</strong></span> <span class='ocrx_word' id='word_1_874' title='bbox 2117 5427 2376 5485; x_wconf 89' lang='lat' dir='ltr'><strong>tanquam</strong></span> <span class='ocrx_word' id='word_1_875' title='bbox 2419 5413 2540 5481; x_wconf 87' lang='lat' dir='ltr'><strong>igne</strong></span> <span class='ocrx_word' id='word_1_876' title='bbox 2573 5408 2744 5463; x_wconf 83' lang='lat' dir='ltr'><strong>fuisse</strong></span> <span class='ocrx_word' id='word_1_877' title='bbox 2786 5404 3199 5460; x_wconf 86' lang='lat' dir='ltr'><strong>inflammatum.</strong></span> <span class='ocrx_word' id='word_1_878' title='bbox 3239 5417 3257 5449; x_wconf 78' lang='grc' dir='ltr'><strong>ι</strong></span> <span class='ocrx_word' id='word_1_879' title='bbox 3299 5397 3401 5451; x_wconf 84' lang='lat' dir='ltr'><strong>Sed</strong></span> <span class='ocrx_word' id='word_1_880' title='bbox 3432 5405 3486 5450; x_wconf 88' lang='lat' dir='ltr'><strong>et</strong></span> 
     </span>
    </p>
   </div>
   <div class='ocr_carea' id='block_1_116' title="bbox 1921 5490 3488 5576">
    <p class='ocr_par' dir='ltr' id='par_1_116' title="bbox 1921 5490 3488 5576">
     <span class='ocr_line' id='line_1_116' title="bbox 1921 5490 3488 5576; baseline -0.014 -13"><span class='ocrx_word' id='word_1_881' title='bbox 1921 5509 2107 5563; x_wconf 73' lang='lat' dir='ltr'><strong>bestiae</strong></span> <span class='ocrx_word' id='word_1_882' title='bbox 2143 5505 2255 5576; x_wconf 82' lang='lat' dir='ltr'><strong>agri</strong></span> <span class='ocrx_word' id='word_1_883' title='bbox 2308 5503 2373 5557; x_wconf 90' lang='lat' dir='ltr'><strong>ad</strong></span> <span class='ocrx_word' id='word_1_884' title='bbox 2427 5510 2480 5556; x_wconf 90' lang='lat' dir='ltr'><strong>te</strong></span> <span class='ocrx_word' id='word_1_885' title='bbox 2528 5503 2912 5568; x_wconf 75' lang='lat' dir='ltr'><strong>suspexerunt,</strong></span> <span class='ocrx_word' id='word_1_886' title='bbox 2945 5497 3200 5565; x_wconf 89' lang='lat' dir='ltr'><strong>quoniam</strong></span> <span class='ocrx_word' id='word_1_887' title='bbox 3236 5490 3488 5546; x_wconf 64' lang='lat' dir='ltr'><strong>arefacta:</strong></span> 
     </span>
    </p>
   </div>
   <div class='ocr_carea' id='block_1_117' title="bbox 1924 5578 3485 5665">
    <p class='ocr_par' dir='ltr' id='par_1_117' title="bbox 1924 5578 3485 5665">
     <span class='ocr_line' id='line_1_117' title="bbox 1924 5578 3485 5665; baseline -0.015 -11"><span class='ocrx_word' id='word_1_888' title='bbox 1924 5607 2052 5654; x_wconf 84' lang='lat' dir='ltr'><strong>sunt</strong></span> <span class='ocrx_word' id='word_1_889' title='bbox 2086 5608 2350 5665; x_wconf 82' lang='lat' dir='ltr'><strong>aquarum</strong></span> <span class='ocrx_word' id='word_1_890' title='bbox 2388 5589 2770 5657; x_wconf 84' lang='lat' dir='ltr'><strong>scaturigines.</strong></span> <span class='ocrx_word' id='word_1_891' title='bbox 2813 5607 2832 5639; x_wconf 75' lang='grc' dir='ltr'><strong>ι</strong></span> <span class='ocrx_word' id='word_1_892' title='bbox 2874 5586 3128 5649; x_wconf 88' lang='lat' dir='ltr'><strong>Pereunt,</strong></span> <span class='ocrx_word' id='word_1_893' title='bbox 3161 5582 3359 5650; x_wconf 77' lang='lat' dir='ltr'><strong>inquit,</strong></span> <span class='ocrx_word' id='word_1_894' title='bbox 3396 5578 3485 5633; x_wconf 82' lang='lat' dir='ltr'><strong>siti</strong></span> 
     </span>
    </p>
   </div>
   <div class='ocr_carea' id='block_1_118' title="bbox 1926 5676 3485 5756">
    <p class='ocr_par' dir='ltr' id='par_1_118' title="bbox 1926 5676 3485 5756">
     <span class='ocr_line' id='line_1_118' title="bbox 1926 5676 3485 5756; baseline -0.014 -15"><span class='ocrx_word' id='word_1_895' title='bbox 1926 5693 2186 5756; x_wconf 72' lang='lat' dir='ltr'><strong>iumenta,</strong></span> <span class='ocrx_word' id='word_1_896' title='bbox 2221 5683 2460 5740; x_wconf 85' lang='lat' dir='ltr'><strong>fontibus</strong></span> <span class='ocrx_word' id='word_1_897' title='bbox 2491 5682 2623 5747; x_wconf 80' lang='lat' dir='ltr'><strong>jam,</strong></span> <span class='ocrx_word' id='word_1_898' title='bbox 2650 5680 2719 5734; x_wconf 81' lang='lat' dir='ltr'><strong>ob</strong></span> <span class='ocrx_word' id='word_1_899' title='bbox 2752 5678 2947 5748; x_wconf 67' lang='lat' dir='ltr'><strong>pluvia:</strong></span> <span class='ocrx_word' id='word_1_900' title='bbox 2978 5676 3268 5735; x_wconf 77' lang='lat' dir='ltr'><strong>defectum,</strong></span> <span class='ocrx_word' id='word_1_901' title='bbox 3292 5681 3485 5738; x_wconf 80' lang='lat' dir='ltr'><strong>aquam</strong></span> 
     </span>
    </p>
   </div>
   <div class='ocr_carea' id='block_1_119' title="bbox 3358 282 3571 368">
    <p class='ocr_par' dir='ltr' id='par_1_119' title="bbox 3358 282 3571 368">
     <span class='ocr_line' id='line_1_119' title="bbox 3358 282 3571 368; baseline 0.005 -1"><span class='ocrx_word' id='word_1_902' title='bbox 3358 282 3571 368; x_wconf 64' lang='grc' dir='ltr'><strong>ηδ’</strong></span> 
     </span>
    </p>
   </div>
  </div>
