3966 6134
556 237 663 292 219

561 344 951 403 emittere'non
996 346 1322 404 valentibus.
1351 344 1647 416 Postquam
1681 345 1844 417 igitur
1875 346 1983 400 lato
2011 360 2128 400 ser-
2158 349 2202 407 Α

559 453 724 494 mone
786 438 1038 509 exposuit
1096 439 1366 494 malorum
1430 432 1862 503 multitudinem,
1930 436 2130 493 similia

562 531 840 602 prmdictis
879 530 1139 588 subtexit.

628 892 798 951 Vens.
838 894 949 949 1-5.
987 923 1058 934 -
1097 911 1116 944 ι
1151 892 1399 962 (llangite
1442 890 1571 944 tuba
1616 887 1671 942 in
1721 887 1908 953 Sione,
1941 888 2133 958 pracdi-

560 997 682 1044 cate
739 986 795 1042 in
852 993 1037 1041 monte
1083 996 1274 1041 sancto
1304 998 1444 1047 meo,
1482 988 1887 1051 congregantur
1941 995 2131 1036 omnes

561 1080 905 1134 habitatores
956 1090 1137 1140 terrre,
1188 1075 1317 1146 quia
1369 1074 1525 1128 adest
1569 1073 1686 1127 dies
1732 1070 1969 1147 Domini,
2005 1071 2132 1141 quia

560 1186 733 1242 prope
762 1177 847 1226 est
873 1168 990 1223 dies
1017 1168 1369 1222 tenebrarum
1397 1171 1450 1218 ct
1478 1163 1750 1233 caliginis,
1781 1162 1898 1217 dies
1922 1161 2133 1219 nebula:

561 1271 616 1318 et
641 1260 898 1323 turbinis.
938 1277 956 1310 ι
991 1257 1156 1311 Tubae
1187 1257 1371 1324 itaque
1400 1255 1557 1323 signo
1595 1254 1742 1320 dato,
1780 1253 1937 1323 juxta
1966 1253 2131 1307 ritum

561 1350 884 1421 legitimum,
921 1348 1025 1421 75
1055 1357 1281 1403 cunctos
1320 1346 1387 1401 ad
1443 1343 1664 1399 Sionem
1714 1351 1954 1399 montem
1999 1358 2134 1397 con-

561 1449 799 1512 gregate,
857 1440 946 1494 ubi
978 1439 1111 1492 mihi
1143 1440 1350 1493 cultum
1383 1435 1629 1491 exhiberi
1685 1449 1803 1489 mos
1852 1442 1969 1498 est;
2019 1433 2132 1487 illic

561 1546 737 1585 meam
764 1531 1119 1600 implorantes
1139 1527 1595 1589 misericordiam,
1619 1524 1747 1594 quia
1768 1522 1911 1578 haud
1940 1520 2130 1592 procul

561 1628 644 1677 est
673 1634 837 1689 quam
887 1616 1029 1673 Deus
1063 1617 1430 1671 comminatus
1459 1624 1544 1671 est
1573 1614 1713 1679 dies,
1749 1627 1871 1684 qua:
1903 1621 2131 1667 cunctos

1753 229 2105 290 THEODORI
2139 204 2661 309 Mersussrsst,

3766 227 3904 284 22(

2229 341 2603 413 ἐξηράνθησαν
2627 338 2846 410 ἀφέσεις
2869 337 3094 393 ὑδάτων.
3130 359 3149 391 ι
3194 339 3531 407 Ἀπολεῑται,
3560 342 3775 413 φησὶ,
3808 339 3904 412 τᾷ

2230 431 2370 500 δίψει
2397 430 2466 483 τὰ
2499 430 2669 499 κτήνη
2691 470 2706 492 ,
2743 429 2849 482 τῶν
2886 430 3078 499 πηγῶν
3111 432 3188 489 ἐκ,
3212 430 3312 500 τῆς
3340 432 3480 501 ἄγαν
3515 432 3904 505 ἀνομϐρίας

2232 523 2372 595 ὕδωρ
2425 522 2487 576 οὐ
2522 522 2838 591 δυναμένων
2878 522 3208 591 ἐκπέμπειν·
3247 519 3368 577 εἶτα
3408 528 3475 596 τῇ
3519 523 3904 594 πλατύτητες

2230 613 2477 684 δηλώσας
2503 612 2612 665 τῶν
2642 611 2827 666 κακῶν
2851 611 2913 665 τὸ
2941 611 3164 683 πλῆθος,
3188 613 3384 683 ἐπάγει
3414 614 3483 673 τὰ
3506 614 3712 685 ὃμοια
3753 616 3904 676 τοῖς

2234 704 2634 777 προκειμένοις.
2724 762 2739 767 _

2883 797 3040 850 ΚΕΦ.
3083 797 3159 849 Β’.

2302 886 2449 959 Στίχ.
2484 885 2629 955 α’·-γ¹.
2657 916 2726 927 --
2757 904 2777 939 ι
2803 886 3107 942 Σαλπίσατε
3139 885 3397 956 σάλπιγγι
3429 889 3485 942 ὲν
3522 885 3717 953 Σιὼν,
3758 904 3904 957 κη-

2236 979 2429 1051 ρύξατε
2476 980 2533 1031 ὲν
2570 978 2685 1048 ὄρει
2748 977 2889 1048 ἁγίῳ
2930 994 3053 1047 μου,
3100 978 3194 1030 καί
3234 977 3685 1049 συναχθήτωσαν
3742 977 3902 1047 (14)

2232 1068 2429 1131 πάντες
2461 1070 2509 1120 οἱ
2535 1064 2912 1130 κατοικοῦντες
2939 1066 3035 1136 τὴν
3072 1067 3205 1137 γῆν·
3239 1068 3314 1136 (p.
3352 1067 3475 1127 {'13)
3508 1068 3662 1122 διότι
3704 1070 3903 1137 πάρ..

2232 1176 2380 1214 εστιν
2405 1161 2438 1230 ἡ
2465 1159 2649 1230 ἡμέρα
2670 1158 2897 1229 Κυρίου·
2926 1159 3008 1211 ὅτι
3032 1157 3199 1227 ἐγγὺς
3220 1159 3253 1227 ἡ
3279 1158 3460 1230 ήμὲρα
3482 1159 3744 1223 σκότους
3767 1161 3898 1214 καὶ

2231 1249 2450 1318 γνόφου,
2496 1248 2679 1319 ήμέρα
2708 1247 2936 1317 νεφέλης
2987 1246 3080 1301 καὶ
3125 1246 3376 1316 ὁμίχλης.
3434 1267 3454 1300 ι
3503 1248 3590 1319 ξΐῇ
3650 1249 3893 1302 τοίνυν

2234 1336 2475 1410 σημασίᾳ
2503 1336 2601 1406 τῆς
2632 1336 2926 1404 σάλπιγγος
2976 1333 3113 1388 κατὰ
3158 1335 3218 1388 τὸ
3249 1335 3480 1406 νόμιμον
3513 1336 3649 1400 ἔθος
3683 1354 3889 1408 χρη-

2233 1427 2475 1497 σάμενοι,
2512 1426 2717 1488 πάντας
2743 1426 2834 1478 ὲπὶ
2865 1425 2924 1476 τὸ
2955 1423 3093 1479 Σιὼν
3144 1425 3481 1493 συναγάγετε
3515 1425 3678 1496 ὅρος,
3714 1425 3884 1478 ἔνθα

2236 1532 2324 1586 μοι
2347 1515 2444 1585 τὴν
2468 1513 2763 1585 θρησκείαν
2787 1514 3132 1568 ἀποδίδοσθαι
3166 1513 3307 1579 £00;-
3331 1515 3521 1570 αὐτόθι
3554 1515 3658 1569 τὸν
3685 1514 3882 1570 ἔλεον

2233 1605 2508 1668 αἰτοῦντες
2522 1605 2612 1658 τὸν
2629 1607 2789 1666 θεῖον.
2806 1605 2993 1676 ἐπειδὴ
3014 1607 3076 1659 οὐ
3097 1606 3283 1676 πόρρω
3304 1606 3664 1677 συμϐέϐηκεν
3691 1602 3875 1663 εἶναι

561 1678 805 1766 tenebris
840 1715 1003 1778 atque
1049 1705 1282 1775 caligine
1319 1704 1540 1775 cpplere
1573 1704 1717 1774 potis
1744 1678 1863 1769 est;
1903 1701 2047 1780 adeo,
2071 1708 2132 1755 ut

2236 1696 2327 1768 τὴν
2349 1697 2720 1768 ὴπειλημένην
2750 1698 2877 1767 ὑμῖν
2901 1696 3111 1769 ἡμέραν
3130 1697 3281 1765 παρὰ
3307 1696 3402 1750 τοῦ
3435 1696 3595 1759 Θεοῦ,
3631 1698 3669 1769 ἦ
3704 1697 3869 1752 σκόο

560 1802 744 1858 videre
770 1798 908 1855 nihil
962 1797 1198 1868 possint,
1232 1805 1420 1865 utpote
1450 1794 1615 1850 rebus
1650 1794 1904 1850 omnibus
1934 1794 2133 1849 nebula

561 1908 626 1947 ac
649 1891 869 1946 turbine
900 1888 1197 1944 obvolutis.
1242 1884 1408 1941 Recte
1430 1896 1607 1941 autem
1636 1886 1703 1940 ad
1730 1884 1946 1939 Sionem
1979 1901 2135 1940 mon-

563 1993 669 2038 tem
700 1995 892 2036 omnes
927 1978 1176 2042 adv‘ocat,
1220 1980 1274 2033 in
1304 1993 1413 2049 quo
1442 1978 1523 2032 lex
1564 1976 1797 2035 Mosaica
1826 1978 1929 2033 coli
1961 1976 2132 2034 lleum

564 2072 766 2128 debere
796 2070 1100 2127 constituit.
1153 2068 1331 2135 Quare
1359 2078 1412 2123 et
1441 2068 1627 2122 decem
1665 2067 1840 2121 tribus
1872 2068 2133 2123 derelicto

563 2162 668 2217 loci
707 2161 827 2231 ejus
864 2160 1053 2234 divino
1099 2159 1271 2223 cultu,
1324 2158 1579 2228 juvencis
1626 2156 1926 2214 secundum
1978 2155 2135 2213 Jcro-

564 2251 748 2305 boami
777 2250 1089 2313 consilium,
1120 2248 1369 2303 eumdem
1395 2247 1727 2301 detulerunt.
1762 2245 1918 2301 Nunc
1949 2246 2134 2317 itaque

564 2326 835 2404 hortatur,
870 2347 927 2394 ut
972 2339 1041 2394 ab
1068 2339 1279 2393 insania
1309 2338 1397 2391 illa
1428 2338 1763 2401 recedentes,
1796 2337 1864 2392 ad
1912 2336 2132 2391 Sionem

563 2437 802 2486 montem
840 2430 1158 2501 respiciant,
1218 2437 1272 2484 et
1315 2427 1383 2482 ad
1431 2429 1794 2484 universalem
1843 2427 2133 2483 Dominum

563 2522 637 2576 ibi
664 2522 768 2575 coli
802 2521 1039 2590 jussum,
1076 2531 1132 2577 ut
1165 2520 1245 2576 sic
1275 2521 1342 2574 ab
1381 2520 1796 2575 imminentibus
1841 2518 1945 2574 sibi
1975 2519 2134 2573 malis

563 2612 779 2665 liberari
815 2613 1127 2682 impetrent.
1160 2611 1367 2667 Revera
1397 2611 1503 2665 hoc
1546 2590 1844 2681 contigisse
1869 2612 1972 2665 sub
2000 2609 2135 2666 Sen-

562 2703 893 2767 uacberimo,
950 2701 1182 2757 Ezechia
1218 2712 1476 2772 regnante
1506 2702 1558 2755 in
1589 2700 1794 2775 Judaea,
1829 2702 1972 2758 illius
2027 2702 2133 2758 loci

560 2794 759 2848 incolis
808 2793 1116 2863 comperire
1169 2802 1271 2847 est.
1335 2790 1544 2858 «Quasi
1595 2807 1755 2848 mane
1796 2793 2135 2863 expaudelur

562 2897 725 2952 super
761 2891 972 2937 montes
1001 2882 1233 2952 populus
1264 2884 1467 2939 multus
1511 2890 1566 2938 et
1614 2881 1805 2939 fortis:
1858 2884 2054 2940 similis
2083 2885 2133 2940 ei

562 2988 671 3027 non
696 2973 794 3028 fuit
826 2970 854 3026 ε
882 2974 1102 3038 saeculo,
1131 2983 1184 3028 et
1205 2982 1327 3045 post
1360 2990 1483 3028 eum
1509 2990 1618 3030 non
1652 2974 1942 3043 adjicietur
1963 2991 2134 3046 usque
2161 3007 2203 3064 ε

562 3062 629 3116 ad
647 3077 817 3117 annos
843 3062 895 3117 in
914 3064 1289 3132 generationes
1312 3062 1742 3133 generatiouum.
1757 3083 1775 3114 ι
1810 3062 1920 3120 Ceu
1945 3081 2123 3131 mane,

560 3153 706 3223 quod
740 3168 840 3208 suo
889 3161 1132 3222 tempore
1182 3156 1492 3209 universam
1522 3163 1752 3223 occupat
1784 3163 2005 3223 terram,
2045 3156 2129 3211 in-

561 3243 920 3299 numerabilis
950 3234 1169 3312 quidam
1217 3244 1453 3299 hostium
1495 3246 1726 3315 populus
1761 3247 2126 3313 superveniet,

561 3348 751 3389 omnes
796 3324 1071 3404 occupans
1122 3344 1358 3399 montes,
1409 3335 1495 3391 cui
1556 3324 1731 3405 neque
1783 3337 1977 3393 similis
2030 3337 2131 3394 fuit

560 3431 743 3484 antea,
788 3438 964 3492 neque
989 3421 1143 3476 facile
1172 3422 1277 3477 erit
1307 3430 1519 3493 postea.
1557 3442 1575 3474 ι
1600 3424 1740 3479 Ante
1778 3423 1971 3479 faciem
2010 3424 2129 3494 ejus

558 3514 702 3588 ignis
728 3528 950 3579 vorans,
984 3525 1039 3569 et
1066 3521 1188 3584 post
1209 3508 1333 3569 eum
1356 3529 1590 3571 exurens
1616 3515 1851 3571 ﬂamma.
1874 3536 1892 3568 ι
1921 3515 2131 3570 Cuncta

559 3604 615 3658 in
653 3605 885 3661 circuitu
908 3620 1137 3662 ascensu
1157 3621 1258 3662 suo
1274 3605 1537 3674 destruet,
1571 3608 1715 3663 velut
1743 3609 1902 3679 ignis.
1934 3607 2130 3675 «Quasi

561 3694 756 3749 hortus
792 3695 1086 3765 voluptatis
1120 3703 1267 3750 terra
1288 3710 1473 3751 coram
1501 3712 1588 3761 eo,
1619 3706 1816 3768 etpost
1837 3713 1963 3752 eum
1984 3712 2132 3752 cam-

562 3800 667 3854 pus
713 3785 1056 3841 desolatus.»
1123 3785 1271 3853 Quos
1326 3787 1477 3843 locos
1527 3788 1769 3843 nondum
1816 3789 2037 3854 invasit,
2092 3788 2130 3842 ii

558 3875 811 3931 videntur
860 3876 1003 3932 haud
1058 3876 1220 3932 horto
1274 3877 1606 3943 dissimiles,
1664 3888 1778 3937 tum
1826 3878 2131 3935 incolarum

559 3966 931 4035 multitudine,
972 3977 1086 4022 tum
1128 3970 1397 4038 elegantia
1433 3970 1817 4025 aediﬁciorum:
1862 3980 2131 4026 verumta-

557 4073 679 4114 men
714 4070 835 4129 post
863 4060 1008 4115 illius
1034 4061 1349 4125 adventum,
1386 4068 1557 4115 totam
1581 4061 1727 4116 illam
1758 4064 1939 4116 statim
1969 4076 2133 4118 amm-

557 4135 784 4203 nitatem
812 4149 1046 4205 deletam
1081 4149 1266 4206 videre
1295 4160 1398 4207 est.
1443 4149 1667 4220 (Neque
1705 4160 1790 4208 est
1819 4148 1909 4223 qui
1936 4153 2008 4207 sit
2046 4153 2131 4207 in-

557 4237 789 4292 columis
828 4240 895 4292 ab
931 4254 1018 4294 eo.
1041 4258 1060 4291 ι
1108 4240 1327 4297 Dimcile
1350 4256 1479 4313 ergo
1513 4250 1597 4298 est
1626 4256 1952 4313 quemquam
1982 4242 2130 4298 illius

557 4325 817 4394 impetum
841 4327 1098 4397 eﬂ‘ugere.
2161 4331 2203 4385 ι)

2234 1806 2357 1852 τους
2372 1787 2650 1859 αὐτάρκης
2678 1790 2770 1842 καὶ
2790 1789 2988 1857 γνόφου
3016 1787 3223 1851 πάντας
3246 1787 3508 1858 πληροῦν,
3539 1788 3622 1854 ὡς
3655 1790 3723 1843 ὲν
3755 1806 3870 1844 νε-

2236 1880 2371 1953 φέλῃ
2395 1880 2499 1933 τινὶ
2528 1880 2622 1933 καὶ
2638 1878 2835 1953 ὁμίχλῃ
2851 1880 3028 1933 πάντα
3057 1879 3378 1933 καθεστῶτα
3390 1881 3416 1932 ό
3424 1881 3522 1952 ρᾷν
3541 1882 3650 1951 οὐχ
3671 1882 3854 1943 οἴους·

2234 1989 2292 2026 τε
2322 1972 2498 2033 ὅντα-ς’
2534 1971 2713 2035 καλῶς
2746 1971 2803 2025 δὲ
2833 1972 2927 2024 ἐπὶ
2954 1970 3092 2024 Σιὼν
3124 1971 3249 2043 ὅρος
3272 1971 3521 2035 ἅπαντας
3550 1972 3742 2039 καλεῖ,
3777 1974 3861 2026 ἐν

2234 2056 2385 2136 ᾧπερ
2419 2064 2558 2117 κατὰ
2588 2063 2648 2117 τὸ
2679 2063 2971 2117 Μωσαῖκὸν
3013 2062 3134 2128 ἔθος
3162 2063 3561 2134 θεραπεύεσθαι
3589 2065 3860 2119 τέτακτο

2234 2156 2297 2210 τὸ
2320 2150 2491 2210 Θέἴον·
2520 2157 2597 2220 ὡς
2638 2157 2703 2210 ἂν
2736 2156 2984 2220 καὶ-τούς
3010 2155 3118 2208 τῶν
3162 2154 3295 2209 δέκα
3324 2154 3507 2224 φυλῶν
3538 2155 3856 2211 ἀπολελοι-

2236 2248 2403 2312 πότας
2434 2247 2531 2318 μὲν
2554 2246 2653 2318 τὴν
2679 2247 2869 2302 αὐτόθι
2905 2246 2999 2301 τοῦ
3038 2246 3194 2299 Θείου
3224 2246 3544 2316 θεραπείαν,
3573 2250 3698 2309 ταῖς
3731 2247 3851 2300 δα-

2237 2338 2430 2408 μάλεσι
2479 2338 2535 2391 δὲ
2582 2337 2723 2393 κατά
2765 2338 2860 2409 τὴν
2898 2335 2992 2391 τοῦ
3047 2336 3331 2407 Ἰεροὸοὰμ
3375 2338 3844 2409 προσανέχοντας

2237 2429 2566 2501 συμϐουλὴν,
2584 2429 2838 2500 ὲντρὲψῃ·
2864 2428 2958 2483 νῦν
2980 2427 3110 2499 γοῦν
3132 2429 3231 2499 τῆς
3254 2428 3455 2499 μανίας
3471 2430 3844 2494 ἀποστάντας

2234 2519 2468 2588 ἐκείνης,
2501 2520 2635 2591 πρὸς
2658 2520 2718 2573 τὸ
2742 2519 2881 2574 Σιὼν
2913 2520 3037 2592 ὅρος
3065 2520 3213 2584 ἰδεῖν,
3243 2519 3335 2573 καὶ
3360 2520 3452 2571 τὸν
3491 2519 3583 2573 τοῦ
3613 2521 3836 2585 παντὸς

2242 2611 2446 2681 Κύριον
2494 2610 2680 2664 αὐτόθι
2737 2608 3139 2682 θεραπεύεσθαι
3193 2610 3540 2679 τεταγμένον,
3576 2612 3641 2664 ἵν’
3674 2609 3838 2664 οὕτω

2233 2697 2341 2751 τῶν
2369 2697 2831 2769 προσδοκωμένων
2852 2699 3036 2761 αὐτοῖς
3054 2697 3240 2752 κακῶν
3263 2697 3479 2752 λάϐοιεν
3510 2697 3610 2769 τήν
3639 2697 3830 2753 λύσιν·

2234 2787 2389 2842 τοῦτο
2416 2788 2525 2860 γὰρ
2555 2788 2619 2861 δὴ
2646 2789 2738 2843 καὶ
2771 2788 3135 2860 προσγεγονὸς
3182 2774 3274 2841 ἐπί
3312 2790 3404 2842 τοῦ
3444 2789 3831 2859 Σενναχηρεὶμ

2245 2876 2487 2942 Ἐζεκίου
2532 2878 2904 2948 βασιλεύοντος
2949 2878 3047 2948 τῆς
3108 2878 3365 2941 Ἰουδαίας
3398 2880 3509 2942 τοῖς
3551 2877 3683 2948 περί
3723 2878 3826 2933 τὸν

2235 2970 2397 3022 τόπον
2427 2972 2629 3023 ἐκεῖνον
2656 2969 2916 3032 οἰκοῦσιν,
2943 2969 3093 3040 εὖροι
3123 2988 3206 3034 τις
3233 2970 3299 3024 ἂν
3329 2969 3626 3041 προδήλως.
3663 2989 3681 3022 ι
3725 2971 3825 3033 Ὠς

2235 3057 2429 3128 ὄρθρος
2461 3058 2750 3129 χυθήσεται
2774 3059 2865 3112 tua
2892 3058 2959 3111 τὰ
2982 3058 3082 3129 ὅρη
3110 3058 3238 3121 λαὸς
3263 3058 3429 3121 πολὺς
3460 3058 3550 3112 και
3572 3058 3814 3130 ἰσχυρός.

2230 3150 2409 3220 ὅμοιος
2443 3149 2591 3220 αὐτῷ
2637 3150 2698 3207 οὐ
2748 3151 2971 3220 γέγονεν
3010 3150 3117 3203 ἀπὸ
3144 3148 3238 3203 τοῦ
3287 3149 3501 3214 αἰῶνος·
3540 3151 3631 3203 καὶ
3680 3152 3809 3219 μετ’

2230 3241 2386 3294 αὐτὸν
2414 3241 2471 3293 οὐ
2498 3240 3060 3311 προστεθήσεται,ἓως
3080 3239 3215 3293 ὲτῶν
3232 3241 3311 3303 εἰς
3331 3240 3524 3310 γενεὰς
3543 3240 3766 3310 γενεῶν.
3781 3260 3806 3292 ι

2233 3336 2249 3401 (
2268 3348 2321 3402 p.
2354 3331 2471 3401 1H)
2501 3310 2664 3400 Δίκην
2697 3310 2804 3401 γὰρ
2837 3330 3031 3401 ὄρθρου
3059 3330 3200 3386 κατὰ
3244 3331 3333 3384 τὸν
3375 3333 3572 3386 οἰκεῖον
3613 3332 3803 3401 καιρὸν

2232 3423 2443 3477 ἅπασαν
2477 3422 2860 3493 πληρώσαντος
2891 3422 2987 3492 τὴν
3018 3422 3121 3492 γῆν
3140 3462 3155 3487 ,
3196 3419 3562 3493 ἀναρίθμητός
3593 3439 3671 3485 τις
3712 3422 3808 3475 ὲπ-

2232 3514 2506 3568 ελεύσεται
2528 3513 2653 3576 λαὸς
2675 3511 2783 3566 τῶν
2811 3511 3081 3582 πολεμίων
3110 3512 3324 3567 ἅπαντα
3345 3512 3564 3584 πληρῶν
3587 3512 3650 3566 τὰ
3676 3512 3801 3585 ὅρη,

2230 3596 2273 3672 ᾧ
2321 3606 2455 3675 μήτε
2500 3603 2687 3673 γέγονε
2733 3603 3106 3674 παραπλήσιος
3160 3603 3459 3675 πρότερον,
3530 3603 3636 3656 ἀλλ’
3679 3604 3802 3656 οὐδὲ

2233 3697 2383 3749 ἔσται
2411 3695 2624 3767 ῥαδίως.
2663 3714 2681 3745 ι
2722 3694 2801 3747 Τὰ
2829 3693 3135 3766 ἔμπροσθεν
3160 3694 3322 3749 αὐτοῦ
3355 3694 3469 3767 πῦρ
3498 3695 3799 3762 ἀναλίσκον,

2233 3789 2326 3841 καὶ
2356 3787 2424 3841 τά
2468 3786 2645 3838 ὀπίσω
2678 3783 2846 3839 αὐτοῦ
2890 3786 3237 3857 ἀναπτομένη
3283 3785 3434 3855 φλόξ.
3499 3804 3517 3837 ι
3557 3786 3801 3839 ”Απαντα

2233 3875 2491 3931 κυκλόθεν
2521 3875 2609 3929 διὰ
2644 3875 2743 3944 τῆς
2786 3874 2998 3941 οἰκείας
3026 3874 3332 3937 ὲπιϐάσεως
3364 3874 3610 3943 ἀφανιεῖ,
3638 3872 3829 3941 δίκην’

2233 3966 2422 4037 πυρός.
2460 3985 2478 4017 ι
2530 3964 2621 4026 Ὦς
2665 3964 2989 4035 παράδεισος
3038 3963 3249 4034 τρυφῆς
3294 3963 3329 4033 ή
3381 3961 3453 4032 γῆ
3502 3959 3796 4031 ἔμπροσθεν

2233 4056 2419 4122 αὐτοῦ,
2448 4057 2542 4110 καὶ
2567 4056 2635 4109 τά
2659 4055 2832 4110 ὀπίσω
2863 4052 3028 4108 αὐτοῦ
3062 4053 3242 4107 πεδίον
3269 4050 3594 4121 ἀφανισμοῦ.
3624 4069 3640 4102 ι
3681 4050 3789 4115 Οὓς

2237 4148 2332 4219 μὲν
2359 4147 2468 4219 γὰρ
2494 4145 2646 4200 οὐπω
2678 4146 2874 4210 τόπους
2905 4144 3255 4216 ἐπελήλυθεν,
3291 4145 3389 4198 ίδοι
3414 4161 3497 4207 τις
3529 4142 3589 4197 ἂν
3614 4159 3795 4214 παρα-

2230 4242 2407 4296 δείσου
2449 4240 2613 4310 μηδὲν
2654 4238 2996 4302 ἀπεοικότας,
3033 4237 3110 4306 τῷ
3135 4253 3196 4290 τε
3232 4235 3426 4307 πλήθει
3455 4234 3561 4289 τῶν
3586 4233 3785 4288 οἰκούν-

2231 4352 2358 4399 των,
2385 4335 2480 4388 καὶ
2502 4332 2580 4403 τῷ
2610 4332 2718 4386 τῶν
2756 4329 3202 4402 οἰκοδομημάτων
3240 4328 3446 4383 κάλλει*
3478 4344 3777 4398 παραγεγο-

554 4412 704 4478 νότος
731 4415 806 4473 δὲ,
836 4417 1027 4489 ἀθρόον
1056 4418 1271 4475 ἃπασαν
1310 4423 1523 4493 ἐκείνην
1551 4424 1949 4497 ἀφανιζομένην
1974 4426 2119 4481 ἔστιν
2146 4427 2273 4480 ἰδεῖν
2295 4427 2392 4496 τὴν
2421 4425 2774 4498 εὐπρέπειαν.
2835 4442 2853 4475 ι
2895 4423 3003 4476 Καὶ
3048 4422 3457 4492 ὀνασωζόμενος
3504 4421 3598 4473 οὐκ
3642 4419 3783 4475 ἐστιν

553 4507 641 4560 ἐπ’
662 4506 844 4561 αὐτοῦ.
870 4529 887 4559 ι
919 4510 1165 4566 Χαλεπὸν
1190 4513 1241 4581 γ’
1268 4509 1360 4567 οὖν
1399 4532 1500 4569 τινι
1526 4515 1805 4588 διαφυγεῖν
1831 4519 1928 4589 τὴν
1951 4518 2126 4590 ὁρμὴν
2147 4516 2243 4588 τὴν
2281 4516 2512 4570 ἐκείνου.

625 4596 733 4670 76
770 4598 939 4655 Vsus.
978 4600 1095 4659 4-8.
1138 4633 1204 4643 —
1246 4624 1264 4655 ι
1290 4605 1456 4672 Quasi
1520 4621 1777 4679 aspectus
1837 4625 2125 4680 equorum,

552 4698 812 4756 aspectus
838 4706 1030 4743 eorum
1057 4707 1069 4742 :
1099 4699 1153 4747 et
1178 4694 1335 4761 quasi
1365 4696 1662 4763 equitatus,
1691 4700 1770 4753 sic
1796 4714 2129 4768 persequen-

554 4786 664 4830 tur.
697 4776 850 4831 Sicut
881 4783 1095 4839 sonitus
1121 4798 1384 4837 curruum
1418 4801 1581 4857 super
1606 4789 1837 4842 vertices
1861 4789 2125 4849 montium

552 4868 826 4933 exsilient,
858 4880 912 4924 et
938 4872 1092 4937 .sicut
1126 4876 1338 4931 sonitus
1362 4875 1593 4932 ﬂamma:
1622 4878 1762 4948 ignis
1809 4877 2125 4933 devorantis

553 4958 832 5027 stipulam,
863 4969 916 5013 et
950 4960 1095 5014 velut
1121 4964 1355 5031 populus
1398 4965 1602 5020 multus
1634 4980 1697 5019 ac
1730 4965 1887 5021 fortis
1920 4966 1972 5020 in
2009 4967 2126 5021 acie

552 5049 882 5106 instructus.
908 5069 926 5101 ι
992 5050 1290 5117 Particula,
1326 5072 1343 5105 ι
1372 5052 1536 5119 sicut,
1565 5070 1585 5104 ι
1612 5069 1720 5111 non
1751 5055 2125 5112 similitudinis

552 5154 717 5195 causa
740 5141 981 5211 ponitur,
1005 5141 1099 5198 sed
1129 5146 1422 5200 narrativc.
1448 5141 1714 5208 Qualeest
1734 5147 1865 5205 illud
1890 5163 1904 5201 :
1926 5169 1944 5201 ί
1970 5147 2125 5203 Sicut

555 5230 789 5305 (quam)
882 5234 1061 5288 bonus
1110 5234 1293 5290 lsraeli
1322 5232 1567 5303 Deus",
1592 5257 1610 5290 ι
1672 5255 1789 5312 pro,
1834 5258 1853 5290 ‹
1877 5239 2071 5295 bonus.
2099 5259 2119 5292 ›

659 5366 704 5399 ³³
734 5368 876 5423 Psal.
898 5384 1071 5434 um,
1099 5369 1151 5422 ι.

631 5476 747 5553 (1-4)
786 5475 1051 5533 Videmus
1071 5479 1358 5553 pulchram
1386 5483 2119 5553 lectionem‘oovaxtlﬁtwsav

555 5545 934 5619 conﬁrmatam
969 5562 1022 5619 a_
1037 5545 1403 5619 subsequente
1434 5545 1979 5617 commentariofnec
2009 5567 2114 5607 non

562 5615 618 5672 in
660 5614 799 5671 lect.
830 5628 947 5670 var.
981 5616 1156 5673 Graec.
1189 5614 1328 5690 apud
1375 5621 1677 5692 polyglott.,
1706 5636 1806 5692 pro
1838 5614 2118 5700 communi

2294 4608 2439 4679 Στίχ.
2472 4605 2605 4676 δ’-η’.
2640 4636 2711 4647 --
2752 4622 2771 4656 ι
2824 4605 2909 4668 Ὠς
2937 4605 3125 4676 ὅρασις
3175 4606 3378 4672 ἵππων,
3410 4609 3443 4678 ή
3485 4605 3658 4676 ὅρασις
3681 4606 3781 4658 αὐ-

2223 4698 2350 4752 τῶν*
2384 4698 2477 4751 καὶ
2521 4697 2595 4759 ὡς
2645 4696 2830 4759 ἵππος,
2860 4693 3004 4747 οὕτω
3038 4693 3485 4760 καταδιώξονται”
3531 4692 3597 4757 ὡς
3638 4693 3779 4764 φωνὴ

2223 4788 2483 4860 ἁρμάτων
2513 4786 2604 4839 ἐπὶ
2631 4786 2727 4847 τὰς
2749 4782 2991 4854 κορυφὰς
3008 4784 3114 4838 τῶν
3134 4783 3302 4854 ὀρέων
3328 4782 3626 4850 ὲξαλοῦνται
3650 4798 3662 4811 ·
3686 4783 3777 4836 καὶ

2223 4880 2300 4943 ὼς
2339 4877 2490 4947 φωνὴ
2540 4875 2734 4945 φλογὸς
2769 4875 2940 4946 πυρὸς
2981 4874 3374 4943 κατεσθιούσης
3401 4872 3654 4943 καλάμην·
3685 4871 3775 4927 καὶ

2227 4972 2299 5033 ὡς
2327 4969 2452 5032 λαὸς
2489 4967 2654 5028 πολὺς
2687 4964 2781 5020 καὶ
2826 4965 3043 5037 ἰσχυρὸς
3090 4964 3572 5036 παρατασσόμενος
3598 4963 3665 5023 εἰς
3688 4961 3774 5016 πό-

2225 5061 2408 5131 λεμον.
2443 5076 2461 5109 ι
2510 5055 2604 5119 Τὸ,
2645 5075 2663 5108 ι
2694 5055 2789 5119 ὡς,
2821 5073 2839 5106 ι
2887 5057 2947 5109 οὐ
2980 5055 3120 5115 κατὰ
3154 5056 3416 5126 ὁμοίωσιν
3449 5053 3606 5121 λέγει,
3647 5050 3769 5106 ἀλλὰ

2227 5148 2368 5204 κατὰ
2413 5147 2706 5217 ἀφήγησιν·
2748 5139 2858 5199 οἷόν
2890 5146 3005 5198 ἐστι
3049 5145 3129 5212 τὸ,
3170 5147 3298 5210 «Ὡς
3328 5145 3440 5216 (15)
3482 5143 3658 5211 ἀγαθὸς
3691 5141 3766 5212 τῷ

2238 5224 2455 5312 Ἰσραὴλ
2486 5239 2515 5289 ὁ
2537 5236 2689 5303 Θεὸς,
2728 5254 2747 5289 ›
2786 5234 2908 5290 ἀντὶ⁵
2938 5234 3053 5302 τοῦ,
3094 5256 3112 5287 ‹
3138 5235 3411 5319 ,Ἀγαθόςθ
3452 5253 3471 5287 ι
3510 5233 3647 5288 τοῦτο
3672 5232 3770 5307 γὰρ

2225 5483 2671 5553 συγχυθήτωσαν.

2296 5504 2671 5605 γχυυὲτωσαν.
3113 5557 3126 5572 ο
3226 5555 3241 5570 ‘
3350 5555 3363 5568 .
3448 5555 3459 5567 .
3507 5556 3519 5568 O

2296 5554 2407 5621 (15)
2483 5568 2576 5608 ace
2604 5565 2716 5617 tua,
2746 5552 3054 5621 Theodore,
3079 5570 3166 5612 ato
3193 5555 3364 5612 νιιιειἹ
3390 5555 3521 5612 mihi
3545 5554 3631 5612 hoc
3658 5554 3765 5611 loco

2225 5624 2301 5689 ὡς
2330 5624 2654 5693 particulam
2686 5624 3019 5684 admirandi.
