3966 6134
211 307 302 364 εει

1272 308 1823 369 ΕΟΜΜΕΝΤΑΜυδ
1852 309 1922 364 ΙΝ
1956 308 2187 367 JOELIS
2223 306 2377 364 CAP.
2409 302 2471 362 ll.

3381 298 3488 355 2'22

219 419 276 494 δὴ
298 420 586 477 κάνταῦθα
615 422 774 492 λέγει
795 440 809 452 ·
838 422 925 476 ὅτι
956 422 1159 493 πολλὴν
1194 423 1295 493 μὲν
1324 424 1474 477 εστιν
1509 424 1636 479 ἰδεῖν
1658 423 1808 494 αὐτῷ

1935 423 1971 477 d
1997 424 2146 478 enim
2171 423 2340 478 etiam
2390 422 2494 475 hoc
2520 419 2645 473 loco
2670 414 2827 482 dicit,
2856 415 3085 471 multum
3116 428 3314 485 uerope
3349 430 3483 470 con-

132 521 151 534 δ
218 512 520 585 προσοῦσαν
558 514 666 584 τὴν
704 513 904 566 ἵππον·
942 514 1022 583 (p.
1059 512 1181 583 115)
1223 513 1446 586 φοϐεροὶ
1485 514 1543 567 δέ
1581 531 1723 579 τινες
1753 517 1804 569 οἱ

218 607 298 659 ἐπὶ
326 606 437 657 τῶν
475 604 676 658 ἵππων
713 605 1039 668 ἐλαύνοντες
1064 605 1203 658 κατά
1238 605 1347 658 τῶν
1387 607 1667 661 ἐναντίων·
1709 606 1808 677 ἆρ-

220 696 352 765 μστά
391 710 453 746 τε
490 693 661 763 αὐτῷ
701 686 937 748 πλεῖστα
973 694 1100 765 ἄχρι
1129 692 1239 747 τῶν
1287 693 1808 766 ὑψηλοτάτωνμχριὲι-

218 785 489 857 μεναταῖς
515 783 784 852 ἐφόδοις·
823 783 1115 837 ἀπεοίκασί
1151 800 1207 837 τε
1240 783 1392 837 οὐδὲν
1425 786 1594 856 πυρὸς
1628 788 1808 842 ἐπινί-

219 877 444 947 μομὲνου
470 874 764 946 καλάμην,
793 873 967 938 οὕτως
1001 875 1242 939 ἅπαντας
1278 875 1525 940 ἐπιόντες
1552 876 1647 941 οὒς
1681 876 1808 947 βού-

217 965 385 1018 λονται
402 964 637 1028 τόπους·
658 965 772 1017 είσί
790 964 899 1035 γὰρ
916 963 1098 1018 πολλοί
1112 980 1256 1028 τινες
1273 963 1367 1018 καὶ
1385 964 1525 1031 ἄγαν
1550 963 1806 1034 ἀνδρεῖοι,

220 1058 407 1121 παντὸς
436 1058 657 1128 μᾶλλον
683 1059 766 1122 εἰς
794 1058 1029 1128 πόλεμον
1054 1058 1576 1129 παρεσκευασμένοι.
1612 1075 1629 1107 ι
1678 1056 1810 1109 Ἀπὸ

224 1155 511 1227 προσώπου
534 1154 719 1208 αὑτοῦ
752 1152 1198 1224 συντριϐήσονται
1219 1150 1359 1205 λαοί·
1390 1153 1498 1203 πᾶν
1520 1151 1809 1222 πρόσωπον

217 1250 286 1312 ὡς
315 1246 670 1318 πρόσκαυμα
699 1245 927 1317 χύτρας.
966 1264 984 1296 ι
1018 1244 1311 1306 Πλείστους
1342 1244 1393 1311 γ’
1426 1239 1516 1295 οὖν
1551 1243 1629 1306 ὡς
1662 1243 1810 1307 εἰκὸς

220 1340 301 1394 διὰ
330 1339 431 1408 τῆς
452 1337 677 1402 οἰκείας
704 1337 884 1406 ὁρμῆς
910 1334 1249 1404 ἅφανιοῦσιν·
1273 1333 1414 1388 ὥστε
1438 1334 1615 1390 δοκεῖν
1638 1334 1811 1388 ἃπαν-

222 1430 467 1492 ταςτοὺς
503 1427 988 1490 ὑποπεπτωκότας
1032 1425 1180 1497 αὑτῷ
1207 1424 1444 1481 ἐοικέναι
1491 1424 1665 1497 χύτρᾳ
1707 1424 1812 1479 ὑπὸ

223 1523 385 1594 πυρὸς
415 1519 927 1590 κατακεκαυμένῃ·
967 1517 1060 1571 καὶ
1088 1517 1364 1586 ἐπιμένων
1389 1515 1468 1577 τῷ
1505 1514 1811 1585 διηγεῖσθαι

222 1617 284 1666 τὰ
315 1612 441 1666 κατ’
466 1612 667 1675 αὑτὸν,
708 1611 787 1674 ὡς
819 1610 886 1663 ἂν
927 1609 1148 1679 μείζονα
1175 1610 1286 1672 τοῖς
1314 1608 1602 1690 ἀκούουσιν
1630 1608 1810 1679 ἐνθείη

223 1705 309 1758 τὸν
330 1703 527 1772 σόὸον·
563 1721 582 1753 ι
628 1703 721 1766 Ὡς
758 1702 997 1773 μαχηταὶ
1016 1701 1367 1771 δραμοῦνται,
1405 1700 1497 1755 καὶ
1519 1700 1596 1763 ὡς
1621 1701 1812 1772 ἄνδρες

1913 515 2051 586 spici
2076 514 2426 569 comitantem
2463 510 2858 580 eiequitatum.
2907 505 3045 562 Sunt
3082 514 3263 562 autem
3292 504 3330 561 ii
3373 515 3485 562 ter-

1912 606 2101 662 ribiles
2161 606 2256 675 qui
2314 604 2472 674 equis
2534 604 2840 659 insidentes
2892 602 3109 656 irruunt
3168 601 3224 655 in
3273 600 3479 657 hostes.

1913 695 2120 752 Currus
2158 696 2285 750 item
2321 696 2373 752 ei
2414 693 2657 763 plurimi.
2690 706 2866 762 usque
2892 691 2959 745 ad
3000 691 3253 747 sublimia
3288 691 3485 747 decur-

1912 797 2113 842 rentes.
2142 785 2287 840 Nihil
2333 799 2497 855 porro
2532 782 2796 839 ὤσει-θυι
2836 784 2907 836 ab
2934 783 3056 851 igne
3096 783 3350 853 stipulam
3389 781 3484 836 de-

1913 886 2205 947 pascente:
2266 875 2403 931 adeo
2455 881 2685 929 cunctos
2738 889 2880 944 quos
2936 873 3130 926 volunt
3186 872 3486 941 pervadunt

1915 969 2090 1023 locos.
2139 966 2363 1021 Plurimi
2405 975 2533 1021 sunt
2575 975 2630 1021 et
2658 964 2892 1027 strenui,
2922 973 3085 1033 atque
3132 964 3377 1032 apprime
3417 962 3485 1017 ad

1913 1060 2115 1115 bellum
2142 1059 2418 1114 instructi.
2436 1077 2467 1127 ,ι
2487 1058 2531 1111 Α
2550 1057 2690 1112 faeie
2709 1058 2881 1127 ipsius
2902 1062 3256 1110 conterentur
3275 1053 3480 1124 pepuli:

1915 1153 2094 1207 omnis
2121 1151 2306 1206 vultus
2328 1150 2488 1219 quasi
2511 1149 2730 1203 adustio
2750 1148 2890 1201 ollae.
2918 1166 2937 1198 ι
2980 1145 3254 1201 Plurimos
3276 1146 3481 1214 itaque,

1914 1248 1975 1295 ut
2012 1254 2112 1309 par
2142 1246 2248 1303 est,
2294 1238 2503 1307 impetu
2535 1251 2638 1291 suo
2681 1236 3005 1300 destruent;
3059 1233 3196 1288 adeo
3220 1242 3276 1288 ut
3301 1231 3485 1286 cuncti

1915 1331 2022 1388 sub
2053 1345 2122 1386 eo
2166 1329 2429 1384 cadentes
2456 1327 2628 1382 visuri
2663 1327 2774 1382 sint
2805 1325 2926 1379 olla:
2954 1325 3023 1378 ab
3069 1325 3192 1394 igne
3223 1330 3380 1377 testae
3409 1322 3487 1377 si-

1917 1421 2092 1475 miles.
2133 1418 2272 1473 Tum
2296 1433 2528 1488 pergens
2549 1416 2729 1472 adhuc
2756 1415 2824 1470 de
2845 1429 2909 1469 eo
2943 1415 3112 1482 loqui,
3145 1423 3203 1467 ut
3225 1413 3485 1481 majorem

1917 1510 2266 1567 audientibus
2297 1508 2528 1563 incutiat
2544 1518 2751 1564 metum
2777 1524 2792 1563 :
2814 1525 2833 1557 ι
2864 1504 2933 1560 Ut
2953 1504 3268 1568 bellatores,
3286 1502 3486 1569 inquit,

1918 1608 2141 1658 current
2168 1619 2184 1667 ;
2218 1600 2378 1670 quasi
2403 1598 2505 1651 viri
2531 1609 2806 1667 pugnaces
2825 1593 3023 1649 muenia
3046 1589 3438 1646 eonscendent.
3463 1606 3483 1639 ι

1918 1695 2089 1750 unita
2120 1708 2246 1747 cum
2275 1690 2552 1745 celeritate
2580 1688 2635 1741 in
2666 1687 2856 1757 pralia
2883 1691 3085 1750 ruent;
3137 1682 3307 1735 multa
3360 1683 3490 1733 item

227 1769 552 1865 πολεμισταὶ
582 1769 955 1863 ἀναϐήσονται
982 1769 1074 1845 tiri
1091 1769 1161 1846 τά
1174 1792 1352 1863 τείχη.
1385 1810 1404 1842 ι
1438 1792 1590 1844 Μετὰ
1612 1769 1812 1861 πολλῆς

1933 1801 2038 1842 :um
2069 1782 2300 1839 audacia
2328 1780 2546 1834 urbium
2576 1777 2750 1831 muris
2796 1775 3058 1839 insiliant,
3112 1779 3297 1841 spreto
3342 1769 3492 1824 illinc

228 1887 323 1957 μὲν
351 1886 629 1957 ὀξύτητος
659 1886 755 1937 ἐπὶ
781 1884 880 1946 τὰς
906 1884 1084 1954 μάχας
1104 1883 1338 1955 ὁρμῶσι·
1373 1882 1514 1953 μετά
1534 1882 1733 1937 πολλοῦ
1756 1884 1814 1938 δὲ

224 1979 314 2032 τοῦ
344 1978 597 2048 θράσους
625 1976 724 2029 καὶ
748 1977 862 2037 τοῖς
895 1975 1130 2044 τείχεσιν
1167 1975 1549 2030 ὲπελεύσονται
1574 1976 1682 2030 τῶν
1710 1976 1815 2029 πό-

226 2071 378 2133 λεων,
414 2067 548 2121 οὑδέ
588 2068 693 2137 τὴν
716 2052 927 2119 ἐκεῖθεν
953 2065 1295 2137 ὑφορώμενοι
1325 2065 1549 2137 βλάϐην.
1584 2084 1602 2119 ι
1640 2067 1814 2120 Ἐκα-

231 2178 354 2223 ne;
379 2160 443 2213 ὲν
462 2162 538 2231 τῇ
564 2156 734 2213 αὑτοῦ
759 2156 863 2227 ὁδῷ
885 2157 1194 2228 πορεύεται,
1218 2158 1315 2211 καὶ
1336 2158 1399 2211 οὑ
1433 2159 1507 2229 μὴ
1531 2157 1816 2212 ὲκκλίνωσι

231 2253 326 2315 τὰς
348 2251 579 2322 τρίϐους
604 2247 795 2313 αὑτοῦ,
813 2251 904 2303 καὶ
923 2250 1150 2313 ἕκαστος
1165 2250 1273 2304 ἀπὸ
1291 2250 1385 2303 τοῦ
1412 2250 1638 2319 ἀδελφοῦ
1654 2251 1816 2305 αὑτοῦ

233 2345 329 2398 οὐκ
350 2342 643 2412 ἀφέξεται.
681 2360 700 2392 ι
722 2341 1148 2411 Συντεταγμένοι
1168 2342 1459 2412 κέχρηνται
1478 2342 1558 2413 τῷ
1580 2343 1818 2414 πολέμῳ,

488 2432 649 2497 δεξιά
704 2431 827 2485 οὐδὲ
881 2431 1147 2502 ἀριστερὰ
1192 2433 1527 2495 ἐκκλίνοντος
1578 2432 1817 2487 πώποτε·

236 2525 346 2577 ἀλλ’
369 2525 614 2578 ἑκάστου
663 2523 763 2593 μὲν
791 2523 889 2594 τὴν
916 2522 1224 2594 ὡρισμένην
1250 2539 1312 2576 τε
1360 2525 1455 2578 καὶ
1486 2525 1821 2595 τεταγμένην

236 2617 491 2681 ἀνύοντος
530 2616 675 2671 ὁδόν·
708 2614 926 2668 πάντων
949 2614 1015 2683 δὴ
1050 2614 1187 2685 μετά
1223 2614 1424 2685 πολλῆς
1456 2615 1556 2684 τῆς
1595 2632 1822 2686 συμφω..

239 2710 355 2773 νίας
379 2709 477 2761 ἐπὶ
503 2707 600 2761 τὸν
627 2705 868 2776 πόλεμον
892 2705 990 2776 τὴν
1014 2704 1193 2776 ὁρμὴν
1215 2705 1570 2775 ποιουμένων.
1594 2707 1668 2775 (p.
1700 2707 1822 2776 HG)

245 2818 265 2848 ι
304 2796 833 2865 Καταόαρυνόμενοι
869 2796 931 2847 ἐν
957 2796 1068 2857 τοῖς
1093 2794 1277 2857 ὅπλοις
1317 2795 1497 2847 αὐτῶν
1529 2796 1825 2867 πορεύσον-

240 2909 344 2957 ται,
372 2892 471 2943 καὶ
502 2891 563 2942 ὲν
592 2891 708 2951 τοῖς
740 2887 950 2957 βέλεσιν
980 2886 1160 2940 αὐτῶν
1186 2886 1499 2954 πεσοῦνται,
1531 2888 1627 2942 καὶ
1653 2889 1714 2941 οὐ
1751 2890 1825 2961 μὴ

246 2978 694 3034 συντελεσθῶσιν.
730 2996 749 3029 ι
781 2978 1051 3043 Μέγιστον
1076 2977 1170 3030 καὶ
1189 2976 1379 3030 τοῦτον
1401 2979 1537 3049 πρὸς
1557 2978 1827 3044 ἀπόδειξιν

1914 1875 2098 1934 damni
2122 1871 2384 1944 periculo.
2417 1888 2436 1920 ι
2462 1867 2521 1922 in
2543 1880 2643 1922 sua
2658 1865 2892 1935 quisque
2907 1864 2992 1917 via
3015 1862 3285 1932 graditur,
3311 1873 3492 1928 neque

1916 1984 1947 2024 ο
1983 1967 2203 2040 propria
2231 1960 2466 2019 deflectit
2496 1960 2710 2022 semita,
2753 1971 2856 2012 nec
2896 1969 2928 2009 a
2953 1954 3122 2008 fratre
3157 1968 3259 2008 suo
3310 1951 3491 2004 disce—

1916 2060 2015 2115 dit.
2044 2078 2064 2112 ι
2100 2056 2364 2113 Ordinata
2398 2058 2628 2107 utuntur
2648 2049 2784 2114 acie,
2828 2061 2989 2101 nemo
3014 2045 3360 2100 dextrorsum
3399 2048 3494 2095 aut

1920 2151 2304 2207 sinistrorsum
2329 2157 2562 2214 usquam
2588 2139 2825 2197 declinat
2847 2155 2861 2191 :
2882 2136 2978 2192 sed
2999 2135 3197 2205 singuli
3214 2132 3494 2188 definitam

1918 2222 2345 2312 imperatamque
2390 2240 2573 2289 terunt
2615 2233 2799 2285 viam:
2860 2241 3053 2283 omnes
3100 2239 3231 2280 vere
3277 2235 3495 2278 summa

1919 2330 2212 2388 concordia
2231 2327 2298 2381 ad
2330 2325 2583 2395 prndium
2620 2328 2808 2374 ruunt.
2858 2317 3078 2372 «Armis
3120 2316 3241 2391 suis
3286 2312 3496 2383 gravati

1919 2422 2193 2485 incedent,
2237 2426 2289 2474 et
2323 2418 2382 2472 in
2418 2413 2620 2485 jaculis
2649 2411 2767 2467 suis
2811 2410 3026 2471 cadent,
3070 2416 3130 2462 et
3168 2422 3276 2460 non
3302 2404 3500 2459 ﬁnien-

1923 2524 2031 2570 tur.
2058 2533 2078 2566 ι
2112 2512 2229 2567 Ηοο
2275 2522 2497 2579 quoque
2553 2505 2848 2576 plurimum
2896 2502 3126 2556 interest
3161 2499 3235 2554 ob
3268 2498 3498 2553 demon-

1924 2604 2203 2661 strandam
2237 2600 2307 2655 ad
2334 2599 2536 2654 bellum
2576 2591 3083 2667 promptitndinem,
3127 2589 3318 2659 siquis
3354 2601 3501 2641 nun-

1923 2712 2086 2768 quam
2130 2705 2282 2749 extra
2318 2692 2540 2762 propria
2579 2700 2731 2745 arma
2775 2685 2862 2740 sit.
2904 2682 3044 2737 Dicit
3080 2682 3262 2737 enim:
3325 2676 3404 2732 Ne
3442 2676 3500 2731 in

1927 2766 2121 2843 itinere
2199 2785 2421 2856 quidem
2497 2793 2651 2834 arma
2712 2776 3014 2845 deponunt,
3081 2770 3338 2826 libentius
3390 2766 3498 2837 77

1916 2895 2115 2936 eorum
2137 2877 2350 2948 pondus
2383 2879 2657 2945 gerentes,
2681 2883 2846 2941 quam
2874 2883 2935 2924 se
2962 2868 3201 2920 inermes
3244 2868 3501 2932 spectan-

1928 2975 2079 3027 tibus
2110 2970 2469 3025 exhibentes:
2513 2980 2638 3020 nam
2683 2976 2859 3030 neque
2885 2961 2930 3015 si
2963 2957 3101 3012 forte
3148 2967 3373 3025 pausam
3403 2950 3504 3004 all-

243 3072 330 3124 τοῦ
360 3072 501 3143 πρὸς
532 3069 777 3139 πόλεμον
803 3066 1283 3138 παρεσκευάσθαι,
1322 3067 1386 3119 τὸ
1430 3043 1571 3139 μηδὲ
1609 3043 1827 3123 πώποτε

1933 3077 2095 3134 quam
2140 3061 2381 3131 capiant,
2423 3057 2542 3112 sine
2565 3053 2736 3110 armis
2785 3050 2902 3106 suis
2953 3054 3103 3103 sunt.
3146 3043 3381 3106 Etenim,
3410 3054 3503 3095 ca-

244 3163 347 3215 τῶν
379 3161 569 3215 ὃπλων
594 3160 708 3227 ἔξω
744 3157 991 3229 γίνεσθαι
1026 3158 1135 3212 τῶν
1170 3157 1406 3212 οἰκείων·
1441 3158 1597 3212 τοῦτο
1613 3159 1724 3231 γὰρ
1754 3160 1832 3213 λέ-

244 3272 329 3322 γει
370 3255 468 3317 τὸ,
500 3252 645 3308 οὗτε
687 3249 1097 3323 ὁδοιποροῦντες
1141 3250 1490 3305 ἀποτίθενται
1541 3252 1610 3305 τὰ
1654 3253 1792 3306 ὅπλα
1816 3292 1831 3317 ,

250 3347 398 3417 eam
420 3344 606 3399 αὑτῶν
633 3344 955 3414 ἀνεχόμενοι
977 3340 1072 3395 τοῦ
1104 3340 1324 3412 βάρους,
1352 3342 1385 3412 ἥ
1417 3343 1605 3398 ἄοπλοι
1630 3344 1840 3399 δεικνὺ-

252 3453 400 3507 pavet
422 3438 545 3499 τοῖς
585 3434 811 3503 ὁρῶσιν
855 3430 979 3486 οὔτε
1020 3433 1068 3485 εἰ
1099 3431 1233 3501 πρὸς
1277 3432 1583 3485 ἀνάπαυσιν
1629 3432 1832 3487 νεύοιέν

1932 3133 2082 3218 dent,
2115 3150 2298 3223 posuit
2337 3164 2457 3220 pro,
2512 3144 2795 3217 procident
2822 3151 2916 3223 aut
2938 3136 3289 3194 recumbent‘:
3320 3133 3505 3188 dicere

1931 3249 2142 3311 volens,
2181 3244 2326 3316 quod
2378 3241 2574 3297 armati
2625 3249 2677 3294 et
2729 3217 2993 3293 incedunt
3037 3242 3090 3287 et
3142 3230 3496 3285 recumbunt:

1933 3342 2165 3410 ideoque
2208 3337 2434 3407 pulchre
2479 3333 2706 3395 addidit,
2767 3341 2820 3387 et
2860 3344 2972 3384 non
3010 3326 3287 3388 ﬁnientur,
3328 3321 3384 3373 id
3418 3326 3505 3372 est

1933 3434 2143 3490 nullum
2174 3430 2332 3487 ﬁnem
2361 3426 2598 3482 bellandi
2639 3430 2962 3496 agnoscunt,
3008 3418 3062 3472 in
3089 3414 3257 3470 armis
3292 3423 3507 3479 semper

198 3554 203 3559 ο
253 3543 402 3591 ποτε,
436 3525 549 3591 ἔξω
568 3524 681 3577 τῶν
711 3522 893 3576 ὃπλων
929 3521 1205 3590 γίγνονται
1234 3521 1343 3575 τῶν
1371 3522 1607 3575 οἰκείων·
1635 3523 1696 3575 τὸ
1724 3525 1829 3593 γὰρ

1935 3523 2254 3595 praeliisque
2294 3526 2604 3574 versantur.

254 3616 580 3679 πεσοῦνται,
601 3614 727 3668 ἀντὶ
754 3612 847 3667 τοῦ
870 3612 1267 3667 ἀναπεσοῦνται
1289 3611 1382 3665 καὶ
1407 3592 1855 3683 ἀνακλιθήσονται
1880 3592 2060 3684 λέγει·
2099 3612 2415 3683 βουλόμενος
2458 3610 2629 3662 εἰπεῖν
2652 3607 2733 3658 ὅτι
2767 3600 2904 3674 μετά
2947 3599 3054 3651 τῶν
3100 3594 3278 3648 ὃπλων
3300 3592 3394 3645 καὶ
3415 3605 3511 3641 πο-

256 3710 511 3781 ρεύονται
553 3708 652 3760 καὶ
695 3706 1094 3760 ἀνακλίνονται·
1141 3704 1222 3757 διὸ
1247 3703 1425 3767 καλῶς
1469 3680 1736 3775 ἐπήγαγε,
1764 3710 1858 3762 καὶ
1881 3680 2049 3778 οὐρὴ
2085 3680 2525 3758 συντελεσθῶσιν·
2558 3699 2679 3751 ἀντὶ
2706 3696 2800 3748 τοῦ
2819 3735 2833 3759 ,
2871 3692 3041 3760 πέρας
3072 3689 3173 3741 οὑκ
3206 3684 3383 3739 ίσασιν
3414 3680 3508 3735 τοῦ

260 3800 531 3870 πολέμου.
562 3799 796 3854 πάντοτε
822 3795 887 3867 δὴ
912 3798 969 3850 ὲν
997 3794 1182 3858 ὅπλοις
1206 3795 1264 3847 τέ
1287 3796 1393 3848 εἱσι
1424 3797 1517 3850 καὶ
1546 3798 1822 3869 πολέμοις.

323 3913 477 3982 Στίχ.
500 3911 671 3965 θ’-ια’.
696 3940 769 3951 --
795 3927 816 3961 ι
855 3908 966 3978 Τῆς
989 3907 1196 3970 πόλεως
1225 3907 1598 3978 ἐπιλήψονται,
1628 3912 1721 3963 καὶ
1748 3912 1840 3964 ἐπὶ

251 4007 364 4059 τῶν
386 4004 619 4075 τειχέων
650 4001 829 4056 αὐτῶν
850 3998 1201 4072 δραμοῦνται,
1232 3999 1325 4053 ἐπὶ
1356 4000 1455 4065 τὰς
1475 4002 1679 4066 οἰκείας
1710 4004 1840 4056 ἀνα-

252 4097 542 4167 ϐήσονται,
584 4094 684 4149 καὶ
720 4092 810 4146 διά
855 4091 1086 4162 θυρίδων
1137 4091 1530 4146 εἰσελεύσονται
1583 4096 1658 4158 ὼς
1712 4093 1838 4147 κλέ-

257 4204 415 4241 πται.
453 4205 476 4239 s
513 4184 673 4239 Μετὰ
705 4183 911 4254 πολλῆς
952 4184 1051 4253 μὲν
1079 4184 1176 4254 τῆς
1216 4184 1497 4256 δυνάμεως
1533 4185 1840 4257 χειροῦνται

254 4279 361 4342 τὰς
418 4277 643 4343 πόλεις,
695 4275 813 4328 οὐδὲ
856 4274 1177 4345 ἀνατρέχειν
1225 4276 1507 4340 ὀκνοῦντες
1560 4275 1696 4346 μετὰ
1734 4274 1842 4328 τῶν

260 4370 445 4423 ὃπλων
480 4369 575 4421 ἐπὶ
613 4365 684 4419 τὰ
707 4365 862 4438 τείχη
886 4380 901 4394 ·
930 4364 1335 4435 εἰσεληλυθότες
1371 4365 1426 4418 δὲ
1462 4365 1678 4419 ἃπασαν
1708 4367 1840 4417 επι-

262 4462 523 4528 νέμονςαι
550 4457 653 4528 τὴν
678 4457 852 4520 πόλιν,
879 4455 1021 4509 ὥστε
1043 4455 1162 4509 καθ’
1183 4456 1419 4526 ἑκάστην
1445 4455 1619 4509 οἰκίαν
1642 4456 1733 4509 καὶ
1757 4455 1844 4508 διὰ

265 4550 445 4622 θυρῶν
477 4551 576 4603 καὶ
605 4547 697 4601 διὰ
720 4547 952 4618 θυρίδων
978 4546 1203 4598 εἰσιέναι
1221 4585 1236 4608 ,
1268 4546 1361 4599 ἐπὶ
1402 4544 1480 4617 τῷ
1508 4546 1684 4598 πάντα
1712 4545 1847 4613 ἀφε-

265 4641 377 4693 λεῖν
400 4641 472 4694 τὰ
494 4639 719 4692 ἐνόντα·
748 4637 811 4689 τὸ
834 4635 966 4707 γὰρ,
1000 4655 1019 4687 ι
1062 4636 1136 4699 ὡς
1168 4636 1416 4700 κλέπται,
1451 4656 1468 4688 ι
1502 4634 1658 4688 τοῦτο
1680 4635 1845 4703 λέγει,

264 4734 385 4789 ἀντὶ
407 4731 530 4798 τοῦ,
565 4730 661 4782 ἐπὶ
694 4727 775 4798 τῷ
820 4728 1000 4782 πάντα
1045 4728 1260 4797 ἀφελεῖν
1291 4728 1385 4782 καὶ
1414 4726 1627 4796 κλέψαι.
1679 4746 1696 4778 ι
1737 4726 1850 4797 Πρὸ

267 4824 565 4897 προσώπου
594 4818 762 4874 αὑτοῦ
792 4817 1197 4889 συγχυθήσεται
1232 4822 1266 4889 η
1299 4822 1369 4890 γῆ
1398 4859 1412 4883 ,
1439 4822 1534 4872 καὶ
1566 4820 1847 4889 σεισθὴσε-

270 4935 353 4970 ται
378 4919 408 4970 ό
440 4912 711 4985 οὐρανὸς,
746 4913 775 4964 ὁ
802 4911 957 4980 ἥλιος
994 4912 1087 4964 καὶ
1123 4913 1156 4981 ἠ
1191 4912 1386 4981 σελήνη
1430 4912 1846 4977 συσκοτὰσουσι,

268 5010 344 5075 (p.
379 5005 507 5072 H7)
540 5004 638 5059 καὶ
670 5004 740 5057 τὰ
772 5002 952 5073 ἄστρα
993 5000 1211 5053 δύσουσι
1242 5002 1303 5053 τὸ
1343 5002 1545 5070 φέγγος
1575 5000 1774 5053 αὐτῶν.
1826 5017 1845 5050 ι

273 5101 452 5153 Ἕοικε
488 5099 589 5169 μὲν
629 5099 660 5150 ὁ
688 5096 978 5165 προφήτης
1026 5092 1401 5164 ὑπερϐολικῶς
1432 5093 1500 5145 τὰ
1551 5092 1720 5145 πολλὰ
1761 5090 1851 5142 λέ-

272 5204 402 5253 γειν,
438 5187 520 5248 είς
563 5185 788 5254 μείζονα
838 5180 1102 5251 ἔκπληξιν
1141 5180 1251 5235 τῶν
1297 5182 1630 5234 ἀκουόντων·
1665 5179 1851 5250 ἐπειδὴ

274 5279 423 5332 ὁποῖά
450 5279 575 5330 ποτ’
628 5275 697 5329 ἂν
804 5274 876 5326 τὰ
905 5272 1192 5343 λεγόμενα,
1224 5272 1471 5324 λείπεται
1508 5272 1615 5324 τῶν
1643 5270 1846 5342 ἔργων·

275 5369 421 5438 δῆλος
447 5368 505 5421 δέ
534 5369 654 5420 ἐστι
684 5363 994 5429 κάνταῦθα,
1032 5364 1091 5415 οὐ
1122 5362 1189 5415 τὰ
1236 5365 1474 5432 στοιχεῖα
1512 5361 1686 5428 λέγων
1721 5375 1851 5426 συγ-

278 5461 596 5530 χεῖσθαιααὶ
622 5454 1042 5529 μετατίθεσθαι,
1072 5453 1185 5506 ἀλλ’
1217 5453 1403 5521 ἐπειδὴ
1429 5454 1539 5513 τοῖς
1581 5453 1638 5503 έν
1665 5452 1852 5511 κακοῖς

278 5547 673 5620 δξεταζομένοις
729 5545 869 5599 ἴδιόν
920 5544 1038 5595 ἐστι
1088 5541 1187 5604 τὰς
1230 5540 1526 5610 ὑπολήψεις
1578 5539 1714 5608 πρὸς
1757 5536 1853 5604 τὴν

283 5643 597 5714 κατέχουσαν
648 5635 1018 5711 μεθίστασθαι
1070 5633 1329 5696 πολλάκις
1375 5632 1651 5699 ἀνάγκην·
1701 5626 1856 5679 τοῦτο

282 5729 363 5789 οῦν
389 5735 561 5809 λέγει,
602 5734 691 5790 ὅτι
730 5729 1055 5801 συγχύσεως
1084 5728 1183 5797 μὲν
1216 5722 1580 5794 πληροῦνται,
1612 5718 1854 5779 ἐπιόντος

1875 4413 1918 4467 D

2016 3908 2184 3962 Vens.
2210 3904 2368 3960 9-H.
2397 3930 2466 3940 —
2498 3918 2515 3951 ι
2548 3897 2746 3953 Urbem
2792 3893 3008 3963 capient
3035 3929 3050 3953 ,
3091 3897 3144 3944 et
3179 3902 3348 3958 super
3382 3899 3514 3939 mm-

1945 3998 2037 4051 nia
2087 3997 2206 4064 ejus
2252 3994 2597 4052 discurrent;
2650 3984 2842 4038 domos
2888 3978 3278 4042 conscenderit,
3323 3983 3375 4028 et
3421 3987 3514 4041 per

1946 4062 2217 4142 fenestras
2265 4080 2551 4137 intrabunt
2578 4074 2737 4147 quasi
2777 4072 2951 4126 fures.
2999 4087 3017 4120 ι
3068 4066 3274 4137 Magnis
3306 4062 3515 4117 viribus

1948 4177 2112 4231 urbes
2167 4173 2422 4233 domant,
2487 4180 2667 4237 neque
2722 4178 2832 4217 non
2898 4157 3103 4212 audent
3159 4166 3384 4209 currere
3446 4147 3516 4203 ad

1948 4267 2149 4321 mrenia
2204 4278 2328 4319 cum
2387 4260 2575 4322 armis,
2629 4264 2683 4311 et
2740 4269 2838 4325 per
2884 4252 3082 4322 januas
3139 4247 3518 4314 fenestrasque

1950 4352 2185 4423 ingredi,
2214 4360 2271 4404 ut
2300 4347 2565 4418 quidquid
2607 4351 2691 4399 est
2731 4344 2881 4397 intus
2915 4338 3169 4395 auferant
3199 4356 3212 4391 :
3243 4337 3347 4390 hoc
3373 4333 3516 4387 enim

1948 4422 2213 4513 significat
2258 4439 2484 4501 locutio,
2514 4455 2532 4487 ι
2567 4434 2723 4504 quasi
2774 4432 2956 4494 fures,
2990 4448 3008 4480 ι
3053 4443 3180 4497 pro,
3220 4426 3299 4478 Ad
3332 4422 3517 4475 omnia

1949 4532 2308 4590 auferendum
2343 4537 2394 4584 et
2428 4526 2740 4581 furandum.
2783 4541 2801 4574 ι
2849 4524 2893 4575 Α
2930 4521 3068 4573 facie
3114 4519 3235 4585 ejus
3279 4512 3515 4568 confun-

1949 4628 2108 4680 detur
2160 4632 2343 4688 terra,
2389 4616 2826 4674 commovebitur
2877 4611 3109 4674 caelum,
3163 4607 3243 4661 sol
3294 4614 3347 4658 et
3393 4603 3518 4655 luna

1950 4714 2472 4776 obtenebrabuntur,
2513 4719 2566 4763 et
2610 4705 2781 4762 stellae
2828 4700 3126 4757 recondent
3171 4696 3518 4768 splendorem

1951 4821 2132 4863 suum.
2192 4824 2210 4857 ι
2286 4802 2514 4857 Videtur
2598 4796 2863 4870 propheta
2931 4789 3279 4861 hyperbolice
3347 4785 3521 4840 multa

1953 4899 2155 4959 dicere,
2203 4905 2263 4949 ut
2306 4894 2511 4962 majore
2552 4888 2837 4944 audientes
2884 4884 3063 4955 pulset
3108 4890 3337 4935 terrore.
3383 4872 3521 4927 Nam

1953 4985 2286 5057 cuicuimodi
2334 4984 2445 5039 sint
2501 4983 2616 5035 haec
2665 4979 2855 5040 verba,
2901 4976 3114 5029 minora
3168 4971 3329 5025 rebus
3372 4972 3521 5021 sunt.

1952 5080 2193 5149 Apparet
2227 5083 2410 5130 autem
2448 5076 2549 5127 hoc
2583 5071 2747 5126 etiam
2778 5071 2897 5123 loco
2930 5065 3251 5137 prophetam
3281 5058 3424 5112 haud
3451 5057 3525 5109 ita

1955 5172 2101 5239 loqui
2121 5170 2277 5240 quasi
2300 5169 2565 5223 elementa
2590 5163 2997 5219 confundantur
3023 5168 3076 5213 et
3100 5153 3522 5215 transferantur,

1954 5262 2047 5318 sed
2105 5261 2232 5329 quia
2283 5273 2403 5313 mos
2452 5264 2537 5311 est
2584 5270 2772 5309 eorum
2828 5252 2922 5321 qui
2973 5247 3133 5302 malis
3177 5249 3525 5306 exercentur,

1954 5351 2152 5405 mentis
2204 5348 2354 5401 ideas
2401 5346 2468 5398 ad
2516 5358 2644 5396 suas
2697 5346 2995 5411 praesentes
3043 5347 3186 5399 szepe
3239 5326 3525 5398 angustias

1956 5441 2275 5496 transferre.
2310 5438 2452 5491 Dicit
2483 5435 2650 5505 igitur
2686 5432 2805 5487 fore
2841 5439 2901 5483 ut
2927 5427 3177 5482 homines
3206 5418 3523 5476 confusione

1958 5535 2292 5603 repleantur,
2328 5528 2561 5581 Domino
2592 5527 2644 5579 in
2672 5536 2871 5578 terram
2911 5520 3262 5573 adventante.
3295 5510 3526 5565 Videtur

1956 5638 2084 5692 ergo
2126 5621 2254 5681 illis,
2301 5618 2394 5689 qui
2434 5618 2563 5670 talia
2615 5629 2642 5664 a
2689 5613 2795 5665 Deo
2844 5610 2901 5663 in
2945 5618 3086 5663 terra
3134 5606 3438 5676 patiuntur,
3471 5603 3527 5652 et

1960 5715 2156 5769 caelum
2211 5710 2451 5773 concuti,
2488 5714 2540 5761 et
2583 5704 2663 5759 sol
2708 5700 2919 5756 ac7una
2965 5708 3016 5754 ct
3059 5699 3235 5753 sidera
3276 5695 3382 5762 jam
3414 5702 3524 5741 non
