3966 6134
275 322 282 330 ,
380 258 488 315 223

1561 261 1909 320 THEODORI
1944 262 2178 321 MOPSU
2187 262 2432 320 ESTENI

3513 247 3621 307 22$

383 376 646 438 relucere,
698 373 965 430 malorum
1015 373 1228 430 scilicet
1283 373 1553 443 gravitate
1609 375 1973 445 patientibus,

2081 376 2208 430 ὐτοῦ
2234 377 2303 431 τὰ
2344 375 2484 430 κατά
2509 375 2639 444 γῆνο
2675 374 2823 427 δοκεῖ
2851 373 2907 426 δὲ
2943 377 3053 436 τοῖς
3096 373 3151 424 ἐν
3179 375 3242 442 τῇ
3270 373 3341 442 γῇ
3388 371 3621 429 τοιαῦτα

381 467 650 536 eripiente
681 465 824 522 lucis
849 479 1087 520 sensum.
1134 483 1154 517 ι
1194 465 1260 518 Et
1286 464 1548 520 Dominus
1576 465 1727 520 dabit
1759 481 1947 520 vocem

388 571 544 611 suam
585 538 711 610 ante
737 554 929 609 faciem
964 555 1239 611 exercitus
1274 556 1360 610 sui
1405 574 1416 610 :
1454 557 1584 626 quia
1621 557 1789 610 multa
1821 566 1949 611 sunt

388 647 550 702 nimis
568 654 745 701 castra
769 646 910 716 ejus,
937 645 1064 716 quia
1094 645 1255 700 fortia
1277 661 1441 717 opera
1472 647 1760 701 verborum
1783 647 1902 716 ejus
1931 664 1946 701 :

389 754 619 808 magnus
672 739 818 794 enim
877 740 997 794 dies
1046 738 1304 802 Domini,
1369 755 1563 810 magna
1614 748 1668 794 et
1720 741 1951 818 illustris

388 829 567 896 valde,
615 839 668 884 et
697 831 822 900 quis
863 830 1158 886 sustinebit
1190 832 1356 886 eam?
1395 850 1413 882 ›
1446 831 1726 900 Loquetur
1758 841 1954 902 praater

390 918 536 973 facta
584 920 696 974 haec
747 921 864 990 ipse
922 921 1202 985 Dominus,
1263 923 1421 989 cujus
1483 924 1786 986 voluntate,
1840 925 1954 978 haec

390 1023 612 1080 propter
649 1016 898 1066 vestram‘
926 1014 1221 1082 nequitiam
1263 1014 1540 1082 patiemini
1579 1031 1592 1066 :
1627 1015 1737 1084 78
1763 1030 1956 1084 quam-

393 1105 579 1158 obrem
619 1115 747 1159 tunc
783 1121 880 1162 vos
929 1107 1190 1163 noveritis
1241 1117 1409 1161 totam
1463 1111 1602 1163 hanc
1654 1110 1773 1179 ejus
1836 1125 1958 1166 esse

392 1195 588 1259 aciem,
647 1195 805 1263 cujus
864 1198 1144 1251 voluntate
1198 1205 1467 1253 movetur.
1541 1200 1739 1255 Scietis
1794 1203 1956 1255 etiam

395 1291 595 1350 quanta
631 1284 702 1337 sit
742 1285 1027 1338 verborum
1051 1287 1170 1354 ejus
1199 1287 1304 1350 vis,
1341 1290 1468 1342 olim
1517 1291 1808 1358 loquentis,
1834 1306 1957 1344 cum

392 1386 493 1426 vos
526 1373 702 1427 verbis
737 1388 843 1426 non
873 1375 1200 1442 credebatis,
1224 1394 1344 1446 quae
1371 1388 1556 1447 postea
1591 1381 1645 1434 in
1675 1397 1785 1434 rem
1826 1396 1959 1434 eon-

395 1461 554 1526 tulit;
579 1463 945 1530 ostenditque,
977 1465 1274 1532 quemlibet
1299 1482 1604 1522 sermonem
1633 1468 1751 1535 ejus
1777 1469 1963 1536 perin-

396 1549 466 1605 de
495 1566 618 1606 esse
647 1567 710 1605 ac
740 1551 881 1608 forte
914 1569 1053 1623 opus
1081 1573 1093 1608 :
1134 1557 1574 1625 quandoquidem
1601 1558 1736 1612 adeo
1767 1572 1962 1628 magna

395 1651 450 1696 et
511 1641 742 1697 illustris
798 1653 885 1699 est
940 1647 1438 1713 snpervenientium
1490 1649 1646 1703 vobis
1692 1651 1962 1704 malorum

2051 467 2319 536 πάσχουσι
2347 466 2476 535 παρ’
2503 465 2688 532 αὐτοῦ,
2718 465 2810 519 καὶ
2837 467 2865 518 6
2892 464 3118 534 οὐρανὸς
3154 463 3497 532 σαλεύεσθαι,
3521 465 3620 519 καὶ

2050 558 2080 610 6
2103 557 2272 627 ἥλιος,
2302 558 2396 610 καὶ
2421 559 2454 627 ἡ
2485 557 2704 626 σελήνη,
2732 557 2824 609 καὶ
2849 555 2918 608 τά
2945 556 3120 626 ἄστρα
3153 556 3348 624 μηκέτι
3384 557 3618 625 φαίνειν,

2050 651 2151 721 τῆς
2171 651 2277 704 τῶν
2301 649 2486 703 κακῶν
2507 649 2802 720 βαρύτητος
2824 648 3229 720 ἀφαιρουμένης
3252 649 3359 701 τῶν
3389 649 3625 719 πασχόν-

2052 759 2159 795 των
2188 743 2281 795 τοῦ
2324 742 2499 810 φωτὸς
2542 742 2639 812 τὴν
2680 741 2946 812 αἴσθησιν.
3001 759 3020 790 ι
3075 741 3185 791 Καὶ
3221 739 3422 810 Κύριος
3458 741 3624 792 δώσει

2055 834 2239 903 φωνὴν
2285 833 2449 886 αὐτοῦ
2498 832 2605 901 πρὸ
2648 831 2938 903 προσώπου
2985 830 3264 899 δυνάμεως
3312 831 3497 884 αὐτοῦ·
3539 833 3627 884 ὅτι

2059 925 2225 995 πολλή
2255 927 2370 976 ἐστι
2407 923 2609 992 σφόδρα
2639 923 2674 992 ἡ
2715 921 3032 991 παρεμϐολὴ
3069 921 3230 973 αὐτοῦ
3256 938 3267 948 ·
3307 921 3388 973 ὅτι
3425 921 3629 991 ίσχυρά

2057 1017 2192 1086 ἔργα
2229 1015 2401 1082 λόγων
2440 1012 2630 1072 αὐτοῦ,⁸
2667 1011 2799 1064 διότι
2842 1011 3046 1081 μεγάλη
3084 1013 3115 1080 ἡ
3155 1010 3336 1080 ἡμέρα
3372 1010 3465 1063 τοῦ
3510 1012 3619 1063 Κυ-

2058 1106 2194 1178 ρίου,
2236 1103 2446 1174 μεγάλη
2481 1102 2578 1180 ’καὶ
2615 1102 2879 1170 ἐπιφανὴς
2917 1101 3162 1170 σφόδραο
3211 1100 3304 1152 καὶ
3347 1099 3428 1163 τίς
3477 1103 3630 1153 ἐστιν

2061 1195 2246 1259 ἱκανὸς
2275 1196 2447 1263 αύτῇ;
2487 1212 2504 1244 ι
2549 1192 2962 1261 Ἐπιφθέγξεται
2993 1193 3049 1245 δὲ
3069 1195 3180 1255 τοῖς
3201 1192 3503 1262 γινομένοις
3529 1192 3632 1244 καὶ

2056 1287 2085 1338 6
2128 1284 2279 1345 Θεὸς,
2328 1278 2498 1352 οὗπερ
2547 1276 2639 1334 οὖν
2693 1280 2886 1350 γνώμῃ
2929 1279 3098 1333 ταῦτα
3138 1280 3225 1332 διὰ
3270 1280 3368 1348 τὴν
3418 1281 3631 1333 οἰκείαν

2061 1375 2313 1427 πείσεσθε
2343 1375 2539 1427 κακίαν
2559 1387 2572 1401 ·
2603 1372 2744 1424 ὥστε
2770 1372 2889 1424 τότε
2929 1372 3023 1441 μὲν
3051 1373 3196 1442 ὑμᾶς
3219 1372 3422 1438 γνῶναι
3446 1373 3632 1423 πᾶσαν

2063 1467 2226 1521 αὐτοῦ
2259 1466 2355 1536 τὴν
2385 1464 2688 1536 παράταξιν
2717 1464 2917 1533 ταύτην
2943 1460 3106 1516 οὖσαν
3127 1504 3141 1527 ,
3168 1457 3336 1534 οὗπερ
3357 1459 3448 1514 οὖν
3475 1461 3632 1514 κεκῖ-

2063 1574 2218 1627 νηται
2241 1555 2434 1627 γνώμῃ
2452 1571 2466 1584 ·
2501 1555 2702 1622 γνῶναι
2729 1554 2784 1606 δὲ
2814 1553 2908 1606 καὶ
2931 1554 3030 1622 ὅση
3059 1553 3175 1605 ἐστὶ
3206 1552 3313 1604 τῶν
3338 1551 3508 1618 λόγων
3532 1551 3638 1602 αὐ-

2064 1647 2156 1700 τοῦ
2192 1648 2226 1718 ἡ
2269 1648 2438 1716 ἰσχὺς,
2466 1645 2630 1698 πάλαι
2663 1645 2768 1714 μὲν
2790 1644 3069 1714 εἰρηκότος
3102 1645 3193 1696 ὅτε
3216 1660 3320 1712 περ
3350 1643 3635 1710 ὴπιστεῖτε

395 1730 533 1785 dies.
569 1731 723 1786 Tunc
753 1750 842 1788 res
870 1749 968 1803 pro
999 1736 1184 1789 divina
1213 1738 1489 1792 voluntate
1523 1738 1610 1792 fiet
1632 1777 1646 1802 ,
1681 1755 1783 1794 nec
1812 1741 1965 1809 quis-

2078 1740 2172 1800 rei;
2209 1736 2550 1806 λεγομένοις·
2587 1733 2810 1802 ὕστερον
2845 1734 2900 1786 δὲ
2939 1733 3078 1786 αὐτὰ
3121 1732 3398 1798 ἔξάξοντος
3429 1734 3506 1794 εἰς
3540 1731 3639 1799 ἔρ-

397 1837 562 1891 quam
597 1823 864 1877 malorum
902 1825 1118 1878 illorum
1157 1826 1298 1880 ferre
1345 1831 1547 1895 poterit
1580 1830 1799 1884 molem.
1828 1831 1964 1896 Qui-

399 1912 504 1967 bus
527 1914 706 1970 verbis
730 1924 1018 1984 postquam
1041 1915 1278 1970 hostium
1303 1932 1495 1987 graves
1518 1921 1668 1975 vires
1687 1923 1963 1991 exposuit,

401 2004 684 2072 subjungit
716 2023 730 2059 ι

2062 1848 2178 1901 γον,
2205 1831 2279 1900 (p.
2310 1829 2431 1899 118)
2459 1829 2550 1881 καὶ
2570 1827 2841 1891 δείξαντος
2866 1829 2946 1880 ὅτι
2968 1829 3074 1889 πᾶς
3103 1827 3263 1895 λόγος
3281 1825 3443 1879 αὐτοῦ
3471 1825 3639 1896 ἔργον

2064 1923 2209 1974 ἐστὶν
2245 1919 2496 1989 ἰσχυρόν·
2539 1919 2621 1970 ὃτι
2652 1935 2712 1969 τε
2748 1917 2891 1969 οὕτω
2926 1917 3134 1988 μεγάλη
3170 1918 3264 1969 καὶ
3297 1915 3563 1986 ἐπιφανὴς
3599 1916 3638 1982 ἡ

2063 2012 2174 2065 τῶν
2211 2011 2471 2063 ὲπιόντων
2503 2011 2630 2078 ὑμῖν
2672 2007 2856 2060 κακῶν
2893 2008 3076 2078 ἡμέρα
3097 2024 3110 2038 ο
3144 2008 3265 2060 τότε
3312 2007 3461 2060 ἔσται
3492 2005 3642 2060 κατᾶ

401 2096 501 2166 τὴν
532 2095 753 2165 γνώμην
785 2096 882 2165 τὴν
915 2096 1080 2163 θείαν,
1109 2099 1186 2161 ὡς
1219 2100 1350 2170 μηδὲ
1381 2095 1523 2155 εἷναί
1548 2119 1666 2156 τινα
1693 2102 1916 2157 δυνατὸν
1955 2103 2063 2158 τῶν
2105 2102 2226 2156 τότε
2263 2102 2560 2172 γινομένων
2596 2099 2780 2154 κακῶν
2815 2098 3105 2169 ὑποφέρειν
3144 2099 3203 2151 τὸ
3243 2097 3470 2169 μέγεθος
3496 2113 3508 2126 ·
3551 2097 3643 2149 διο

404 2186 748 2258 ηγησάμενος
771 2189 825 2240 δὲ
853 2187 959 2242 τῶν
981 2189 1249 2259 πολεμίων
1279 2191 1375 2262 τὴν
1405 2191 1678 2264 βαρύτητα
1709 2197 1766 2247 ὲν
1789 2194 2015 2260 τούτοις,
2050 2193 2243 2260 ἐπάγει
2262 2204 2276 2219 ⁸
3343 2205 3352 2208 '

481 2276 646 2332 Vens.
689 2278 876 2332 12-14.
925 2309 997 2320 --
1029 2299 1047 2331 ι
1088 2279 1153 2334 Ει
1189 2297 1336 2336 nunc
1377 2283 1508 2338 dicit
1537 2283 1808 2340 Dominus
1834 2285 1976 2342 Deus

412 2378 592 2422 vester
625 2387 638 2422 :
665 2369 1059 2424 Convertimini
1098 2373 1162 2426 ad
1193 2388 1279 2428 me
1323 2380 1439 2428 toto
1468 2374 1635 2430 corde
1668 2385 1876 2437 vestro,
1921 2377 1975 2430 in

409 2459 621 2528 jejunio
646 2468 700 2516 et
730 2461 784 2515 in
815 2461 938 2516 ﬂetu
969 2471 1024 2517 et
1044 2463 1118 2542 ‘in
1167 2465 1414 2533 planctu,
1455 2473 1510 2520 et
1543 2468 1777 2522 scindite
1811 2468 1977 2522 corda

412 2561 617 2614 vestra,
644 2562 698 2608 et
737 2569 843 2608 non
871 2556 1193 2611 vestimenta
1232 2569 1414 2612 vestra
1445 2576 1458 2614 :
1501 2569 1554 2613 et
1592 2559 1977 2614 convertimini

421 2643 490 2696 ad
516 2643 799 2699 Dominum
833 2645 998 2700 Deum
1036 2653 1299 2712 vestrum,
1330 2649 1456 2718 quia
1488 2649 1757 2718 benignus
1791 2658 1845 2704 et
1876 2650 1972 2703 mi-

411 2735 646 2789 sericors
674 2744 758 2789 est
779 2773 792 2800 ,
825 2744 879 2790 et
908 2737 1234 2807 longanimis
1257 2753 1322 2792 ac
1350 2739 1532 2792 multas
1560 2740 1970 2802 misericordiae,

411 2825 734 2882 etflexibilis
767 2841 934 2897 super
976 2828 1376 2897 iniquitatibus.
1420 2848 1438 2883 ι
1475 2828 1582 2886 Sed
1622 2830 1765 2886 enim
1797 2844 1967 2901 quan-

411 2929 574 2983 quam
622 2933 710 2972 res
764 2919 837 2971 ita
895 2934 955 2973 se
1007 2920 1266 2983 habeant,
1328 2923 1505 2990 agesis
1561 2925 1746 2977 cuncti
1795 2923 1975 2979 studia

413 3013 680 3058 nostra‘a
728 3006 858 3060 vitio
905 3007 970 3061 ad
1016 3009 1272 3064 virtutem
1305 3021 1710 3078 convertamus,
1768 3014 1978 3074 cuncti,

2141 2284 2289 2355 Στίχ.
2329 2282 2512 2352 ιβ’-ιδ’.
2544 2314 2615 2324 --
2662 2301 2680 2333 ι
2731 2279 2840 2334 Καὶ
2877 2277 2971 2333 νῦν
3016 2281 3164 2349 λέγει
3202 2281 3404 2351 Κύριος
3440 2282 3468 2333 6
3504 2279 3648 2342 Θεὸς

2073 2374 2259 2445 ὑμῶν,
2317 2373 2716 2445 Ἐπιστράφητε
2746 2374 2882 2445 πρός
2918 2389 2983 2440 με
3014 2373 3072 2437 ἐξ
3116 2373 3243 2442 ὅλης
3267 2373 3366 2442 τῆς
3411 2371 3648 2441 καρδίας

2072 2465 2246 2536 ὑμῶν,
2275 2467 2334 2518 ὲν
2369 2465 2594 2536 νηστείᾳ
2627 2466 2722 2517 καὶ
2763 2466 2820 2516 ὲν
2860 2463 3123 2535 κλαυθμῷ
3155 2465 3251 2518 καὶ
3285 2466 3342 2516 ὲν
3386 2463 3607 2532 κοπετῷ
3631 2481 3645 2494 ο

2072 2555 2166 2608 καὶ
2191 2555 2515 2627 διαρρήξατε
2545 2555 2644 2618 τὰς
2672 2556 2897 2626 καρδίας
2923 2556 3096 2626 ὑμῶν,
3128 2558 3222 2610 καὶ
3253 2556 3327 2628 μὴ
3355 2555 3424 2608 τὰ
3451 2556 3652 2626 ἱμάτια

2078 2647 2107 2698 ὑ
2117 2645 2230 2716 μῶν
2251 2661 2264 2674 ·
2295 2646 2385 2699 καλ¹
2408 2645 2776 2715 ἐπιστράφητε
2807 2647 2944 2716 πρὸς
2970 2645 3173 2716 Κύριον
3194 2645 3285 2698 τὸν
3306 2645 3436 2698 Θεὸν
3462 2644 3648 2713 ὑμῶν·

2077 2737 2159 2789 ὅτι
2207 2736 2451 2805 ἐλεήμων
2491 2736 2582 2787 καὶ
2623 2734 2916 2806 οἰκτίρμων
2962 2735 3109 2800 ἐστι,
3163 2736 3507 2806 μακρόθυμος
3547 2733 3654 2788 καὶ

2078 2825 2496 2890 ιιιολυέλεοςνκαλ⁵
2531 2825 2806 2896 μετανοῶν
2838 2826 2929 2878 ἐπὶ
2959 2827 3079 2889 ταῖς
3122 2827 3361 2888 κακίαις.
3415 2844 3433 2875 ι
3481 2824 3654 2877 Ἀλλά

2078 2919 2184 2991 γὰρ
2211 2921 2304 2972 καὶ
2327 2917 2526 2971 τούτων
2551 2917 2724 2978 οὕτως
2747 2916 3000 2998 ἑχόντων,
3022 2916 3151 2990 φέρε
3177 2916 3239 2987 δὴ
3264 2917 3462 2978 πάντες
3485 2932 3656 2986 μετα-

2079 3009 2369 3082 ϐαλώμεθα
2395 3010 2486 3062 τὸν
2511 3009 2770 3078 λογισμὸν
2795 3011 2858 3060 ὲκ
2882 3007 2974 3060 τοῦ
2999 3008 3238 3078 χείρονος
3268 3007 3360 3058 ἐπὶ
3381 3007 3442 3058 τὸ
3470 3008 3658 3075 κρεῖτ-

413 3093 653 3164 inquam,
687 3105 800 3152 tota
835 3108 1013 3154 mente
1048 3101 1113 3154 ad
1153 3100 1318 3156 Deum
1348 3103 1691 3168 inclinentur,
1733 3104 1973 3174 jejuniis,

2078 3119 2190 3165 τον,
2213 3101 2306 3153 καὶ
2328 3099 2605 3168 νεύσωμεν
2629 3098 2865 3160 ἅπαντες
2894 3097 3170 3167 ὁλοκλήρῳ
3193 3099 3258 3166 τῇ
3280 3095 3486 3164 διανοίᾳ.
3509 3095 3654 3166 πρὸς

414 3186 544 3239 fletu
594 3195 648 3242 et
703 3190 921 3258 planctu
961 3192 1249 3261 occupati;
1301 3209 1474 3263 neque
1523 3203 1704 3250 vestes
1740 3204 1979 3250 nostras

415 3277 751 3343 seindamus,
802 3282 895 3350 qui
947 3297 1068 3338 mos
1120 3295 1300 3338 vester
1343 3299 1484 3352 sape
1516 3291 1601 3339 est
1649 3285 1771 3342 sine
1815 3287 1982 3342 animi

416 3367 656 3436 affectu;
713 3371 805 3426 sed
859 3375 1025 3428 corda
1069 3384 1252 3430 vestra
1294 3377 1534 3446 pandite,
1571 3377 1792 3448 Deoque
1837 3378 1981 3434 nuda

413 3461 668 3517 exhibete
692 3503 706 3530 ,
734 3475 790 3519 ut
815 3473 997 3521 vetere
1028 3470 1234 3522 malitia
1256 3469 1504 3539 deposita
1525 3509 1540 3534 ,
1569 3479 1806 3525 vestram
1837 3473 1982 3527 circa

417 3551 584 3610 Deum
608 3564 844 3612 mentem
871 3559 1277 3617 demonstretis.
1319 3561 1504 3630 Neque
1527 3564 1673 3616 enim
1695 3571 1778 3618 est
1809 3564 1985 3618 incre-

416 3643 619 3706 dibile,
653 3660 776 3700 cum
806 3648 877 3701 sit
901 3649 1379 3720 valdebenignus,
1413 3659 1468 3705 et
1499 3653 1668 3705 multa
1703 3668 1828 3723 erga
1859 3668 1986 3723 pec-

418 3742 606 3788 cantes
635 3736 892 3804 patientia
937 3742 1010 3793 uti
1043 3741 1258 3802 solitus,
1295 3739 1414 3796 fore
1448 3750 1508 3795 ut
1558 3744 1699 3795 mala
1736 3744 1984 3798 retrahat

416 3839 542 3894 quae
584 3827 733 3883 vobis
759 3829 1036 3897 imponere
1064 3833 1360 3902 cogitabat.
1409 3851 1425 3884 I
1469 3833 1604 3899 Quis
1647 3835 1818 3898 novit,
1853 3849 1982 3888 num

419 3926 789 3982 convertatur,
854 3929 908 3974 et
962 3924 1263 3992 pmniteat,
1313 3933 1366 3979 et
1414 3927 1686 3996 relinquat
1740 3936 1862 3995 post
1927 3941 1986 3982 se

421 4007 870 4073 benedictionem,
902 4013 1263 4080 sacrificium,
1300 4023 1355 4069 et
1387 4016 1715 4069 oblationem
1751 4016 1980 4070 Domino

423 4099 532 4151 Deo
566 4101 794 4152 vestro?
837 4120 854 4151 ι
905 4102 1226 4173 Quanquam
1266 4105 1412 4159 baud
1449 4105 1602 4159 vobis
1651 4107 1906 4161 omnibus
1932 4108 1986 4162 id

419 4188 760 4250 exploratum
805 4202 927 4243 esse
969 4193 1258 4261 contingit,
1300 4192 1391 4261 qui
1436 4193 1773 4246 conscientia
1805 4202 1985 4248 vestra

422 4274 807 4342 vulneramini,
831 4287 1067 4335 attamen
1095 4283 1337 4353 apprime
1357 4282 1515 4337 nobis
1537 4291 1795 4338 constare
1823 4298 1986 4352 opor-

421 4371 580 4426 teret,
613 4367 758 4435 quod
789 4371 834 4422 si
863 4381 1242 4426 convertamur
1265 4383 1426 4442 atque
1455 4374 1520 4428 ad
1557 4389 1680 4429 eum
1711 4373 1986 4428 declinare

421 4456 779 4522 voluerimus,
843 4460 1019 4530 ipsum
1086 4479 1303 4532 quoque
1363 4464 1651 4534 pmnitebit
1715 4465 1984 4518 malorum

423 4547 532 4617 79
564 4565 683 4618 quae
724 4551 880 4608 nobis
909 4568 968 4607 se
1011 4553 1286 4607 illaturnm
1321 4554 1674 4621 ostenderat;
1718 4555 1986 4625 nobisque

424 4641 606 4709 potius
646 4641 828 4698 futuro
866 4653 1108 4714 tempore
1139 4646 1396 4700 beneficia
1433 4647 1752 4714 largiturum
1787 4664 1800 4699 :
1844 4646 1985 4702 hanc

420 4728 568 4783 enim
613 4730 744 4783 dicit
788 4733 1218 4789 benedictionem
1257 4755 1270 4789 :
1321 4751 1553 4804 quorum
1598 4736 1983 4790 beneficiorum

424 4817 659 4888 primum
688 4822 792 4874 erit
814 4823 1030 4885 notitia,
1065 4825 1212 4894 quod
1239 4826 1396 4895 copia
1431 4826 1588 4879 nobis
1615 4827 1684 4880 sit
1717 4827 1984 4881 sacrificia

425 4923 490 4963 ac
539 4909 829 4967 libationes
858 4913 907 4966 ei
947 4914 1053 4968 rilu
1096 4915 1261 4969 solito
1305 4916 1587 4971 efferendi.
1634 4915 1987 4985 Perspicuum

423 5009 506 5056 est
552 5004 695 5056 enim
748 5003 916 5058 Deum
942 5005 1047 5059 dici
1098 5005 1439 5072 benedicere,
1485 5024 1609 5061 cum
1643 5007 1770 5062 suis
1826 5007 2022 5073 donis,

425 5095 560 5150 bene
591 5097 750 5152 alicui
783 5095 930 5154 facit.
965 5098 1166 5167 Deinde
1191 5099 1339 5155 addit
1374 5112 1387 5148 :

2081 3192 2232 3256 Θεὸν,
2267 3189 2540 3260 νηστείαις
2567 3206 2626 3240 τε
2656 3189 2751 3241 καὶ
2783 3187 3045 3257 κλαυθμῷ
3077 3188 3171 3241 καὶ
3199 3185 3411 3256 κοπετῷ
3440 3202 3654 3255 κεχρη-

2085 3282 2265 3353 μένοι·
2296 3281 2388 3335 καὶ
2431 3275 2508 3351 μὴ’
2542 3281 2610 3332 τά
2651 3280 2841 3348 ἱμάτια
2871 3279 2936 3332 τά
2961 3279 3167 3332 ἑαυτῶν
3193 3277 3652 3349 διαρῤηγνύντες,

2081 3374 2266 3444 διόπερ
2293 3372 2410 3436 ἔθος
2449 3373 2574 3440 ὑμῖν
2615 3371 2713 3423 οὐκ
2743 3372 2807 3422 ὲκ
2837 3369 3132 3433 διαθέσεως
3162 3370 3419 3432 πολλάκις
3450 3371 3651 3421 ποιεῖν’

2082 3466 2179 3530 τὰς
2217 3465 2443 3535 καρδίας
2485 3463 2543 3515 δὲ
2587 3461 2794 3514 ἑαυτῶν
2822 3462 3178 3529 διανοίγοντές
3213 3480 3269 3514 τε
3309 3464 3402 3514 καὶ
3432 3461 3656 3531 γυμνάς

2083 3555 2449 3625 προσάγοντες
2482 3551 2560 3622 τῷ
2590 3551 2709 3621 Θεῷ
2729 3567 2741 3580 ·
2777 3553 2852 3614 ὡς
2883 3550 2948 3604 ἂν
2977 3551 3074 3622 τὴν
3110 3552 3343 3605 παλαιὰν
3375 3552 3655 3622 ἀποθέμε-

2083 3662 2162 3698 νοι
2201 3643 2417 3707 κακίαν,
2439 3642 2582 3713 δῆλοι
2616 3641 2844 3711 γένησθε
2874 3644 2970 3711 τῆς
3004 3643 3129 3713 περὶ
3161 3643 3321 3696 αὐτὸν
3357 3643 3661 3714 ἀντεχόμεο

2083 3749 2163 3786 νοι
2199 3731 2457 3805 γνώμης·
2489 3733 2548 3785 οὐ
2579 3731 2689 3802 γάρ
2728 3732 2985 3796 ἀπεικὸς,
3018 3733 3157 3800 ἄγαν
3183 3733 3311 3787 ὄντα
3343 3733 3657 3804 φιλάνθρω-

2084 3840 2186 3877 πον
2229 3823 2323 3876 καὶ
2373 3821 2539 3892 πολλῇ
2590 3825 2655 3892 τῇ
2715 3822 3035 3892 ἀνεξικακίᾳ
3078 3824 3151 3892 (ρ.
3193 3824 3312 3892 “9)
3354 3827 3479 3896 περὶ
3525 3827 3660 3889 τοὺς

2086 3917 2495 3989 ἁμαρτάνοντας
2518 3916 2876 3986 κεχρημένον,
2915 3899 3254 3985 μεταγνῶναι
3283 3916 3374 3969 ἐπὶ
3401 3919 3512 3978 τοῖς
3552 3914 3661 3968 κα-

2087 4013 2220 4073 κοῖς,
2251 4003 2332 4071 οἷς
2355 4009 2650 4075 ἐπαγαγεῖν
2677 4008 2804 4076 ύμῖν
2833 4006 3208 4059 ἐϐουλεύσατο.
3253 4025 3270 4057 ι
3306 4005 3400 4069 Τίς
3430 4002 3566 4059 οἶδεν
3601 4009 3660 4059 εί

2089 4096 2401 4168 ἐπιστρέψει
2450 4097 2542 4148 καὶ
2597 4097 2916 4166 μετανοήσει
2977 4095 3071 4148 καὶ
3133 4095 3478 4164 ὑπολείψεται
3537 4094 3658 4164 (16)

2086 4190 2258 4244 ὀπίσω
2289 4187 2452 4241 αὐτοῦ
2481 4189 2728 4256 εὐλογίαν
2769 4187 2957 4241 θυσίαν
2987 4187 3077 4240 καὶ
3107 4186 3334 4255 σπονδὴν
3361 4185 3548 4256 Κυρίῳ
3574 4185 3660 4254 τῷ

2087 4280 2205 4350 Θεῷ
2235 4280 2385 4348 ὐμῶν
2412 4297 2425 4345 ;
2460 4298 2477 4330 ι
2510 4281 2572 4332 Et
2603 4280 2712 4350 γὰρ
2745 4281 2838 4331 καὶ
2870 4278 2943 4348 μὴ
2973 4280 3136 4331 πᾶσιν
3168 4278 3294 4347 ὑμῖν
3326 4277 3480 4346 δῆλον
3510 4271 3659 4329 εἶναι

2088 4371 2243 4425 τοῦτο
2273 4388 2334 4422 συ
2345 4370 2614 4440 μϐέϐηκεν
2639 4371 2742 4421 ὐπὸ
2765 4369 2862 4438 τῆς
2893 4369 3247 4438 συνειδήσεως
3268 4367 3663 4438 πληττομένοις

2091 4463 2190 4528 τῆς
2215 4461 2437 4525 οἰκείας,
2463 4459 2596 4512 ἀλλὰ
2625 4459 2827 4528 σφόδρα
2865 4475 2927 4522 γε
2962 4457 3157 4510 εἰδέναι
3187 4458 3457 4528 προσῆκεν
3485 4457 3658 4526 ἡμᾶς,

2093 4552 2168 4614 ὡς
2214 4553 2263 4603 εί
2312 4549 2748 4622 μεταϐαλοίμεθά
2795 4566 2854 4602 τε
2901 4551 2996 4602 καὶ
3035 4548 3222 4602 νεῦσαι
3266 4547 3663 4617 βουληθείημεν

2094 4644 2229 4712 πρὸς
2258 4642 2435 4706 αὐτὸν,
2471 4640 2974 4712 μεταμεληθήσεται
3009 4639 3105 4709 μὲν
3135 4641 3229 4692 καὶ
3259 4639 3420 4700 αὐτὸς
3451 4639 3534 4708 ἐφ’
3573 4633 3663 4702 οἷς

2093 4734 2211 4786 καθ’
2238 4731 2391 4803 ἡμῶν
2415 4733 2726 4802 ἀπεφήνατο
2749 4747 2763 4761 ο
2791 4732 3058 4803 χαριεῖται
3082 4729 3138 4782 δὲ
3168 4731 3297 4800 ἡμῖν
3326 4731 3385 4782 ὲν
3411 4729 3487 4800 τῷ
3519 4730 3664 4800 μετὰ

2091 4823 2265 4877 ταῦτα
2319 4825 2494 4894 χρόνῳ
2531 4822 2637 4874 τῶν
2683 4821 2897 4874 οἰκείων
2951 4821 3170 4889 ἀγαθῶν
3216 4821 3313 4893 τὴν
3358 4821 3659 4892 χορηγίαν*

2091 4913 2250 4967 τοῦτο
2296 4914 2403 4985 γάρ
2440 4913 2684 4981 εὐλογίαν
2734 4912 2929 4982 φησίν·
2970 4907 3044 4966 ὧν
3084 4913 3298 4983 πρῶτον
3342 4914 3472 4982 ἡμῖν
3504 4911 3661 4965 ἔσται

2094 5005 2382 5075 γνώρισμα
2416 5004 2476 5056 τὸ
2508 5004 2824 5074 μεταλαϐεῖν
2857 5005 2957 5074 τῆς
2994 5003 3242 5070 ἐξουσίας
3273 5003 3365 5057 τοῦ
3389 5003 3575 5065 θυσίας
3598 5021 3660 5056 τε

2098 5097 2190 5150 καὶ
2221 5096 2446 5159 σπονδάς
2477 5096 2626 5166 αύτῷ
2653 5097 2793 5150 κατὰ
2828 5097 2888 5148 τὸ
2923 5096 3110 5159 εἰωθὸς
3138 5096 3432 5165 προσάγειν
3455 5113 3469 5129 ο
3503 5096 3661 5168 εὔδη-

423 5187 512 5239 λον
541 5190 646 5260 γὰρ
675 5192 755 5244 ὅτι
781 5191 1020 5258 εὐλογεῖν
1045 5191 1259 5260 λέγεται
1277 5195 1305 5247 6
1329 5193 1478 5256 Θεὸς,
1510 5193 1587 5264 τῷ
1615 5195 1733 5256 ταῖς
1755 5193 1979 5256 οἰκείαις
2000 5191 2310 5262 εὐεργετεῖν
2335 5189 2564 5258 δωρεαῖς
2584 5205 2598 5219 ο
2623 5189 2746 5241 ὅθεν
2776 5189 2870 5242 καὶ
2893 5188 3142 5256 εὐλογίαν
3165 5189 3263 5258 τὴν
3290 5188 3544 5259 τοιαύτην
3569 5190 3660 5242 κέ-

428 5282 593 5352 κληκε
626 5285 850 5356 δωρεάν.
887 5282 1021 5340 Εἶτα
1049 5288 1246 5356 ἐπάγει
1271 5299 1284 5313 ’

498 5370 664 5427 Vsus.
696 5376 883 5430 15-18.
913 5407 983 5419 —
1026 5397 1043 5428 ι
1068 5379 1313 5465 Clangite
1355 5382 1484 5434 tuba
1537 5381 1590 5434 in
1626 5382 1811 5445 Sione,
1859 5396 1988 5436 san-

427 5462 662 5516 ctificata
708 5463 998 5532 jejunium,
1047 5462 1336 5534 pncdicatc
1385 5469 1612 5534 cultum,
1664 5479 1989 5538 congregato

2165 5379 2312 5446 Στίχ.
2353 5381 2539 5442 ιε’-ιη’.
2571 5403 2642 5415 -ο
2689 5393 2707 5424 ι
2758 5374 3056 5426 Σαλπίσατε
3100 5371 3361 5442 σάλπιγγι
3393 5374 3450 5424 ὲν
3488 5372 3657 5434 Σιὼν,

2095 5468 2354 5534 ἁγιάσατε
2377 5459 2646 5535 νηστείαν,
2675 5464 2946 5535 κηρύξατε
2976 5463 3296 5534 θεραπείαν,
3323 5464 3658 5531 συναγάγετε

503 5637 614 5710 ι’ίὸ)
647 5640 776 5696 Cod.
819 5639 867 5706 Ι,
906 5657 1068 5696 manu
1099 5644 1456 5713 ὑπολήψεται,
1491 5656 1540 5699 at
1577 5647 1628 5710 ἓξ,
1667 5647 1973 5716 inuisi-12:1:

2078 5661 2165 5715 mc
2198 5655 2278 5701 est
2315 5642 2616 5700 communis
2643 5641 2818 5696 lectio.
