3966 6134
238 267 345 326 225

1264 262 1828 359 ,εοιιιιεΝι-Αιιιυε
1866 283 1932 340 lN
1969 284 2203 342 JOELIS
2238 284 2392 343 CAP.
2425 281 2489 341 ll.

3426 285 3535 345 226

246 403 394 467 λιδν,
410 397 697 470 ἁγιάσατε
725 402 1085 473 Ἐκκλησίαν,
1108 408 1395 473 ἐκλέξασθε
1432 408 1855 481 πρεσϐυτέρους,

1961 410 2245 480 populum,
2268 407 2612 465 sanctiﬁcate
2626 406 2953 475 Eccleslam,
2973 408 3157 480 eligite
3187 422 3371 473 senes,
3398 423 3537 464 con-

250 494 594 562 συναγάγετε
648 498 833 569 νήπια
900 499 1204 569 θηλάζοντα
1254 501 1491 572 μαστούς
1513 519 1527 532 ·
1591 501 1855 569 ἐξελθέτω

182 605 191 610 '
250 586 477 657 νυμφίος
512 587 585 641 ἐκ
628 589 734 643 τοῦ
762 590 1026 655 κοιτῶνος
1054 592 1248 657 αὑτοῦ,
1286 594 1382 646 καὶ
1422 592 1612 663 νύμφη
1645 596 1710 648 ὲκ
1760 592 1853 647 τοῦ

249 677 461 732 παστοῦ
491 678 701 749 αὐτῆς.
739 700 758 732 ι
798 681 1040 754 Τοιαύτη
1068 683 1199 754 γάρ,
1230 684 1383 752 φησὶ,
1415 683 1508 737 καὶ
1549 681 1694 736 οὕτω
1730 684 1854 752 φιλ-

251 767 525 838 σνθρὼπῳ
548 768 762 842 γνώμῃ
798 772 894 825 τοῦ
935 772 1072 826 Θεοῦ
1121 774 1481 844 κεχρημένου,
1507 772 1666 825 τοῦτο
1696 789 1854 843 ποιηο

252 860 367 911 τέον
393 859 534 927 ἡμῖν
556 876 570 889 ·
604 858 673 912 τὸ
708 863 922 925 πάντας
948 864 1047 935 μὲν
1079 865 1173 917 ἐπὶ
1199 865 1259 916 τὸ
1291 863 1428 917 Σιὼν
1450 862 1576 933 ὅρος
1601 866 1721 927 ταῖς
1744 862 1855 917 τῶν

254 949 581 1017 σαλπίγγων
604 956 946 1020 συναγαγεῖν
968 955 1288 1025 σημασίαιςο
1314 959 1400 1023 (p.
1435 954 1534 1009 120
1555 956 1571 1021 )
1595 954 1854 1024 ἀφορίσαι

253 1040 304 1093 δὲ
348 1041 452 1094 καὶ
495 1042 749 1112 κηρύξαι
786 1046 1041 1114 νηστείαν
1083 1046 1178 1097 ἐπὶ
1214 1045 1484 1117 θεραπείᾳ
1523 1045 1616 1098 τοῦ
1658 1045 1852 1098 Θείου·

253 1135 593 1200 συναγαγεῖν
626 1134 689 1187 δὲ
723 1136 940 1190 ἃπαντα
972 1136 1065 1189 τὸν
1090 1135 1238 1199 λαὸν,
1267 1136 1340 1199 ὡς
1371 1136 1437 1189 ἂν
1466 1134 1856 1206 ἀθροισθέντας

252 1226 331 1288 εἰς
358 1224 712 1299 Ἐκκλησίαν
732 1224 1018 1291 ἑκτάξειαν
1039 1227 1266 1305 ἑαυτοὺς
1306 1226 1400 1278 ἐπὶ
1423 1228 1489 1295 τῇ
1524 1226 1856 1298 μεταμελείᾳ

247 1318 349 1386 τῆς
387 1315 631 1387 γνώμης
652 1332 669 1346 ·
712 1316 1001 1387 παρόντων
1047 1317 1144 1387 μὲν
1186 1315 1296 1369 τῶν
1332 1316 1702 1388 παλαιοτέρων
1730 1318 1854 1371 καθ’

250 1408 502 1478 ἠλικίαν,
537 1409 832 1479 παρόντων
860 1407 917 1460 δὲ
938 1408 1036 1460 καὶ
1058 1405 1167 1459 τῶν
1195 1405 1404 1475 νηπίων
1450 1407 1576 1477 άχρι
1618 1408 1726 1461 τῶν
1754 1408 1854 1478 θη-

253 1499 578 1562 λαζόντων·
629 1500 724 1553 καὶ
771 1498 876 1570 μὴν
916 1498 1027 1551 τῶν
1071 1499 1263 1552 νεωστὶ⁵
1309 1499 1706 1569 γεγαμηκότων
1750 1501 1856 1569 ἀφ·-

259 1592 576 1661 ισταμένων
596 1591 698 1659 τῆς
728 1590 972 1660 γαμικῆς
1004 1588 1340 1661 εὐφροσύνης
1363 1590 1450 1643 διά
1492 1591 1590 1661 τὴν
1616 1591 1715 1661 τῆς
1758 1607 1854 1661 με-

254 1679 488 1743 τανοίας
530 1679 861 1749 ἐπιμέλειαν
882 1696 896 1709 ’
940 1677 1080 1731 ὥστε
1116 1680 1395 1750 συντόμως
1426 1682 1603 1734 είπεῐν
1634 1682 1853 1736 ἃπασαν

1955 507 2176 567 gregate
2192 498 2452 567 parvulos
2470 497 2638 551 ubera
2656 504 2913 568 sugentes
2930 513 2944 550 :
2965 497 3277 569 egrediatur
3292 512 3537 567 sponsus

1955 591 2022 644 de
2044 591 2212 644 cubili
2242 606 2364 651 suo.
2383 598 2437 645 et
2464 605 2665 660 sponsa
2700 589 2769 644 de
2799 591 3040 643 thalamo
3069 604 3222 645 suo.»
3262 589 3533 655 Quoniam

1954 679 2100 737 Deus
2132 690 2239 735 tam
2271 683 2544 737 clemente
2577 681 2854 735 sententia
2880 688 2987 743 est,
3026 680 3131 734 hoc
3156 681 3312 736 nobis
3334 680 3537 735 facien-

1953 771 2083 826 dum
2126 780 2379 841 superest
2426 789 2440 826 :
2475 772 2730 826 tubarum
2784 771 3044 824 nimirum
3084 772 3257 839 signis
3298 780 3532 828 cunctos

1953 863 2018 916 ad
2052 861 2273 917 Sionem
2304 872 2540 917 montem
2573 876 2919 916 convocare:
2960 861 3254 916 decernere
3290 877 3353 916 ac
3395 878 3533 931 prae-

1956 954 2143 1009 dicare
2161 954 2433 1023 jejunium
2467 955 2522 1009 in
2556 955 2818 1009 honorem
2843 952 2966 1008 Dei:
3004 969 3323 1008 universum
3358 969 3534 1024 popu-

1955 1044 2067 1099 lum
2092 1058 2446 1114 congregarc.
2481 1052 2540 1098 ut
2560 1045 2614 1099 in
2645 1044 2888 1098 Ecclesia
2918 1043 3145 1096 adunati
3172 1044 3238 1096 ad
3269 1047 3536 1110 paeniten-

1954 1137 2086 1190 tiam
2119 1138 2320 1191 mentis
2350 1150 2409 1191 se
2437 1145 2755 1207 comparent
2779 1154 2792 1190 :
2824 1136 3170 1190 adstantibus
3190 1142 3353 1189 atate
3374 1149 3534 1203 gran-

1954 1224 2230 1290 dioribus,
2257 1227 2604 1281 adstantibus
2625 1227 2754 1280 item
2780 1227 3044 1295 parvulis,
3070 1240 3248 1293 usque
3269 1226 3334 1277 ad
3362 1223 3531 1279 ubera

1956 1326 2255 1387 sugentes:
2297 1334 2397 1373 nec
2428 1334 2537 1372 non
2569 1319 2727 1372 novis
2761 1319 2943 1385 nuptis
2969 1331 3000 1371 a
3023 1316 3299 1386 conjugali
3327 1315 3532 1385 gaudio

1954 1409 2021 1463 ad
2059 1410 2393 1478 paenitentia:
2420 1409 2661 1463 studium
2687 1408 3004 1462 conversis:
3036 1421 3146 1462 uno
3168 1407 3355 1470 verbo,
3383 1407 3532 1461 omni

1955 1500 2133 1554 aetatis
2172 1500 2344 1569 gradu
2377 1506 2432 1554 et
2474 1498 2722 1567 cujusvis
2754 1498 2858 1552 loci
2891 1499 3073 1551 incola
3143 1499 3435 1552 accedente
3464 1498 3534 1551 ad

1957 1589 2363 1659 paenitentiam,
2418 1589 2628 1655 reliquo
2679 1589 2826 1643 omni
2873 1588 3245 1658 praetermisso
3295 1588 3528 1654 negoue.

1965 1682 2155 1735 «inter
2188 1681 2518 1735 vestibulum
2563 1688 2617 1734 et
2665 1681 2836 1734 altare
2888 1679 3179 1749 plorabunt
3220 1678 3532 1733 sacerdotes

254 1770 478 1840 ⁴ἠλικίαν
520 1771 620 1823 καὶ
673 1770 852 1823 πάντα
899 1769 1173 1822 ¹ΰντιναοῦν
1212 1770 1271 1821 ἐν
1315 1771 1422 1841 δτῳ
1475 1770 1672 1851 δήποτε
1719 1772 1853 1825 καθ-

1961 1772 2202 1827 ministri
2232 1772 2470 1835 Domini,
2500 1779 2555 1825 et
2575 1771 2790 1824 dicent:
2837 1769 3025 1833 Parce,
3058 1769 3302 1834 Domine,
3332 1771 3535 1840 popqu

254 1862 477 1915 εστῶτα
510 1864 776 1931 παρεῖναι
799 1862 867 1930 τῇ
903 1861 1254 1931 μεταμελείᾳ,
1285 1860 1392 1914 τῶν
1417 1862 1618 1915 λοιπῶν
1641 1862 1849 1933 ἀφεμέ-

253 1968 385 2013 νους
416 1952 709 2005 ἁπάντων.
759 1969 780 2002 ι
837 1949 966 2004 Ἀνά
998 1951 1163 2020 μέσον
1194 1950 1296 2021 τῆς
1341 1953 1606 2022 κρηπῖδος
1637 1952 1849 2006 καὶτοῦ

258 2042 666 2114 θυσιαστηρίου
702 2041 1029 2095 κλαύσονται
1059 2045 1105 2096 ei
1139 2044 1300 2114 ἱερεῖς
1327 2046 1376 2095 0t
1412 2043 1852 2114 λειτουργοῦντες

256 2134 487 2203 Κυρίῳ·
526 2134 624 2186 καὶ
652 2131 863 2204 ἐροῦσι,
888 2135 1095 2196 θεῖσαι,
1120 2133 1308 2204 Κύριε,
1331 2133 1425 2186 τοῦ
1450 2133 1582 2186 λαοῦ
1612 2150 1726 2198 σου,
1757 2136 1852 2189 καὶ

261 2225 341 2297 μὴ
372 2224 481 2294 δῷς
525 2224 629 2295 τὴν
672 2223 1039 2294 κληρονομίαν
1076 2240 1169 2277 σου
1226 2227 1306 2287 είς
1351 2223 1586 2288 δνειδος.
1630 2224 1724 2278 τοῦ
1775 2223 1852 2295 μὴ

260 2315 540 2386 κατάρξαι
579 2315 765 2368 αὐτῶν
813 2315 976 2386 έθνηο
1028 2316 1176 2378 ὅπως
1226 2315 1302 2387 μὴ
1356 2315 1583 2368 εἴπωσιν
1638 2317 1697 2368 ὲν
1740 2320 1852 2380 τοῖς

261 2407 463 2469 ἔθνεσι,
510 2406 626 2458 Ποῦ
658 2408 806 2459 ἐστιν
848 2406 877 2458 6
912 2405 1047 2468 Θεὸς
1088 2404 1301 2471 αὑτῶν;
1343 2425 1361 2457 ι
1410 2405 1619 2469 Πάντες
1652 2405 1708 2459 δὲ
1746 2407 1852 2478 πρὸ

260 2498 357 2550 τοῦ
383 2495 781 2566 θυσιαστηρίου
819 2496 1042 2558 στάντες
1074 2482 1122 2547 0i
1154 2496 1290 2566 πρὸς
1314 2495 1377 2549 τὸ
1411 2497 1512 2566 τῆς
1552 2496 1852 2569 ἱερωσύνης

262 2589 422 2660 ἔργον
462 2587 929 2659 προϐεϐλημένοι,
959 2586 1050 2640 καὶ
1077 2589 1155 2650 είς
1190 2587 1289 2656 τὴν
1321 2586 1663 2657 λειτουργίαν
1698 2588 1852 2641 ἐκτε-

263 2682 533 2752 ταγμένοι
556 2681 661 2750 τὴν
682 2680 855 2745 θείαν,
882 2678 1017 2748 μετά
1040 2678 1331 2748 κλαυθμῶν
1361 2680 1678 2733 αίτείτωσαν
1700 2680 1852 2750 παρά

263 2770 359 2824 τοῦ
404 2770 546 2823 Θεοῦ
583 2769 686 2840 τὴν
720 2768 1097 2838 καταλλαγήν
1138 2767 1213 2831 ὡς
1252 2768 1318 2821 ἃν
1361 2769 1547 2838 φείσαι
1586 2769 1701 2821 τότε
1755 2767 1850 2821 τοῦ

265 2859 522 2922 λαοῦτοῦ
549 2859 780 2920 οἰκείου,
810 2859 906 2911 καὶ
931 2858 1006 2929 μὴ
1036 2858 1312 2922 παντελῶς
1345 2860 1544 2922 αὐτοὺς
1572 2860 1754 2930 ικδοίη
1783 2863 1849 2932 τῇ

267 2949 373 3002 τῶν
404 2947 583 3002 ἐθνῶν
614 2947 855 3019 ἐξουσίᾳ,
889 2947 1024 3019 μηδὲ
1052 2946 1337 3001 καταλίποι
1377 2949 1527 3020 παρά
1549 2952 1663 3012 τοῖς
1701 2950 1852 3003 έθνε-

1953 1868 2147 1920 tuo.et
2196 1876 2266 1916 ne
2311 1860 2409 1915 des
2443 1861 2814 1915 hereditatem
2861 1867 3011 1912 tuam
3046 1858 3102 1913 in
3150 1859 3532 1929 opprobrium,

1952 1967 2022 2007 ne
2043 1951 2396 2023 dominentur
2426 1952 2507 2005 eis
2539 1951 2825 2015 nationes;
2880 1965 2949 2004 ne
2980 1950 3124 2004 inter
3152 1960 3346 2020 gentes
3380 1950 3533 2003 dica-

1953 2050 2078 2098 tur:
2117 2041 2348 2097 Ubinam
2383 2052 2468 2098 est
2493 2042 2636 2098 Deus
2668 2042 2935 2098 eorum?»
2970 2042 3168 2097 Cuncti
3200 2051 3325 2096 ante
3360 2043 3534 2097 altare

1951 2136 2342 2196 consistentes,
2394 2137 2485 2204 qui
2523 2134 2810 2189 sacerdotii
2840 2133 3142 2203 funguntur
3190 2147 3438 2199 munere,
3473 2141 3531 2186 et

1953 2225 2149 2281 divina:
2181 2226 2423 2293 liturgim
2471 2234 2600 2280 sunt
2628 2226 2852 2291 addicti,
2884 2240 3004 2280 cum
3042 2223 3166 2279 ﬂetu
3200 2225 3474 2294 postulent
3501 2242 3533 2278 a

1954 2315 2066 2371 Deo
2117 2316 2583 2385 propitiationem,
2639 2328 2699 2371 ut
2737 2326 2866 2370 tunc
2903 2326 3092 2387 parcat
3142 2316 3343 2385 p0pulo
3395 2330 3522 2375 suo.

1953 2420 2133 2474 neque
2177 2419 2301 2459 eum
2348 2406 2605 2474 potestati
2657 2406 2938 2460 nationum
2984 2407 3186 2467 tradat.
3238 2421 3415 2477 neque
3446 2407 3533 2461 his

1954 2496 2295 2551 irridendum
2326 2497 2626 2565 permittat,
2674 2497 2830 2566 quasi
2863 2497 3098 2551 inaniter
3132 2495 3225 2551 Dei
3253 2496 3536 2551 familiari-

1954 2596 2069 2643 tate
2091 2588 2409 2657 gloriemur.
2438 2586 2550 2656 ⁸ο
2581 2586 2677 2641 His
2724 2587 2911 2641 addit:
2936 2605 2953 2638 ι
2975 2588 3038 2640 Et
3064 2587 3272 2642 zelatus
3306 2596 3392 2641 est
3418 2586 3530 2641 Do-

1955 2681 2135 2734 minus
2157 2676 2557 2740 terram'suam,
2585 2685 2639 2733 et
2674 2680 2910 2747 pepercit
2934 2679 3135 2749 populo
3169 2694 3291 2734 suo.
3318 2697 3338 2730 ι
3371 2677 3530 2734 Haud

1953 2775 2057 2831 hoc
2095 2783 2354 2843 tanquam
2396 2774 2601 2827 factum
2641 2772 2891 2837 aﬂirmat,
2944 2774 3038 2828 sed
3084 2776 3327 2827 futurum
3374 2773 3529 2827 dicit.

1954 2866 2236 2921 Zelabitur
2258 2866 2423 2926 enim.
2464 2859 2662 2935 inquit,
2685 2873 2738 2919 et
2765 2873 2951 2933 parcet
2981 2864 3157 2927 vobis,
3187 2866 3233 2919 si
3265 2867 3537 2934 pceniten.

1954 2967 2038 3015 tes
2071 2959 2291 3023 viderit,
2321 2966 2374 3013 et
2411 2973 2579 3028 supra
2624 2958 2769 3012 dicta
2810 2956 3086 3023 feceritis;
3123 2965 3209 3011 est
3235 2970 3364 3011 vero
3394 2963 3536 3010 tem-

272 3058 355 3094 σιν
382 3040 846 3110 ὀνειδιζομένους,
892 3040 976 3092 ὅτι
1005 3040 1067 3111 δὴ
1117 3040 1292 3111 μάτην
1324 3040 1417 3094 ἐπὶ
1450 3044 1517 3113 τῇ
1556 3042 1691 3113 πρὸς
1719 3041 1852 3095 Θεὸν

1961 3051 2106 3122 poris
2157 3050 2421 3121 enallage,
2478 3065 2602 3104 cum
2657 3048 2934 3104 idiotismo
2998 3047 3266 3103 llebraico
3312 3045 3531 3102 dicente

272 3131 656 3202 σεμνυνόμεθα
684 3128 981 3184 οἰκειώσει.
1012 3130 1230 3194 Τούτοις
1260 3131 1457 3200 ἐπάγει
1479 3148 1493 3163 ο
1534 3151 1553 3183 ι
1591 3133 1699 3185 Καὶ
1722 3134 1851 3203 ἐζή-

270 3223 411 3276 λωσε
444 3223 656 3294 Κύριος
693 3222 795 3292 τὴν
832 3222 938 3291 γῆν
971 3221 1159 3287 αὑτοῦ,
1189 3226 1283 3276 καὶ
1310 3223 1567 3291 ἐφείσατο
1598 3224 1691 3278 τοῦ
1721 3225 1852 3278 λαοῦ

273 3314 462 3369 αὑτοῦ,
496 3332 517 3365 ι
556 3316 637 3386 (p.
669 3314 798 3385 121)
819 3313 932 3383 Οὐχ
958 3311 1035 3377 ὡς
1059 3314 1158 3385 ἤδη
1188 3315 1412 3384 γεγονὸς
1442 3316 1681 3387 μηνύων,
1718 3318 1853 3372 ἀλλὰ

273 3406 335 3458 τὸ
361 3406 625 3476 ἐσόμενον
646 3402 848 3472 λέγων.
873 3403 1113 3474 Ζηλώσει
1146 3406 1257 3479 γὰρ
1284 3408 1377 3461 καὶ
1405 3408 1647 3477 φείσεται
1676 3408 1850 3479 ὑμῶν,

1958 3143 2242 3213 propheta:
2269 3140 2540 3211 Pepercit,
2574 3156 2692 3211 pro,
2714 3139 2899 3195 Parcet
2925 3156 2941 3206 ;
2974 3140 3027 3195 id
3049 3138 3196 3211 quod
3228 3140 3537 3194 imitatione

1957 3232 2303 3288 Psalmorum
2351 3233 2488 3298 ﬁeri,
2544 3232 2674 3287 alibi
2706 3232 3068 3287 ostendimus.
3123 3230 3355 3285 Constat
3384 3230 3532 3284 enim

1959 3337 2068 3378 non
2098 3323 2166 3377 de
2194 3338 2253 3377 re
2306 3332 2426 3376 acta
2469 3322 2604 3385 dici,
2660 3319 3103 3391 quandoquidem
3150 3331 3345 3386 reapse
3391 3315 3537 3369 mala

1958 3412 2113 3481 juxta
2142 3412 2551 3483 praedictionem
2590 3413 2726 3483 ipsis
2751 3417 3209 3482 supervenerunt.

275 3501 464 3571 φησὶν,
495 3503 542 3554 εί
572 3500 1048 3572 μεταμελομένους
1074 3517 1134 3554 τε
1164 3501 1282 3567 ἴδοι,
1309 3503 1404 3556 καὶ
1428 3504 1495 3558 τά
1521 3504 1856 3575 προκείμενα
1892 3508 2178 3571 ποιοῦντας
2199 3527 2211 3541 ·
2251 3508 2574 3578 ἐνήλλακται
2610 3507 2668 3560 δὲ
2706 3508 2734 3559 6
2782 3505 2969 3577 χρόνος
3000 3502 3142 3557 κατά
3161 3501 3223 3554 τὸ
3255 3499 3539 3572 Ἑϐραῖκδν

278 3595 499 3666 ίδίωμα,
522 3596 646 3649 ἀντὶ
671 3595 768 3649 τοῦ
802 3594 1054 3648 Φείσεται
1092 3596 1153 3650 τδ
1195 3597 1477 3667 Ἐφείσατο
1508 3600 1752 3663 είπόντος
1772 3618 1784 3635 ·
1814 3601 1952 3673 ὅπερ
1982 3599 2074 3656 οὖν
2103 3604 2196 3657 καὶ
2223 3604 2329 3657 ἀπὸ
2359 3602 2468 3655 τῶν
2491 3601 2735 3671 Ψαλμῶν
2760 3602 2817 3652 ὲν
2845 3598 3052 3667 ἑτέροις
3078 3596 3383 3668 ἐδείξαμεν*
3406 3597 3541 3668 πρό,

275 3685 434 3755 δηλον
459 3686 571 3758 γάρ
600 3686 685 3739 ὅτι
714 3687 774 3739 οὐ
801 3686 1062 3756 γεγονότα
1093 3686 1260 3757 λέγει,
1288 3689 1346 3755 ἐξ
1372 3682 1446 3742 ὧν
1482 3690 1620 3761 μετά
1650 3691 1749 3763 τὴν
1780 3693 2012 3763 μήνυσιν
2037 3694 2238 3764 ταύτην
2264 3694 2444 3755 αὐτοῖς
2475 3690 2768 3761 ἐπελήλυθε
2790 3688 2857 3742 τά
2884 3688 3047 3741 κακά.

346 3776 495 3845 Στίχ.
520 3774 773 3830 ιθ¹-κ’.-
800 3794 819 3828 ι
841 3775 951 3828 Καὶ
972 3777 1238 3849 ἀπεκρίθη
1261 3778 1464 3850 Κύριος
1492 3782 1583 3834 καὶ
1609 3777 1760 3836 εἶπεν
1784 3781 1862 3853 τῷ

277 3866 394 3936 λαῷ
420 3863 592 3919 αὑτοῦ
614 3881 631 3897 υ
674 3865 808 3920 Ἰδοὺ
847 3865 961 3936 ἐγὼ
997 3866 1370 3932 ἐξαποστέλλω
1413 3870 1542 3940 ὑμῖν
1585 3871 1678 3924 τὸν
1714 3875 1861 3927 σῖτον

282 3956 379 4009 καὶ
400 3954 494 4010 τὸν
520 3951 668 4010 οἶνον
695 3957 791 4010 καὶ
819 3957 881 4010 τὸ
910 3957 1087 4013 ἔλαιον
1105 3974 1119 3988 ·
1154 3958 1250 4014 καὶ
1274 3959 1724 4032 ξμπλησθήσεσθε
1762 3965 1861 4017 αὐ-

2036 3782 2205 3837 Vnns.
2230 3782 2419 3836 lit-20.
2441 3810 2512 3821 —
2549 3798 2568 3832 ι
2593 3780 2657 3833 Et
2692 3778 2970 3849 respondit
2990 3776 3268 3844 Dominus,
3293 3778 3541 3848 dixitque

1964 3874 2168 3945 populo
2212 3885 2342 3929 suo:
2398 3869 2539 3925 Ecce
2582 3884 2682 3939 ego
2723 3871 2879 3923 mitto
2905 3868 3061 3923 vobis
3110 3867 3443 3921 frumentum
3485 3878 3541 3923 et

1963 3968 2149 4021 vinum
2179 3971 2234 4020 et
2261 3965 2464 4027 oleum,
2510 3970 2564 4018 et
2602 3960 2944 4030 replebimini
2980 3960 3095 4015 eis:
3151 3968 3206 4014 et
3242 3974 3353 4013 non
3397 3957 3541 4013 dabo

284 4045 413 4111 τῶν,
449 4048 548 4101 καὶ
573 4047 637 4103 οὐ
666 4045 825 4101 δώσω
852 4049 998 4119 ὑμᾶς
1020 4049 1203 4103 οὐκέτι
1231 4052 1312 4115 εις
1334 4050 1635 4123 ὀνειδισμὸν
1663 4053 1721 4107 ἑν
1747 4057 1856 4119 τοῖς

1962 4075 2062 4116 vos
2099 4058 2246 4113 ultra
2279 4054 2347 4111 ad
2392 4053 2747 4126 opprobrium
2775 4052 2830 4105 in
2869 4049 3141 4121 gentibus.
3174 4048 3240 4103 Et
3282 4062 3406 4103 eum
3442 4051 3542 4117 qui

286 4139 493 4194 εθνεσν
536 4140 634 4193 καὶ
671 4136 888 4195 τὸνάπὸ
1131 4140 1370 4207 ἑκδιὼξω
1400 4141 1493 4212 ἀφ’
1527 4142 1714 4214 ὑμῶν·
1768 4146 1856 4199 καὶ

1967 4153 2037 4208 ah
2063 4149 2317 4220 aquilone
2339 4157 2445 4210 est,
2486 4144 2677 4217 procul
2707 4142 2899 4197 faciam
2923 4158 2952 4196 a
2977 4141 3154 4205 vobis,
3190 4149 3244 4197 et
3270 4140 3538 4209 expellam

287 4231 529 4297 ἑκδιὼξω
556 4230 720 4284 αὐτὸν
749 4232 830 4296 εις
856 4231 961 4303 γῆν
989 4231 1232 4304 ἄνυδρον·
1255 4232 1351 4286 καὶ
1377 4231 1592 4301 ἀφανιῶ
1612 4234 1675 4287 τὸ
1694 4234 1856 4304 πρόσ-

1967 4258 2090 4299 eum
2123 4244 2177 4297 in
2200 4250 2399 4295 terram
2420 4238 2577 4307 aquis
2598 4241 2897 4291 carentem.
2920 4230 2987 4287 Et
3010 4232 3321 4302 disperdam
3341 4230 3536 4285 faciem

285 4339 436 4377 ωπον
483 4321 654 4376 αὑτοῦ
692 4323 773 4385 εἰς
808 4322 908 4394 τὴν
938 4320 1211 4377 θάλασσαν
1235 4321 1335 4393 τὴν
1371 4321 1626 4394 πρώτηνι
1655 4324 1747 4377 καὶ
1792 4324 1856 4378 τά

1968 4334 2089 4404 ejus
2116 4333 2173 4387 in
2216 4346 2368 4386 mare
2400 4331 2658 4400 primum,
2710 4334 2765 4381 et
2794 4325 3097 4397 posteriora
3132 4324 3252 4394 ejus
3304 4322 3359 4376 in
3389 4335 3542 4377 mare

285 4414 464 4467 ὀπίσω
502 4411 671 4467 αὐτοῦ
720 4413 800 4475 είς
843 4411 943 4483 τὴν
984 4411 1258 4467 θάλασσαν
1303 4413 1405 4482 τὴν
1458 4415 1728 4486 ἐσχάτην·
1768 4417 1856 4470 καὶ

1969 4425 2349 4479 novissimum.
2382 4421 2450 4474 Et
2482 4417 2740 4475 ascendet
2767 4417 3000 4487 putredo
3026 4418 3167 4483 ejus,
3199 4421 3253 4468 et
3280 4413 3540 4467 ascendet

286 4504 674 4577 ἀναϐήσεταιή
697 4503 907 4574 σαπρία
923 4502 1109 4567 αὐτοῦ,
1136 4502 1231 4556 καὶ
1252 4503 1586 4575 ἀναδήσεται
1609 4507 1638 4558 6
1665 4506 1856 4577 βρόμος

1969 4516 2106 4571 fetor
2133 4514 2275 4583 ejus.
2297 4531 2316 4564 ι
2359 4509 2536 4565 Verba
2585 4527 2603 4558 ‹
2623 4508 2907 4577 respondit
2954 4506 3215 4559 Dominus
3246 4512 3299 4556 et
3329 4503 3484 4566 dixit,
3511 4520 3532 4553 ι

293 4596 483 4652 αὐτοῦ.
527 4614 547 4648 ι
585 4595 660 4648 Τὸ
691 4613 710 4646 ι
753 4592 1025 4666 ἀπεκρίθη
1075 4593 1278 4666 Κύριος
1315 4595 1411 4648 καὶ
1453 4590 1627 4661 εἶπεν,
1677 4615 1696 4649 ι
1744 4598 1856 4650 ἀντὶ

1973 4612 2253 4677 ponuntur
2276 4617 2398 4672 pro,
2421 4597 2791 4668 Respondebit
2822 4602 2875 4649 et
2918 4594 3078 4653 dicet,
3116 4598 3423 4661 permutato
3452 4591 3540 4645 hic

288 4686 404 4753 τοῦ,
435 4685 893 4758 Ἀποκριθήσεται
913 4686 1007 4738 καὶ
1021 4687 1155 4756 ἐρεῖ,
1171 4685 1569 4757 ὲνηλλαγμένου
1589 4688 1856 4741 κάνταῦθα

1971 4712 2188 4768 quoque
2218 4703 2480 4764 tempore.
2510 4690 2696 4744 Dicere
2723 4686 2924 4758 quippe
2957 4684 3092 4746 vult,
3129 4681 3245 4737 fore
3280 4689 3335 4734 ut
3368 4682 3542 4750 pmni-

291 4778 384 4834 τοῦ
416 4779 640 4851 χρόνου·
669 4777 918 4848 βούλεται
946 4777 1054 4849 γάρ
1078 4778 1252 4830 εἰπεῖν
1278 4779 1360 4831 ὅτι
1386 4779 1497 4849 Τήν
1520 4795 1579 4831 τε
1603 4777 1710 4829 τῶν
1737 4793 1856 4847 καρ-

1970 4787 2211 4843 tentibus
2233 4783 2389 4837 vobis
2413 4776 2802 4835 abundantiam
2834 4773 3048 4843 frugum
3076 4773 3194 4827 sine
3219 4770 3386 4824 dubio
3415 4782 3544 4823 con-

295 4871 410 4925 πῶν
458 4868 721 4939 ἀφθονίαν
770 4868 898 4938 ὑμῖν
948 4866 1399 4939 μεταμεληθεωιν
1429 4867 1697 4920 ἀποδώσει
1732 4866 1867 4918 πάν-

294 4980 420 5027 τως,
448 4963 578 5026 τοὺς
602 4961 899 5031 πολεμίους
931 4976 990 5012 τε
1022 4957 1363 5030 τροπώσεται
1394 4960 1517 5021 τοὺς
1547 4957 1864 5028 ὑμετέρους,

296 5056 430 5127 ὅπερ
457 5050 555 5108 οὖν
587 5054 683 5107 καὶ
715 5050 983 5121 πεποίηκε
1023 5050 1159 5118 μετά
1195 5050 1294 5121 τὴν
1336 5050 1590 5103 ἐπάνοδον
1631 5051 1659 5103 6
1699 5049 1829 5111 Θεός
1851 5064 1865 5080 ·

300 5149 372 5220 (p.
402 5148 527 5214 {22)
565 5144 713 5201 καθά
743 5143 842 5196 καὶ
872 5144 903 5195 6
936 5142 1204 5212 μακάριος
1262 5141 1423 5194 Δαυῒδ
1468 5142 1567 5210 τὴν
1613 5140 1870 5193 ἐπάνοδον

299 5238 387 5296 τοῦ
412 5236 541 5292 λαοῦ
565 5233 877 5308 προλέγων,
906 5232 1121 5302 πρῶτον
1153 5232 1252 5302 μὲν
1281 5227 1430 5284 εἷπεν
1449 5249 1463 5265 ·
1499 5250 1518 5282 ‹
1549 5231 1638 5283 Σοὶ
1671 5231 1870 5301 πρέπει

299 5330 476 5403 ὕμνος,
495 5330 525 5382 ό
548 5327 706 5390 Θεὸς,
726 5325 787 5377 ὲν
822 5321 984 5387 Σιὼν,
1012 5321 1109 5374 καὶ
1130 5321 1213 5373 σοὶ
1234 5319 1625 5391 ἀποδοθήσεται
1651 5320 1784 5390 εὐχὴ
1818 5319 1877 5370 ὲν

307 5420 676 5493 Ἰερουσαλήμ·
709 5435 730 5469 ι
758 5444 831 5456 -
853 5434 871 5467 ι
903 5413 1014 5467 Καὶ
1036 5411 1192 5481 ἀγιος
1210 5412 1239 5463 6
1262 5411 1389 5473 ναός
1413 5427 1528 5474 σου,
1564 5410 1874 5502 θαυμαστδς

299 5517 348 5569 ἐν
366 5512 682 5583 δικαιοσύνῃ
705 5525 805 5563 σου
824 5521 841 5536 θ
872 5525 892 5558 a
913 5505 1129 5568 δεικνὺς
1154 5505 1235 5557 ὅτι
1250 5521 1310 5556 τε
1330 5503 1775 5558 ὲπανελεύσονται
1793 5504 1875 5568 είς

359 5668 406 5700 ⁵⁸
442 5665 591 5722 Psal.
630 5678 786 5730 ιιιν,
826 5660 863 5714 2
892 5677 1011 5730 sqq.

1972 4878 2152 4940 cedat,
2199 4881 2523 4936 vestrosque
2564 4868 2752 4922 hostes
2790 4866 2844 4920 in
2870 4863 3049 4933 fugam
3071 4860 3364 4928 conjiciat;
3395 4857 3541 4926 quod

1973 4980 2161 5020 revera
2199 4970 2322 5032 post
2367 4960 2600 5015 reditum
2656 4957 2797 5011 Deus
2850 4953 3124 5025 praestitit.
3184 4950 3336 5002 Sicut
3376 4949 3542 5002 etiam

1976 5055 2165 5109 beatus
2229 5052 2417 5114 David,
2476 5049 2655 5120 populi
2705 5048 2936 5102 reditum
2990 5041 3313 5112 praedicens.
3364 5039 3543 5107 primo

1977 5146 2195 5215 quidem
2234 5144 2342 5195 ait:
2379 5140 2493 5194 «Te
2532 5141 2687 5194 decet
2727 5138 2983 5207 hymnus,
3015 5131 3179 5193 Deus,
3220 5130 3275 5182 in
3308 5130 3459 5192 Sion,
3487 5137 3541 5183 et

1976 5238 2077 5292 tibi
2111 5233 2370 5290 reddetur
2403 5239 2583 5285 votum
2605 5230 2658 5281 in
2691 5222 3119 5287 Hierusalem“;
3146 5238 3163 5271 ι
3199 5248 3269 5260 ——
3291 5235 3309 5269 t
3341 5218 3544 5276 Etsan-

1974 5335 2121 5379 ctum
2166 5321 2426 5389 templum
2466 5328 2641 5379 tuum,
2684 5313 2930 5372 mirabile
2970 5312 3024 5364 in
3067 5310 3324 5379 aequitate
3362 5317 3453 5362 tua
3480 5327 3493 5368 ;
3519 5328 3538 5359 ›

1973 5416 2358 5472 demonstrans
2388 5409 2659 5465 redituros
2702 5405 2758 5458 in
2799 5401 3043 5472 propria,
3074 5401 3405 5469 solitumque
3434 5395 3544 5452 Deo

1977 5507 2182 5561 cultum
2222 5502 2274 5556 in
2297 5497 2495 5568 templo
2529 5509 2724 5552 rursus
2756 5491 3088 5549 reddituros.
3137 5477 3201 5545 Et
3250 5498 3373 5563 pqst
3405 5492 3541 5582 bace,
