3966 6134
434 280 546 336 ἩῚ

1586 272 1943 329 τηευῡοιιι
1980 266 2461 329 ΗΟΡΒΠΕΒΤΕΝΙ

3591 248 3735 305 ἳίὶδ

438 393 619 448 addit:
655 409 674 443 ι
697 389 943 448 Visitasti
982 398 1209 454 terram,
1251 392 1306 443 et
1343 385 1628 443 inebriasti
1672 401 1817 449 eam,
1868 386 2010 442 mul-

2117 382 2178 438 τά
2209 382 2405 445 οίκεῖα,
2441 379 2536 433 καὶ
2566 380 2646 433 ὅτι
2675 379 2774 451 τὴν
2806 377 3010 451 συνήθη
3043 376 3340 450 θεραπείαν
3370 376 3429 432 ὲν
3467 375 3546 448 τῷ
3580 375 3737 449 ναῷ

439 481 699 552 tiplicasti
732 481 1067 550 locupletare
1095 494 1247 542 eam,
1272 498 1292 531 ι
1335 488 1389 534 et
1417 479 1666 548 reliqua;
1714 478 2013 533 ubertatem

436 572 628 628 dicens
664 588 786 642 quae
818 579 949 625 tunc
992 571 1101 626 illis
1155 570 1427 626 Obveniet.
1462 569 1665 625 Eodem
1714 569 1877 623 modo
1923 567 2014 621 liic

434 665 623 726 etiam,
652 671 941 733 postquam
982 676 1216 717 annona:
1244 663 1458 731 copiam
1482 660 1737 715 daturum
1770 674 1829 715 se
1851 658 2010 723 dixit,

441 755 554 809 ait:
637 753 754 808 Non
803 754 980 809 sinam
1027 767 1126 809 vos
1166 754 1421 823 gentibus
1490 752 1699 807 diutius
1766 751 2014 810 subesse.

438 843 574 898 Nam
616 845 803 909 verba,
850 847 1006 905 «Non
1046 845 1188 900 dabo
1216 861 1314 902 vos
1339 844 1651 899 nationibus
1692 842 1920 897 ulterius
1946 840 2015 895 ad

438 936 791 1004 opprobrium
811 975 825 1000 ,
853 954 873 987 ι
916 935 1021 990 hoc
1051 936 1379 1005 significant.
1413 937 1520 1005 81
1560 934 1673 989 lmo
1695 934 1858 988 etiam
1898 946 2015 1002 ρωο

438 1038 538 1078 nas
554 1024 621 1078 de
638 1026 1055 1094 aggressoribus
1073 1025 1270 1080 vestris
1295 1038 1527 1086 sumam,
1552 1037 1756 1093 eosque
1773 1020 2014 1077 vastitati

438 1128 801 1184 supremoque
827 1116 996 1170 exitio
1024 1117 1260 1170 tradam.
1306 1113 1439 1167 Nam
1475 1113 1653 1184 primo
1705 1129 1801 1183 per
1848 1112 2018 1185 Baby-

435 1206 617 1261 lonios
632 1208 852 1276 puniam
871 1208 1127 1278 Assyrios
1146 1224 1162 1262 :
1183 1214 1367 1277 postea
1384 1206 1709 1277 Babylonios
1724 1204 2014 1261 Persarum

437 1308 604 1349 manu
644 1311 870 1363 prorsus
899 1296 1241 1366 esstinguam
1267 1313 1281 1350 :
1318 1303 1643 1365 tantumque
1673 1295 1891 1350 illorum
1920 1309 2016 1347 ex-

388 1372 639 1438 ‘cidium
694 1383 912 1451 faciam,
970 1390 1031 1439 ut
1084 1385 1193 1438 ritu
1227 1382 1576 1439 morientium
1630 1393 1687 1440 et
1736 1385 2016 1439 occisione

436 1475 768 1541 occisorum,
811 1477 997 1532 sanies
1034 1490 1227 1531 eorum
1255 1490 1323 1545 ac,
1346 1475 1487 1553 fetor
1519 1476 1791 1532 neminem
1827 1477 2013 1530 lateat:

435 1577 560 1618 nam
604 1563 834 1633 putredo
877 1572 931 1620 et
959 1564 1099 1620 fetor
1133 1566 1237 1621 hoc
1289 1565 1500 1631 dicunt,
1545 1576 1803 1638 tanquam
1844 1579 2019 1635 nuper

437 1662 783 1708 mortuorum
836 1662 893 1709 et
936 1656 1266 1711 cadaverum
1322 1658 1716 1727 projectorum.
1773 1656 1910 1711 Tum
1962 1661 2018 1709 et

2120 474 2282 528 πάλιν
2312 472 2651 528 ἀποδώσουσι
2690 471 2768 541 τῷ
2800 469 3124 541 Θεῷχμετά
3165 467 3224 523 δὲ
3254 467 3414 522 τοῦτο
3455 467 3660 537 ἐπάγει
3699 482 3725 499 ⁶

2125 583 2145 619 ι
2193 563 2510 633 Ἐπεσκέψω
2539 564 2637 633 τὴν
2662 563 2785 630 γῆν,
2811 562 2906 615 καὶ
2934 559 3209 631 ὲμέθυσας
3234 558 3424 629 αὐτὴν,
3460 558 3737 630 ἐπλήθυ-

2119 673 2215 720 νας
2240 655 2332 709 τοῦ
2360 653 2659 723 πλουτῆσαι
2686 651 2856 723 αὐτὴν
2875 692 2890 716 ,
2931 671 2949 703 ι
2990 653 3085 705 καὶ
3109 651 3179 703 τά
3213 650 3339 720 ἑξῆς
3361 668 3376 683 ο
3405 650 3503 721 τῆ)
3532 651 3733 720 ἀφθο-

2120 746 2239 800 νίαν
2271 746 2445 814 λέγων
2465 745 2563 817 τὴν
2589 746 2711 798 τότε
2737 744 3142 816 προσεσομένην
3167 744 3351 806 αὐτοῖς
3370 759 3383 771 ·
3412 742 3507 796 τὸν
3533 743 3728 799 αὐτὸν

2120 840 2184 911 δὴ
2220 839 2420 908 τρόπον
2457 837 2735 892 κάνταῦθα
2763 834 2935 890 εἰπὼν
2968 836 3065 905 τῆς
3095 833 3349 902 εὐθηνίας
3374 834 3475 904 τὴν
3499 834 3731 887 ἀπόδο-

2125 946 2229 992 σιν,
2261 928 2409 996 λέγει
2433 924 2514 982 ὃτι
2556 928 2670 982 Οὐκ
2698 929 2844 982 ἐάσω
2874 927 3019 996 ὑμᾶς
3051 924 3155 978 ὐπὸ
3181 926 3294 986 τοῖς
3322 922 3531 977 ἔθνεσιν
3559 919 3731 977 εἶναι

2121 1022 2303 1075 οὐκέτι
2328 1036 2341 1048 '
2367 1020 2429 1073 τὸ
2459 1019 2569 1090 γὰρ
2609 1038 2629 1072 ι
2672 1019 2749 1072 Οὐ
2768 1018 2924 1072 δώσω
2952 1017 3096 1087 ὑμᾶς
3129 1017 3185 1068 ὲν
3214 1018 3328 1078 τοῖς
3354 1014 3565 1069 ἔθνεσιν
3600 1013 3730 1067 οὐ-

2121 1113 2240 1166 κέτι
2264 1114 2344 1189 είς
2368 1110 2692 1181 ὀνειδισμὸν,
2724 1127 2743 1161 ι
2771 1109 2930 1162 τοῦτο
2971 1107 3139 1176 λέγει.
3180 1106 3340 1160 Ἀλλά
3362 1105 3471 1176 γὰρ
3499 1105 3593 1160 καὶ
3623 1102 3732 1158 δι-

2122 1221 2224 1266 κας
2263 1203 2528 1275 λήψομαι,
2568 1201 2724 1272 φησὶ,
2771 1200 2925 1271 παρὰ
2964 1200 3073 1253 τῶν
3104 1198 3509 1270 ἐπεληλυθότων
3548 1198 3725 1268 ὑμῖν,

2122 1293 2330 1363 ἐρημίᾳ.
2362 1309 2422 1344 τε
2464 1293 2662 1355 αὐτοὺς
2709 1291 2803 1344 καὶ
2850 1290 3146 1361 ἀφανισμῷ
3183 1289 3438 1345 παντελεῖ
3469 1289 3728 1361 παραδι-

2120 1383 2243 1447 δούς
2265 1401 2279 1416 ο
2310 1382 2527 1455 πρῶτον
2562 1383 2658 1453 μὲν
2683 1382 2792 1453 γὰρ
2818 1382 2905 1435 διὰ
2930 1381 3288 1436 Βαϐυλωνίων
3314 1384 3725 1453 τιμωρήσομαι

2136 1476 2470 1547 ’Λσσυρίουςο
2507 1476 2625 1546 μετ’
2652 1475 2831 1527 ἐκεῖνο
2856 1473 2914 1526 δὲ
2949 1473 3323 1537 Βαϐυλωνίους
3353 1473 3441 1527 διά
3475 1472 3724 1543 Περσῶν

2123 1566 2402 1630 παντελῶς
2449 1566 2701 1621 ἀπολέσω
2721 1582 2734 1594 ·
2769 1565 3039 1637 τοσαύτην
3080 1565 3137 1618 δὲ
3185 1566 3364 1619 αὐτῶν
3396 1566 3724 1637 ἐργάσομαι

2121 1663 2223 1732 τὴν
2254 1660 2551 1730 ἀπώλειαν,
2586 1658 2728 1712 ῶστε
2770 1658 2928 1728 δίκην
2978 1657 3087 1710 τῶν
3140 1655 3593 1728 ἀποθνησκόντων
3641 1672 3721 1709 τι

435 1744 680 1809 verbum,
724 1748 1041 1813 «ascendet,
1066 1766 1086 1800 ι
1123 1762 1242 1818 pro,
1286 1747 1579 1813 Audietur,
1628 1748 1780 1804 dicit.
1813 1748 2015 1801 [lorum

2122 1754 2217 1806 καὶ
2239 1751 2518 1814 παντελῶς
2544 1749 2952 1821 νεκρουμένων,
2984 1751 3086 1820 τήν
3114 1766 3171 1802 τε
3201 1748 3363 1819 σῆψιν
3396 1747 3575 1802 αὐτῶν
3611 1747 3721 1801 καὶ

436 1850 561 1891 vero
582 1837 829 1891 omnium
851 1852 1108 1907 quaenam
1127 1854 1294 1894 causa
1312 1840 1434 1894 est?
1470 1858 1488 1891 ι
1512 1839 1650 1905 Quia
1673 1841 2022 1910 magnificata

434 1934 561 1980 sunt
611 1941 776 1997 opera
826 1934 940 1982 tua.
968 1947 987 1980 ι
1038 1926 1450 1989 Demonstrabit
1497 1933 1701 2001 quippe
1749 1931 2018 1989 Dominus

435 2029 661 2085 operum
695 2032 923 2072 suorum
961 2018 1393 2088 magnitudinem
1435 2019 1676 2075 hostium
1708 2020 2016 2091 punitione.

436 2104 639 2161 Dehinc
663 2114 1032 2163 consentanee
1055 2109 1166 2163 ait:

2114 1841 2213 1912 τὴν
2241 1840 2505 1895 δυσωδίαν
2529 1841 2736 1911 μηδένα
2758 1839 3028 1894 διαλαθεῖν
3046 1855 3059 1869 ·
3086 1839 3185 1911 τὴν
3208 1839 3317 1910 γάρ
3346 1840 3584 1910 σαπρίαν
3606 1839 3720 1891 καὶ

2114 1929 2207 1983 τὸν
2239 1929 2467 2002 βρόμον,
2495 1930 2654 1984 τοῦτο
2693 1930 2864 1999 λέγει,
2893 1930 2970 1994 ὡς
3007 1930 3442 2000 ὲπιτεθνηκότων
3474 1930 3574 2001 ἤδη
3606 1929 3718 1983 καὶ

2114 2019 2324 2092 νεκρῶν
2358 2020 2626 2091 κειμένων
2647 2038 2661 2052 ο
2703 2020 2763 2075 τὸ
2791 2021 2849 2074 δὲ
2902 2038 2919 2072 ι
2956 2020 3313 2091 ἀναϐήσεται,
3354 2038 3374 2072 ι
3406 2021 3487 2074 ὅτι
3525 2019 3717 2074 Πᾶσιν

2118 2112 2444 2177 ἐξάκουστος
2480 2112 2654 2180 ἔσται,
2703 2111 3124 2183 φησί’-τούτων
3165 2113 3222 2166 δὲ
3261 2113 3478 2167 πάντων
3530 2113 3716 2167 αῐτιον

442 2201 516 2268 τίς
554 2220 573 2253 ι
598 2202 722 2256 Ὅτι
747 2203 1085 2275 ιμεγαλύνθη
1131 2204 1201 2258 τά
1242 2204 1379 2276 ἔργα
1423 2205 1609 2263 αὐτοῦ.
1641 2226 1662 2260 ι
1719 2209 1741 2278 (
1757 2222 1809 2278 p.
1858 2207 2001 2274 125)
2047 2207 2219 2274 Δείξει
2255 2208 2363 2281 γὰρ
2396 2207 2507 2263 τῶν
2537 2207 2752 2262 οίκείων
2784 2207 2959 2278 ἔργων
2983 2208 3044 2262 τὸ
3087 2207 3312 2279 μέγεθος
3336 2210 3363 2262 ὁ
3389 2208 3522 2273 Θεὸς
3543 2210 3603 2262 εν
3630 2209 3713 2279 τῇ

443 2295 561 2363 περὶ
593 2293 791 2356 αὐτοὺς
815 2295 1077 2366 τιμωρίᾳ.
1118 2291 1250 2348 Εἶτα
1277 2294 1586 2360 ἀκολούθως
1606 2297 1802 2366 ἐπάγει
1822 2315 1837 2329 ο

504 2382 668 2439 Vsus.
692 2385 878 2440 21-27.
899 2415 969 2425 —
996 2403 1017 2437 ι
1042 2385 1285 2451 Conﬁde,
1309 2397 1497 2456 terra;
1532 2389 1710 2460 gaude
1729 2397 1783 2444 et
1808 2390 2012 2456 laetare,

434 2476 696 2546 quoniam
747 2472 1114 2546 magnilicavit
1141 2476 1307 2544 Deus,
1356 2485 1415 2532 ut
1461 2476 1685 2534 faceret.
1716 2478 2012 2545 Coniidite,

437 2571 682 2640 iumenta
727 2567 929 2639 campi,
982 2569 1108 2638 quia
1157 2564 1532 2640 germinarunt
1578 2577 1734 2640 prata
1770 2569 2011 2625 deserti:

2184 2385 2333 2455 Στίχ.
2381 2384 2605 2449 κα’-κζ’.
2649 2412 2720 2425 -—
2756 2400 2776 2434 ι
2826 2382 3070 2454 Θάρσει,
3103 2381 3198 2452 γῆ,
3243 2384 3436 2454 χαίρου
3473 2382 3569 2437 καὶ
3612 2382 3715 2436 εὐ-

2113 2477 2349 2549 φραίνου
2375 2493 2391 2509 ο
2434 2476 2517 2530 ὅτι
2546 2475 2851 2546 ὲμεγάλυνε
2894 2473 3101 2545 Κύριος
3144 2472 3239 2527 τοῦ
3274 2475 3533 2545 ποιῆσαν
3566 2472 3714 2544 θαρ-

2115 2573 2280 2632 σεῖτε,
2332 2568 2504 2639 κτήνη
2554 2566 2650 2620 τοῦ
2685 2565 2867 2620 πεδίου
2887 2607 2903 2630 ,
2935 2566 3019 2619 ὅτι
3054 2564 3391 2636 βεϐλάστηκε
3421 2565 3492 2620 τὰ
3537 2563 3713 2619 πεδία.

436 2659 562 2728 quia
601 2658 809 2728 lignum
839 2657 1010 2713 edidit
1039 2657 1280 2713 fructum
1313 2673 1495 2724 suum,
1533 2658 1662 2713 vitis
1699 2665 1753 2713 et
1783 2656 2015 2715 ﬁculnea

2117 2659 2211 2729 τῆς
2261 2659 2504 2730 ἐρήμουο
2550 2658 2633 2712 ὅτι
2666 2657 2822 2724 ξύλον
2876 2657 3076 2727 ῆνεγκε
3119 2656 3212 2711 τὸν
3243 2656 3456 2728 καρπὸν
3493 2655 3660 2710 αὐτοῦ
3688 2672 3705 2688 ·

436 2749 789 2816 protulerunt
840 2746 1083 2817 vigorem
1118 2761 1304 2803 suum.
1328 2768 1347 2800 ι
1386 2746 1599 2804 Gaudio
1631 2749 1827 2822 gestiet
1871 2755 2017 2802 terra

436 2838 507 2891 ob
530 2835 621 2892 Dei
663 2851 893 2908 Operum
924 2837 1381 2908 magnitudinem,
1429 2846 1656 2909 accepta
1704 2839 1774 2894 ab
1798 2854 1866 2895 eo
1903 2838 2019 2893 fru-

435 2941 562 2997 gum
598 2926 965 2982 fecunditate:
998 2942 1178 2998 neque
1212 2929 1395 2985 secius
1424 2929 1676 2999 iumenta
1722 2930 1901 3000 campi
1928 2945 2023 2985 co-

438 3016 651 3085 piosam
675 3018 869 3086 pascui
900 3018 1156 3073 habentia
1185 3018 1534 3087 fruitionem;
1571 3028 1881 3092 praterque
1906 3021 2022 3077 haec

434 3108 643 3173 omnia,
686 3109 818 3178 ligni
864 3124 1086 3179 quoque
1130 3109 1346 3165 fructus
1387 3111 1647 3181 copiosus
1690 3112 2024 3183 praebebitur

2113 2747 2358 2819 ἄμπελος
2403 2747 2501 2801 καὶ
2531 2747 2671 2816 συκῆ
2715 2746 2921 2800 ἔδωκαν
2963 2746 3063 2816 τὴν
3108 2745 3261 2816 ίσχὺν
3305 2745 3502 2800 αὐτῶν.
3541 2764 3562 2799 ι
3609 2745 3711 2800 Ἐν

2115 2838 2475 2910 εὐφροσύναις
2503 2840 2601 2908 μὲν
2632 2835 2724 2893 οὖν
2755 2838 2908 2892 ἔσται
2933 2840 2966 2909 ἡ
3005 2838 3079 2907 γῆ
3110 2838 3200 2890 ἐπὶ
3226 2836 3303 2908 τῷ
3338 2836 3559 2908 μεγέθει
3586 2837 3706 2892 τῶν

2115 2930 2270 3000 παρά
2294 2929 2389 2984 τοῦ
2415 2930 2551 2985 Θεοῦ
2581 2932 2939 3003 γιγνομένων,
2968 2929 3302 3000 ἀπειληφυῖα
3328 2927 3436 2983 τῶν
3469 2923 3706 3002 καρπῶν

2116 3022 2224 3077 τῶν
2246 3022 2463 3075 οἰκείων
2488 3021 2588 3093 τὴν
2622 3023 2824 3092 φοράν·
2857 3019 3010 3074 οὐδὲν
3045 3016 3207 3091 ἦττον
3245 3020 3338 3073 καὶ
3374 3018 3444 3074 τά
3475 3019 3571 3074 τοῦ
3603 3038 3705 3074 πε-

2117 3113 2232 3167 δίου
2258 3115 2429 3185 κτήνη
2455 3114 2651 3184 δαψιλῆ
2679 3114 2779 3184 τῆς
2810 3113 2981 3183 νομῆς
3010 3111 3203 3184 ἔχοντα
3234 3112 3330 3185 τὴν
3358 3113 3659 3167 ἀπόλαυσιν
3682 3129 3700 3143 ·
3750 3098 3765 3107 ’

437 3198 811 3268 indigentibus
842 3214 928 3254 eo.
966 3217 984 3250 ι
1008 3197 1072 3253 Ει
1103 3198 1199 3255 ﬁlii
1234 3200 1441 3265 Sionis.
1470 3203 1703 3273 gaudete
1738 3202 2015 3275 atquelae-

2122 3207 2216 3260 καὶ
2250 3205 2387 3277 πρὸς
2426 3204 2599 3260 ἀπασί
2631 3222 2693 3273 γε
2730 3205 2813 3259 ὅτι
2843 3203 2937 3259 καὶ
2974 3205 3005 3257 ὁ
3044 3204 3108 3258 ὲκ
3148 3204 3256 3259 τῶν
3285 3204 3456 3269 ξύλων
3487 3205 3715 3277 καρπὸς,

437 3292 629 3346 tamini
655 3292 709 3345 in
730 3291 964 3348 Domino
987 3292 1098 3349 Deo
1123 3303 1329 3363 vestro,
1355 3290 1491 3367 quia
1513 3298 1663 3353 dedit
1688 3298 1843 3354 vobis
1862 3313 2020 3354 escas

436 3381 505 3435 ad
535 3381 829 3452 justitiam,
852 3384 1109 3454 pluetque
1134 3385 1287 3442 vobis
1327 3386 1559 3443 imbrem
1591 3389 1923 3442 matutinum
1955 3402 2020 3443 ac

437 3473 763 3539 serotinum,
807 3475 953 3531 sicut
999 3484 1183 3533 antea.
1220 3477 1287 3533 Et
1321 3479 1695 3551 implebuntur
1739 3496 1879 3537 area:
1906 3478 2021 3534 fru-

440 3576 649 3632 mento,
686 3575 743 3621 et
789 3568 1179 3627 redundabunt
1231 3571 1533 3626 toreularia
1578 3572 1706 3627 vino
1738 3581 1793 3627 et
1830 3574 1971 3628 oleo.
1995 3591 2013 3624 ι

437 3653 570 3723 Quae
592 3669 748 3711 antea
767 3657 907 3712 dixit
927 3668 1176 3730 ereptum
1198 3661 1290 3725 iri,
1313 3676 1375 3717 ea
1398 3676 1547 3717 nunc
1566 3663 1747 3718 danda
1765 3663 2016 3719 afﬁrmat.

436 3746 639 3803 Cuncti
683 3749 832 3803 enim
857 3750 951 3819 qui
1000 3753 1149 3806 circa
1190 3751 1412 3808 Sionem
1439 3761 1679 3810 montem
1718 3764 1849 3811 sunt
1882 3771 2019 3810 con—

436 3840 670 3911 gregati.
693 3850 751 3896 et
775 3844 1193 3899 convenientem
1233 3844 1346 3900 Deo
1374 3847 1583 3902 cultum
1612 3847 1895 3913 exhibent,
1927 3848 2019 3903 la:-

439 3932 546 3987 tari
566 3940 869 3998 merentur,
890 3935 1105 4006 frugum
1132 3936 1471 3993 abundantia
1488 3939 1668 4008 potiti,
1689 3954 1850 4009 quam
1870 3940 2020 4009 justo

440 4024 578 4093 ipsis
614 4033 971 4094 peccatorum
999 4042 1223 4083 suorum
1254 4028 1651 4098 paenitentibus
1682 4029 1826 4086 Deus
1858 4031 2014 4085 attri—

436 4113 594 4181 buit;
623 4115 829 4184 quibus
857 4117 1022 4170 etiam
1055 4117 1313 4172 imbrium
1336 4120 1714 4190 tempestivam
1746 4120 2019 4176 sufﬁcien-

437 4212 660 4273 temque
723 4220 949 4261 usuram
992 4206 1309 4274 exhibebit;
1366 4210 1506 4264 adeo
1557 4216 1617 4263 ut
1653 4210 2017 4280 germinantia

439 4292 640 4347 tellure
665 4294 901 4357 semina,
931 4301 986 4349 et
1019 4295 1287 4365 lignorum
1320 4297 1430 4368 82
1460 4297 1672 4355 fructus
1695 4301 1865 4354 multa
1891 4315 2015 4357 cum

440 4385 801 4441 exuberantia
834 4385 942 4442 illis
970 4388 1284 4443 obveniant.
1330 4407 1348 4440 ι
1370 4391 1438 4445 Et
1477 4389 1700 4446 reddam
1731 4390 1888 4446 vobis
1919 4406 2016 4445 an-

440 4491 544 4533 nos
582 4491 723 4547 quos
768 4477 1005 4533 comedit
1035 4479 1269 4545 locusta,
1319 4479 1581 4547 bruchus,
1608 4487 1663 4535 et
1712 4480 1927 4551 rubigo,
1960 4489 2013 4536 et

436 4583 635 4624 eruca:
695 4568 965 4625 fortitudo
1019 4584 1141 4625 inea
1187 4586 1383 4642 magna
1413 4587 1578 4642 quam
1625 4571 1751 4627 misi
1791 4571 1860 4626 ad
1892 4585 2010 4629 vos.

437 4659 504 4713 Et
532 4660 838 4716 comedetis
873 4669 1180 4729 vescentes,
1205 4670 1260 4717 et
1290 4663 1696 4727 saturabimini,
1734 4670 1788 4717 et
1826 4663 2015 4718 lauda-

436 4751 569 4807 bitis
590 4765 791 4807 nomen
814 4751 910 4806 Dei
932 4754 1122 4818 vestri,
1151 4754 1246 4823 qui
1271 4753 1401 4809 fecit
1421 4753 1689 4808 mirabilia
1708 4753 2013 4822 vobiscum;

434 4850 492 4898 et
526 4857 637 4898 non
666 4841 1039 4898 confundetur
1067 4845 1299 4914 pepulus
1326 4859 1482 4900 meus
1510 4844 1566 4899 in
1597 4848 2012 4914 sempiternum.

436 4932 505 4988 Et
533 4934 879 5005 cognoscetis
926 4933 1057 5004 quia
1091 4934 1146 4988 in
1176 4928 1599 4992 medio'lsraelis
1629 4950 1733 5007 ego
1752 4951 1905 4990 sum:
1960 4943 2013 4990 et

435 5037 538 5095 ego
563 5024 832 5082 Dominus
870 5024 1014 5082 Deus
1045 5032 1248 5092 vester,
1283 5035 1341 5082 et
1386 5042 1496 5082 non
1522 5039 1606 5083 est
1643 5029 1784 5083 alius
1820 5035 2016 5098 praeter

438 5129 546 5171 me.
606 5114 672 5170 Et
730 5133 840 5173 non
891 5116 1264 5173 confundetur
1310 5119 1451 5174 ultra
1476 5121 1710 5190 populus
1751 5136 1905 5178 meus
1958 5121 2015 5177 in

437 5205 856 5273 sempiternum.
881 5226 901 5259 ι
939 5207 1153 5274 Quanta
1177 5209 1346 5280 igitur
1364 5208 1434 5265 de
1456 5212 1789 5268 necessariis
1825 5226 2016 5281 super-

435 5294 720 5353 venientes
734 5298 921 5355 hostes
942 5302 1094 5355 varie
1114 5314 1180 5355 ac
1193 5300 1551 5358 multifariam
1569 5303 2016 5374 consumpserint

434 5382 609 5453 (patet
637 5387 780 5441 enim
820 5389 1044 5445 locusta
1067 5392 1405 5459 nominibus,
1440 5407 1506 5449 ac
1530 5394 1747 5460 bruchi,
1777 5405 1833 5450 et
1856 5395 2007 5450 rubi-

436 5477 602 5545 gtnts,
644 5485 700 5535 et
730 5470 931 5544 erucae,
969 5480 1157 5536 hostes
1198 5483 1474 5555 denotari)
1508 5485 1736 5541 totidem
1766 5500 1869 5556 ego
1916 5501 2007 5543 re-

436 5566 684 5633 stituam,
717 5575 777 5622 ut
807 5568 889 5623 sic
910 5584 1008 5625 vos
1029 5570 1236 5625 lautum
1260 5574 1519 5631 habentes
1546 5575 1794 5629 datarum
1822 5591 2005 5631 rerum

436 5669 617 5727 usum,
671 5659 886 5715 debitos
937 5660 1252 5719 retribuatis
1307 5664 1413 5720 Deo
1469 5665 1724 5737 hymnos,
1784 5675 2004 5737 propter

594 5809 625 5817 α

2118 3293 2348 3365 δαψιλὴς
2398 3296 2697 3369 παρέχεται
2733 3295 2844 3357 τοῖς
2882 3292 3175 3363 δεομένοις.
3212 3310 3233 3347 ι
3276 3294 3386 3348 Καὶ
3423 3292 3493 3348 τὰ
3533 3294 3701 3351 τέκνα

2119 3383 2278 3449 Σιὼν,
2309 3386 2562 3457 χαίρετε,
2601 3384 2697 3439 καὶ¹
2722 3383 3078 3457 εὐφραίνεσθε
3121 3385 3213 3440 επὶ
3237 3383 3316 3455 τῷ
3345 3385 3536 3457 Κυρίῳ
3574 3385 3700 3456 Θεῷ

2120 3475 2307 3547 ὐμῶν·
2353 3475 2661 3530 ὃτιξδωκεν
2710 3475 2838 3545 ὑμῖν
2886 3473 3149 3547 βρώματα
3193 3477 3273 3539 εἰς
3319 3475 3696 3547 δικαιοσύνην*

2119 3567 2211 3619 καὶ
2249 3565 2432 3639 βρὲξει
2473 3567 2601 3637 ὑμῖν
2649 3565 2804 3619 ὐετὺν
2840 3565 3087 3637 πρώῐμον
3135 3567 3230 3620 καί
3272 3564 3469 3637 ὄψιμον
3513 3565 3699 3630 καθὼς

2119 3655 2427 3728 ἔμπροσθεν
2447 3672 2461 3687 ο
2512 3656 2605 3710 καὶ
2641 3655 3041 3728 πλησθήσονται
3072 3657 3130 3711 αἱ
3158 3657 3364 3721 ἀλωνες
3402 3658 3571 3723 σίτου,
3603 3656 3704 3712 καὶ

2120 3746 2654 3820 ὐπερεκχυθήσονται
2698 3747 2754 3800 αἱ
2805 3747 2955 3818 ληνοὶ
2997 3748 3141 3802 οἴνου
3194 3748 3288 3801 καὶ
3327 3747 3528 3802 ελαίου.
3565 3767 3584 3802 ι
3626 3751 3697 3801 Ἀ

2118 3838 2231 3912 γὰρ
2260 3841 2319 3892 ὲν
2348 3841 2463 3901 τοῖς
2494 3836 2787 3908 ἀνωτέροις
2819 3834 2972 3890 εἶπεν
3013 3838 3327 3910 ἀφῃρῆσθαι
3347 3874 3367 3903 ,
3394 3837 3567 3892 ταῦτα
3598 3837 3701 3891 νῦν

2120 3929 2468 3987 ἀποδίδοσθαι
2514 3929 2698 3999 λέγει’
2736 3929 2935 3993 πάντες
2966 3930 3095 4002 γὰρ,
3132 3930 3328 4001 φησὶν,
3366 3932 3417 3983 οἱ
3460 3928 3591 3998 περὶ
3631 3929 3697 3983 τὸ

2120 4022 2258 4076 Σιὼν
2299 4021 2425 4090 ὅρος
2457 4019 2836 4091 συλλεγόμενοι
2870 4037 2952 4086 τε,
2986 4021 3081 4075 καὶ
3108 4020 3206 4092 τὴν
3235 4021 3582 4092 καθήκουσαν
3613 4018 3695 4088 τῷ

2117 4111 2237 4182 Θεῷ
2262 4108 2594 4182 πληροῦντες
2634 4109 2933 4182 θεραπείαν
2953 4150 2969 4177 ,
3004 4111 3201 4166 δίκαιοι
3230 4107 3339 4165 εἷεν
3365 4110 3432 4165 ἂν
3463 4111 3694 4182 εὐφραίδ

2117 4201 2303 4257 νεσθαι
2325 4241 2340 4266 ,
2375 4200 2473 4272 τὴν
2515 4201 2777 4272 ἀφθονίαν
2804 4220 2864 4257 τε
2897 4203 3006 4258 τῶν
3040 4205 3266 4275 καρπῶν
3307 4202 3692 4271 ἀπολαϐόντες,

2119 4291 2195 4362 (p.
2239 4291 2363 4363 124)
2394 4293 2459 4363 ἢν
2487 4292 2712 4357 δικαίως
2741 4294 2922 4359 αὐτοῖς
2959 4296 3417 4369 μεταμεληθεϊσιν
3447 4297 3591 4369 ὑπὲρ
3615 4290 3691 4351 ὧν

2115 4384 2360 4456 ἥμαρτον
2391 4384 2744 4457 παρέσχηκεν
2775 4388 2805 4440 ὁ
2836 4387 2989 4451 Θεὸς,
3026 4389 3120 4441 καὶ
3151 4390 3233 4443 ὅτι
3261 4389 3370 4445 τῶν
3396 4390 3570 4444 ὑετῶν
3593 4390 3693 4445 αύ-

2048 4527 2089 4582 D
2117 4480 2228 4582 τοῖς
2264 4475 2520 4547 εὐκαιρον
2564 4478 2659 4531 καὶ
2700 4478 2947 4551 αὐτάρκη
2991 4480 3285 4549 παρέξεται
3327 4482 3426 4551 τὴν
3464 4480 3685 4553 χρείαν·

2119 4566 2257 4621 ὥστε
2290 4568 2386 4623 καὶ
2416 4568 2486 4622 τὰ
2529 4571 2597 4623 ὲκ
2624 4571 2726 4641 γῆς
2766 4571 3013 4641 φυόμενα
3044 4572 3153 4626 τῶν
3198 4574 3527 4646 σπερμάτων
3547 4616 3562 4640 ,
3597 4575 3690 4628 καὶ

2115 4662 2240 4723 τοὺς
2261 4661 2324 4713 ὲκ
2356 4659 2528 4725 ξύλων
2561 4664 2829 4734 καρποὺς,
2862 4664 3002 4735 μετά
3029 4665 3231 4736 πολλῆς
3260 4668 3445 4732 αὐτοῖς
3472 4670 3691 4738 προσγίο

2114 4750 2297 4805 νεσθαι
2334 4752 2436 4822 τῆς
2480 4754 2816 4824 περιουσίας.
2865 4772 2884 4805 ι
2944 4756 3053 4810 Καὶ
3094 4757 3376 4811 ἀνταποδῶ
3410 4760 3540 4829 ὑμῖν
3571 4760 3686 4814 ἀντὶ

2112 4840 2219 4895 τῶν
2254 4841 2393 4896 ἐτῶν
2419 4835 2495 4897 ὧν
2522 4844 2830 4913 κατέφαγεν
2861 4845 2895 4917 ἡ
2929 4847 3092 4916 ἀκρίς
3124 4847 3220 4900 καὶ
3261 4848 3290 4899 ὁ
3324 4846 3553 4920 βροῦχος
3596 4848 3687 4902 καὶ

2112 4934 2145 5002 ἡ
2194 4933 2418 5004 έρυσίϐη
2458 4935 2553 4988 καὶ
2589 4938 2621 5006 ἡ
2669 4935 2900 5008 κάμπη,
2933 4939 2966 5010 ἠ
3008 4936 3233 5008 δύναμίς
3268 4956 3370 5009 μου
3408 4941 3440 5010 ἡ
3479 4940 3683 5008 μεγάλη

2111 5024 2178 5095 ἢν
2221 5022 2579 5091 ἐξαπέστειλα
2607 5029 2689 5091 είς
2736 5031 2912 5101 ὑμᾶς·
2964 5032 3059 5085 καὶ
3100 5031 3340 5101 φάγεσθε
3395 5031 3682 5095 ἐσθίοντες,

2112 5117 2207 5171 καὶ
2262 5118 2734 5191 ἔμπλησθήσεσθε,
2788 5123 2883 5176 καὶ
2938 5124 3180 5178 αἱνέσετε
3238 5123 3301 5179 τδ
3348 5124 3523 5195 δνομα
3572 5125 3681 5176 Κυ-

2113 5210 2228 5283 ρίου
2277 5211 2371 5265 τοῦ
2404 5212 2539 5266 Θεοῦ
2575 5214 2763 5284 ὑμῶν,
2806 5216 2865 5280 ὃς
2908 5217 3131 5287 εποίησε
3175 5217 3293 5288 μεθ’
3343 5218 3496 5288 ὑμῶν
3549 5216 3681 5271 Gau-

2116 5302 2314 5371 μάσια·
2355 5304 2452 5357 καὶ
2479 5305 2543 5357 οὐ
2590 5306 2662 5376 μὴ
2694 5310 3063 5381 καταισχυνθῇ
3098 5311 3128 5363 ὁ
3167 5309 3293 5373 λαός
3342 5325 3446 5380 μου
3484 5312 3566 5373 είς
3597 5310 3680 5363 τὸν

2113 5394 2317 5449 αίῶνα·
2382 5397 2477 5449 καὶ
2519 5398 2888 5466 ἐπιγνώσεσθε
2928 5403 3010 5456 ὅτι
3047 5404 3105 5457 ὲν
3147 5402 3298 5475 μέσῳ
3329 5403 3424 5457 τοῦ
3470 5402 3678 5473 Ἰσραὴλ

2113 5484 2226 5553 ἐγώ
2267 5488 2384 5557 ειμι
2408 5503 2422 5518 ο
2459 5489 2552 5542 καὶ
2580 5489 2691 5558 ἐγὼ
2735 5492 2938 5562 Κύριος
2984 5495 3013 5547 ὁ
3052 5493 3185 5559 Θεὸς
3222 5495 3397 5566 ὑμῶν,
3440 5494 3537 5549 καὶ
3585 5493 3679 5547 οὐκ

2114 5576 2261 5630 ἔστιν
2286 5578 2366 5631 ἔτι
2393 5579 2531 5651 πλὴν
2560 5582 2692 5652 ἐμοῦ
2716 5601 2729 5614 ·
2767 5584 2858 5637 καὶ
2891 5586 2952 5637 οὐ
2990 5586 3063 5656 μὴ
3090 5586 3456 5658 καταισχυνθῇ
3486 5587 3515 5639 ό
3558 5584 3678 5645 λαός

2119 5684 2220 5737 μου
2251 5668 2329 5722 ἔτι
2354 5672 2433 5734 είς
2459 5672 2547 5727 τὸν
2576 5672 2762 5728 αίῶνα.
2802 5694 2819 5727 ι
2858 5677 3061 5732 Ὁπόσα
3086 5678 3264 5733 τοίνυν
3300 5676 3678 5747 ἐπεληλυθότες
