3966 6134
216 233 303 289 229

1207 241 1760 302 COMMENTARIUS
1794 246 1862 302 IN
1897 247 2128 308 JOELIS
2161 253 2312 309 CAP.
2340 253 2403 310 il.

3390 254 3498 309 230

218 356 262 409 ei
284 348 532 420 πολέμιοι
558 349 676 402 τῶν
700 351 1103 422 προσηκόντων
1128 353 1519 409 κατανάλωσαν
1541 357 1792 428 διαφόρως

1910 356 2142 432 grandia
2197 378 2262 418 ac
2309 365 2584 421 mirabilia
2631 381 2755 437 quas
2795 370 2965 424 vestri
3013 385 3181 429 causa
3231 380 3488 447 patravit.

217 464 268 501 τε
292 446 388 498 καὶ
416 440 689 507 ποικίλως
712 460 727 472 ο
766 441 999 516 εὔδηλον
1036 445 1146 517 γὰρ
1173 447 1255 499 ὅτι
1300 448 1499 519 ἀκρίδα
1525 450 1621 503 καὶ
1651 449 1809 520 βροῦ-

215 558 298 610 χον
334 537 433 590 καὶ
481 534 754 607 ἐρυσίϐην
796 538 892 590 καὶ
939 536 1170 609 κάμπην
1210 538 1383 592 ταῦτα
1422 540 1608 593 καλεῖ·
1638 539 1808 594 ταῦτα

216 628 334 696 ὑμῖν
376 630 852 698 ἀποκαταστήσω,
904 628 1048 683 ὥστε
1084 631 1228 700 ὑμᾶς
1279 630 1544 684 πλουσίαν
1585 632 1809 702 ἔχοντας

214 719 313 769 τῶν
338 718 646 788 δεδομένων
681 720 787 791 τὴν
824 721 1161 784 ἀπόλαυσιν,
1191 723 1574 794 ὀφειλομένους
1617 727 1806 779 ἀποδι·

215 811 353 863 δύναι
383 809 461 879 τῷ
487 810 614 880 Θεῷ
646 811 777 874 τοὺς
806 811 1035 882 ὕμνους,
1076 814 1214 884 ὑπὲρ
1241 808 1316 866 ὧν
1345 815 1409 885 δὴ
1439 815 1687 886 μεγάλων
1714 819 1808 871 καὶ

1905 452 2137 524 Jamque
2168 469 2269 510 vos
2298 456 2507 514 diutius
2538 474 2649 514 non
2689 460 3051 525 erubescetis,
3090 468 3246 534 quasi
3284 469 3493 539 absque

1908 545 2111 598 auxilio
2137 561 2165 598 a
2191 558 2278 600 me
2308 546 2580 616 destituti,
2608 550 2663 604 in
2700 551 2972 620 ejusmodi
3001 566 3273 614 aerumnas
3305 560 3491 615 incur-

1908 634 2090 689 reritis
2113 653 2125 689 :
2160 636 2483 709 plenamque
2509 643 2761 710 poteritis
2795 659 2859 698 ex
2885 632 3050 701 rebus
3077 648 3211 718 ipsis
3238 653 3482 706 notitiam

1906 741 2122 797 capere,
2170 744 2256 784 me
2295 730 2439 785 inter
2466 748 2565 788 vos
2587 738 2820 803 versari,
2864 739 2959 807 qui
2990 754 3184 810 reapse
3218 741 3486 799 Dominus

1906 828 2086 873 vester
2114 828 2167 875 et
2190 829 2340 875 tutor
2370 824 2523 878 solus
2547 841 2692 883 sum.

219 906 543 977 θαυμαστῶν
569 907 878 977 πεποίηκεν
903 908 983 970 είς
1015 909 1185 978 ὑμᾶς·
1215 907 1291 972 ὡς
1324 909 1517 979 μηκέτι
1543 911 1641 981 μὲν
1662 911 1807 981 ὑμᾶς
1844 911 2194 981 αἰσχύνεσθαι
2231 915 2315 983 ἐφ’
2339 910 2420 976 οἷς
2448 915 2739 988 ἀϐοήθητοι
2784 922 2913 990 παρ’
2940 922 3071 992 ἐμοῦ
3114 925 3488 997 μεμενήκατε,

215 998 487 1061 τοσούτοις
516 997 1013 1068 περιπεπτωκότες
1039 1002 1259 1062 κακοῖς·
1288 1000 1375 1069 (p.
1406 1000 1543 1070 H5)
1573 1001 1777 1072 ἀκριδῆ
1806 1000 1863 1053 δὲ
1891 1001 2152 1056 δῦνασθαι
2199 1005 2340 1074 ὑμᾶς
2369 1006 2427 1071 ἐξ
2455 1007 2632 1061 αὐτῶν
2659 1009 2765 1062 τῶν
2795 1012 3136 1081 πραγμάτων
3170 1012 3353 1068 λαϐεῖν
3383 1016 3487 1088 τὴν

216 1093 539 1160 ἐπίγνωσιν,
576 1092 659 1144 ὅτι
693 1092 754 1143 ἐν
794 1090 923 1161 ὑμῖν
958 1091 1076 1162 εἶμι
1097 1108 1111 1121 ⁸
1139 1091 1235 1146 ἁτε
1262 1094 1356 1145 καὶ
1382 1092 1646 1165 δεσπότης
1677 1093 1830 1162 ὑμῶν
1854 1096 1949 1148 καὶ
1979 1096 2232 1167 κηδεμὼν
2270 1098 2430 1167 μόνος
2461 1100 2739 1170 ὑπάρχων.

278 1185 431 1255 Στίχ.
474 1182 700 1254 κη’-λβ’.
728 1212 801 1223 —-
847 1203 866 1235 ι
903 1184 1016 1237 Καὶ
1048 1185 1199 1238 ἔσται
1247 1185 1385 1255 μετὰ
1412 1186 1585 1240 ταῦτα
1627 1187 1804 1258 ἐκχεῶ

210 1277 316 1331 ἀπὸ
340 1275 439 1328 τοῦ
468 1274 793 1345 Πνεῦματός
826 1292 929 1346 μου
964 1275 1059 1328 ἐπὶ
1087 1278 1265 1330 πᾶσαν
1296 1277 1505 1348 σάρκα·
1539 1280 1635 1332 καὶ
1674 1296 1803 1349 προ-

212 1366 585 1438 φητεύσουσιν
618 1367 669 1419 οἱ
700 1367 809 1418 υἱοὶ
837 1366 932 1418 καὶ
975 1368 1033 1418 αἱ
1060 1365 1357 1438 Θυγατέρες
1408 1365 1559 1438 ὑμῶν
1579 1407 1595 1432 ,
1626 1369 1720 1422 καὶ
1749 1370 1801 1422 οἱ

211 1458 581 1530 πρεσδύτεροι
611 1455 768 1526 ὑμῶν
813 1457 1089 1520 ἐνυπνίοις
1125 1456 1669 1528 ἐνυπνιασθήσονται·
1707 1459 1801 1513 καὶ

210 1554 261 1605 οἱ
291 1549 574 1604 νεανίσκοι
608 1548 763 1619 ὑμῶν
792 1548 1013 1618 ὁράσεις
1052 1548 1301 1617 ὖψονται·
1330 1550 1423 1603 καί
1461 1568 1523 1619 γε
1561 1552 1652 1605 ἐπὶ
1674 1551 1800 1615 τοὺς

208 1644 430 1706 δούλους
461 1660 573 1712 μου
597 1641 695 1693 καὶ
719 1640 812 1693 ἐπὶ
837 1640 939 1703 τὰς
968 1640 1161 1705 δούλας
1193 1659 1293 1711 μου
1322 1644 1378 1695 ἐν
1415 1644 1535 1706 ταῖς
1564 1643 1799 1715 ἡμέραις

215 1737 454 1798 ἐκείναις
480 1732 663 1804 ἐκχεῶ
692 1734 797 1785 ἀπὸ
820 1732 915 1786 τοῦ
950 1732 1263 1804 Πνεῦματός
1294 1752 1415 1804 μου,
1463 1736 1556 1789 καὶ
1585 1752 1797 1806 προφηο

209 1828 491 1881 τεῦσουσι·
528 1826 625 1878 καὶ
657 1824 812 1876 δώσω
856 1823 1061 1894 τέρατα
1104 1826 1161 1876 ἐν
1208 1824 1286 1895 τῷ
1315 1825 1528 1897 οὐρανῷ
1575 1827 1666 1879 καὶ
1704 1824 1796 1879 ἐπὶ

210 1922 302 1988 τῆς
341 1917 475 1988 γῆς,
512 1911 657 1985 αἷμα
683 1916 777 1968 καὶ
808 1915 920 1985 πῦρ
953 1916 1049 1969 καὶ
1083 1916 1282 1986 ἀτμίδα
1314 1915 1522 1971 καπνοῦ
1541 1933 1558 1950 ο
1585 1918 1614 1969 ὁ
1645 1916 1791 1988 ἥλιος

213 2009 729 2080 μεταστραφήσεται
757 2008 836 2069 είς
866 2008 1076 2071 σκότος,
1109 2008 1201 2061 καὶ
1230 2009 1263 2078 ἡ
1296 2008 1493 2079 σελήνη
1524 2011 1603 2074 είς
1632 2006 1790 2079 αἷμα,

209 2102 337 2171 πρὶν
384 2099 569 2152 ἐλθεῖν
601 2098 702 2168 τὴν
746 2097 960 2168 ἡμέραν
1012 2099 1219 2169 Κυρίου
1264 2098 1363 2169 τὴν
1402 2100 1648 2171 μεγάλην
1698 2101 1793 2155 καὶ

208 2191 448 2262 ἐπιφανῆ
472 2207 487 2220 '
516 2190 617 2243 καὶ
638 2189 787 2242 ἔσται
811 2190 919 2252 πᾶς
942 2189 1001 2254 ὃς
1026 2189 1092 2242 ἂν
1122 2190 1512 2261 ἐπικαλέσηται
1542 2192 1602 2246 τὸ
1625 2192 1793 2263 ὄνομα

208 2284 438 2357 Κυρίου,
473 2280 786 2352 σωθήσεται
813 2296 827 2310 ·
860 2281 940 2335 ὅτι
980 2282 1038 2333 ἐν
1068 2281 1146 2351 τῷ
1183 2282 1298 2353 ὄρει
1330 2282 1466 2337 Σιὼν
1492 2286 1583 2338 καὶ
1605 2287 1662 2337 ἐν
1696 2286 1791 2338 Ἱε-

212 2374 500 2445 ρουσαλὴμ
528 2372 686 2425 ἔσται
714 2372 1150 2442 ἀνασωζόμενος,
1180 2374 1370 2427 καθότι
1399 2370 1519 2427 εἷπε
1553 2375 1786 2446 Κύριος·

208 2468 298 2519 καὶ
336 2463 825 2539 εὐαγγελιζόμενοι
878 2462 972 2526 οὓς
1025 2464 1230 2534 Κύριος
1287 2465 1715 2537 προσκέκληται.
1766 2485 1785 2520 ι

207 2557 439 2629 Παρέξω
473 2555 545 2626 δὴ
583 2555 756 2619 πᾶσι,
807 2555 960 2623 φησὶ,
1008 2556 1269 2609 πλουσίαν
1320 2557 1415 2628 τὴν
1462 2558 1789 2629 κηδεμονίαν

207 2650 300 2721 τὴν
331 2649 478 2719 ἐμήν
498 2664 513 2676 ·
542 2645 704 2700 τοῦτο
730 2646 840 2717 γὰρ
866 2647 1013 2714 λέγει
1034 2647 1094 2699 τὸ
1124 2667 1142 2700 ι
1170 2649 1342 2719 ἐκχεῶ
1366 2649 1473 2702 ἀπὸ
1499 2648 1591 2703 τοῦ
1619 2648 1791 2703 Πνεῦ-

211 2741 379 2809 ματός
417 2756 524 2806 μου
545 2756 559 2769 ·
601 2757 621 2790 ι
664 2737 775 2789 τῶν
790 2738 881 2791 ἐπὶ
900 2738 998 2810 τῆς
1016 2736 1257 2803 Παλαιᾶς
1275 2738 1543 2809 Διαθήκης
1565 2738 1792 2810 Πνεῦμα

212 2832 305 2900 μὲν
336 2830 495 2898 ἅγιον
524 2827 810 2897 μοναδικδν
838 2829 895 2881 ἐν
922 2828 1216 2881 ὑποστάσει
1240 2829 1660 2900 κεχωρισμένως
1680 2830 1790 2883 τῶν

209 2922 431 2982 λοιπῶν,
451 2919 593 2973 Θεοῦ
617 2936 679 2971 τε
699 2918 760 2971 δν
781 2918 875 2972 καὶ
896 2920 962 2971 ἐκ
981 2918 1115 2971 Θεοῦ
1144 2920 1242 2971 οὐκ
1262 2920 1633 2989 ἐπισταμένων
1652 2918 1785 2990 (17)·

1975 1188 2139 1245 Vens.
2165 1190 2356 1248 28-32.
2383 1224 2450 1235 --
2485 1214 2502 1244 ι
2527 1195 2591 1249 Et
2614 1198 2719 1249 erit
2750 1208 2871 1265 post
2903 1198 3055 1252 hwc:
3093 1198 3380 1255 Ell'undam
3412 1202 3482 1258 de

1902 1281 2105 1352 Spiritu
2132 1299 2251 1338 meo
2273 1299 2440 1356 super
2460 1302 2676 1341 omnem
2701 1302 2920 1344 carnem
2945 1306 2960 1355 ;
2992 1299 3041 1343 et
3070 1295 3480 1362 prephetabuut

1898 1373 1993 1427 lilii
2049 1374 2219 1429 vestri
2266 1383 2321 1431 et
2370 1375 2494 1431 lilia:
2544 1387 2771 1434 vestrae:
2834 1396 2995 1436 senes
3048 1385 3211 1438 vestri
3262 1388 3477 1442 somnia

1905 1456 2283 1524 somniabunt,
2305 1468 2359 1513 et
2373 1459 2602 1529 juvenes
2621 1464 2788 1518 vestri
2809 1464 3050 1521 visiones
3069 1467 3347 1523 videbunt.
3367 1468 3474 1527 Sed

1902 1552 1955 1599 et
1978 1560 2146 1616 super
2175 1562 2368 1605 servos
2389 1565 2541 1607 meos
2561 1562 2614 1607 et
2639 1555 2872 1611 ancillas
2898 1572 3047 1614 meas
3073 1559 3126 1613 in
3145 1559 3339 1615 diebus
3366 1564 3473 1621 illis

1900 1634 2174 1693 eﬂ'undam
2207 1639 2275 1695 de
2310 1640 2513 1711 Spiritu
2563 1661 2701 1712 meo,
2729 1654 2782 1699 et
2801 1650 3307 1720 prephetabunt.Et
3334 1656 3476 1713 dabo

1900 1728 2149 1798 prodigia
2202 1731 2255 1785 in
2288 1734 2428 1787 caelo
2478 1742 2531 1790 et
2570 1752 2736 1805 super
2785 1746 3006 1808 terram,
3051 1746 3373 1815 sanguinem
3418 1756 3473 1803 et

1898 1818 2078 1888 ignem
2103 1829 2157 1875 et
2186 1837 2439 1892 vaporem
2473 1823 2630 1882 l‘umi.
2650 1824 2742 1880 Snl
2767 1841 3119 1886 convertetur
3139 1834 3193 1888 in
3218 1838 3471 1894 tenebras

1896 1920 1950 1968 et
1973 1915 2099 1968 luna
2120 1914 2173 1968 in
2212 1917 2863 1990 sanguinem,antequam
2906 1924 3086 1977 veniat
3115 1926 3231 1981 dies
3254 1926 3467 1983 Domini

1896 2019 2128 2075 magnus
2157 2013 2212 2060 et
2241 2005 2493 2060 illustris.
2527 2007 2591 2062 Et
2613 2010 2717 2066 erit
2747 2031 2760 2067 :
2788 2014 2969 2070 omnis
3002 2016 3094 2086 qui
3130 2016 3468 2074 invocaverit

1894 2110 2091 2150 nomen
2125 2094 2359 2163 Domini,
2394 2099 2723 2169 salvahitur;
2752 2104 2879 2173 quia
2916 2105 2969 2159 in
3014 2115 3196 2163 monte
3218 2107 3382 2165 Sione
3410 2118 3465 2165 et

1893 2185 1948 2240 in
1984 2185 2323 2242 Hierusalem
2359 2191 2541 2245 salvus
2575 2191 2700 2258 erit,
2736 2195 2878 2248 sicut
2911 2195 3372 2257 dixitDominus:
3409 2212 3465 2258 et

1891 2277 2248 2347 evangelizati
2290 2293 2430 2348 quos
2471 2278 2735 2338 Dominus
2773 2287 3071 2342 vocaverit.
3125 2308 3145 2339 ι
3182 2288 3461 2347 Prazstabo

1890 2368 2126 2434 cunctis,
2162 2368 2358 2439 inquit,
2386 2371 2617 2439 amplam
2652 2378 2873 2431 tutelam
2896 2392 3103 2434 meam:
3134 2379 3347 2437 idenim
3374 2384 3465 2440 de-

1890 2466 2082 2514 notant
2102 2462 2286 2524 verba,
2323 2480 2340 2511 ι
2372 2462 2646 2518 effundam
2682 2467 2747 2521 de
2771 2465 2977 2537 Spiritu
2997 2486 3138 2528 meo.
3166 2491 3187 2525 ι
3222 2474 3461 2531 Caetero-

1888 2551 1982 2620 qui
2012 2551 2122 2622 83
2151 2551 2254 2607 sub
2281 2551 2475 2609 Vetere
2502 2553 2853 2613 Testamento
2874 2561 3189 2617 nesciebant
3211 2564 3462 2621 homines

1894 2639 2163 2711 Spiritum
2217 2652 2469 2698 sanctum
2508 2644 2563 2699 in
2611 2661 2841 2715 persona
2891 2649 3108 2718 prepria
3145 2650 3464 2705 distinctum

1855 2750 1923 2812 διι
1952 2734 2187 2799 czeteris,
2233 2732 2326 2790 Dei
2360 2734 2649 2806 Spiritum,
2692 2745 2747 2793 et
2781 2753 2849 2793 ex
2884 2736 3027 2794 Deo:
3075 2743 3168 2796 sed
3201 2741 3465 2812 Spiritum

1891 2826 2006 2891 Dei,
2072 2835 2125 2881 et
2183 2824 2452 2896 Spiritum
2516 2836 2791 2892 sanctum,
2846 2837 2902 2884 et
2952 2831 3113 2885 aliam
3168 2835 3468 2903 quamlibet

1891 2915 2205 2985 hujusmodi
2239 2918 2679 2988 appellationem,
2718 2933 2818 2989 pro
2848 2917 2944 2974 Dei
2979 2922 3156 2991 gratia
3198 2931 3251 2976 et
3282 2923 3467 2993 provi-

208 3013 430 3082 Πνεῦμα
461 3013 621 3080 ἅγιον
657 3009 750 3064 καὶ
776 3012 882 3063 πᾶν
913 3011 942 3063 ὃ
968 3028 1020 3063 τι
1055 3010 1116 3081 δή
1150 3027 1278 3063 ποτε
1308 3011 1535 3075 τοιοῦτο,
1566 3011 1662 3083 τὴν
1695 3013 1791 3083 χά-

1895 3009 2072 3063 tientia
2091 3016 2254 3080 atque
2276 3009 2473 3064 aﬂ‘ectu
2503 3011 2878 3081 accipiebant:
2911 3010 3057 3067 sicut
3080 3014 3317 3068 animam
3340 3030 3466 3070 cum

209 3122 289 3174 ριν
327 3102 499 3156 αὐτοῦ
530 3102 625 3154 καὶ
668 3100 768 3171 τὴν
796 3100 1120 3170 κηδεμονίαν
1158 3102 1253 3154 καὶ
1295 3101 1393 3171 τὴν
1423 3100 1656 3156 διάθεσιν
1685 3120 1786 3156 κα-

206 3195 463 3249 λούντων·
493 3194 570 3256 ὼς
594 3192 693 3245 καί¹
715 3191 890 3260 ψυχὴν
908 3191 985 3244 ὅτ’
1007 3191 1072 3244 ἂν
1099 3192 1190 3244 ἐπὶ
1215 3191 1349 3244 Θεοῦ
1377 3191 1531 3263 λέγῃ,
1559 3193 1632 3263 (ρ.
1662 3193 1784 3265 126)

213 3306 230 3337 ι
268 3285 388 3348 Τὰς
424 3284 719 3355 νεομηνίας
750 3282 901 3351 ὑμῶν
939 3281 1036 3335 καὶ
1063 3281 1132 3334 τὰ
1172 3283 1415 3336 σάδόατα
1439 3284 1592 3353 ὑμῶν
1644 3286 1788 3355 μισεῖ

209 3379 239 3444 ἡ
264 3377 415 3447 ψυχή
446 3392 553 3446 μου
574 3392 589 3404 ·
626 3392 644 3425 ι
670 3371 770 3443 τὴν
797 3370 1037 3425 διάθεσιν
1069 3371 1176 3443 γὰρ
1204 3371 1351 3440 λέγει
1372 3372 1497 3426 καθ’
1521 3374 1588 3444 ἦν
1609 3374 1787 3444 ἐμίσει

210 3470 301 3533 τὴς
329 3470 561 3539 ἑορτάς·
586 3466 830 3520 τοιοῦτόν
864 3467 1012 3531 ἐστι,
1048 3483 1066 3516 ι
1104 3465 1177 3518 Τὸ
1203 3462 1426 3535 Πνεῦμά
1452 3483 1544 3519 σου
1567 3466 1626 3519 τὸ
1648 3468 1787 3534 ἀγα-

212 3561 295 3613 δὸν
325 3559 591 3630 ὁδηγήσει
621 3573 688 3626 με
715 3558 773 3608 ἐν
797 3556 868 3628 γῇ
896 3554 1113 3626 εὐθείᾳ·
1159 3574 1177 3606 ι
1209 3555 1503 3626 κηδόμενος
1527 3555 1634 3625 γάρ
1662 3571 1785 3625 μου,

209 3649 359 3719 φησὶ,
388 3646 482 3701 διὰ
509 3644 712 3714 πολλὴν
737 3644 1048 3712 ἀγαθότητα
1081 3642 1337 3714 παρέξεις
1372 3640 1546 3696 ταῦτα
1564 3661 1577 3673 ·
1613 3642 1788 3696 τοιοῦ-

209 3741 291 3793 ab
326 3741 448 3791 ἐστι
493 3736 581 3802 τὸ,
626 3753 647 3788 ι
693 3735 920 3805 Πνεῦμα
964 3750 1058 3788 σου
1090 3734 1152 3787 τὸ
1180 3735 1335 3802 ἅγιον
1382 3734 1455 3805 μὴ
1494 3733 1788 3805 ἀντανέλῃς

210 3832 298 3884 ἀπ’
336 3828 475 3901 ἐμοῦ
496 3845 513 3858 ο
550 3845 571 3880 ι
604 3827 693 3880 ἶνα
731 3827 880 3900 εἴπῃ,
914 3827 1026 3897 Τὴν
1056 3826 1184 3896 περὶ
1226 3824 1325 3894 ἐμὲ
1358 3824 1682 3895 κηδεμονίαν
1714 3827 1787 3896 μὴ

210 3920 448 3989 ἀφέλῃς·
476 3917 578 3971 καὶ
602 3917 706 3969 ὅσα
738 3915 983 3981 τοιαῦτα,
1010 3914 1096 3966 ἵνα
1129 3913 1201 3985 μὴ
1232 3914 1563 3984 μηκύνωμεν
1593 3916 1674 3977 εἰς
1700 3915 1791 3967 οὐ·

213 4010 296 4063 ὁὲν
328 4012 450 4063 δέον
476 4009 578 4079 τὴν
606 4008 827 4078 Γραφήν
853 4025 866 4038 ·
898 4003 1109 4060 τοιοῦτο
1132 4006 1195 4076 δή
1221 4022 1273 4057 τι
1298 4004 1577 4058 κάνταῦθά
1602 4022 1787 4075 φησιν,

213 4100 293 4153 ὅτι
312 4104 479 4157 Οῦτω
499 4100 763 4152 πλουσίαν
785 4099 906 4151 τότε
936 4098 1035 4168 τὴν
1058 4096 1378 4169 κηδεμονίαν
1413 4097 1441 4149 ὑ
1451 4099 1540 4166 μίν
1568 4098 1791 4168 παρέξω

212 4195 305 4261 τὴν
339 4193 487 4263 ἐμὴν
506 4231 522 4256 ,
547 4190 693 4245 ὥστε
733 4189 978 4253 ἃπαντας
1009 4187 1364 4258 ἀξιουμένους
1401 4187 1674 4242 ὀπασιῶν
1702 4187 1791 4241 δῦ-

215 4283 401 4337 νασθαί
432 4300 487 4335 τι
510 4281 608 4335 καί
637 4280 764 4349 περὶ
790 4279 897 4333 τῶν
927 4278 1196 4349 ἐσομένων
1226 4278 1477 4348 μηνύειν·
1504 4278 1590 4347 ἐφ’
1619 4278 1789 4332 ἆπασι

1892 3113 1956 3154 ea
1994 3099 2061 3154 de
2093 3098 2202 3155 Deo
2235 3100 2477 3167 dicitur;
2526 3098 2717 3165 veluti,
2758 3119 2777 3151 ι
2799 3099 3124 3155 Neomenias
3169 3109 3381 3160 vestras
3412 3110 3467 3160 et

1894 3190 2119 3245 sabbata
2148 3198 2329 3244 vestra
2370 3190 2482 3243 odit
2521 3191 2699 3244 anima
2743 3189 2952 3255 mea“;
2987 3210 3005 3243 ι
3045 3192 3292 3249 videlicet
3326 3194 3467 3265 (ani-

1893 3279 2061 3351 mam)
2110 3294 2208 3349 pro
2254 3276 2449 3334 aliectu
2501 3278 2653 3340 dicit,
2696 3295 2804 3350 quo
2847 3280 3222 3337 sulemnitates
3253 3283 3463 3340 oderat.

1893 3370 2022 3425 Tale
2050 3378 2133 3425 est
2153 3377 2206 3425 et
2240 3371 2402 3424 illud:
2444 3389 2462 3421 ι
2487 3370 2726 3439 Spiritus
2756 3378 2885 3427 tuus
2913 3373 3088 3425 bonus
3121 3371 3351 3426 deducet
3378 3386 3468 3427 me

1894 3461 1948 3514 in
1988 3468 2189 3515 terram
2232 3469 2437 3516 rectam
2456 3465 2536 3530 ης
2561 3481 2579 3513 ι
2618 3477 2804 3535 curam
2846 3463 3047 3532 quippe
3094 3463 3198 3516 mei
3248 3477 3465 3530 gerens,

1894 3551 2090 3620 inquit,
2143 3566 2267 3604 cum
2317 3553 2559 3606 bonitate
2608 3553 2775 3606 multa
2830 3553 2963 3606 mihi
3015 3553 3127 3606 haec
3174 3551 3461 3622 praebebis.

1894 3642 2023 3697 Item
2072 3640 2235 3695 illud:
2297 3641 2599 3712 «Spiritum
2648 3649 2897 3697 sanetum
2941 3650 3092 3696 tuum
3136 3658 3205 3697 ne
3247 3643 3467 3698 auferas

1895 3748 1925 3786 a
1961 3732 2132 3787 me":
2159 3750 2177 3784 ι
2223 3731 2275 3785 id
2302 3740 2405 3794 est.
2438 3746 2507 3785 ne
2548 3737 2695 3784 tuam
2732 3745 2760 3783 a
2794 3744 2879 3786 me
2905 3730 3298 3799 providentiam
3332 3733 3466 3788 sub-

1895 3840 2153 3880 moveas:
2213 3831 2267 3879 et
2298 3830 2565 3893 quotquot
2608 3831 2736 3875 sunt
2778 3821 3082 3876 locutiones
3109 3822 3463 3892 huiusmodi,

1897 3930 1964 3969 ne
1988 3913 2250 3984 scriptum
2288 3920 2533 3965 nostrum
2561 3908 2765 3978 absque
2793 3909 2898 3963 ulla
2924 3909 3156 3964 utilitate
3188 3908 3461 3979 produca-

1896 4020 2037 4061 mus.
2073 4004 2163 4060 Sic
2192 4005 2354 4060 etiam
2400 4002 2503 4057 hoc
2546 4002 2667 4057 loco
2712 4001 2821 4056 ait:
2874 3999 3008 4054 Tam
3038 4001 3271 4071 amplam
3308 4001 3466 4058 vobis

1896 4097 2164 4151 exhibebo
2206 4098 2427 4151 tutelam
2463 4110 2659 4158 meam,
2709 4102 2769 4147 ut
2796 4108 2987 4148 omnes
3022 4093 3293 4147 visionum
3335 4093 3464 4149 facti

1895 4194 2196 4257 ceinpotes,
2218 4189 2522 4259 signilicare
2540 4184 2747 4256 aliquid
2764 4185 2827 4240 de
2844 4185 3007 4240 rebus
3024 4182 3225 4241 futuris
3238 4195 3461 4257 queant.

1896 4279 2101 4334 Praeter
2132 4279 2244 4333 luce
2275 4282 2457 4334 omnia
2498 4293 2647 4343 vero,
2703 4279 2757 4332 in
2802 4279 2943 4333 cmlo
2987 4287 3039 4332 et
3073 4292 3238 4348 super
3264 4287 3461 4333 terram

214 4376 265 4428 δὲ
296 4377 354 4428 ἐν
390 4371 618 4445 οὐρανῷ
659 4388 722 4424 τε
753 4372 847 4425 καὶ
884 4370 977 4423 ἐπὶ
1009 4370 1111 4441 γῆς
1134 4370 1440 4441 ἐργάσομαι
1476 4368 1788 4440 Θαυμαστὰ,

1896 4372 2165 4425 mirabilia
2219 4371 2437 4432 faciam,
2474 4370 2697 4422 multam
2730 4370 2966 4423 hostium
3018 4370 3347 4424 occisionem
3401 4385 3463 4422 ac

218 4468 366 4535 φόνον
404 4466 584 4519 πολὺν
612 4463 722 4517 τῶν
751 4462 1029 4527 ἐναντίων,
1058 4462 1157 4534 τήν
1181 4479 1239 4514 τε
1266 4462 1385 4514 κατ’
1419 4462 1595 4514 αὐτῶν
1626 4478 1797 4533 τιμω-

221 4559 350 4626 ρίαν,
377 4559 477 4611 καὶ
514 4556 582 4627 δὴ
611 4555 706 4609 καὶ
744 4552 944 4625 ἀτμίδα
975 4553 1183 4607 καπνοῦ
1214 4551 1312 4623 τὴν
1339 4552 1487 4606 θείαν
1517 4553 1796 4624 ὑπεμφαί-

220 4667 401 4703 νουσαν
454 4648 671 4719 ὀργήν·
730 4644 1229 4716 μεταϐληθήσονται
1284 4645 1342 4698 δὲ
1380 4646 1473 4698 καὶ
1514 4645 1666 4715 ἥλιος
1714 4645 1794 4707 εἰς

221 4742 394 4805 σκότος
431 4740 530 4793 καὶ
570 4739 609 4809 ἢ
647 4737 846 4808 σελήνη
876 4739 956 4800 είς
994 4730 1129 4806 αἷμα
1168 4736 1309 4790 κατὰ
1348 4737 1445 4807 τὴν
1474 4736 1581 4790 τῶν
1621 4735 1792 4807 ὁρών-

218 4850 309 4886 των
334 4832 629 4887 ὑπόνοιαν·
660 4829 732 4900 ἡν
771 4827 861 4881 διὰ
895 4827 957 4880 τὸ
993 4827 1221 4898 μέγεθος
1256 4826 1364 4880 τῶν
1397 4826 1789 4896 ἐπιγινομένων

219 4927 383 4989 αὐτοῖς
424 4921 768 4994 ὑπομένουσι
808 4917 1029 4972 κακῶν·
1064 4919 1159 4972 καὶ
1188 4918 1359 4971 ταῦτα
1397 4917 1461 4988 δὴ
1500 4919 1788 4987 γενήσεται

222 5017 307 5086 πρὸ
332 5016 433 5084 τῆς
462 5013 690 5085 ἡμέρας
729 5009 983 5080 ἐκείνης,
1021 5009 1089 5080 ἢν
1128 5010 1367 5080 ἐπιφανῆ
1407 5009 1493 5062 διὰ
1534 5008 1635 5078 τῆς
1677 5009 1788 5061 τῶν

275 5154 313 5179 ⁸³
346 5149 453 5206 lsa.
487 5165 529 5215 ι,
566 5148 658 5201 ﬂ.
736 5146 782 5178 δ’
813 5144 961 5200 Psal.
989 5160 1155 5209 exul,
1196 5145 1282 5201 lO.
1356 5145 1401 5178 “
1435 5144 1580 5200 Psal.
1620 5159 1674 5208 ι,
1712 5144 1795 5199 15.

274 5308 383 5377 (Π)
424 5307 712 5362 Audacius
757 5304 947 5377 dicere
978 5301 1100 5377 hoc
1132 5302 1346 5356 videtur
1376 5301 1790 5377 Mopsuestenus

219 5373 498 5450 de'Sp'iritu
531 5386 752 5450 sancto,
784 5373 948 5450 quasi
974 5375 1164 5442 ignoto
1192 5388 1417 5441 prorsus
1442 5375 1657 5450 cunctis
1687 5374 1793 5427 sub

222 5444 564 5520 lge'loysis
600 5444 963 5520 hominibus;
995 5458 1309 5520 quanquam
1350 5458 1409 5498 se
1442 5444 1791 5520 aliquatenus

222 5512 327 5573 mox
353 5512 602 5590 corrigit,
646 5518 822 5590 citata
856 5512 1025 5590 _Pet_ri
1052 5513 1285 5590 apostoli
1330 5513 1615 5590 concione.
1654 5512 1791 5565 Con—

222 5581 532 5645 noversiam'
550 5581 691 5644 hanc
718 5581 1103 5655 theologicam
1136 5583 1274 5655 mira
1289 5581 1614 5655 eruditione
1638 5596 1788 5655 more

222 5672 305 5712 tuo
338 5668 627 5730 pertractat
662 5648 943 5714 suinmus'
975 5651 1230 5709 Petavius
1274 5650 1353 5705 De
1396 5648 1653 5703 Trinitate
1691 5650 1782 5704 lib.

1894 4464 2269 4534 punitiouem:
2325 4463 2435 4515 imo
2482 4469 2536 4515 et
2586 4462 2717 4515 fumi
2751 4477 3029 4531 vaporem,
3079 4464 3170 4533 qui
3224 4464 3463 4517 divinam

1892 4555 2201 4624 przeligurat
2247 4554 2402 4607 iram.
2440 4551 2948 4611 Vertenturautem
2985 4555 3066 4609 sol
3100 4555 3153 4608 in
3182 4555 3462 4617 tenebras,

1891 4653 1944 4699 et
1973 4647 2098 4698 luna
2133 4646 2186 4698 in
2234 4645 2576 4713 sanguinem,
2610 4644 2766 4714 juxta
2817 4645 3180 4715 spectantium
3232 4644 3465 4715 phanta-

1892 4738 2051 4800 siam,
2102 4752 2264 4807 quam
2304 4739 2375 4792 ob
2420 4738 2686 4791 malorum
2736 4738 3053 4808 gravitatem
3089 4738 3460 4807 experientur.

1889 4831 2065 4899 Atque
2094 4830 2209 4884 haec
2242 4831 2493 4885 evenient
2516 4841 2642 4886 ante
2667 4831 2809 4885 diem
2836 4832 3008 4895 illum,
3037 4847 3195 4900 quem
3221 4830 3462 4885 hostium

1888 4925 2172 4993 punitione
2207 4926 2392 4980 reddet
2426 4925 2717 4979 illustrem.
2756 4925 2901 4978 Inter
2925 4938 3048 4993 qua!
3077 4923 3279 4984 omnia,
3330 4938 3464 4976 eon-

1897 5024 2191 5085 sequentur
2240 5024 2421 5070 tamen
2470 5017 2701 5071 salutem
2750 5014 2804 5068 hi
2850 5014 2942 5084 qui
2972 5014 3215 5067 divinum
3262 5027 3463 5067 nomen

1894 5320 1957 5365 ιι,
1993 5303 2043 5354 7.
2072 5301 2305 5355 Prolatis
2334 5300 2389 5353 in
2418 5298 2653 5352 medium
2680 5295 2903 5349 Patrum
2936 5294 3187 5365 plurimis
3227 5293 3468 5365 testimo-

1891 5363 2018 5430 niis.
2060 5372 2258 5440 quibus
2305 5368 2587 5440 addendus
2637 5366 2850 5440 videtur
2898 5363 3059 5440 etiam
3079 5363 3375 5440 Josepbus
3408 5364 3467 5440 in

1894 5433 2300 5513 llypon'inestico
2353 5439 2445 5513 lib.
2495 5453 2557 5513 ιι,
2591 5450 2715 5504 cap.
2750 5434 2819 5487 66
2859 5434 3033 5513 ei._67.
3079 5433 3192 5490 Nos
3235 5448 3362 5513 vero
3398 5435 3470 5513 de

1887 5502 2076 5583 havere
2102 5511 2328 5583 _iterum_
2355 5507 2562 5583 _di_et‘uri_
2593 5502 2782 5583 sumus
2813 5504 2879 5558 ad
2914 5504 3168 5583 Aggmum
3196 5511 3357 5573 atque
3397 5502 3465 5554 ad

1889 5580 2244 5642 Zachariam,
2277 5578 2366 5631 ubi
2408 5574 2723 5630 liberiorem
2760 5574 2898 5632 hanc
2932 5574 3261 5634 sententiam
3302 5585 3461 5629 suam

1889 5652 2301 5720 Mepsuestenus
2333 5653 2559 5716 repetet.
