3966 6134
372 1436 381 1439 '
495 1418 696 1473 Christi
726 1416 936 1471 Domini
963 1415 1223 1470 adventu.
1255 1413 1535 1484 Erantque
1564 1429 1654 1469 res
1687 1414 1904 1485 quidem
1933 1413 2060 1467 illo-

394 1757 405 1761 _
496 1694 680 1764 potius
730 1692 875 1747 dicta
932 1691 1156 1756 fuerint,
1210 1704 1375 1760 quam
1425 1703 1484 1743 re
1516 1689 1636 1757 ipsa
1669 1702 1728 1742 se
1778 1688 2061 1743 haberent.

484 228 586 285 εει
1124 206 1135 219 ’
1634 169 2003 277 annonem.
2022 214 2504 275 Morsuesrm

3625 210 3752 270 23‘!

485 335 891 402 invocaverint,
927 335 1098 409 quiet
1154 333 1208 389 in
1244 336 1482 388 montem
1514 328 1735 387 Sionem
1782 345 1846 384 ac
1900 328 2060 385 Jeru-

2182 327 2421 383 εναντίων
2456 325 2745 396 ἐργάσεται
2767 324 3032 395 τιμωρίας
3046 337 3059 357 ⁸
3084 319 3243 387 ἐνόἷς
3263 324 3434 379 ἀπασι
3454 320 3754 390 τεύξονται

478 430 655 487 'salem
706 429 1001 485 ascendent
1052 426 1388 481 incolumes:
1448 423 1886 495 quandoquidem
1934 422 2048 476 haec

2182 421 2247 491 ἦς
2291 417 2565 489 σωτηρίας
2599 418 2649 470 οἰ
2688 415 2786 488 τὴν
2827 415 3124 487 ὀνομασίαν
3167 414 3588 485 ἐπικαλούμενοι
3639 413 3756 485 τὴν

487 520 633 577 Deus
662 519 935 590 promisit,
966 525 1020 572 et
1041 516 1283 571 nuntiari
1313 515 1589 571 concessit
1618 515 1748 577 illis,
1783 520 2051 584 quotquot

2184 511 2301 564 είαν
2322 526 2335 541 ·
2368 509 2418 563 οἳ
2448 510 2543 563 καὶ
2577 509 2671 561 ἐδιτί⁵
2706 508 2768 562 τὸ
2795 508 2920 579 ὅρος
2962 505 3101 561 Σιὼν
3142 507 3239 561 καὶ
3274 507 3367 560 ἐπὶ
3395 506 3492 577 τὴν
3532 506 3757 577 Ἰερου-

491 612 556 667 ad
606 612 752 665 hunc
797 609 1029 663 reditum
1082 607 1318 662 vocavit.
1373 604 1550 676 Atque
1600 604 1688 660 hic
1726 612 1812 660 est
1858 603 2051 658 obvius

2182 602 2333 674 ἀλὴμ
2360 601 2720 673 ἀναϐήσονται
2752 599 3086 671 σεσωσμένοι
3107 616 3119 630 ’
3143 597 3336 670 ἐπειδὴ
3361 598 3537 652 ταῦτα
3564 599 3763 667 ἐπηγ-

489 699 780 755 locutionis
809 697 971 768 hujus
996 711 1214 753 sensus.
1486 679 1500 692 ’

2182 692 2367 746 ἐἰλατὸ
2396 709 2456 745 τε
2494 692 2649 755 Θεὸς,
2694 692 2788 744 καὶ
2833 689 3290 759 εὐαγγελίσασθαι
3322 688 3552 742 δέδωκεν
3589 687 3761 740 ἐκεί-

2151 798 2279 845 νοις,
2312 781 2388 850 (p.
2419 779 2543 850 127)
2566 779 2794 842 ὁπόσους
2818 780 2899 842 εἰς
2934 779 3033 848 τὴν
3055 777 3313 831 ἐπάνοδον
3351 776 3757 848 προσκέκληκι

2151 872 2377 943 ταύτην.
2403 872 2470 925 Ἦ
2494 872 2591 943 μὲν
2616 870 2681 941 δὴ
2706 869 2995 942 πρόχειρος
3020 871 3120 939 τῆς
3140 868 3343 936 λέξεως
3377 868 3554 923 ἔννοια
3573 867 3767 939 αῦτη.

560 965 673 1038 84
686 967 754 1018 At
788 965 933 1020 enim
957 965 1151 1020 beatus
1173 963 1369 1019 Petrus
1396 979 1516 1019 eam
1551 962 1800 1017 adhibuit
1825 960 2041 1017 Judieos

2250 964 2312 1017 Ὀ
2339 963 2395 1016 δέ
2428 979 2493 1031 γε
2535 961 2801 1033 μακάριος
2849 960 2986 1031 αὐτῇ
3033 960 3241 1031 Πέτρος
3288 960 3558 1033 ἐχρήσατο
3603 957 3767 1031 πρὸς

494 1057 854 1128 alloquens“,
886 1057 954 1111 de
985 1058 1159 1112 sancti
1201 1057 1439 1126 Spiritus
1490 1055 1782 1119 descensu,
1810 1054 1936 1122 jure
1960 1040 2057 1109 ad-

2183 1053 2453 1118 ιουδαίους
2481 1052 2861 1123 διαλεγόμενος
2887 1052 2979 1104 ἐπὶ
3003 1053 3070 1122 τῇ
3110 1049 3205 1104 τοῦ
3235 1051 3395 1119 ἁγίου
3424 1049 3768 1119 Πνεύματος

492 1150 750 1216 modum;
795 1162 1028 1217 namque
1050 1146 1239 1200 umbra
1263 1145 1571 1198 futurarum
1605 1143 1848 1197 omnium
1873 1158 2054 1197 rerum

2182 1146 2412 1217 καθόδῳ,
2447 1146 2592 1217 μάλα
2622 1144 2877 1208 εἰκότως·
2913 1143 3099 1215 ἐπειδὴ
3142 1142 3299 1197 σκιάν
3344 1143 3443 1214 μέν
3487 1142 3767 1197 ἀπάντων

495 1239 898 1299 lcx.fuit:tum
940 1244 993 1292 et
1047 1237 1277 1306 populus
1325 1233 1418 1288 Dei
1468 1234 1810 1304 providentia
1859 1233 2057 1304 dignus

2182 1239 2280 1293 τῶν
2310 1238 2609 1309 μελλόντων
2647 1233 2791 1308 εἶχεν
2823 1237 2852 1289 6
2879 1235 3041 1305 νόμος
3062 1249 3076 1262 °
3119 1234 3445 1305 κηδεμονίας
3470 1232 3528 1286 δὲ
3557 1235 3586 1285 6
3614 1231 3770 1294 λαὸς

497 1329 816 1389 habebatur,
869 1332 1091 1395 propter
1131 1331 1427 1378 eventuum
1477 1323 1944 1392 exspectationem
2001 1322 2058 1377 in

2182 1328 2374 1398 ιξιοῦτο
2386 1328 2472 1381 διά
2487 1329 2583 1399 τὴν
2606 1327 2712 1381 τῶν
2737 1325 3125 1397 φανησομένων
3142 1325 3466 1397 προσδοκίαν
3484 1325 3542 1377 ἐν
3560 1327 3628 1394 τῇ
3648 1322 3763 1377 τοῦ

2159 1419 2428 1474 Δεσπότου
2444 1418 2677 1491 Χριστοῦ
2697 1417 2984 1489 παρουσίᾳ·
3010 1417 3102 1469 καὶ
3118 1409 3185 1485 ἦν
3203 1414 3270 1469 τά
3289 1415 3385 1487 μὲν
3406 1416 3492 1469 ἐπ’
3514 1414 3765 1468 ἐκείνων

495 1526 616 1565 rum
644 1524 836 1564 omnes
871 1509 1100 1579 exiguae,
1149 1515 1203 1562 et
1231 1513 1503 1576 tanquam'
1524 1505 1577 1559 in
1632 1505 1822 1560 umbra
1848 1504 2065 1559 contin-

2182 1510 2340 1583 ιικρά
2382 1512 2558 1564 πάντα
2584 1510 2678 1564 καὶ
2713 1509 2787 1573 ὡς
2821 1511 2878 1562 ἐν
2926 1509 3053 1578 σκιᾷ
3096 1506 3356 1578 γινόμενα
3382 1523 3396 1538 θ
3457 1505 3598 1559 ῶστε
3652 1506 3768 1558 xui.

495 1608 704 1671 gentes,
740 1599 880 1654 adeo
909 1607 967 1653 ut
994 1597 1141 1667 quod
1180 1599 1247 1652 ad
1282 1596 1407 1651 illos
1440 1598 1658 1658 attinet,
1712 1593 2064 1667 hyperbolice

2182 1606 2548 1679 ὅπερϐολικῶς
2578 1604 2831 1677 εἰρῆσθαι
2863 1603 3061 1673 μᾶλλον
3086 1602 3119 1670 ἢ
3150 1601 3219 1654 τὰ
3247 1600 3547 1672 πράγματα
3574 1593 3761 1669 εῖχεν*

2167 1700 2202 1768 ὴ
2246 1699 2303 1751 δέ
2343 1697 2453 1751 τῶν
2495 1696 2799 1767 εἰρημένων
2841 1693 3067 1764 ἀλήθεια
3101 1691 3199 1763 τὴν
3238 1691 3462 1745 ἔκϐασιν
3493 1689 3765 1759 ἐφαίνετο

2169 1789 2261 1842 ἐπὶ
2313 1787 2405 1842 τοῦ
2455 1787 2722 1842 Δεσπότου
2768 1784 3119 1856 λαμϐάνουσα
3168 1781 3407 1854 Χριστοῦ
3437 1821 3451 1846 ,
3507 1779 3766 1850 ὁπηνίκα

2170 1879 2347 1933 πάντα
2375 1875 2444 1949 ἦν
2478 1878 2688 1949 μεγάλα
2715 1877 2811 1930 καὶ
2848 1876 3013 1945 φόϐου
3067 1873 3261 1946 μεστὰ,
3305 1872 3470 1926 καινά
3491 1889 3551 1925 τε
3577 1872 3766 1933 ὅντως

2172 1969 2468 2042 παράδοξα,
2518 1969 2612 2023 καί
2660 1969 2908 2022 πλεῖστον
2960 1967 3084 2020 ὅσον
3137 1963 3530 2037 ὑπερϐαίνοντα
3576 1962 3647 2016 τὰ
3692 1964 3765 2015 ἐν

2171 2062 2321 2133 νόμῳ
2342 2062 2657 2131 γιγνόμενα·
2688 2060 2764 2122 ὡς
2795 2059 3117 2128 αἰνίγματος
3149 2056 3250 2125 μὲν
3281 2054 3352 2108 τά
3389 2055 3480 2108 ἐπὶ
3501 2049 3602 2122 τῆς
3624 2054 3762 2108 Παο

2172 2150 2330 2217 λαιᾶς
2352 2150 2626 2227 Διαθήκης
2643 2149 2793 2214 τάξιν
2824 2148 3059 2218 ἐπέχειν,
3092 2145 3351 2216 ἀληθείας
3386 2144 3443 2197 δέ
3471 2139 3608 2197 εἶναι
3634 2141 3766 2195 τῶν

2172 2245 2264 2298 ἐπὶ
2313 2243 2407 2299 τοῦ
2453 2243 2721 2296 Δεσπότου
2756 2242 2993 2316 Χριστοῦ
3042 2238 3342 2310 γινομένων
3377 2239 3436 2292 τὸ
3477 2236 3711 2309 μέγεθος
3737 2252 3756 2266 ⁸

2172 2337 2344 2401 οὕτως
2383 2338 2413 2390 6
2459 2337 2726 2408 μακάριος
2770 2336 2917 2413 λέγει
2964 2333 3123 2390 Δαυῒδ
3155 2333 3283 2405 περί
3307 2331 3401 2387 τοῦ
3451 2327 3617 2391 λαοῦ,
3664 2328 3764 2381 ὅτι

2169 2429 2292 2484 Οὐκ
2310 2428 2740 2496 ἐγκατελείφθη
2777 2427 2812 2494 ὴ
2838 2425 3006 2495 ψυχὴ
3030 2424 3217 2479 αὐτοῦ
3236 2425 3322 2490 εἰς
3350 2422 3521 2489 ᾅδην,
3545 2418 3693 2474 οὐδὲ
3715 2419 3759 2486 ἡ

505 2511 623 2580 ejus
647 2510 700 2562 in
735 2507 970 2569 inferno,
1002 2519 1178 2574 neque
1208 2518 1338 2558 caro
1372 2503 1615 2572 ejusdem
1639 2505 2069 2561 'videritcorru-

2182 2519 2328 2589 σὰρξ
2363 2518 2551 2573 αὐτοῦ
2594 2515 2716 2573 εἶδε
2761 2515 3125 2587 διαφθοράνο
3175 2516 3310 2586 ὅπερ
3357 2514 3456 2566 οὐκ
3507 2510 3599 2565 ἐπὶ
3635 2508 3762 2562 τῶν

505 2600 816 2672 ι)ιὶοιιειῐι¹⁶1⁵
852 2618 864 2653 :
896 2596 1042 2669 quod
1104 2596 1161 2650 in
1221 2611 1403 2650 rerum
1449 2604 1643 2650 natura
1683 2597 1912 2668 cogitari
1957 2612 2067 2653 non

2182 2608 2512 2680 πραγμάτων
2540 2608 2775 2664 νοεῖσθαι
2807 2607 3057 2667 δυνατὸν,
3103 2601 3487 2676 μεταφορικῶς
3530 2601 3587 2655 δέ
3625 2600 3759 2671 ἦτοι

507 2700 730 2762 potest;
791 2689 888 2746 sed
947 2687 1324 2758 metaphorice
1370 2686 1486 2742 sive
1536 2687 1886 2758 hyperbolice
1937 2689 2071 2745 dicit

2182 2697 2546 2769 ὑπερϐολικῶς
2575 2698 2740 2767 λέγει,
2769 2699 2851 2751 ὅτι
2881 2695 3080 2767 ἐξήρθη
3095 2694 3334 2749 κινδύνου
3362 2690 3710 2763 ῆδιαφθορᾶς
3741 2706 3755 2719 ·

507 2794 756 2855 ereptum
827 2780 999 2835 fuisse
1051 2778 1297 2848 periculo
1353 2777 1744 2846 corruptionis.
1817 2777 2068 2834 Attamen

2182 2792 2209 2862 ἡ
2240 2791 2296 2844 δέ
2327 2790 2422 2844 τοῦ
2450 2791 2773 2863 πράγματος
2803 2789 3029 2861 ἀλήθεια
3055 2789 3160 2842 τῶν
3194 2788 3494 2860 εἰρημένων
3532 2786 3633 2840 ὑπὸ
3653 2786 3758 2849 τοῦ

498 1783 606 1840 Sed
654 1781 928 1837 dictorum
992 1782 1277 1835 veritatem
1334 1778 1540 1832 exitum
1585 1794 1745 1833 suum
1804 1779 2066 1834 habuisse

499 1886 839 1947 compertum
874 1880 960 1928 est
997 1873 1052 1926 in
1095 1871 1342 1936 Christo,
1399 1884 1508 1941 quo
1553 1877 1796 1941 tempore
1839 1872 2065 1942 grandia

499 1969 706 2027 omnia,
739 1974 792 2021 et
819 1974 1029 2018 terrore
1054 1963 1234 2032 plena,
1281 1974 1518 2031 vereque
1555 1975 1697 2016 nova
1724 1969 1778 2017 et
1811 1962 2067 2034 inexspe-

501 2067 647 2113 ctata
678 2057 848 2121 fuere,
879 2062 932 2109 et
967 2054 1163 2107 mirum
1189 2059 1453 2122 quantum
1497 2053 1781 2121 superiora
1812 2053 1877 2109 iis
1946 2069 2067 2124 qua:

504 2148 557 2201 in
583 2148 698 2216 lege
726 2144 867 2199 facta
911 2150 1038 2197 sunt
1068 2160 1082 2196 :
1119 2140 1253 2195 adeo
1275 2149 1332 2193 ut
1362 2155 1449 2196 res
1491 2137 1704 2197 Veteris
1732 2140 2066 2199 Testamenti

503 2238 806 2308 aauigmatis
836 2236 1014 2291 locum
1061 2240 1316 2300 teneant;
1342 2233 1592 2287 veritatis
1624 2241 1829 2301 autem,
1880 2250 2064 2290 rerum

506 2330 608 2386 sub
631 2327 851 2382 Christo
881 2332 1125 2379 actarum
1156 2323 1495 2394 magnitudo.
1538 2322 1631 2378 Sic
1655 2324 1849 2380 beatus
1894 2325 2067 2381 David

505 2423 571 2476 de
601 2419 801 2490 populo
832 2417 988 2483 dicit,
1022 2414 1169 2486 quod
1211 2414 1470 2469 derelicta
1526 2431 1635 2469 non
1682 2415 1847 2471 fuerit
1883 2417 2066 2471 anima

509 2873 779 2928 dictarum
832 2886 1013 2926 rerum
1053 2867 1253 2922 veritas
1299 2866 1355 2921 in
1399 2866 1619 2922 Christo
1654 2866 1881 2923 Domino
1907 2883 2072 2939 appa-

511 2965 641 3028 ruit,
663 2960 821 3030 cujus
850 2972 1029 3028 neque
1055 2957 1249 3011 animae
1274 2956 1583 3026 derelinqui
1627 2957 1854 3028 contigit
1884 2958 1938 3012 in
1982 2960 2069 3014 in-

514 3053 689 3116 ferno,
725 3061 990 3105 revocata;
1022 3048 1280 3102 nimirum
1316 3048 1372 3102 in
1415 3061 1613 3116 corpus
1638 3055 1859 3118 propter
1891 3064 2076 3105 resur-

514 3141 812 3197 rectionem
851 3157 864 3192 :
901 3152 1075 3208 neque
1103 3151 1304 3207 corpus
1332 3137 1740 3205 corruptionem
1784 3137 1946 3192 ullam
1979 3154 2079 3194 ex-

513 3242 729 3300 pertum
754 3237 839 3286 est
871 3248 885 3285 :
922 3229 1000 3283 ita
1032 3238 1224 3283 utnon
1256 3228 1433 3282 solum
1478 3230 1755 3299 propriam
1790 3231 2081 3286 retinuerit

519 3324 771 3393 figuram,
798 3319 853 3373 in
879 3334 986 3389 qua
1019 3328 1292 3372 mortuum
1315 3316 1518 3384 fuerat,
1548 3316 1645 3372 sed
1676 3318 1840 3372 etiam
1879 3319 1933 3373 in
1974 3321 2080 3374 im-

520 3408 804 3463 mortalem
864 3405 1442 3474 incorruptibilemque
1483 3415 1731 3461 naturam
1758 3409 2081 3465 translatum

517 3500 589 3555 sit
624 3519 638 3554 :
669 3501 742 3554 ita
799 3505 858 3552 ut
907 3505 1092 3552 vetera
1131 3497 1222 3550 illa
1257 3496 1369 3551 sint
1401 3496 1656 3567 aenigma,
1701 3499 1954 3556 Christus
1992 3515 2085 3555 au-

516 3601 625 3647 tem
670 3591 895 3646 veritas.
946 3588 1312 3655 Quamobrem
1366 3603 1431 3644 ea
1491 3588 1764 3646 locutione
1807 3606 1943 3647 usus
1998 3600 2084 3648 est

414 3688 421 3695 '
516 3683 680 3736 etiam
712 3682 902 3736 beatus
929 3679 1145 3744 Petrus,
1177 3678 1337 3749 quasi
1382 3679 1511 3733 olim
1542 3677 1761 3751 quidem
1780 3682 2080 3752 quamdam
2116 3680 2121 3685 ’

519 3773 590 3826 ob
618 3786 838 3825 causam
886 3770 1259 3841 metaphorice
1293 3769 1438 3825 dicta
1490 3770 1677 3837 fuerit,
1728 3788 1873 3826 nunc
1902 3782 2083 3829 autem

518 3880 708 3920 verum
739 3863 944 3918 exitum
979 3864 1032 3916 in
1080 3861 1215 3933 ipsis
1259 3864 1425 3917 rebus
1466 3871 1628 3917 nacta
1673 3864 1765 3932 sit,
1800 3874 1859 3920 ut
1913 3868 2127 3923 multo-

520 3957 694 4027 magis
719 3950 962 4026 oporteat
1003 3954 1365 4025 praesentibus
1393 3952 1640 4022 credere,
1672 3971 1835 4026 quam
1864 3959 1994 4015 olim
2021 3975 2087 4017 ea

522 4062 609 4103 res
640 4045 989 4100 admirationi
1022 4051 1160 4102 erat.

591 4148 728 4204 Cum
754 4163 881 4204 vero
914 4149 1085 4203 multa
1132 4148 1447 4218 huiusmodi
1490 4149 1545 4204 in
1578 4150 1761 4207 divina
1800 4152 2085 4227 Scriptura

523 4240 803 4307 ferantur,
857 4242 1146 4298 consimile
1200 4243 1305 4298 hoc
1363 4246 1597 4316 quoque
1631 4248 1923 4307 manifeste
1979 4263 2084 4311 est.

523 4331 658 4387 Nam
696 4334 961 4390 Dominus
992 4334 1133 4390 Deus
1160 4335 1460 4392 secundum
1519 4346 1758 4395 veterem
1794 4353 2092 4400 consuetu-

524 4425 710 4481 dinem
743 4423 962 4483 Iudaeos
992 4428 1274 4498 prophetae
1305 4429 1416 4501 85
1455 4445 1551 4487 ore
1581 4432 1887 4504 alloquens,
1935 4451 2091 4492 suam

524 4516 741 4572 abunde
791 4517 1160 4588 praestiturum
1212 4532 1400 4573 curam
1449 4518 1771 4586 affirmabat,
1790 4532 1845 4577 et
1880 4524 2090 4595 reliqua

524 4607 798 4679 quomodo
856 4608 1468 4689 antea'explanavimus
1516 4629 1530 4664 :
1576 4622 1877 4668 evenerunt
1909 4624 2090 4670 autem

525 4714 652 4756 vere
679 4699 863 4753 omnia
896 4700 953 4753 in
981 4698 1203 4755 Christo
1233 4699 1483 4767 Domino,
1513 4701 1639 4770 quia
1675 4711 1730 4758 et
1757 4704 1839 4759 sol
1868 4705 2094 4762 obtene-

527 4786 718 4843 bralus
742 4784 865 4850 fuit,
901 4792 955 4840 et
986 4786 1115 4839 luna
1158 4801 1283 4840 cum
1310 4788 1405 4842 illo
1435 4804 1450 4841 :
1480 4796 1535 4844 et
1570 4792 1791 4860 grandia
1840 4794 1895 4849 in
1932 4797 2094 4864 ctelo,

527 4879 809 4947 multaque
842 4877 1005 4931 etiam
1043 4877 1270 4932 interra
1318 4878 1658 4937 exstiterunt
1700 4884 1946 4956 prodigia
1992 4905 2007 4941 :
2043 4897 2098 4944 et

529 4969 790 5026 salutaris
813 4968 1039 5041 sanguis
1069 4966 1277 5022 Christi
1308 4965 1524 5025 Domini
1542 4970 1697 5028 visus
1726 4981 1812 5028 est
1841 4992 1855 5030 :
1883 4976 2097 5047 etignis

530 5060 721 5132 ﬁgura,
741 5058 1088 5114 advenientis
1107 5056 1341 5127 Spiritus
1363 5059 1736 5129 operationem
1755 5062 2089 5135 significans,

529 5154 615 5206 cui
648 5152 810 5207 etiam
843 5149 1124 5222 praecessit
1167 5148 1298 5203 fumi
1328 5165 1519 5220 vapor,
1569 5152 1641 5207 ob
1686 5153 1832 5209 illam
1872 5166 2095 5227 porten—

531 5240 760 5294 dendam
806 5254 1021 5311 poenam
1067 5256 1189 5311 qua:
1227 5240 1462 5297 audaces
1509 5242 1867 5301 cruciﬁxores
1908 5262 2096 5303 corre-

531 5339 689 5398 ptura
713 5340 850 5385 erat.
883 5329 1039 5385 Tunc
1062 5347 1196 5387 sane
1212 5332 1683 5403 participaverunt
1701 5350 1892 5393 omnes
1913 5341 2096 5396 sancti

410 5454 421 5457 -
533 5419 774 5490 Spiritus
814 5421 1063 5491 gratiam,
1114 5422 1283 5478 variis
1325 5436 1390 5480 ac
1442 5425 1631 5481 multis
1669 5426 2096 5488 charismatibus

599 5592 649 5627 δ’
674 5590 795 5649 Act.
827 5608 888 5661 ιι,
914 5595 1001 5652 16.
1074 5598 1118 5631 ⁸⁸
1141 5598 1282 5656 Psal.
1315 5617 1406 5669 xv,
1444 5602 1530 5661 10.

2176 2882 2443 2936 Δεσπότου
2482 2882 2559 2951 (p.
2593 2881 2715 2953 128)
2747 2881 3020 2936 δείκνυται
3053 2879 3325 2951 Χριστοῦ,
3372 2879 3462 2932 ὅτε
3492 2876 3614 2931 οῦτε
3646 2878 3761 2948 τὴν

2175 2972 2351 3043 ψυχὴν
2379 2970 2543 3025 αὐτοῦ
2575 2971 3001 3043 καταλειφθῆναι
3036 2971 3226 3040 γέγονε
3264 2972 3343 3033 εἰς
3373 2969 3507 3041 ᾅδην
3539 2969 3760 3022 ἀποκα-

2174 3064 2449 3117 ταστᾶσαν
2478 3063 2557 3133 τῷ
2586 3063 2798 3134 σώματι
2839 3063 2926 3117 διὰ
2952 3064 3051 3134 τῆς
3090 3061 3432 3125 ἀναστάσεως
3462 3077 3476 3090 θ
3529 3057 3648 3113 οὔτε
3693 3059 3763 3112 τὸ

2177 3155 2338 3227 σῶμα
2374 3154 2669 3227 διαφθοράν
2712 3172 2832 3209 τινα
2865 3154 3285 3225 ὕπομεμένηκεν
3313 3169 3328 3183 '
3377 3151 3452 3214 ὡς
3490 3150 3563 3222 μὴ
3593 3150 3762 3221 μόνον

2178 3248 2272 3301 ἐπὶ
2304 3247 2397 3301 τοῦ
2427 3247 2625 3300 οἰκείου
2661 3249 2837 3318 μεῖναι
2868 3246 3162 3317 σχήματος,
3189 3246 3247 3298 ἐν
3274 3236 3318 3312 ᾧ
3345 3243 3409 3315 δὴ
3435 3241 3762 3313 τετελεύτη-

2177 3354 2293 3400 κεν,
2327 3337 2463 3391 ἀλλά
2490 3337 2599 3408 γὰρ
2632 3338 2728 3390 καὶ
2755 3337 2835 3399 εἰς
2860 3335 3124 3389 ἀθάνατον
3158 3335 3251 3388 καὶ
3276 3333 3552 3405 ἄφθαρτον
3581 3348 3756 3403 μετα-

2182 3429 2372 3499 στῆναι
2402 3426 2564 3498 φύσιν
2586 3443 2601 3457 ⁸
2649 3428 2724 3491 ὡς
2749 3423 2888 3503 εἶναι
2922 3428 3096 3480 ἐκεῖνο
3125 3426 3222 3496 μὲν
3253 3425 3496 3495 αἴνιγμα,
3523 3423 3670 3476 τουτὶ
3700 3422 3763 3476 δὲ

2183 3522 2442 3594 ἀλήθειαν
2461 3538 2475 3553 ·
2521 3520 2708 3590 διόπερ
2733 3521 3004 3591 ἐχρήσατο
3030 3522 3096 3590 τῇ
3131 3520 3281 3589 φωνῇ
3313 3517 3407 3570 καί
3433 3517 3462 3569 6
3490 3514 3765 3585 μακάριος

2181 3612 2384 3686 Πέτρος
2404 3654 2418 3679 ,
2448 3612 2525 3676 ὡς
2548 3612 2614 3666 ἂν
2640 3611 2763 3665 τότε
2795 3611 2891 3681 μὲν
2921 3610 3063 3664 κατά
3092 3626 3213 3663 τινα
3246 3608 3427 3662 αἰτίαν
3463 3622 3764 3677 μεταφορι-

2183 3703 2293 3766 κῶς
2320 3702 2606 3775 εἰρημένῃ,
2638 3701 2733 3756 νῦν
2768 3701 2824 3755 δὲ
2863 3701 3035 3772 ἀληθῆ
3081 3701 3180 3770 τὴν
3208 3698 3432 3752 ἔκϐασιν
3458 3698 3545 3750 ἐπ’
3575 3696 3766 3750 αὐτῶν

2189 3791 2431 3846 λαϐοῦσα
2476 3791 2584 3846 τῶν
2618 3791 2959 3863 πραγμάτων
2982 3806 2996 3821 ⁵
3047 3788 3187 3843 ὥστε
3237 3787 3330 3841 καὶ
3375 3785 3553 3857 πολλῷ
3597 3785 3765 3840 πλέον

2191 3882 2300 3937 δεῖν
2331 3885 2440 3947 τοῖς
2468 3881 2563 3936 νῦν
2591 3881 2887 3947 πιστεύειν,
2914 3881 2948 3952 ἢ
2976 3881 3095 3934 τότε
3126 3879 3428 3951 ἐθαύμαζον
3460 3879 3653 3933 ἐκεῖνο.

2260 4163 2477 4219 Πολλῶν
2512 4163 2570 4218 δὲ
2598 4164 2853 4219 τοιούτων
2880 4164 3049 4220 ὄντων
3087 4165 3179 4220 ἐπὶ
3207 4144 3306 4236 τῆς
3344 4163 3493 4227 θείας
3517 4162 3763 4234 Γμφῆς.

2190 4257 2507 4329 παρόμοιον⁸
2523 4256 2806 4327 προδήλως
2842 4259 2959 4311 ἐστί
2987 4257 3082 4311 καὶ
3108 4258 3169 4310 τὸ
3197 4256 3370 4328 παρόν
3397 4271 3411 4286 '
3458 4256 3487 4308 6
3522 4253 3620 4325 μὲν
3652 4254 3765 4327 γὰρ

2174 4346 2465 4418 ’Δεσπότης
2513 4345 2644 4410 Θεὸς
2675 4347 2816 4401 κατὰ
2863 4346 2960 4418 τὴν
3002 4346 3122 4400 τότε
3162 4346 3449 4418 συνήθειαν
3493 4343 3766 4408 Ἰουδαίοις

2188 4438 2568 4510 διαλεγόμενος
2609 4437 2699 4491 διά
2742 4436 2836 4491 τοῦ
2877 4439 3178 4509 προφήτου,
3227 4438 3325 4508 τὴν
3348 4435 3552 4490 οἰκείαν
3581 4435 3767 4497 αὐτοῖς

2192 4528 2526 4601 παρέχεσθαι
2562 4527 2802 4599 δαψιλῶς
2853 4527 3006 4597 ἔλεγε
3038 4528 3380 4600 κηδεμονίαν,
3413 4525 3600 4581 καὶτὰ
3635 4525 3767 4594 ἑξῆς

2190 4619 2246 4673 δὲ
2299 4619 2418 4673 καθ’
2483 4619 2542 4672 δν
2591 4618 3022 4690 ἡρμηνεύκαμεν
3084 4619 3284 4689 τρόπον
3311 4634 3324 4647 ·
3392 4616 3658 4687 ἐκϐέϐηκε
3702 4614 3767 4669 δὲ

2193 4710 2407 4765 ἅπαντα
2445 4710 2583 4781 μετά
2630 4711 2728 4781 τῆς
2753 4709 3010 4780 ἀληθείας
3048 4711 3141 4763 ἐπὶ
3186 4718 3282 4763 τοῦ
3330 4710 3601 4762 Δεσπότου
3633 4707 3772 4779 X9:-

2194 4802 2319 4855 στοῦ
2338 4817 2350 4831 ·
2384 4801 2466 4854 ὅτι
2494 4800 2772 4872 καιῆλιος
2800 4802 2968 4867 ὅντως
2996 4801 3282 4873 ἐσκοτίσθη
3302 4838 3318 4865 ,
3353 4801 3448 4854 καὶ
3487 4798 3679 4870 σελήνη
3703 4797 3767 4852 δὲ

2197 4893 2292 4945 σὺν
2317 4890 2513 4961 ἐκείνῳ
2531 4908 2544 4921 ’
2579 4894 2673 4946 καὶ
2705 4893 2918 4965 μεγάλα
2946 4892 3045 4964 μὲν
3076 4895 3134 4946 ἐν
3163 4891 3397 4964 οὐρανῷ,
3430 4892 3601 4945 πολλά
3622 4889 3678 4943 δὲ
3703 4890 3766 4943 ἐν

2195 4984 2261 5052 τῇ
2291 4984 2362 5052 γῇ
2392 4981 2581 5050 γέγονε
2610 4983 2814 5054 τέρατα
2838 5001 2850 5013 ·
2884 4979 3028 5055 αἷμά
3055 5001 3115 5037 τε
3157 4983 3397 5053 ἀνεφάνη
3430 4999 3522 5036 του
3556 4980 3762 5035 Δεσπό-
3846 4977 3853 4984 ’

2200 5086 2293 5122 του
2335 5068 2571 5141 Χριστοῦ
2609 5071 2671 5124 τὸ
2720 5074 2984 5142 σωτήριον
3004 5090 3018 5106 ο
3071 5072 3164 5125 καὶ
3195 5071 3303 5142 πῦρ
3331 5071 3473 5124 κατὰ
3497 5070 3596 5141 τὴν
3626 5067 3763 5123 ἰδέαν

2200 5158 2294 5212 τοῦ
2322 5160 2670 5229 φοιτήσαντος
2717 5163 3028 5234 Πνεύματος
3072 5163 3169 5233 τὴν
3219 5162 3497 5232 ἐνέργειαν
3544 5160 3762 5230 μηνύον,

2203 5248 2373 5325 οὗπερ
2400 5252 2492 5310 οῦν
2518 5255 2613 5311 καὶ
2641 5255 2806 5325 ἀτμὶς
2852 5256 3144 5326 προηγεῖτο
3173 5251 3403 5315 καπνοῦ,
3436 5252 3515 5313 εἰς
3553 5250 3763 5319 ἔλεγχον

2204 5345 2301 5415 τῆς
2330 5345 2780 5417 καταληψομένης
2808 5347 2934 5410 τοὺς
2978 5351 3069 5399 τὸν
3119 5346 3347 5417 σταυρὸν
3373 5341 3766 5412 τετολμηκότας

2201 5437 2488 5506 τιμωρίας*
2518 5437 2593 5508 (p.
2625 5437 2745 5507 129)
2773 5437 2893 5490 τότε
2919 5436 2983 5509 δὴ
3014 5438 3107 5491 καὶ
3133 5435 3391 5508 μετέσχον
3415 5432 3649 5498 ἅπαντες
3666 5430 3768 5505 τῆς
