3966 6134
505 310 611 369 εδδ
1708 295 2055 352 THEODORI
2098 296 2321 353 MOPSU
2331 296 2570 353 ESTENI
3624 291 3730 348 236

508 425 770 480 ultionem
825 418 984 490 quasi
1028 414 1362 473 concinnatis
1407 427 1504 483 pro
1537 412 1739 482 populo
1782 427 1926 476 meo,
1969 427 2068 480 pro

2184 413 2266 483 τὴν
2295 409 2515 464 κοιλάδα
2551 406 2814 477 Ἰωσαφάτ
2831 421 2876 456 ἰ
2907 403 3203 471 τουτέστιν,
3231 402 3377 456 Ἐκεῖ
3405 403 3601 466 αὐτοὺς
3622 404 3732 468 ἀξω

505 513 766 585 dignitate
787 511 1026 581 puniam,
1049 507 1120 562 ob
1153 508 1394 573 ipsorum
1426 503 1686 570 facinora,
1705 503 1848 574 quod
1873 520 2068 574 nempe

2184 504 2248 565 εἰς
2298 501 2392 572 τὴν
2436 497 2816 570 Ἰερουσαλὴμ,
2871 498 2962 549 καὶ
3006 495 3188 548 αὐτόθι
3219 494 3407 564 ὥσπερ
3434 494 3555 547 τινὰ
3582 494 3732 562 δίκην

509 606 662 660 illum
699 613 1108 672 quaqueversus
1142 609 1399 665 spargere
1431 594 1728 656 voluerint,
1765 594 2069 664 regionem-

507 710 615 765 que
640 691 831 762 partiri
870 691 926 744 in
960 702 1068 757 qua
1106 685 1216 756 8⁵1
1255 698 1377 739 meo
1416 683 1526 751 juri
1568 681 1802 736 obnoxia
1854 681 2068 734 habita-

510 786 624 849 bat,
668 793 722 839 et
755 784 904 852 ipsos
942 779 1106 835 simul
1159 777 1369 832 incolas
1403 776 1600 830 sortito
1642 773 1885 828 dividere
1923 789 1936 826 :
1977 787 2073 840 per

511 890 784 931 summurn
819 871 1056 940 denique
1105 870 1285 924 scelus
1333 865 1550 920 illorum
1611 879 1828 934 quoque
1871 877 2070 932 pueros

511 975 675 1038 atque
707 965 915 1036 puellas
946 963 1000 1017 in
1033 959 1350 1031 prostibulis
1381 972 1600 1027 ponere,
1633 964 1693 1010 ut
1714 971 1869 1011 suam
1892 955 2074 1025 exple-

511 1062 637 1113 re'nt
678 1053 978 1114 libidinem,
1022 1052 1356 1118 multamque
1399 1047 1663 1101 baberent
1702 1044 2072 1116 pergraecandi

513 1149 749 1219 copiam.
799 1145 896 1200 His
925 1144 1072 1198 circa
1107 1140 1313 1210 Gogum
1343 1138 1524 1193 dictis.
1560 1137 1736 1207 pergit
1767 1152 1964 1206 porro:

2171 589 2305 661 πρὸς
2335 590 2528 651 αὐτοὺς
2577 587 2714 655 ὑπὲρ
2758 585 2850 638 τοῦ
2883 583 3013 638 λαοῦ
3045 582 3136 636 τοῦ
3182 583 3316 652 ἐμοῦ
3361 584 3734 652 συγκροτήσας

2168 681 2549 751 τιμωρήσομαι
2575 677 2820 740 δικαίως,
2853 676 2994 746 ὑπὲρ
3032 668 3108 729 ὧν
3143 677 3260 728 κατ’
3298 673 3476 727 αὐτῶν
3515 673 3736 743 διεπρά-

2170 771 2349 838 ξαντο,
2377 767 2688 838 ἁπανταχοῦ
2715 784 2774 820 τε
2803 766 2996 830 αὐτοὺς
3029 766 3339 836 διασπεῖραι
3368 761 3734 834 βουληθέντες,

2168 861 2262 914 καὶ
2294 859 2557 913 διελέσθαι
2607 859 2704 930 μὲν
2742 859 2839 930 τὴν
2889 857 2994 928 γῆν
3037 859 3095 910 ἐν
3143 851 3284 929 ᾗπερ
3338 854 3479 908 κατὰ
3515 854 3738 923 γνώμην

2167 948 2344 1019 ᾤκουν
2381 948 2478 1021 τὴν
2513 947 2652 1019 ἐμὴν
2723 946 2846 1018 ἐμοὶ
2907 946 3287 1017 προσήκουσαν
3311 960 3324 974 '
3381 941 3646 996 διελέσθαι
3679 941 3738 993 δὲ

2169 1042 2355 1111 κλήρῳ
2400 1041 2494 1094 καὶ
2539 1039 2734 1102 αὐτοὺς
2782 1037 3020 1101 ἐκείνους
3047 1054 3060 1066 ο
3106 1036 3474 1106 τετολμήκασι
3516 1033 3572 1086 δὲ
3604 1033 3738 1103 πρὸς

2170 1134 2342 1187 ἅπασι
2377 1133 2471 1184 καὶ
2508 1132 2633 1194 τοὺς
2662 1130 2719 1196 ἐξ
2750 1128 2928 1183 αὑτῶν
2957 1128 3066 1180 εἴτε
3097 1126 3288 1188 παῖδας
3319 1125 3428 1179 εἴτε
3455 1124 3548 1176 καὶ
3574 1122 3741 1194 κόρας

515 1211 882 1292 ἀποδίδοσθαι·
916 1233 989 1295 ὡς
1012 1231 1076 1285 ἂν
1103 1230 1166 1300 δὴ
1196 1229 1415 1283 ἐκείνων
1442 1228 1522 1289 είς
1567 1225 1768 1296 πόρνας
1800 1242 1862 1278 τε
1904 1226 2002 1295 τὴν
2057 1223 2262 1277 οἰκείαν
2302 1220 2595 1276 ἀκολασίαν
2641 1220 3002 1282 ὲκπληοοῖειν,
3044 1217 3140 1270 καὶ
3180 1215 3380 1284 πολλὴν
3423 1214 3594 1286 ἔχοιεν
3639 1211 3742 1282 τῆς

523 1328 685 1400 μέθης
708 1328 805 1397 τὴν
829 1323 1103 1395 ἀφθονίαν·
1136 1320 1304 1374 ταῦτα
1332 1319 1437 1372 τῶν
1467 1318 1592 1387 περὶ
1621 1317 1710 1370 τὸν
1736 1316 1856 1384 Γὼγ
1883 1317 2068 1370 ἐνεκεν
2095 1312 2348 1384 εἰρηκὼς,
2380 1311 2603 1379 ἐπάγει·

559 1476 761 1534 Vens.4
782 1481 907 1536 8.-«
921 1479 1118 1537 Verum
1132 1480 1262 1552 quid
1277 1479 1473 1536 mibiet
1487 1476 1842 1550 vobis,Tyrns
1853 1484 1907 1532 et
1921 1473 2090 1531 Sidon

2247 1476 2394 1546 Στίχ.
2425 1475 2558 1546 δ’-η’.
2592 1507 2661 1517 --
2694 1474 2834 1529 «Καὶ
2876 1475 2928 1528 τί
2979 1474 3101 1544 ἐμοὶ
3145 1474 3239 1528 καὶ
3271 1473 3604 1546 ὑμῖν,Τύρος
3646 1473 3746 1526 καὶ

522 1579 579 1626 et
594 1578 704 1625 tota
723 1571 1150 1642 alienigenarum
1168 1571 1424 1628 Galilaea?
1438 1569 1695 1639 Nunquid
1711 1569 1970 1624 ultionem
1994 1580 2080 1622 vos

2184 1567 2343 1622 Σιδὼν
2391 1569 2484 1622 καί⁵
2513 1571 2663 1621 πᾶσα
2691 1568 2948 1641 Γαλιλαία
2977 1568 3324 1638 άλλοφύλων;
3377 1567 3470 1638 Μὴ
3508 1567 3747 1622 ἀνταπόο

520 1661 830 1719 retribuetis
850 1658 1022 1714 mihi?
1049 1667 1145 1712 aut
1173 1657 1309 1711 iram
1342 1657 1395 1712 in
1421 1656 1586 1710 corde
1616 1656 1860 1711 retinetis
1884 1656 2076 1709 adver-

2184 1658 2312 1729 δομα
2340 1658 2494 1729 ὑμεῖς
2521 1659 2894 1714 ἀνταποδίδοτέ
2939 1677 3062 1730 μοι,
3096 1660 3130 1730 ἢ
3167 1661 3552 1730 μνησικακεῖτε
3585 1659 3746 1728 ὑμεῖς

517 1767 612 1807 sus
644 1749 769 1805 me?
811 1747 934 1804 Cito
979 1746 1350 1816 velociterque
1379 1745 1599 1799 reddam
1641 1745 2074 1800 vicissitudinem

518 1841 671 1898 vobis
723 1855 887 1910 super
926 1839 1106 1908 capita
1140 1846 1357 1901 vestra;
1396 1851 1494 1905 pro
1516 1851 1580 1890 eo
1622 1835 1768 1905 quod
1795 1843 2076 1905 argentum

517 1946 698 1989 meum
753 1944 1055 2000 aurumque
1105 1927 1352 1997 cepistis,
1398 1934 1452 1980 et
1502 1927 1700 1980 selecta
1743 1940 1972 1996 quaeque
2016 1940 2080 1979 ac

517 2023 745 2092 pulchra
783 2021 842 2075 in
864 2018 1090 2075 delubra
1123 2025 1306 2074 vestra
1335 2016 1619 2079 intulistis,
1659 2023 1712 2070 et
1751 2014 1905 2070 Iudae
1939 2015 2080 2070 ﬁlios

519 2113 764 2182 ﬁliosque
817 2108 1155 2165 Hierusalem
1187 2106 1510 2161 vendidistis
1563 2105 1688 2160 filiis
1739 2103 2075 2168 Graecorum,

521 2214 576 2258 ut
596 2200 871 2272 ejiceretis
895 2213 992 2257 eos
1024 2199 1090 2254 de
1119 2199 1318 2253 finibus
1343 2196 1481 2251 suis.
1507 2195 1647 2251 Ecce
1671 2211 1772 2266 ego
1802 2196 2079 2251 suscitabo

516 2309 611 2349 eos
645 2292 712 2347 de
746 2293 889 2354 loco,
932 2291 986 2344 in
1017 2304 1123 2359 quo
1158 2288 1478 2344 vendidistis
1506 2303 1637 2343 eos:
1675 2295 1728 2342 et
1765 2297 2076 2341 convertam

520 2382 931 2437 retributionem
965 2387 1198 2434 vestram
1233 2377 1287 2430 in
1308 2377 1488 2446 capita
1510 2389 1688 2431 vestra
1721 2394 1734 2429 :
1764 2386 1819 2430 et
1849 2375 2076 2429 vendam

517 2472 658 2528 ﬁlios
701 2481 917 2527 vestros
963 2484 1027 2524 ac
1075 2469 1212 2524 ﬁlias
1257 2475 1464 2522 vestras
1509 2467 1565 2521 in
1606 2481 1800 2522 manus
1845 2466 2078 2520 ﬁliorum

517 2561 712 2618 Judte:
753 2561 1093 2630 vendentque
1131 2574 1225 2614 eos
1269 2559 1324 2612 in
1363 2558 1736 2628 captivitatem
1778 2559 1923 2628 genti
1960 2558 2080 2612 lon-

519 2656 770 2727 ginqua;
795 2652 1052 2724 quoniam
1092 2649 1352 2705 Dominus
1385 2649 1599 2704 locutus
1626 2657 1729 2703 est.
1770 2667 1789 2698 ι
1822 2649 2080 2714 Quando-

517 2741 732 2816 quidem
761 2741 896 2813 Gogi
933 2741 1267 2796 exercituum
1303 2739 1563 2794 adversus
1597 2737 1928 2794 Hierusalem
1963 2740 2080 2795 visa

518 2835 852 2900 incursione,
905 2830 1053 2903 Tyrii
1119 2829 1442 2900 Sidoniique
1497 2836 1552 2884 et
1610 2843 1802 2884 omnes
1865 2827 2079 2882 ﬁnitimi

519 2925 853 2996 alienigenas,
902 2923 1156 2978 idoneum
1198 2929 1414 2991 tempus
1455 2921 1695 2975 oblatum
1743 2919 1847 2974 sibi
1893 2920 2083 2974 existi-

2179 1749 2264 1801 ἐπ’
2296 1748 2454 1819 ὲμοί;
2501 1747 2694 1815 Ὀξέως
2735 1750 2827 1803 καὶ
2872 1749 3081 1821 ταχέως
3120 1748 3480 1803 ἀνταποδώσω
3515 1749 3576 1800 τὸ
3610 1749 3746 1801 ἀντ-

2177 1839 2422 1910 απόδομα
2443 1839 2594 1910 ὑμῶν
2614 1841 2692 1902 εἰς
2713 1840 2950 1908 κεφαλὰς
2967 1840 3138 1911 ὑμῶν·
3161 1839 3275 1894 ἀνθ’
3298 1832 3373 1893 ὧν
3397 1840 3456 1892 τὸ
3480 1837 3745 1912 ἀργύριον

2179 1925 2396 1979 ἐλάϐετε
2422 1965 2436 1990 ,
2484 1929 2576 1980 καὶ
2609 1927 2675 1980 τὰ
2703 1928 2958 1982 ἐπίλεκτα
2985 1929 3078 1981 καὶ
3104 1929 3176 1982 τά
3206 1928 3347 1982 καλά
3387 1927 3745 1998 εἰσηνέγκατε

2179 2018 2258 2079 εἰς
2284 2017 2406 2080 τοὺς
2435 2018 2592 2080 ναοὺς
2619 2018 2771 2088 ὑμῶν
2793 2032 2806 2045 ⁸
2855 2019 2948 2073 καὶ
2971 2020 3097 2082 τοὺς
3120 2021 3266 2082 υἱοὺς
3306 2018 3470 2071 Ἰούδα
3496 2020 3588 2072 καὶ
3617 2019 3748 2080 τοὺς

2181 2111 2328 2172 υἱοὺς
2395 2108 2738 2180 Ἰερουσαλὴμ
2783 2109 3044 2164 ἀπέδοσθε
3102 2112 3214 2173 τοῖς
3250 2111 3384 2172 υἰοίς
3413 2109 3520 2161 τῶν
3559 2107 3751 2177 Ἐλλή--

2179 2214 2304 2260 νων,
2339 2203 2414 2267 (p.
2440 2197 2562 2268 152)
2588 2199 2733 2262 ὅπως
2762 2198 2997 2270 ἐξώσητε
3023 2198 3216 2262 αὐτοὺς
3242 2201 3304 2251 ἐκ
3324 2197 3431 2250 τῶν
3452 2196 3614 2267 ὁρίων
3645 2196 3751 2247 αὑ-

2179 2286 2314 2340 τῶν·
2352 2287 2458 2340 ἰδοὺ
2483 2286 2591 2355 ἐγὼ
2618 2287 2849 2360 ἐξεγερῶ
2882 2289 3077 2350 αὑτοὺς
3117 2291 3180 2341 ἐκ
3206 2286 3296 2340 τοῦ
3328 2287 3515 2352 τόπου,
3545 2279 3605 2338 οὗ
3638 2287 3751 2337 ἀπ-

2181 2375 2361 2430 έδοσθε
2382 2377 2575 2439 αὐτοὺς
2596 2379 2734 2446 ἐκεῖ,
2749 2378 2841 2430 καὶ
2862 2377 3220 2430 ἀνταποδώσω
3243 2376 3302 2430 τὸ
3323 2377 3565 2444 ἀπόδομα
3591 2373 3751 2443 ὑμῶν

2181 2470 2260 2532 εἰς
2308 2468 2404 2530 τὰς
2434 2468 2672 2537 κεφαλὰς
2700 2466 2852 2538 ὑμῶν
2876 2485 2890 2498 ·
2939 2469 3032 2523 καὶ
3064 2466 3409 2536 ἀποδώσομαι
3438 2467 3562 2527 τοὺς
3596 2465 3751 2527 υἰοὺς

2182 2559 2334 2630 ὑμῶν
2359 2559 2452 2612 καὶ
2476 2559 2574 2622 τὰς
2601 2558 2902 2628 θυγατέρας
2933 2558 3084 2629 ὑμῶν
3113 2561 3190 2620 εἰς
3221 2560 3406 2629 χεῖρας
3431 2558 3561 2608 υίῶν
3609 2555 3750 2608 Ἰού-

2181 2652 2245 2705 δα
2273 2668 2288 2683 ⁸
2346 2651 2440 2705 καὶ
2485 2650 2853 2704 ἀποδώσονταλι
2883 2651 3079 2713 αὐτοὺς
3099 2653 3175 2713 εἰς
3207 2648 3584 2718 αἰχμαλωσίαν
3603 2688 3618 2712 ,
3663 2648 3752 2709 εἰς

2183 2742 2332 2807 ἔθνος
2362 2744 2576 2814 μακρὰν
2610 2743 2832 2813 ἀπέχον,
2854 2744 2934 2797 ὅτι
2970 2742 3172 2815 Κύριος
3199 2743 3478 2813 ἐλάλησεν.
3501 2761 3519 2794 ι
3568 2742 3756 2794 Ἐπει-

2181 2833 2245 2904 δὴ
2277 2833 2386 2906 γὰρ
2416 2836 2542 2897 τοὺς
2587 2835 2714 2905 περὶ
2751 2833 2840 2887 τὸν
2881 2833 3004 2902 Γὼγ
3037 2834 3285 2896 ἐπιόντας
3313 2834 3612 2905 ἑωρακότες
3644 2832 3753 2900 τὴν

2196 2924 2548 2996 Ἰερουσαλὴμ
2573 2964 2588 2990 ,
2626 2925 2813 2996 Τύριοί
2851 2943 2908 2978 τε
2951 2927 3046 2980 καί¹
3079 2925 3340 2988 Σιδώνιοι,
3365 2925 3563 2986 πάντες
3592 2940 3650 2976 τε
3694 2925 3752 2976 οἱ

519 3023 802 3071 maverant
827 3013 1083 3084 perdendi
1111 3012 1356 3068 funditus
1383 3012 1682 3076 Israelitas,
1715 3007 1911 3081 quibus
1941 3012 2078 3066 clam

2184 3015 2450 3086 περίοικοι
2473 3017 2584 3068 τῶν
2611 3015 2942 3084 ἀλλοφύλων,
2970 3015 3158 3086 καιρὸν
3189 3015 3330 3086 ἔχειν
3366 3013 3622 3085 ᾠήθησαν
3649 3012 3754 3065 τοῦ

520 3107 924 3172 irascebantur,
949 3113 1170 3176 propter
1194 3103 1333 3158 bella
1362 3117 1547 3158 secum
1577 3112 1748 3174 gesta,
1780 3111 1834 3156 et
1865 3103 2079 3157 illorum

525 3197 634 3254 Deo
671 3195 965 3266 adiuvante
1003 3194 1289 3261 victorias;
1336 3193 1543 3247 idcirco
1587 3195 1662 3247 ait
1699 3212 1711 3248 :
1753 3190 1865 3250 Vos
1904 3200 2080 3249 autem

521 3303 622 3344 cur
664 3290 759 3342 ira:
796 3295 1046 3350 tenaces,
1087 3293 1142 3340 et
1185 3284 1527 3340 occasionem
1567 3287 1711 3339 nacti
1753 3285 2082 3340 voluntatem

521 3387 759 3435 vestram
790 3376 1063 3448 explendi,
1099 3391 1220 3439 cur,
1259 3375 1504 3444 inquam,
1549 3384 1738 3431 contra
1793 3377 1898 3431 mei
1942 3377 2084 3446 juris

521 3470 779 3542 populum
802 3469 1084 3523 audaciam
1118 3466 1372 3523 sumitis?
1416 3466 1573 3522 Certe
1602 3467 1759 3522 velim
1789 3468 1976 3523 sciatis
2000 3483 2086 3523 me

521 3563 632 3616 cito
665 3568 905 3615 vestrum
935 3557 1038 3613 hoc
1075 3557 1365 3612 consilium
1401 3556 1756 3627 puniturum;
1797 3565 2084 3627 propterea

521 3650 666 3721 quod
699 3650 913 3705 illorum
943 3663 1075 3719 opes
1107 3655 1336 3703 cunctas
1355 3649 1648 3717 capientes,
1682 3648 1737 3701 in
1767 3648 1962 3717 templa
1994 3662 2086 3702 ve-

523 3751 638 3797 stra
661 3740 972 3797 contulistis
1003 3757 1018 3795 :
1054 3739 1278 3808 insuper
1309 3746 1364 3794 et
1394 3739 1636 3808 ipsorum
1672 3738 1812 3794 ﬁlios
1838 3737 2083 3793 vendidi-

524 3834 647 3896 stis,
688 3847 799 3886 non
832 3832 950 3888 sine
982 3845 1077 3900 spe
1104 3829 1364 3900 populum
1393 3830 1706 3884 universum
1737 3829 1934 3885 ﬁnibus
1968 3829 2084 3885 suis
2128 3827 2138 3837 ”

523 3922 824 3994 ειρειιειιιίί
853 3939 868 3977 ;
925 3921 1084 3990 cujus
1129 3921 1388 3977 facinoris
1431 3922 1565 3976 mihi
1599 3936 1804 3992 pinnas
1839 3922 2035 3977 dabitis
2067 3940 2081 3975 :

524 4028 759 4084 namque
789 4012 914 4068 illos
950 4026 1018 4065 ex
1055 4012 1428 4082 angustiarum
1456 4026 1677 4066 suarum
1711 4025 1964 4080 pressura
1990 4027 2079 4066 ex-

525 4102 757 4173 pediam,
813 4103 924 4157 imo
966 4107 1021 4156 et
1062 4100 1302 4156 hostium
1347 4115 1491 4155 nunc
1531 4101 1766 4155 victores
1798 4099 2031 4154 efﬁciam
2068 4120 2079 4153 :

523 4195 640 4264 88
671 4201 729 4246 ut
763 4193 843 4248 sic
879 4207 976 4248 vos
1004 4207 1320 4248 remunerer
1345 4205 1442 4261 pro
1474 4192 1670 4246 vestris
1695 4191 1955 4246 adversus
1991 4206 2086 4246 eos

528 4283 896 4347 facinoribus;
949 4282 1154 4351 filiique
1198 4283 1366 4337 vestri
1414 4295 1478 4335 ac
1517 4279 1640 4334 ﬁlia:
1683 4283 1737 4334 in
1770 4281 2083 4335 servitutem

526 4371 830 4443 rapiantur,
875 4386 940 4426 ac
981 4371 1172 4442 procul
1201 4370 1582 4435 divendantur,
1615 4369 1762 4424 unde
1797 4383 1892 4424 eos
1924 4385 2082 4425 recu-

469 4483 476 4517 ι
528 4476 721 4531 perare
759 4461 834 4518 sit
875 4461 1031 4518 vobis
1085 4460 1444 4532 impossibile.
1496 4459 1592 4516 His
1622 4459 1789 4515 veluti
1831 4459 2090 4513 vaticinio

526 4565 630 4606 suo
663 4549 1001 4620 interpositis
1025 4549 1173 4604 circa
1206 4547 1399 4619 Tyrios
1423 4561 1488 4602 ac
1519 4548 1796 4611 Sidonios,
1828 4558 2089 4604 cunctos-

524 4657 632 4711 que
667 4641 949 4706 ﬁnitimos,
990 4641 1086 4711 qui
1126 4654 1223 4709 per
1260 4638 1394 4693 illud
1435 4646 1653 4707 tempus
1699 4637 1850 4708 Gogo
1879 4637 1946 4692 ad
1991 4637 2090 4693 Ju-

525 4733 765 4788 dzeorum
804 4733 1100 4802 perniciem
1143 4730 1408 4794 faverant,
1447 4729 1719 4784 sermonis
1760 4730 1845 4784 sui
1893 4731 2088 4786 seriem

524 4823 874 4896 prosequitur
911 4823 990 4879 sic
1017 4839 1032 4876 :

2183 3105 2458 3170 παντελῶς
2515 3106 2774 3161 ἀπολέσαι
2839 3109 2962 3170 τοὺς
3033 3108 3371 3178 Ἰσραηλίτας
3394 3146 3410 3170 ,
3481 3121 3757 3176 μνησικα-

2182 3197 2403 3261 κοῦντες
2429 3198 2612 3260 αὑτοῖς
2649 3199 2788 3270 ὑπὲρ
2820 3191 2894 3251 ὧν
2929 3198 3346 3268 πεπολεμήκασί
3371 3213 3431 3249 τε
3463 3197 3753 3261 πολλάκις,

2183 3287 2276 3342 καὶ
2302 3292 2701 3359 κεκρατήκασιν
2727 3288 2904 3342 αὐτῶν
2935 3288 3022 3342 διά
3049 3289 3146 3359 τῆς
3190 3287 3336 3350 θείας
3367 3287 3560 3359 porr-71;,
3591 3286 3759 3339 τοῦτο

2182 3375 2328 3444 λέγει
2353 3394 2366 3406 ·
2416 3377 2602 3447 Ὑμεῖς
2631 3378 2688 3430 δὲ
2731 3376 2872 3440 τίνος
2906 3377 3089 3430 ἕνεκεν
3119 3375 3578 3448 μνησικακοῦντες
3599 3413 3614 3437 ,
3651 3375 3758 3429 καὶ

2183 3468 2371 3537 καιρὸν
2423 3470 2672 3539 εὑρόντες
2719 3468 2813 3522 τοῦ
2875 3469 2944 3522 τὰ
3005 3467 3262 3522 δοκοῦντα
3313 3465 3752 3539 διαπράξασθαι,

2181 3558 2402 3610 τοιαῦτα
2427 3559 2708 3612 κατὰιτῶν
2751 3559 2874 3629 ἐμοὶ
2918 3559 3303 3631 προσηκόντων
3331 3559 3702 3629 τετολμήκατε
3738 3575 3756 3624 ς

2188 3648 2329 3702 Ἴστε
2369 3650 2478 3720 γὰρ
2505 3651 2586 3704 ὃτι
2628 3650 2794 3716 ὀξέως
2817 3653 2945 3722 ὑμῖν
2970 3652 3154 3716 ἐπάξω
3180 3652 3277 3722 τὴν
3309 3652 3450 3723 ὑπὲρ
3482 3651 3580 3721 τῆς
3608 3649 3760 3718 γνὼ-

2187 3755 2292 3809 μης
2322 3739 2522 3810 ταύτης
2545 3742 2832 3812 τιμωρίαν,
2881 3743 2995 3796 ἀνθ’
3025 3736 3098 3796 ὦν
3132 3742 3346 3796 ἅπαντα
3371 3744 3442 3796 τὰ
3481 3742 3763 3814 προσόντα

2183 3831 2390 3894 τούτοις
2435 3831 2708 3897 λαϐόντες,
2757 3835 2836 3896 εἰς
2881 3837 3006 3897 τοὺς
3034 3836 3193 3898 ναοὺς
3237 3836 3584 3906 εἰσηνέγκατι
3621 3835 3762 3898 τοὺς

2185 3920 2479 3991 ὑμετέρους
2513 3939 2526 3952 ο
2579 3923 2658 3976 ἔτι
2707 3924 2762 3977 δὲ
2799 3926 2893 3978 καὶ
2919 3926 3045 3990 τοὺς
3095 3929 3243 3990 υἱοὺς
3271 3927 3449 3981 αὑτῶν
3479 3926 3763 3996 διαπωλή-

2187 4028 2398 4076 σαντες,
2433 4012 2606 4067 ἐλπίδι
2645 4014 2739 4068 τοῦ
2784 4017 2990 4082 πάντας
3035 4017 3230 4081 αὐτοὺς
3259 4018 3367 4071 τῶν
3395 4017 3557 4089 ὁρίων
3581 4018 3761 4070 ἐκϐα-

2183 4100 2294 4154 λεῖν
2322 4101 2429 4156 τῶν
2466 4103 2680 4157 οἰκείων
2701 4120 2714 4132 ·
2765 4099 2948 4178 ὧνπερ
2973 4102 3066 4161 οὖν
3090 4107 3232 4178 ὑμᾶς
3260 4107 3623 4177 εἰσπράξομαι
3668 4107 3762 4160 δί-

2185 4210 2305 4256 κας’
2341 4193 2416 4264 (p.
2442 4195 2562 4265 155)
2601 4196 2892 4262 ἀπαλλάξω
2916 4198 3024 4270 γάρ
3051 4199 3268 4264 τούτους
3291 4199 3388 4268 τῆς
3419 4197 3767 4268 κατεχούσης

2185 4285 2380 4348 αὐτοὺς
2402 4287 2644 4358 ἀνάγκης
2664 4304 2676 4318 ·
2709 4289 2803 4342 νῦν
2827 4290 2882 4343 δὲ
2907 4292 2999 4343 καὶ
3024 4291 3302 4362 κρείττους
3323 4290 3623 4360 ἐργάσομαι
3642 4291 3766 4344 τῶν

2188 4373 2493 4444 πολεμίων·
2539 4374 2680 4429 ὥστε
2729 4379 2819 4430 καὶ
2867 4378 2993 4447 ὑμῖν
3041 4378 3351 4443 ἀποδοῦναι,
3403 4379 3518 4431 ἀνθ’
3562 4373 3638 4432 ὧν
3671 4381 3765 4444 εἰς

2183 4465 2376 4529 αὐτοὺς
2403 4468 2766 4540 τετολμήκατε
2787 4508 2801 4533 ,
2851 4469 3033 4523 λαϐεῖν
3063 4471 3186 4535 τούς
3216 4489 3274 4524 τε
3300 4473 3448 4535 υἱοὺς
3477 4472 3630 4541 ὑμῶν
3659 4473 3767 4524 καὶ

2185 4556 2284 4619 τὰς
2313 4556 2615 4629 θυγατέρας
2647 4560 3022 4630 αἰχμαλώτους
3047 4579 3063 4593 ο
3111 4563 3202 4616 καί
3234 4563 3298 4634 δὴ
3335 4565 3428 4616 καὶ
3460 4563 3768 4617 ἀποδόσθαι

2187 4647 2382 4709 αὐτοὺς
2409 4649 2623 4720 μακράν
2657 4666 2758 4702 που
2777 4689 2793 4713 ,
2842 4649 2963 4703 ὅθεν
2999 4650 3120 4704 οὑδὲ
3147 4650 3371 4704 δυνατὸν
3400 4651 3528 4720 ὑμῖν
3555 4651 3768 4715 αὐτοὺς

2187 4737 2567 4792 ἀνασώσασθαι
2615 4739 2693 4793 ἑτι
2717 4757 2732 4772 ·
2781 4741 2953 4794 ταῦτα
2977 4743 3112 4812 πρὸς
3141 4744 3266 4806 τοὺς
3291 4742 3524 4812 Τυρίους
3558 4758 3620 4794 τε
3660 4743 3770 4794 καὶ

2195 4828 2475 4894 Σιδωνίους
2508 4831 2602 4884 καὶ
2641 4832 2766 4895 τοὺς
2809 4832 3221 4903 περιοικοῦντας
3266 4834 3511 4897 ἅπαντας
3553 4850 3773 4902 παρεν-

526 4917 657 4980 θεὶς,
692 4915 768 4978 ὡς
800 4914 867 4968 ἂν
894 4915 1012 4967 κατ’
1032 4913 1238 4964 ἐκεῖνον
1259 4909 1350 4964 τὸν
1379 4909 1567 4978 καιρὸν
1594 4909 2072 4979 ἐπικεχειρηκότας
2094 4919 2413 4989 συμπρᾶξαι
2432 4921 2544 4984 τοίς
2568 4921 2710 4992 ἀμφὶ
2727 4923 2816 4977 τὸν
2846 4923 2967 4993 Γὼγ
2983 4925 3074 4978 ἐπὶ
3102 4928 3167 4995 τῇ
3191 4926 3332 4979 κατὰ
3354 4927 3460 4980 τῶν
3491 4929 3776 4982 Ἰουδαίων

525 5009 788 5079 ἀπωλείᾳ,
819 5007 1000 5078 ἔχεται
1026 5005 1126 5075 τῆς
1154 5005 1356 5067 οἰκείας
1381 5002 1715 5069 ἀκολουθίας,
1755 5005 1850 5058 καί
1875 5021 2028 5075 φησι·

600 5185 762 5239 Vens.
791 5180 1366 5238 9-12.—¢Pra:dicate
1401 5178 1512 5232 haec
1538 5177 1592 5231 in
1628 5175 1902 5246 gentibus,
1944 5194 2071 5233 san-

527 5275 760 5329 etiﬁcate
806 5276 1028 5337 bellum,
1057 5274 1322 5328 suscitate
1358 5278 1706 5341 pugnatores,
1756 5271 1997 5325 accedite
2031 5279 2084 5325 et

528 5364 1030 5426 ascenditc,onines
1079 5362 1409 5418 bellatores:
1455 5359 1722 5414 concidite
1758 5368 1939 5413 aratra
1988 5376 2083 5415 ve-

530 5460 640 5505 stra
681 5453 733 5504 in
764 5452 990 5518 gladios,
1026 5461 1080 5506 et
1110 5449 1278 5504 falces
1300 5460 1506 5504 vestras
1539 5449 1593 5502 in
1635 5449 1893 5503 lanceas:
1935 5449 2089 5502 inﬁr-

531 5553 652 5594 mus
676 5540 840 5603 dicat,
866 5539 1041 5596 Fortis
1069 5557 1168 5610 ego
1194 5555 1312 5594 sum
1343 5559 1355 5595 :
1384 5539 1781 5609 congregemini
1804 5547 1857 5592 et
1890 5541 2085 5601 venite,

525 5646 720 5686 otnnes
750 5639 938 5698 gentes
969 5631 1035 5684 de
1075 5631 1328 5698 circuitu,
1373 5639 1428 5685 et
1476 5630 1602 5684 illuc
1641 5633 2085 5690 coacervemini:

2250 5184 2393 5254 Στίχ.
2424 5184 2590 5255 θὀιβ’.
2624 5218 2694 5228 —
2726 5191 3043 5262 «Κηρύξατε
3069 5193 3240 5248 ταῦτα
3264 5197 3321 5247 ἐν
3352 5199 3463 5260 τοῖς
3513 5197 3736 5253 ἔθνεσιν
3756 5216 3775 5231 ο

2182 5272 2439 5341 ἁγιάσατε
2482 5276 2743 5347 πόλεμον
2775 5280 3080 5352 ἐξεγείρατε
3125 5286 3250 5347 τοὺς
3279 5289 3553 5357 μαχητάς·
3588 5305 3778 5359 προσ-

2181 5366 2415 5432 αγάγετε
2453 5369 2546 5422 καὶ
2578 5370 2916 5438 ἀναϐαίνετε,
2951 5376 3149 5439 πάντες
3186 5376 3377 5448 ἄνδρες
3411 5379 3774 5450 πολεμισταί*

2186 5457 2488 5526 συγκόψατε
2534 5460 2604 5513 τά
2639 5461 2842 5532 ἄροτρα
2906 5465 3059 5534 ὑμῶν
3104 5469 3183 5530 εἰς
3229 5469 3523 5536 ῥομφαίας,
3566 5472 3664 5524 καὶ
3698 5472 3779 5527 τά

2184 5547 2424 5617 δρέπανα
2461 5550 2614 5620 ὑμῶν
2640 5555 2720 5616 εἰς
2754 5555 3128 5624 συρομάσταςο
3161 5559 3192 5609 ό
3233 5559 3493 5622 ἀδύνατος
3530 5562 3782 5628 λεγέτω,

2184 5638 2265 5690 ὅτι
2304 5637 2490 5710 Ἰσχύω
2534 5641 2682 5710 ἐγώ·
2741 5645 3150 5716 συναθροίζεσθε
3203 5649 3295 5702 καὶ
3348 5651 3785 5720 ιίσπορεύεσθι.
