3966 6134
266 261 355 318 2‘57

1281 272 1828 335 COMMENTARIUS
1859 281 1925 334 IN
1963 282 2194 340 JOELIS
2221 285 2373 344 CAP.
2415 289 2504 344 111.

3389 310 3498 368 938

269 375 432 428 πάντα
477 373 546 427 τά
598 375 753 448 ἔθνη.
796 381 1082 447 κυκλόθεν,
1126 386 1218 437 καὶ
1265 387 1564 459 συνάχθητε
1612 391 1756 444 ἐκεῖ·
1808 395 1821 444 ί

1939 395 2029 463 qui
2084 409 2404 457 mansuetus
2447 410 2584 468 erat,
2639 405 2732 460 fiat
2780 392 3023 468 bellator.
3077 431 3098 466 ν
3147 413 3298 474 Sicut
3335 433 3496 480 antea

267 465 430 532 πρᾶος
460 464 622 518 ἔσται
651 469 1010 541 πολεμιστής.
1037 491 1056 524 ι
1105 473 1190 538 Ὠς
1225 475 1334 548 γὰρ
1368 475 1522 532 εἷπεν
1560 482 1834 553 ἀνωτέρω,

263 553 338 604 ὅτι
365 553 591 618 Συνάξω
618 557 817 622 αὐτοὺς
845 559 934 614 διὰ
961 561 1061 633 τὴν
1085 566 1487 636 προρρηθεῖσαν
1515 570 1713 636 αἰτίαν,
1746 571 1838 624 οῦ-

261 658 334 692 τω
376 644 664 699 κάνταῦθα
710 647 788 711 ὡς
839 648 909 703 ἂν
963 653 1123 716 αὐτὸς
1170 655 1354 719 αὐτοῖς
1395 659 1832 732 ἐγκελευόμενος.

262 731 529 796 Ἅπαντες
563 735 658 806 δὴ,
693 741 881 809 φησιν,
916 741 1101 796 ὁπόσοι
1131 745 1332 815 ταύτην
1356 748 1508 818 ῐχετε
1548 731 1667 820 τὴν
1693 753 1832 822 γνὼ-

262 841 364 892 μην
389 827 538 880 κατὰ
569 830 684 883 τῶν
725 832 852 902 ἐμοὶ
894 835 1293 906 προσηκόντων,
1329 841 1467 910 μετὰ
1502 844 1702 913 πολλῆς
1735 846 1832 916 μὲν

259 917 561 987 συνάχθητε
583 921 687 990 τῆς
720 925 959 994 σπουδῆς
989 941 1004 955 ·
1054 931 1457 1000 συγκροτήσατε
1485 932 1542 986 δέ
1570 936 1704 1003 πρὸς
1735 936 1832 990 αύ-

255 1009 374 1070 τοὺς
405 1010 676 1081 πόλεμον·
708 1014 785 1084 (p.
809 1015 935 1086 154)
975 1019 1070 1072 καὶ
1098 1019 1161 1090 δὴ
1205 1021 1300 1074 καὶ
1330 1021 1400 1074 τὰ
1433 1024 1532 1094 τῆς
1560 1027 1831 1096 γεωργίας

251 1099 456 1168 ὄργανα
507 1105 590 1165 εἰς
619 1104 800 1158 ὃπλων
826 1108 1083 1176 μετάθετε
1115 1111 1330 1181 χρῆσιν,
1370 1113 1445 1177 ὡς
1472 1115 1539 1168 ἂν
1562 1117 1830 1186 ἀρκοῦντα

254 1191 349 1258 μὲν
380 1189 562 1260 ἔχοιτε
592 1193 665 1247 τὲ
703 1196 841 1249 ὅπλα
886 1199 965 1268 τῷ
1013 1201 1199 1271 πλήθει
1245 1202 1356 1256 τῶν
1393 1205 1648 1260 ἐπιόντων
1682 1226 1697 1240 ο
1745 1209 1831 1262 διὰ

251 1280 516 1334 πλειόνων
537 1281 762 1338 εὔκολον
792 1288 919 1356 ὑμῖν
944 1290 1050 1359 εἰη,
1089 1290 1230 1344 καθὰ
1252 1295 1586 1365 προῄρησθε,
1615 1299 1830 1354 πάντων

251 1371 595 1440 ἐργάσασθαι
622 1375 732 1429 τῶν
767 1377 1110 1448 Ἰσραηλιτῶν
1133 1383 1231 1454 τὴν
1259 1384 1548 1442 ἀπώλειαν.
1588 1385 1716 1442 Εἶτα
1735 1391 1827 1444 τοῦ

246 1458 518 1529 διεγεῖραι
546 1464 688 1534 πρὸς
712 1466 804 1519 τὸν
826 1467 1063 1538 πόλεμον
1088 1471 1283 1536 αὐτοὺς
1309 1473 1406 1544 τὴν
1433 1475 1608 1529 αἰτίαν
1635 1477 1825 1544 λέγων·

251 1567 273 1598 ι
294 1548 695 1621 Ἑξεγειρέσθω
713 1556 807 1609 καὶ
836 1558 1170 1613 άναδαινέτω
1198 1563 1371 1617 πάντα
1397 1565 1465 1618 τά
1487 1566 1611 1634 ἐθνη
1635 1570 1713 1631 εἰς
1735 1569 1830 1640 τὴν

247 1639 476 1692 κοιλάδα
541 1643 812 1714 Ἰωσαφὰτ
837 1687 852 1708 ,
908 1648 991 1701 ὅτι
1041 1650 1158 1703 ἐκεῖ
1201 1651 1374 1705 καθιῶ
1418 1655 1510 1707 τοῦ
1555 1639 1826 1728 διακρῖναι

246 1730 423 1783 πάντα
447 1732 522 1785 τὰ
547 1733 679 1804 ἐθνη
709 1736 989 1793 κυκλόθεν.
1015 1757 1036 1790 ι
1075 1740 1215 1794 Πᾶσι
1241 1742 1350 1812 γὰρ
1379 1743 1504 1812 ὑμῖν
1534 1719 1824 1801 κατὰπαυ-
1861 1719 1898 1774 Β

249 1820 335 1873 τὺν
364 1824 645 1878 συνελθεῖν
673 1825 1016 1898 βουλομένοις
1044 1829 1182 1884 κατὰ
1209 1831 1318 1886 τῶν
1345 1834 1444 1904 τὴν
1475 1835 1822 1909 Ἰερουσαλὴμ

252 1912 565 1977 οἰκούντων,
598 1917 879 1988 ἐπιτρέπω
911 1919 1068 1973 τοῦτο
1093 1924 1268 1976 nater
1291 1939 1304 1952 ·
1341 1925 1416 1986 ὡς
1441 1923 1506 1978 ἂν
1529 1926 1713 1981 αὐτόθι
1745 1929 1822 1981 δί-

1934 484 2165 554 dixerat,
2193 503 2253 545 se
2283 491 2406 548 illos
2435 494 2508 550 oh
2535 497 2850 564 pradictam
2873 516 3092 559 causam
3113 508 3493 583 collecturum,

1935 575 2009 629 ita
2071 593 2216 633 nunc
2279 595 2431 637 more
2497 584 2819 654 imperantis
2877 590 3019 649 idem
3075 596 3280 654 eisdem
3337 575 3490 662 dicit.

1932 664 2150 730 Cuncti,
2185 671 2382 740 inquit,
2410 674 2502 742 qui
2533 674 2634 731 hac
2656 687 2837 734 mente
2860 684 2995 740 estis
3023 685 3288 745 adversus
3321 706 3492 759 meos,

1934 758 2104 812 multa
2144 775 2272 816 cum
2305 761 2657 824 festinatione
2685 776 3106 844 congregemini,
3132 779 3331 838 bellum
3355 758 3492 840 con?-

1932 852 2016 898 tra
2065 848 2164 904 hos
2202 853 2454 918 conflate,
2496 866 2550 912 et
2596 859 2713 931 ipsa
2752 864 3097 933 agricultura:
3135 870 3494 930 instrumenta

1932 937 1998 991 ad
2052 955 2328 999 armorum
2386 962 2544 1002 usum
2579 955 3005 1021 accommodate,
3049 968 3108 1014 ut
3141 962 3494 1022 sufﬁcientem

1933 1027 2266 1085 multitudini
2296 1033 2530 1091 militum
2565 1053 2840 1098 armorum
2864 1047 3074 1116 copiam
3109 1049 3374 1108 habeatis.
3403 1053 3496 1109 Sic

1941 1124 2104 1171 aucto
2163 1135 2426 1188 numero,
2486 1125 2645 1186 facile
2695 1133 2846 1188 vobis
2900 1136 3027 1200 crit,
3093 1147 3253 1207 prout
3304 1141 3490 1207 vultis,

1939 1204 2304 1265 lsraelitarum
2351 1216 2592 1272 omnium
2629 1222 2896 1277 excidium
2930 1204 3256 1296 perpetrare.
3293 1204 3494 1287 Deinde

1931 1311 2150 1353 causam
2181 1318 2485 1373 exponens,
2515 1309 2586 1364 ob
2615 1327 2776 1380 quam
2819 1314 2942 1370 illos
2975 1317 3041 1370 ad
3086 1318 3286 1374 bellum
3313 1323 3494 1378 susci-

1932 1393 2144 1455 taverit,
2184 1411 2203 1444 ι
2238 1394 2611 1470 Consurgant,
2650 1403 2847 1475 inquit,
2882 1415 2936 1462 et
2965 1411 3262 1467 ascendant
3299 1428 3493 1472 omnes

1930 1491 2116 1549 gentes
2131 1485 2185 1539 in
2203 1487 2392 1543 vallem
2415 1487 2839 1565 Josaphat,quia
2860 1497 2934 1553 ibi
2966 1502 3167 1558 sedebo
3187 1513 3243 1558 ut
3253 1503 3492 1573 judicent

1929 1586 2120 1629 omnes
2139 1585 2326 1645 gentes
2355 1581 2409 1635 in
2452 1583 2705 1640 circuitu.
2747 1605 2768 1639 ι
2809 1586 3011 1646 Omnes
3045 1606 3164 1658 vos,
3204 1595 3298 1663 qui
3328 1593 3495 1650 simul

1930 1662 2094 1719 vultis
2119 1665 2378 1724 adversus
2410 1669 2746 1730 Hierusalem
2783 1677 2991 1736 incolas
3021 1662 3272 1752 praliari,
3311 1685 3365 1741 id
3392 1701 3493 1756 ego

1928 1760 1988 1806 ut
2014 1757 2186 1824 agatis
2221 1758 2430 1828 sinam;
2458 1765 2585 1833 quia
2619 1766 2732 1822 illic
2761 1783 2952 1838 ρωποι
2973 1769 3042 1827 de
3069 1773 3297 1828 audacia
3331 1785 3384 1831 et
3411 1775 3492 1830 fa-

1927 1845 2109 1900 cinore
2156 1847 2262 1901 isto
2313 1867 2546 1916 sumam,
2602 1870 2797 1913 omnes
2852 1874 3260 1932 quaqueversus
3325 1867 3491 1921 variis

1927 1937 2194 1992 mortibus
2220 1940 2532 1999 absumens.
2569 1947 2708 2012 Quid
2735 1951 2898 2020 ergo?

251 2018 347 2062 κας
379 2003 529 2072 ὑμᾶς
553 2006 958 2079 εἰσπραξαίμην
985 2010 1078 2064 τοῦ
1118 2030 1175 2065 τε
1207 2013 1554 2088 τολμήματος
1608 2020 1702 2072 καὶ
1747 2021 1846 2090 τῆς
1891 2023 2276 2098 ἐπιχειρήσεως
2318 2032 2538 2105 ταύτης,
2577 2003 2826 2104 imm:
2856 2043 3187 2115 πανταχόθεν
3228 2048 3491 2104 ποικίλοις

253 2089 451 2115 ἄνκὶὲ.-.
475 2091 696 2115 Δ--.ι---
717 2111 732 2115 -
785 2096 849 2115 ηιμ
885 2093 932 2115 ,‘I’

252 2089 451 2143 ἀνελὼν
475 2091 752 2157 θανάτοις.
785 2096 849 2148 Τί
874 2093 966 2150 οὖν
988 2116 1003 2165 ;

314 2211 465 2280 Στέχ.
501 2219 589 2280 ιγ’.
619 2241 688 2250 -
721 2233 741 2263 ι
765 2215 1205 2280 Ἐξαποστείλατε
1251 2222 1524 2294 δρέπανα,
1565 2227 1646 2280 ὅτι
1681 2243 1819 2296 παρ-

244 2295 474 2365 έστηκεν
496 2301 527 2350 6
546 2302 834 2371 τρυγητὸςο
859 2305 1256 2377 εἰσπορεύεσθε,
1277 2315 1518 2379 πατείτε,
1539 2315 1672 2368 διότι
1695 2295 1820 2387 πλη-

243 2403 344 2455 ρης
367 2389 399 2457 ἡ
425 2388 611 2457 ληνὸς,
645 2392 962 2462 ὑπερχείται
991 2396 1058 2449 τὰ
1085 2398 1370 2469 ὑπολήνια·
1400 2402 1480 2455 ὄτι
1508 2403 1816 2476 ἐπληθύνθη

243 2478 311 2528 τὰ
345 2479 496 2531 κακὰ
530 2479 731 2534 αὐτῶν.
764 2500 784 2532 ο
833 2485 1090 2549 Τοσοῦτος
1133 2489 1237 2559 γὰρ
1276 2489 1425 2544 ἔσται
1458 2493 1615 2561 φόνος
1639 2495 1816 2549 αὐτῶν

245 2564 341 2616 καὶ
362 2566 604 2638 τοσαύτη
627 2570 831 2634 πτῶσις
850 2573 1063 2628 πάντων
1077 2577 1250 2630 αὐτῶν
1274 2582 1391 2632 κατ’
1411 2581 1650 2653 ἀλλήλων
1671 2585 1817 2639 ὁπλι-

245 2655 490 2724 ζομένων
509 2699 526 2723 ,
577 2659 720 2712 ὥστε
753 2665 866 2726 τοῖς
895 2664 992 2735 τὴν
1031 2665 1284 2721 Ἰουδαίαν
1312 2670 1551 2726 οἰκοῦσιν
1587 2675 1714 2744 ὑμῖν
1741 2677 1814 2749 μη

245 2744 624 2834 πολέμου-δεῖν
641 2765 655 2779 ο
679 2750 813 2804 ἀλλὰ
839 2753 946 2823 γὰρ
965 2755 1167 2810 οἴεσθαι
1192 2761 1458 2829 τρυγητόν
1481 2779 1602 2816 τινα
1628 2744 1816 2834 παρείλ

246 2850 353 2894 ναι,
384 2836 444 2885 ἐν
475 2829 631 2908 ᾧπερ
663 2839 946 2909 δρεπάνων
968 2846 1124 2914 χρεία
1153 2847 1208 2900 δὲ
1239 2849 1330 2902 καὶ
1360 2849 1468 2903 τῶν
1507 2854 1818 2908 πατούντων

247 2923 344 2992 τὴν
368 2923 551 2994 ληνόν,
582 2929 659 2991 ὡς
694 2930 760 2983 ἂν
792 2932 1170 3005 ἐκθλιϐόμενος
1193 2935 1335 3004 οἶνος
1367 2942 1532 3014 ἐκρέῃ
1557 2959 1569 2972 ·
1611 2946 1818 2999 τοιοῦτο

1924 2951 2098 3008 efﬂuat
2143 2974 2157 3009 :
2186 2923 2351 3012 nam"
2366 2923 2420 3014 et

247 3014 359 3083 γὰρ
382 3015 444 3086 δή
476 3033 531 3069 τι
559 3020 654 3071 καὶ
693 3019 787 3074 νῦν
815 3023 1059 3091 γίγνεται
1085 3045 1096 3058 ·
1142 3028 1217 3098 (p.
1250 3031 1373 3098 155)
1415 3032 1598 3104 ἐπειδὴ
1637 3037 1742 3107 γὰρ
1789 3039 1818 3090 6

250 3110 491 3180 πόλεμος
533 3117 600 3184 τῇ
631 3115 858 3188 δυνάμει
900 3122 1254 3192 κατορθοῦται
1285 3128 1426 3196 ἐμῇ,
1475 3128 1568 3180 καὶ
1617 3130 1817 3193 πάντες

243 3197 526 3255 ῑκκεινται
557 3207 678 3268 ταῖς
730 3211 978 3276 σφαγαῖς,
1028 3212 1170 3281 ὑμᾶς
1216 3214 1318 3285 χρὴ
1366 3218 1638 3288 παρόντας
1683 3222 1817 3292 όρᾷν

245 3294 522 3363 τρυγητοῦ
573 3297 673 3366 μὲν
721 3298 878 3370 δίκην
922 3301 1108 3375 ὥσπερ
1153 3305 1302 3368 τινὰς
1345 3306 1576 3380 βότρυας
1626 3328 1815 3380 τεμνο-

247 3382 448 3450 μένους
494 3400 590 3445 τε,
628 3385 721 3438 καὶ
765 3386 851 3440 ἐπ’
883 3388 1129 3460 ἀλληλοις
1179 3392 1475 3458 πίπτοντας
1525 3401 1642 3462 ταῖς
1678 3416 1815 3468 σφα-

244 3475 370 3541 ταῖς
390 3490 404 3502 ·
454 3473 580 3528 καθ’
608 3477 899 3549 ὁμοιότητα
920 3479 976 3532 δὲ
1002 3479 1159 3551 ληνοῦ
1193 3486 1532 3556 πατουμένης
1561 3489 1818 3559 ὑπερχεό-

247 3581 411 3634 μενον
439 3565 504 3618 τὺ
529 3567 638 3619 τῶν
666 3570 1074 3641 ἀναιρουμένων
1110 3571 1247 3644 αἷμα
1281 3592 1294 3604 ·
1339 3576 1510 3638 οὕτως
1542 3580 1717 3633 αὐτῶν
1750 3582 1819 3634 τὰ

245 3653 394 3707 κακὰ
440 3654 898 3728 σι’-,ληθυνθησεται,
943 3660 1037 3714 καὶ
1083 3664 1333 3729 τοσοῦτος
1378 3667 1552 3719 αὐτῶν
1595 3672 1623 3721 6
1663 3670 1818 3739 φόνος

244 3746 560 3815 γενήσεται,
598 3749 695 3818 οὐχ
729 3750 880 3820 ὑμῶν
909 3751 1305 3823 πολεμούντων,
1340 3757 1453 3810 ἀλλ’
1489 3759 1710 3814 ἐκείνων
1741 3763 1818 3824 εἰς

244 3835 515 3904 ἀλλήλους
545 3838 643 3900 τὰς
669 3839 874 3904 οἰκείας
903 3842 1210 3911 τρεπόντων
1241 3845 1438 3910 δεξιάς,
1476 3849 1614 3902 κατὰ
1643 3848 1703 3902 τὸ
1728 3849 1815 3904 δο-

244 3924 376 3978 κοῦν
402 3926 548 3995 ἐμοί.
587 3923 720 3980 Εἶτα
746 3931 840 3981 καὶ
861 3929 930 3983 τὰ
957 3931 1083 4000 ἑξῆς
1109 3933 1416 3998 ἀκολούθως
1448 3936 1615 4005 λέγει.

312 4036 467 4105 Στίχ.
502 4035 677 4101 ιδ’-ιζ’.
719 4069 768 4078 -
822 4057 840 4091 ι
881 4035 1046 4110 Ἦχοι
1093 4040 1365 4114 ἐξήχησαν
1399 4045 1457 4096 ἐν
1498 4047 1563 4115 τῇ
1617 4046 1817 4099 κοιλάδι

244 4127 348 4196 τῆς
380 4127 561 4196 δίκης,
612 4130 692 4182 ὃτι
734 4131 898 4198 ἐγγὺς
941 4131 1123 4202 ἡμέρα
1155 4134 1360 4204 Κυρίου
1409 4136 1468 4187 ἐν
1515 4138 1580 4205 τῇ
1616 4136 1819 4190 κοιλάδι

240 4220 345 4286 τῆς
377 4217 557 4285 δίκης.
603 4237 623 4268 ι
660 4217 882 4290 Φοδεροὶ
911 4222 1020 4291 γὰρ
1053 4217 1174 4292 ἦχοί
1201 4242 1343 4288 τινες
1371 4227 1435 4277 ἐκ
1455 4225 1549 4277 τοῦ
1585 4225 1818 4296 πλήθους

1999 2225 2161 2283 Vens.
2187 2230 2270 2284 l3.
2293 2260 2362 2273 -—
2383 2251 2400 2283 ι
2430 2232 2623 2292 Mittite
2641 2237 2828 2304 falces,
2845 2244 3098 2309 quoniam
3121 2245 3274 2300 adest
3289 2247 3485 2302 vinde-

1920 2321 2048 2375 mia:
2066 2321 2305 2388 introite,
2319 2328 2543 2394 calcate,
2557 2330 2680 2398 quia
2695 2333 2909 2400 plenum
2927 2344 3011 2391 est
3025 2339 3283 2401 torcular,
3298 2339 3488 2395 redun-

1921 2411 2052 2465 dant
2076 2415 2355 2483 supposita
2374 2417 2530 2472 solia.
2544 2437 2562 2470 ι
2584 2418 2754 2476 Tanta
2771 2424 2876 2478 erit
2899 2425 3112 2480 illorum
3131 2430 3354 2494 occisia,
3372 2439 3491 2484 tnu-

1921 2509 2084 2572 taque
2113 2513 2322 2575 strages
2344 2506 2457 2578 89
2474 2508 2709 2566 hostium
2744 2515 2798 2567 in
2823 2523 3062 2570 mutuam
3084 2520 3283 2574 eadem
3335 2536 3485 2576 arma

1918 2594 2264 2656 vertentium.
2307 2606 2366 2651 ut
2413 2599 2569 2656 vobis
2623 2600 2821 2659 Iudaea:
2860 2605 3054 2663 incolis
3096 2623 3335 2680 pugnare
3378 2627 3486 2668 non

1916 2685 1986 2738 sit
2008 2689 2377 2743 necessarium
2412 2709 2425 2744 :
2468 2690 2798 2749 vindemiam
2832 2697 3123 2767 quamdam
3155 2702 3356 2756 Instare
3384 2717 3483 2771 pu-

1915 2776 2062 2839 telis,
2101 2779 2187 2831 cui
2228 2779 2534 2836 recidenda:
2577 2784 2811 2844 falcibus
2843 2802 2982 2857 Opus
3019 2797 3143 2846 est:
3186 2793 3313 2847 item
3344 2803 3482 2863 opus

1916 2866 2023 2920 erit
2083 2868 2427 2927 calcantibus
2495 2877 2791 2937 torculare,
2837 2885 2897 2933 ut
2950 2895 3266 2950 expressum
3298 2885 3481 2938 vinum

2462 2976 2606 3017 nunc
2647 2963 2825 3021 simile
2864 2968 2995 3037 quid
3036 2970 3151 3025 fieri
3193 2975 3479 3045 contingit.

1920 3042 2057 3107 Quia
2077 3048 2221 3102 enim
2253 3047 2452 3104 bellum
2494 3055 2734 3122 potentia
2773 3071 2888 3112 mea
2917 3057 3148 3117 feliciter
3169 3042 3406 3133 geritur,
3428 3076 3482 3122 et

1917 3148 2106 3191 omnes
2155 3139 2395 3194 caedibus
2424 3144 2844 3213 contraduntur,
2879 3164 2976 3206 vos
3015 3151 3234 3221 quidem
3269 3165 3483 3227 specta-

1917 3227 2040 3281 culo
2069 3227 2260 3284 adesse
2288 3231 2462 3297 decet,
2496 3237 2803 3305 spectantes
2839 3248 3100 3312 tanquam
3129 3245 3182 3298 in
3212 3246 3480 3304 vindemia

1919 3330 2258 3374 racemorum
2287 3323 2458 3376 instar
2489 3325 2651 3379 veluti
2681 3342 2874 3393 caesos,
2905 3339 2959 3384 et
2979 3332 3184 3389 mutuis
3208 3336 3480 3405 stragibus

1921 3403 2068 3459 humi
2101 3415 2428 3476 prostratos,
2481 3420 2536 3466 et
2572 3417 2730 3484 quasi
2767 3416 2835 3472 de
2878 3420 3136 3475 torculari
3164 3403 3374 3477 calcato
3403 3426 3480 3479 ef-

1920 3494 2172 3551 fluentem
2217 3499 2527 3557 occisorum
2569 3505 2910 3576 sanguinem.
2961 3506 3053 3562 Sic
3094 3523 3282 3563 eorum
3339 3513 3477 3564 mala

1917 3589 2366 3659 cumulabuntur;
2388 3599 2646 3664 tantaque
2671 3595 2762 3650 fiet
2789 3597 3030 3665 ipsorum
3067 3598 3294 3662 occisia,
3335 3599 3476 3654 haud

1915 3681 2286 3748 pugnantibus
2310 3684 2482 3747 vobis,
2509 3685 2603 3740 sed
2626 3685 2734 3740 illis
2756 3695 2943 3741 contra
2972 3702 3032 3743 se
3055 3695 3241 3744 mutuo
3260 3689 3480 3749 dextras

1923 3771 2282 3827 vertentibus.
2322 3772 2526 3830 Deinde
2563 3786 2618 3830 et
2643 3777 2852 3846 reliqua
2895 3788 3266 3836 consentanea
3294 3789 3480 3838 tenore

1921 3862 2282 3930 prosequitur.

1991 4035 2154 4092 Vsus.
2197 4038 2380 4092 1447.
2412 4071 2481 4082 -
2512 4059 2532 4090 ε
2577 4041 2800 4097 Sonitus
2830 4045 3069 4099 exauditi
3108 4054 3237 4100 sunt
3269 4048 3321 4101 in
3343 4048 3481 4104 valle

1914 4125 2127 4194 judicii,
2151 4129 2277 4197 quia
2296 4145 2461 4200 prope
2492 4139 2578 4187 est
2603 4133 2719 4188 dies
2737 4131 2952 4190 Domini
2983 4137 3038 4191 in
3064 4137 3202 4193 valle
3219 4138 3428 4207 judicii.
3453 4159 3473 4193 ο

1919 4213 2051 4270 Nam
2079 4219 2290 4273 sonitus
2318 4220 2537 4289 quidam
2575 4222 2842 4280 terribiles
2871 4240 2936 4280 ex
2957 4227 3261 4283 occisorum
3291 4231 3345 4284 in
3377 4230 3477 4286 hac

237 4307 351 4360 τῶν
371 4308 782 4377 ἀναιρουμένων
815 4311 907 4363 ἐπὶ
935 4314 1035 4381 τῆς
1067 4313 1308 4376 κοιλάδος
1340 4316 1653 4385 γενήσονται
1683 4318 1816 4370 ταύ-

1924 4307 2059 4362 valle
2088 4309 2433 4365 multitudine
2462 4310 2610 4377 ﬁent,
2659 4313 2712 4367 in
2742 4329 2847 4383 qua
2879 4330 3068 4385 poenas
3112 4318 3181 4372 ah
3214 4319 3294 4374 eis
3318 4335 3477 4392 repo-

238 4413 360 4467 της,
394 4399 456 4449 ἐν
556 4397 616 4449 δὲ
639 4397 739 4461 τὰς
763 4399 917 4463 δίκας
961 4401 1156 4464 αὐτοὺς
1183 4403 1543 4474 εἰσπράξομαι
1572 4406 1664 4458 τοῦ
1695 4407 1815 4459 καθ’

241 4487 396 4558 ὑμῶν
424 4486 777 4557 τολμήματος
799 4505 812 4517 ’
845 4489 1065 4543 κοιλάδα
1095 4490 1203 4561 γὰρ
1235 4491 1387 4561 δίκης
1414 4493 1511 4563 τὴν
1551 4494 1643 4547 τοῦ
1703 4497 1816 4548 Ἰω-

244 4579 425 4646 σαφὰτ
453 4579 736 4642 ἐκάλεσεν,
773 4579 879 4634 ἀπὸ
911 4580 1012 4650 τῆς
1049 4583 1317 4653 τιμωρίας
1340 4585 1438 4653 τῆς
1470 4586 1657 4638 αὐτόθι
1689 4588 1818 4654 μελ-

242 4667 440 4739 λούσης
467 4666 771 4735 ἐπάγεσθαι
800 4669 1025 4733 ἐκείνοις
1056 4672 1203 4742 παρὰ
1229 4671 1322 4724 τοῦ
1351 4673 1504 4725 Θεοῦ.
1534 4692 1552 4724 ι
1594 4675 1650 4727 '0
1671 4676 1818 4745 ἥλιος

244 4761 336 4812 καὶ
359 4763 394 4830 ἡ
431 4759 636 4829 σελήνη
671 4761 1078 4824 συσκοτάσουσι,
1113 4761 1208 4815 καὶ
1251 4762 1304 4814 οἱ
1335 4764 1562 4833 ἀστέρες
1601 4765 1818 4817 δύσουσι

244 4851 302 4905 τὸ
351 4852 563 4920 φέγγος
613 4851 812 4904 αὐτῶν.
881 4871 899 4904 ι
971 4852 1300 4916 Ἀκολούθως
1358 4851 1530 4917 εἶπεν,
1582 4856 1664 4908 ὅτι
1708 4857 1820 4919 τοῖς

246 4938 667 5010 ἀναιρουμένοις
693 4939 795 4992 οὐκ
823 4939 976 4993 ἔσται
1010 4941 1121 5009 φῶς
1141 4959 1155 4974 ·
1183 4944 1330 5006 ὅπως
1366 4943 1429 5014 δὴ
1459 4944 1630 4998 ταῦτα
1661 4948 1820 5015 γενή-

248 5048 395 5086 σεται
448 5031 652 5102 δηλῶν,
683 5033 913 5101 ἐπάγειο
947 5052 968 5084 ι
1020 5033 1077 5087 Ὀ
1109 5034 1165 5086 δὲ
1209 5035 1411 5106 Κύριος
1459 5037 1818 5108 ἀνακράξεται

246 5124 305 5176 ἐκ
348 5123 520 5177 Σιών*
573 5123 976 5195 άνακράξεται,
1024 5125 1118 5176 καὶ
1158 5125 1215 5190 ἐξ
1257 5126 1605 5196 Ἰερουσαλὴμ
1657 5125 1818 5180 δώσει

247 5217 422 5288 φωνὴν
457 5214 652 5278 αὑτοῦ,
689 5215 784 5268 καὶ
815 5213 1162 5284 σεισθήσεται
1195 5218 1224 5266 6
1263 5216 1487 5285 οὐρανὸς
1523 5217 1615 5268 καὶ
1650 5218 1682 5286 ἠ
1716 5218 1815 5286 γῆ·

246 5307 344 5359 ὁδε
379 5306 592 5378 Κύριος
625 5305 873 5375 φείσεται
901 5303 995 5358 τοῦ
1033 5303 1162 5357 λαοῦ
1196 5304 1358 5358 αὑτοῦ
1382 5321 1393 5332 ·
1428 5306 1523 5358 καὶ
1555 5306 1819 5375 ἐνισχύσει

245 5397 438 5468 Κύριος
476 5399 606 5462 τοὺς
649 5398 803 5460 υἱοὺς
845 5395 1094 5466 ’1σραήλ’
1131 5396 1222 5450 καὶ
1257 5395 1525 5463 γνώσεσθε
1578 5397 1659 5448 ὅτι
1711 5396 1819 5463 ἐγὼ

248 5487 440 5558 Κύριος
488 5490 519 5541 6
564 5487 699 5551 Θεὸς
748 5484 933 5558 ὑμῶν,
977 5484 1333 5554 κατασκηνῶν
1364 5485 1421 5536 ἐν
1450 5483 1584 5536 Σιὼν
1616 5485 1672 5536 ἐν
1706 5484 1819 5553 δρει

248 5579 373 5650 ἁγίῳ
409 5599 533 5652 μου.
579 5600 601 5636 ι
653 5581 735 5653 (p.
793 5577 925 5648 156)
969 5578 1139 5641 Αὐτὸς
1179 5577 1308 5648 γὰρ,
1343 5575 1527 5647 φησιν,
1565 5577 1593 5628 6
1631 5577 1760 5639 Θεὸς
1795 5579 1822 5629 ὁ

249 5670 297 5722 ἐν
321 5672 454 5726 Σιὼν
483 5669 871 5746 προσάγεσθαι
903 5667 1004 5739 τὴν
1035 5668 1264 5739 νόμιμον
1319 5665 1613 5737 θεραπείαν
1651 5666 1818 5728 τάξας

1919 4411 2067 4451 scam
2107 4401 2192 4452 sui
2244 4407 2432 4452 contra
2467 4415 2564 4454 vos
2592 4416 2778 4458 ausus.
2814 4403 3020 4459 Etenim
3043 4406 3235 4475 judicii
3281 4410 3470 4465 vallem

1917 4486 2047 4541 dicit
2089 4488 2369 4558 Josaphati
2428 4490 2642 4552 vallem,
2701 4506 2730 4545 a
2791 4506 2949 4561 poena
2994 4511 3114 4563 quae
3153 4497 3263 4550 illic
3305 4514 3331 4550 a
3371 4497 3478 4553 Deo

1918 4579 2168 4634 hostibus
2211 4580 2534 4649 imponenda
2564 4590 2700 4635 erat.
2741 4601 2759 4633 ι
2797 4583 2887 4637 Sol
2921 4592 2975 4637 et
3013 4585 3139 4638 luna
3187 4587 3351 4640 simul
3375 4588 3476 4642 ob-

1917 4667 2301 4731 scurabuntur,
2325 4676 2380 4723 et
2403 4670 2572 4724 stella:
2589 4671 2864 4726 retrahent
2889 4673 3225 4742 splendorem
3244 4691 3424 4732 suum.
3450 4697 3470 4731 ι

1917 4755 2036 4811 Non
2091 4759 2390 4829 incongrue
2454 4760 2609 4827 dicit,
2662 4763 2858 4817 occisis
2905 4763 3086 4818 lumen
3137 4764 3473 4822 defuturum.

1919 4846 2200 4912 Quomodo
2235 4855 2412 4904 autem
2438 4849 2550 4904 haec
2578 4852 2709 4905 tient
2736 4850 3040 4914 declarans,
3067 4852 3142 4905 ait
3181 4870 3194 4906 :
3242 4871 3260 4905 ι
3301 4853 3479 4908 1)οωί-

1919 4953 2022 4993 nus
2054 4947 2232 4995 autem
2256 4939 2324 4996 de
2352 4939 2516 4994 Sione
2543 4940 2828 5007 clamabit;
2856 4942 3133 5008 clamabit,
3161 4950 3215 4997 et
3246 4958 3313 4996 ex
3354 4944 3476 4998 Hie-

1920 5030 2156 5084 rusalem
2214 5031 2362 5085 dabit
2407 5045 2594 5085 vocem
2640 5046 2794 5086 suam
2831 5052 2844 5086 :
2895 5040 2948 5088 ct
2997 5035 3193 5087 coelum
3236 5047 3299 5086 ac
3333 5040 3476 5088 terra

1920 5123 2318 5176 concuticmur.
2359 5123 2618 5178 Dominus
2639 5133 2816 5179 autem
2843 5131 3025 5193 parcet
3050 5125 3248 5193 populo
3273 5139 3396 5189 suo,
3426 5134 3478 5179 et

1919 5212 2199 5266 roborabit
2236 5212 2498 5267 Dominus
2547 5213 2686 5268 filios
2720 5213 2956 5268 lsraelis.
3001 5211 3067 5265 Et
3119 5213 3307 5267 scietis
3350 5216 3477 5282 quin

1919 5318 2019 5372 ego
2059 5302 2319 5356 Dominus
2369 5303 2511 5358 Deus
2567 5314 2766 5366 vester,
2819 5303 3068 5358 habitans
3114 5303 3169 5359 in
3211 5305 3375 5360 Sione
3424 5307 3476 5359 in

1922 5402 2105 5449 monte
2151 5402 2342 5449 sancto
2384 5408 2523 5446 meo.
2574 5412 2592 5445 ι
2633 5393 2773 5462 Ipse,
2815 5396 3011 5463 inquit,
3053 5395 3338 5460 Dominus,
3385 5401 3479 5468 qui

1922 5486 2024 5540 sibi
2053 5486 2108 5538 in
2143 5483 2306 5538 Sione
2337 5483 2635 5552 legitimum
2661 5484 2865 5537 cultum
2896 5487 3135 5542 exhiberi
3170 5492 3478 5555 constituit,

1924 5589 2168 5644 magnam
2227 5573 2487 5627 adversus
2538 5573 2722 5629 hostes
2777 5589 2959 5628 vocem
3014 5579 3242 5641 emittet,
3299 5597 3326 5632 a
3372 5596 3479 5649 qua

1923 5664 2117 5718 cmlum
2145 5678 2207 5717 ac
2240 5673 2383 5718 terra
2413 5663 2663 5730 quassari
2698 5665 3089 5733 propemodum
3131 5669 3477 5735 videbuntur,
