3966 6134
511 275 614 331 259

1714 263 2057 319 TllEODORl
2091 263 2568 320 MOPSUESTENI

3651 255 3756 312 210

513 388 584 442 ob
640 391 932 440 eventuum
981 381 1408 442 mirabilitatcm,
1468 387 1778 448 tantamque
1835 385 2072 449 stragem

2189 379 2370 449 ἑαυτῷ,
2409 379 2646 448 μεγάλην
2679 376 2795 429 κατ’
2822 373 2999 427 αὐτῶν
3029 375 3228 442 ἀφησει
3279 371 3376 440 τὴν
3410 371 3626 438 φωνήν
3659 370 3752 437 ἀφ’

514 484 623 528 tam
661 474 770 544 9o
804 473 1079 542 inopinate
1112 471 1334 534 editam,
1371 469 1464 524 Dei
1487 483 1672 540 opera,
1706 467 1922 522 interim
1959 467 2074 522 suis

515 567 812 635 parcentis,
863 563 1141 631 fortesque
1188 562 1242 616 in
1288 569 1582 630 conspectu
1615 559 1851 613 hostium
1891 565 2075 612 osten-

514 655 694 711 dentis
728 673 740 708 :
782 665 840 708 ut
878 653 1136 708 omnibus
1207 651 1554 706 manifestum
1601 649 1691 703 fiat
1738 649 1914 719 ipsum
1949 663 2074 703 vere

514 745 680 800 Deum
734 760 856 800 esse
910 742 1295 807 universalem,
1342 754 1397 799 et
1464 741 1752 796 Dominum
1816 742 1965 794 illum
2020 743 2074 796 in

516 832 680 888 Sione
710 841 894 888 monte
920 832 1025 887 coli
1055 832 1295 888 solitum.

595 1161 756 1217 Vens.
812 1161 1001 1217 18-21.
1036 1191 1106 1204 —
1141 1181 1159 1213 ι
1197 1163 1262 1215 Ει
1292 1163 1394 1216 erit
1424 1161 1758 1217 Hicrusalcm
1793 1169 1998 1229 sancta,
2027 1170 2080 1218 et

518 1254 834 1324 alienigenae
888 1270 995 1309 non
1028 1254 1339 1308 transibunt
1402 1255 1498 1324 pe‘r
1546 1268 1662 1307 eam
1709 1255 1962 1323 amplius.
2016 1253 2081 1307 Et

515 1344 619 1399 erit
652 1345 740 1399 die
779 1345 890 1408 illa,
928 1344 1214 1400 stillabunt
1242 1350 1455 1398 montes
1484 1345 1848 1408 dulcedinem,
1881 1353 1936 1400 et
1965 1343 2081 1398 eol—

518 1434 597 1488 les
626 1433 797 1488 ﬂuent
836 1434 998 1496 lacte,
1040 1442 1094 1489 et
1127 1449 1320 1488 omnes
1365 1434 1690 1507 emissiones
1730 1434 1883 1490 Judaa
1913 1435 2081 1489 ﬂuent

516 1521 672 1594 aquis
709 1542 721 1577 :
755 1531 807 1578 et
836 1523 954 1579 fons
979 1523 1046 1579 de
1075 1524 1237 1578 domo
1264 1523 1480 1579 Domini
1532 1525 1859 1595 egredietur,
1885 1537 1937 1580 et
1961 1525 2082 1578 irri-

516 1615 664 1685 gabit
700 1623 994 1670 torrentem
1029 1616 1421 1672 funiculorum.
1459 1638 1475 1670 ι
1517 1618 1772 1672 Sanctam
1801 1634 1922 1674 esse
1951 1616 2079 1673 Ilie-

2179 464 2246 540 ἧς
2274 469 2336 538 δὴ
2375 467 2572 538 μικροῦ
2611 467 2704 519 καὶ
2732 466 2958 536 οὐρανὸς
2983 463 3123 527 δόξει
3154 459 3519 520 συσσείεσθαι,
3560 459 3654 512 καὶ
3681 463 3752 528 γῆ

2182 561 2246 612 ὲκ
2270 558 2363 611 τοῦ
2393 557 2696 624 παραδόξου
2718 555 2826 607 τῶν
2848 553 3204 623 γιγνομένων,
3236 550 3330 604 καὶ
3361 549 3460 620 τῆς
3485 547 3753 619 τοσαύτης

2185 649 2397 717 σφαγῆς
2424 645 2566 698 οὓτω
2591 643 2907 714 παραδόξως
2934 639 3347 710 ὲκτελουμένης,
3377 637 3442 708 ἣν
3471 638 3754 706 ποιήσεται

2183 737 2332 798 Θεὸς,
2365 735 2474 788 τῶν
2520 735 2735 788 οἰκείων
2786 733 3118 803 φειδόμενος,
3151 730 3243 783 καὶ
3280 728 3527 797 ἰσχυροὺς
3562 726 3756 786 αὐτοὺς

2184 828 2324 882 κατά
2347 828 2455 880 τῶν
2485 828 2741 881 ἐναντίων
2773 821 3091 886 ἀποδεικνύς
3113 839 3125 852 ·
3153 821 3226 884 ὡς
3257 821 3322 873 ἂν
3354 820 3526 872 ἅπασι
3549 818 3760 884 γένοιτο

2182 917 2361 987 δῆλον,
2401 919 2482 970 ὃτι
2514 918 2680 980 ὅντως
2711 908 2865 977 οὗτος
2913 914 2978 983 δὴ
3029 912 3160 974 Θεὸς
3193 909 3300 962 τῶν
3333 908 3608 968 ἁπάντων,
3659 906 3758 959 καὶ

2185 1009 2384 1078 Κύριος
2407 1012 2435 1062 ὁ
2467 1012 2520 1062 ὲν
2565 1007 2643 1078 τῷ
2667 1009 2782 1078 δρει
2811 1005 2890 1076 τῷ
2919 1004 3054 1057 Σιὼν
3085 999 3484 1072 θεραπεύεσθαι
3523 997 3753 1058 εἰωθώς.

2190 1227 2196 1234 σ
2255 1163 2399 1234 Στίχ.
2437 1162 2641 1232 ιη’-κα’.
2671 1192 2738 1202 —-
2773 1181 2790 1214 ι
2846 1162 2956 1214 Καὶ
2987 1157 3135 1212 ἔσται
3183 1156 3538 1228 Ἰερουσαλὴμ
3586 1153 3716 1222 ἁγία
3740 1171 3756 1186 ο

2187 1256 2282 1308 καὶ
2319 1255 2622 1322 ἀλλογενεῖς
2651 1254 2709 1307 ού
2741 1252 3098 1306 διελεύσονται
3125 1249 3189 1302 δι’
3218 1249 3383 1318 αὐτῆς
3413 1245 3626 1298 οὐκέτι·
3665 1246 3762 1297 καὶ

2187 1343 2336 1396 ἔσται
2368 1344 2426 1395 ὲν
2454 1345 2518 1412 τῇ
2552 1341 2732 1413 ἡμέρᾳ
2758 1342 2940 1412 ἐκείνῃ
2990 1337 3349 1400 ἁποσταλάξει
3389 1337 3454 1388 τὰ
3481 1336 3580 1408 ὅρη
3625 1334 3760 1402 γλυ-

2190 1432 2421 1502 κασμδν,
2469 1434 2562 1486 καὶ
2606 1433 2654 1484 οί
2687 1431 2863 1501 βουνοί
2896 1433 3180 1501 ρυήσονται
3230 1429 3369 1496 γάλα
3395 1444 3408 1458 °
3443 1427 3535 1497 καὶ
3589 1428 3762 1480 πᾶσαι

2187 1525 2240 1576 αἱ
2291 1523 2513 1591 ἀφέσεις
2576 1522 2746 1575 Ἰούδα
2800 1523 3086 1592 ρυήσονται
3123 1520 3320 1573 ὖδατα’
3363 1519 3456 1572 καὶ
3500 1517 3650 1588 πηγὴ
3702 1517 3762 1582 ἐξ

2187 1613 2331 1666 οἴκου
2361 1612 2567 1682 Κυρίου
2599 1611 2957 1676 ἐξελεύσεται,
2981 1613 3076 1663 καὶ
3104 1612 3280 1662 ποτιεῖ
3306 1609 3396 1662 τὸν
3424 1609 3762 1678 χειμάρρουν

519 1706 752 1760 rusalcm
805 1720 870 1759 ex
918 1706 1083 1761 rebus
1130 1706 1265 1776 ipsis
1315 1707 1485 1776 gestis
1530 1708 1822 1772 constabit,
1865 1708 2083 1762 nemine

2189 1703 2292 1757 τῶν
2330 1703 2571 1773 σχοίνων.
2629 1722 2647 1754 ›
2698 1703 2761 1754 Ἦ
2812 1703 2908 1773 μὲν
2960 1702 3066 1771 γὰρ
3125 1699 3477 1772 Ἰερουσαλὴμ
3524 1698 3653 1765 ἁγία
3703 1695 3766 1760 ἐξ

518 1795 717 1849 abhinc
759 1796 1062 1866 alienigena
1132 1795 1199 1849 ad
1271 1797 1420 1850 illam
1477 1799 1770 1852 ascendere
1825 1798 2078 1861 audente.

517 1888 742 1940 Cunctis
769 1897 948 1940 autem
968 1885 1172 1940 Judaeis
1202 1886 1528 1956 promissam
1561 1896 1762 1942 terram
1797 1887 2085 1942 incolenti-

518 1977 622 2029 bus
657 1978 922 2029 bonorum
974 1975 1194 2029 ubertas
1224 1976 1349 2036 erit,
1393 1975 1520 2044 quia
1552 1983 1605 2029 et
1633 1983 1846 2030 montes
1883 1985 1936 2029 et
1971 1975 2084 2028 col-

521 2066 600 2119 les
658 2065 859 2118 multos
908 2064 1043 2133 ipsis
1096 2079 1158 2117 ac
1228 2063 1410 2118 varios
1460 2065 1669 2120 fructus
1730 2066 2082 2135 praebebunt;

518 2149 700 2203 fontes
748 2149 875 2202 item
916 2159 1236 2205 consuetam
1283 2166 1546 2221 aquarum
1598 2168 1822 2207 suarum
1873 2155 2082 2223 copiam

521 2239 978 2310 suppeditabunt;
1027 2241 1186 2295 solita
1221 2241 1409 2297 dicens
1443 2257 1508 2296 ex
1561 2241 1656 2297 Dei
1698 2243 1898 2312 templo
1943 2243 2086 2296 dona

520 2331 758 2400 erogari,
793 2338 846 2384 et
877 2330 1118 2384 indidem
1152 2331 1431 2386 afﬂuentes
1468 2333 1663 2385 uberes
1695 2332 1962 2386 bonorum
2002 2331 2086 2385 di-

523 2422 687 2477 vitias
717 2421 1104 2477 accedentibus
1129 2423 1280 2487 illuc,
1312 2431 1365 2477 et
1395 2422 1576 2477 debila
1601 2421 1709 2477 Deo
1738 2422 1910 2476 oflicia
1937 2437 2086 2476 com-

523 2514 671 2582 plere
723 2514 1123 2582 satagentibus.
1176 2512 1276 2568 llic
1323 2521 1408 2568 est
1449 2513 1594 2568 enim
1633 2514 1724 2582 qui
1761 2528 1789 2566 a
1829 2514 2089 2583 propheta

523 2602 725 2657 dicitur
767 2602 834 2657 de
864 2603 1026 2657 domo
1059 2602 1267 2658 Domini
1297 2602 1419 2659 fons
1448 2619 1798 2673 egressurus.
1834 2601 1958 2665 Hic,
2010 2603 2092 2656 in—

523 2709 707 2764 quam,
743 2701 926 2750 tantus
954 2695 1080 2761 erit,
1121 2704 1182 2749 ut
1216 2709 1390 2764 usque
1414 2695 1479 2749 ad
1518 2695 1848 2764 longinquos
1878 2693 2090 2763 copiam

524 2802 680 2842 suam
735 2795 1064 2842 extensurus
1127 2786 1220 2840 sit.
1253 2786 1370 2840 Mox
1414 2797 1701 2857 postquam
1749 2786 1932 2840 dixit:
1969 2806 1986 2836 ι
2028 2785 2093 2839 Et

522 2876 789 2948 Egyptus
833 2877 1190 2944 desolabitur,
1239 2887 1292 2932 et
1343 2877 1574 2932 ldumaea
1619 2878 1871 2933 similiter
1899 2878 1967 2933 ob
1995 2893 2091 2933 sua

525 2972 719 3018 contra
764 2980 862 3019 vos
907 2965 1170 3030 facinora,
1225 2974 1278 3021 et
1313 2976 1534 3036 propter
1573 2967 1773 3022 multos
1819 2983 1883 3022 ex
1940 2967 2093 3022 vobis

2185 1795 2360 1848 αὐτῶν
2395 1796 2690 1864 φανήσεται
2734 1792 2838 1846 τῶν
2882 1791 3240 1864 πραγμάτων,
3281 1789 3492 1852 οὐδενὸς
3539 1787 3765 1840 ὲπιὸαί-

2184 1903 2293 1939 νειν
2329 1886 2463 1955 αύτῇ
2508 1883 2786 1954 ἀλλοτρίου
2830 1882 3135 1953 τολμῶντος
3174 1882 3283 1934 ἔτι·
3321 1882 3492 1934 ἆπασι
3529 1879 3584 1931 δὲ
3625 1879 3764 1930 Ἰου-

2183 1976 2349 2036 δαίοις
2382 1973 2472 2027 ἐπὶ
2521 1974 2618 2043 τῆς
2668 1974 2770 2044 γῆς
2817 1972 3021 2025 οἰκοῦσι
3073 1973 3170 2040 τῆς
3221 1968 3551 2038 ἐπαγγελίας
3586 1966 3764 2036 πολλή

2184 2083 2268 2128 τις
2296 2065 2524 2134 ἀφθονία
2556 2063 2662 2116 τῶν
2690 2064 2906 2132 ἀγαθῶν
2939 2063 3110 2124 ἔσται,
3139 2061 3212 2124 ὡς
3265 2062 3358 2113 καὶ
3399 2059 3465 2112 τὰ
3512 2059 3616 2128 ὅρη
3661 2057 3764 2110 καὶ

2185 2155 2307 2217 τοὺς
2333 2155 2552 2224 βουνοὺς
2578 2155 2821 2225 καρποὺς
2843 2153 2906 2222 δὴ
2936 2150 3160 2212 πολλούς
3186 2167 3335 2212 τινας
3361 2151 3453 2202 καὶ
3478 2149 3763 2210 ποικίλους

2188 2245 2441 2316 παρέχειν
2469 2247 2646 2306 αὐτοῖς
2666 2262 2680 2275 ’
2711 2244 2807 2306 τὰς
2840 2244 3020 2313 πηγάς
3048 2260 3105 2295 τε
3134 2241 3378 2311 συνήθως
3404 2239 3510 2292 τῶν
3540 2238 3762 2291 οἰκείων

2189 2337 2400 2390 ὑδάτων
2443 2335 2668 2404 (ρ.157)
2702 2334 2958 2404 παρέχειν
3003 2335 3094 2386 τὸν
3137 2333 3361 2386 πλοῦτον
3390 2331 3469 2403 [αἱ
3516 2329 3763 2383 εἰωθυῖαι

2189 2427 2251 2478 ὲκ
2287 2425 2378 2478 τοῦ
2413 2425 2539 2477 ναοῦ
2570 2425 2662 2476 τοῦ
2690 2424 2833 2476 θείου
2861 2424 3208 2495 χορηγεῖσθαι
3246 2423 3443 2494 δωρεαί
3473 2421 3633 2493 (21)],
3670 2420 3764 2472 καὶ

2190 2514 2457 2585 πηγάζειν
2483 2515 2710 2583 ἄφθονον
2737 2513 2843 2566 τῶν
2886 2514 3104 2582 ἀγαθῶν
3138 2515 3228 2567 τὸν
3257 2513 3483 2566 πλοῦτον
3521 2515 3636 2574 τοῖς
3669 2512 3765 2564 αύ-

2190 2606 2307 2659 τόθι
2334 2623 2390 2658 τε
2425 2606 2669 2670 εἰσιοῦσι,
2701 2607 2793 2658 καὶ
2829 2605 2896 2658 τὰ
2922 2607 3228 2677 καθήκοντα
3268 2606 3344 2676 τῷ
3375 2603 3492 2674 Θεῷ
3521 2603 3764 2674 πληροῦν

2193 2695 2576 2749 ἐσπουδακόσι·
2608 2697 2810 2768 ταύτην
2841 2697 2946 2766 γάρ
2976 2697 3122 2765 λέγει
3156 2696 3335 2766 πηγὴν
3377 2696 3435 2762 ἐξ
3470 2695 3621 2746 οἴκου
3656 2696 3767 2748 κυ-

2196 2785 2310 2856 ρίου
2337 2783 2738 2849 ὲξελεύσεσθαι·
2767 2785 2999 2855 τοσαύτη
3031 2803 3113 2848 τις
3146 2785 3296 2838 ἔσται
3330 2785 3466 2837 ὥστε
3500 2785 3629 2856 ἄχρι
3675 2785 3767 2836 καὶ

2193 2875 2300 2926 τῶν
2328 2874 2608 2947 πόρρωθεν
2637 2876 2733 2945 τὴν
2760 2875 3064 2946 φιλοτιμίαν
3100 2877 3376 2930 ἐκτείνειν.
3412 2873 3544 2930 Εἶτα
3593 2875 3766 2930 εἰπὼν

2196 2965 2276 3018 ὃτι
2305 2965 2450 3019 «Καὶ
2491 2968 2762 3034 Αἴγυπτος
2800 2968 3244 3038 ἀφανισθήσεται,
3275 2968 3365 3019 καὶ
3409 2970 3442 3037 ή
3493 2969 3767 3037 Ἰδουμαία

526 3061 714 3107 contra
749 3054 832 3109 fas
863 3055 1205 3122 interfectos,
1252 3076 1270 3108 ι
1312 3056 1465 3111 addit
1498 3075 1509 3109 :
1549 3049 1668 3110 (Et
1691 3056 1875 3111 Judaea
1904 3057 1958 3111 in
1998 3073 2086 3112 sua

2197 3057 2253 3110 δὲ
2297 3055 2393 3108 σὺν
2440 3058 2644 3129 ἐκείνῃ,
2699 3060 2837 3130 ὑπὲρ
2875 3053 2948 3113 ὧν
2980 3061 3296 3130 πεπράχασί
3343 3078 3400 3114 τε
3443 3059 3560 3114 καθ’
3587 3061 3764 3132 ὑμῶν,

527 3144 687 3195 firma
740 3142 1005 3200 felicitate
1073 3145 1410 3202 habitabitur
1459 3161 1489 3200 a
1538 3147 1776 3217 propriis
1809 3148 2003 3202 incolis
2042 3147 2096 3202 in

527 3232 889 3289 Hierusalem.
933 3254 952 3288 ι
987 3237 1198 3302 Quibus
1243 3238 1562 3308 superaddit
1597 3256 1610 3292 :
1651 3255 1671 3289 ι
1714 3237 1779 3292 Ει
1821 3239 2097 3309 requiram

531 3325 856 3394 sanguinem
880 3339 1094 3391 eorum,
1127 3343 1288 3397 quem
1333 3329 1562 3382 inultum
1604 3344 1726 3384 esse
1757 3343 1864 3382 non
1897 3331 2093 3383 sinam.

527 3415 594 3468 Et
641 3415 908 3473 Dominus
963 3417 1232 3474 habitabit
1285 3421 1340 3474 in
1395 3418 1579 3476 Sione.
1624 3440 1643 3472 ›
1691 3421 1857 3486 Quasi
1897 3421 2043 3475 dicat
2082 3440 2094 3475 :

527 3507 808 3576 Quotquot
863 3507 1124 3566 adversus
1159 3509 1432 3566 lsraelitas
1463 3511 1668 3581 aliquid
1697 3512 1941 3582 aggressi
1979 3512 2093 3566 fue-

526 3593 656 3659 rint,
701 3597 974 3664 supremis
1019 3597 1248 3652 aﬂiciam
1295 3600 1602 3669 suppliciis.
1649 3599 1715 3654 Et
1763 3603 2094 3671 permanebo

526 3698 652 3737 cum
706 3684 846 3752 istis,
893 3689 1241 3758 praesentiam
1282 3705 1455 3746 meam
1507 3706 1706 3746 arcana
1755 3692 2095 3762 providentia

527 3772 930 3843 demonstrans,
988 3794 1150 3849 quam
1237 3782 1513 3851 copiosam
1575 3782 1631 3838 in
1688 3798 1850 3839 omne
1920 3797 2094 3837 aevum

529 3863 729 3919 abhinc
767 3865 969 3923 eisdem
997 3869 1287 3938 praestabo.

601 4158 707 4238 (2|_
730 4158 904 4238 \ferba
933 4163 986 4214 αί
1008 4162 1269 4218 εἰωθυῖαι.
1294 4203 1309 4238 ε
1333 4204 1348 4218 .
1389 4164 1608 4236 δωρεαί.
1641 4167 1860 4223 lectoris
1902 4168 2086 4238 cujus-

529 4225 653 4280 dam
695 4227 1258 4300 interpretamentum,
1296 4234 1352 4290 in
1393 4225 1599 4291 teritum
1633 4238 1774 4293 male
1814 4225 2083 4294 invasisse

2196 3146 2289 3198 καὶ
2324 3147 2545 3210 πολλοὺς
2574 3149 2726 3219 ὑμῶν
2753 3149 2953 3213 ἀδίκως
2984 3151 3188 3204 ἀνεῖλον
3209 3169 3223 3184 ο
3277 3171 3295 3204 ι
3340 3153 3566 3220 ἐπάγειο
3622 3172 3642 3203 ι
3705 3152 3767 3206 ἸΙ

2197 3236 2253 3289 δὲ
2297 3237 2520 3290 Ἰουδαία
2548 3239 2605 3289 ὲν
2649 3239 2846 3309 βεϐαίῳ
2878 3242 2974 3311 τῆς
3024 3242 3227 3304 οἰκείας
3267 3243 3569 3312 εὐπραγίας
3612 3243 3765 3296 ἔσται

2195 3328 2484 3399 οἰκουμένη
2513 3331 2568 3382 ὲν
2597 3332 2663 3400 τῇ
2716 3331 3068 3401 Ἰερουσαλὴμ
3090 3333 3192 3384 ὑπὸ
3216 3333 3324 3386 τῶν
3353 3335 3582 3388 οἰκείων.
3628 3353 3646 3386 ι
3677 3330 3767 3397 Οἷς

2197 3418 2516 3489 προστίθησι
2537 3437 2552 3452 ο
2583 3439 2600 3470 ι
2644 3421 2752 3472 Καὶ
2783 3421 3067 3492 ὲκζητήσω
3095 3423 3154 3476 τὸ
3180 3420 3318 3495 αἷμα
3352 3426 3547 3492 αὐτῶν,
3584 3429 3683 3480 καὶ
3707 3428 3763 3479 οὗ

2200 3509 2273 3579 μὴ
2314 3508 2555 3562 ἀθωὼσω
2581 3525 2594 3540 ’
2630 3511 2722 3563 καὶ
2755 3512 2956 3582 Κύριος
2996 3515 3406 3584 κατασκηνώσει
3448 3519 3504 3570 ὲν
3545 3519 3704 3572 Σιών.
3742 3539 3759 3570 ι

2199 3599 2317 3652 ’Ἰνα
2347 3600 2476 3672 εἴπῃ
2507 3619 2519 3630 ·
2558 3599 2695 3665 Τούς
2716 3619 2776 3654 τε
2809 3604 3213 3674 ἐπιχειροῦντάς
3237 3625 3286 3660 τι
3327 3610 3444 3660 κατ’
3475 3609 3657 3662 αὐτῶν
3688 3610 3764 3663 ἔτι

2196 3691 2485 3761 τιμωρίαις
2535 3693 2811 3762 περιϐαλῶ
2856 3698 2976 3758 ταῖς
3018 3696 3292 3765 ἐσχάταις,
3337 3698 3571 3769 διαμενῶ
3605 3718 3666 3752 τε
3709 3703 3764 3753 ὲν

2199 3785 2378 3845 αὐτοῖς
2401 3783 2610 3846 δεικνὺς
2631 3783 2864 3854 ἐμαυτὸν
2889 3785 2981 3838 τοῦ
3006 3785 3190 3840 λοιποῦ
3213 3787 3298 3841 διὰ
3323 3789 3419 3858 τῆς
3452 3791 3764 3860 ἀπορρήτου

2199 3874 2539 3945 κηδεμονίας,
2581 3875 2648 3946 ἥν
2694 3876 2891 3947 πολλήν
2932 3895 3051 3931 τινα
3079 3879 3330 3950 παρέχων
3360 3881 3536 3944 αὐτοῖς
3567 3883 3648 3946 είς
3676 3882 3764 3934 τὸν

2194 3963 2380 4016 ἔπειτα
2409 3965 2694 4018 διατελέσω
2720 3967 2929 4037 χρόνον.

2195 4172 2669 4255 suspicaturptto
2709 4172 2861 4255 Frid:
2909 4174 3538 4255 ξῖΓίἰῑδοίιςὲ-ρεΛΤίεςθά.
3585 4175 3756 4246 Maps.

2199 4238 2323 4294 vna
2351 4250 2400 4296 et
2433 4242 2663 4313 scriptis,
2697 4260 2749 4314 p.
2788 4244 2876 4314 57,
2914 4245 3079 4312 Hal-.13,
3120 4245 3273 4311 1856,
3308 4245 3362 4300 8.
3399 4246 3557 4299 Eon.
