  <div class='ocr_page' id='page_1' title='image "/cluster/home/n/w/nwhite01/storage/ocr_20150623/66/mdp.39015008467477/129.png"; bbox 0 0 3966 6134; ppageno 0'>
   <div class='ocr_carea' id='block_1_1' title="bbox 526 338 633 394">
    <p class='ocr_par' dir='ltr' id='par_1_1' title="bbox 526 338 633 394">
     <span class='ocr_line' id='line_1_1' title="bbox 526 338 633 394; baseline 0 0"><span class='ocrx_word' id='word_1_1' title='bbox 526 338 633 394; x_wconf 65' lang='grc'><strong>245</strong></span> 
     </span>
    </p>
   </div>
   <div class='ocr_carea' id='block_1_2' title="bbox 1740 339 2600 398">
    <p class='ocr_par' dir='ltr' id='par_1_2' title="bbox 1740 339 2600 398">
     <span class='ocr_line' id='line_1_2' title="bbox 1740 339 2600 398; baseline -0.002 -2"><span class='ocrx_word' id='word_1_2' title='bbox 1740 341 2085 397; x_wconf 78' lang='lat' dir='ltr'><strong>THEODOBI</strong></span> <span class='ocrx_word' id='word_1_3' title='bbox 2120 339 2346 398; x_wconf 82' lang='lat' dir='ltr'><strong>MOPSU</strong></span> <span class='ocrx_word' id='word_1_4' title='bbox 2356 340 2482 395; x_wconf 82' lang='lat' dir='ltr'><strong>EST</strong></span> <span class='ocrx_word' id='word_1_5' title='bbox 2492 341 2600 394; x_wconf 81' lang='grc' dir='ltr'><strong>ΕΝΙ</strong></span> 
     </span>
    </p>
   </div>
   <div class='ocr_carea' id='block_1_3' title="bbox 3647 343 3748 400">
    <p class='ocr_par' dir='ltr' id='par_1_3' title="bbox 3647 343 3748 400">
     <span class='ocr_line' id='line_1_3' title="bbox 3647 343 3748 400; baseline 0.01 -1"><span class='ocrx_word' id='word_1_6' title='bbox 3647 343 3748 400; x_wconf 66' lang='grc' dir='ltr'><strong>ιιι</strong></span> 
     </span>
    </p>
   </div>
   <div class='ocr_carea' id='block_1_4' title="bbox 529 450 2093 527">
    <p class='ocr_par' dir='ltr' id='par_1_4' title="bbox 529 450 2087 524">
     <span class='ocr_line' id='line_1_4' title="bbox 529 450 2087 524; baseline 0.001 -16"><span class='ocrx_word' id='word_1_7' title='bbox 529 468 645 510; x_wconf 90' lang='lat' dir='ltr'><strong>ram</strong></span> <span class='ocrx_word' id='word_1_8' title='bbox 683 451 1047 524; x_wconf 69' lang='lat' dir='ltr'><strong>captivitatem</strong></span> <span class='ocrx_word' id='word_1_9' title='bbox 1086 450 1410 522; x_wconf 83' lang='lat' dir='ltr'><strong>significavit</strong></span> <span class='ocrx_word' id='word_1_10' title='bbox 1438 452 1602 518; x_wconf 90' lang='lat' dir='ltr'><strong>Deus,</strong></span> <span class='ocrx_word' id='word_1_11' title='bbox 1644 461 1758 508; x_wconf 91' lang='lat' dir='ltr'><strong>tum</strong></span> <span class='ocrx_word' id='word_1_12' title='bbox 1801 470 1865 510; x_wconf 78' lang='lat' dir='ltr'><strong>ex</strong></span> <span class='ocrx_word' id='word_1_13' title='bbox 1899 455 2087 511; x_wconf 86' lang='lat' dir='ltr'><strong>eadem</strong></span> 
     </span>
    </p>
   </div>
   <div class='ocr_carea' id='block_1_5' title="bbox 2193 450 3750 527">
    <p class='ocr_par' dir='ltr' id='par_1_5' title="bbox 2193 453 3750 527">
     <span class='ocr_line' id='line_1_5' title="bbox 2193 453 3750 527; baseline 0 -19"><span class='ocrx_word' id='word_1_14' title='bbox 2193 455 2408 524; x_wconf 61' lang='lat' dir='ltr'><strong>ptcpov,</strong></span> <span class='ocrx_word' id='word_1_15' title='bbox 2449 455 2651 509; x_wconf 79' lang='grc' dir='ltr'>ἀνωθεν</span> <span class='ocrx_word' id='word_1_16' title='bbox 2694 456 2782 509; x_wconf 81' lang='grc' dir='ltr'>διὰ</span> <span class='ocrx_word' id='word_1_17' title='bbox 2818 456 2926 509; x_wconf 87' lang='grc' dir='ltr'><strong>τῶν</strong></span> <span class='ocrx_word' id='word_1_18' title='bbox 2963 455 3255 527; x_wconf 82' lang='grc' dir='ltr'><strong>προφητῶν</strong></span> <span class='ocrx_word' id='word_1_19' title='bbox 3289 453 3380 509; x_wconf 74' lang='grc' dir='ltr'>καὶ</span> <span class='ocrx_word' id='word_1_20' title='bbox 3411 453 3510 526; x_wconf 80' lang='grc' dir='ltr'>τὴν</span> <span class='ocrx_word' id='word_1_21' title='bbox 3553 456 3750 526; x_wconf 77' lang='grc' dir='ltr'>αίχμαο</span> 
     </span>
    </p>
   </div>
   <div class='ocr_carea' id='block_1_6' title="bbox 529 543 2090 616">
    <p class='ocr_par' dir='ltr' id='par_1_6' title="bbox 529 543 2090 616">
     <span class='ocr_line' id='line_1_6' title="bbox 529 543 2090 616; baseline 0 -16"><span class='ocrx_word' id='word_1_22' title='bbox 529 543 922 616; x_wconf 89' lang='lat' dir='ltr'><strong>postliminium</strong></span> <span class='ocrx_word' id='word_1_23' title='bbox 966 548 1075 596; x_wconf 86' lang='lat' dir='ltr'><strong>:ut</strong></span> <span class='ocrx_word' id='word_1_24' title='bbox 1120 543 1222 597; x_wconf 92' lang='lat' dir='ltr'><strong>hac</strong></span> <span class='ocrx_word' id='word_1_25' title='bbox 1259 557 1355 612; x_wconf 90' lang='lat' dir='ltr'><strong>spe</strong></span> <span class='ocrx_word' id='word_1_26' title='bbox 1400 545 1621 610; x_wconf 85' lang='lat' dir='ltr'><strong>retenti,</strong></span> <span class='ocrx_word' id='word_1_27' title='bbox 1666 546 1758 600; x_wconf 86' lang='lat' dir='ltr'><strong>ubi</strong></span> <span class='ocrx_word' id='word_1_28' title='bbox 1798 546 2090 602; x_wconf 89' lang='lat' dir='ltr'><strong>accidisset</strong></span> 
     </span>
    </p>
   </div>
   <div class='ocr_carea' id='block_1_7' title="bbox 525 633 2090 708">
    <p class='ocr_par' dir='ltr' id='par_1_7' title="bbox 525 633 2090 708">
     <span class='ocr_line' id='line_1_7' title="bbox 525 633 2090 708; baseline 0.001 -17"><span class='ocrx_word' id='word_1_29' title='bbox 525 635 835 706; x_wconf 88' lang='lat' dir='ltr'><strong>captivitas,</strong></span> <span class='ocrx_word' id='word_1_30' title='bbox 885 633 1121 689; x_wconf 79' lang='lat' dir='ltr'><strong>reditum</strong></span> <span class='ocrx_word' id='word_1_31' title='bbox 1175 643 1591 705; x_wconf 77' lang='lat' dir='ltr'><strong>exspectarent,</strong></span> <span class='ocrx_word' id='word_1_32' title='bbox 1642 639 1734 708; x_wconf 86' lang='lat' dir='ltr'><strong>qui</strong></span> <span class='ocrx_word' id='word_1_33' title='bbox 1795 653 1982 708; x_wconf 80' lang='lat' dir='ltr'><strong>reapse</strong></span> <span class='ocrx_word' id='word_1_34' title='bbox 2023 653 2090 693; x_wconf 91' lang='lat' dir='ltr'><strong>eo</strong></span> 
     </span>
    </p>
   </div>
   <div class='ocr_carea' id='block_1_8' title="bbox 528 724 2088 801">
    <p class='ocr_par' dir='ltr' id='par_1_8' title="bbox 528 724 2088 801">
     <span class='ocr_line' id='line_1_8' title="bbox 528 724 2088 801; baseline -0.002 -16"><span class='ocrx_word' id='word_1_35' title='bbox 528 741 689 796; x_wconf 86' lang='lat' dir='ltr'><strong>quem</strong></span> <span class='ocrx_word' id='word_1_36' title='bbox 725 724 964 781; x_wconf 81' lang='lat' dir='ltr'><strong>diximus</strong></span> <span class='ocrx_word' id='word_1_37' title='bbox 1003 725 1165 782; x_wconf 86' lang='lat' dir='ltr'><strong>modo</strong></span> <span class='ocrx_word' id='word_1_38' title='bbox 1199 738 1264 781; x_wconf 87' lang='lat' dir='ltr'><strong>ac</strong></span> <span class='ocrx_word' id='word_1_39' title='bbox 1304 728 1733 801; x_wconf 86' lang='lat' dir='ltr'><strong>suprascriptam</strong></span> <span class='ocrx_word' id='word_1_40' title='bbox 1768 729 1839 784; x_wconf 91' lang='lat' dir='ltr'><strong>ob</strong></span> <span class='ocrx_word' id='word_1_41' title='bbox 1865 744 2088 784; x_wconf 87' lang='lat' dir='ltr'><strong>causam</strong></span> 
     </span>
    </p>
   </div>
   <div class='ocr_carea' id='block_1_9' title="bbox 527 813 2090 887">
    <p class='ocr_par' dir='ltr' id='par_1_9' title="bbox 527 813 2090 887">
     <span class='ocr_line' id='line_1_9' title="bbox 527 813 2090 887; baseline 0.003 -17"><span class='ocrx_word' id='word_1_42' title='bbox 527 814 776 886; x_wconf 73' lang='lat' dir='ltr'><strong>contigit.</strong></span> <span class='ocrx_word' id='word_1_43' title='bbox 811 813 1177 881; x_wconf 83' lang='lat' dir='ltr'><strong>Quamobrem</strong></span> <span class='ocrx_word' id='word_1_44' title='bbox 1223 816 1352 870; x_wconf 88' lang='lat' dir='ltr'><strong>olim</strong></span> <span class='ocrx_word' id='word_1_45' title='bbox 1402 826 1457 872; x_wconf 89' lang='lat' dir='ltr'><strong>et</strong></span> <span class='ocrx_word' id='word_1_46' title='bbox 1489 817 1698 887; x_wconf 90' lang='lat' dir='ltr'><strong>jamdiu</strong></span> <span class='ocrx_word' id='word_1_47' title='bbox 1736 818 1851 874; x_wconf 71' lang='lat' dir='ltr'><strong>haec</strong></span> <span class='ocrx_word' id='word_1_48' title='bbox 1873 834 1902 872; x_wconf 93' lang='lat' dir='ltr'><strong>a</strong></span> <span class='ocrx_word' id='word_1_49' title='bbox 1931 819 2090 874; x_wconf 89' lang='lat' dir='ltr'><strong>beato</strong></span> 
     </span>
    </p>
   </div>
   <div class='ocr_carea' id='block_1_10' title="bbox 529 905 2086 976">
    <p class='ocr_par' dir='ltr' id='par_1_10' title="bbox 529 905 2086 976">
     <span class='ocr_line' id='line_1_10' title="bbox 529 905 2086 976; baseline 0.003 -18"><span class='ocrx_word' id='word_1_50' title='bbox 529 905 730 959; x_wconf 84' lang='lat' dir='ltr'><strong>Davide</strong></span> <span class='ocrx_word' id='word_1_51' title='bbox 781 905 1155 974; x_wconf 86' lang='lat' dir='ltr'><strong>compluribus</strong></span> <span class='ocrx_word' id='word_1_52' title='bbox 1204 907 1259 961; x_wconf 90' lang='lat' dir='ltr'><strong>in</strong></span> <span class='ocrx_word' id='word_1_53' title='bbox 1317 907 1541 976; x_wconf 83' lang='lat' dir='ltr'><strong>psalmis</strong></span> <span class='ocrx_word' id='word_1_54' title='bbox 1596 906 1741 962; x_wconf 90' lang='lat' dir='ltr'><strong>dicta</strong></span> <span class='ocrx_word' id='word_1_55' title='bbox 1801 908 2020 964; x_wconf 78' lang='lat' dir='ltr'><strong>fuerant</strong></span> <span class='ocrx_word' id='word_1_56' title='bbox 2071 925 2086 963; x_wconf 90' lang='lat'>:</span> 
     </span>
    </p>
   </div>
   <div class='ocr_carea' id='block_1_11' title="bbox 528 997 2091 1072">
    <p class='ocr_par' dir='ltr' id='par_1_11' title="bbox 528 997 2091 1072">
     <span class='ocr_line' id='line_1_11' title="bbox 528 997 2091 1072; baseline 0.005 -22"><span class='ocrx_word' id='word_1_57' title='bbox 528 997 930 1067; x_wconf 87' lang='lat' dir='ltr'><strong>propinquante</strong></span> <span class='ocrx_word' id='word_1_58' title='bbox 976 1006 1159 1054; x_wconf 87' lang='lat' dir='ltr'><strong>autem</strong></span> <span class='ocrx_word' id='word_1_59' title='bbox 1209 999 1570 1068; x_wconf 89' lang='lat' dir='ltr'><strong>gerendarum</strong></span> <span class='ocrx_word' id='word_1_60' title='bbox 1618 1015 1800 1055; x_wconf 88' lang='lat' dir='ltr'><strong>rerum</strong></span> <span class='ocrx_word' id='word_1_61' title='bbox 1845 1008 2091 1072; x_wconf 88' lang='lat' dir='ltr'><strong>tempore</strong></span> 
     </span>
    </p>
   </div>
   <div class='ocr_carea' id='block_1_12' title="bbox 528 1085 2088 1162">
    <p class='ocr_par' dir='ltr' id='par_1_12' title="bbox 528 1085 2088 1162">
     <span class='ocr_line' id='line_1_12' title="bbox 528 1085 2088 1162; baseline 0.004 -22"><span class='ocrx_word' id='word_1_62' title='bbox 528 1088 822 1156; x_wconf 77' lang='lat' dir='ltr'><strong>prophetas</strong></span> <span class='ocrx_word' id='word_1_63' title='bbox 864 1085 1015 1146; x_wconf 83' lang='lat' dir='ltr'><strong>misit</strong></span> <span class='ocrx_word' id='word_1_64' title='bbox 1053 1086 1271 1142; x_wconf 84' lang='lat' dir='ltr'><strong>divinus</strong></span> <span class='ocrx_word' id='word_1_65' title='bbox 1318 1086 1490 1150; x_wconf 85' lang='lat' dir='ltr'><strong>favor,</strong></span> <span class='ocrx_word' id='word_1_66' title='bbox 1534 1103 1680 1146; x_wconf 83' lang='lat' dir='ltr'><strong>nunc</strong></span> <span class='ocrx_word' id='word_1_67' title='bbox 1720 1090 1940 1162; x_wconf 86' lang='lat' dir='ltr'><strong>quidem</strong></span> <span class='ocrx_word' id='word_1_68' title='bbox 1985 1092 2088 1146; x_wconf 90' lang='lat' dir='ltr'><strong>im-</strong></span> 
     </span>
    </p>
   </div>
   <div class='ocr_carea' id='block_1_13' title="bbox 532 1175 2087 1247">
    <p class='ocr_par' dir='ltr' id='par_1_13' title="bbox 532 1175 2087 1247">
     <span class='ocr_line' id='line_1_13' title="bbox 532 1175 2087 1247; baseline 0.005 -18"><span class='ocrx_word' id='word_1_69' title='bbox 532 1175 819 1245; x_wconf 84' lang='lat' dir='ltr'><strong>pendentia</strong></span> <span class='ocrx_word' id='word_1_70' title='bbox 843 1175 912 1231; x_wconf 90' lang='lat' dir='ltr'><strong>ab</strong></span> <span class='ocrx_word' id='word_1_71' title='bbox 932 1176 1171 1247; x_wconf 73' lang='lat' dir='ltr'><strong>Assyriis</strong></span> <span class='ocrx_word' id='word_1_72' title='bbox 1199 1178 1556 1247; x_wconf 83' lang='lat' dir='ltr'><strong>praecinentes</strong></span> <span class='ocrx_word' id='word_1_73' title='bbox 1580 1179 1742 1242; x_wconf 85' lang='lat' dir='ltr'><strong>mala,</strong></span> <span class='ocrx_word' id='word_1_74' title='bbox 1763 1196 1887 1236; x_wconf 81' lang='lat' dir='ltr'><strong>mox</strong></span> <span class='ocrx_word' id='word_1_75' title='bbox 1909 1189 2087 1238; x_wconf 90' lang='lat' dir='ltr'><strong>autem</strong></span> 
     </span>
    </p>
   </div>
   <div class='ocr_carea' id='block_1_14' title="bbox 530 1265 2088 1338">
    <p class='ocr_par' dir='ltr' id='par_1_14' title="bbox 530 1265 2088 1338">
     <span class='ocr_line' id='line_1_14' title="bbox 530 1265 2088 1338; baseline 0.004 -18"><span class='ocrx_word' id='word_1_76' title='bbox 530 1265 914 1338; x_wconf 86' lang='lat' dir='ltr'><strong>Babylonicam</strong></span> <span class='ocrx_word' id='word_1_77' title='bbox 958 1274 1409 1337; x_wconf 84' lang='lat' dir='ltr'><strong>superventuram</strong></span> <span class='ocrx_word' id='word_1_78' title='bbox 1463 1265 1667 1324; x_wconf 63' lang='lat' dir='ltr'><strong>ludatis</strong></span> <span class='ocrx_word' id='word_1_79' title='bbox 1725 1269 2088 1327; x_wconf 84' lang='lat' dir='ltr'><strong>calamitatem</strong></span> 
     </span>
    </p>
   </div>
   <div class='ocr_carea' id='block_1_15' title="bbox 531 1355 2091 1430">
    <p class='ocr_par' dir='ltr' id='par_1_15' title="bbox 531 1355 2091 1430">
     <span class='ocr_line' id='line_1_15' title="bbox 531 1355 2091 1430; baseline 0.005 -20"><span class='ocrx_word' id='word_1_80' title='bbox 531 1355 905 1425; x_wconf 80' lang='lat' dir='ltr'><strong>signiﬁcantes</strong></span> <span class='ocrx_word' id='word_1_81' title='bbox 940 1375 952 1410; x_wconf 95' lang='lat'>:</span> <span class='ocrx_word' id='word_1_82' title='bbox 986 1365 1110 1426; x_wconf 90' lang='lat' dir='ltr'><strong>post</strong></span> <span class='ocrx_word' id='word_1_83' title='bbox 1143 1356 1256 1412; x_wconf 85' lang='lat' dir='ltr'><strong>haec</strong></span> <span class='ocrx_word' id='word_1_84' title='bbox 1298 1357 1482 1412; x_wconf 88' lang='lat' dir='ltr'><strong>omnia</strong></span> <span class='ocrx_word' id='word_1_85' title='bbox 1530 1365 1712 1414; x_wconf 90' lang='lat' dir='ltr'><strong>tamen</strong></span> <span class='ocrx_word' id='word_1_86' title='bbox 1761 1360 2091 1430; x_wconf 87' lang='lat' dir='ltr'><strong>spondentes</strong></span> 
     </span>
    </p>
   </div>
   <div class='ocr_carea' id='block_1_16' title="bbox 529 1445 2092 1520">
    <p class='ocr_par' dir='ltr' id='par_1_16' title="bbox 529 1445 2092 1520">
     <span class='ocr_line' id='line_1_16' title="bbox 529 1445 2092 1520; baseline 0.004 -20"><span class='ocrx_word' id='word_1_87' title='bbox 529 1446 801 1512; x_wconf 76' lang='lat' dir='ltr'><strong>reditum;</strong></span> <span class='ocrx_word' id='word_1_88' title='bbox 833 1445 1084 1516; x_wconf 87' lang='lat' dir='ltr'><strong>nihilque</strong></span> <span class='ocrx_word' id='word_1_89' title='bbox 1104 1460 1316 1512; x_wconf 88' lang='lat' dir='ltr'><strong>eorum,</strong></span> <span class='ocrx_word' id='word_1_90' title='bbox 1343 1462 1467 1517; x_wconf 68' lang='lat' dir='ltr'><strong>que</strong></span> <span class='ocrx_word' id='word_1_91' title='bbox 1495 1463 1591 1518; x_wconf 90' lang='lat' dir='ltr'><strong>per</strong></span> <span class='ocrx_word' id='word_1_92' title='bbox 1620 1449 1672 1504; x_wconf 88' lang='lat' dir='ltr'><strong>id</strong></span> <span class='ocrx_word' id='word_1_93' title='bbox 1705 1458 1921 1520; x_wconf 81' lang='lat' dir='ltr'><strong>tempus</strong></span> <span class='ocrx_word' id='word_1_94' title='bbox 1947 1451 2092 1507; x_wconf 89' lang='lat' dir='ltr'><strong>scire</strong></span> 
     </span>
    </p>
   </div>
   <div class='ocr_carea' id='block_1_17' title="bbox 528 1535 2092 1612">
    <p class='ocr_par' dir='ltr' id='par_1_17' title="bbox 528 1535 2092 1612">
     <span class='ocr_line' id='line_1_17' title="bbox 528 1535 2092 1612; baseline 0.003 -19"><span class='ocrx_word' id='word_1_95' title='bbox 528 1535 874 1594; x_wconf 83' lang='lat' dir='ltr'><strong>commodum</strong></span> <span class='ocrx_word' id='word_1_96' title='bbox 905 1547 1046 1604; x_wconf 85' lang='lat' dir='ltr'><strong>erat,</strong></span> <span class='ocrx_word' id='word_1_97' title='bbox 1073 1537 1387 1594; x_wconf 84' lang='lat' dir='ltr'><strong>reticentes.</strong></span> <span class='ocrx_word' id='word_1_98' title='bbox 1423 1537 1596 1596; x_wconf 86' lang='lat' dir='ltr'><strong>Porro</strong></span> <span class='ocrx_word' id='word_1_99' title='bbox 1625 1554 1810 1596; x_wconf 86' lang='lat' dir='ltr'><strong>rerum</strong></span> <span class='ocrx_word' id='word_1_100' title='bbox 1842 1543 2092 1612; x_wconf 65' lang='lat' dir='ltr'><strong>superioo</strong></span> 
     </span>
    </p>
   </div>
   <div class='ocr_carea' id='block_1_18' title="bbox 529 1630 2088 1702">
    <p class='ocr_par' dir='ltr' id='par_1_18' title="bbox 529 1630 2088 1702">
     <span class='ocr_line' id='line_1_18' title="bbox 529 1630 2088 1702; baseline 0.004 -18"><span class='ocrx_word' id='word_1_101' title='bbox 529 1643 652 1684; x_wconf 89' lang='lat' dir='ltr'><strong>rum</strong></span> <span class='ocrx_word' id='word_1_102' title='bbox 678 1630 858 1686; x_wconf 81' lang='lat' dir='ltr'><strong>exitus</strong></span> <span class='ocrx_word' id='word_1_103' title='bbox 881 1630 1255 1702; x_wconf 65' lang='lat' dir='ltr'><strong>prognosticis</strong></span> <span class='ocrx_word' id='word_1_104' title='bbox 1275 1637 1703 1699; x_wconf 83' lang='lat' dir='ltr'><strong>consentaneus,</strong></span> <span class='ocrx_word' id='word_1_105' title='bbox 1723 1633 1882 1689; x_wconf 80' lang='lat' dir='ltr'><strong>ﬁdem</strong></span> <span class='ocrx_word' id='word_1_106' title='bbox 1918 1631 2088 1690; x_wconf 86' lang='lat' dir='ltr'><strong>facie-</strong></span> 
     </span>
    </p>
   </div>
   <div class='ocr_carea' id='block_1_19' title="bbox 528 1718 2089 1792">
    <p class='ocr_par' dir='ltr' id='par_1_19' title="bbox 528 1718 2089 1792">
     <span class='ocr_line' id='line_1_19' title="bbox 528 1718 2089 1792; baseline 0.002 -17"><span class='ocrx_word' id='word_1_107' title='bbox 528 1719 621 1775; x_wconf 90' lang='lat' dir='ltr'><strong>bat</strong></span> <span class='ocrx_word' id='word_1_108' title='bbox 651 1718 768 1776; x_wconf 89' lang='lat' dir='ltr'><strong>fore</strong></span> <span class='ocrx_word' id='word_1_109' title='bbox 801 1727 860 1775; x_wconf 90' lang='lat' dir='ltr'><strong>ut</strong></span> <span class='ocrx_word' id='word_1_110' title='bbox 886 1727 1076 1790; x_wconf 88' lang='lat' dir='ltr'><strong>postea</strong></span> <span class='ocrx_word' id='word_1_111' title='bbox 1105 1733 1325 1791; x_wconf 84' lang='lat' dir='ltr'><strong>quoque</strong></span> <span class='ocrx_word' id='word_1_112' title='bbox 1356 1720 1611 1792; x_wconf 66' lang='lat' dir='ltr'><strong>praedicta</strong></span> <span class='ocrx_word' id='word_1_113' title='bbox 1633 1763 1649 1789; x_wconf 95' lang='lat'><strong>,</strong></span> <span class='ocrx_word' id='word_1_114' title='bbox 1680 1722 1800 1779; x_wconf 81' lang='lat' dir='ltr'><strong>sine</strong></span> <span class='ocrx_word' id='word_1_115' title='bbox 1829 1723 1997 1779; x_wconf 86' lang='lat' dir='ltr'><strong>dubio</strong></span> <span class='ocrx_word' id='word_1_116' title='bbox 2021 1722 2089 1778; x_wconf 90' lang='lat' dir='ltr'><strong>ad</strong></span> 
     </span>
    </p>
   </div>
   <div class='ocr_carea' id='block_1_20' title="bbox 531 1809 1389 1868">
    <p class='ocr_par' dir='ltr' id='par_1_20' title="bbox 531 1809 1389 1868">
     <span class='ocr_line' id='line_1_20' title="bbox 531 1809 1389 1868; baseline -0.003 -2"><span class='ocrx_word' id='word_1_117' title='bbox 531 1810 773 1868; x_wconf 73' lang='lat' dir='ltr'><strong>vaticinii</strong></span> <span class='ocrx_word' id='word_1_118' title='bbox 799 1825 1046 1867; x_wconf 82' lang='lat' dir='ltr'><strong>normam</strong></span> <span class='ocrx_word' id='word_1_119' title='bbox 1074 1809 1389 1868; x_wconf 74' lang='lat' dir='ltr'><strong>evaderent.</strong></span> 
     </span>
    </p>
   </div>
   <div class='ocr_carea' id='block_1_21' title="bbox 601 1991 2090 2066">
    <p class='ocr_par' dir='ltr' id='par_1_21' title="bbox 601 1991 2090 2066">
     <span class='ocr_line' id='line_1_21' title="bbox 601 1991 2090 2066; baseline 0.001 -20"><span class='ocrx_word' id='word_1_120' title='bbox 601 1991 742 2048; x_wconf 82' lang='lat' dir='ltr'><strong>Hinc</strong></span> <span class='ocrx_word' id='word_1_121' title='bbox 775 1992 834 2048; x_wconf 78' lang='lat' dir='ltr'><strong>fit</strong></span> <span class='ocrx_word' id='word_1_122' title='bbox 879 2000 940 2047; x_wconf 85' lang='lat' dir='ltr'><strong>ut</strong></span> <span class='ocrx_word' id='word_1_123' title='bbox 967 1993 1245 2063; x_wconf 66' lang='lat' dir='ltr'><strong>propheta</strong></span> <span class='ocrx_word' id='word_1_124' title='bbox 1283 1993 1463 2049; x_wconf 88' lang='lat' dir='ltr'><strong>cuncti</strong></span> <span class='ocrx_word' id='word_1_125' title='bbox 1496 2002 1551 2049; x_wconf 88' lang='lat' dir='ltr'><strong>et</strong></span> <span class='ocrx_word' id='word_1_126' title='bbox 1580 2009 1670 2051; x_wconf 88' lang='lat' dir='ltr'><strong>res</strong></span> <span class='ocrx_word' id='word_1_127' title='bbox 1687 1994 2006 2066; x_wconf 86' lang='lat' dir='ltr'><strong>Assyriacas</strong></span> <span class='ocrx_word' id='word_1_128' title='bbox 2036 2002 2090 2050; x_wconf 90' lang='lat' dir='ltr'><strong>et</strong></span> 
     </span>
    </p>
   </div>
   <div class='ocr_carea' id='block_1_22' title="bbox 537 2083 2090 2156">
    <p class='ocr_par' dir='ltr' id='par_1_22' title="bbox 537 2083 2090 2156">
     <span class='ocr_line' id='line_1_22' title="bbox 537 2083 2090 2156; baseline 0.001 -17"><span class='ocrx_word' id='word_1_129' title='bbox 537 2084 867 2140; x_wconf 89' lang='lat' dir='ltr'><strong>subsecutas</strong></span> <span class='ocrx_word' id='word_1_130' title='bbox 894 2099 1021 2139; x_wconf 75' lang='lat' dir='ltr'><strong>mox</strong></span> <span class='ocrx_word' id='word_1_131' title='bbox 1063 2083 1421 2155; x_wconf 85' lang='lat' dir='ltr'><strong>Babylonicas</strong></span> <span class='ocrx_word' id='word_1_132' title='bbox 1451 2085 1742 2156; x_wconf 87' lang='lat' dir='ltr'><strong>loquantur</strong></span> <span class='ocrx_word' id='word_1_133' title='bbox 1779 2101 1941 2141; x_wconf 84' lang='lat' dir='ltr'><strong>:nam</strong></span> <span class='ocrx_word' id='word_1_134' title='bbox 1985 2087 2090 2142; x_wconf 88' lang='lat' dir='ltr'><strong>etsi</strong></span> 
     </span>
    </p>
   </div>
   <div class='ocr_carea' id='block_1_23' title="bbox 532 2175 2087 2249">
    <p class='ocr_par' dir='ltr' id='par_1_23' title="bbox 532 2175 2087 2249">
     <span class='ocr_line' id='line_1_23' title="bbox 532 2175 2087 2249; baseline 0.001 -17"><span class='ocrx_word' id='word_1_135' title='bbox 532 2177 619 2232; x_wconf 62' lang='lat' dir='ltr'><strong>ira:</strong></span> <span class='ocrx_word' id='word_1_136' title='bbox 663 2175 891 2232; x_wconf 68' lang='lat' dir='ltr'><strong>diversa:</strong></span> <span class='ocrx_word' id='word_1_137' title='bbox 937 2175 1158 2231; x_wconf 90' lang='lat' dir='ltr'><strong>fuerunt</strong></span> <span class='ocrx_word' id='word_1_138' title='bbox 1201 2175 1579 2242; x_wconf 82' lang='lat' dir='ltr'><strong>incursiones,</strong></span> <span class='ocrx_word' id='word_1_139' title='bbox 1608 2175 1850 2248; x_wconf 80' lang='lat' dir='ltr'><strong>Assyriis</strong></span> <span class='ocrx_word' id='word_1_140' title='bbox 1891 2180 2087 2249; x_wconf 90' lang='lat' dir='ltr'><strong>primo,</strong></span> 
     </span>
    </p>
   </div>
   <div class='ocr_carea' id='block_1_24' title="bbox 533 2265 2092 2338">
    <p class='ocr_par' dir='ltr' id='par_1_24' title="bbox 533 2265 2092 2338">
     <span class='ocr_line' id='line_1_24' title="bbox 533 2265 2092 2338; baseline 0.001 -16"><span class='ocrx_word' id='word_1_141' title='bbox 533 2266 730 2323; x_wconf 88' lang='lat' dir='ltr'><strong>deinde</strong></span> <span class='ocrx_word' id='word_1_142' title='bbox 753 2265 1062 2337; x_wconf 77' lang='lat' dir='ltr'><strong>Babyloniis</strong></span> <span class='ocrx_word' id='word_1_143' title='bbox 1081 2265 1479 2337; x_wconf 74' lang='lat' dir='ltr'><strong>expeditionem</strong></span> <span class='ocrx_word' id='word_1_144' title='bbox 1511 2265 1869 2335; x_wconf 81' lang='lat' dir='ltr'><strong>facientibus;</strong></span> <span class='ocrx_word' id='word_1_145' title='bbox 1898 2269 2092 2338; x_wconf 89' lang='lat' dir='ltr'><strong>hisque</strong></span> 
     </span>
    </p>
   </div>
   <div class='ocr_carea' id='block_1_25' title="bbox 533 2358 2091 2429">
    <p class='ocr_par' dir='ltr' id='par_1_25' title="bbox 533 2358 2091 2429">
     <span class='ocr_line' id='line_1_25' title="bbox 533 2358 2091 2429; baseline 0.001 -15"><span class='ocrx_word' id='word_1_146' title='bbox 533 2359 817 2414; x_wconf 78' lang='lat' dir='ltr'><strong>eventibus</strong></span> <span class='ocrx_word' id='word_1_147' title='bbox 852 2358 1191 2426; x_wconf 87' lang='lat' dir='ltr'><strong>aliquantum</strong></span> <span class='ocrx_word' id='word_1_148' title='bbox 1227 2359 1490 2429; x_wconf 89' lang='lat' dir='ltr'><strong>temporis</strong></span> <span class='ocrx_word' id='word_1_149' title='bbox 1533 2360 1766 2429; x_wconf 81' lang='lat' dir='ltr'><strong>spatium</strong></span> <span class='ocrx_word' id='word_1_150' title='bbox 1795 2360 2091 2429; x_wconf 89' lang='lat' dir='ltr'><strong>interposi-</strong></span> 
     </span>
    </p>
   </div>
   <div class='ocr_carea' id='block_1_26' title="bbox 534 2448 2094 2521">
    <p class='ocr_par' dir='ltr' id='par_1_26' title="bbox 534 2448 2094 2521">
     <span class='ocr_line' id='line_1_26' title="bbox 534 2448 2094 2521; baseline 0.001 -18"><span class='ocrx_word' id='word_1_151' title='bbox 534 2459 650 2504; x_wconf 90' lang='lat' dir='ltr'><strong>tum</strong></span> <span class='ocrx_word' id='word_1_152' title='bbox 681 2448 802 2512; x_wconf 88' lang='lat' dir='ltr'><strong>fuit.</strong></span> <span class='ocrx_word' id='word_1_153' title='bbox 833 2449 1190 2506; x_wconf 86' lang='lat' dir='ltr'><strong>nihilominus</strong></span> <span class='ocrx_word' id='word_1_154' title='bbox 1223 2465 1328 2504; x_wconf 90' lang='lat' dir='ltr'><strong>una</strong></span> <span class='ocrx_word' id='word_1_155' title='bbox 1366 2448 1470 2505; x_wconf 90' lang='lat' dir='ltr'><strong>fuit</strong></span> <span class='ocrx_word' id='word_1_156' title='bbox 1515 2449 1840 2506; x_wconf 87' lang='lat' dir='ltr'><strong>universalis</strong></span> <span class='ocrx_word' id='word_1_157' title='bbox 1863 2451 2094 2521; x_wconf 83' lang='lat' dir='ltr'><strong>captivi-</strong></span> 
     </span>
    </p>
   </div>
   <div class='ocr_carea' id='block_1_27' title="bbox 533 2539 2089 2612">
    <p class='ocr_par' dir='ltr' id='par_1_27' title="bbox 533 2539 2089 2612">
     <span class='ocr_line' id='line_1_27' title="bbox 533 2539 2089 2612; baseline 0.001 -18"><span class='ocrx_word' id='word_1_158' title='bbox 533 2549 641 2604; x_wconf 85' lang='lat' dir='ltr'><strong>tas,</strong></span> <span class='ocrx_word' id='word_1_159' title='bbox 686 2555 814 2596; x_wconf 89' lang='lat' dir='ltr'><strong>orsa</strong></span> <span class='ocrx_word' id='word_1_160' title='bbox 852 2540 923 2596; x_wconf 92' lang='lat' dir='ltr'><strong>ab</strong></span> <span class='ocrx_word' id='word_1_161' title='bbox 971 2541 1213 2612; x_wconf 80' lang='lat' dir='ltr'><strong>Assyriis</strong></span> <span class='ocrx_word' id='word_1_162' title='bbox 1256 2549 1450 2595; x_wconf 87' lang='lat' dir='ltr'><strong>contra</strong></span> <span class='ocrx_word' id='word_1_163' title='bbox 1495 2539 1603 2610; x_wconf 79' lang='lat'><strong>93</strong></span> <span class='ocrx_word' id='word_1_164' title='bbox 1645 2542 1832 2595; x_wconf 81' lang='lat' dir='ltr'><strong>(leccm</strong></span> <span class='ocrx_word' id='word_1_165' title='bbox 1875 2542 2089 2608; x_wconf 87' lang='lat' dir='ltr'><strong>tribus;</strong></span> 
     </span>
    </p>
   </div>
   <div class='ocr_carea' id='block_1_28' title="bbox 534 2631 2092 2703">
    <p class='ocr_par' dir='ltr' id='par_1_28' title="bbox 534 2631 2092 2703">
     <span class='ocr_line' id='line_1_28' title="bbox 534 2631 2092 2703; baseline 0.002 -18"><span class='ocrx_word' id='word_1_166' title='bbox 534 2631 779 2687; x_wconf 85' lang='lat' dir='ltr'><strong>absoluta</strong></span> <span class='ocrx_word' id='word_1_167' title='bbox 810 2646 937 2688; x_wconf 90' lang='lat' dir='ltr'><strong>vero</strong></span> <span class='ocrx_word' id='word_1_168' title='bbox 969 2639 1156 2687; x_wconf 91' lang='lat' dir='ltr'><strong>contra</strong></span> <span class='ocrx_word' id='word_1_169' title='bbox 1198 2631 1469 2701; x_wconf 87' lang='lat' dir='ltr'><strong>reliquas,</strong></span> <span class='ocrx_word' id='word_1_170' title='bbox 1511 2646 1631 2703; x_wconf 69' lang='lat' dir='ltr'><strong>quae</strong></span> <span class='ocrx_word' id='word_1_171' title='bbox 1679 2647 1905 2702; x_wconf 78' lang='lat' dir='ltr'><strong>regnum</strong></span> <span class='ocrx_word' id='word_1_172' title='bbox 1939 2631 2092 2688; x_wconf 71' lang='lat' dir='ltr'><strong>.ludte</strong></span> 
     </span>
    </p>
   </div>
   <div class='ocr_carea' id='block_1_29' title="bbox 532 2721 2088 2794">
    <p class='ocr_par' dir='ltr' id='par_1_29' title="bbox 532 2721 2088 2794">
     <span class='ocr_line' id='line_1_29' title="bbox 532 2721 2088 2794; baseline 0.003 -19"><span class='ocrx_word' id='word_1_173' title='bbox 532 2723 957 2788; x_wconf 86' lang='lat' dir='ltr'><strong>constituebant,</strong></span> <span class='ocrx_word' id='word_1_174' title='bbox 999 2738 1030 2777; x_wconf 91' lang='lat' dir='ltr'><strong>a</strong></span> <span class='ocrx_word' id='word_1_175' title='bbox 1078 2721 1389 2794; x_wconf 82' lang='lat' dir='ltr'><strong>Babyloniis</strong></span> <span class='ocrx_word' id='word_1_176' title='bbox 1421 2722 1576 2778; x_wconf 89' lang='lat' dir='ltr'><strong>urbis</strong></span> <span class='ocrx_word' id='word_1_177' title='bbox 1606 2724 2088 2794; x_wconf 73' lang='lat' dir='ltr'><strong>expugnatoribus.</strong></span> 
     </span>
    </p>
   </div>
   <div class='ocr_carea' id='block_1_30' title="bbox 533 2812 2088 2885">
    <p class='ocr_par' dir='ltr' id='par_1_30' title="bbox 533 2812 2088 2885">
     <span class='ocr_line' id='line_1_30' title="bbox 533 2812 2088 2885; baseline 0.001 -18"><span class='ocrx_word' id='word_1_178' title='bbox 533 2812 746 2870; x_wconf 86' lang='lat' dir='ltr'><strong>idcirco</strong></span> <span class='ocrx_word' id='word_1_179' title='bbox 795 2814 977 2870; x_wconf 81' lang='lat' dir='ltr'><strong>caeteri</strong></span> <span class='ocrx_word' id='word_1_180' title='bbox 1030 2815 1193 2868; x_wconf 90' lang='lat' dir='ltr'><strong>etiam</strong></span> <span class='ocrx_word' id='word_1_181' title='bbox 1251 2815 1529 2885; x_wconf 83' lang='lat' dir='ltr'><strong>prophetae</strong></span> <span class='ocrx_word' id='word_1_182' title='bbox 1572 2814 1688 2868; x_wconf 65' lang='lat' dir='ltr'><strong>haec</strong></span> <span class='ocrx_word' id='word_1_183' title='bbox 1735 2814 2088 2884; x_wconf 88' lang='lat' dir='ltr'><strong>portendunt,</strong></span> 
     </span>
    </p>
   </div>
   <div class='ocr_carea' id='block_1_31' title="bbox 536 2905 2095 2977">
    <p class='ocr_par' dir='ltr' id='par_1_31' title="bbox 536 2905 2095 2977">
     <span class='ocr_line' id='line_1_31' title="bbox 536 2905 2095 2977; baseline 0.002 -19"><span class='ocrx_word' id='word_1_184' title='bbox 536 2913 696 2974; x_wconf 85' lang='lat' dir='ltr'><strong>atque</strong></span> <span class='ocrx_word' id='word_1_185' title='bbox 726 2905 778 2958; x_wconf 93' lang='lat' dir='ltr'><strong>in</strong></span> <span class='ocrx_word' id='word_1_186' title='bbox 813 2905 898 2960; x_wconf 90' lang='lat' dir='ltr'><strong>his</strong></span> <span class='ocrx_word' id='word_1_187' title='bbox 927 2905 1108 2960; x_wconf 89' lang='lat' dir='ltr'><strong>omnis</strong></span> <span class='ocrx_word' id='word_1_188' title='bbox 1143 2919 1333 2959; x_wconf 88' lang='lat' dir='ltr'><strong>eorum</strong></span> <span class='ocrx_word' id='word_1_189' title='bbox 1369 2919 1550 2960; x_wconf 86' lang='lat' dir='ltr'><strong>sermo</strong></span> <span class='ocrx_word' id='word_1_190' title='bbox 1577 2914 1860 2966; x_wconf 84' lang='lat' dir='ltr'><strong>versatur:</strong></span> <span class='ocrx_word' id='word_1_191' title='bbox 1893 2907 1937 2960; x_wconf 89' lang='lat' dir='ltr'><strong>si</strong></span> <span class='ocrx_word' id='word_1_192' title='bbox 1967 2922 2095 2977; x_wconf 85' lang='lat' dir='ltr'><strong>pau-</strong></span> 
     </span>
    </p>
   </div>
   <div class='ocr_carea' id='block_1_32' title="bbox 535 2992 2094 3063">
    <p class='ocr_par' dir='ltr' id='par_1_32' title="bbox 535 2992 2094 3063">
     <span class='ocr_line' id='line_1_32' title="bbox 535 2992 2094 3063; baseline 0.001 -15"><span class='ocrx_word' id='word_1_193' title='bbox 535 3007 630 3048; x_wconf 88' lang='lat' dir='ltr'><strong>cas</strong></span> <span class='ocrx_word' id='word_1_194' title='bbox 658 2993 863 3062; x_wconf 88' lang='lat' dir='ltr'><strong>aliquot</strong></span> <span class='ocrx_word' id='word_1_195' title='bbox 911 3007 1002 3048; x_wconf 85' lang='lat' dir='ltr'><strong>res</strong></span> <span class='ocrx_word' id='word_1_196' title='bbox 1042 2993 1306 3062; x_wconf 76' lang='lat' dir='ltr'><strong>excipias,</strong></span> <span class='ocrx_word' id='word_1_197' title='bbox 1338 3007 1515 3063; x_wconf 87' lang='lat' dir='ltr'><strong>neque</strong></span> <span class='ocrx_word' id='word_1_198' title='bbox 1564 3007 1594 3046; x_wconf 92' lang='lat' dir='ltr'><strong>a</strong></span> <span class='ocrx_word' id='word_1_199' title='bbox 1632 2992 1908 3063; x_wconf 68' lang='lat' dir='ltr'><strong>praedictis</strong></span> <span class='ocrx_word' id='word_1_200' title='bbox 1937 2993 2094 3050; x_wconf 83' lang='lat' dir='ltr'><strong>valde</strong></span> 
     </span>
    </p>
   </div>
   <div class='ocr_carea' id='block_1_33' title="bbox 530 3073 2162 3164">
    <p class='ocr_par' dir='ltr' id='par_1_33' title="bbox 530 3073 2162 3164">
     <span class='ocr_line' id='line_1_33' title="bbox 530 3073 2162 3164; baseline 0.002 -27"><span class='ocrx_word' id='word_1_201' title='bbox 530 3073 928 3152; x_wconf 80' lang='lat' dir='ltr'><strong>discrepantes,</strong></span> <span class='ocrx_word' id='word_1_202' title='bbox 976 3098 1114 3153; x_wconf 90' lang='lat' dir='ltr'><strong>quas</strong></span> <span class='ocrx_word' id='word_1_203' title='bbox 1154 3084 1330 3138; x_wconf 89' lang='lat' dir='ltr'><strong>obiter</strong></span> <span class='ocrx_word' id='word_1_204' title='bbox 1374 3084 1760 3154; x_wconf 81' lang='lat' dir='ltr'><strong>appiuxerunt.</strong></span> <span class='ocrx_word' id='word_1_205' title='bbox 1810 3081 1901 3138; x_wconf 87' lang='lat' dir='ltr'><strong>Sic</strong></span> <span class='ocrx_word' id='word_1_206' title='bbox 1962 3085 2162 3164; x_wconf 75' lang='lat' dir='ltr'><strong>facitc</strong></span> 
     </span>
    </p>
   </div>
   <div class='ocr_carea' id='block_1_34' title="bbox 535 3171 2090 3244">
    <p class='ocr_par' dir='ltr' id='par_1_34' title="bbox 535 3171 2090 3244">
     <span class='ocr_line' id='line_1_34' title="bbox 535 3171 2090 3244; baseline 0.001 -18"><span class='ocrx_word' id='word_1_207' title='bbox 535 3171 699 3226; x_wconf 90' lang='lat' dir='ltr'><strong>etiam</strong></span> <span class='ocrx_word' id='word_1_208' title='bbox 740 3171 861 3237; x_wconf 90' lang='lat' dir='ltr'><strong>hic,</strong></span> <span class='ocrx_word' id='word_1_209' title='bbox 901 3187 1058 3242; x_wconf 85' lang='lat' dir='ltr'><strong>quem</strong></span> <span class='ocrx_word' id='word_1_210' title='bbox 1099 3173 1153 3226; x_wconf 91' lang='lat' dir='ltr'><strong>in</strong></span> <span class='ocrx_word' id='word_1_211' title='bbox 1189 3173 1441 3229; x_wconf 90' lang='lat' dir='ltr'><strong>manibus</strong></span> <span class='ocrx_word' id='word_1_212' title='bbox 1474 3172 1771 3240; x_wconf 87' lang='lat' dir='ltr'><strong>habemus,</strong></span> <span class='ocrx_word' id='word_1_213' title='bbox 1801 3175 2090 3244; x_wconf 85' lang='lat' dir='ltr'><strong>propheta,</strong></span> 
     </span>
    </p>
   </div>
   <div class='ocr_carea' id='block_1_35' title="bbox 530 3257 2093 3336">
    <p class='ocr_par' dir='ltr' id='par_1_35' title="bbox 530 3257 2093 3336">
     <span class='ocr_line' id='line_1_35' title="bbox 530 3257 2093 3336; baseline 0.004 -21"><span class='ocrx_word' id='word_1_214' title='bbox 530 3257 627 3332; x_wconf 80' lang='lat' dir='ltr'><strong>qui</strong></span> <span class='ocrx_word' id='word_1_215' title='bbox 680 3277 838 3318; x_wconf 90' lang='lat' dir='ltr'><strong>suum</strong></span> <span class='ocrx_word' id='word_1_216' title='bbox 884 3278 1045 3318; x_wconf 79' lang='lat' dir='ltr'><strong>omne</strong></span> <span class='ocrx_word' id='word_1_217' title='bbox 1067 3264 1390 3319; x_wconf 80' lang='lat' dir='ltr'><strong>vaticinium</strong></span> <span class='ocrx_word' id='word_1_218' title='bbox 1434 3264 1503 3319; x_wconf 92' lang='lat' dir='ltr'><strong>ad</strong></span> <span class='ocrx_word' id='word_1_219' title='bbox 1542 3265 1682 3318; x_wconf 90' lang='lat' dir='ltr'><strong>mala</strong></span> <span class='ocrx_word' id='word_1_220' title='bbox 1730 3266 1799 3320; x_wconf 91' lang='lat' dir='ltr'><strong>ab</strong></span> <span class='ocrx_word' id='word_1_221' title='bbox 1851 3265 2093 3336; x_wconf 80' lang='lat' dir='ltr'><strong>Assyriis</strong></span> 
     </span>
    </p>
   </div>
   <div class='ocr_carea' id='block_1_36' title="bbox 535 3352 2093 3425">
    <p class='ocr_par' dir='ltr' id='par_1_36' title="bbox 535 3352 2093 3425">
     <span class='ocr_line' id='line_1_36' title="bbox 535 3352 2093 3425; baseline 0.002 -18"><span class='ocrx_word' id='word_1_222' title='bbox 535 3352 958 3424; x_wconf 81' lang='lat' dir='ltr'><strong>Babyloniisque</strong></span> <span class='ocrx_word' id='word_1_223' title='bbox 983 3353 1168 3409; x_wconf 88' lang='lat' dir='ltr'><strong>lsraeli</strong></span> <span class='ocrx_word' id='word_1_224' title='bbox 1205 3353 1465 3425; x_wconf 64' lang='lat' dir='ltr'><strong>ludisque</strong></span> <span class='ocrx_word' id='word_1_225' title='bbox 1491 3353 1772 3411; x_wconf 86' lang='lat' dir='ltr'><strong>inferenda</strong></span> <span class='ocrx_word' id='word_1_226' title='bbox 1804 3355 2093 3410; x_wconf 80' lang='lat' dir='ltr'><strong>manifeste</strong></span> 
     </span>
    </p>
   </div>
   <div class='ocr_carea' id='block_1_37' title="bbox 534 3443 2092 3515">
    <p class='ocr_par' dir='ltr' id='par_1_37' title="bbox 534 3443 2092 3515">
     <span class='ocr_line' id='line_1_37' title="bbox 534 3443 2092 3515; baseline 0.003 -21"><span class='ocrx_word' id='word_1_227' title='bbox 534 3443 809 3496; x_wconf 82' lang='lat' dir='ltr'><strong>convertit</strong></span> <span class='ocrx_word' id='word_1_228' title='bbox 850 3460 864 3495; x_wconf 91' lang='lat'><strong>:</strong></span> <span class='ocrx_word' id='word_1_229' title='bbox 902 3443 974 3496; x_wconf 89' lang='lat' dir='ltr'><strong>ita</strong></span> <span class='ocrx_word' id='word_1_230' title='bbox 1003 3452 1184 3497; x_wconf 88' lang='lat' dir='ltr'><strong>tamen</strong></span> <span class='ocrx_word' id='word_1_231' title='bbox 1222 3451 1280 3497; x_wconf 93' lang='lat' dir='ltr'><strong>ut</strong></span> <span class='ocrx_word' id='word_1_232' title='bbox 1312 3443 1551 3500; x_wconf 85' lang='lat' dir='ltr'><strong>breviter</strong></span> <span class='ocrx_word' id='word_1_233' title='bbox 1581 3447 1728 3499; x_wconf 89' lang='lat' dir='ltr'><strong>circa</strong></span> <span class='ocrx_word' id='word_1_234' title='bbox 1770 3446 2092 3515; x_wconf 76' lang='lat' dir='ltr'><strong>prommium</strong></span> 
     </span>
    </p>
   </div>
   <div class='ocr_carea' id='block_1_38' title="bbox 533 3529 2096 3608">
    <p class='ocr_par' dir='ltr' id='par_1_38' title="bbox 533 3529 2096 3608">
     <span class='ocr_line' id='line_1_38' title="bbox 533 3529 2096 3608; baseline 0.004 -24"><span class='ocrx_word' id='word_1_235' title='bbox 533 3529 781 3600; x_wconf 68' lang='lat' dir='ltr'><strong>quaedam</strong></span> <span class='ocrx_word' id='word_1_236' title='bbox 815 3531 975 3585; x_wconf 91' lang='lat' dir='ltr'><strong>etiam</strong></span> <span class='ocrx_word' id='word_1_237' title='bbox 1019 3532 1218 3586; x_wconf 85' lang='lat' dir='ltr'><strong>damna</strong></span> <span class='ocrx_word' id='word_1_238' title='bbox 1262 3545 1682 3599; x_wconf 89' lang='lat' dir='ltr'><strong>commemoret,</strong></span> <span class='ocrx_word' id='word_1_239' title='bbox 1720 3551 1842 3608; x_wconf 83' lang='lat' dir='ltr'><strong>quae</strong></span> <span class='ocrx_word' id='word_1_240' title='bbox 1873 3551 1903 3590; x_wconf 86' lang='lat' dir='ltr'><strong>a</strong></span> <span class='ocrx_word' id='word_1_241' title='bbox 1935 3535 2096 3592; x_wconf 83' lang='lat' dir='ltr'><strong>ﬁniti-</strong></span> 
     </span>
    </p>
   </div>
   <div class='ocr_carea' id='block_1_39' title="bbox 537 3622 2096 3695">
    <p class='ocr_par' dir='ltr' id='par_1_39' title="bbox 537 3622 2096 3695">
     <span class='ocr_line' id='line_1_39' title="bbox 537 3622 2096 3695; baseline 0.006 -21"><span class='ocrx_word' id='word_1_242' title='bbox 537 3623 638 3676; x_wconf 88' lang='lat' dir='ltr'><strong>mis</strong></span> <span class='ocrx_word' id='word_1_243' title='bbox 663 3622 878 3692; x_wconf 84' lang='lat' dir='ltr'><strong>populis</strong></span> <span class='ocrx_word' id='word_1_244' title='bbox 908 3623 1012 3678; x_wconf 85' lang='lat' dir='ltr'><strong>sub</strong></span> <span class='ocrx_word' id='word_1_245' title='bbox 1037 3622 1180 3677; x_wconf 87' lang='lat' dir='ltr'><strong>idem</strong></span> <span class='ocrx_word' id='word_1_246' title='bbox 1228 3631 1443 3694; x_wconf 89' lang='lat' dir='ltr'><strong>tempus</strong></span> <span class='ocrx_word' id='word_1_247' title='bbox 1471 3627 1686 3695; x_wconf 85' lang='lat' dir='ltr'><strong>passuri</strong></span> <span class='ocrx_word' id='word_1_248' title='bbox 1725 3634 1884 3682; x_wconf 91' lang='lat' dir='ltr'><strong>erant</strong></span> <span class='ocrx_word' id='word_1_249' title='bbox 1923 3628 2096 3683; x_wconf 88' lang='lat' dir='ltr'><strong>lsrae-</strong></span> 
     </span>
    </p>
   </div>
   <div class='ocr_carea' id='block_1_40' title="bbox 536 3713 2096 3780">
    <p class='ocr_par' dir='ltr' id='par_1_40' title="bbox 536 3713 2096 3780">
     <span class='ocr_line' id='line_1_40' title="bbox 536 3713 2096 3780; baseline 0.006 -15"><span class='ocrx_word' id='word_1_250' title='bbox 536 3713 663 3768; x_wconf 66' lang='lat' dir='ltr'><strong>litin.</strong></span> <span class='ocrx_word' id='word_1_251' title='bbox 740 3713 830 3769; x_wconf 89' lang='lat' dir='ltr'><strong>Sic</strong></span> <span class='ocrx_word' id='word_1_252' title='bbox 881 3722 1060 3770; x_wconf 88' lang='lat' dir='ltr'><strong>autem</strong></span> <span class='ocrx_word' id='word_1_253' title='bbox 1121 3713 1262 3770; x_wconf 87' lang='lat' dir='ltr'><strong>Deus</strong></span> <span class='ocrx_word' id='word_1_254' title='bbox 1331 3715 1786 3780; x_wconf 88' lang='lat' dir='ltr'><strong>demonstrabat,</strong></span> <span class='ocrx_word' id='word_1_255' title='bbox 1837 3717 1979 3772; x_wconf 87' lang='lat' dir='ltr'><strong>haud</strong></span> <span class='ocrx_word' id='word_1_256' title='bbox 2035 3733 2096 3775; x_wconf 84' lang='lat' dir='ltr'><strong>se</strong></span> 
     </span>
    </p>
   </div>
   <div class='ocr_carea' id='block_1_41' title="bbox 536 3803 2097 3877">
    <p class='ocr_par' dir='ltr' id='par_1_41' title="bbox 536 3803 2097 3877">
     <span class='ocr_line' id='line_1_41' title="bbox 536 3803 2097 3877; baseline 0.004 -18"><span class='ocrx_word' id='word_1_257' title='bbox 536 3803 853 3861; x_wconf 88' lang='lat' dir='ltr'><strong>crudelitate</strong></span> <span class='ocrx_word' id='word_1_258' title='bbox 881 3806 1063 3877; x_wconf 87' lang='lat' dir='ltr'><strong>aliqua</strong></span> <span class='ocrx_word' id='word_1_259' title='bbox 1106 3807 1192 3863; x_wconf 89' lang='lat' dir='ltr'><strong>vel</strong></span> <span class='ocrx_word' id='word_1_260' title='bbox 1223 3809 1437 3862; x_wconf 88' lang='lat' dir='ltr'><strong>incuria</strong></span> <span class='ocrx_word' id='word_1_261' title='bbox 1468 3809 1549 3864; x_wconf 91' lang='lat' dir='ltr'><strong>vel</strong></span> <span class='ocrx_word' id='word_1_262' title='bbox 1583 3810 1797 3864; x_wconf 89' lang='lat' dir='ltr'><strong>consilii</strong></span> <span class='ocrx_word' id='word_1_263' title='bbox 1843 3811 2097 3866; x_wconf 63' lang='lat' dir='ltr'><strong>volubilia</strong></span> 
     </span>
    </p>
   </div>
   <div class='ocr_carea' id='block_1_42' title="bbox 537 3897 2097 3972">
    <p class='ocr_par' dir='ltr' id='par_1_42' title="bbox 537 3897 2097 3972">
     <span class='ocr_line' id='line_1_42' title="bbox 537 3897 2097 3972; baseline 0.006 -22"><span class='ocrx_word' id='word_1_264' title='bbox 537 3905 648 3952; x_wconf 86' lang='lat' dir='ltr'><strong>tate</strong></span> <span class='ocrx_word' id='word_1_265' title='bbox 679 3899 937 3968; x_wconf 90' lang='lat' dir='ltr'><strong>populum</strong></span> <span class='ocrx_word' id='word_1_266' title='bbox 977 3897 1265 3970; x_wconf 81' lang='lat' dir='ltr'><strong>Assyriaca</strong></span> <span class='ocrx_word' id='word_1_267' title='bbox 1304 3914 1368 3954; x_wconf 85' lang='lat' dir='ltr'><strong>ac</strong></span> <span class='ocrx_word' id='word_1_268' title='bbox 1409 3898 1738 3972; x_wconf 84' lang='lat' dir='ltr'><strong>Babylonica</strong></span> <span class='ocrx_word' id='word_1_269' title='bbox 1785 3902 2097 3960; x_wconf 81' lang='lat' dir='ltr'><strong>calamitate</strong></span> 
     </span>
    </p>
   </div>
   <div class='ocr_carea' id='block_1_43' title="bbox 537 3989 2096 4060">
    <p class='ocr_par' dir='ltr' id='par_1_43' title="bbox 537 3989 2096 4060">
     <span class='ocr_line' id='line_1_43' title="bbox 537 3989 2096 4060; baseline 0.004 -17"><span class='ocrx_word' id='word_1_270' title='bbox 537 3989 909 4059; x_wconf 83' lang='lat' dir='ltr'><strong>implicuisse;</strong></span> <span class='ocrx_word' id='word_1_271' title='bbox 955 3991 1049 4045; x_wconf 82' lang='lat' dir='ltr'><strong>sed</strong></span> <span class='ocrx_word' id='word_1_272' title='bbox 1099 3990 1228 4060; x_wconf 89' lang='lat' dir='ltr'><strong>quia</strong></span> <span class='ocrx_word' id='word_1_273' title='bbox 1264 3991 1411 4045; x_wconf 91' lang='lat' dir='ltr'><strong>hunc</strong></span> <span class='ocrx_word' id='word_1_274' title='bbox 1448 3992 1800 4049; x_wconf 87' lang='lat' dir='ltr'><strong>asceleribus</strong></span> <span class='ocrx_word' id='word_1_275' title='bbox 1836 4008 2096 4050; x_wconf 90' lang='lat' dir='ltr'><strong>revocare</strong></span> 
     </span>
    </p>
   </div>
   <div class='ocr_carea' id='block_1_44' title="bbox 536 4079 2095 4153">
    <p class='ocr_par' dir='ltr' id='par_1_44' title="bbox 536 4079 2095 4153">
     <span class='ocr_line' id='line_1_44' title="bbox 536 4079 2095 4153; baseline 0.003 -19"><span class='ocrx_word' id='word_1_276' title='bbox 536 4079 790 4134; x_wconf 85' lang='lat' dir='ltr'><strong>studebat</strong></span> <span class='ocrx_word' id='word_1_277' title='bbox 829 4097 841 4133; x_wconf 91' lang='lat'><strong>:</strong></span> <span class='ocrx_word' id='word_1_278' title='bbox 873 4079 1312 4149; x_wconf 82' lang='lat' dir='ltr'><strong>quandoquidem</strong></span> <span class='ocrx_word' id='word_1_279' title='bbox 1345 4081 1508 4136; x_wconf 84' lang='lat' dir='ltr'><strong>etiam</strong></span> <span class='ocrx_word' id='word_1_280' title='bbox 1534 4081 1814 4149; x_wconf 85' lang='lat' dir='ltr'><strong>finitimos,</strong></span> <span class='ocrx_word' id='word_1_281' title='bbox 1845 4084 1939 4153; x_wconf 92' lang='lat' dir='ltr'><strong>qui</strong></span> <span class='ocrx_word' id='word_1_282' title='bbox 1967 4083 2095 4139; x_wconf 89' lang='lat' dir='ltr'><strong>huic</strong></span> 
     </span>
    </p>
   </div>
   <div class='ocr_carea' id='block_1_45' title="bbox 537 4171 2095 4247">
    <p class='ocr_par' dir='ltr' id='par_1_45' title="bbox 537 4171 2095 4247">
     <span class='ocr_line' id='line_1_45' title="bbox 537 4171 2095 4247; baseline 0.005 -23"><span class='ocrx_word' id='word_1_283' title='bbox 537 4173 736 4239; x_wconf 89' lang='lat' dir='ltr'><strong>populo</strong></span> <span class='ocrx_word' id='word_1_284' title='bbox 789 4171 976 4241; x_wconf 88' lang='lat' dir='ltr'><strong>injurii</strong></span> <span class='ocrx_word' id='word_1_285' title='bbox 1027 4171 1291 4236; x_wconf 90' lang='lat' dir='ltr'><strong>fuerant,</strong></span> <span class='ocrx_word' id='word_1_286' title='bbox 1362 4175 1554 4229; x_wconf 87' lang='lat' dir='ltr'><strong>eodem</strong></span> <span class='ocrx_word' id='word_1_287' title='bbox 1615 4183 1857 4245; x_wconf 90' lang='lat' dir='ltr'><strong>tempore</strong></span> <span class='ocrx_word' id='word_1_288' title='bbox 1921 4191 2095 4247; x_wconf 66' lang='lat' dir='ltr'><strong>paenae</strong></span> 
     </span>
    </p>
   </div>
   <div class='ocr_carea' id='block_1_46' title="bbox 537 4261 2092 4336">
    <p class='ocr_par' dir='ltr' id='par_1_46' title="bbox 537 4261 2092 4336">
     <span class='ocr_line' id='line_1_46' title="bbox 537 4261 2092 4336; baseline 0.004 -22"><span class='ocrx_word' id='word_1_289' title='bbox 537 4261 816 4328; x_wconf 89' lang='lat' dir='ltr'><strong>subjecit:</strong></span> <span class='ocrx_word' id='word_1_290' title='bbox 849 4262 905 4316; x_wconf 87' lang='lat' dir='ltr'><strong>in</strong></span> <span class='ocrx_word' id='word_1_291' title='bbox 943 4276 1085 4332; x_wconf 85' lang='lat' dir='ltr'><strong>quos</strong></span> <span class='ocrx_word' id='word_1_292' title='bbox 1127 4263 1546 4336; x_wconf 87' lang='lat' dir='ltr'><strong>haudquaquam</strong></span> <span class='ocrx_word' id='word_1_293' title='bbox 1594 4266 2092 4331; x_wconf 86' lang='lat' dir='ltr'><strong>animadvertisset,</strong></span> 
     </span>
    </p>
   </div>
   <div class='ocr_carea' id='block_1_47' title="bbox 537 4354 2086 4426">
    <p class='ocr_par' dir='ltr' id='par_1_47' title="bbox 537 4354 2086 4426">
     <span class='ocr_line' id='line_1_47' title="bbox 537 4354 2086 4426; baseline 0.003 -17"><span class='ocrx_word' id='word_1_294' title='bbox 537 4354 643 4409; x_wconf 83' lang='lat' dir='ltr'><strong>nisi</strong></span> <span class='ocrx_word' id='word_1_295' title='bbox 663 4354 918 4424; x_wconf 89' lang='lat' dir='ltr'><strong>populum</strong></span> <span class='ocrx_word' id='word_1_296' title='bbox 940 4370 1098 4410; x_wconf 90' lang='lat' dir='ltr'><strong>suum</strong></span> <span class='ocrx_word' id='word_1_297' title='bbox 1128 4356 1348 4426; x_wconf 89' lang='lat' dir='ltr'><strong>plurimi</strong></span> <span class='ocrx_word' id='word_1_298' title='bbox 1382 4357 1602 4413; x_wconf 89' lang='lat' dir='ltr'><strong>faceret.</strong></span> <span class='ocrx_word' id='word_1_299' title='bbox 1625 4357 1806 4424; x_wconf 85' lang='lat' dir='ltr'><strong>Quare</strong></span> <span class='ocrx_word' id='word_1_300' title='bbox 1847 4357 1992 4415; x_wconf 89' lang='lat' dir='ltr'><strong>Deus</strong></span> <span class='ocrx_word' id='word_1_301' title='bbox 2030 4360 2086 4413; x_wconf 91' lang='lat' dir='ltr'><strong>in</strong></span> 
     </span>
    </p>
   </div>
   <div class='ocr_carea' id='block_1_48' title="bbox 536 4447 2098 4519">
    <p class='ocr_par' dir='ltr' id='par_1_48' title="bbox 536 4447 2098 4519">
     <span class='ocr_line' id='line_1_48' title="bbox 536 4447 2098 4519; baseline 0.001 -17"><span class='ocrx_word' id='word_1_302' title='bbox 536 4447 876 4518; x_wconf 82' lang='lat' dir='ltr'><strong>peccantium</strong></span> <span class='ocrx_word' id='word_1_303' title='bbox 926 4447 1194 4517; x_wconf 89' lang='lat' dir='ltr'><strong>supplicio</strong></span> <span class='ocrx_word' id='word_1_304' title='bbox 1237 4449 1478 4504; x_wconf 87' lang='lat' dir='ltr'><strong>declarat</strong></span> <span class='ocrx_word' id='word_1_305' title='bbox 1513 4463 1666 4504; x_wconf 89' lang='lat' dir='ltr'><strong>suam</strong></span> <span class='ocrx_word' id='word_1_306' title='bbox 1718 4463 1845 4519; x_wconf 85' lang='lat' dir='ltr'><strong>erga</strong></span> <span class='ocrx_word' id='word_1_307' title='bbox 1892 4449 2098 4504; x_wconf 88' lang='lat' dir='ltr'><strong>electos</strong></span> 
     </span>
    </p>
   </div>
   <div class='ocr_carea' id='block_1_49' title="bbox 534 4539 2096 4611">
    <p class='ocr_par' dir='ltr' id='par_1_49' title="bbox 534 4539 2096 4611">
     <span class='ocr_line' id='line_1_49' title="bbox 534 4539 2096 4611; baseline -0.001 -17"><span class='ocrx_word' id='word_1_308' title='bbox 534 4555 745 4602; x_wconf 92' lang='lat' dir='ltr'><strong>curam,</strong></span> <span class='ocrx_word' id='word_1_309' title='bbox 792 4539 992 4609; x_wconf 88' lang='lat' dir='ltr'><strong>quibus</strong></span> <span class='ocrx_word' id='word_1_310' title='bbox 1035 4539 1222 4610; x_wconf 87' lang='lat' dir='ltr'><strong>plagas</strong></span> <span class='ocrx_word' id='word_1_311' title='bbox 1275 4541 1505 4611; x_wconf 88' lang='lat' dir='ltr'><strong>imponit</strong></span> <span class='ocrx_word' id='word_1_312' title='bbox 1558 4540 1702 4595; x_wconf 89' lang='lat' dir='ltr'><strong>haud</strong></span> <span class='ocrx_word' id='word_1_313' title='bbox 1747 4539 1956 4598; x_wconf 60' lang='lat' dir='ltr'><strong>saevitia</strong></span> <span class='ocrx_word' id='word_1_314' title='bbox 2009 4539 2096 4594; x_wconf 87' lang='lat' dir='ltr'><strong>vel</strong></span> 
     </span>
    </p>
   </div>
   <div class='ocr_carea' id='block_1_50' title="bbox 533 4631 2098 4702">
    <p class='ocr_par' dir='ltr' id='par_1_50' title="bbox 533 4631 2098 4702">
     <span class='ocr_line' id='line_1_50' title="bbox 533 4631 2098 4702; baseline 0.001 -16"><span class='ocrx_word' id='word_1_315' title='bbox 533 4640 846 4702; x_wconf 74' lang='lat' dir='ltr'><strong>contemptu</strong></span> <span class='ocrx_word' id='word_1_316' title='bbox 881 4634 964 4687; x_wconf 91' lang='lat' dir='ltr'><strong>vel</strong></span> <span class='ocrx_word' id='word_1_317' title='bbox 988 4631 1118 4686; x_wconf 91' lang='lat' dir='ltr'><strong>odio</strong></span> <span class='ocrx_word' id='word_1_318' title='bbox 1151 4631 1536 4687; x_wconf 78' lang='lat' dir='ltr'><strong>exstimulatus</strong></span> <span class='ocrx_word' id='word_1_319' title='bbox 1557 4673 1572 4696; x_wconf 89' lang='lat'><strong>,</strong></span> <span class='ocrx_word' id='word_1_320' title='bbox 1615 4631 1709 4687; x_wconf 88' lang='lat' dir='ltr'><strong>sed</strong></span> <span class='ocrx_word' id='word_1_321' title='bbox 1742 4631 2098 4700; x_wconf 81' lang='lat' dir='ltr'><strong>providentiae</strong></span> 
     </span>
    </p>
   </div>
   <div class='ocr_carea' id='block_1_51' title="bbox 533 4719 2098 4790">
    <p class='ocr_par' dir='ltr' id='par_1_51' title="bbox 533 4719 2098 4790">
     <span class='ocr_line' id='line_1_51' title="bbox 533 4719 2098 4790; baseline 0 -17"><span class='ocrx_word' id='word_1_322' title='bbox 533 4735 703 4775; x_wconf 89' lang='lat' dir='ltr'><strong>causa</strong></span> <span class='ocrx_word' id='word_1_323' title='bbox 732 4729 786 4774; x_wconf 90' lang='lat' dir='ltr'><strong>et</strong></span> <span class='ocrx_word' id='word_1_324' title='bbox 808 4719 1089 4775; x_wconf 89' lang='lat' dir='ltr'><strong>erudiendi</strong></span> <span class='ocrx_word' id='word_1_325' title='bbox 1128 4720 1564 4790; x_wconf 86' lang='lat' dir='ltr'><strong>emendandique</strong></span> <span class='ocrx_word' id='word_1_326' title='bbox 1593 4721 1775 4776; x_wconf 90' lang='lat' dir='ltr'><strong>studio</strong></span> <span class='ocrx_word' id='word_1_327' title='bbox 1795 4761 1810 4787; x_wconf 85' lang='lat'><strong>,</strong></span> <span class='ocrx_word' id='word_1_328' title='bbox 1845 4727 2008 4789; x_wconf 89' lang='lat' dir='ltr'><strong>atque</strong></span> <span class='ocrx_word' id='word_1_329' title='bbox 2038 4729 2098 4774; x_wconf 91' lang='lat' dir='ltr'><strong>ut</strong></span> 
     </span>
    </p>
   </div>
   <div class='ocr_carea' id='block_1_52' title="bbox 534 4809 2096 4883">
    <p class='ocr_par' dir='ltr' id='par_1_52' title="bbox 534 4809 2096 4883">
     <span class='ocr_line' id='line_1_52' title="bbox 534 4809 2096 4883; baseline 0 -17"><span class='ocrx_word' id='word_1_330' title='bbox 534 4809 602 4866; x_wconf 86' lang='lat' dir='ltr'><strong>sd</strong></span> <span class='ocrx_word' id='word_1_331' title='bbox 639 4810 850 4882; x_wconf 90' lang='lat' dir='ltr'><strong>frugem</strong></span> <span class='ocrx_word' id='word_1_332' title='bbox 886 4809 1167 4866; x_wconf 87' lang='lat' dir='ltr'><strong>meliorem</strong></span> <span class='ocrx_word' id='word_1_333' title='bbox 1211 4819 1448 4868; x_wconf 69' lang='lat' dir='ltr'><strong>revocet.</strong></span> <span class='ocrx_word' id='word_1_334' title='bbox 1490 4809 1606 4868; x_wconf 87' lang='lat' dir='ltr'><strong>Hoc</strong></span> <span class='ocrx_word' id='word_1_335' title='bbox 1635 4820 1718 4868; x_wconf 89' lang='lat' dir='ltr'><strong>est</strong></span> <span class='ocrx_word' id='word_1_336' title='bbox 1763 4811 1932 4883; x_wconf 80' lang='lat' dir='ltr'><strong>igitur</strong></span> <span class='ocrx_word' id='word_1_337' title='bbox 1971 4811 2096 4868; x_wconf 90' lang='lat' dir='ltr'><strong>libri</strong></span> 
     </span>
    </p>
   </div>
   <div class='ocr_carea' id='block_1_53' title="bbox 531 4911 933 4975">
    <p class='ocr_par' dir='ltr' id='par_1_53' title="bbox 531 4911 933 4975">
     <span class='ocr_line' id='line_1_53' title="bbox 531 4911 933 4975; baseline -0.012 -16"><span class='ocrx_word' id='word_1_338' title='bbox 531 4911 933 4975; x_wconf 84' lang='lat' dir='ltr'><strong>argumentum.</strong></span> 
     </span>
    </p>
   </div>
   <div class='ocr_carea' id='block_1_54' title="bbox 601 5082 2099 5156">
    <p class='ocr_par' dir='ltr' id='par_1_54' title="bbox 601 5082 2099 5156">
     <span class='ocr_line' id='line_1_54' title="bbox 601 5082 2099 5156; baseline 0.002 -16"><span class='ocrx_word' id='word_1_339' title='bbox 601 5087 781 5156; x_wconf 77' lang='lat' dir='ltr'><strong>Atque</strong></span> <span class='ocrx_word' id='word_1_340' title='bbox 818 5084 892 5139; x_wconf 84' lang='lat' dir='ltr'><strong>ita</strong></span> <span class='ocrx_word' id='word_1_341' title='bbox 926 5083 1111 5140; x_wconf 83' lang='lat' dir='ltr'><strong>omnia</strong></span> <span class='ocrx_word' id='word_1_342' title='bbox 1141 5099 1263 5154; x_wconf 72' lang='lat' dir='ltr'><strong>quae</strong></span> <span class='ocrx_word' id='word_1_343' title='bbox 1289 5082 1358 5138; x_wconf 87' lang='lat' dir='ltr'><strong>ad</strong></span> <span class='ocrx_word' id='word_1_344' title='bbox 1387 5083 1646 5154; x_wconf 84' lang='lat' dir='ltr'><strong>populum</strong></span> <span class='ocrx_word' id='word_1_345' title='bbox 1681 5093 1932 5156; x_wconf 87' lang='lat' dir='ltr'><strong>spectant</strong></span> <span class='ocrx_word' id='word_1_346' title='bbox 1959 5088 2099 5143; x_wconf 78' lang='lat' dir='ltr'><strong>dixit</strong></span> 
     </span>
    </p>
   </div>
   <div class='ocr_carea' id='block_1_55' title="bbox 533 5175 2093 5250">
    <p class='ocr_par' dir='ltr' id='par_1_55' title="bbox 533 5175 2093 5250">
     <span class='ocr_line' id='line_1_55' title="bbox 533 5175 2093 5250; baseline 0.003 -20"><span class='ocrx_word' id='word_1_347' title='bbox 533 5179 818 5247; x_wconf 86' lang='lat' dir='ltr'><strong>propheta,</strong></span> <span class='ocrx_word' id='word_1_348' title='bbox 857 5186 912 5232; x_wconf 89' lang='lat' dir='ltr'><strong>et</strong></span> <span class='ocrx_word' id='word_1_349' title='bbox 955 5175 1194 5231; x_wconf 87' lang='lat' dir='ltr'><strong>breviter</strong></span> <span class='ocrx_word' id='word_1_350' title='bbox 1230 5175 1394 5230; x_wconf 85' lang='lat' dir='ltr'><strong>etiam</strong></span> <span class='ocrx_word' id='word_1_351' title='bbox 1435 5175 1781 5247; x_wconf 82' lang='lat' dir='ltr'><strong>signiﬁcavit,</strong></span> <span class='ocrx_word' id='word_1_352' title='bbox 1834 5179 2093 5250; x_wconf 89' lang='lat' dir='ltr'><strong>quidnam</strong></span> 
     </span>
    </p>
   </div>
   <div class='ocr_carea' id='block_1_56' title="bbox 534 5266 2098 5340">
    <p class='ocr_par' dir='ltr' id='par_1_56' title="bbox 534 5266 2098 5340">
     <span class='ocr_line' id='line_1_56' title="bbox 534 5266 2098 5340; baseline 0.004 -21"><span class='ocrx_word' id='word_1_353' title='bbox 534 5267 744 5322; x_wconf 84' lang='lat' dir='ltr'><strong>adversi</strong></span> <span class='ocrx_word' id='word_1_354' title='bbox 791 5267 1054 5336; x_wconf 81' lang='lat' dir='ltr'><strong>proximis</strong></span> <span class='ocrx_word' id='word_1_355' title='bbox 1093 5266 1212 5321; x_wconf 87' lang='lat' dir='ltr'><strong>urbi</strong></span> <span class='ocrx_word' id='word_1_356' title='bbox 1267 5267 1483 5336; x_wconf 89' lang='lat' dir='ltr'><strong>populis</strong></span> <span class='ocrx_word' id='word_1_357' title='bbox 1516 5267 1798 5338; x_wconf 80' lang='lat' dir='ltr'><strong>Babylonii</strong></span> <span class='ocrx_word' id='word_1_358' title='bbox 1853 5272 2098 5340; x_wconf 90' lang='lat' dir='ltr'><strong>apprime</strong></span> 
     </span>
    </p>
   </div>
   <div class='ocr_carea' id='block_1_57' title="bbox 535 5352 2094 5428">
    <p class='ocr_par' dir='ltr' id='par_1_57' title="bbox 535 5352 2094 5428">
     <span class='ocr_line' id='line_1_57' title="bbox 535 5352 2094 5428; baseline 0.003 -20"><span class='ocrx_word' id='word_1_359' title='bbox 535 5356 843 5425; x_wconf 85' lang='lat' dir='ltr'><strong>imposituri</strong></span> <span class='ocrx_word' id='word_1_360' title='bbox 871 5357 1062 5412; x_wconf 86' lang='lat' dir='ltr'><strong>eadem</strong></span> <span class='ocrx_word' id='word_1_361' title='bbox 1084 5352 1384 5413; x_wconf 83' lang='lat' dir='ltr'><strong>occasione</strong></span> <span class='ocrx_word' id='word_1_362' title='bbox 1407 5367 1614 5422; x_wconf 89' lang='lat' dir='ltr'><strong>essent,</strong></span> <span class='ocrx_word' id='word_1_363' title='bbox 1631 5367 1853 5428; x_wconf 87' lang='lat' dir='ltr'><strong>propter</strong></span> <span class='ocrx_word' id='word_1_364' title='bbox 1876 5360 2094 5413; x_wconf 90' lang='lat' dir='ltr'><strong>illorum</strong></span> 
     </span>
    </p>
   </div>
   <div class='ocr_carea' id='block_1_58' title="bbox 534 5443 2096 5517">
    <p class='ocr_par' dir='ltr' id='par_1_58' title="bbox 534 5443 2096 5517">
     <span class='ocr_line' id='line_1_58' title="bbox 534 5443 2096 5517; baseline 0.004 -22"><span class='ocrx_word' id='word_1_365' title='bbox 534 5459 660 5511; x_wconf 78' lang='lat' dir='ltr'><strong>erga</strong></span> <span class='ocrx_word' id='word_1_366' title='bbox 691 5443 893 5497; x_wconf 89' lang='lat' dir='ltr'><strong>electos</strong></span> <span class='ocrx_word' id='word_1_367' title='bbox 934 5445 1194 5514; x_wconf 84' lang='lat' dir='ltr'><strong>injurias;</strong></span> <span class='ocrx_word' id='word_1_368' title='bbox 1233 5447 1393 5516; x_wconf 85' lang='lat' dir='ltr'><strong>cujus</strong></span> <span class='ocrx_word' id='word_1_369' title='bbox 1430 5449 1507 5503; x_wconf 91' lang='lat' dir='ltr'><strong>rei</strong></span> <span class='ocrx_word' id='word_1_370' title='bbox 1544 5447 1655 5517; x_wconf 89' lang='lat' dir='ltr'><strong>jam</strong></span> <span class='ocrx_word' id='word_1_371' title='bbox 1699 5463 1919 5504; x_wconf 87' lang='lat' dir='ltr'><strong>causam</strong></span> <span class='ocrx_word' id='word_1_372' title='bbox 1953 5447 2096 5503; x_wconf 78' lang='lat' dir='ltr'><strong>dixi-</strong></span> 
     </span>
    </p>
   </div>
   <div class='ocr_carea' id='block_1_59' title="bbox 535 5533 2093 5610">
    <p class='ocr_par' dir='ltr' id='par_1_59' title="bbox 535 5533 2093 5610">
     <span class='ocr_line' id='line_1_59' title="bbox 535 5533 2093 5610; baseline 0.006 -26"><span class='ocrx_word' id='word_1_373' title='bbox 535 5548 676 5586; x_wconf 85' lang='lat' dir='ltr'><strong>mus.</strong></span> <span class='ocrx_word' id='word_1_374' title='bbox 709 5533 830 5584; x_wconf 81' lang='lat' dir='ltr'><strong>Edit</strong></span> <span class='ocrx_word' id='word_1_375' title='bbox 859 5541 1038 5588; x_wconf 88' lang='lat' dir='ltr'><strong>autem</strong></span> <span class='ocrx_word' id='word_1_376' title='bbox 1071 5538 1388 5594; x_wconf 85' lang='lat' dir='ltr'><strong>vaticinium</strong></span> <span class='ocrx_word' id='word_1_377' title='bbox 1407 5539 1548 5593; x_wconf 84' lang='lat' dir='ltr'><strong>haud</strong></span> <span class='ocrx_word' id='word_1_378' title='bbox 1570 5538 1966 5610; x_wconf 80' lang='lat' dir='ltr'><strong>Hierosolymis</strong></span> <span class='ocrx_word' id='word_1_379' title='bbox 1996 5537 2093 5594; x_wconf 87' lang='lat' dir='ltr'><strong>sed</strong></span> 
     </span>
    </p>
   </div>
   <div class='ocr_carea' id='block_1_60' title="bbox 525 5621 2096 5698">
    <p class='ocr_par' dir='ltr' id='par_1_60' title="bbox 525 5621 2096 5698">
     <span class='ocr_line' id='line_1_60' title="bbox 525 5621 2096 5698; baseline 0.003 -19"><span class='ocrx_word' id='word_1_380' title='bbox 525 5626 588 5679; x_wconf 80' lang='lat' dir='ltr'><strong>in</strong></span> <span class='ocrx_word' id='word_1_381' title='bbox 638 5621 982 5677; x_wconf 82' lang='lat' dir='ltr'><strong>ethnicorum</strong></span> <span class='ocrx_word' id='word_1_382' title='bbox 1035 5625 1205 5690; x_wconf 88' lang='lat' dir='ltr'><strong>locis,</strong></span> <span class='ocrx_word' id='word_1_383' title='bbox 1263 5629 1407 5683; x_wconf 88' lang='lat' dir='ltr'><strong>circa</strong></span> <span class='ocrx_word' id='word_1_384' title='bbox 1472 5630 1605 5684; x_wconf 80' lang='lat' dir='ltr'><strong>fines</strong></span> <span class='ocrx_word' id='word_1_385' title='bbox 1665 5630 1884 5685; x_wconf 85' lang='lat' dir='ltr'><strong>Israelis</strong></span> <span class='ocrx_word' id='word_1_386' title='bbox 1929 5644 2096 5698; x_wconf 88' lang='lat' dir='ltr'><strong>prope</strong></span> 
     </span>
    </p>
   </div>
   <div class='ocr_carea' id='block_1_61' title="bbox 535 5711 2092 5779">
    <p class='ocr_par' dir='ltr' id='par_1_61' title="bbox 535 5711 2092 5779">
     <span class='ocr_line' id='line_1_61' title="bbox 535 5711 2092 5779; baseline 0.003 -11"><span class='ocrx_word' id='word_1_387' title='bbox 535 5713 773 5771; x_wconf 82' lang='lat' dir='ltr'><strong>Betbelis</strong></span> <span class='ocrx_word' id='word_1_388' title='bbox 797 5711 1005 5779; x_wconf 81' lang='lat' dir='ltr'><strong>fanum,</strong></span> <span class='ocrx_word' id='word_1_389' title='bbox 1029 5732 1040 5767; x_wconf 85' lang='grc' dir='ltr'><strong>ι</strong></span> <span class='ocrx_word' id='word_1_390' title='bbox 1067 5716 1119 5770; x_wconf 87' lang='lat' dir='ltr'><strong>bi</strong></span> <span class='ocrx_word' id='word_1_391' title='bbox 1143 5717 1348 5773; x_wconf 84' lang='lat' dir='ltr'><strong>hostias</strong></span> <span class='ocrx_word' id='word_1_392' title='bbox 1377 5718 1535 5774; x_wconf 88' lang='lat' dir='ltr'><strong>idolis</strong></span> <span class='ocrx_word' id='word_1_393' title='bbox 1560 5719 1815 5775; x_wconf 83' lang='lat' dir='ltr'><strong>lsraelitae</strong></span> <span class='ocrx_word' id='word_1_394' title='bbox 1846 5719 2092 5775; x_wconf 84' lang='lat' dir='ltr'><strong>litabant.</strong></span> 
     </span>
    </p>
   </div>
   <div class='ocr_carea' id='block_1_62' title="bbox 2187 545 3746 618">
    <p class='ocr_par' dir='ltr' id='par_1_62' title="bbox 2187 545 3746 618">
     <span class='ocr_line' id='line_1_62' title="bbox 2187 545 3746 618; baseline 0.002 -21"><span class='ocrx_word' id='word_1_395' title='bbox 2187 545 2387 598; x_wconf 87' lang='grc' dir='ltr'>λωσίαν</span> <span class='ocrx_word' id='word_1_396' title='bbox 2408 546 2671 615; x_wconf 75' lang='grc' dir='ltr'><strong>ἐσομένην</strong></span> <span class='ocrx_word' id='word_1_397' title='bbox 2693 548 2891 616; x_wconf 86' lang='grc' dir='ltr'>ἐμήνυε</span> <span class='ocrx_word' id='word_1_398' title='bbox 2912 546 3003 598; x_wconf 80' lang='grc' dir='ltr'><strong>καὶ</strong></span> <span class='ocrx_word' id='word_1_399' title='bbox 3022 547 3121 617; x_wconf 77' lang='grc' dir='ltr'><strong>τὴν</strong></span> <span class='ocrx_word' id='word_1_400' title='bbox 3151 545 3404 599; x_wconf 86' lang='grc' dir='ltr'>ἐπάνοδον</span> <span class='ocrx_word' id='word_1_401' title='bbox 3430 545 3516 598; x_wconf 82' lang='grc' dir='ltr'>ἐπ’</span> <span class='ocrx_word' id='word_1_402' title='bbox 3536 547 3716 618; x_wconf 74' lang='grc' dir='ltr'>ἐκείνῃ</span> <span class='ocrx_word' id='word_1_403' title='bbox 3731 562 3746 576; x_wconf 70' lang='grc' dir='ltr'><strong>ο</strong></span> 
     </span>
    </p>
   </div>
   <div class='ocr_carea' id='block_1_63' title="bbox 2189 635 3750 707">
    <p class='ocr_par' dir='ltr' id='par_1_63' title="bbox 2189 635 3750 707">
     <span class='ocr_line' id='line_1_63' title="bbox 2189 635 3750 707; baseline 0.001 -18"><span class='ocrx_word' id='word_1_404' title='bbox 2189 637 2276 689; x_wconf 82' lang='grc' dir='ltr'><strong>ἵνα</strong></span> <span class='ocrx_word' id='word_1_405' title='bbox 2302 638 2421 700; x_wconf 86' lang='grc' dir='ltr'>ταῖς</span> <span class='ocrx_word' id='word_1_406' title='bbox 2464 636 2644 689; x_wconf 88' lang='grc' dir='ltr'>ἐλπίσι</span> <span class='ocrx_word' id='word_1_407' title='bbox 2681 636 3036 707; x_wconf 70' lang='grc' dir='ltr'><strong>κρατούμενοι</strong></span> <span class='ocrx_word' id='word_1_408' title='bbox 3077 635 3319 699; x_wconf 87' lang='grc' dir='ltr'>ταύταις,</span> <span class='ocrx_word' id='word_1_409' title='bbox 3349 637 3444 688; x_wconf 73' lang='grc' dir='ltr'><strong>καὶ</strong></span> <span class='ocrx_word' id='word_1_410' title='bbox 3475 637 3611 706; x_wconf 89' lang='grc' dir='ltr'><strong>μετά</strong></span> <span class='ocrx_word' id='word_1_411' title='bbox 3652 637 3750 707; x_wconf 84' lang='grc' dir='ltr'>τὴν</span> 
     </span>
    </p>
   </div>
   <div class='ocr_carea' id='block_1_64' title="bbox 2191 725 3746 798">
    <p class='ocr_par' dir='ltr' id='par_1_64' title="bbox 2191 725 3746 798">
     <span class='ocr_line' id='line_1_64' title="bbox 2191 725 3746 798; baseline 0.001 -20"><span class='ocrx_word' id='word_1_412' title='bbox 2191 725 2474 797; x_wconf 79' lang='grc' dir='ltr'>συμϐᾶσαν</span> <span class='ocrx_word' id='word_1_413' title='bbox 2523 727 2894 797; x_wconf 75' lang='grc' dir='ltr'><strong>αἰχμαλωσίαν</strong></span> <span class='ocrx_word' id='word_1_414' title='bbox 2926 726 3022 798; x_wconf 78' lang='grc' dir='ltr'><strong>τὴν</strong></span> <span class='ocrx_word' id='word_1_415' title='bbox 3073 728 3325 784; x_wconf 87' lang='grc' dir='ltr'>ἐπάνοδον</span> <span class='ocrx_word' id='word_1_416' title='bbox 3375 727 3746 798; x_wconf 75' lang='grc' dir='ltr'>ἀναμένωσινσ</span> 
     </span>
    </p>
   </div>
   <div class='ocr_carea' id='block_1_65' title="bbox 2187 810 3752 886">
    <p class='ocr_par' dir='ltr' id='par_1_65' title="bbox 2187 810 3752 886">
     <span class='ocr_line' id='line_1_65' title="bbox 2187 810 3752 886; baseline 0.003 -20"><span class='ocrx_word' id='word_1_417' title='bbox 2187 814 2332 886; x_wconf 82' lang='grc' dir='ltr'>ἥπερ</span> <span class='ocrx_word' id='word_1_418' title='bbox 2373 810 2466 870; x_wconf 82' lang='grc' dir='ltr'><strong>οὖν</strong></span> <span class='ocrx_word' id='word_1_419' title='bbox 2507 816 2602 869; x_wconf 76' lang='grc' dir='ltr'>καὶ</span> <span class='ocrx_word' id='word_1_420' title='bbox 2630 816 2818 884; x_wconf 85' lang='grc' dir='ltr'>γέγονε</span> <span class='ocrx_word' id='word_1_421' title='bbox 2846 815 2967 868; x_wconf 88' lang='grc' dir='ltr'>καθ’</span> <span class='ocrx_word' id='word_1_422' title='bbox 2993 815 3052 869; x_wconf 83' lang='grc' dir='ltr'>ὃν</span> <span class='ocrx_word' id='word_1_423' title='bbox 3081 816 3289 886; x_wconf 73' lang='grc' dir='ltr'>ἔφαμέν</span> <span class='ocrx_word' id='word_1_424' title='bbox 3313 833 3372 869; x_wconf 90' lang='grc' dir='ltr'><strong>τε</strong></span> <span class='ocrx_word' id='word_1_425' title='bbox 3398 817 3618 886; x_wconf 84' lang='grc' dir='ltr'>τρόπον,</span> <span class='ocrx_word' id='word_1_426' title='bbox 3657 818 3752 870; x_wconf 77' lang='grc' dir='ltr'><strong>καὶ</strong></span> 
     </span>
    </p>
   </div>
   <div class='ocr_carea' id='block_1_66' title="bbox 2190 896 3752 975">
    <p class='ocr_par' dir='ltr' id='par_1_66' title="bbox 2190 896 3752 975">
     <span class='ocr_line' id='line_1_66' title="bbox 2190 896 3752 975; baseline 0.003 -19"><span class='ocrx_word' id='word_1_427' title='bbox 2190 902 2328 974; x_wconf 78' lang='grc' dir='ltr'>ὑπὲρ</span> <span class='ocrx_word' id='word_1_428' title='bbox 2353 896 2420 973; x_wconf 89' lang='grc' dir='ltr'>ἦς</span> <span class='ocrx_word' id='word_1_429' title='bbox 2445 903 2741 973; x_wconf 72' lang='grc' dir='ltr'>εἰρήκαμεν</span> <span class='ocrx_word' id='word_1_430' title='bbox 2765 903 2963 967; x_wconf 86' lang='grc' dir='ltr'>αίτίας.</span> <span class='ocrx_word' id='word_1_431' title='bbox 2996 906 3072 975; x_wconf 89' lang='lat' dir='ltr'><strong>(p.</strong></span> <span class='ocrx_word' id='word_1_432' title='bbox 3111 903 3234 974; x_wconf 79' lang='lat' dir='ltr'><strong>MO)</strong></span> <span class='ocrx_word' id='word_1_433' title='bbox 3266 904 3364 958; x_wconf 86' lang='grc' dir='ltr'>Διά</span> <span class='ocrx_word' id='word_1_434' title='bbox 3393 904 3554 958; x_wconf 80' lang='grc' dir='ltr'>τοῦτο</span> <span class='ocrx_word' id='word_1_435' title='bbox 3586 905 3752 960; x_wconf 88' lang='grc' dir='ltr'>πάλαι</span> 
     </span>
    </p>
   </div>
   <div class='ocr_carea' id='block_1_67' title="bbox 2191 993 3755 1066">
    <p class='ocr_par' dir='ltr' id='par_1_67' title="bbox 2191 993 3755 1066">
     <span class='ocr_line' id='line_1_67' title="bbox 2191 993 3755 1066; baseline 0.003 -20"><span class='ocrx_word' id='word_1_436' title='bbox 2191 994 2290 1064; x_wconf 89' lang='grc' dir='ltr'><strong>μὲν</strong></span> <span class='ocrx_word' id='word_1_437' title='bbox 2321 995 2415 1048; x_wconf 68' lang='grc' dir='ltr'><strong>καλ⁵</strong></span> <span class='ocrx_word' id='word_1_438' title='bbox 2447 993 2719 1063; x_wconf 84' lang='grc' dir='ltr'>πρόπαλαι</span> <span class='ocrx_word' id='word_1_439' title='bbox 2743 993 2820 1064; x_wconf 86' lang='grc' dir='ltr'><strong>τῷ</strong></span> <span class='ocrx_word' id='word_1_440' title='bbox 2864 995 3116 1065; x_wconf 76' lang='grc' dir='ltr'><strong>μακαρίῳ</strong></span> <span class='ocrx_word' id='word_1_441' title='bbox 3147 993 3306 1048; x_wconf 80' lang='grc' dir='ltr'>Δαυῒδ</span> <span class='ocrx_word' id='word_1_442' title='bbox 3351 994 3536 1066; x_wconf 72' lang='grc' dir='ltr'>εἴρητο</span> <span class='ocrx_word' id='word_1_443' title='bbox 3580 996 3755 1050; x_wconf 81' lang='grc' dir='ltr'>ταῦτα</span> 
     </span>
    </p>
   </div>
   <div class='ocr_carea' id='block_1_68' title="bbox 2187 1082 3755 1158">
    <p class='ocr_par' dir='ltr' id='par_1_68' title="bbox 2187 1082 3755 1158">
     <span class='ocr_line' id='line_1_68' title="bbox 2187 1082 3755 1158; baseline 0.002 -21"><span class='ocrx_word' id='word_1_444' title='bbox 2187 1083 2276 1138; x_wconf 89' lang='grc' dir='ltr'><strong>διά</strong></span> <span class='ocrx_word' id='word_1_445' title='bbox 2318 1082 2526 1137; x_wconf 83' lang='grc' dir='ltr'>πολλῶν</span> <span class='ocrx_word' id='word_1_446' title='bbox 2567 1082 2676 1136; x_wconf 91' lang='grc' dir='ltr'><strong>τῶν</strong></span> <span class='ocrx_word' id='word_1_447' title='bbox 2716 1082 2946 1153; x_wconf 70' lang='grc' dir='ltr'>ψαλμῶν</span> <span class='ocrx_word' id='word_1_448' title='bbox 2966 1101 2980 1115; x_wconf 80' lang='grc' dir='ltr'><strong><em>ο</em></strong></span> <span class='ocrx_word' id='word_1_449' title='bbox 3009 1083 3315 1152; x_wconf 75' lang='grc' dir='ltr'>ἐγγίζοντος</span> <span class='ocrx_word' id='word_1_450' title='bbox 3339 1085 3396 1138; x_wconf 84' lang='grc' dir='ltr'><strong>δέ</strong></span> <span class='ocrx_word' id='word_1_451' title='bbox 3420 1085 3514 1139; x_wconf 81' lang='grc' dir='ltr'>τοῦ</span> <span class='ocrx_word' id='word_1_452' title='bbox 3556 1085 3755 1158; x_wconf 88' lang='grc' dir='ltr'>καιροῦ</span> 
     </span>
    </p>
   </div>
   <div class='ocr_carea' id='block_1_69' title="bbox 2187 1175 3757 1248">
    <p class='ocr_par' dir='ltr' id='par_1_69' title="bbox 2187 1175 3757 1248">
     <span class='ocr_line' id='line_1_69' title="bbox 2187 1175 3757 1248; baseline 0.003 -21"><span class='ocrx_word' id='word_1_453' title='bbox 2187 1175 2298 1229; x_wconf 91' lang='grc' dir='ltr'><strong>τῶν</strong></span> <span class='ocrx_word' id='word_1_454' title='bbox 2335 1176 2693 1247; x_wconf 80' lang='grc' dir='ltr'>πραγμάτων,</span> <span class='ocrx_word' id='word_1_455' title='bbox 2740 1177 2864 1238; x_wconf 80' lang='grc' dir='ltr'>τοὺς</span> <span class='ocrx_word' id='word_1_456' title='bbox 2911 1177 3195 1247; x_wconf 82' lang='grc' dir='ltr'>προφήτας</span> <span class='ocrx_word' id='word_1_457' title='bbox 3243 1177 3505 1241; x_wconf 78' lang='grc' dir='ltr'><strong>ἀνέδειξεν</strong></span> <span class='ocrx_word' id='word_1_458' title='bbox 3554 1180 3588 1248; x_wconf 84' lang='grc' dir='ltr'><strong>ή</strong></span> <span class='ocrx_word' id='word_1_459' title='bbox 3636 1178 3757 1232; x_wconf 90' lang='grc' dir='ltr'>θεία</span> 
     </span>
    </p>
   </div>
   <div class='ocr_carea' id='block_1_70' title="bbox 2190 1265 3755 1339">
    <p class='ocr_par' dir='ltr' id='par_1_70' title="bbox 2190 1265 3755 1339">
     <span class='ocr_line' id='line_1_70' title="bbox 2190 1265 3755 1339; baseline 0.002 -20"><span class='ocrx_word' id='word_1_460' title='bbox 2190 1266 2365 1336; x_wconf 84' lang='grc' dir='ltr'>χάρις,</span> <span class='ocrx_word' id='word_1_461' title='bbox 2399 1266 2494 1320; x_wconf 79' lang='grc' dir='ltr'>νῦν</span> <span class='ocrx_word' id='word_1_462' title='bbox 2524 1267 2624 1336; x_wconf 85' lang='grc' dir='ltr'><strong>μὲν</strong></span> <span class='ocrx_word' id='word_1_463' title='bbox 2656 1265 2934 1334; x_wconf 88' lang='grc' dir='ltr'>ἐφεστῶτα</span> <span class='ocrx_word' id='word_1_464' title='bbox 2964 1267 3070 1319; x_wconf 90' lang='grc' dir='ltr'><strong>τῶν</strong></span> <span class='ocrx_word' id='word_1_465' title='bbox 3112 1267 3409 1339; x_wconf 69' lang='grc' dir='ltr'>Ἀσσυρίων</span> <span class='ocrx_word' id='word_1_466' title='bbox 3447 1269 3755 1339; x_wconf 75' lang='grc' dir='ltr'>μηνύοντας</span> 
     </span>
    </p>
   </div>
   <div class='ocr_carea' id='block_1_71' title="bbox 2188 1351 3757 1428">
    <p class='ocr_par' dir='ltr' id='par_1_71' title="bbox 2188 1351 3757 1428">
     <span class='ocr_line' id='line_1_71' title="bbox 2188 1351 3757 1428; baseline 0.004 -20"><span class='ocrx_word' id='word_1_467' title='bbox 2188 1356 2257 1410; x_wconf 87' lang='grc' dir='ltr'>τὰ</span> <span class='ocrx_word' id='word_1_468' title='bbox 2287 1355 2450 1419; x_wconf 80' lang='grc' dir='ltr'>κακὰ,</span> <span class='ocrx_word' id='word_1_469' title='bbox 2482 1351 2636 1418; x_wconf 82' lang='grc' dir='ltr'>αὖθις</span> <span class='ocrx_word' id='word_1_470' title='bbox 2663 1355 2719 1409; x_wconf 87' lang='grc' dir='ltr'><strong>δέ</strong></span> <span class='ocrx_word' id='word_1_471' title='bbox 2743 1357 2830 1408; x_wconf 85' lang='grc' dir='ltr'>ἐπ’</span> <span class='ocrx_word' id='word_1_472' title='bbox 2851 1357 3088 1419; x_wconf 75' lang='grc' dir='ltr'>ἐκείνους</span> <span class='ocrx_word' id='word_1_473' title='bbox 3113 1356 3180 1409; x_wconf 85' lang='grc' dir='ltr'>τὰ</span> <span class='ocrx_word' id='word_1_474' title='bbox 3211 1357 3364 1428; x_wconf 83' lang='grc' dir='ltr'>παρὰ</span> <span class='ocrx_word' id='word_1_475' title='bbox 3399 1358 3757 1414; x_wconf 84' lang='grc' dir='ltr'>Βαϐυλωνίων</span> 
     </span>
    </p>
   </div>
   <div class='ocr_carea' id='block_1_72' title="bbox 2189 1445 3757 1520">
    <p class='ocr_par' dir='ltr' id='par_1_72' title="bbox 2189 1445 3757 1520">
     <span class='ocr_line' id='line_1_72' title="bbox 2189 1445 3757 1520; baseline 0.002 -21"><span class='ocrx_word' id='word_1_476' title='bbox 2189 1446 2421 1516; x_wconf 87' lang='grc' dir='ltr'>ἐσόμενα</span> <span class='ocrx_word' id='word_1_477' title='bbox 2454 1445 2745 1518; x_wconf 75' lang='grc' dir='ltr'>δηλοῦντας</span> <span class='ocrx_word' id='word_1_478' title='bbox 2767 1463 2781 1479; x_wconf 79' lang='grc' dir='ltr'><strong><em>ο</em></strong></span> <span class='ocrx_word' id='word_1_479' title='bbox 2812 1447 2898 1515; x_wconf 87' lang='grc' dir='ltr'>ἐφ’</span> <span class='ocrx_word' id='word_1_480' title='bbox 2925 1446 3098 1500; x_wconf 71' lang='grc' dir='ltr'>ἅπασί</span> <span class='ocrx_word' id='word_1_481' title='bbox 3137 1463 3197 1500; x_wconf 85' lang='grc' dir='ltr'><strong>τε</strong></span> <span class='ocrx_word' id='word_1_482' title='bbox 3237 1447 3491 1516; x_wconf 88' lang='grc' dir='ltr'>λέγοντας</span> <span class='ocrx_word' id='word_1_483' title='bbox 3519 1449 3617 1520; x_wconf 79' lang='grc' dir='ltr'>τὴν</span> <span class='ocrx_word' id='word_1_484' title='bbox 3652 1450 3757 1502; x_wconf 70' lang='grc' dir='ltr'>ἐπα</span> 
     </span>
    </p>
   </div>
   <div class='ocr_carea' id='block_1_73' title="bbox 2190 1535 3759 1610">
    <p class='ocr_par' dir='ltr' id='par_1_73' title="bbox 2190 1535 3759 1610">
     <span class='ocr_line' id='line_1_73' title="bbox 2190 1535 3759 1610; baseline 0.004 -22"><span class='ocrx_word' id='word_1_485' title='bbox 2190 1535 2392 1597; x_wconf 85' lang='grc' dir='ltr'>ἀνοδον,</span> <span class='ocrx_word' id='word_1_486' title='bbox 2425 1535 2588 1606; x_wconf 81' lang='grc' dir='ltr'>ἐτερά</span> <span class='ocrx_word' id='word_1_487' title='bbox 2613 1553 2673 1589; x_wconf 89' lang='grc' dir='ltr'><strong>τε</strong></span> <span class='ocrx_word' id='word_1_488' title='bbox 2709 1537 2880 1590; x_wconf 80' lang='grc' dir='ltr'>ὁπόσα</span> <span class='ocrx_word' id='word_1_489' title='bbox 2907 1535 3014 1591; x_wconf 85' lang='grc' dir='ltr'><strong>τῶν</strong></span> <span class='ocrx_word' id='word_1_490' title='bbox 3036 1536 3177 1590; x_wconf 90' lang='grc' dir='ltr'><strong>κατά</strong></span> <span class='ocrx_word' id='word_1_491' title='bbox 3201 1540 3291 1591; x_wconf 80' lang='grc' dir='ltr'><strong>τὸν</strong></span> <span class='ocrx_word' id='word_1_492' title='bbox 3319 1539 3508 1610; x_wconf 80' lang='grc' dir='ltr'>καιρὸν</span> <span class='ocrx_word' id='word_1_493' title='bbox 3548 1541 3759 1594; x_wconf 85' lang='grc' dir='ltr'>ἐκεῖνον</span> 
     </span>
    </p>
   </div>
   <div class='ocr_carea' id='block_1_74' title="bbox 2189 1626 3751 1703">
    <p class='ocr_par' dir='ltr' id='par_1_74' title="bbox 2189 1626 3751 1703">
     <span class='ocr_line' id='line_1_74' title="bbox 2189 1626 3751 1703; baseline 0.005 -24"><span class='ocrx_word' id='word_1_494' title='bbox 2189 1627 2486 1696; x_wconf 79' lang='grc' dir='ltr'>γεγονότων</span> <span class='ocrx_word' id='word_1_495' title='bbox 2530 1627 2825 1698; x_wconf 86' lang='grc' dir='ltr'>μηνύεσθαι</span> <span class='ocrx_word' id='word_1_496' title='bbox 2854 1629 3128 1700; x_wconf 83' lang='grc' dir='ltr'>προσῆκον</span> <span class='ocrx_word' id='word_1_497' title='bbox 3167 1626 3235 1702; x_wconf 79' lang='grc' dir='ltr'>ἦν</span> <span class='ocrx_word' id='word_1_498' title='bbox 3255 1647 3270 1662; x_wconf 78' lang='grc' dir='ltr'><strong><em>ο</em></strong></span> <span class='ocrx_word' id='word_1_499' title='bbox 3320 1632 3442 1686; x_wconf 80' lang='grc' dir='ltr'>ἐπεὶ</span> <span class='ocrx_word' id='word_1_500' title='bbox 3491 1632 3548 1685; x_wconf 84' lang='grc' dir='ltr'>δὲ</span> <span class='ocrx_word' id='word_1_501' title='bbox 3575 1634 3606 1703; x_wconf 86' lang='grc' dir='ltr'><strong>ή</strong></span> <span class='ocrx_word' id='word_1_502' title='bbox 3637 1633 3751 1687; x_wconf 87' lang='grc' dir='ltr'><strong>τῶν</strong></span> 
     </span>
    </p>
   </div>
   <div class='ocr_carea' id='block_1_75' title="bbox 2190 1717 3761 1792">
    <p class='ocr_par' dir='ltr' id='par_1_75' title="bbox 2190 1717 3761 1792">
     <span class='ocr_line' id='line_1_75' title="bbox 2190 1717 3761 1792; baseline 0.004 -22"><span class='ocrx_word' id='word_1_503' title='bbox 2190 1717 2468 1788; x_wconf 80' lang='grc' dir='ltr'>προτέρων</span> <span class='ocrx_word' id='word_1_504' title='bbox 2513 1717 2736 1782; x_wconf 74' lang='grc' dir='ltr'>ἔκϐασις</span> <span class='ocrx_word' id='word_1_505' title='bbox 2779 1719 3084 1783; x_wconf 85' lang='grc' dir='ltr'>ἀκολούθως</span> <span class='ocrx_word' id='word_1_506' title='bbox 3123 1722 3242 1784; x_wconf 80' lang='grc' dir='ltr'>ταῖς</span> <span class='ocrx_word' id='word_1_507' title='bbox 3288 1723 3624 1792; x_wconf 73' lang='grc' dir='ltr'>προρρήσεσι</span> <span class='ocrx_word' id='word_1_508' title='bbox 3672 1739 3761 1791; x_wconf 87' lang='grc' dir='ltr'>γι-</span> 
     </span>
    </p>
   </div>
   <div class='ocr_carea' id='block_1_76' title="bbox 2118 1781 3761 1884">
    <p class='ocr_par' dir='ltr' id='par_1_76' title="bbox 2118 1781 3761 1884">
     <span class='ocr_line' id='line_1_76' title="bbox 2118 1781 3761 1884; baseline 0.004 -23"><span class='ocrx_word' id='word_1_509' title='bbox 2118 1781 2164 1842; x_wconf 67' lang='lat' dir='ltr'><strong>B</strong></span> <span class='ocrx_word' id='word_1_510' title='bbox 2191 1781 2449 1880; x_wconf 77' lang='grc' dir='ltr'>γνομένη,</span> <span class='ocrx_word' id='word_1_511' title='bbox 2501 1810 2684 1873; x_wconf 87' lang='grc' dir='ltr'>πίστις</span> <span class='ocrx_word' id='word_1_512' title='bbox 2721 1806 2790 1880; x_wconf 82' lang='grc' dir='ltr'>ἦν</span> <span class='ocrx_word' id='word_1_513' title='bbox 2821 1811 2928 1864; x_wconf 87' lang='grc' dir='ltr'><strong>τῶν</strong></span> <span class='ocrx_word' id='word_1_514' title='bbox 2961 1781 3095 1881; x_wconf 86' lang='grc' dir='ltr'><strong>μετά</strong></span> <span class='ocrx_word' id='word_1_515' title='bbox 3124 1781 3296 1864; x_wconf 80' lang='grc' dir='ltr'>ταῦτα</span> <span class='ocrx_word' id='word_1_516' title='bbox 3331 1781 3761 1884; x_wconf 52' lang='grc' dir='ltr'>’προείρημένίυν</span> 
     </span>
    </p>
   </div>
   <div class='ocr_carea' id='block_1_77' title="bbox 2189 1900 3504 1974">
    <p class='ocr_par' dir='ltr' id='par_1_77' title="bbox 2189 1900 3504 1974">
     <span class='ocr_line' id='line_1_77' title="bbox 2189 1900 3504 1974; baseline 0.003 -21"><span class='ocrx_word' id='word_1_517' title='bbox 2189 1918 2270 1966; x_wconf 85' lang='grc' dir='ltr'><strong>τε,</strong></span> <span class='ocrx_word' id='word_1_518' title='bbox 2303 1900 2446 1954; x_wconf 80' lang='grc' dir='ltr'>κατὰ</span> <span class='ocrx_word' id='word_1_519' title='bbox 2466 1900 2564 1972; x_wconf 81' lang='grc' dir='ltr'>τὴν</span> <span class='ocrx_word' id='word_1_520' title='bbox 2601 1903 2901 1973; x_wconf 74' lang='grc' dir='ltr'>πρόρρησιν</span> <span class='ocrx_word' id='word_1_521' title='bbox 2926 1901 3002 1965; x_wconf 83' lang='grc' dir='ltr'>ὡς</span> <span class='ocrx_word' id='word_1_522' title='bbox 3043 1901 3189 1965; x_wconf 75' lang='grc' dir='ltr'>εἰκὸς</span> <span class='ocrx_word' id='word_1_523' title='bbox 3217 1902 3504 1974; x_wconf 80' lang='grc' dir='ltr'>ἐσομένων.</span> 
     </span>
    </p>
   </div>
   <div class='ocr_carea' id='block_1_78' title="bbox 2272 1990 3762 2062">
    <p class='ocr_par' dir='ltr' id='par_1_78' title="bbox 2272 1990 3762 2062">
     <span class='ocr_line' id='line_1_78' title="bbox 2272 1990 3762 2062; baseline 0.003 -18"><span class='ocrx_word' id='word_1_524' title='bbox 2272 1990 2552 2046; x_wconf 81' lang='grc' dir='ltr'>Ἐντεῦθεν</span> <span class='ocrx_word' id='word_1_525' title='bbox 2582 1992 2818 2054; x_wconf 74' lang='grc' dir='ltr'>ἅπαντες</span> <span class='ocrx_word' id='word_1_526' title='bbox 2858 1993 2926 2046; x_wconf 85' lang='grc' dir='ltr'><strong>τά</strong></span> <span class='ocrx_word' id='word_1_527' title='bbox 2969 2009 3029 2044; x_wconf 89' lang='grc' dir='ltr'><strong>τε</strong></span> <span class='ocrx_word' id='word_1_528' title='bbox 3073 1991 3222 2062; x_wconf 87' lang='grc' dir='ltr'><strong>παρά</strong></span> <span class='ocrx_word' id='word_1_529' title='bbox 3266 1992 3375 2045; x_wconf 89' lang='grc' dir='ltr'><strong>τῶν</strong></span> <span class='ocrx_word' id='word_1_530' title='bbox 3401 1992 3762 2049; x_wconf 89' lang='grc' dir='ltr'>Βαϐυλωνίων</span> 
     </span>
    </p>
   </div>
   <div class='ocr_carea' id='block_1_79' title="bbox 2191 2082 3762 2155">
    <p class='ocr_par' dir='ltr' id='par_1_79' title="bbox 2191 2082 3762 2155">
     <span class='ocr_line' id='line_1_79' title="bbox 2191 2082 3762 2155; baseline 0.002 -22"><span class='ocrx_word' id='word_1_531' title='bbox 2191 2083 2447 2150; x_wconf 79' lang='grc' dir='ltr'>γεγονότα</span> <span class='ocrx_word' id='word_1_532' title='bbox 2510 2082 2704 2152; x_wconf 86' lang='grc' dir='ltr'>φασίν·</span> <span class='ocrx_word' id='word_1_533' title='bbox 2749 2083 2934 2153; x_wconf 87' lang='grc' dir='ltr'>ἐπειδὴ</span> <span class='ocrx_word' id='word_1_534' title='bbox 2997 2083 3102 2137; x_wconf 79' lang='grc' dir='ltr'><strong>κᾶν</strong></span> <span class='ocrx_word' id='word_1_535' title='bbox 3170 2085 3218 2135; x_wconf 89' lang='grc' dir='ltr'><strong>εί</strong></span> <span class='ocrx_word' id='word_1_536' title='bbox 3278 2083 3607 2155; x_wconf 76' lang='grc' dir='ltr'>διῃρημένας</span> <span class='ocrx_word' id='word_1_537' title='bbox 3658 2083 3762 2146; x_wconf 82' lang='grc' dir='ltr'>τὰς</span> 
     </span>
    </p>
   </div>
   <div class='ocr_carea' id='block_1_80' title="bbox 2191 2172 3764 2246">
    <p class='ocr_par' dir='ltr' id='par_1_80' title="bbox 2191 2172 3764 2246">
     <span class='ocr_line' id='line_1_80' title="bbox 2191 2172 3764 2246; baseline 0.001 -20"><span class='ocrx_word' id='word_1_538' title='bbox 2191 2172 2411 2241; x_wconf 79' lang='grc' dir='ltr'>ἐφόδους</span> <span class='ocrx_word' id='word_1_539' title='bbox 2449 2173 2650 2237; x_wconf 87' lang='grc' dir='ltr'>ταύτας</span> <span class='ocrx_word' id='word_1_540' title='bbox 2696 2174 3022 2244; x_wconf 84' lang='grc' dir='ltr'>γεγενῆσθαι</span> <span class='ocrx_word' id='word_1_541' title='bbox 3072 2174 3293 2246; x_wconf 89' lang='grc' dir='ltr'>συνέϐη,</span> <span class='ocrx_word' id='word_1_542' title='bbox 3339 2175 3604 2246; x_wconf 89' lang='grc' dir='ltr'>πρότερον</span> <span class='ocrx_word' id='word_1_543' title='bbox 3659 2175 3764 2246; x_wconf 78' lang='grc' dir='ltr'><strong>μὲν</strong></span> 
     </span>
    </p>
   </div>
   <div class='ocr_carea' id='block_1_81' title="bbox 2204 2265 3762 2338">
    <p class='ocr_par' dir='ltr' id='par_1_81' title="bbox 2204 2265 3762 2338">
     <span class='ocr_line' id='line_1_81' title="bbox 2204 2265 3762 2338; baseline -0.001 -19"><span class='ocrx_word' id='word_1_544' title='bbox 2204 2266 2500 2338; x_wconf 82' lang='grc' dir='ltr'>’Δσσυρίων</span> <span class='ocrx_word' id='word_1_545' title='bbox 2553 2266 2976 2338; x_wconf 77' lang='grc' dir='ltr'>ἐπεληλυθότων,</span> <span class='ocrx_word' id='word_1_546' title='bbox 3009 2267 3363 2321; x_wconf 89' lang='grc' dir='ltr'>Βαϐυλωνίων</span> <span class='ocrx_word' id='word_1_547' title='bbox 3404 2266 3461 2320; x_wconf 84' lang='grc' dir='ltr'>δὲ</span> <span class='ocrx_word' id='word_1_548' title='bbox 3507 2265 3762 2338; x_wconf 78' lang='grc' dir='ltr'>ὕστερον.</span> 
     </span>
    </p>
   </div>
   <div class='ocr_carea' id='block_1_82' title="bbox 2190 2357 3766 2430">
    <p class='ocr_par' dir='ltr' id='par_1_82' title="bbox 2190 2357 3766 2430">
     <span class='ocr_line' id='line_1_82' title="bbox 2190 2357 3766 2430; baseline 0 -19"><span class='ocrx_word' id='word_1_549' title='bbox 2190 2359 2298 2412; x_wconf 91' lang='grc' dir='ltr'><strong>τῶν</strong></span> <span class='ocrx_word' id='word_1_550' title='bbox 2319 2376 2378 2412; x_wconf 91' lang='grc' dir='ltr'><strong>τε</strong></span> <span class='ocrx_word' id='word_1_551' title='bbox 2405 2359 2742 2430; x_wconf 85' lang='grc' dir='ltr'>πραγμάτων</span> <span class='ocrx_word' id='word_1_552' title='bbox 2764 2359 2952 2430; x_wconf 90' lang='grc' dir='ltr'>καιρός</span> <span class='ocrx_word' id='word_1_553' title='bbox 2979 2376 3060 2423; x_wconf 93' lang='grc' dir='ltr'><strong>τις</strong></span> <span class='ocrx_word' id='word_1_554' title='bbox 3086 2361 3304 2428; x_wconf 81' lang='grc' dir='ltr'>γέγονεν</span> <span class='ocrx_word' id='word_1_555' title='bbox 3333 2360 3392 2412; x_wconf 91' lang='grc' dir='ltr'><strong>ἐν</strong></span> <span class='ocrx_word' id='word_1_556' title='bbox 3419 2359 3591 2429; x_wconf 83' lang='grc' dir='ltr'>μέσῳ,</span> <span class='ocrx_word' id='word_1_557' title='bbox 3617 2357 3766 2412; x_wconf 88' lang='grc' dir='ltr'><strong>ἀλλά</strong></span> 
     </span>
    </p>
   </div>
   <div class='ocr_carea' id='block_1_83' title="bbox 2199 2445 3765 2521">
    <p class='ocr_par' dir='ltr' id='par_1_83' title="bbox 2199 2445 3765 2521">
     <span class='ocr_line' id='line_1_83' title="bbox 2199 2445 3765 2521; baseline 0.001 -19"><span class='ocrx_word' id='word_1_558' title='bbox 2199 2450 2298 2520; x_wconf 89' lang='grc' dir='ltr'><strong>μία</strong></span> <span class='ocrx_word' id='word_1_559' title='bbox 2347 2466 2409 2518; x_wconf 87' lang='grc' dir='ltr'><strong>γε</strong></span> <span class='ocrx_word' id='word_1_560' title='bbox 2458 2445 2583 2520; x_wconf 78' lang='grc' dir='ltr'>ἧνή</span> <span class='ocrx_word' id='word_1_561' title='bbox 2619 2449 2880 2520; x_wconf 82' lang='grc' dir='ltr'>παντελὴς</span> <span class='ocrx_word' id='word_1_562' title='bbox 2913 2450 3277 2520; x_wconf 74' lang='grc' dir='ltr'>αἰχμαλωσία,</span> <span class='ocrx_word' id='word_1_563' title='bbox 3336 2449 3617 2521; x_wconf 79' lang='grc' dir='ltr'>ἀρξαμένη</span> <span class='ocrx_word' id='word_1_564' title='bbox 3659 2449 3765 2520; x_wconf 78' lang='grc' dir='ltr'>μὲν</span> 
     </span>
    </p>
   </div>
   <div class='ocr_carea' id='block_1_84' title="bbox 2191 2539 3764 2612">
    <p class='ocr_par' dir='ltr' id='par_1_84' title="bbox 2191 2539 3764 2612">
     <span class='ocr_line' id='line_1_84' title="bbox 2191 2539 3764 2612; baseline 0.001 -20"><span class='ocrx_word' id='word_1_565' title='bbox 2191 2539 2298 2592; x_wconf 86' lang='grc' dir='ltr'><strong>ἀπὸ</strong></span> <span class='ocrx_word' id='word_1_566' title='bbox 2320 2539 2428 2592; x_wconf 91' lang='grc' dir='ltr'><strong>τῶν</strong></span> <span class='ocrx_word' id='word_1_567' title='bbox 2469 2539 2764 2610; x_wconf 82' lang='grc' dir='ltr'>Ἀσσυρίων</span> <span class='ocrx_word' id='word_1_568' title='bbox 2798 2540 2926 2612; x_wconf 77' lang='grc' dir='ltr'>περὶ</span> <span class='ocrx_word' id='word_1_569' title='bbox 2973 2539 3071 2603; x_wconf 84' lang='grc' dir='ltr'>τὰς</span> <span class='ocrx_word' id='word_1_570' title='bbox 3117 2539 3246 2594; x_wconf 85' lang='grc' dir='ltr'>δέκα</span> <span class='ocrx_word' id='word_1_571' title='bbox 3281 2540 3474 2609; x_wconf 85' lang='grc' dir='ltr'>φυλὰς,</span> <span class='ocrx_word' id='word_1_572' title='bbox 3512 2557 3764 2612; x_wconf 85' lang='grc' dir='ltr'>περαιω-</span> 
     </span>
    </p>
   </div>
   <div class='ocr_carea' id='block_1_85' title="bbox 2193 2629 3768 2703">
    <p class='ocr_par' dir='ltr' id='par_1_85' title="bbox 2193 2629 3768 2703">
     <span class='ocr_line' id='line_1_85' title="bbox 2193 2629 3768 2703; baseline 0.002 -20"><span class='ocrx_word' id='word_1_573' title='bbox 2193 2629 2345 2684; x_wconf 80' lang='grc' dir='ltr'>θεῖσα</span> <span class='ocrx_word' id='word_1_574' title='bbox 2373 2631 2430 2684; x_wconf 83' lang='grc' dir='ltr'><strong>δέ</strong></span> <span class='ocrx_word' id='word_1_575' title='bbox 2464 2630 2591 2703; x_wconf 70' lang='grc' dir='ltr'>περὶ</span> <span class='ocrx_word' id='word_1_576' title='bbox 2620 2631 2719 2695; x_wconf 81' lang='grc' dir='ltr'>τὰς</span> <span class='ocrx_word' id='word_1_577' title='bbox 2749 2632 3090 2697; x_wconf 86' lang='grc' dir='ltr'>ὑπολοίπους,</span> <span class='ocrx_word' id='word_1_578' title='bbox 3127 2633 3185 2686; x_wconf 79' lang='grc' dir='ltr'>αἵ</span> <span class='ocrx_word' id='word_1_579' title='bbox 3227 2633 3325 2703; x_wconf 81' lang='grc' dir='ltr'>τῆς</span> <span class='ocrx_word' id='word_1_580' title='bbox 3386 2633 3555 2688; x_wconf 82' lang='grc' dir='ltr'>Ἰούδα</span> <span class='ocrx_word' id='word_1_581' title='bbox 3602 2633 3768 2703; x_wconf 87' lang='grc' dir='ltr'>βασι-</span> 
     </span>
    </p>
   </div>
   <div class='ocr_carea' id='block_1_86' title="bbox 2191 2721 3762 2796">
    <p class='ocr_par' dir='ltr' id='par_1_86' title="bbox 2191 2721 3762 2796">
     <span class='ocr_line' id='line_1_86' title="bbox 2191 2721 3762 2796; baseline 0.003 -22"><span class='ocrx_word' id='word_1_582' title='bbox 2191 2721 2339 2787; x_wconf 88' lang='grc' dir='ltr'>λείας</span> <span class='ocrx_word' id='word_1_583' title='bbox 2383 2722 2698 2794; x_wconf 82' lang='grc' dir='ltr'>ἐτύγχανον,</span> <span class='ocrx_word' id='word_1_584' title='bbox 2749 2724 2840 2777; x_wconf 78' lang='grc' dir='ltr'>ἐπὶ</span> <span class='ocrx_word' id='word_1_585' title='bbox 2891 2727 2988 2795; x_wconf 78' lang='grc' dir='ltr'>τῆς</span> <span class='ocrx_word' id='word_1_586' title='bbox 3017 2724 3370 2778; x_wconf 88' lang='grc' dir='ltr'>Βαϐυλωνίων</span> <span class='ocrx_word' id='word_1_587' title='bbox 3417 2724 3762 2796; x_wconf 78' lang='grc' dir='ltr'>πολιορκίας.</span> 
     </span>
    </p>
   </div>
   <div class='ocr_carea' id='block_1_87' title="bbox 2193 2810 3764 2886">
    <p class='ocr_par' dir='ltr' id='par_1_87' title="bbox 2193 2810 3764 2886">
     <span class='ocr_line' id='line_1_87' title="bbox 2193 2810 3764 2886; baseline 0.001 -19"><span class='ocrx_word' id='word_1_588' title='bbox 2193 2813 2390 2867; x_wconf 86' lang='grc' dir='ltr'>Τούτου</span> <span class='ocrx_word' id='word_1_589' title='bbox 2427 2814 2524 2885; x_wconf 85' lang='grc' dir='ltr'>μὲν</span> <span class='ocrx_word' id='word_1_590' title='bbox 2551 2810 2644 2868; x_wconf 79' lang='grc' dir='ltr'><strong>οὖν</strong></span> <span class='ocrx_word' id='word_1_591' title='bbox 2693 2814 2876 2868; x_wconf 77' lang='grc' dir='ltr'>ἕνεκεν</span> <span class='ocrx_word' id='word_1_592' title='bbox 2907 2815 2963 2868; x_wconf 84' lang='grc' dir='ltr'>οῑ</span> <span class='ocrx_word' id='word_1_593' title='bbox 2977 2832 3035 2868; x_wconf 89' lang='grc' dir='ltr'><strong>τε</strong></span> <span class='ocrx_word' id='word_1_594' title='bbox 3063 2815 3237 2868; x_wconf 76' lang='grc' dir='ltr'>λοιποὶ</span> <span class='ocrx_word' id='word_1_595' title='bbox 3264 2815 3438 2870; x_wconf 78' lang='grc' dir='ltr'>ταῦτα</span> <span class='ocrx_word' id='word_1_596' title='bbox 3466 2815 3764 2886; x_wconf 83' lang='grc' dir='ltr'>μηνύουσι,</span> 
     </span>
    </p>
   </div>
   <div class='ocr_carea' id='block_1_88' title="bbox 2193 2897 3766 2974">
    <p class='ocr_par' dir='ltr' id='par_1_88' title="bbox 2193 2897 3766 2974">
     <span class='ocr_line' id='line_1_88' title="bbox 2193 2897 3766 2974; baseline -0.001 -18"><span class='ocrx_word' id='word_1_597' title='bbox 2193 2904 2287 2956; x_wconf 77' lang='grc' dir='ltr'><strong>καὶ</strong></span> <span class='ocrx_word' id='word_1_598' title='bbox 2317 2905 2442 2973; x_wconf 71' lang='grc' dir='ltr'>περὶ</span> <span class='ocrx_word' id='word_1_599' title='bbox 2471 2901 2642 2956; x_wconf 82' lang='grc' dir='ltr'>ταῦτα</span> <span class='ocrx_word' id='word_1_600' title='bbox 2678 2903 2776 2973; x_wconf 79' lang='grc' dir='ltr'><strong>τὴν</strong></span> <span class='ocrx_word' id='word_1_601' title='bbox 2804 2903 2980 2956; x_wconf 78' lang='grc' dir='ltr'>πᾶσαν</span> <span class='ocrx_word' id='word_1_602' title='bbox 3012 2897 3157 2973; x_wconf 78' lang='grc' dir='ltr'>εἶχον</span> <span class='ocrx_word' id='word_1_603' title='bbox 3188 2902 3281 2956; x_wconf 81' lang='grc' dir='ltr'>τοῦ</span> <span class='ocrx_word' id='word_1_604' title='bbox 3325 2902 3481 2971; x_wconf 91' lang='grc' dir='ltr'>λόγου</span> <span class='ocrx_word' id='word_1_605' title='bbox 3526 2903 3766 2974; x_wconf 75' lang='grc' dir='ltr'><strong>σχολήν⁹</strong></span> 
     </span>
    </p>
   </div>
   <div class='ocr_carea' id='block_1_89' title="bbox 2195 2990 3766 3063">
    <p class='ocr_par' dir='ltr' id='par_1_89' title="bbox 2195 2990 3766 3063">
     <span class='ocr_line' id='line_1_89' title="bbox 2195 2990 3766 3063; baseline -0.001 -19"><span class='ocrx_word' id='word_1_606' title='bbox 2195 2994 2270 3061; x_wconf 92' lang='lat' dir='ltr'><strong>(p.</strong></span> <span class='ocrx_word' id='word_1_607' title='bbox 2305 2992 2428 3059; x_wconf 72' lang='lat' dir='ltr'><strong>Ml)</strong></span> <span class='ocrx_word' id='word_1_608' title='bbox 2467 2991 2604 3060; x_wconf 82' lang='grc' dir='ltr'>πλὴν</span> <span class='ocrx_word' id='word_1_609' title='bbox 2634 2992 2731 3045; x_wconf 83' lang='grc' dir='ltr'>ὅσα</span> <span class='ocrx_word' id='word_1_610' title='bbox 2779 2990 2980 3063; x_wconf 84' lang='grc' dir='ltr'>βραχέα</span> <span class='ocrx_word' id='word_1_611' title='bbox 3025 2991 3086 3044; x_wconf 84' lang='grc' dir='ltr'>οὺ</span> <span class='ocrx_word' id='word_1_612' title='bbox 3132 2990 3264 3043; x_wconf 89' lang='grc' dir='ltr'>πολύ</span> <span class='ocrx_word' id='word_1_613' title='bbox 3301 3008 3364 3059; x_wconf 91' lang='grc' dir='ltr'><strong>γε</strong></span> <span class='ocrx_word' id='word_1_614' title='bbox 3402 2991 3604 3043; x_wconf 88' lang='grc' dir='ltr'>τούτων</span> <span class='ocrx_word' id='word_1_615' title='bbox 3654 2991 3766 3044; x_wconf 78' lang='grc' dir='ltr'>ἀπ·</span> 
     </span>
    </p>
   </div>
   <div class='ocr_carea' id='block_1_90' title="bbox 2195 3082 3766 3152">
    <p class='ocr_par' dir='ltr' id='par_1_90' title="bbox 2195 3082 3766 3152">
     <span class='ocr_line' id='line_1_90' title="bbox 2195 3082 3766 3152; baseline -0.001 -17"><span class='ocrx_word' id='word_1_616' title='bbox 2195 3082 2510 3152; x_wconf 83' lang='grc' dir='ltr'>εσπασμένα</span> <span class='ocrx_word' id='word_1_617' title='bbox 2546 3082 2931 3152; x_wconf 85' lang='grc' dir='ltr'>προσετίθεσαν</span> <span class='ocrx_word' id='word_1_618' title='bbox 2962 3084 3076 3145; x_wconf 83' lang='grc' dir='ltr'>τοῖς</span> <span class='ocrx_word' id='word_1_619' title='bbox 3106 3082 3415 3152; x_wconf 83' lang='grc' dir='ltr'>λεγομένοις</span> <span class='ocrx_word' id='word_1_620' title='bbox 3434 3097 3447 3111; x_wconf 79' lang='lat'><strong><em>°</em></strong></span> <span class='ocrx_word' id='word_1_621' title='bbox 3485 3082 3766 3152; x_wconf 85' lang='grc' dir='ltr'>πεποίηκε</span> 
     </span>
    </p>
   </div>
   <div class='ocr_carea' id='block_1_91' title="bbox 2193 3171 3769 3244">
    <p class='ocr_par' dir='ltr' id='par_1_91' title="bbox 2193 3171 3769 3244">
     <span class='ocr_line' id='line_1_91' title="bbox 2193 3171 3769 3244; baseline -0.002 -18"><span class='ocrx_word' id='word_1_622' title='bbox 2193 3173 2248 3226; x_wconf 72' lang='grc' dir='ltr'><strong>δέ</strong></span> <span class='ocrx_word' id='word_1_623' title='bbox 2293 3190 2344 3226; x_wconf 89' lang='grc' dir='ltr'><strong>τι</strong></span> <span class='ocrx_word' id='word_1_624' title='bbox 2371 3172 2579 3226; x_wconf 83' lang='grc' dir='ltr'>τοιοῦτο</span> <span class='ocrx_word' id='word_1_625' title='bbox 2607 3174 2699 3226; x_wconf 63' lang='grc' dir='ltr'><strong>καῖ⁵</strong></span> <span class='ocrx_word' id='word_1_626' title='bbox 2731 3176 2759 3226; x_wconf 89' lang='grc' dir='ltr'><strong>ό</strong></span> <span class='ocrx_word' id='word_1_627' title='bbox 2792 3172 2978 3244; x_wconf 87' lang='grc' dir='ltr'>παρὼν</span> <span class='ocrx_word' id='word_1_628' title='bbox 3011 3173 3316 3243; x_wconf 80' lang='grc' dir='ltr'>προφήτης,</span> <span class='ocrx_word' id='word_1_629' title='bbox 3356 3171 3453 3242; x_wconf 83' lang='grc' dir='ltr'><strong>τὴν</strong></span> <span class='ocrx_word' id='word_1_630' title='bbox 3491 3171 3588 3241; x_wconf 83' lang='grc' dir='ltr'><strong>μὲν</strong></span> <span class='ocrx_word' id='word_1_631' title='bbox 3622 3189 3769 3243; x_wconf 71' lang='grc' dir='ltr'>προσ-</span> 
     </span>
    </p>
   </div>
   <div class='ocr_carea' id='block_1_92' title="bbox 2195 3261 3767 3334">
    <p class='ocr_par' dir='ltr' id='par_1_92' title="bbox 2195 3261 3767 3334">
     <span class='ocr_line' id='line_1_92' title="bbox 2195 3261 3767 3334; baseline -0.001 -17"><span class='ocrx_word' id='word_1_632' title='bbox 2195 3264 2420 3332; x_wconf 85' lang='grc' dir='ltr'>φητείαν</span> <span class='ocrx_word' id='word_1_633' title='bbox 2447 3265 2660 3318; x_wconf 75' lang='grc' dir='ltr'>ἃπασαν</span> <span class='ocrx_word' id='word_1_634' title='bbox 2693 3266 2750 3317; x_wconf 91' lang='grc' dir='ltr'><strong>ἐν</strong></span> <span class='ocrx_word' id='word_1_635' title='bbox 2782 3267 2892 3326; x_wconf 81' lang='grc' dir='ltr'>τοῖς</span> <span class='ocrx_word' id='word_1_636' title='bbox 2920 3263 3047 3334; x_wconf 91' lang='grc' dir='ltr'>περί</span> <span class='ocrx_word' id='word_1_637' title='bbox 3076 3279 3134 3315; x_wconf 83' lang='grc' dir='ltr'><strong>τε</strong></span> <span class='ocrx_word' id='word_1_638' title='bbox 3162 3263 3254 3316; x_wconf 76' lang='grc' dir='ltr'>τὸν</span> <span class='ocrx_word' id='word_1_639' title='bbox 3294 3261 3508 3333; x_wconf 83' lang='grc' dir='ltr'>Ἰσραὴλ</span> <span class='ocrx_word' id='word_1_640' title='bbox 3535 3262 3630 3315; x_wconf 61' lang='grc' dir='ltr'><strong>καὶ⁹</strong></span> <span class='ocrx_word' id='word_1_641' title='bbox 3669 3263 3767 3316; x_wconf 86' lang='grc' dir='ltr'><strong>τὸν</strong></span> 
     </span>
    </p>
   </div>
   <div class='ocr_carea' id='block_1_93' title="bbox 2207 3348 3766 3426">
    <p class='ocr_par' dir='ltr' id='par_1_93' title="bbox 2207 3348 3766 3426">
     <span class='ocr_line' id='line_1_93' title="bbox 2207 3348 3766 3426; baseline 0.002 -19"><span class='ocrx_word' id='word_1_642' title='bbox 2207 3354 2402 3408; x_wconf 85' lang='grc' dir='ltr'>Ἰούδαν</span> <span class='ocrx_word' id='word_1_643' title='bbox 2447 3355 2725 3425; x_wconf 84' lang='grc' dir='ltr'>ἐσομένοις</span> <span class='ocrx_word' id='word_1_644' title='bbox 2753 3355 2904 3424; x_wconf 89' lang='grc' dir='ltr'>παρά</span> <span class='ocrx_word' id='word_1_645' title='bbox 2933 3371 2993 3408; x_wconf 89' lang='grc' dir='ltr'><strong>τε</strong></span> <span class='ocrx_word' id='word_1_646' title='bbox 3033 3355 3327 3426; x_wconf 84' lang='grc' dir='ltr'>Ἀσσυρίων</span> <span class='ocrx_word' id='word_1_647' title='bbox 3357 3356 3452 3408; x_wconf 77' lang='grc' dir='ltr'><strong>καὶ</strong></span> <span class='ocrx_word' id='word_1_648' title='bbox 3497 3348 3766 3411; x_wconf 79' lang='grc' dir='ltr'>Βαϐυλω-</span> 
     </span>
    </p>
   </div>
   <div class='ocr_carea' id='block_1_94' title="bbox 2194 3444 3767 3518">
    <p class='ocr_par' dir='ltr' id='par_1_94' title="bbox 2194 3444 3767 3518">
     <span class='ocr_line' id='line_1_94' title="bbox 2194 3444 3767 3518; baseline 0.002 -19"><span class='ocrx_word' id='word_1_649' title='bbox 2194 3447 2320 3499; x_wconf 90' lang='grc' dir='ltr'>νίων</span> <span class='ocrx_word' id='word_1_650' title='bbox 2358 3446 2721 3515; x_wconf 77' lang='grc' dir='ltr'>πεποιημένος</span> <span class='ocrx_word' id='word_1_651' title='bbox 2748 3444 3025 3516; x_wconf 78' lang='grc' dir='ltr'>προδήλως</span> <span class='ocrx_word' id='word_1_652' title='bbox 3047 3464 3058 3476; x_wconf 88' lang='grc'><strong>·</strong></span> <span class='ocrx_word' id='word_1_653' title='bbox 3089 3447 3147 3500; x_wconf 89' lang='grc' dir='ltr'><strong>ἐν</strong></span> <span class='ocrx_word' id='word_1_654' title='bbox 3176 3447 3396 3518; x_wconf 85' lang='grc' dir='ltr'>βραχέσι</span> <span class='ocrx_word' id='word_1_655' title='bbox 3441 3447 3498 3501; x_wconf 86' lang='grc' dir='ltr'><strong>δέ</strong></span> <span class='ocrx_word' id='word_1_656' title='bbox 3525 3448 3676 3502; x_wconf 83' lang='grc' dir='ltr'><strong>κατά</strong></span> <span class='ocrx_word' id='word_1_657' title='bbox 3703 3448 3767 3502; x_wconf 76' lang='grc' dir='ltr'>τὸ</span> 
     </span>
    </p>
   </div>
   <div class='ocr_carea' id='block_1_95' title="bbox 2195 3537 3766 3614">
    <p class='ocr_par' dir='ltr' id='par_1_95' title="bbox 2195 3537 3766 3614">
     <span class='ocr_line' id='line_1_95' title="bbox 2195 3537 3766 3614; baseline 0.003 -24"><span class='ocrx_word' id='word_1_658' title='bbox 2195 3538 2474 3609; x_wconf 90' lang='grc' dir='ltr'>προοίμιον</span> <span class='ocrx_word' id='word_1_659' title='bbox 2506 3537 2859 3608; x_wconf 74' lang='grc' dir='ltr'>ἐπιμνησθεὶς</span> <span class='ocrx_word' id='word_1_660' title='bbox 2897 3538 2991 3591; x_wconf 77' lang='grc' dir='ltr'>καὶ</span> <span class='ocrx_word' id='word_1_661' title='bbox 3032 3537 3138 3592; x_wconf 90' lang='grc' dir='ltr'><strong>τῶν</strong></span> <span class='ocrx_word' id='word_1_662' title='bbox 3165 3539 3264 3592; x_wconf 81' lang='grc' dir='ltr'>ὅσα</span> <span class='ocrx_word' id='word_1_663' title='bbox 3291 3541 3418 3610; x_wconf 73' lang='grc' dir='ltr'>περὶ</span> <span class='ocrx_word' id='word_1_664' title='bbox 3447 3541 3570 3604; x_wconf 79' lang='grc' dir='ltr'>τοὺς</span> <span class='ocrx_word' id='word_1_665' title='bbox 3599 3556 3766 3614; x_wconf 81' lang='grc' dir='ltr'>περι-</span> 
     </span>
    </p>
   </div>
   <div class='ocr_carea' id='block_1_96' title="bbox 2192 3624 3766 3698">
    <p class='ocr_par' dir='ltr' id='par_1_96' title="bbox 2192 3624 3766 3698">
     <span class='ocr_line' id='line_1_96' title="bbox 2192 3624 3766 3698; baseline 0 -18"><span class='ocrx_word' id='word_1_666' title='bbox 2192 3627 2369 3690; x_wconf 88' lang='grc' dir='ltr'>οίκους</span> <span class='ocrx_word' id='word_1_667' title='bbox 2405 3625 2603 3698; x_wconf 79' lang='grc' dir='ltr'>πολλὴν</span> <span class='ocrx_word' id='word_1_668' title='bbox 2628 3628 2740 3690; x_wconf 78' lang='grc' dir='ltr'>τοῖς</span> <span class='ocrx_word' id='word_1_669' title='bbox 2791 3624 3144 3697; x_wconf 82' lang='grc' dir='ltr'>Ἰσραηλίταις</span> <span class='ocrx_word' id='word_1_670' title='bbox 3171 3627 3270 3696; x_wconf 77' lang='grc' dir='ltr'><strong>τὴν</strong></span> <span class='ocrx_word' id='word_1_671' title='bbox 3301 3627 3581 3698; x_wconf 83' lang='grc' dir='ltr'>ἐπήρειαν,</span> <span class='ocrx_word' id='word_1_672' title='bbox 3612 3627 3766 3681; x_wconf 81' lang='grc' dir='ltr'>κατὰ</span> 
     </span>
    </p>
   </div>
   <div class='ocr_carea' id='block_1_97' title="bbox 2193 3716 3774 3790">
    <p class='ocr_par' dir='ltr' id='par_1_97' title="bbox 2193 3716 3774 3790">
     <span class='ocr_line' id='line_1_97' title="bbox 2193 3716 3774 3790; baseline -0.001 -19"><span class='ocrx_word' id='word_1_673' title='bbox 2193 3717 2285 3772; x_wconf 83' lang='grc' dir='ltr'><strong>τὸν</strong></span> <span class='ocrx_word' id='word_1_674' title='bbox 2315 3719 2475 3772; x_wconf 81' lang='grc' dir='ltr'>αὑτὸν</span> <span class='ocrx_word' id='word_1_675' title='bbox 2508 3717 2741 3790; x_wconf 77' lang='grc' dir='ltr'>ἤμελλεν</span> <span class='ocrx_word' id='word_1_676' title='bbox 2784 3718 3060 3786; x_wconf 86' lang='grc' dir='ltr'>γίγνεσθαι</span> <span class='ocrx_word' id='word_1_677' title='bbox 3094 3717 3280 3787; x_wconf 90' lang='grc' dir='ltr'>καιρόν</span> <span class='ocrx_word' id='word_1_678' title='bbox 3305 3733 3320 3748; x_wconf 88' lang='grc'><strong>·</strong></span> <span class='ocrx_word' id='word_1_679' title='bbox 3370 3718 3445 3780; x_wconf 87' lang='grc' dir='ltr'>ὡς</span> <span class='ocrx_word' id='word_1_680' title='bbox 3488 3716 3554 3770; x_wconf 80' lang='grc' dir='ltr'><strong>ἂν</strong></span> <span class='ocrx_word' id='word_1_681' title='bbox 3599 3717 3774 3788; x_wconf 80' lang='grc' dir='ltr'>δῆλον</span> 
     </span>
    </p>
   </div>
   <div class='ocr_carea' id='block_1_98' title="bbox 2195 3806 3773 3880">
    <p class='ocr_par' dir='ltr' id='par_1_98' title="bbox 2195 3806 3773 3880">
     <span class='ocr_line' id='line_1_98' title="bbox 2195 3806 3773 3880; baseline -0.001 -20"><span class='ocrx_word' id='word_1_682' title='bbox 2195 3809 2490 3880; x_wconf 86' lang='grc' dir='ltr'>ποιήσειεν,</span> <span class='ocrx_word' id='word_1_683' title='bbox 2530 3809 2613 3862; x_wconf 83' lang='grc' dir='ltr'>ὅτι</span> <span class='ocrx_word' id='word_1_684' title='bbox 2648 3809 2748 3862; x_wconf 81' lang='grc' dir='ltr'><strong>οὐκ</strong></span> <span class='ocrx_word' id='word_1_685' title='bbox 2779 3806 2994 3878; x_wconf 65' lang='grc' dir='ltr'>ἀφειδίᾳ</span> <span class='ocrx_word' id='word_1_686' title='bbox 3017 3807 3124 3860; x_wconf 81' lang='grc' dir='ltr'>τινὶ</span> <span class='ocrx_word' id='word_1_687' title='bbox 3151 3807 3244 3861; x_wconf 74' lang='grc' dir='ltr'><strong>καὶ</strong></span> <span class='ocrx_word' id='word_1_688' title='bbox 3285 3806 3512 3879; x_wconf 71' lang='grc' dir='ltr'>ἀμελείᾳ</span> <span class='ocrx_word' id='word_1_689' title='bbox 3539 3807 3636 3861; x_wconf 77' lang='grc' dir='ltr'>καὶ</span> <span class='ocrx_word' id='word_1_690' title='bbox 3673 3823 3773 3879; x_wconf 82' lang='grc' dir='ltr'>με·</span> 
     </span>
    </p>
   </div>
   <div class='ocr_carea' id='block_1_99' title="bbox 2193 3898 3772 3971">
    <p class='ocr_par' dir='ltr' id='par_1_99' title="bbox 2193 3898 3772 3971">
     <span class='ocr_line' id='line_1_99' title="bbox 2193 3898 3772 3971; baseline 0.001 -19"><span class='ocrx_word' id='word_1_691' title='bbox 2193 3899 2390 3971; x_wconf 81' lang='grc' dir='ltr'>ταϐολῇ</span> <span class='ocrx_word' id='word_1_692' title='bbox 2440 3899 2662 3970; x_wconf 85' lang='grc' dir='ltr'>γνώμης</span> <span class='ocrx_word' id='word_1_693' title='bbox 2709 3902 2830 3962; x_wconf 68' lang='lat' dir='ltr'><strong>rei;</strong></span> <span class='ocrx_word' id='word_1_694' title='bbox 2876 3917 2934 3952; x_wconf 90' lang='grc' dir='ltr'><strong>τε</strong></span> <span class='ocrx_word' id='word_1_695' title='bbox 2991 3898 3098 3954; x_wconf 90' lang='grc' dir='ltr'><strong>τῶν</strong></span> <span class='ocrx_word' id='word_1_696' title='bbox 3152 3899 3448 3971; x_wconf 83' lang='grc' dir='ltr'>’Δσσυρίων</span> <span class='ocrx_word' id='word_1_697' title='bbox 3494 3899 3588 3952; x_wconf 80' lang='grc' dir='ltr'>καὶ</span> <span class='ocrx_word' id='word_1_698' title='bbox 3636 3901 3772 3963; x_wconf 71' lang='grc' dir='ltr'>ταῖς</span> 
     </span>
    </p>
   </div>
   <div class='ocr_carea' id='block_1_100' title="bbox 2193 3990 3768 4062">
    <p class='ocr_par' dir='ltr' id='par_1_100' title="bbox 2193 3990 3768 4062">
     <span class='ocr_line' id='line_1_100' title="bbox 2193 3990 3768 4062; baseline -0.002 -15"><span class='ocrx_word' id='word_1_699' title='bbox 2193 3993 2302 4047; x_wconf 91' lang='grc' dir='ltr'><strong>τῶν</strong></span> <span class='ocrx_word' id='word_1_700' title='bbox 2363 3991 2713 4046; x_wconf 82' lang='grc' dir='ltr'>Βαϐυλωνίων</span> <span class='ocrx_word' id='word_1_701' title='bbox 2763 3990 3025 4044; x_wconf 82' lang='grc' dir='ltr'>ἐκδέδωκε</span> <span class='ocrx_word' id='word_1_702' title='bbox 3087 3993 3390 4062; x_wconf 75' lang='grc' dir='ltr'>συμφοραῖς</span> <span class='ocrx_word' id='word_1_703' title='bbox 3441 3990 3533 4044; x_wconf 79' lang='grc' dir='ltr'>τὸν</span> <span class='ocrx_word' id='word_1_704' title='bbox 3605 3990 3768 4054; x_wconf 77' lang='grc' dir='ltr'>λαὸν,</span> 
     </span>
    </p>
   </div>
   <div class='ocr_carea' id='block_1_101' title="bbox 2195 4083 3767 4156">
    <p class='ocr_par' dir='ltr' id='par_1_101' title="bbox 2195 4083 3767 4156">
     <span class='ocr_line' id='line_1_101' title="bbox 2195 4083 3767 4156; baseline -0.001 -17"><span class='ocrx_word' id='word_1_705' title='bbox 2195 4083 2677 4156; x_wconf 86' lang='grc' dir='ltr'>ἐπανορθώσασθαι</span> <span class='ocrx_word' id='word_1_706' title='bbox 2703 4083 2759 4137; x_wconf 87' lang='grc' dir='ltr'><strong>δέ</strong></span> <span class='ocrx_word' id='word_1_707' title='bbox 2789 4083 2966 4137; x_wconf 83' lang='grc' dir='ltr'>αὐτῶν</span> <span class='ocrx_word' id='word_1_708' title='bbox 2989 4083 3087 4148; x_wconf 85' lang='grc' dir='ltr'><strong>τάς</strong></span> <span class='ocrx_word' id='word_1_709' title='bbox 3114 4083 3366 4147; x_wconf 84' lang='grc' dir='ltr'>ἀσεϐείας</span> <span class='ocrx_word' id='word_1_710' title='bbox 3401 4083 3732 4154; x_wconf 86' lang='grc' dir='ltr'>βουλόμενος</span> <span class='ocrx_word' id='word_1_711' title='bbox 3749 4098 3767 4115; x_wconf 85' lang='grc'>⁶</span> 
     </span>
    </p>
   </div>
   <div class='ocr_carea' id='block_1_102' title="bbox 2194 4174 3772 4247">
    <p class='ocr_par' dir='ltr' id='par_1_102' title="bbox 2194 4174 3772 4247">
     <span class='ocr_line' id='line_1_102' title="bbox 2194 4174 3772 4247; baseline -0.003 -15"><span class='ocrx_word' id='word_1_712' title='bbox 2194 4180 2254 4242; x_wconf 82' lang='grc' dir='ltr'>ὃς</span> <span class='ocrx_word' id='word_1_713' title='bbox 2277 4192 2340 4245; x_wconf 92' lang='grc' dir='ltr'><strong>γε</strong></span> <span class='ocrx_word' id='word_1_714' title='bbox 2374 4174 2599 4228; x_wconf 74' lang='grc' dir='ltr'>καὶτῶν</span> <span class='ocrx_word' id='word_1_715' title='bbox 2618 4175 2906 4246; x_wconf 86' lang='grc' dir='ltr'>περιοίκων</span> <span class='ocrx_word' id='word_1_716' title='bbox 2937 4175 3063 4238; x_wconf 80' lang='grc' dir='ltr'>τοὺς</span> <span class='ocrx_word' id='word_1_717' title='bbox 3112 4175 3497 4247; x_wconf 77' lang='grc' dir='ltr'>ἡμαρτηκότας</span> <span class='ocrx_word' id='word_1_718' title='bbox 3539 4176 3621 4238; x_wconf 87' lang='grc' dir='ltr'><strong>είς</strong></span> <span class='ocrx_word' id='word_1_719' title='bbox 3667 4175 3772 4228; x_wconf 81' lang='grc' dir='ltr'>αύ-</span> 
     </span>
    </p>
   </div>
   <div class='ocr_carea' id='block_1_103' title="bbox 2197 4264 3772 4336">
    <p class='ocr_par' dir='ltr' id='par_1_103' title="bbox 2197 4264 3772 4336">
     <span class='ocr_line' id='line_1_103' title="bbox 2197 4264 3772 4336; baseline -0.003 -14"><span class='ocrx_word' id='word_1_720' title='bbox 2197 4269 2320 4332; x_wconf 80' lang='grc' dir='ltr'>τοὺς</span> <span class='ocrx_word' id='word_1_721' title='bbox 2355 4265 2497 4321; x_wconf 81' lang='grc' dir='ltr'>κατὰ</span> <span class='ocrx_word' id='word_1_722' title='bbox 2541 4265 2633 4317; x_wconf 86' lang='grc' dir='ltr'><strong>τὸν</strong></span> <span class='ocrx_word' id='word_1_723' title='bbox 2679 4265 2838 4318; x_wconf 81' lang='grc' dir='ltr'>αὐτὸν</span> <span class='ocrx_word' id='word_1_724' title='bbox 2871 4266 3248 4336; x_wconf 80' lang='grc' dir='ltr'>ἐτιμωρήσατο</span> <span class='ocrx_word' id='word_1_725' title='bbox 3291 4265 3514 4336; x_wconf 83' lang='grc' dir='ltr'>χρόνον·</span> <span class='ocrx_word' id='word_1_726' title='bbox 3563 4264 3672 4320; x_wconf 83' lang='grc' dir='ltr'><strong>οὐκ</strong></span> <span class='ocrx_word' id='word_1_727' title='bbox 3701 4265 3772 4320; x_wconf 76' lang='grc' dir='ltr'>ἄν</span> 
     </span>
    </p>
   </div>
   <div class='ocr_carea' id='block_1_104' title="bbox 2199 4354 3774 4426">
    <p class='ocr_par' dir='ltr' id='par_1_104' title="bbox 2199 4354 3774 4426">
     <span class='ocr_line' id='line_1_104' title="bbox 2199 4354 3774 4426; baseline -0.002 -15"><span class='ocrx_word' id='word_1_728' title='bbox 2199 4374 2328 4411; x_wconf 90' lang='grc' dir='ltr'>ποτε</span> <span class='ocrx_word' id='word_1_729' title='bbox 2354 4357 2508 4420; x_wconf 87' lang='grc' dir='ltr'>δίκας</span> <span class='ocrx_word' id='word_1_730' title='bbox 2545 4356 2686 4425; x_wconf 81' lang='grc' dir='ltr'>ὑπὲρ</span> <span class='ocrx_word' id='word_1_731' title='bbox 2711 4354 2914 4408; x_wconf 88' lang='grc' dir='ltr'>τούτων</span> <span class='ocrx_word' id='word_1_732' title='bbox 2944 4355 3373 4426; x_wconf 66' lang='grc' dir='ltr'>εἰσπραξάμενος</span> <span class='ocrx_word' id='word_1_733' title='bbox 3413 4355 3684 4420; x_wconf 80' lang='grc' dir='ltr'>ἐκείνους,</span> <span class='ocrx_word' id='word_1_734' title='bbox 3721 4357 3774 4408; x_wconf 79' lang='grc' dir='ltr'><strong>εί</strong></span> 
     </span>
    </p>
   </div>
   <div class='ocr_carea' id='block_1_105' title="bbox 2131 4433 3776 4519">
    <p class='ocr_par' dir='ltr' id='par_1_105' title="bbox 2131 4433 3776 4519">
     <span class='ocr_line' id='line_1_105' title="bbox 2131 4433 3776 4519; baseline 0 -18"><span class='ocrx_word' id='word_1_735' title='bbox 2131 4433 2172 4486; x_wconf 75' lang='grc' dir='ltr'><strong>θ</strong></span> <span class='ocrx_word' id='word_1_736' title='bbox 2202 4449 2276 4519; x_wconf 81' lang='grc' dir='ltr'>μὴ</span> <span class='ocrx_word' id='word_1_737' title='bbox 2312 4447 2560 4501; x_wconf 79' lang='grc' dir='ltr'>πλεῖστόν</span> <span class='ocrx_word' id='word_1_738' title='bbox 2592 4463 2712 4500; x_wconf 89' lang='grc' dir='ltr'>τινα</span> <span class='ocrx_word' id='word_1_739' title='bbox 2739 4444 2944 4498; x_wconf 89' lang='grc' dir='ltr'>τούτων</span> <span class='ocrx_word' id='word_1_740' title='bbox 2989 4447 3224 4499; x_wconf 84' lang='grc' dir='ltr'>ἐποιεῖτο</span> <span class='ocrx_word' id='word_1_741' title='bbox 3266 4446 3358 4499; x_wconf 83' lang='grc' dir='ltr'><strong>τὸν</strong></span> <span class='ocrx_word' id='word_1_742' title='bbox 3405 4445 3593 4514; x_wconf 77' lang='grc' dir='ltr'>λόγον’</span> <span class='ocrx_word' id='word_1_743' title='bbox 3644 4447 3776 4501; x_wconf 80' lang='grc' dir='ltr'>ἀλλ’</span> 
     </span>
    </p>
   </div>
   <div class='ocr_carea' id='block_1_106' title="bbox 2197 4536 3774 4610">
    <p class='ocr_par' dir='ltr' id='par_1_106' title="bbox 2197 4536 3774 4610">
     <span class='ocr_line' id='line_1_106' title="bbox 2197 4536 3774 4610; baseline -0.001 -18"><span class='ocrx_word' id='word_1_744' title='bbox 2197 4540 2254 4594; x_wconf 89' lang='grc' dir='ltr'><strong>ἐν</strong></span> <span class='ocrx_word' id='word_1_745' title='bbox 2295 4540 2390 4610; x_wconf 77' lang='grc' dir='ltr'>μὲν</span> <span class='ocrx_word' id='word_1_746' title='bbox 2415 4542 2482 4610; x_wconf 77' lang='grc' dir='ltr'>τῇ</span> <span class='ocrx_word' id='word_1_747' title='bbox 2504 4537 2613 4590; x_wconf 86' lang='grc' dir='ltr'><strong>τῶν</strong></span> <span class='ocrx_word' id='word_1_748' title='bbox 2641 4536 2974 4606; x_wconf 69' lang='grc' dir='ltr'>ἠδικηκότων</span> <span class='ocrx_word' id='word_1_749' title='bbox 2994 4537 3232 4608; x_wconf 78' lang='grc' dir='ltr'>τιμωρίᾳ</span> <span class='ocrx_word' id='word_1_750' title='bbox 3260 4538 3357 4608; x_wconf 85' lang='grc' dir='ltr'><strong>τὴν</strong></span> <span class='ocrx_word' id='word_1_751' title='bbox 3382 4536 3512 4607; x_wconf 59' lang='grc' dir='ltr'><strong>περὶΙ</strong></span> <span class='ocrx_word' id='word_1_752' title='bbox 3538 4536 3774 4600; x_wconf 82' lang='grc' dir='ltr'>τούτους</span> 
     </span>
    </p>
   </div>
   <div class='ocr_carea' id='block_1_107' title="bbox 2196 4626 3776 4698">
    <p class='ocr_par' dir='ltr' id='par_1_107' title="bbox 2196 4626 3776 4698">
     <span class='ocr_line' id='line_1_107' title="bbox 2196 4626 3776 4698; baseline -0.002 -14"><span class='ocrx_word' id='word_1_753' title='bbox 2196 4631 2404 4684; x_wconf 82' lang='grc' dir='ltr'>ἐδείκνυ</span> <span class='ocrx_word' id='word_1_754' title='bbox 2429 4627 2749 4698; x_wconf 88' lang='grc' dir='ltr'>κηδεμονίαν</span> <span class='ocrx_word' id='word_1_755' title='bbox 2768 4643 2781 4656; x_wconf 90' lang='grc'><strong>·</strong></span> <span class='ocrx_word' id='word_1_756' title='bbox 2817 4626 2886 4680; x_wconf 89' lang='grc' dir='ltr'><strong>τά</strong></span> <span class='ocrx_word' id='word_1_757' title='bbox 2912 4626 2969 4680; x_wconf 81' lang='grc' dir='ltr'>δὲ</span> <span class='ocrx_word' id='word_1_758' title='bbox 2992 4627 3120 4698; x_wconf 73' lang='grc' dir='ltr'>περὶ</span> <span class='ocrx_word' id='word_1_759' title='bbox 3145 4626 3364 4689; x_wconf 85' lang='grc' dir='ltr'>τούτους</span> <span class='ocrx_word' id='word_1_760' title='bbox 3393 4627 3588 4690; x_wconf 83' lang='grc' dir='ltr'>αὐτοὺς</span> <span class='ocrx_word' id='word_1_761' title='bbox 3617 4627 3776 4681; x_wconf 69' lang='grc' dir='ltr'>κακὰ</span> 
     </span>
    </p>
   </div>
   <div class='ocr_carea' id='block_1_108' title="bbox 2195 4715 3776 4792">
    <p class='ocr_par' dir='ltr' id='par_1_108' title="bbox 2195 4715 3776 4792">
     <span class='ocr_line' id='line_1_108' title="bbox 2195 4715 3776 4792; baseline -0.004 -17"><span class='ocrx_word' id='word_1_762' title='bbox 2195 4721 2350 4792; x_wconf 81' lang='grc' dir='ltr'>δῆλος</span> <span class='ocrx_word' id='word_1_763' title='bbox 2378 4719 2601 4788; x_wconf 84' lang='grc' dir='ltr'>γέγονεν</span> <span class='ocrx_word' id='word_1_764' title='bbox 2631 4717 2850 4785; x_wconf 88' lang='grc' dir='ltr'>ἐπάγων</span> <span class='ocrx_word' id='word_1_765' title='bbox 2886 4716 2986 4769; x_wconf 87' lang='grc' dir='ltr'><strong>ούκ</strong></span> <span class='ocrx_word' id='word_1_766' title='bbox 3015 4715 3230 4786; x_wconf 82' lang='grc' dir='ltr'>ἀφειδίᾳ</span> <span class='ocrx_word' id='word_1_767' title='bbox 3261 4731 3321 4768; x_wconf 91' lang='grc' dir='ltr'><strong>τε</strong></span> <span class='ocrx_word' id='word_1_768' title='bbox 3367 4715 3460 4768; x_wconf 78' lang='grc' dir='ltr'><strong>καὶ</strong></span> <span class='ocrx_word' id='word_1_769' title='bbox 3492 4715 3776 4785; x_wconf 74' lang='grc' dir='ltr'>ὑπεροψίᾳ</span> 
     </span>
    </p>
   </div>
   <div class='ocr_carea' id='block_1_109' title="bbox 2198 4805 3777 4881">
    <p class='ocr_par' dir='ltr' id='par_1_109' title="bbox 2198 4805 3777 4881">
     <span class='ocr_line' id='line_1_109' title="bbox 2198 4805 3777 4881; baseline -0.004 -16"><span class='ocrx_word' id='word_1_770' title='bbox 2198 4813 2290 4866; x_wconf 76' lang='grc' dir='ltr'>καὶ</span> <span class='ocrx_word' id='word_1_771' title='bbox 2334 4811 2500 4881; x_wconf 84' lang='grc' dir='ltr'>μίσει,</span> <span class='ocrx_word' id='word_1_772' title='bbox 2535 4807 2648 4862; x_wconf 86' lang='grc' dir='ltr'>ἀλλ’</span> <span class='ocrx_word' id='word_1_773' title='bbox 2694 4806 2982 4877; x_wconf 82' lang='grc' dir='ltr'>ἐπιμελείᾳ</span> <span class='ocrx_word' id='word_1_774' title='bbox 3031 4823 3090 4858; x_wconf 85' lang='grc' dir='ltr'><strong>τε</strong></span> <span class='ocrx_word' id='word_1_775' title='bbox 3133 4806 3228 4860; x_wconf 76' lang='grc' dir='ltr'>καὶ</span> <span class='ocrx_word' id='word_1_776' title='bbox 3261 4805 3622 4876; x_wconf 81' lang='grc' dir='ltr'>σωφρονισμῷ</span> <span class='ocrx_word' id='word_1_777' title='bbox 3670 4805 3777 4858; x_wconf 71' lang='grc' dir='ltr'>καὶ</span> 
     </span>
    </p>
   </div>
   <div class='ocr_carea' id='block_1_110' title="bbox 2196 4894 3774 4972">
    <p class='ocr_par' dir='ltr' id='par_1_110' title="bbox 2196 4894 3774 4972">
     <span class='ocr_line' id='line_1_110' title="bbox 2196 4894 3774 4972; baseline -0.008 -17"><span class='ocrx_word' id='word_1_778' title='bbox 2196 4899 2475 4972; x_wconf 84' lang='grc' dir='ltr'>διορθώσει</span> <span class='ocrx_word' id='word_1_779' title='bbox 2515 4899 2609 4952; x_wconf 83' lang='grc' dir='ltr'>καὶ</span> <span class='ocrx_word' id='word_1_780' title='bbox 2660 4901 2725 4969; x_wconf 79' lang='grc' dir='ltr'>τῇ</span> <span class='ocrx_word' id='word_1_781' title='bbox 2776 4897 2870 4950; x_wconf 60' lang='grc' dir='ltr'><strong>ἐπὶ⁵</strong></span> <span class='ocrx_word' id='word_1_782' title='bbox 2904 4897 2966 4950; x_wconf 88' lang='grc' dir='ltr'><strong>τδ</strong></span> <span class='ocrx_word' id='word_1_783' title='bbox 3021 4899 3266 4967; x_wconf 80' lang='grc' dir='ltr'>κρεῖττον</span> <span class='ocrx_word' id='word_1_784' title='bbox 3313 4897 3639 4965; x_wconf 79' lang='grc' dir='ltr'>ἐπαναγωγῇ</span> <span class='ocrx_word' id='word_1_785' title='bbox 3664 4911 3681 4927; x_wconf 81' lang='grc' dir='ltr'><strong>ο</strong></span> <span class='ocrx_word' id='word_1_786' title='bbox 3715 4894 3774 4964; x_wconf 77' lang='grc' dir='ltr'>’ή</span> 
     </span>
    </p>
   </div>
   <div class='ocr_carea' id='block_1_111' title="bbox 2201 4985 3251 5063">
    <p class='ocr_par' dir='ltr' id='par_1_111' title="bbox 2201 4985 3251 5063">
     <span class='ocr_line' id='line_1_111' title="bbox 2201 4985 3251 5063; baseline -0.007 -18"><span class='ocrx_word' id='word_1_787' title='bbox 2201 4993 2297 5063; x_wconf 86' lang='grc' dir='ltr'>μὲν</span> <span class='ocrx_word' id='word_1_788' title='bbox 2325 4987 2416 5045; x_wconf 81' lang='grc' dir='ltr'>οὗν</span> <span class='ocrx_word' id='word_1_789' title='bbox 2444 4989 2699 5050; x_wconf 85' lang='grc' dir='ltr'>ὑπόθεσις</span> <span class='ocrx_word' id='word_1_790' title='bbox 2730 4987 2868 5057; x_wconf 76' lang='grc' dir='ltr'>αὕτη</span> <span class='ocrx_word' id='word_1_791' title='bbox 2904 4986 2998 5041; x_wconf 81' lang='grc' dir='ltr'>τοῦ</span> <span class='ocrx_word' id='word_1_792' title='bbox 3026 4985 3251 5056; x_wconf 87' lang='grc' dir='ltr'>βιϐλίου.</span> 
     </span>
    </p>
   </div>
   <div class='ocr_carea' id='block_1_112' title="bbox 2267 5077 3778 5155">
    <p class='ocr_par' dir='ltr' id='par_1_112' title="bbox 2267 5077 3778 5155">
     <span class='ocr_line' id='line_1_112' title="bbox 2267 5077 3778 5155; baseline -0.008 -16"><span class='ocrx_word' id='word_1_793' title='bbox 2267 5086 2345 5155; x_wconf 88' lang='lat' dir='ltr'><strong>(p.</strong></span> <span class='ocrx_word' id='word_1_794' title='bbox 2379 5083 2499 5154; x_wconf 74' lang='grc'><strong>142)</strong></span> <span class='ocrx_word' id='word_1_795' title='bbox 2525 5081 2685 5137; x_wconf 76' lang='grc' dir='ltr'>Οὕτω</span> <span class='ocrx_word' id='word_1_796' title='bbox 2710 5082 2808 5153; x_wconf 81' lang='grc' dir='ltr'>μὲν</span> <span class='ocrx_word' id='word_1_797' title='bbox 2839 5081 3053 5135; x_wconf 75' lang='grc' dir='ltr'>ἅπαντα</span> <span class='ocrx_word' id='word_1_798' title='bbox 3080 5079 3148 5134; x_wconf 83' lang='grc' dir='ltr'><strong>τά</strong></span> <span class='ocrx_word' id='word_1_799' title='bbox 3181 5079 3309 5149; x_wconf 80' lang='grc' dir='ltr'>περὶ</span> <span class='ocrx_word' id='word_1_800' title='bbox 3339 5077 3431 5131; x_wconf 81' lang='grc' dir='ltr'>τὸν</span> <span class='ocrx_word' id='word_1_801' title='bbox 3454 5077 3579 5130; x_wconf 87' lang='grc' dir='ltr'>λαδν</span> <span class='ocrx_word' id='word_1_802' title='bbox 3609 5077 3778 5146; x_wconf 84' lang='grc' dir='ltr'>είρη-</span> 
     </span>
    </p>
   </div>
   <div class='ocr_carea' id='block_1_113' title="bbox 2197 5165 3781 5243">
    <p class='ocr_par' dir='ltr' id='par_1_113' title="bbox 2197 5165 3781 5243">
     <span class='ocr_line' id='line_1_113' title="bbox 2197 5165 3781 5243; baseline -0.006 -16"><span class='ocrx_word' id='word_1_803' title='bbox 2197 5174 2352 5236; x_wconf 81' lang='grc' dir='ltr'>κότος</span> <span class='ocrx_word' id='word_1_804' title='bbox 2373 5172 2466 5227; x_wconf 79' lang='grc' dir='ltr'>τοῦ</span> <span class='ocrx_word' id='word_1_805' title='bbox 2500 5174 2800 5243; x_wconf 78' lang='grc' dir='ltr'>προφήτου,</span> <span class='ocrx_word' id='word_1_806' title='bbox 2828 5173 2887 5224; x_wconf 92' lang='grc' dir='ltr'><strong>ἐν</strong></span> <span class='ocrx_word' id='word_1_807' title='bbox 2909 5170 3110 5239; x_wconf 85' lang='grc' dir='ltr'>ὀλίγοις</span> <span class='ocrx_word' id='word_1_808' title='bbox 3141 5169 3198 5223; x_wconf 79' lang='grc' dir='ltr'>δὲ</span> <span class='ocrx_word' id='word_1_809' title='bbox 3225 5168 3520 5239; x_wconf 90' lang='grc' dir='ltr'>μηνύοντος</span> <span class='ocrx_word' id='word_1_810' title='bbox 3549 5167 3584 5220; x_wconf 79' lang='grc' dir='ltr'><strong>ἀ</strong></span> <span class='ocrx_word' id='word_1_811' title='bbox 3617 5165 3781 5219; x_wconf 79' lang='grc' dir='ltr'>κατὰ</span> 
     </span>
    </p>
   </div>
   <div class='ocr_carea' id='block_1_114' title="bbox 2195 5256 3782 5334">
    <p class='ocr_par' dir='ltr' id='par_1_114' title="bbox 2195 5256 3782 5334">
     <span class='ocr_line' id='line_1_114' title="bbox 2195 5256 3782 5334; baseline -0.007 -16"><span class='ocrx_word' id='word_1_812' title='bbox 2195 5266 2285 5318; x_wconf 80' lang='grc' dir='ltr'>τὸν</span> <span class='ocrx_word' id='word_1_813' title='bbox 2318 5265 2508 5334; x_wconf 77' lang='grc' dir='ltr'>καιρὸν</span> <span class='ocrx_word' id='word_1_814' title='bbox 2530 5264 2620 5316; x_wconf 74' lang='grc' dir='ltr'>καὶ</span> <span class='ocrx_word' id='word_1_815' title='bbox 2650 5263 2881 5332; x_wconf 85' lang='grc' dir='ltr'>μάλιστα</span> <span class='ocrx_word' id='word_1_816' title='bbox 2915 5260 3064 5333; x_wconf 85' lang='grc' dir='ltr'><strong>παρά</strong></span> <span class='ocrx_word' id='word_1_817' title='bbox 3101 5259 3209 5312; x_wconf 90' lang='grc' dir='ltr'><strong>τῶν</strong></span> <span class='ocrx_word' id='word_1_818' title='bbox 3236 5257 3589 5312; x_wconf 87' lang='grc' dir='ltr'>Βαϐυλωνίων</span> <span class='ocrx_word' id='word_1_819' title='bbox 3631 5256 3782 5325; x_wconf 75' lang='grc' dir='ltr'>περὶ</span> 
     </span>
    </p>
   </div>
   <div class='ocr_carea' id='block_1_115' title="bbox 2195 5338 3782 5423">
    <p class='ocr_par' dir='ltr' id='par_1_115' title="bbox 2195 5338 3782 5423">
     <span class='ocr_line' id='line_1_115' title="bbox 2195 5338 3782 5423; baseline -0.009 -12"><span class='ocrx_word' id='word_1_820' title='bbox 2195 5359 2320 5420; x_wconf 74' lang='grc' dir='ltr'>τοὺς</span> <span class='ocrx_word' id='word_1_821' title='bbox 2368 5355 2750 5422; x_wconf 88' lang='grc' dir='ltr'>ἀστυγείτονας</span> <span class='ocrx_word' id='word_1_822' title='bbox 2793 5352 2995 5423; x_wconf 78' lang='grc' dir='ltr'>ήμελλε</span> <span class='ocrx_word' id='word_1_823' title='bbox 3047 5349 3347 5418; x_wconf 89' lang='grc' dir='ltr'>γίγνεσθαι,</span> <span class='ocrx_word' id='word_1_824' title='bbox 3377 5348 3517 5419; x_wconf 79' lang='grc' dir='ltr'>ὑπὲρ</span> <span class='ocrx_word' id='word_1_825' title='bbox 3561 5338 3635 5398; x_wconf 85' lang='grc' dir='ltr'>ὧν</span> <span class='ocrx_word' id='word_1_826' title='bbox 3687 5347 3782 5408; x_wconf 87' lang='grc' dir='ltr'><strong>είς</strong></span> 
     </span>
    </p>
   </div>
   <div class='ocr_carea' id='block_1_116' title="bbox 2197 5437 3783 5516">
    <p class='ocr_par' dir='ltr' id='par_1_116' title="bbox 2197 5437 3783 5516">
     <span class='ocr_line' id='line_1_116' title="bbox 2197 5437 3783 5516; baseline -0.009 -16"><span class='ocrx_word' id='word_1_827' title='bbox 2197 5446 2392 5508; x_wconf 78' lang='grc' dir='ltr'>αὐτοὺς</span> <span class='ocrx_word' id='word_1_828' title='bbox 2418 5444 2971 5516; x_wconf 86' lang='grc' dir='ltr'>πεπλημμελήκεσαν,</span> <span class='ocrx_word' id='word_1_829' title='bbox 2998 5440 3062 5494; x_wconf 78' lang='grc' dir='ltr'>δι’</span> <span class='ocrx_word' id='word_1_830' title='bbox 3082 5442 3147 5511; x_wconf 73' lang='grc' dir='ltr'>ἢν</span> <span class='ocrx_word' id='word_1_831' title='bbox 3175 5439 3309 5509; x_wconf 74' lang='grc' dir='ltr'>ἔφην</span> <span class='ocrx_word' id='word_1_832' title='bbox 3351 5438 3529 5492; x_wconf 80' lang='grc' dir='ltr'>αἰτίαν</span> <span class='ocrx_word' id='word_1_833' title='bbox 3547 5451 3562 5465; x_wconf 72' lang='grc'><strong><em>⁸</em></strong></span> <span class='ocrx_word' id='word_1_834' title='bbox 3592 5437 3783 5486; x_wconf 70' lang='grc' dir='ltr'>ποιεῐσ</span> 
     </span>
    </p>
   </div>
   <div class='ocr_carea' id='block_1_117' title="bbox 2196 5524 3782 5605">
    <p class='ocr_par' dir='ltr' id='par_1_117' title="bbox 2196 5524 3782 5605">
     <span class='ocr_line' id='line_1_117' title="bbox 2196 5524 3782 5605; baseline -0.008 -16"><span class='ocrx_word' id='word_1_835' title='bbox 2196 5553 2285 5589; x_wconf 90' lang='grc' dir='ltr'><strong>ται</strong></span> <span class='ocrx_word' id='word_1_836' title='bbox 2313 5535 2368 5589; x_wconf 85' lang='grc' dir='ltr'><strong>δέ</strong></span> <span class='ocrx_word' id='word_1_837' title='bbox 2407 5535 2498 5588; x_wconf 73' lang='grc' dir='ltr'><strong>καὶ</strong></span> <span class='ocrx_word' id='word_1_838' title='bbox 2526 5535 2629 5605; x_wconf 84' lang='grc' dir='ltr'><strong>τὴν</strong></span> <span class='ocrx_word' id='word_1_839' title='bbox 2660 5532 2990 5604; x_wconf 78' lang='grc' dir='ltr'>προφητείαν</span> <span class='ocrx_word' id='word_1_840' title='bbox 3012 5530 3112 5585; x_wconf 81' lang='grc' dir='ltr'><strong>οὐκ</strong></span> <span class='ocrx_word' id='word_1_841' title='bbox 3150 5531 3208 5582; x_wconf 86' lang='grc' dir='ltr'><strong>ἐν</strong></span> <span class='ocrx_word' id='word_1_842' title='bbox 3246 5527 3614 5599; x_wconf 81' lang='grc' dir='ltr'>Ἰερουσαλὴμ,</span> <span class='ocrx_word' id='word_1_843' title='bbox 3646 5524 3782 5576; x_wconf 85' lang='grc' dir='ltr'>ἀλλ’</span> 
     </span>
    </p>
   </div>
   <div class='ocr_carea' id='block_1_118' title="bbox 2199 5613 3784 5691">
    <p class='ocr_par' dir='ltr' id='par_1_118' title="bbox 2199 5613 3784 5691">
     <span class='ocr_line' id='line_1_118' title="bbox 2199 5613 3784 5691; baseline -0.008 -11"><span class='ocrx_word' id='word_1_844' title='bbox 2199 5628 2256 5680; x_wconf 87' lang='grc' dir='ltr'><strong>ἐν</strong></span> <span class='ocrx_word' id='word_1_845' title='bbox 2284 5629 2396 5690; x_wconf 91' lang='grc' dir='ltr'>τοῖς</span> <span class='ocrx_word' id='word_1_846' title='bbox 2427 5626 2535 5679; x_wconf 88' lang='grc' dir='ltr'><strong>τῶν</strong></span> <span class='ocrx_word' id='word_1_847' title='bbox 2581 5625 2761 5677; x_wconf 71' lang='grc' dir='ltr'>ἐθνῶν</span> <span class='ocrx_word' id='word_1_848' title='bbox 2789 5623 2970 5687; x_wconf 90' lang='grc' dir='ltr'>τόποις</span> <span class='ocrx_word' id='word_1_849' title='bbox 3016 5620 3242 5691; x_wconf 88' lang='grc' dir='ltr'>πλησίον</span> <span class='ocrx_word' id='word_1_850' title='bbox 3284 5618 3378 5670; x_wconf 81' lang='grc' dir='ltr'>τοῦ</span> <span class='ocrx_word' id='word_1_851' title='bbox 3436 5613 3649 5687; x_wconf 81' lang='grc' dir='ltr'>Ἰσραὴλ</span> <span class='ocrx_word' id='word_1_852' title='bbox 3714 5615 3784 5668; x_wconf 69' lang='grc' dir='ltr'><strong>ἐν</strong></span> 
     </span>
    </p>
   </div>
   <div class='ocr_carea' id='block_1_119' title="bbox 2201 5697 3788 5787">
    <p class='ocr_par' dir='ltr' id='par_1_119' title="bbox 2201 5697 3788 5787">
     <span class='ocr_line' id='line_1_119' title="bbox 2201 5697 3788 5787; baseline -0.012 -17"><span class='ocrx_word' id='word_1_853' title='bbox 2201 5715 2400 5787; x_wconf 79' lang='grc' dir='ltr'>Βαιθήλ</span> <span class='ocrx_word' id='word_1_854' title='bbox 2428 5732 2483 5768; x_wconf 79' lang='grc' dir='ltr'><strong>τε</strong></span> <span class='ocrx_word' id='word_1_855' title='bbox 2513 5714 2589 5785; x_wconf 78' lang='grc' dir='ltr'>τῷ</span> <span class='ocrx_word' id='word_1_856' title='bbox 2637 5712 2786 5784; x_wconf 78' lang='grc' dir='ltr'>ἱερῷ,</span> <span class='ocrx_word' id='word_1_857' title='bbox 2822 5710 2948 5766; x_wconf 79' lang='grc' dir='ltr'>ἔνθα</span> <span class='ocrx_word' id='word_1_858' title='bbox 2980 5709 3044 5783; x_wconf 75' lang='grc' dir='ltr'><strong>δή</strong></span> <span class='ocrx_word' id='word_1_859' title='bbox 3067 5710 3176 5771; x_wconf 81' lang='grc' dir='ltr'>τοῖς</span> <span class='ocrx_word' id='word_1_860' title='bbox 3205 5703 3440 5766; x_wconf 77' lang='grc' dir='ltr'>εἰδώλοις</span> <span class='ocrx_word' id='word_1_861' title='bbox 3477 5697 3788 5754; x_wconf 69' lang='grc' dir='ltr'>ἐπετέλουν</span> 
     </span>
    </p>
   </div>
  </div>
