3966 6134
289 314 395 369 935

1349 327 1889 386 COMMENTARIUS
1910 330 1974 385 ΙΝ
2011 332 2218 389 AMOSI
2245 335 2398 392 CAP.
2430 336 2468 391 Ι.

3429 347 3535 407 246

294 433 341 483 οἰ
371 429 465 482 τοῦ
514 431 736 504 Ἰσραὴλ
784 435 884 500 τὰς
934 439 1158 504 θυσίας’
1199 443 1256 495 ὲν
1302 443 1401 514 μὲν
1427 446 1536 517 γὰρ
1563 448 1629 516 τῇ
1685 447 1871 518 Ἰερου-

1979 447 2112 503 Nam
2149 452 2196 506 si
2231 451 2620 524 Hierosolymis
2659 446 2991 513 vaticinatus
3023 468 3188 526 esset,
3230 475 3316 517 res
3355 477 3534 535 neque

299 524 478 592 σαλὴμ
509 527 894 595 προφητεύων,
927 530 1031 584 οὐκ
1057 530 1122 584 ἂν
1166 533 1384 600 ἐγένετο
1413 536 1588 606 δῆλος,
1631 535 1755 590 οὔτε
1793 538 1870 610 τῷ

307 612 524 684 Ἰσραὴλ
577 615 700 668 οὗτε
756 621 864 682 τοῖς
917 619 1122 682 λοιποῖς
1165 622 1397 690 ἔθνεσιν,
1441 629 1529 696 ἐφ’
1555 623 1636 691 οἷς
1668 629 1868 699 ἧμελλε

294 702 472 770 λέγειν
517 707 648 776 περὶ
705 708 918 764 αὐτῶν·
959 713 1080 766 ἐπεὶ
1128 713 1259 784 μηδὲ
1301 716 1600 771 ἐπιϐαίνειν
1640 722 1738 788 τῆς
1775 719 1870 772 Ἰε-

299 796 579 867 ρουσαλὴμ
606 800 854 870 ἡνείχετό
882 819 964 867 τις
1002 804 1222 860 ἐκείνων
1241 822 1252 834 ·
1285 808 1343 860 ἐν
1379 807 1434 861 δὲ
1465 811 1578 873 τοῖς
1623 812 1868 882 προρρη-

296 885 431 940 θεῖσι
470 889 662 953 τόποις
697 891 796 961 τὴν
835 895 1169 966 προφητείαν
1188 897 1526 968 ποιούμενος,
1561 901 1869 968 ἀναγκαίως

296 977 390 1029 καὶ
412 977 493 1048 τῷ
544 980 761 1051 Ἰσραὴλ
778 986 1095 1056 καταφανὴς
1120 981 1188 1057 ἦν
1219 987 1313 1040 καὶ
1343 989 1458 1051 τοῖς
1488 987 1694 1042 ἔθνεσιν
1724 989 1778 1042 oi
1803 1006 1868 1058 γε

295 1067 530 1138 πλησίον
555 1066 694 1142 ἦσαν
715 1091 729 1104 υ
762 1076 857 1128 καὶ
891 1075 1145 1139 πολλάκις
1184 1079 1248 1130 ὲκ
1283 1078 1383 1148 τῆς
1419 1079 1547 1150 περὶ
1583 1079 1651 1133 τὰ
1676 1079 1869 1133 εἴδωλα

296 1155 600 1228 θεραπείας
645 1160 1006 1231 ἐπεμίγνυντο
1053 1163 1330 1236 ἀλλήλοιςο
1380 1167 1455 1231 ὠς
1502 1167 1569 1221 ἂν
1609 1167 1865 1232 ἅπαντες,

295 1249 428 1318 περὶ
452 1244 525 1302 ὧν
548 1253 674 1316 τοὺς
706 1253 894 1322 λόγους
913 1257 1163 1322 ἐποιεῖτο,
1193 1257 1378 1311 εἰδεῖέν
1405 1275 1464 1310 τε
1499 1257 1570 1311 τὰ
1610 1259 1738 1330 περὶ
1772 1259 1870 1312 αὐ-

295 1341 405 1392 τῶν
450 1342 744 1414 λεγόμενα,
788 1348 879 1399 καὶ
917 1348 1025 1418 πρὸ
1067 1348 1175 1402 τῶν
1212 1351 1552 1421 πραγμάτων
1589 1348 1867 1419 δεξάμενοι

1975 540 2161 596 lsraeli
2189 543 2546 611 innotuisset,
2575 562 2752 617 neque
2792 549 3006 617 populis
3033 550 3279 619 reliquis,
3305 551 3372 607 de
3409 555 3534 623 qui-

1973 629 2077 685 bus
2097 639 2215 686 erat
2241 635 2400 689 verba
2421 634 2667 691 facturus
2690 655 2705 696 :
2727 654 2958 708 quorum
2982 654 3139 693 nemo
3162 639 3530 713 Hierosolyma

1975 723 2241 779 ventitare
2288 727 2494 782 solebat
2531 747 2544 782 :
2585 729 2696 802 9‘.
2733 733 3009 801 praedictis
3051 741 3242 786 contra
3292 733 3345 787 in
3397 734 3533 788 locis

1976 813 2320 880 vaticinans,
2371 821 2682 874 necessario
2735 831 2848 875 tum
2897 821 3080 876 lsraeli
3128 832 3240 876 tum
3289 823 3528 878 ﬁnitimis

1973 903 2209 959 ethnicis
2257 906 2648 974 innotescebat,
2704 913 2794 982 qui
2828 927 2970 982 sape
3007 913 3076 966 ob
3110 913 3377 967 idolorum
3417 915 3529 967 cul-

1975 999 2089 1045 tum
2139 993 2367 1051 invicem
2413 997 2848 1069 frequentabant.
2905 1001 2997 1056 Sic
3050 1003 3257 1065 cuncti,
3301 1018 3528 1073 quorum

1975 1095 2143 1136 causa
2179 1099 2459 1143 sermones
2497 1092 2732 1152 serebat,
2756 1100 2810 1147 et
2840 1107 2903 1146 ea
2941 1108 3061 1163 qua:
3091 1093 3158 1147 de
3187 1109 3247 1149 se
3281 1094 3534 1148 diceban-

1975 1183 2064 1227 tur
2096 1178 2440 1248 resciehant;
2472 1185 2797 1254 cognitoque
2830 1193 2955 1241 ante
2985 1201 3072 1241 res
3103 1186 3369 1256 gerendas
3394 1187 3527 1240 vati-

1973 1265 2140 1332 cinio,
2193 1283 2427 1340 moxque
2454 1272 2576 1328 viso
2621 1275 2793 1339 exitu,
2833 1274 3124 1330 ﬁrmiorem
3166 1273 3322 1330 ﬁdem
3363 1274 3533 1345 inspi-

1975 1359 2119 1413 ranli
2153 1361 2446 1432 prophetas
2470 1365 2668 1420 divinae
2694 1368 2881 1436 gratia
2909 1366 3204 1422 adhibituri
3233 1374 3410 1422 erant.

294 1431 396 1501 τὴν
438 1434 800 1503 προφητείαν,
823 1435 1053 1504 ἐγγύθεν
1090 1453 1149 1489 τε
1196 1435 1394 1500 ἰδόντες
1429 1437 1528 1508 τὴν
1576 1436 1818 1504 ἔκϐασιν,
1864 1437 2083 1508 μείζονα
2125 1448 2224 1519 τὴν
2256 1431 2448 1506 ίπίστιν
2477 1453 2648 1524 ἔχοιεν
2685 1431 2784 1524 ¹ξῆς
2816 1455 3137 1528 ἐνεργούσης
3169 1458 3225 1510 ἐν
3259 1458 3369 1520 τοῖς
3400 1473 3531 1526 προ·

298 1527 497 1597 φήταις
531 1529 752 1600 χάριτος
782 1528 951 1592 θείας.

371 1675 443 1727 Τδ
467 1673 654 1744 μέντοι
674 1690 737 1740 γε
760 1672 912 1743 παρά
929 1690 1086 1728 τινων
1116 1674 1424 1746 λεγόμενον,
1444 1677 1525 1729 ὅτι
1574 1673 1664 1737 ’οζ
1670 1673 1752 1726 ίαν
1773 1671 1863 1725 τὸν

2035 1676 2149 1745 Age
2195 1692 2322 1735 vero
2364 1681 2510 1750 quod
2554 1682 2709 1737 aiunt
2760 1683 3030 1746 nonnulli,
3066 1682 3251 1740 Oxiam
3282 1700 3461 1756 regem
3497 1701 3530 1742 a

301 1765 527 1836 βασιλέα
553 1767 657 1819 οὐκ
678 1765 910 1836 ἥλεγξαν
931 1768 981 1819 οἰ
1017 1767 1286 1837 προφῆται
1319 1768 1430 1830 τοῖς
1451 1766 1550 1836 τῆς
1571 1765 1868 1837 ἱερωσύνης

299 1857 486 1927 ἔργοις
512 1856 919 1928 ἐπιχειροῦντα,
943 1858 1139 1911 καὶ-διὰ
1161 1857 1363 1928 ταύτην
1381 1858 1479 1928 τὴν
1508 1858 1687 1912 αἰτίαν
1706 1854 1866 1909 ὲπαύ·

299 1947 472 2016 θησαν
496 1949 734 2010 ἅπαντες
750 1946 846 2000 τοῦ
881 1947 1262 2018 προφητεύειν,
1285 1949 1362 2018 (p.
1392 1949 1514 2018 145)
1538 1948 1740 2020 σφόδρα
1779 1964 1869 2018 μοι

301 2040 544 2110 μυθῶδες
576 2037 718 2094 εἶναι
756 2040 1001 2109 φαίνεται
1031 2041 1229 2109 μᾶλλον
1249 2058 1262 2072 ·
1297 2042 1332 2111 ἦ
1353 2057 1413 2094 τε
1448 2040 1555 2112 γὰρ
1581 2041 1677 2094 τοῦ
1710 2041 1869 2111 Ὠσηὲ

300 2129 485 2198 βίϐλος
502 2129 675 2194 οὕτως
709 2130 824 2201 ἔχει
843 2149 857 2162 ι
901 2150 919 2182 ι
954 2131 1126 2199 Λόγος
1162 2132 1366 2204 Κυρίου
1393 2132 1454 2196 ὃς
1483 2130 1712 2202 ἐγενήθη
1734 2132 1870 2203 πρὸς

311 2222 473 2292 Ὠσηὲ
512 2221 602 2274 τὸν
637 2222 731 2276 τοῦ
775 2223 943 2294 Bequ
981 2225 1040 2278 ὲν
1073 2224 1305 2295 ἡμέραις
1355 2225 1550 2290 Ὀζίου,
1595 2245 1617 2279 ›
1665 2225 1760 2278 καὶ
1799 2224 1869 2278 τὰ

301 2311 462 2380 ἐξῆςο
508 2313 659 2382 παρὰ
716 2313 911 2383 Ἡσαΐᾳ
952 2330 1011 2367 τε
1058 2314 1136 2384 τῷ
1173 2316 1424 2387 προφήτῃ
1460 2314 1633 2379 οὕτως
1670 2316 1864 2384 φησιν·

307 2419 326 2452 ι
372 2403 604 2471 Ὅρασις
634 2404 699 2472 ἢν
718 2399 854 2456 εἶδεν
885 2403 1108 2468 Ἡσαΐας
1135 2405 1247 2468 υίὸς
1279 2405 1479 2475 ’Δμὼς,
1510 2407 1576 2476 ἢν
1597 2403 1702 2459 εἰδε
1729 2405 1870 2459 κατὰ

296 2491 399 2559 τῆς
457 2492 720 2553 Ἰουδαίας
771 2495 865 2546 καὶ
911 2492 1051 2547 κατὰ
1110 2493 1460 2565 Ἰερουσαλὴμ
1506 2497 1564 2547 ὲν
1624 2493 1870 2564 βασιλείᾳ

313 2582 514 2646 Ὀζίου.
546 2605 565 2637 ›
601 2585 694 2639 καὶ
724 2585 793 2640 τὰ
811 2586 937 2655 ἑξῆς
955 2602 968 2616 ·
998 2586 1090 2640 καὶ
1122 2585 1271 2657 παρὰ.
1293 2585 1370 2656 τῷ
1392 2585 1617 2656 παρόντι
1653 2585 1708 2638 δὲ
1733 2601 1869 2654 προ-

301 2677 449 2746 φήτῃ
474 2675 619 2730 οὕτω
641 2677 804 2747 φησίν
821 2694 837 2710 ·
865 2695 883 2729 ι
915 2677 1078 2745 Λόγοι
1113 2675 1294 2747 Ἀμὼς
1327 2677 1376 2731 οἰ
1398 2677 1644 2745 ἐγένοντο
1667 2678 1724 2729 ὲν
1758 2677 1872 2729 Κα-

304 2766 572 2836 ριαθαρὶμ
608 2769 672 2820 ὲκ
713 2767 934 2831 θεκούε,
979 2767 1072 2830 οὓς
1106 2763 1244 2821 εἶδεν
1279 2768 1372 2820 ἐπὶ
1418 2765 1772 2839 Ἰερουσαλὴμ
1813 2769 1872 2820 ὲν

301 2855 538 2926 ἡμέραις
585 2857 760 2920 Ὀζίου
798 2856 1061 2927 βασιλέως
1102 2855 1288 2910 Ἰούδα.
1328 2876 1347 2908 ι
1389 2856 1514 2920 Πῶς
1547 2853 1640 2909 οὖν
1669 2851 1780 2909 οἷόν
1813 2874 1872 2910 τε

301 2943 371 3016 ἦν
407 2949 468 2999 ὲν
501 2950 624 3010 ταῖς
670 2950 905 3018 ἡμέραις
945 2947 1121 3012 Ὀζίου
1162 2948 1472 3002 πεπαῦσθαι
1511 2949 1610 3017 τῆς
1659 2967 1871 3020 προφη-

300 3037 453 3099 τείας
504 3036 625 3088 κατ’
674 3038 898 3090 ἐκείνων
950 3037 1104 3105 λόγον
1121 3077 1140 3105 ,
1193 3037 1352 3091 ὁπότε
1407 3039 1502 3092 καὶ
1567 3039 1723 3110 Ὠσηὲ
1778 3040 1872 3094 καὶ

313 3128 544 3191 Ἡσαΐας
570 3129 665 3181 καὶ
709 3128 886 3199 Ἀμὼς
920 3132 977 3183 ὲν
1010 3132 1127 3192 ταῖς
1155 3130 1486 3201 ἐπιγραφαῖς
1520 3130 1630 3184 τῶν
1657 3131 1872 3185 οἰκείων

306 3218 504 3288 βίϐλων
520 3219 804 3291 δηλοῦνται
853 3223 913 3274 ὲν
943 3221 1171 3292 ἡμέραις
1205 3220 1380 3284 Ὀζίου
1403 3222 1755 3293 πεποιημένοι
1774 3221 1872 3293 τὴν

305 3310 671 3378 προφητείαν;
702 3311 847 3381 Πρὸς
882 3309 961 3381 τῷ
1003 3313 1220 3365 κάκεῖνο
1254 3312 1410 3383 δῆλον
1441 3309 1600 3380 εἶναι,
1628 3315 1711 3367 ϐτι
1748 3312 1872 3366 οὔτε

307 3398 446 3451 κατὰ
476 3398 577 3469 τὴν
613 3401 988 3471 πνευματικὴν
1031 3403 1368 3472 ἀποκάλυψιν
1404 3403 1619 3472 ἐλέγξαι
1665 3405 1874 3458 κελευό-

309 3507 462 3558 μενοι
483 3491 575 3544 τὸν
626 3492 828 3556 Ὀζίαν,
865 3493 1218 3548 ἀνεϐάλλοντο
1241 3496 1306 3549 ἄν
1340 3512 1470 3550 ποτε
1495 3497 1545 3550 οἰ
1572 3496 1870 3567 προφῆται,

302 3581 425 3641 ταῖς
459 3576 639 3643 θείαις
684 3579 1056 3651 ἁποκαλύψεσι
1097 3583 1404 3654 πειθόμενοι
1425 3585 1647 3655 μᾶλλον,
1686 3587 1718 3656 ἢ
1781 3586 1872 3638 τὸν

303 3667 734 3738 πλημμελοῦντα
751 3669 1056 3739 αἰδούμενοι
1078 3670 1299 3741 βασιλέα
1324 3691 1336 3703 ·
1370 3673 1444 3744 μὴ
1468 3676 1784 3744 τετυχηκόσι
1811 3691 1872 3728 τε

304 3759 446 3828 πρὶς
499 3759 658 3813 τοῦτο
706 3761 1118 3832 ἀποκαλύψεως
1155 3763 1329 3827 οὐδεὶς
1380 3763 1447 3818 ἂν
1495 3765 1766 3834 μέμψαιτο
1802 3766 1872 3820 δι-

305 3851 501 3915 καίως,
539 3854 638 3905 οὐκ
666 3854 1103 3925 ὲπικεχειρηκόσι
1138 3856 1424 3926 πράγματι
1458 3857 1531 3927 μὴ
1571 3855 1631 3921 ἐξ
1664 3858 1872 3910 ἀποκα-

305 3939 522 4009 λύψεως
557 3941 712 4006 θείας
763 3944 946 4007 αὐτοῖς
987 3945 1283 4016 δειχθέντι,
1336 3947 1392 3999 οἵ
1438 3964 1500 4014 γε
1535 3947 1622 4000 διὰ
1658 3950 1872 4001 πάντων

306 4033 594 4087 εἰώθεισαν
629 4035 751 4100 ταῖς
798 4039 1192 4106 πνευματικαῖς
1229 4036 1631 4106 ἁποκαλύψεσιν
1668 4038 1872 4108 ἑπόμε-

308 4141 412 4187 νοι,
455 4126 573 4177 κατ’
609 4125 824 4188 ὲκείνας
861 4125 960 4195 μὲν
995 4126 1087 4178 καὶ
1121 4125 1299 4194 λέγειν
1331 4143 1386 4179 τι
1416 4127 1509 4180 καὶ
1555 4126 1628 4198 μὴ
1665 4126 1869 4194 λέγειν’

308 4216 442 4285 παρ’
473 4215 686 4280 ὲκείνας
715 4215 771 4268 δὲ
802 4217 937 4288 μήτε
969 4216 1143 4283 λέγειν
1163 4218 1300 4287 μήτε
1337 4219 1494 4286 σιγᾷν
1515 4217 1615 4270 ούκ
1647 4217 1712 4272 ἄν
1744 4217 1872 4269 ποτὲ

1969 1766 2248 1836 prophetis
2297 1770 2685 1838 reprehensum
2727 1786 2835 1827 non
2887 1773 3057 1828 fuisse
3087 1789 3212 1829 cum
3242 1775 3528 1831 sacerdotii

1969 1873 2191 1914 munera
2221 1860 2374 1916 obire
2396 1875 2562 1918 ausus
2592 1871 2704 1929 est;
2727 1870 2891 1934 atque
2910 1864 2982 1920 ob
3006 1879 3126 1919 eam
3151 1880 3373 1922 causam
3401 1881 3529 1936 pro-

1968 1947 2240 2016 pheticum
2271 1951 2520 2020 spiritum
2560 1953 2775 2008 cunctis
2808 1969 2929 2009 esse
2957 1955 3334 2021 subtractum;
3369 1955 3528 2011 valde

1966 2035 2021 2091 id
2050 2038 2179 2092 mihi
2213 2039 2521 2096 fabulosum
2547 2041 2782 2098 videtur.
2824 2043 2959 2098 Nam
2992 2053 3046 2100 et
3087 2043 3240 2102 Oscae
3272 2047 3412 2102 liber
3447 2048 3529 2104 sic

1969 2127 2130 2184 habet
2185 2149 2254 2185 ιι
2302 2131 2538 2188 Verbum
2590 2134 2806 2190 Domini
2859 2137 3007 2206 quod
3060 2137 3266 2194 factum
3322 2148 3407 2194 est
3459 2140 3520 2196 ad

1969 2217 2165 2275 Oseam
2207 2222 2357 2278 Beeri
2399 2224 2566 2279 lilium
2614 2227 2670 2280 in
2707 2227 2902 2284 diebus
2932 2227 3110 2296 Ozias,
3155 2250 3174 2284 ι
3211 2240 3266 2286 et
3293 2232 3504 2302 reliqua

1971 2307 2105 2365 Tum
2137 2313 2278 2382 apud
2313 2313 2507 2370 Isaiam
2547 2319 2862 2387 prophetam
2911 2323 2992 2376 sic
3028 2320 3228 2377 dicitur
3265 2340 3278 2375 :
3320 2339 3338 2374 ι
3375 2321 3529 2379 Visio

1969 2401 2148 2456 oblata
2216 2402 2369 2460 Isaia:
2414 2407 2598 2463 Amosi
2645 2407 2797 2475 lilio,
2855 2426 3018 2481 quam
3078 2423 3271 2469 contra
3325 2413 3524 2469 ludam

1969 2494 2267 2564 urbemque
2301 2495 2794 2570 Hierosolymorum
2822 2502 2978 2569 vidit,
3014 2502 3119 2559 sub
3144 2503 3276 2558 Ozia
3306 2519 3455 2574 rege,
3504 2523 3522 2557 ι

1968 2593 2020 2639 et
2069 2585 2297 2656 reliqua.
2361 2587 2427 2643 Et
2483 2592 2735 2659 praesenti
2783 2593 2837 2646 in
2900 2593 3040 2650 libro
3084 2595 3320 2666 denique
3373 2599 3453 2653 sic
3509 2613 3524 2649 :

1975 2693 1994 2727 ι
2030 2674 2322 2734 Sermones
2362 2679 2575 2746 Amosi,
2616 2682 2710 2752 qui
2749 2681 2880 2738 facti
2913 2693 3042 2740 sunt
3070 2686 3124 2740 in
3164 2688 3526 2743 Cariatharim

1967 2763 2036 2819 de
2065 2764 2306 2832 Thecue,
2338 2785 2478 2839 quos
2503 2770 2635 2826 vidit
2664 2785 2826 2841 super
2848 2771 3236 2845 Hierosolymis
3255 2775 3312 2830 in
3337 2776 3530 2833 diebus

1971 2853 2116 2911 Ozias
2159 2855 2313 2914 Judae
2361 2861 2528 2932 regis.
2564 2880 2585 2914 ι
2621 2861 2725 2928 Qui
2771 2864 2938 2933 igitur
2982 2863 3095 2919 lleri
3145 2874 3342 2935 potest,
3372 2875 3432 2921 ut
3473 2867 3528 2921 in

1973 2949 2119 3006 Ozias
2151 2951 2342 3008 diebus
2374 2951 2652 3009 divinandi
2688 2956 2772 3010 vis
2799 2955 3078 3026 prophetis
3119 2962 3304 3024 erepta
3344 2955 3526 3021 fuerit,

1972 3043 2428 3110 quemadmodum
2486 3045 2713 3101 istorum
2765 3048 3122 3117 interpretum
3165 3047 3350 3117 opinio
3387 3048 3526 3115 fert;

1973 3129 2238 3196 siquidem
2279 3140 2334 3187 et
2363 3131 2534 3189 Oseas
2564 3141 2618 3189 et
2663 3134 2832 3190 Isaias
2863 3144 2916 3190 et
2945 3137 3178 3191 Amosus
3209 3137 3262 3189 in
3297 3149 3527 3191 suorum

1972 3221 2236 3276 librorum
2289 3223 2484 3285 titulis.
2508 3239 2566 3280 se
2605 3226 2659 3280 in
2703 3225 2896 3281 diebus
2933 3225 3077 3282 Ozize
3120 3227 3530 3296 pmphetavisse

1971 3310 2284 3369 declarant?
2340 3313 2479 3370 Tum
2537 3331 2668 3370 vero
2712 3318 3048 3386 exploratum
3093 3323 3198 3382 est,
3253 3318 3300 3373 si
3345 3317 3529 3371 divina

1972 3401 2115 3460 forte
2161 3405 2495 3462 revelatioue
2547 3407 2821 3476 prophetae
2859 3408 3001 3477 jussi
3053 3406 3283 3463 fuissent
3343 3406 3529 3462 Oaiam

1971 3494 2261 3565 castigare,
2291 3511 2632 3567 nequaquam
2672 3498 2727 3552 id
2752 3497 2924 3554 fuisse
2951 3509 3324 3562 recusaturos,
3346 3496 3530 3552 divino

1971 3585 2155 3652 potius
2207 3585 2402 3639 lumini
2451 3586 2914 3655 obtemperantes,
2968 3600 3133 3654 quam
3185 3594 3526 3654 peccatorem

1973 3687 2152 3744 regem
2188 3681 2501 3729 reverentes
2535 3693 2547 3728 :
2582 3675 2667 3728 sin
2701 3683 2882 3728 autem
2921 3673 2990 3728 de
3027 3673 3370 3746 objurganda
3403 3688 3531 3745 rege

1973 3763 2117 3818 haud
2147 3762 2413 3818 divinitus
2439 3763 2661 3818 luerunt
2691 3764 2954 3820 admoniti
2977 3804 2992 3828 ,
3024 3779 3183 3821 nemo
3211 3780 3308 3822 eos
3332 3765 3532 3820 merito

1972 3856 2284 3925 vituperet,
2316 3856 2410 3926 qui
2434 3871 2546 3910 rem
2577 3871 2686 3910 non
2719 3857 3018 3927 attigerint,
3051 3871 3214 3928 quam
3241 3858 3323 3914 eis
3343 3857 3530 3914 divina

1975 3947 2235 4002 revelatio
2265 3961 2374 4001 non
2411 3947 2892 4002 demonstraverit.
2917 3947 3016 4004 Est
3053 3948 3198 4002 enim
3238 3949 3532 4018 propheta-

1973 4051 2094 4090 rum
2169 4043 2463 4104 perpetuus
2527 4050 2644 4091 mos
2706 4035 3042 4104 spiritalibus
3105 4036 3532 4093 revelationibus

1971 4127 2330 4196 obsequendi,
2371 4127 2484 4181 sive
2537 4142 2603 4180 ex
2661 4140 2848 4181 earum
2904 4127 3164 4181 instinctu
3203 4127 3528 4197 loquendum

1972 4217 2088 4279 sit,
2155 4216 2270 4271 sive
2338 4215 2623 4270 tacendum
2690 4231 2703 4267 :
2755 4215 2828 4269 ita
2887 4224 2946 4270 ut
3002 4225 3196 4286 praeter
3258 4217 3380 4273 illas
3433 4229 3530 4272 ne-

308 4309 386 4375 (p.
425 4306 548 4374 144)
599 4323 673 4371 τι,
703 4304 822 4360 οὔτε
846 4308 983 4378 μήτε
1004 4308 1174 4360 εἰπεῖν
1201 4308 1442 4377 ἑλόμενοι
1474 4309 1603 4376 παρ’
1625 4307 1838 4370 ὲκείνας
1856 4324 1869 4338 ⁸

1976 4321 2080 4375 que
2124 4305 2310 4359 dicant
2357 4305 2682 4374 quidquam,
2718 4321 2893 4374 neque
2921 4308 3219 4373 reliceant,
3263 4316 3425 4377 atque
3464 4309 3535 4361 ab

304 4400 466 4453 τοῦτο
487 4399 587 4468 μὲν
607 4394 700 4451 οὖν
725 4398 873 4468 παρὰ
907 4399 1118 4463 πολλοῖς
1145 4400 1257 4471 (25)
1287 4401 1386 4453 οὐκ
1412 4395 1511 4454 οἷδ’
1536 4402 1682 4463 ὅπως
1721 4401 1880 4470 φερόο

310 4507 494 4558 μενον,
514 4488 612 4541 καὶ
651 4487 853 4558 σφόδρα
874 4505 964 4558 μοι
996 4488 1150 4552 δόξαν
1191 4487 1445 4550 ἐναντίως
1465 4489 1604 4558 ἔχειν
1632 4491 1752 4552 ταῖς
1770 4490 1877 4543 τῶν

309 4580 512 4648 βίϐλων
552 4581 810 4650 γραφαῖς,
847 4581 1022 4649 σιωπῇ
1044 4579 1420 4649 παραδραμεῖν
1437 4581 1498 4632 οὐ
1530 4579 1708 4643 καλῶς
1735 4581 1878 4650 ἔχειν

303 4669 642 4742 ἡγησάμην·
686 4669 780 4722 τοῦ
819 4669 876 4722 δὲ
917 4669 1119 4738 βιϐλίου
1168 4669 1269 4738 τῆς
1309 4671 1643 4741 προφητείας
1677 4673 1876 4736 παντὸς

307 4763 434 4833 περί
480 4778 542 4814 τε
585 4760 675 4814 τὸν
720 4759 934 4831 Ἰσραὴλ
975 4760 1195 4814 καὶτὸν
1239 4761 1437 4813 Ἰούδαν
1481 4763 1872 4833 ἡσχολημένου,

305 4853 401 4906 καὶ
452 4851 522 4904 τὰ
569 4849 779 4912 τούτοις
821 4866 880 4902 τε
935 4849 1206 4913 κάκείνοις
1256 4851 1557 4919 συμϐάντα,
1613 4852 1874 4923 πρότερον

308 4945 405 5016 μὲν
434 4943 544 4996 ὑπὸ
581 4940 690 4994 τῶν
738 4941 1057 5011 Ἀσσυρίων,
1089 4942 1193 4995 ὑπὸ
1237 4942 1590 4995 Βαϐυλωνίων
1629 4942 1872 5014 ὕστερον,

304 5039 360 5089 ἑν
385 5035 594 5102 ὀλίγοις
620 5032 681 5087 δὲ
713 5032 856 5086 κατὰ
885 5033 948 5085 τὺ
979 5033 1258 5104 προοίμιον
1284 5035 1502 5104 μνήμην
1531 5034 1740 5103 ἔχοντος
1768 5036 1876 5088 τῶν

305 5128 382 5190 εἰς
413 5126 542 5188 τοὺς
576 5123 891 5194 περιοίκους
928 5123 1356 5194 συμϐησομένων
1388 5125 1592 5189 κακῶν,
1630 5126 1738 5180 τῶν
1779 5128 1876 5196 μὲν

307 5217 433 5288 περὶ
458 5216 554 5270 τὸν
586 5215 716 5269 λαὸν
745 5215 928 5269 αἰτίαν
964 5211 1101 5268 εἷναί
1139 5233 1337 5286 φαμεν,
1369 5218 1434 5286 ἢν
1477 5218 1571 5271 καὶ
1611 5219 1873 5288 πρότερον

303 5308 627 5377 εἰρήκαμεν,
659 5306 803 5379 ὑπὲρ
825 5301 896 5377 ἦς
930 5306 986 5358 δὲ
1025 5307 1205 5360 πᾶσαν
1234 5308 1446 5377 ἔνειμεν
1483 5308 1630 5378 αύτῷ
1667 5308 1766 5378 τὴν
1797 5311 1875 5362 οἰ-

304 5397 456 5452 κείαν
476 5397 811 5469 κηδεμονίαν
827 5398 858 5450 ὁ
877 5395 1030 5463 Θεὸς,
1049 5395 1136 5449 διὰ
1159 5397 1250 5450 τὸν
1289 5397 1346 5463 ἐξ
1377 5397 1556 5450 αὐτῶν
1576 5399 1878 5452 ἀναδείκνυο

375 5573 486 5641 (25)
529 5572 687 5626 llattc
701 5612 739 5644 ,_
752 5587 917 5640 quam
934 5573 1298 5644 _reprehendit
1326 5573 1642 5644 Theodorus
1670 5576 1874 5644 Opinio-

309 5649 454 5712 nem,
480 5657 594 5711 prae
620 5656 684 5696 se
715 5641 901 5712 ferunt
923 5641 1349 5712 Chrysostomus
1375 5645 1441 5696 ad
1468 5643 1620 5698 Isaiae
1645 5641 1765 5712 cap.
1797 5662 1873 5710 VI;

313 5708 674 5782 Hieronymus
717 5711 882 5775 epist.
942 5708 1052 5775 l8,
1110 5713 1128 5763 l
1161 5751 1175 5775 ,
1243 5721 1296 5766 et
1324 5710 1621 5782 Procopius
1659 5708 1787 5767 item
1821 5708 1872 5772 in

1977 4398 2044 4452 iis
2072 4412 2142 4451 ne
2167 4398 2331 4449 latum
2357 4396 2573 4464 quidem
2601 4395 2709 4466 95
2734 4413 2966 4468 unguem
2994 4398 3275 4454 discedere
3296 4400 3530 4453 soleant.

1975 4487 2126 4540 Hanc
2149 4487 2312 4556 igitur
2343 4486 2657 4554 opinionem
2686 4526 2700 4548 ,
2741 4504 2862 4555 qua:
2894 4490 3082 4542 nescio
3111 4504 3212 4542 cur
3237 4490 3531 4542 multorum

1975 4585 2183 4632 mentes
2247 4577 2532 4646 pervasit,
2584 4592 2816 4647 quaeque
2864 4578 2997 4631 mihi
3083 4578 3257 4632 sacris
3313 4577 3534 4633 Litteris

1975 4684 2304 4739 magnopere
2355 4669 2628 4723 adversari
2683 4667 2933 4733 videtur,
2987 4669 3208 4724 silentio
3259 4671 3536 4739 praaterire

1975 4761 2120 4815 haud
2147 4775 2360 4830 aequum
2404 4761 2733 4816 existimavi.
2782 4759 2900 4815 Jam
2933 4760 3170 4816 universi
3203 4760 3368 4831 hujus
3405 4762 3537 4815 vati-

1975 4853 2107 4908 cinii
2137 4852 2274 4907 liber
2308 4852 2457 4906 circa
2487 4850 2738 4907 lsraelem
2763 4859 2819 4907 et
2839 4851 3032 4908 Judam
3065 4853 3319 4916 vertitur,
3344 4866 3536 4920 nempe

1977 4946 2124 4999 circa
2151 4946 2437 5013 utriusque
2452 4945 2831 5008 adversitates,
2853 4959 2973 5014 quae
3005 4944 3179 5013 primo
3197 4943 3264 4997 ab
3281 4944 3538 5013 Assyriis,

1979 5034 2177 5089 deinde
2229 5049 2260 5086 a
2299 5032 2614 5102 Babyloniis
2663 5033 3025 5102 contigerunt.
3086 5030 3327 5084 Breviler
3373 5035 3534 5083 etiam

1981 5123 2314 5174 mentionem
2353 5121 2512 5174 initio
2560 5119 2943 5188 complectitur
2974 5119 3240 5170 malorum
3267 5132 3387 5184 qua:
3418 5115 3537 5168 lini-

1979 5212 2144 5266 timos
2193 5217 2512 5278 correptura
2561 5217 2736 5263 erant.
2796 5208 2862 5260 Et
2913 5207 3132 5276 quidem
3163 5220 3262 5260 cur
3313 5204 3538 5260 Hebraeo

1979 5303 2181 5372 populo
2214 5301 2327 5355 haec
2360 5300 2675 5362 evenerint,
2718 5314 2939 5353 causam
2971 5297 3209 5352 diximus
3243 5296 3298 5351 in
3339 5311 3538 5366 praece-

1982 5395 2260 5456 dentibus,
2295 5391 2404 5446 Deo
2431 5405 2618 5444 curam
2643 5403 2798 5444 suam
2827 5388 2900 5444 illi
2933 5387 3293 5456 impendente,
3318 5393 3538 5457 propter

1980 5572 2374 5630 commentario
2414 5571 2478 5624 ad
2511 5570 2822 5638 przedictum
2857 5569 3006 5625 Isaiae
3043 5572 3241 5626 locum.
3273 5567 3414 5624 Sane
3445 5566 3541 5619 oh-

1979 5647 2254 5714 jurgatum
2289 5658 2330 5714 ag
2349 5641 2724 5714 sacerdotibus
2766 5643 2952 5696 Uziam
2985 5641 3116 5694 dicit
3145 5653 3298 5694 sacer
3325 5644 3538 5700 textus,

1985 5710 2097 5768 non
2121 5731 2148 5767 a
2183 5710 2475 5782 prOphetis.
