3966 6134
478 318 576 374 ΞΠ

1638 313 1985 368 THEODOHI
2038 311 2510 368 MOPSUESTENI

3605 306 3712 364 948

479 445 624 490 cum,
655 427 750 497 qui
789 427 914 482 inde
959 437 1253 481 exorturus
1296 434 1413 480 erat
1460 430 1761 484 secundum
1805 445 2038 496 carnem1

2155 431 2274 483 σθαι
2333 429 2593 498 μέλλοντα
2629 427 2689 479 τὸ
2745 426 2886 478 κατὰ
2935 426 3112 495 σάρκα
3141 424 3416 494 Δεσπότην
3453 425 3710 495 Χριστὸν,

478 522 756 576 Christum
800 519 1117 583 Dominum,
1171 521 1476 575 communis
1510 522 1701 575 salutis
1740 532 2039 591 parentem.

481 613 878 680 Praeponuntur
922 621 1099 664 autem
1149 611 1376 680 reliquis
1425 628 1511 666 res
1551 614 1795 668 ﬁnitimis
1830 614 2043 683 populis

479 711 774 766 eventum,
825 710 881 754 ut
921 701 1096 770 palam
1128 700 1219 754 liat
1257 703 1394 755 nihil
1439 702 1604 757 Deum
1647 713 1840 758 contra
1883 720 2041 758 suum

481 793 735 860 populum
765 791 956 847 fecisse
978 791 1184 845 smvitia
1206 801 1536 846 commotum
1559 812 1574 859 ;
1602 793 2040 862 quandoquidem

477 885 544 936 de
574 882 664 945 iis,
700 882 966 951 quivhunc
999 883 1321 946 afﬂixerant,
1351 901 1539 954 poenas
1571 889 1904 955 repoposcit.
1935 884 2039 940 Sed

472 974 584 1041 jam
616 973 829 1026 initium
869 973 1174 1028 faciendum
1200 975 1320 1028 libri
1351 983 1455 1039 est,
1497 977 1587 1045 qui
1629 977 1703 1028 ita
1739 992 1796 1030 se
1837 977 2034 1030 habet:

1104 1061 1332 1116 CAPUT
1369 1063 1412 1117 Ι.

549 1152 708 1204 Vens.
751 1152 803 1216 l,
838 1151 890 1204 2.
913 1181 986 1190 ——
1017 1170 1034 1202 α
1063 1150 1350 1209 Sermones
1381 1155 1596 1216 Amosi,
1632 1156 1723 1225 qui
1758 1157 1884 1210 facti
1915 1169 2042 1212 sunt

479 1243 531 1294 in
561 1243 920 1296 Cariatharim
947 1244 1012 1297 de
1040 1242 1256 1298 Thecue
1276 1283 1290 1308 ,
1326 1260 1464 1314 quos
1497 1246 1631 1300 vidit
1663 1263 1824 1316 super
1852 1247 2042 1302 Hiero-

479 1331 738 1401 solymis,
774 1333 826 1386 in
861 1333 1053 1389 diebus
1088 1334 1233 1389 Ozias
1265 1333 1417 1390 Judae
1444 1336 1623 1406 regis,
1660 1345 1714 1391 et
1758 1340 1812 1391 in
1851 1339 2040 1395 diebus

474 1421 778 1476 Jeroboami
815 1422 976 1477 Joaso
1013 1424 1217 1493 geniti,
1260 1425 1402 1494 regis
1435 1423 1688 1489 lsraelis,
1727 1435 1852 1481 ante
1884 1434 2041 1481 terrae

475 1517 678 1564 motum
738 1511 977 1566 biennio.
1013 1513 1228 1569 iVerba
1287 1515 1436 1576 lucc,
1493 1515 1652 1571 sicuti
1716 1516 1773 1570 in
1830 1518 2040 1572 caeteris

474 1601 749 1670 prophetis
786 1601 1040 1667 diximus,
1065 1604 1204 1657 tituli
1243 1604 1526 1674 cujusdam
1564 1608 1682 1660 vice
1719 1605 2037 1675 funguntur,

473 1693 565 1759 qui
596 1693 716 1746 libri
751 1708 974 1763 scopum
1011 1702 1065 1748 et
1095 1696 1480 1749 continentiam
1517 1703 1570 1750 et
1600 1705 1875 1751 auctorem
1904 1706 2035 1751 :eta-

474 1790 689 1850 temque
725 1783 984 1838 declarat.
1024 1783 1210 1853 Neque
1241 1794 1324 1839 est
1357 1784 1664 1839 mirandum
1695 1787 1838 1855 quod
1879 1786 2036 1841 dixe-

474 1869 578 1933 rit,
615 1867 890 1924 Sermones
937 1887 1076 1942 quos
1112 1873 1245 1927 vidit
1284 1889 1446 1943 super
1486 1872 1896 1945 Hierosolymis,
1935 1876 2034 1930 etsi

473 1973 636 2013 casus
683 1976 898 2030 quoque
943 1969 1266 2016 narraturus
1319 1971 1434 2017 erat
1461 1962 1678 2029 lsraeli,
1722 1965 1773 2018 id
1811 1974 1894 2020 est
1930 1965 2039 2035 96

474 2049 660 2104 decem
699 2051 948 2107 tribubus
972 2092 986 2115 ,
1028 2067 1238 2108 necnon
1275 2053 1518 2109 ﬁnitimis
1560 2056 1775 2125 populis
1809 2064 2034 2111 eventu-

473 2154 566 2194 ros
599 2160 612 2194 :
665 2143 744 2196 sic
782 2142 925 2197 enim
965 2144 1103 2213 egit,
1145 2145 1270 2214 quia
1310 2145 1623 2216 potissimas
1664 2148 1906 2201 omnium
1949 2163 2036 2203 res

474 2231 626 2287 urbis
683 2231 1175 2305 Hierosolymorum
1231 2236 1613 2301 existimabat,
1674 2253 1870 2308 nempe
1918 2239 2038 2308 ejus

473 2323 690 2392 populi,
727 2325 818 2392 qui
851 2341 915 2379 ex
949 2325 1101 2380 Iuda:
1147 2326 1290 2382 tribu
1336 2329 1654 2393 constabat,
1723 2329 1885 2385 sicuti
1925 2329 2036 2399 jam

474 2413 529 2467 in
573 2416 945 2485 superioribus
983 2417 1258 2474 diximus:
1299 2433 1423 2474 cum
1464 2419 1680 2475 interim
1719 2429 2036 2475 caeterorum

473 2506 614 2558 ratio
661 2506 715 2559 in
760 2506 1001 2576 praedicti
1043 2509 1270 2578 gratiam
1320 2509 1628 2565 haberetur.
1685 2508 1776 2563 Sic
1825 2526 1954 2582 ergo
2007 2527 2038 2566 a

474 2594 762 2664 principali
799 2612 880 2660 re,
922 2597 1158 2652 vaticinii
1201 2599 1284 2653 sui
1322 2613 1540 2654 causam
1579 2599 1852 2666 ostendit,
1894 2602 2038 2670 quod

473 2687 548 2739 ita
578 2685 905 2740 exorditur:
936 2706 954 2739 ι
988 2688 1246 2746 Dominus
1286 2690 1352 2746 de
1391 2690 1521 2746 Sion
1561 2693 1775 2748 locutus
1813 2700 1931 2758 est,
1973 2709 2038 2749 ex

474 2777 860 2849 Hierosolymis
891 2795 1074 2836 vocem
1106 2797 1258 2838 suam
1290 2783 1491 2839 emisit.
1527 2782 1805 2839 Luxerunt
1843 2801 2038 2853 pascua

473 2877 750 2936 pastorum
776 2889 790 2935 ;
825 2873 1035 2925 exaruit
1063 2871 1294 2927 Carmeli
1325 2889 1610 2929 cacumen.
1644 2895 1662 2928 ι
1691 2875 1824 2931 Mire
1848 2877 2038 2931 admo-

473 2956 600 3010 dum
634 2959 720 3013 his
746 2961 924 3013 verbis
952 2961 1096 3030 loqui
1137 2963 1344 3032 cmpit;
1385 2978 1506 3016 nam
1543 2965 1668 3034 quia
1703 2981 1812 3019 non
1854 2965 2040 3021 Hiero-

2146 519 2238 570 ἐπῒ⁹
2267 521 2333 588 τῇ
2371 519 2584 571 πάντων
2626 516 2960 586 φανούμενον
2999 513 3273 584 σωτηρίᾳ·
3321 515 3710 584 πρετεθεϊσθαι

2143 609 2200 661 δὲ
2237 608 2344 660 τῶν
2366 607 2566 660 λοιπῶν
2590 607 2657 659 τὰ
2695 607 2821 676 περὶ
2839 606 2964 668 τοὺς
2993 605 3302 674 περιοίκους
3339 605 3592 674 ἐσόμενα,
3631 606 3714 667 είς

2145 698 2360 768 ἔλεγχον
2410 696 2502 750 τοῦ
2557 696 2689 767 μηδὲ
2745 694 2811 748 τὰ
2865 694 3004 748 κατά
3055 693 3146 745 τὸν
3199 693 3326 746 λαὸν
3371 693 3586 765 ἀφειδίᾳ
3619 694 3714 746 τὸν

2143 789 2274 841 Θεὸν
2315 786 2642 856 πεποιῆσθαι
2665 804 2678 818 ο
2713 787 2845 838 ὃπου
2884 801 2947 852 γε
2983 784 3076 837 καὶ
3114 783 3252 853 ὑπὲρ
3283 783 3380 852 τῆς
3417 785 3495 846 εἰς
3515 784 3714 846 αὐτοὺς

2145 880 2487 949 παρανομίας
2517 879 2671 940 δίκας
2708 875 3093 946 εἰσπράττεται
3134 874 3349 944 ἐτέρους
3370 891 3382 904 ·
3407 874 3635 946 ἀρκτέον
3653 875 3713 927 δέ

2143 968 2236 1021 τοῦ
2272 967 2476 1038 βιϐλίου
2507 966 2689 1020 λοιπὸν
2724 964 2937 1034 ἔχοντος
2964 962 3132 1024 οὕτως
3153 977 3168 992 ·

2787 1059 2943 1111 ΚΕΦ.
2982 1057 3061 1110 A'.

2212 1155 2358 1224 Στίχ.
2381 1152 2519 1222 α’,β’.
2539 1184 2607 1192 -
2627 1170 2644 1202 ‹
2669 1150 2831 1218 Λόγοι
2860 1146 3060 1218 ’Δμὼς,
3084 1147 3132 1200 οἳ
3159 1145 3404 1214 ἐγένοντο
3424 1145 3479 1197 ἐν
3501 1145 3716 1215 Καρια⁹

2143 1241 2313 1312 θαρὶμ
2343 1243 2406 1294 ἐκ
2437 1238 2660 1302 Θεκούε,
2691 1236 2783 1300 οὓς
2812 1231 2948 1288 εἶδεν
2971 1233 3447 1305 ἐπἰΊερουσαλὴμ,
3481 1234 3538 1286 ἐν
3572 1233 3713 1304 ήμέ-

2147 1349 2265 1402 ραις
2296 1331 2470 1394 Ὀζίου
2488 1329 2580 1384 τοῦ
2602 1327 2861 1398 βασιλέως
2877 1325 3063 1390 Ἰούδα,
3087 1325 3180 1378 καὶ
3207 1327 3264 1376 ἐν
3290 1323 3522 1395 ἡμέραις
3551 1323 3714 1393 Ἱεροο

2142 1423 2285 1492 ὁοὰμ
2312 1421 2405 1474 τοῦ
2439 1419 2591 1482 Ίωάς
2625 1417 2884 1488 βασιλέως
2929 1414 3164 1486 Ἰσραὴλ,
3201 1415 3305 1486 πρὸ
3332 1413 3424 1467 δύο
3456 1413 3592 1466 ἐτῶν
3611 1411 3712 1466 τοῦ

2143 1514 2384 1586 σεισμοῦ.
2423 1533 2441 1566 ι
2471 1512 2545 1584 (p.
2573 1512 2696 1582 145)
2718 1510 2885 1564 Τοῦτο
2907 1509 3004 1579 μὲν
3033 1503 3146 1572 οὖν,
3180 1507 3323 1562 καθά
3354 1508 3453 1560 κάν
3478 1509 3590 1569 τοῖς
3604 1507 3713 1559 λοι-

2142 1613 2261 1673 ποῖς
2306 1609 2605 1679 εἰρήκαμεν
2638 1607 2962 1677 προφήταις,
3005 1603 3329 1675 προγραφῆς
3372 1619 3515 1663 τινος
3555 1598 3712 1662 τάξιν

2141 1698 2346 1767 ἐπέχει,
2368 1695 2631 1767 δηλούσης
2658 1695 2711 1747 τί
2738 1711 2866 1747 ποτε
2887 1692 3131 1764 βούλεται
3152 1695 3184 1762 ή
3217 1691 3416 1762 βίόλος,
3441 1689 3570 1760 παρ’
3583 1690 3710 1740 ὅτου

2137 1807 2195 1842 τε
2219 1789 2313 1842 καὶ
2343 1787 2468 1858 περὶ
2495 1787 2653 1839 τίνων
2695 1787 2909 1856 εἴρηται
2947 1784 3041 1837 καὶ
3088 1785 3214 1836 πότε
3239 1799 3255 1814 ο
3307 1781 3618 1851 θαυμαστὸν
3651 1779 3713 1833 δὲ

2136 1879 2306 1943 οὐδὲν,
2329 1879 2378 1930 εί
2404 1879 2571 1946 λόγοι
2601 1871 2749 1928 εἶπεν
2777 1874 2870 1938 οὓς
2895 1868 3031 1926 εἶδεν
3064 1875 3155 1926 ἐπὶ
3183 1872 3534 1944 Ἰερουσαλήμ
3551 1887 3562 1901 ο
3589 1867 3713 1922 καί·

2137 1987 2217 2022 τοι
2244 1985 2308 2036 γε
2333 1967 2537 2037 μέλλων
2561 1967 2783 2020 κάκεῖνα
2807 1964 2990 2030 λέγειν
3017 1963 3188 2016 ὁπόσα
3208 1961 3434 2032 περὶτὸν
3468 1958 3707 2030 Ἰσραὴλ,

2137 2059 2278 2114 τοῦτ’
2308 2059 2420 2111 ἐστι
2446 2058 2542 2120 τὰς
2585 2057 2715 2110 δέκα
2743 2055 2934 2123 γέγονε
2965 2053 3159 2122 φυλὰς,
3194 2053 3288 2105 καὶ⁵
3322 2051 3417 2121 μὲν
3454 2052 3545 2104 καὶ
3579 2049 3712 2120 περὶ

2137 2153 2262 2214 τοὺς
2295 2149 2603 2220 περιοίκους
2645 2147 2741 2216 οὐχ
2776 2141 2938 2219 ἦττον
2965 2161 2977 2174 '
3009 2145 3122 2197 ἀλλ’
3158 2144 3232 2207 ὼς
3263 2143 3328 2196 ἂν
3375 2141 3715 2213 κυριώτατον

2143 2241 2239 2310 μὲν
2263 2239 2514 2292 ἁπάντων
2554 2236 2852 2308 ἡγούμενος
2881 2230 3020 2288 εἶναι
3047 2234 3113 2287 τὰ
3144 2233 3284 2286 κατά
3309 2233 3406 2302 τὴν
3437 2233 3714 2303 Ἰερουσα-

2138 2330 2268 2400 λὴμ,
2297 2328 2395 2381 εἴτ’
2431 2324 2522 2381 οῦν
2543 2327 2634 2380 τὸν
2654 2343 2721 2380 πε
2734 2327 2786 2397 pi.
2812 2325 2974 2378 αὐτὸν
2997 2325 3124 2377 λαόν
3147 2341 3160 2353 θ
3191 2320 3259 2394 ἦν
3287 2323 3344 2376 δὲ
3370 2315 3525 2385 οὗτος
3555 2323 3588 2392 ή
3611 2320 3713 2375 τοῦ

2151 2419 2320 2472 ’ἰούδα
2341 2420 2502 2489 φυλὴ,
2536 2417 2718 2480 καθὼς
2749 2418 2807 2470 ἐν
2839 2418 2950 2480 τοῖς
2979 2415 3212 2487 πρόσθεν
3241 2416 3542 2485 εἰρήκαμεν
3562 2430 3578 2444 ο
3599 2411 3714 2465 τῶν

2138 2511 2342 2564 λοιπῶν
2369 2511 2426 2564 δέ
2450 2509 2510 2574 ἐξ
2539 2507 2858 2571 ἀκολουθίας
2887 2507 3192 2577 λεγομένων
3222 2523 3281 2558 τε
3323 2504 3417 2558 καὶ
3448 2502 3714 2574 γιγνομέ-

2139 2620 2243 2656 νων
2267 2601 2334 2654 δι’
2364 2602 2572 2654 ἐκεῖνον
2589 2617 2601 2630 ·
2625 2599 2798 2662 οὕτως
2824 2597 2932 2651 ἀπὺ
2954 2597 3048 2651 τοῦ
3076 2595 3415 2668 κυριωτάτου
3442 2595 3545 2662 τῆς
3572 2611 3716 2664 προ-

2141 2694 2362 2764 φητείας
2414 2693 2650 2764 ἐδήλωσε
2699 2691 2796 2762 τὴν
2828 2690 3043 2743 αἰτίαν*
3075 2687 3376 2759 ἀρχόμενος
3403 2686 3584 2757 μέντοι
3609 2685 3722 2754 τῆς

2140 2781 2494 2852 προφητείας,
2517 2779 2658 2833 οὕτω
2677 2779 2859 2848 φησίν·
2887 2797 2903 2828 ι
2929 2777 3129 2848 Κύριος
3147 2779 3209 2829 ἐκ
3236 2775 3370 2829 Σιὼν
3391 2773 3719 2844 ἐφθέγξατο,

2141 2871 2232 2924 καὶ
2254 2871 2312 2937 ἐξ
2337 2868 2688 2941 Ἰερουσαλὴμ
2719 2869 2884 2921 ἔδωκε
2911 2867 3094 2936 φωνὴν
3117 2864 3279 2918 αὑτοῦ
3303 2881 3317 2894 '
3352 2865 3446 2918 καὶ⁵
3475 2863 3723 2934 ἐπένθη-

2144 2978 2240 3015 σαν
2269 2964 2326 3014 αί
2349 2961 2513 3032 νομαὶ
2537 2960 2645 3012 τῶν
2681 2959 2954 3029 ποιμένων
2978 2973 2992 2988 ο
3022 2957 3115 3010 καὶ
3141 2954 3408 3026 ἐξηράνθη
3435 2955 3469 3024 ή
3498 2953 3724 3024 κορυφὴ

474 3046 698 3116 solymis
718 3087 732 3108 .
768 3048 862 3103 sed
892 3051 946 3103 in
979 3051 1087 3106 illis
1111 3052 1431 3120 loquebatur
1459 3054 1595 3109 locis
1619 3095 1633 3117 ,
1669 3070 1807 3122 quos
1839 3057 2038 3110 ethnici

2144 3053 2236 3104 τοῦ
2289 3053 2610 3124 Καρμήλου.
2653 3071 2670 3102 ι
2725 3048 3159 3120 Θαυμασιὼτατα
3211 3046 3455 3100 ἐντεῦθεν
3509 3044 3724 3115 ἦρξατο

473 3150 808 3204 regnumque
841 3138 1058 3196 lsraelis
1093 3143 1465 3211 occupabant,
1519 3145 1700 3204 statim
1748 3146 2042 3215 prudenter

474 3226 735 3291 addidit,¢
757 3227 832 3282 De
855 3228 985 3282 Sion
1004 3232 1218 3286 locutus
1253 3241 1370 3296 est,
1412 3251 1478 3288 ex
1516 3233 1908 3307 Hierosolymis
1945 3253 2042 3292 v0-

473 3329 589 3369 cem
642 3330 796 3371 suam
843 3317 1062 3372 emisit:
1093 3337 1113 3370 ι
1135 3334 1201 3374 ne
1224 3321 1362 3376 forte
1395 3323 1672 3380 auditores
1704 3341 1880 3380 rerum
1919 3342 1948 3380 a
1984 3343 2042 3383 se

473 3405 825 3460 dicendarum
856 3408 1016 3462 cultis
1049 3424 1142 3478 per
1169 3424 1232 3465 ea
1267 3410 1385 3466 loca
1429 3414 1770 3471 dmmonibus
1798 3433 2039 3472 causam

473 3495 846 3564 imputarent:
882 3499 992 3552 imo
1027 3500 1206 3569 potius
1258 3503 1494 3558 universi
1543 3514 1931 3574 agnoscerent,
1983 3521 2042 3561 se

481 3584 576 3639 Dei
611 3589 887 3642 voluntate
923 3591 1085 3643 verba
1123 3591 1215 3646 illa
1253 3592 1469 3660 facere;
1505 3596 1598 3663 qui
1639 3611 1761 3649 cum
1795 3597 2039 3650 omnium

474 3676 646 3731 factor
690 3677 1058 3750 Dominusque
1096 3683 1196 3747 sit,
1237 3698 1530 3754 congruam
1570 3686 1677 3741 sibi
1716 3687 2035 3756 religionem

475 3769 528 3820 in
567 3766 730 3822 Sione
757 3778 942 3823 monte
966 3771 1210 3826 exhiberi
1247 3775 1499 3843 legitimis
1534 3774 1730 3830 ritibus
1757 3774 1998 3844 jusserat
2025 3795 2037 3829 :

475 3861 724 3930 idemque
766 3862 1079 3931 prophetam
1112 3863 1178 3917 ad
1212 3865 1327 3918 lucc
1368 3864 1596 3920 dicenda
1640 3881 1788 3920 nunc
1836 3867 2041 3920 excita-

473 3960 656 4015 verat,
690 3967 896 4021 suoque
928 3960 1168 4022 tempore
1195 3955 1456 4010 vaticinia
1495 3956 1552 4010 in
1589 3970 1705 4011 rem
1743 3957 2040 4013 collaturus

472 4052 604 4096 erat.
625 4040 745 4096 Jam
758 4045 948 4111 verba,
976 4066 992 4097 ι
1016 4047 1299 4102 Luxerunt
1320 4059 1522 4114 pascua
1567 4054 1872 4114 pastorum,
1911 4063 2036 4102 exao

475 4135 580 4186 ruit
630 4131 866 4187 Carmeli
917 4134 1585 4203 cacumengsigniﬁcant
1638 4133 1754 4190 fore
1809 4146 1866 4190 ut
1916 4153 2040 4192 cum

472 4222 744 4291 praedictis
783 4222 994 4276 ﬁnitimi
1031 4238 1218 4277 omnes
1255 4238 1365 4277 non
1410 4224 1528 4279 sine
1560 4226 1677 4281 suis
1709 4226 1940 4282 ducibus
1973 4228 2040 4282 ad

475 4313 675 4366 luctum
705 4320 986 4367 vertantur
1015 4331 1028 4366 :
1058 4322 1110 4367 et
1135 4314 1352 4382 quidem
1376 4317 1536 4370 etiam
1563 4316 1730 4372 lsrael
1757 4333 1882 4374 cum
1911 4321 2036 4384 illis,

2138 3140 2231 3194 τοῦ
2270 3141 2462 3209 λόγου-
2505 3140 2693 3211 ἐπειδὴ
2721 3140 2830 3210 γὰρ
2862 3139 2960 3191 οὐκ
2990 3139 3046 3190 ἐν
3072 3139 3138 3207 τῇ
3185 3135 3556 3206 Ἰερουσαλὴμ,
3596 3133 3722 3186 ἀλλ’

2141 3235 2196 3287 ἐν
2250 3232 2476 3293 ἐκείνοις
2530 3229 2824 3298 ἐφθέγγετο
2858 3229 2969 3289 τοῖς
2997 3226 3200 3290 τόποις,
3231 3226 3280 3278 οἳ
3304 3224 3414 3277 τῶν
3456 3241 3518 3276 τε
3542 3223 3721 3276 ἐθνῶν

2141 3324 2234 3377 καὶ
2267 3323 2365 3393 τῆς
2395 3319 2670 3390 βασιλείας
2708 3318 2802 3371 τοῦ
2850 3316 3062 3387 Ἰσραὴλ
3111 3314 3402 3384 ἐτύγχανον
3436 3313 3609 3377 ὅντες,
3636 3313 3719 3364 εἰ-

2141 3416 2312 3476 κότως
2346 3411 2666 3483 προτέθεικε
2695 3409 2775 3473 τὸ,
2817 3427 2835 3460 ‹
2886 3408 2981 3460 Ἐκ
3008 3405 3146 3459 Σιὼν
3179 3405 3497 3473 ἐφθέγξατο,
3529 3403 3625 3456 καὶ
3654 3404 3719 3471 ἐξ

2151 3503 2503 3576 Ἰερουσαλὴμ
2551 3500 2715 3554 ἔδωκε
2777 3498 2960 3569 φωνὴν
2994 3495 3158 3551 αὑτοῦ
3189 3513 3204 3527 ·
3239 3514 3258 3547 ι
3286 3496 3360 3558 ὡς
3399 3493 3463 3548 ἂν
3495 3494 3570 3564 μὴ
3599 3496 3720 3557 τοῖς

2140 3614 2205 3647 πε
2216 3595 2268 3665 ρὶ
2287 3595 2377 3647 τὸν
2403 3592 2566 3645 τόπον
2595 3591 2800 3643 ἐκεῖνον
2839 3587 3292 3659 θρησκευομένοις
3318 3585 3569 3656 δαίμοσιν
3594 3586 3723 3638 ἐπι-

2139 3687 2368 3757 γράφειν
2423 3682 2662 3754 μέλλοιεν
2717 3681 2767 3733 οἱ
2815 3679 3105 3741 ἀκούοντες
3139 3677 3251 3731 τῶν
3275 3676 3583 3746 λεγομένων
3611 3675 3722 3746 τὴν

2139 3775 2316 3828 αἰτίαν
2337 3789 2350 3803 '
2384 3774 2458 3844 (p.
2503 3772 2624 3842 146)
2659 3771 2850 3824 εἰδεῖεν
2882 3771 2939 3823 δέ
2982 3769 3220 3832 ἅπαντες
3254 3770 3334 3822 ὃτι
3364 3768 3556 3840 γνώμῃ
3575 3765 3720 3820 Θεοῦ

2139 3865 2312 3918 ταῦτα
2371 3863 2691 3933 φθέγγεται,
2747 3863 2806 3924 ὃς
2849 3861 2957 3915 τῶν
2988 3862 3241 3915 ἁπάντων
3275 3864 3506 3931 ποιητής
3531 3877 3591 3912 τε
3621 3859 3724 3913 καὶ

2139 3953 2343 4025 Κύριος
2374 3952 2470 4017 ὢν,
2523 3954 2581 4004 ἐν
2612 3951 2692 4020 τῷ
2729 3950 2867 4004 Σιὼν
2906 3952 3021 4023 δρει
3065 3952 3163 4021 τὴν
3194 3951 3542 4021 καθήκουσαν
3564 3948 3724 4020 αὐτῷ

2141 4043 2433 4115 θρησκείαν
2492 4042 2635 4094 κατὰ
2680 4042 2780 4112 τὴν
2841 4043 3069 4113 νομικὴν
3101 4041 3338 4106 διάταξιν
3375 4040 3723 4111 πληροῦσθαι

2141 4133 2436 4205 προσέταξε
2465 4149 2477 4162 ·
2507 4132 2585 4203 τῷ
2609 4150 2668 4186 τε
2699 4135 2953 4204 προφήτῃ
2982 4132 3076 4185 νῦν
3112 4134 3284 4185 εἰπεῖν
3313 4131 3483 4185 ταῦτα
3513 4131 3721 4195 διδοὺς,

2142 4227 2233 4278 καὶ
2290 4224 2430 4277 κατά
2480 4223 2670 4294 καιρὸν
2707 4224 2816 4276 τῶν
2864 4224 3214 4294 μηνυομένων
3239 4223 3337 4293 τὴν
3381 4221 3605 4275 ἔκϐασιν
3635 4223 3725 4287 είς

2143 4315 2302 4385 ἔργον
2337 4314 2586 4385 ἐκφέρων
2613 4331 2628 4346 ·
2659 4315 2720 4368 τὸ
2749 4314 2825 4380 δὲ,
2865 4333 2884 4365 ι
2926 4316 3260 4385 Ἐπένθησαν
3314 4315 3369 4367 αἱ
3397 4313 3558 4384 νομαὶ
3605 4313 3728 4368 τῶν

470 4415 610 4468 quos
636 4399 867 4456 Carmeli
899 4417 1158 4458 cacumen
1192 4404 1510 4472 appellavit,
1538 4407 1664 4474 quia
1694 4409 1838 4462 circa
1870 4410 2038 4464 locum

2152 4405 2442 4476 ποιμένων,
2474 4406 2567 4458 καὶ
2604 4404 2874 4475 ἐξηράνθη
2904 4405 2938 4475 ή
2984 4405 3195 4476 κορυφὴ
3225 4404 3318 4457 τοῦ
3346 4403 3662 4475 Καρμήλου,
3694 4422 3719 4458 ο

471 4490 620 4544 illum
651 4490 990 4557 incolebant,
1019 4506 1081 4545 ac
1112 4501 1305 4560 pneter
1333 4508 1495 4548 omne
1525 4495 1759 4550 olIicium
1793 4499 2038 4565 superbia

2155 4498 2240 4549 ῐνα
2264 4496 2394 4569 εἴπῃ
2437 4496 2518 4549 ὃτι
2568 4498 2633 4548 ἐκ
2668 4495 2766 4564 τῆς
2803 4496 3131 4564 ἀποφάσεως
3157 4497 3256 4566 τῆς
3283 4494 3490 4549 ἐκείνου
3515 4494 3728 4558 πάντες

464 4583 829 4638 exsultabant.
863 4582 1067 4639 Deinde
1116 4585 1396 4638 subdiviso
1427 4586 1793 4653 particulatim
1827 4602 2038 4642 sermo-

464 4689 566 4736 ne,
601 4673 668 4729 de
700 4674 930 4744 singulis
964 4674 1206 4729 ﬁnitimis
1240 4677 1415 4743 pergit
1444 4676 1650 4730 dicere.

2151 4603 2212 4638 τε
2243 4587 2293 4638 οἱ
2314 4586 2577 4656 περίοικοι
2607 4585 2704 4637 σὺν
2724 4587 2837 4648 τοῖς
2859 4585 3180 4654 ἡγουμένοις
3194 4587 3616 4656 μεταστήσονται
3637 4585 3726 4648 εἰς

2146 4676 2342 4738 πένθος
2373 4692 2387 4706 ·
2424 4674 2521 4728 καὶ
2562 4674 2668 4745 μὴν
2708 4674 2802 4728 καὶ
2845 4674 2939 4728 τοῦ
2975 4675 3189 4746 Ἰσραὴλ
3213 4676 3311 4731 σὺν
3343 4676 3590 4739 ἐκείνοις,
3619 4675 3720 4739 οὒς

469 4789 488 4822 ε
526 4769 768 4839 κορυφὴν
801 4787 821 4819 ι
847 4769 1127 4838 ὠνόμασεν
1157 4768 1249 4820 τοῦ
1277 4769 1595 4839 Καρμήλου,
1622 4770 1694 4834 ὡς
1737 4772 1860 4842 περὶ
1899 4774 2102 4826 ἐκεῖνον
2133 4769 2413 4833 οἰκοῦντας
2449 4768 2540 4821 τὸν
2575 4767 2758 4832 τόπον,
2792 4767 2889 4823 καὶ
2922 4768 3002 4831 είς
3033 4768 3184 4821 οὐδὲν
3220 4769 3338 4822 δέον
3369 4771 3436 4839 τῇ
3476 4768 3724 4840 ὑπεροχῇ

462 4861 852 4932 κεχρημένους.
908 4856 1039 4913 Εἶτα
1099 4859 1330 4932 μερίζων
1383 4862 1473 4915 τὸν
1513 4863 1670 4931 λόγον
1707 4865 1810 4918 ἀνὰ
1842 4865 2026 4935 μέρος,
2047 4865 2177 4938 περὶ
2200 4863 2430 4916 ἐκάστου
2461 4861 2571 4915 τῶν
2600 4859 2891 4931 περιοίκων
2913 4860 3080 4930 λέγει·

532 4953 699 5009 Vens.
735 4953 856 5007 3—5.
879 4981 950 4992 —
976 4971 995 5003 ι
1023 4952 1276 5022 Dixitque
1306 4953 1567 5009 Dominus
1596 4971 1610 5007 :
1645 4954 1819 5026 Super
1859 4958 2034 5012 tribus

463 5044 764 5098 sceleribus
791 5040 1044 5096 Damasci
1075 5050 1128 5097 et
1159 5057 1323 5112 super
1348 5055 1582 5112 quatuor
1606 5062 1714 5099 non
1744 5048 2036 5102 aversabor

461 5148 612 5197 eam,
665 5133 793 5202 quia
836 5132 1005 5188 serris
1046 5131 1235 5187 ferreis
1280 5142 1620 5202 praegnantes
1667 5133 2035 5191 Galaaditidas

463 5219 862 5276 dissecuerunt.
904 5219 1085 5291 Ignem
1133 5222 1418 5276 immittam
1449 5223 1558 5292 97
1589 5223 1642 5277 in
1688 5224 1900 5280 Azaelis
1937 5226 2038 5280 do-

465 5325 649 5374 mum,
689 5312 782 5381 qui
825 5311 1176 5366 l‘undamenta
1230 5313 1324 5366 ﬁlii
1369 5313 1532 5368 Aderi
1580 5323 1884 5372 consumet.
1934 5315 2036 5369 Da-

467 5399 634 5451 masci
662 5409 840 5457 vectes
868 5401 1208 5469 confringam
1230 5442 1244 5466 ,
1281 5403 1590 5473 disperdam
1627 5406 1834 5462 incolas
1882 5405 2032 5477 agri,

466 5503 698 5558 quorum
732 5492 892 5545 etiam
927 5495 1128 5548 tribum
1174 5494 1450 5549 succidam
1485 5495 1552 5550 de
1589 5496 1718 5551 viris
1747 5495 1990 5551 Cbarran
2022 5516 2034 5550 :

2211 4953 2358 5022 Στίχ.
2391 4951 2528 5021 γ’-ε’.
2559 4981 2630 4993 -
2654 4971 2672 5004 σ
2701 4953 2814 5004 Καὶ
2835 4947 2986 5004 εἶπεν
3009 4951 3212 5023 Κύριος
3230 4968 3244 4982 '
3277 4953 3400 5006 Ἐπὶ
3422 4955 3544 5013 ταῖς
3569 4951 3725 5026 τρισὶ

2141 5045 2415 5107 ἀσεϐείαις
2445 5043 2730 5113 Δαμασκοῦ
2759 5042 2854 5096 καὶ
2875 5043 2970 5095 ἐπὶ
2999 5044 3121 5106 ταῖς
3151 5044 3444 5114 τέσσαρσιν
3482 5044 3596 5114 (24)
3617 5046 3727 5098 οὐκ

2141 5135 2635 5205 ἀποστραφήσομαι
2683 5133 2873 5202 αὐτὴν,
2933 5132 3051 5187 ἀνθ’
3091 5127 3164 5187 ὧν
3187 5133 3408 5204 ἐπριζον
3445 5136 3502 5188 ἐν
3531 5135 3727 5205 πρίοσι

2146 5227 2388 5296 σιδηροῖς
2409 5224 2508 5286 τὰς
2534 5225 2591 5276 ἐν
2620 5225 2816 5295 γαστρὶ
2846 5223 3072 5294 ἐχούσας
3097 5224 3206 5278 τῶν
3222 5225 3590 5286 Γαλααδιτῶν,
3610 5226 3727 5278 Καὶ

2142 5315 2424 5370 ἀποστελῶ
2466 5313 2579 5386 πῦρ
2608 5317 2688 5377 εις
2715 5315 2807 5367 τὸν
2839 5309 2987 5370 οἷκον
3036 5312 3254 5386 Ἀξαὴλ,
3287 5316 3378 5370 καὶ
3408 5316 3728 5382 καταφάγε-

2141 5425 2230 5460 ται
2258 5405 2480 5477 θεμέλια
2528 5405 2646 5458 υἱοῦ
2689 5406 2841 5475 ’Δδέρ
2867 5423 2880 5436 ·
2922 5407 3015 5460 καὶ
3042 5406 3316 5478 συντρίψω
3351 5406 3579 5477 μοχλοὺς
3603 5407 3721 5456 Δα-

2149 5499 2361 5572 μασκοῦ
2393 5515 2405 5528 '
2439 5501 2536 5552 καὶ
2583 5499 2948 5570 ἐξολοθρεύσω
2997 5497 3384 5563 κατοικοῦντας
3415 5501 3479 5553 ἐκ
3533 5495 3725 5551 πεδίου

539 5617 652 5705 [24)
680 5620 954 5705 Obscurus
980 5623 1277 5705 videbatur
1304 5623 1628 5705 Hieronymo
1649 5626 1747 5705 hic
1782 5629 2052 5696 prOphetae
2086 5630 2238 5688 locus
2270 5633 2429 5701 epist.
2494 5632 2595 5699 55,
2652 5630 2705 5686 8.
2756 5629 2860 5688 Sed
2893 5646 2960 5688 en
2987 5630 3400 5705 Mopsuestenus
3434 5645 3582 5687 more
3612 5644 3727 5685 suo

465 5703 752 5757 pCl':|llClle
788 5699 945 5758 atquc
979 5691 1346 5746 indubitanter
1378 5691 1706 5764 explanabit.
