3966 6134
261 283 367 341 249

1312 299 1862 358 COMMENTARIUS
1886 300 1953 359 IN
1991 305 2199 363 AMOSI
2233 307 2386 365 CAP.
2423 310 2476 373 ,1.

3403 315 3510 372 250

260 395 358 452 Ἦν
381 417 396 430 ·
429 401 524 498 καὶ
559 403 862 498 κατακόψαι
906 406 1076 478 φυλὴν
1102 407 1162 472 ἐξ
1212 410 1422 482 ἀνδρῶν
1446 415 1669 485 Χαρράν
1692 433 1706 446 ·
1740 417 1836 469 καὶ

1949 422 2179 491 :aptivus
2222 422 2520 478 abducetur
2552 425 2782 495 populus
2817 425 2988 498 Syria:
3020 435 3394 498 nuncupatus,
3434 435 3509 485 ait

260 491 842 562 αίχμαλωτευθήσεται
901 495 1030 558 λαὸς
1087 498 1288 568 Συρίας
1330 501 1642 573 ἐπίκλητος,
1693 507 1840 575 λέγει

263 581 479 649 Κύριος.
511 600 531 632 ι
551 581 634 651 (p.
671 582 798 652 M7)
825 584 900 638 Τὸ
929 603 948 636 ι
986 586 1076 640 ἐπὶ
1097 591 1217 651 ταῖς
1243 592 1390 660 τρισὶ
1415 593 1510 644 καὶ
1529 595 1786 666 τέσσαρσι
1816 615 1834 647 ι

263 670 404 737 λέγει
427 671 552 724 ἀντὶ
579 672 702 736 τοῦ,
741 676 862 738 ταῖς
903 676 1042 745 ἄγαν
1097 678 1336 742 πολλαῖς.
1385 683 1600 753 Ἐπειδὴ
1655 685 1765 756 γὰρ
1810 688 1840 740 ὁ

265 762 399 830 μετά
424 761 520 814 τὸν
560 761 664 816 ἕνα
729 765 824 818 καὶ
876 765 970 818 δύο
995 767 1224 838 ἀριθμὸς
1273 770 1631 839 πληθυντικὺς
1663 774 1843 828 καλεῖ·

263 869 350 903 ται
365 851 498 922 (25),
529 870 547 903 ι
578 855 733 924 τρισὶ
758 874 778 907 ›
801 855 900 925 μὲν
929 856 1075 925 λέγει
1092 860 1212 922 ταῖς
1232 858 1472 924 πολλαῖς,
1495 880 1513 912 ι
1536 862 1794 934 τέσσαρσι
1816 883 1835 914 ι

262 943 317 996 δὲ
344 944 437 1014 τὴν
469 945 727 999 ἐπίτατιν
773 946 870 1001 τοῦ
899 949 1154 1019 πλήθους.
1186 950 1446 1006 Βούλεται
1467 952 1525 1005 δὲ
1549 955 1724 1007 εἰπεῖν
1759 955 1842 1007 ὅτι

488 1041 754 1106 ἀσεϐείας
772 1043 872 1113 τῆς
886 1045 1176 1115 Δαμασκοῦ
1195 1047 1464 1117 παρεῖδεν·
1486 1048 1843 1118 ἐπιμένοντας

263 1129 318 1181 δὲ
343 1129 436 1181 καὶ
457 1130 556 1183 ἐπὶ
576 1132 830 1186 πλεῖστον
858 1135 1194 1201 ἐκτείνοντας
1211 1137 1311 1208 τὴν
1339 1137 1690 1209 ἀσέϐειαν,μὴ
1707 1140 1834 1192 ἀπο-

267 1219 594 1289 στρέφεσθαι
613 1223 711 1276 καὶ
730 1225 907 1293 μισεῖν
921 1225 1102 1278 οὐκέτι
1118 1225 1362 1280 δυνατόν.
1381 1223 1514 1280 Εῐτα
1529 1227 1843 1281 καταλιπὼν

265 1311 362 1372 τὰς
379 1311 576 1374 λοιπὰς
593 1312 777 1365 αὐτῶν
799 1313 1162 1383 παρανομίας,
1175 1316 1359 1386 τὴνείς
1373 1316 1495 1378 τοὺς
1509 1315 1844 1386 Ἰσραηλίτας

269 1403 393 1469 παρ’
423 1401 612 1454 αὐτῶν
641 1403 1016 1474 γεγενημένην
1033 1403 1200 1471 λέγει’
1220 1403 1296 1466 ὡς
1308 1404 1373 1456 ἂν
1397 1404 1619 1470 δείξειεν
1640 1407 1720 1458 ὅτι
1741 1406 1842 1460 κάν

270 1491 812 1562 πολλάὴσεὸήκασιν,
836 1493 948 1546 ἀλλ’
983 1494 1122 1565 ὑπὲρ
1148 1495 1351 1548 τούτων
1387 1495 1616 1564 μάλιστα
1648 1496 1842 1559 αὐτοὺς

268 1584 668 1652 τιμωρήσεται,
724 1576 799 1636 ὧν
847 1585 1045 1654 πολλὴν
1084 1586 1350 1639 ποιεῖσθαι
1400 1587 1698 1639 ἐσπούδακε
1744 1587 1842 1657 τὴν

1941 509 2222 568 Dominus.
2258 532 2276 564 ι
2309 512 2448 568 Dicit
2507 525 2686 570 autem
2740 532 2896 584 super
2942 518 3107 572 tribus
3153 528 3202 573 et
3255 530 3506 588 quatuor,

1940 617 2131 672 nempe
2162 618 2262 671 pro
2286 642 2301 666 ,
2334 604 2534 658 Multis.
2565 605 2701 660 Nam
2734 610 2861 677 quia
2895 624 3153 665 numerus
3182 619 3304 680 post
3339 629 3505 666 unum

1939 700 1994 746 et
2017 694 2126 747 duo
2153 694 2376 764 pluralis
2402 695 2624 763 dicitur,
2649 699 2813 754 verba
2840 699 3006 754 tribus
3035 702 3231 756 multos
3256 703 3502 771 denotat,

1937 783 2104 837 verbo
2125 795 2302 840 autem
2325 795 2553 855 quatuor
2574 789 2970 844 multitudinem
2996 801 3300 862 exaggerat.
3329 792 3509 864 Signi-

1941 870 2070 925 ﬁcat
2097 882 2273 928 autem
2320 890 2378 930 se
2426 876 2593 930 multa
2637 876 2887 933 Damasci
2929 882 3132 935 scelera
3165 885 3505 953 neglexisse:

1937 967 2308 1016 verumtamen
2341 978 2465 1017 cum
2499 967 2618 1034 ejus
2645 967 2790 1021 cives
2818 967 2873 1021 in
2904 968 3176 1038 impietate
3197 981 3504 1042 perstarent

1939 1063 2170 1119 eamque
2199 1052 2576 1118 cumularent,
2603 1054 2716 1123 jam
2750 1055 2866 1111 ﬁeri
2891 1072 3000 1111 non
3033 1073 3192 1128 posse
3235 1063 3364 1130 quin
3409 1078 3506 1118 eos

1941 1155 1971 1193 a
2000 1154 2059 1196 se
2091 1142 2378 1210 repelleret
2402 1153 2563 1212 atque
2594 1143 2722 1198 odio
2753 1155 3190 1217 prosequeretur.
3233 1147 3368 1203 Exin
3400 1165 3504 1204 ca:-

1941 1232 2073 1287 teris
2101 1246 2287 1287 eorum
2318 1232 2614 1289 sceleribus
2641 1235 2862 1291 omissis
2885 1275 2902 1302 ,
2944 1236 3073 1290 illud
3113 1249 3508 1292 commemorat

1942 1322 2087 1392 quod
2119 1323 2382 1379 adversus
2408 1323 2683 1380 lsraelitas
2700 1326 3105 1381 commiserant:
3125 1342 3317 1398 nempe
3338 1336 3394 1380 ut
3409 1343 3504 1382 os-

1943 1414 2148 1481 tendat,
2169 1414 2378 1469 etiamsi
2399 1413 2584 1470 hostes
2605 1415 2771 1468 multa
2794 1416 3157 1485 peccaverint,
3207 1424 3386 1471 tamen
3409 1431 3506 1472 cos

1944 1507 2224 1576 potissime
2254 1521 2312 1561 se
2348 1505 2661 1574 punitorum
2690 1506 2872 1574 populi
2941 1506 3024 1561 sui
3055 1521 3219 1561 causa
3241 1546 3258 1570 ,
3299 1507 3364 1562 de
3394 1523 3504 1578 quo

1944 1611 2266 1667 magnopere
2309 1595 2575 1653 sollicitus
2623 1604 2761 1651 erat.
2810 1597 2976 1665 Igitur
3021 1595 3387 1652 Galaaditidas
3429 1601 3505 1653 l'c—

270 1675 618 1742 κηδεμονίαν.
658 1676 732 1727 T'o
760 1671 874 1737 οὖν,
911 1694 930 1726 ι
964 1677 1080 1729 Τῶν
1111 1678 1148 1729 Γ
1153 1678 1472 1742 αλααδιτῶν,
1499 1697 1518 1731 ι
1550 1681 1613 1731 ἐκ
1645 1678 1843 1749 μέρους

1949 1688 2122 1742 minas
2147 1687 2363 1751 dicens,
2393 1695 2598 1756 partem
2632 1702 2732 1756 pro
2758 1693 2873 1739 toto
2902 1686 3134 1756 appellat
3160 1703 3174 1751 ;
3205 1701 3330 1754 pars
3361 1689 3504 1742 enim

274 1764 516 1831 βούλεται
547 1764 659 1818 τῶν
701 1766 1046 1837 Ἰσραηλιτῶν
1077 1770 1250 1820 είπεῖν
1268 1785 1282 1799 ⁸
1310 1767 1494 1839 ἐπειδὴ
1514 1769 1606 1821 τοῦ
1630 1769 1842 1839 Ἰσραὴλ

1949 1777 2159 1832 lsraelis
2191 1777 2414 1833 Galaad.
2449 1778 2624 1832 Causa
2657 1777 2911 1847 puniendi
2945 1776 3082 1841 fuit,
3117 1777 3258 1847 quod
3299 1785 3506 1832 tantum

275 1853 431 1922 μέρος
470 1849 596 1924 ἦνὴ
647 1855 882 1909 Γαλαάδ.
920 1856 1135 1928 Ἐπειδὴ
1159 1858 1356 1923 τοίνυν,
1391 1861 1544 1929 φησὶ,
1577 1859 1840 1930 τοσαύτην

271 1943 542 2006 ἐξέτειναν
600 1945 724 1998 κατ’
767 1945 944 1999 αὐτῶν
968 1947 1066 2017 τὴν
1108 1949 1468 2018 παρανομίαν,
1497 1949 1572 2012 ὡς
1608 1949 1702 2002 καὶ
1742 1949 1842 2012 τὰς

269 2035 500 2101 ἐγκύους
527 2037 712 2090 αὐτῶν
743 2037 976 2108 σιδηροῖς
1013 2040 1194 2109 πρίοσι
1238 2040 1544 2109 διατέμνειν
1588 2041 1752 2110 (έοικε
1784 2042 1842 2095 δὲ

269 2125 424 2177 τοῦτο
449 2125 635 2194 λέγειν
674 2128 754 2190 είς
783 2127 1054 2192 ἀπόδειξιν
1092 2127 1192 2196 τῆς
1219 2127 1500 2198 ὠμότητος
1536 2129 1737 2196 αὐτῶν,
1777 2129 1843 2182 δι’

270 2217 334 2286 ἦν
352 2216 474 2269 οὐδὲ
495 2216 604 2269 τῶν
627 2217 840 2285 ἐγκύων
869 2219 1156 2286 ἐφείδοντο,
1184 2220 1300 2290 ἢτοι
1327 2219 1541 2290 πρίοσιν
1564 2221 1730 2283 ὅντως
1751 2222 1847 2274 αύ-

269 2304 366 2367 τὰς
424 2304 458 2374 ἢ
505 2302 717 2373 ξίφεσιν
774 2307 1168 2377 ἀνατέμνοντες
1214 2308 1450 2378 πολέμου
1490 2309 1640 2380 νόμῳ
1669 2326 1682 2340 ·
1708 2310 1846 2380 ὅπερ

271 2388 361 2445 οὖν
392 2389 547 2449 εἶπεν
573 2412 592 2444 ι
633 2395 690 2445 ἐν
721 2393 904 2465 πρίοσι
930 2397 1191 2466 σιδηροῖς,
1220 2415 1238 2448 ι
1261 2397 1342 2458 είς
1363 2398 1582 2466 μείζονα
1606 2397 1846 2468 ἔμφασιν

272 2484 368 2538 τοῦ
392 2485 737 2555 γινομένου),
768 2487 907 2558 ὑπὲρ
934 2489 998 2556 δὴ
1013 2488 1233 2550 τούτων,
1259 2490 1442 2559 φησὶν,
1467 2490 1646 2553 αὐτοῖς
1662 2489 1847 2555 ἐπάξω

273 2579 397 2639 τοὺς
411 2577 795 2645 ἀφανίζοντας,
821 2579 898 2650 (p.
932 2581 1052 2650 148)
1073 2579 1148 2643 ὡς
1169 2581 1262 2633 καὶ
1299 2580 1368 2633 τὰ
1397 2579 1640 2649 βασίλεια
1667 2581 1846 2634 αὐτῶν

278 2671 700 2743 καθαιρεθῆναιο
730 2673 889 2727 τοῦτο
918 2673 1026 2746 γάρ
1051 2674 1231 2742 λέγει(
1263 2675 1486 2744 θεμέλια
1504 2677 1841 2749 υίοῦἋδέροι

276 2762 455 2815 πᾶσάν
475 2779 535 2815 τε
555 2763 660 2832 τῆς
698 2764 1075 2836 μητροπόλεως
1097 2763 1276 2818 αὐτῶν
1311 2769 1409 2838 τὴν
1437 2769 1590 2837 ίσχὺν
1614 2771 1848 2840 ἀφαιρε-

277 2850 436 2920 θῆναι
451 2868 466 2882 ο
497 2853 636 2922 ὅπερ
657 2852 808 2922 δηλοῖ
827 2852 888 2905 τὸ
906 2871 925 2903 ι
945 2853 1227 2924 Συντρίψω
1245 2855 1474 2925 μοχλοὺς
1497 2858 1806 2928 Δαμασκοῦ·
1823 2877 1842 2910 ι

278 2941 368 2994 καὶ
405 2941 472 3012 δὴ
495 2944 590 2995 καὶ
622 2943 830 3005 πάντας
859 2942 987 3007 τοὺς
1025 2943 1082 3009 ἐξ
1116 2943 1294 2998 αὐτῶν
1323 2947 1558 3014 ἀφανιῶ,
1587 2948 1727 3000 ὥστε
1756 2948 1848 3001 καλ⁸

1941 1869 2201 1924 adversus
2230 1869 2476 1924 lsraelem
2506 1869 2684 1925 scelus
2717 1876 3200 1938 exprompserant,
3256 1879 3314 1922 ut
3365 1869 3511 1938 ipsas

1944 1958 2124 2028 populi
2156 1958 2316 2027 hujus
2342 1967 2678 2028 pragnantes
2710 1958 2878 2013 serris
2907 1956 3094 2013 ferreis
3124 1957 3506 2012 dissecuerint.

1943 2047 2168 2102 Videtur
2199 2057 2376 2101 autem
2407 2047 2509 2101 hoc
2535 2046 2718 2101 dicere
2759 2056 2818 2100 ut
2847 2045 3084 2101 hostium
3135 2045 3509 2100 crudelitatem

1943 2141 2306 2201 demonstret,
2338 2138 2428 2207 qui
2461 2152 2529 2192 ne
2559 2137 2797 2208 gravidis
2825 2137 3040 2206 quidem
3073 2136 3289 2192 feminis
3318 2151 3512 2206 peper-

1945 2231 2149 2286 cissent
2175 2269 2190 2294 ,
2238 2230 2354 2285 sive
2380 2244 2474 2285 eas
2502 2243 2694 2297 reapse
2736 2228 2904 2283 serris
2924 2267 2939 2291 .
2974 2227 3089 2282 sive
3117 2225 3314 2296 gladiis
3361 2241 3511 2280 more

1945 2321 2069 2377 belli
2109 2321 2491 2376 conciderint:
2548 2320 2622 2372 ita
2677 2327 2736 2372 ut
2787 2317 2991 2372 locutio
3023 2317 3182 2371 sertis
3215 2316 3400 2386 ferreis
3444 2315 3512 2370 ad

1947 2411 2359 2482 pzcgravandam
2445 2409 2704 2464 facinoris
2782 2407 3083 2476 emphasim
3170 2405 3510 2462 adhibeatur.

1946 2501 2330 2568 Quamobrem,
2368 2500 2564 2568 inquit,
2600 2498 2887 2552 immittam
2926 2497 3004 2552 eis
3029 2497 3232 2562 hostes,
3257 2512 3286 2550 a
3314 2498 3514 2568 quibus

1946 2595 2126 2648 cuncti
2185 2608 2282 2648 ceu
2345 2593 2466 2662 igne
2523 2591 2922 2655 absumentur;
2979 2596 3033 2642 et
3091 2587 3310 2658 quidem
3366 2589 3514 2659 regia

1947 2701 2162 2756 quoque
2189 2686 2430 2755 ipsarum
2466 2680 2622 2738 sedes
2653 2679 2959 2746 delebitur;
2999 2678 3100 2733 hoc
3147 2679 3291 2733 enim
3332 2678 3514 2732 innuit

1947 2779 2115 2832 dictio
2147 2774 2521 2828 Fundamenta
2550 2771 2690 2825 Ader
2714 2785 2731 2823 :
2760 2779 2921 2838 atque
2947 2783 3114 2824 omne
3153 2769 3514 2838 metropoleos

1947 2883 2135 2924 eorum
2164 2867 2333 2921 robur
2363 2863 2677 2921 subtraham
2704 2878 2720 2923 ;
2755 2861 2807 2914 id
2840 2860 2982 2931 quod
3015 2861 3283 2930 signiﬁcat
3310 2861 3476 2915 dictio
3496 2897 3513 2922 ,

1965 2975 1983 3008 ι
2008 2953 2199 3010 Vectes
2212 2955 2459 3008 Damasci
2474 2954 2837 3023 conlringam.
2852 2969 2869 3001 ›
2888 2948 2963 3004 Ita
2978 2947 3196 3003 demum
3215 2962 3310 3002 eos
3323 2963 3516 3004 omnes

276 3033 396 3095 τοὺς
424 3035 490 3084 ἐκ
518 3033 619 3103 τῆς
641 3034 866 3104 Χαρρὰν
919 3035 1311 3104 παροικοῦντας
1349 3038 1529 3100 αὐτοῖς
1565 3039 1842 3108 ἀφανίσαι,

1951 3046 2193 3100 funditus
2240 3046 2558 3105 destruam,
2593 3052 2649 3095 ut
2697 3040 2955 3095 ﬁnitimos
3002 3054 3218 3110 quoque
3267 3038 3512 3092 Charran

278 3123 480 3193 πολλὴν
511 3124 695 3186 αὐτοῖς
725 3128 790 3176 ἐκ
814 3125 913 3194 τῆς
941 3124 1144 3189 οἰκείας
1164 3125 1443 3198 δυνάμεως
1473 3130 1845 3200 ὑποπτευομέ-

277 3231 372 3288 νης
410 3215 674 3284 παρέχειν
697 3214 978 3285 βοήθειαν*
1011 3216 1104 3268 καὶ
1139 3218 1417 3288 συντόμως
1441 3220 1635 3283 εἰπεῖν,
1669 3220 1843 3273 ἀπαν-

278 3321 375 3366 τας
391 3305 528 3368 ,τοὺς
558 3307 658 3374 τῆς
717 3304 992 3374 βασιλείας
1036 3307 1268 3377 ἐκείνης,
1297 3303 1377 3370 οἷς
1420 3309 1646 3380 ἐπίκλην
1679 3311 1845 3381 δνομα

281 3397 470 3468 Συρία,
503 3398 853 3469 αἰχμαλωσίᾳ
878 3398 1130 3451 παντελεῖ
1160 3400 1488 3470 παραδώσω.

347 3575 496 3645 Στὶχ.
528 3575 683 3646 ς’-η’.
711 3603 782 3615 -
802 3593 823 3628 ι
857 3575 997 3629 Τάδε
1025 3575 1170 3644 λέγει
1200 3575 1416 3643 Κύριος·
1451 3576 1573 3629 Ἐπὶ
1595 3581 1716 3638 ταῖς
1734 3594 1848 3647 τρι-

283 3668 364 3720 σὶν
383 3668 661 3730 ἀσεϐείαις
686 3667 865 3738 Γάζης
885 3667 982 3720 xui.
1013 3667 1104 3720 ἐπὶ
1130 3671 1251 3730 ταῖς
1277 3669 1567 3738 τέσσαρσιν
1591 3670 1690 3722 οὑκ
1717 3672 1851 3722 ἀπο-

283 3763 664 3830 στραφήσομαι
677 3759 894 3823 αὐτοὺς,
908 3757 1089 3810 ἕνεκεν
1105 3759 1198 3810 τοῦ
1211 3760 1298 3826 αίχ
1306 3757 1643 3826 μαλωτεῦσαι
1656 3760 1849 3822 αὐτοὺς

282 3847 658 3917 αἰχμαλωσίαν
687 3847 956 3916 Σολομὼν,
981 3848 1074 3900 τοῦ
1111 3847 1418 3914 συγκλεῖσαι
1452 3849 1530 3911 είς
1560 3848 1658 3918 τὴν
1697 3849 1854 3900 Ἰδου-

285 3940 470 4008 μαίαν.
487 3939 588 3992 »Τὸ
601 3941 732 3994 αὐτὸ
750 3939 899 4008 λέγει
927 3938 1222 4001 κάνταῦθα,
1253 3939 1334 3992 ὅτι
1369 3939 1576 4002 Πολλὰς
1604 3939 1853 4002 ἀσεϐείας

282 4029 676 4099 ἐργασαμένων
703 4027 796 4080 καὶ
820 4027 1186 4097 ἐπιμενόντων
1204 4029 1270 4097 τῇ
1287 4026 1556 4098 μοχθηρίᾳ
1585 4028 1686 4097 τῆς
1715 4027 1857 4095 γνὼ-

287 4137 416 4190 μης,
447 4119 546 4171 οὐκ
567 4117 826 4187 ἀνέξομαι
852 4116 934 4168 ἐτι
955 4130 971 4145 ⁸
996 4115 1226 4186 μάλιστα
1246 4115 1302 4168 δὲ
1332 4116 1528 4178 αὐτοὺς
1557 4117 1857 4186 τιμωρήσο-

288 4227 406 4279 μαι,
433 4209 578 4278 ὑπὲρ
614 4201 689 4261 ὧν
715 4206 811 4260 τοῦ
843 4206 1179 4277 Σολομῶντος
1205 4204 1579 4276 αίχμαλὼτους
1600 4206 1856 4271 λαϐόντος

283 4302 408 4365 τοὺς
422 4302 524 4371 τῆς
550 4300 874 4370 Ἰδουμαίας,
894 4300 991 4353 καὶ
1015 4300 1119 4352 ὑπὸ
1143 4299 1240 4370 τὴν
1261 4299 1369 4353 τῶν
1384 4299 1729 4370 Ἰσραηλιτῶν
1762 4317 1857 4352 πε-

1946 3135 2150 3190 incolas
2180 3133 2341 3188 simul
2369 3132 2574 3186 deleam
2605 3173 2619 3196 ,
2655 3144 2888 3198 quorum
2917 3129 3123 3182 scilicet
3148 3129 3288 3182 vires
3322 3125 3514 3178 Dama-

1945 3241 2038 3281 sco
2091 3224 2414 3279 videbantur
2471 3219 2708 3274 validum
2760 3217 3071 3287 praesidium
3117 3217 3391 3271 exhibere.
3447 3214 3516 3268 Ut

1945 3319 2181 3373 breviter
2225 3317 2434 3380 dicam,
2486 3324 2711 3370 cunctos
2759 3310 2910 3381 regni
2963 3311 3083 3379 ejus
3126 3310 3368 3369 incolas,
3418 3306 3513 3374 qui

1949 3407 2120 3476 Syriae
2170 3405 2437 3460 vocabulo
2483 3403 2878 3472 indigitantur,
2911 3397 3130 3453 servitio
3175 3395 3505 3451 addicendos

1948 3499 2173 3551 curabo.

2016 3587 2130 3656 98
2158 3585 2319 3640 Vens.
2355 3585 2597 3638 6-8.—-r
2625 3585 2746 3639 Haec
2775 3583 2848 3638 ait
2877 3580 3137 3638 Dominus
3167 3596 3178 3629 :
3217 3574 3394 3643 Super
3423 3572 3519 3625 tri-

1949 3678 2051 3731 bus
2080 3677 2236 3729 Gaza:
2266 3675 2564 3730 sceleribus
2593 3683 2646 3728 et
2680 3688 2841 3742 super
2865 3677 3118 3740 quatuor,
3159 3681 3266 3720 non
3300 3678 3521 3717 aversa-

1949 3769 2051 3822 hor
2077 3781 2205 3831 eos,
2234 3773 2517 3834 propterea
2549 3763 2694 3833 quod
2741 3763 2842 3831 ipsi
2875 3757 3304 3829 mancipaverint
3346 3753 3520 3822 capti-

1952 3859 2170 3913 vitatem
2207 3855 2552 3917 Salomonis,
2600 3863 2659 3908 ut
2701 3868 2819 3908 eam
2867 3851 3261 3907 concluderent
3302 3847 3356 3900 in
3405 3845 3522 3898 ldu-

1954 3947 2186 4002 mazam?
2217 3966 2234 3998 ι
2260 3946 2317 4000 Id
2347 3945 2523 4015 ipsum
2558 3944 2646 3998 hic
2686 3958 2904 4012 quoque
2933 3941 3108 4007 dicit;
3157 3953 3350 4008 nempe
3378 3934 3520 4004 quod

1955 4040 2077 4094 illos
2107 4037 2406 4093 sceleribus
2432 4033 2777 4090 cumulandis
2803 4032 3016 4087 deditos
3036 4070 3050 4096 ,
3080 4038 3241 4098 atque
3271 4029 3324 4082 in
3355 4025 3518 4080 animi

1953 4131 2214 4202 pravitate
2257 4127 2613 4191 obﬁrmatos,
2637 4125 2748 4193 jam
2803 4122 3008 4176 diutius
3058 4134 3165 4172 non
3203 4117 3368 4179 feret,
3415 4115 3522 4169 imo

1957 4221 2301 4291 potissimum
2340 4219 2559 4288 puniet,
2596 4216 2722 4286 quia
2755 4228 2878 4268 cum
2911 4213 3167 4266 Salomon
3202 4209 3258 4262 in
3294 4205 3523 4276 captivi--

1959 4322 2120 4366 talem
2167 4310 2434 4364 Idumaeos
2483 4308 2813 4376 redegisset,
2848 4313 3011 4374 atque
3062 4299 3283 4355 lsraelis
3330 4294 3520 4351 ditioni

284 4389 578 4461 ποιηκάτος
592 4388 864 4454 ἐξουσίαν,
876 4388 952 4451 ὡς
971 4390 1066 4442 καὶ
1079 4388 1325 4442 πλεῖστον
1345 4389 1539 4450 αὐτοὺς
1555 4390 1646 4441 ἐπὶ
1669 4389 1847 4442 τούτου

1963 4404 2284 4474 adjecissct,
2343 4401 2416 4453 ita
2463 4405 2523 4451 ut
2565 4397 2786 4451 Idumaei
2836 4395 2928 4450 diu
2969 4394 3023 4446 in
3063 4393 3164 4444 hac
3211 4387 3523 4442 conditione

282 4480 557 4552 διαμεῖναι
583 4478 676 4532 τοῦ
693 4481 984 4550 σχήματος,
1000 4479 1383 4548 ἐπεληλυθότες
1399 4471 1542 4532 οὗτοι
1559 4480 1778 4548 ἀφεῖλόν
1794 4496 1855 4533 τε

283 4573 380 4645 τήν
399 4572 778 4644 αίχμαλωσίαν
810 4571 1022 4642 ἐκείνην
1039 4571 1274 4641 πολέμου
1287 4570 1453 4640 νόμῳ,
1475 4570 1569 4622 καὶ
1596 4571 1858 4639 συνηνάγ-

285 4676 461 4714 κασαν
479 4661 577 4712 ἐπὶ
589 4659 690 4728 τὴν
704 4658 1003 4730 Ἰδουμαίαν
1025 4658 1273 4712 ἀπελθεῖν
1297 4658 1593 4712 πάλιν.Καὶ
1605 4660 1711 4729 γὰρ
1732 4663 1858 4712 κάν-

283 4751 462 4805 ταῦθα
486 4749 865 4820 πλημμέλειαν
887 4749 1064 4802 αὐτῶν
1091 4749 1237 4818 λέγει
1262 4749 1329 4820 ἠν
1355 4750 1480 4816 περὶ
1507 4753 1630 4812 τοὺς
1646 4753 1853 4821 Ἰσραη-

285 4840 434 4904 λίτας
467 4841 546 4910 (p.
573 4840 695 4906 M9)
721 4840 1137 4911 είργάσαντο.Τί
1164 4835 1292 4905 οῦν;
1320 4858 1338 4890 ι
1369 4841 1479 4893 Καὶ
1509 4839 1852 4904 ἐξαποστελῶ

287 4933 396 5003 πῦρ
421 4934 518 4985 ἐπὶ
531 4933 600 4986 τὰ
626 4933 778 5002 τείχη
799 4931 999 5000 Γάζης,
1021 4932 1113 4984 καὶ
1141 4931 1511 4999 καταφάγεται
1539 4931 1605 4982 τὰ
1634 4931 1854 4999 θεμέλια

287 5027 477 5095 αὐτῆς,
523 5026 617 5078 καὶ
664 5023 1031 5095 ἐξολοθρεύσω
1075 5023 1462 5085 κατοικοῦντας
1500 5021 1560 5086 ἐξ
1600 5021 1850 5085 Ἀζώτου,

289 5119 378 5169 καὶ
440 5117 806 5186 ἐξαρθήσεται
867 5115 1006 5185 φυλὴ
1038 5116 1096 5181 ἐξ
1145 5115 1503 5180 Ἀσκάλωνος,
1551 5116 1646 5166 καὶ
1675 5113 1857 5176 ἐπάξω

286 5208 378 5275 τὴν
433 5209 590 5278 χεῖρά
643 5225 748 5278 μου
808 5207 904 5258 ἐπὶ
946 5207 1246 5275 Ἀκκαρῶν,
1300 5208 1392 5258 καὶ
1435 5205 1756 5259 ἀπολοῦνται
1801 5206 1848 5256 οἱ

286 5298 595 5351 κατάλοιποι
608 5298 720 5350 τῶν
743 5296 1078 5364 ἀλλοφύλων,
1093 5297 1238 5364 λέγει
1265 5297 1486 5365 Κύριος.
1519 5315 1537 5347 ι
1555 5296 1662 5366 Τὴν
1683 5297 1850 5364 αὐτὴν

287 5385 464 5450 ἐπάξω
480 5389 571 5440 καὶ
591 5386 809 5450 τούτοις
837 5387 1123 5456 τιμωρίαν,
1143 5387 1295 5454 φησί.
1314 5387 1431 5456 Πῦρ
1453 5387 1559 5457 γὰρ
1577 5387 1852 5440 κάνταῦθα

291 5475 369 5528 τὸν
389 5478 620 5550 πόλεμον
637 5477 794 5546 λέγει
823 5475 900 5538 ὼς
916 5475 982 5529 ἂν
1010 5475 1180 5538 οὕτως
1207 5477 1400 5539 αὐτοὺς
1426 5478 1811 5546 ἐπινεμόμενον
1835 5493 1848 5506 ⁸

1961 4492 2396 4565 permanserint,
2435 4489 2508 4540 illi
2544 4487 3019 4556 supervenientes,
3055 4481 3422 4550 captivitatem
3459 4476 3519 4527 il-

1963 4589 2066 4639 lam
2093 4585 2213 4653 jure
2244 4581 2364 4635 belli
2396 4578 2775 4640 dissolverint,
2807 4576 3016 4640 hosque
3051 4572 3244 4623 iterum
3297 4567 3350 4619 in
3398 4565 3520 4617 ldu-

1964 4690 2153 4731 nimam
2211 4671 2464 4727 secedere
2524 4667 2812 4734 jusserint.
2861 4662 3129 4715 Nimirum
3181 4658 3306 4710 hinc
3355 4655 3518 4706 etiam

1949 4765 2207 4835 propheta
2239 4761 2417 4830 arguit
2447 4757 2683 4811 hostium
2714 4754 2892 4808 scelus
2936 4751 3192 4803 adversus
3224 4743 3516 4835 lsraelitas.

1950 4833 2087 4920 Quid
2121 4850 2288 4922 ergo?
2317 4868 2334 4898 ι
2367 4847 2654 4901 lmmittam
2690 4845 2743 4897 in
2777 4841 2978 4894 muenia
3013 4836 3170 4890 Gazae
3214 4833 3516 4892 ﬂammam,

1951 4959 2070 5013 qua:
2098 4943 2242 4994 illam
2275 4953 2304 4991 a
2347 4934 2717 4990 fundamentis
2747 4937 3031 4984 consumet
3059 4947 3070 4980 :
3126 4926 3318 4979 delebo
3361 4923 3512 4973 Azati

1953 5035 2144 5088 cives:
2210 5028 2493 5082 Ascalonis
2548 5025 2806 5094 populum
2870 5022 3194 5075 destruam:
3251 5013 3512 5068 Accaroni

1956 5139 2149 5176 manus
2185 5120 2412 5172 inferam
2445 5140 2456 5174 :
2490 5116 2735 5183 reliquias
2761 5112 3185 5177 alienigenarum
3221 5106 3474 5174 peribunt
3496 5142 3511 5163 .

1954 5212 2084 5264 dicit
2117 5209 2396 5260 Dominus.
2433 5223 2451 5256 ι
2487 5205 2715 5256 Easdem
2765 5202 2848 5254 his
2896 5213 3110 5266 quoque
3158 5209 3378 5262 pcenas,
3431 5193 3513 5245 in-

1955 5303 2103 5370 quit,
2138 5299 2428 5365 imponam.
2461 5294 2596 5346 Nam
2636 5301 2686 5344 et
2718 5292 2819 5343 hoc
2850 5290 2967 5341 loco
3004 5289 3177 5355 ignem
3231 5301 3326 5354 pro
3377 5285 3511 5338 bello

1955 5391 2115 5450 dicit,
2174 5386 2315 5455 quod
2367 5385 2576 5437 scilicet
2633 5382 2817 5433 hostes
2858 5393 2954 5430 ceu
3004 5377 3218 5430 ﬂamma
3267 5375 3510 5438 vorabit,

1955 5479 2112 5531 Gazae
2161 5475 2428 5529 iuuenibus
2472 5472 2694 5525 exitium
2741 5467 2974 5530 inferet,
3025 5476 3388 5535 cunctamque
3422 5481 3508 5519 ur-

346 5655 445 5728 ('25)
474 5656 857 5714 Notissimum
906 5660 988 5707 est
1024 5653 1240 5708 Graecos
1287 5660 1481 5722 praeter
1525 5651 1853 5722 singularem
1885 5667 1946 5706 ac
1978 5650 2332 5721 plurativum,
2363 5647 2505 5702 duali
2531 5659 2744 5717 quoque
2776 5653 2850 5698 ιιῑι
2883 5657 3126 5700 numero.
