3966 6134
435 250 535 306 εει

1595 254 1937 312 THEODORI
1974 256 2451 313 MOPSUESTENI

3563 251 3671 308 εει

438 367 558 422 bem
591 381 621 420 a
657 367 1024 424 fundamentis
1057 369 1318 434 subruet,
1367 369 1593 440 ejusque
1636 372 1844 428 incolas
1881 387 2005 442 per-

2114 371 2163 434 5ς
2194 370 2431 441 περιελεί
2487 371 2585 440 μὲν
2635 370 2734 439 τῆς
2779 369 2958 440 Γάζης
2978 369 3047 423 τά
3072 369 3245 440 τείχη,
3273 372 3338 424 ἐκ
3365 367 3576 439 βάθρων
3613 367 3671 420 δὲ

436 459 556 524 det,
588 473 712 512 cum
755 459 912 513 Azoti
946 459 1336 529 Ascalonisque
1387 461 1617 516 civibus.
1665 461 1850 532 Neque
1899 463 2002 532 ipsi

437 547 705 601 Accaroni
727 589 742 613 ,
772 548 987 617 inquit,
1018 562 1258 618 parcam.
1288 548 1580 605 Memorata
1605 552 1813 606 scilicet
1836 551 2001 615 Gaza,

437 649 558 704 qua:
587 637 947 706 satrapiarum
975 645 1285 693 exterarum
1313 639 1568 710 princeps
1597 648 1735 704 erat,
1769 655 1999 710 genera-

439 726 562 780 liter
588 728 832 796 praedicit
851 737 1168 785 eventuram
1195 731 1413 786 cunctis
1439 732 1757 802 alienigenis
1771 733 1998 788 cladem.

438 815 799 882 Quamobrem
829 819 1012 875 subdit
1037 837 1051 875 :
1084 838 1104 872 ι
1133 820 1569 890 Alienigenarum
1593 823 1834 893 reliquiae
1865 824 2006 892 peri-

440 907 596 973 bunt,
621 909 697 961 ait
743 906 1008 966 Dominus
1046 929 1060 966 :
1098 929 1118 963 ι
1145 927 1255 981 quo
1287 911 1432 966 dicto
1469 911 1708 968 breviter
1736 914 2006 983 signiﬁcat

443 995 557 1050 fore
587 1003 645 1049 ut
666 1010 856 1054 omnes
878 999 1049 1054 exteri
1077 1009 1336 1070 pereant;
1361 1000 1522 1056 sicuti
1551 1000 1604 1054 in
1633 1002 2007 1071 superioribus

442 1085 700 1154 populum
733 1087 1046 1143 universum
1067 1127 1083 1153 ,
1114 1090 1286 1160 Syria:
1330 1091 1550 1145 nomine
1597 1099 2004 1163 nuncupatum,

443 1175 499 1230 in
529 1179 846 1234 servitutem
879 1180 1157 1235 redactum
1189 1181 1255 1236 iri
1283 1181 1558 1251 praedixit,
1588 1191 1696 1238 etc.

515 1439 677 1496 Vens.
713 1441 766 1506 9,
797 1442 885 1497 10.
912 1475 977 1485 -
1001 1461 1020 1496 ι
1045 1443 1168 1501 Haec
1196 1447 1271 1502 ait
1298 1445 1599 1504 Dominus:
1632 1449 1806 1519 Super
1835 1452 2008 1507 tribus

444 1529 572 1602 Tyri
622 1534 919 1590 sceleribus
968 1544 1022 1591 et
1069 1552 1234 1606 super
1280 1546 1532 1609 quatuor,
1565 1557 1673 1595 non
1718 1545 2010 1599 aversabor

445 1636 598 1689 eam,
660 1633 943 1694 propterea
1003 1629 1147 1698 quod
1205 1631 1591 1687 concluscrunt
1642 1635 2006 1703 captivitatem

449 1707 755 1768 Salomonis
789 1714 842 1769 in
869 1712 1158 1770 Iduntmam
1180 1759 1195 1782 ,
1225 1727 1278 1771 et
1304 1718 1415 1788 99
1444 1735 1552 1774 non
1583 1732 1709 1776 sunt
1739 1724 2009 1778 recordati
2041 1708 2082 1761 Β

442 1797 667 1856 hederis
711 1801 966 1859 fratrum.
1020 1806 1086 1858 Et
1126 1807 1413 1862 immittam
1466 1810 1645 1882 ignem
1699 1813 1754 1867 in
1808 1815 2008 1869 masnia

443 1887 611 1960 Tyri,
660 1900 715 1946 et
759 1893 1040 1948 devorabit
1095 1897 1446 1954 fundamenta
1490 1901 1629 1971 ejus.
1665 1921 1684 1955 ›
1711 1903 1844 1958 Cum
1895 1909 2008 1962 hate

442 1977 572 2044 diu,
619 1981 833 2051 inquit,
881 1985 1149 2052 patienter
1195 1988 1447 2055 tulerim,
1475 1990 1589 2060 jam
1636 1992 1840 2048 diutius
1886 2010 2010 2064 pro-

443 2069 731 2137 longantes
762 2073 1096 2148 impietatem
1133 2090 1288 2131 suam
1321 2093 1427 2134 non
1461 2079 1671 2148 feram;
1707 2087 2005 2153 praesertim

443 2159 570 2229 quia
595 2159 904 2219 Salomonis
925 2166 1171 2234 captivos
1197 2169 1251 2222 in
1280 2165 1569 2225 ldumaeam
1604 2174 2009 2232 transferendos

443 2261 703 2306 curarunt
725 2291 740 2314 ,
774 2268 1060 2310 commune
1090 2256 1192 2312 hoc
1223 2261 1402 2316 scelus
1430 2262 1689 2320 habentes
1719 2281 1842 2320 cum
1879 2267 2008 2322 alie-

445 2341 678 2412 nigenis.
707 2343 869 2413 Atqui
896 2347 1124 2416 captivis
1174 2348 1287 2405 haec
1330 2352 1552 2409 minime
1595 2353 1772 2411 facere
1810 2355 2010 2412 debue-

444 2441 610 2495 runt,
642 2431 861 2490 fmderis
893 2452 1196 2506 memores,
1225 2441 1368 2509 quod
1420 2442 1676 2500 Salomon
1708 2455 1762 2512 et
1792 2447 2006 2502 illorum

444 2534 540 2574 rex
572 2522 936 2579 amicabiliter
960 2525 1102 2581 inter
1130 2543 1189 2584 se
1211 2539 1596 2586 contraxerant
1621 2551 1636 2601 ;
1670 2535 1828 2604 cujus
1856 2551 2010 2604 pror-

444 2626 540 2667 sus
594 2615 972 2680 immemores,
1023 2633 1168 2674 nunc
1216 2621 1291 2674 ita
1343 2637 1402 2678 se
1431 2633 1759 2694 gesserunt:
1793 2636 2012 2696 propter

444 2700 588 2770 quod
634 2720 720 2760 me
751 2708 965 2762 volente
998 2709 1172 2766 hostis
1205 2711 1535 2783 adveniens,
1568 2718 1768 2772 mmnia
1822 2734 2009 2773 eorum

445 2792 754 2858 subvertet,
791 2805 1073 2869 totamque
1103 2801 1291 2855 urbem
1321 2803 1586 2860 destruet.

2104 459 2318 514 ἀπασαν
2340 458 2641 512 ἀνασπάσει
2668 458 2768 530 τὴν
2804 458 2977 523 πόλιν,
3009 459 3230 527 ἀφανιεῖ
3251 474 3310 509 τε
3339 459 3463 518 τοὺς
3491 472 3674 508 κατοι-

2104 551 2333 613 κοῦντας
2377 548 2544 620 αὐτὴν
2599 550 2734 619 μετά
2779 547 2888 602 τῶν
2922 549 3019 616 τήν
3060 565 3120 601 τε
3151 547 3390 610 Ἄζωτον
3436 547 3526 598 καὶ⁵
3575 544 3675 615 τὴν

2118 640 2428 694 Ἀσκάλωνα
2457 640 2744 693 οἰκούντων
2765 655 2778 669 ·
2809 641 2910 693 οὐκ
2957 639 3227 709 ἀφέξομαι
3259 639 3316 692 δὲ
3342 638 3459 691 οὐδὲ
3483 636 3590 690 τῶν
3617 639 3678 690 ὲν

2119 730 2431 800 Ἀκκάροις·
2482 728 2878 800 μνημονεύεται
2912 729 3020 800 γὰρ
3052 731 3152 800 τῆς
3195 727 3372 799 Γάζης
3402 727 3477 791 ὡς
3513 725 3677 797 ἐξαρ-

2105 819 2305 891 χούσης
2351 819 2459 873 τῶν
2503 821 2562 873 ἐν
2597 823 2708 883 τοῖς
2763 819 3080 888 ἀλλοφύλοις
3114 818 3495 890 σατραπειῶνο
3535 817 3680 872 κατά

2106 912 2286 965 κοινοῦ
2318 911 2464 980 λέγει
2496 910 2593 982 τὴν
2621 910 2892 981 τιμωρίαν
2918 911 3120 964 ἀπασιν
3147 909 3535 964 ἐπελεύσεσθαι
3563 911 3681 972 τοῖς

2107 1001 2420 1071 ἀλλοφύλοις
2439 1017 2451 1031 ·
2486 1001 2608 1056 ὅθεν
2637 1001 2836 1070 ἐπάγει
2855 1019 2868 1033 ·
2899 1019 2918 1053 ι
2951 1002 3058 1056 Καὶ
3095 1001 3421 1056 ἀπολοῦνται
3437 1003 3484 1054 οἰ
3509 1000 3682 1054 κατά-

2106 1091 2280 1145 λοιποι
2315 1092 2422 1146 τῶν
2446 1091 2774 1160 ἀλλοφύλων,
2806 1092 2952 1162 λέγει
2986 1093 3189 1163 Κύριος
3213 1108 3228 1126 ο
3264 1111 3283 1143 ι
3314 1092 3402 1144 ἴνα
3424 1091 3576 1163 εἴπῃ,
3595 1092 3685 1146 ὅτι

2109 1181 2391 1251 Συντόμως
2411 1181 2657 1246 ἅπαντας
2715 1183 2933 1250 ἀφανιῶ
2960 1183 3086 1245 τοὺς
3108 1181 3457 1250 ἀλλοφύλους,
3490 1180 3684 1252 ὥσπερ

2109 1273 2166 1324 ἐν
2220 1274 2333 1335 τοῖς
2385 1273 2674 1344 ἀνωτέροις
2723 1273 3333 1344 αἰχμαλωτευθήσεσθαι
3369 1272 3471 1343 ἔφη
3502 1273 3686 1330 πάντα

2107 1364 2199 1417 τδν
2232 1364 2358 1417 λαὸν
2386 1364 2476 1417 τὸν
2501 1363 2791 1434 ἐπίκλητον
2818 1363 3034 1436 Συρίας.

2177 1453 2324 1525 Στίχ.
2361 1453 2486 1520 θ’,ι’.
2509 1473 2604 1506 -ι
2638 1455 2774 1508 Τάδε
2802 1455 2948 1524 λέγει
2979 1454 3195 1525 Κύριος
3215 1456 3336 1509 Ἐπὶ
3369 1457 3487 1518 ταῖς
3503 1455 3686 1525 τρισὶν

2109 1545 2380 1609 ἀσεϐείαις
2409 1546 2584 1616 Τύρου
2613 1547 2709 1600 καὶ
2733 1547 2826 1601 ἐπὶ
2841 1550 2958 1610 ταῖς
2969 1548 3259 1619 τέσσαρσιν
3279 1548 3380 1600 οὐκ
3407 1548 3691 1617 ἀποστρα-

2111 1636 2352 1705 φήσομαι
2395 1636 2584 1706 αὐτὴν,
2623 1636 2737 1688 ἀνθ’
2792 1628 2866 1689 ὧν
2918 1635 3264 1688 συνέκλεισαν
3304 1633 3691 1704 αἰχμαλωσίαν

2111 1725 2203 1779 τοῦ
2255 1725 2505 1796 Σολομὼν
2561 1728 2640 1790 εἰς
2669 1727 2768 1796 τὴν
2812 1727 3132 1797 Ἰδουμαίαν,
3155 1727 3248 1780 καὶ
3279 1726 3380 1779 οὐκ
3407 1726 3691 1797 ἐμνήσθη-

2113 1834 2212 1869 σαν
2230 1817 2782 1888 διαθήκηςάδελφῶν.
2815 1817 2918 1870 Καὶ
2959 1817 3302 1881 ἐξαποστελῶ
3347 1817 3457 1887 πῦρ
3491 1817 3585 1869 ἐπὶ
3616 1815 3693 1869 τὰ

2110 1905 2262 1976 τείχη
2315 1905 2514 1977 Τύρου,
2548 1907 2642 1960 καὶ
2673 1906 3049 1976 καταφάγεται
3077 1907 3146 1961 τὰ
3173 1906 3399 1977 θεμέλια
3429 1907 3622 1976 αὐτῆς.
3662 1925 3686 1958 ι

2110 1997 2220 2049 Καὶ
2239 1997 2347 2068 γὰρ
2396 1999 2491 2050 καλ⁵
2521 1998 2725 2052 τούτων
2759 1999 2852 2052 ἐπὶ
2892 1999 3047 2066 πολὺ,
3094 2001 3276 2070 φησὶν,
3299 2000 3690 2070 ἀνασχόμενος,

2111 2086 2186 2156 (p.
2225 2087 2351 2157 150)
2376 2088 2470 2140 ἐπὶ
2498 2087 2748 2142 πλεῖστον
2774 2090 3122 2144 ἐπιτεινόντων
3151 2090 3250 2161 τὴν
3296 2089 3552 2143 ἀσέϐειαν
3583 2091 3694 2142 οὐκ

2115 2179 2370 2249 ἀνέξομαι
2419 2179 2519 2250 τὴν
2569 2180 2794 2244 οἰκείαν,
2848 2181 2940 2235 καὶ
2983 2181 3218 2252 μάλιστά
3251 2199 3314 2250 γε
3355 2180 3570 2234 πάντων
3602 2180 3694 2232 ὅτι

2113 2271 2210 2342 τὴν
2240 2271 2334 2324 τοῦ
2368 2271 2709 2342 Σολομῶντος
2728 2273 3103 2344 αἰχμαλωσίαν
3131 2275 3210 2336 εἰς
3247 2273 3344 2344 τὴν
3385 2271 3694 2341 Ἰδουμαίαν

2115 2362 2550 2433 παρεσκεύασαν,
2586 2365 3038 2434 κεκοινωνηκότες
3065 2363 3166 2434 τῆς
3187 2363 3529 2434 παρανομίας
3550 2361 3692 2415 ταύο

2113 2469 2212 2522 της
2235 2456 2349 2517 τοῖς
2363 2454 2682 2524 ἀλλοφύλοις
2705 2469 2719 2486 ο
2746 2453 2840 2517 οὒς
2875 2454 3044 2526 ἐχρῆν
3076 2455 3308 2526 μάλιστα
3351 2451 3694 2522 ἀποσχέσθαι

2112 2544 2264 2597 τουτὶ
2284 2542 2522 2598 τοιοῦτον
2546 2544 2964 2617 διαπράξασθαι,
2992 2547 3070 2608 εἰς
3109 2547 3329 2616 μνήμην
3359 2542 3695 2615 ἐληλυθότας

2113 2631 2223 2685 τῶν
2251 2632 2552 2704 συνθηκῶν,
2607 2634 2672 2698 ἃς
2696 2636 2724 2688 ὅ
2759 2653 2818 2688 τε
2864 2635 3114 2706 Σολομὼν
3148 2636 3241 2689 καὶ
3282 2637 3311 2688 ὁ
3331 2634 3508 2689 αὐτῶν
3537 2631 3699 2702 βασι·

2114 2721 2239 2784 λεὺς
2269 2722 2409 2793 ὑπὲρ
2439 2725 2618 2792 φιλίας
2648 2727 2970 2797 ἐποιήσαντο
3009 2727 3145 2798 πρὸς
3171 2728 3452 2798 ἀλλήλους,
3495 2719 3571 2780 ὧν
3598 2724 3697 2778 ού-

2112 2809 2237 2862 δένα
2283 2813 2638 2882 ποιησάμενοι
2680 2813 2870 2881 λόγον,
2922 2815 3144 2869 τοιαῦτα
3202 2818 3515 2888 πεπράχασι
3547 2814 3647 2870 νῦν
3673 2831 3690 2846 ⁶

444 2882 584 2953 ὑπὲρ
609 2877 682 2939 ὧν
710 2886 774 2957 δὴ
796 2888 935 2942 κατά
972 2887 1194 2962 γνώμην
1227 2891 1364 2962 ἐμὴν
1403 2894 1643 2950 ἐπελθὼν
1684 2898 1712 2950 ὀ
1744 2896 1997 2966 πολέμιος
2020 2937 2034 2960 ,
2069 2896 2140 2950 τὰ
2172 2899 2323 2970 τείχη
2369 2877 2429 2952 τε
2474 2877 2651 2954 αὐτῶν
2697 2877 2956 2973 περιελεί,
2993 2906 3086 2956 καὶ
3128 2877 3564 2974 πᾶσαν1ἀφανιεῖ
3587 2907 3697 2978 τὴν

446 2974 624 3028 πόλιν.

518 3068 681 3125 Vens.
725 3073 779 3124 ll
805 3113 821 3138 ,
861 3071 948 3127 12.
978 3105 1050 3115 --
1077 3093 1095 3126 ι
1126 3075 1252 3132 Hmc
1300 3078 1434 3132 dicit
1482 3078 1789 3137 Dominus:
1844 3080 2011 3152 Super

2189 3079 2333 3149 Στίχ.
2370 3079 2654 3150 ια’,ιβ’.-ι
2681 3080 2818 3135 Τάδε
2838 3079 2986 3150 λέγει
3003 3081 3228 3153 Κύριος*
3267 3081 3392 3136 Ἐπί
3422 3085 3542 3146 ταῖς
3565 3101 3692 3155 τρι-

446 3159 628 3214 tribus
671 3159 916 3218 Idumaeas
966 3164 1268 3221 sceleribus
1297 3172 1362 3233 ρει
1398 3183 1563 3238 super
1603 3177 1856 3238 quatuor,
1905 3187 2012 3226 non

447 3251 742 3306 aversabor
772 3267 926 3320 eam,
957 3262 1242 3324 prapterea
1273 3259 1416 3327 quod
1456 3259 1559 3329 ipsi
1601 3262 1867 3330 persecuti
1905 3262 2016 3317 sint

450 3340 629 3410 gladio
656 3340 879 3396 fratrem
911 3359 1093 3399 suum.
1121 3343 1186 3399 Et
1216 3348 1428 3402 vulvam
1453 3349 1603 3404 humi
1635 3351 1978 3407 labefactavit
1997 3391 2012 3417 ,

447 3440 500 3486 et
527 3433 707 3501 rapuit
737 3433 791 3488 in
821 3434 1194 3490 testimonium
1226 3436 1505 3495 horrorem
1540 3457 1698 3496 suum
1721 3485 1736 3509 ,
1767 3451 1820 3498 et
1847 3443 2017 3513 impe-

445 3529 562 3576 tum
609 3524 847 3578 servavit
896 3541 1070 3596 usque
1108 3529 1174 3583 ad
1222 3530 1530 3588 victoriam.
1561 3533 1737 3588 vCum
1784 3535 2011 3604 plurima

446 3628 734 3687 peccantes
762 3619 1012 3685 tulerim,
1057 3621 1172 3690 jam
1213 3624 1442 3681 ulterius
1482 3625 1861 3698 delinquentes
1903 3644 2010 3683 non

449 3707 617 3763 feram
646 3727 660 3764 :
705 3712 1000 3778 praesertim
1033 3714 1169 3787 quia
1209 3715 1406 3772 bellum
1449 3717 1711 3774 adversus
1742 3719 2014 3774 lsraelitas

447 3810 894 3865 commoverunt,
931 3818 1108 3874 neque
1136 3807 1516 3875 cognationem
1560 3824 1686 3863 cum
1716 3810 1825 3865 illis
1863 3825 2015 3866 reve-

2118 3171 2201 3224 σὶν
2222 3170 2502 3233 ἀσεϐείαις
2526 3171 2626 3241 τῆς
2662 3171 2964 3242 Ἰδουμαίας
3002 3174 3095 3226 καὶ
3125 3174 3216 3227 ἐπὶ
3243 3177 3366 3238 ταῖς
3395 3176 3694 3246 τέσσαρσιν

2114 3264 2214 3316 οὐκ
2235 3262 2728 3333 ἀποστραφήσομαι
2760 3264 2950 3334 αὐτὴν,
2985 3264 3172 3318 ἕνεκεν
3191 3265 3286 3318 τοῦ
3309 3265 3498 3333 διῶξαι
3521 3268 3694 3322 αὑτὸν

2115 3355 2172 3406 ὲν
2227 3353 2469 3422 ῥομφαίᾳ.
2503 3353 2593 3405 τὸν
2631 3354 2857 3422 ἀδελφὸν
2895 3355 3058 3409 αὐτοῦ
3081 3371 3096 3386 '
3129 3356 3223 3410 καὶ
3249 3356 3549 3428 ἐλυμήνατο
3581 3359 3691 3429 μή-

2111 3459 2246 3514 τραν
2274 3444 2364 3496 ἐπὶ
2413 3444 2512 3513 τὴν
2538 3443 2640 3513 γῆν
2664 3459 2680 3474 ⁸
2720 3443 2815 3497 καὶ
2857 3445 3101 3516 ἥρπασεν
3124 3447 3203 3509 εἰς
3242 3445 3536 3516 μαρτύριον
3558 3447 3691 3518 φρί-

2113 3549 2215 3602 κην
2260 3531 2452 3586 ἐαυτοῦ
2479 3548 2492 3562 ’
2541 3534 2636 3586 καὶ
2683 3533 2744 3586 τὸ
2791 3535 3021 3604 ὅρμημα
3063 3535 3227 3589 αὐτοῦ
3285 3536 3547 3604 ἐφύλαξεν
3603 3538 3691 3599 εἰς

2112 3624 2259 3684 νῖκος
2286 3622 2423 3691 (26).
2470 3640 2488 3673 ι
2522 3621 2752 3674 Πλεῖστα
2774 3624 2874 3676 ὅσα
2909 3623 3246 3692 ἠσεϐηκότας
3289 3625 3544 3694 ἐνεγκὼν,
3592 3627 3694 3678 ἐπὶ

2112 3713 2361 3766 πλεῖστον
2385 3712 2724 3766 ἀσεϐούντων
2767 3714 2867 3766 οὐκ
2895 3713 3156 3783 ἀνέξομαι
3175 3731 3190 3746 ’
3234 3715 3329 3767 καὶ
3362 3716 3601 3784 μάλιστά
3624 3733 3692 3784 γε

2112 3804 2251 3874 ὑπὲρ
2303 3797 2378 3858 ὧν
2423 3803 2656 3873 πόλεμον
2685 3805 2828 3858 κατά
2877 3805 2985 3857 τῶν
3026 3804 3370 3876 Ἰσραηλιτῶν
3408 3805 3692 3875 ἐκίνησαν,

446 3891 537 3945 riti
569 3899 732 3956 sunt,
761 3900 817 3947 et
867 3895 1014 3964 quod
1067 3911 1132 3950 ex
1174 3895 1434 3953 fratribus
1481 3899 1698 3969 utrique
1746 3901 2011 3971 progeniti

2114 3897 2230 3950 οὐδὲ
2279 3895 2378 3966 τὴν
2412 3895 2730 3964 συγγένειαν
2761 3895 3140 3966 αἰσχυνθέντες
3181 3898 3280 3967 τὴν
3305 3896 3440 3967 πρὸς
3467 3899 3693 3962 αὐτοὺς,

445 3993 660 4048 essent,
689 4000 757 4039 ex
788 3983 932 4040 Esau
959 3986 1216 4042 videlicet
1241 3997 1403 4058 atque
1432 3987 1623 4044 Jacob.
1655 3989 1713 4044 ld
1741 3990 1886 4044 enim
1915 3990 2011 4046 de-

2114 3987 2207 4041 καλ.
2232 3988 2314 4040 ὅτι
2343 3986 2403 4052 ἐξ
2436 3986 2680 4055 ἀδελφῶν
2709 3983 2850 4056 ἦσαν
2879 3987 3032 4040 αὐτοί
3059 4004 3120 4040 τε
3153 3988 3245 4041 καὶ
3279 3983 3442 4053 οὗτοι,
3480 3989 3531 4040 οἰ
3590 3989 3697 4058 μὲν

449 4081 600 4128 notat
628 4073 799 4128 dictio
840 4073 1062 4143 fratrem
1089 4091 1263 4131 suum.
1293 4074 1414 4131 1am
1447 4077 1612 4133 verba
1632 4117 1649 4143 ,
1684 4077 1886 4132 vulvam
1917 4079 2011 4132 Itu-

2114 4079 2172 4130 ἐκ
2219 4075 2315 4129 τοῦ
2368 4077 2560 4139 Ἠσαῦ,
2591 4078 2642 4129 οί
2679 4077 2736 4130 δὲ
2787 4078 2854 4131 ἐκ
2892 4077 3000 4130 τῶν
3047 4077 3242 4132 Ἰακὼϐ
3284 4079 3690 4148 καταγόμενοι·

448 4166 522 4218 mi
556 4165 924 4234 labefactavit,
968 4165 1102 4221 dicit
1149 4183 1278 4236 pro,
1325 4168 1719 4224 interemerunt
1744 4184 1933 4226 omnes
1959 4181 2011 4225 et

2114 4167 2265 4220 τοῦτο
2291 4167 2400 4238 γὰρ
2424 4163 2545 4220 εἶπε
2562 4185 2581 4219 ι
2608 4167 2698 4221 τὸν
2718 4168 2942 4236 ἀδελφὸν
2966 4168 3128 4223 αὐτοῦ
3147 4185 3162 4202 ο
3201 4186 3219 4219 ι
3242 4170 3303 4222 τὸ
3330 4169 3406 4233 δὲ,
3436 4187 3455 4221 ι
3487 4168 3695 4241 ἐλυμή-

448 4255 601 4308 humi
652 4264 1105 4327 prostraverunt:
1152 4258 1299 4328 quod
1333 4259 1555 4328 perinde
1586 4269 1703 4316 erat
1748 4269 1910 4331 atque
1957 4261 2010 4315 in

2114 4275 2236 4312 νατο
2270 4261 2480 4329 μήτραν
2500 4259 2592 4311 ἐπὶ
2619 4259 2718 4330 τὴν
2736 4259 2858 4329 γῆν,
2891 4277 2908 4310 ι
2936 4257 3081 4326 λέγει
3109 4260 3230 4313 ἀντὶ
3260 4258 3375 4321 τοῦ,
3399 4259 3693 4328 Κατέσφα-

451 4356 750 4400 maternam
779 4347 991 4401 vulvam
1024 4364 1266 4418 peccare.
1302 4350 1435 4406 Nam
1465 4351 1594 4421 quia
1639 4351 1834 4408 fratres
1877 4369 2013 4408 nun-

2113 4349 2210 4414 ξαν
2246 4351 2491 4413 ἅπαντας
2541 4350 2633 4405 καὶ
2672 4351 2752 4413 εἰς
2778 4352 2882 4422 γῆν
2907 4352 3278 4422 κατήνεγκανο
3317 4351 3454 4422 ὅπερ
3493 4346 3563 4421 ἦν
3607 4353 3692 4415 εἰς

450 4439 666 4508 cupavit
684 4478 698 4502 ,
730 4447 916 4508 utpote
940 4455 1006 4494 ex
1037 4438 1297 4497 fratribus
1324 4451 1481 4498 natos
1499 4484 1515 4508 ,
1543 4444 1718 4499 vulvae
1741 4445 2011 4500 excidium

2117 4439 2214 4509 τὴν
2233 4439 2496 4494 τεκοῦσαν
2520 4440 2716 4503 αὐτοὺς
2735 4441 2948 4510 μήτραν
2962 4439 3418 4511 πλημμελούντων
3434 4457 3446 4472 ·
3463 4441 3539 4509 (p.
3565 4440 3692 4506 151)

449 4531 736 4599 appellavit
770 4530 995 4586 fratrum
1029 4534 1358 4590 occisionem
1387 4576 1402 4601 ,
1429 4537 1583 4599 quasi
1631 4537 1809 4594 isthoc
1853 4538 2014 4592 modo

449 4619 505 4672 in
548 4636 890 4676 communem
937 4632 1165 4679 matrem
1212 4634 1550 4692 peccassent.
1593 4625 1884 4680 Patrarunt
1915 4642 2013 4681 au-

449 4716 556 4763 tem
588 4708 848 4765 adversus
875 4711 998 4766 illos
1028 4712 1312 4767 horribilia
1334 4753 1348 4777 ,
1379 4729 1488 4781 quo
1537 4713 1714 4783 majus
1760 4715 2011 4769 testimo-

450 4798 599 4851 nium
622 4798 961 4853 crudelitatis
985 4816 1094 4854 suaa
1117 4801 1490 4869 spectantibus
1514 4802 1878 4870 perhiberent.
1904 4803 2011 4858 Sed

449 4898 503 4942 et
547 4889 748 4958 impetu
796 4889 969 4944 multo
1010 4904 1074 4944 ac
1102 4891 1405 4945 vehementi
1456 4893 1508 4945 in
1553 4906 1648 4947 eos
1695 4891 2008 4956 irrueruut,

449 4980 635 5034 odium
663 4995 824 5036 suum
855 4980 923 5034 ad
954 4979 1113 5036 ﬁnem
1146 4981 1305 5050 100
1333 4996 1503 5051 usque
1548 4988 1737 5035 contra
1780 4997 1876 5037 eos
1920 4983 2012 5038 de-

452 5079 819 5126 monstrantes
855 5089 868 5125 :
903 5085 1028 5124 nam
1052 5089 1070 5117 ι
1096 5073 1335 5125 servavit
1357 5086 1533 5140 usque
1561 5071 1629 5125 ad
1657 5069 1961 5138 victoriam,
1988 5088 2006 5122 ι

452 5162 594 5216 hunc
623 5177 843 5218 sensum
872 5161 1056 5217 habet.
1089 5159 1317 5230 Propter
1345 5159 1460 5215 haec
1485 5168 1666 5216 autem
1699 5162 1828 5231 quid
1853 5163 1876 5216 ?
1902 5180 1920 5214 ι
1955 5162 2020 5216 Ει

453 5252 740 5306 immittam
796 5253 978 5322 ignem
1033 5251 1089 5306 iu
1121 5249 1418 5314 Thaeman,
1467 5259 1520 5306 ct
1567 5253 1782 5307 vorabit
1829 5251 2020 5307 funda-

456 5351 634 5394 menta
664 5344 926 5398 Inmnium
967 5342 1108 5412 ejus.
1146 5362 1165 5394 ι
1192 5342 1452 5397 Thaman
1499 5342 1856 5398 ldumaorum
1900 5354 2019 5400 erat

457 5427 586 5481 urbs
637 5431 1002 5498 spectabilior.
1053 5431 1335 5487 Adducam
1389 5433 1570 5502 itaque
1621 5434 1728 5489 illis
1776 5435 2011 5499 bellum,

2119 4530 2305 4600 ἐπειδὴ
2341 4530 2448 4600 γάρ
2477 4529 2735 4598 ἀδελφοὺς
2753 4531 3035 4600 ὠνόμασεν
3062 4531 3139 4594 ὡς
3171 4529 3230 4596 ἐξ
3261 4530 3503 4600 ἀδελφῶν
3525 4548 3696 4584 τετε-

2117 4621 2369 4688 γμένους,
2395 4618 2572 4688 λύμην
2611 4619 2822 4689 μήτρας
2847 4619 3097 4689 ὠνόμασε
3143 4621 3244 4690 τὴν
3290 4620 3400 4674 τῶν
3443 4620 3695 4689 ἀδελφῶν

2117 4711 2415 4780 ἀναίρεσιν,
2441 4709 2514 4773 Co;
2553 4709 2618 4762 ἂν
2644 4711 2724 4772 εἰς
2749 4710 2847 4780 τήν
2868 4711 3052 4781 κοινὴν
3083 4711 3294 4782 μητέρα
3317 4710 3491 4781 τούτῳ
3511 4712 3694 4782 λυμη-

2118 4799 2362 4867 ναμένων
2390 4798 2466 4868 τῷ
2500 4798 2704 4868 τρόπῳ.
2723 4799 3062 4869 Πεποιήκασί
3090 4801 3366 4872 τε,φησὶν,
3393 4804 3473 4865 είς
3495 4803 3696 4865 αὐτοὺς

2120 4890 2320 4959 φρίκης
2355 4891 2545 4959 μεστά,
2586 4891 2672 4942 ἵνα
2714 4889 2933 4960 μείζονα
2961 4893 3060 4961 τὴν
3095 4893 3402 4964 μαρτυρίαν
3428 4893 3529 4962 τῆς
3561 4894 3696 4946 ἐαυ-

2119 4979 2226 5034 τῶν
2253 4979 2529 5049 ὠμότητος
2557 4979 2943 5049 παράσχωνται
2983 4983 3095 5044 τοῖς
3127 4980 3291 5049 ὁρῶσι
3317 4999 3331 5012 ⁸
3364 4984 3460 5034 καὶ
3491 4981 3553 5052 δή
3593 4999 3680 5035 καρ

2119 5071 2262 5140 ὁρμῇ
2296 5069 2462 5139 πολλῇ
2501 5086 2608 5121 τινι
2637 5071 2730 5122 καὶ
2776 5070 2978 5140 σφοδρᾷ
3008 5072 3127 5125 κατ’
3157 5073 3335 5126 αὐτῶν
3365 5074 3694 5143 ἐχρήσαντο,

2120 5161 2246 5231 ἄχρι
2274 5161 2460 5223 τέλους
2504 5161 2603 5230 τὴν
2649 5161 2819 5232 αὐτὴν
2852 5159 2948 5214 τοῦ
2978 5161 3167 5231 μίσους
3212 5164 3341 5234 περὶ
3359 5164 3554 5225 αὐτοὺς
3575 5164 3700 5216 ἐπι-

2121 5249 2422 5321 δειξάμενοι
2476 5249 2701 5322 γνώμην
2724 5268 2738 5282 ο
2764 5251 2825 5304 τὸ
2851 5252 2980 5322 γάρ,
3004 5271 3024 5305 ι
3057 5253 3319 5322 ἐφύλαξεν
3351 5257 3431 5317 εἰς
3465 5256 3640 5317 νῖκος,
3666 5274 3690 5306 ο

2119 5341 2276 5394 τοῦτο
2303 5341 2470 5410 λέγει.
2513 5341 2682 5412 Ὑπὲρ
2704 5341 2760 5394 δὲ
2786 5342 2990 5399 τούτων
3020 5344 3108 5410 τί;
3142 5363 3162 5396 ι
3202 5346 3314 5399 Καὶ
3345 5344 3694 5410 ἐξαποστελῶ

2121 5429 2232 5502 πῦρ
2245 5433 2323 5494 εἰς
2344 5430 2579 5501 Θαιμάν,
2601 5431 2695 5485 καὶ
2711 5432 3322 5506 καταφάγεταιθεμέλια
3349 5433 3576 5505 τειχέων
3591 5435 3695 5488 αύ-

535 5608 646 5678 (26)
695 5604 863 5661 Nobis
891 5606 1129 5676 placeret
1159 5609 1332 5679 magis
1360 5609 1524 5665 lectio
1553 5608 1954 5678 Complutensis
1987 5611 2064 5674 εἰς
2092 5609 2288 5673 νεῖκος,
2322 5611 2389 5665 ad
2419 5613 2824 5669 contentionem.
