3966 6134
346 255 449 310 355
1493 258 1840 316 THEODORI
1875 261 2352 319 MOPSUESTENI
3481 267 3589 326 9.56

351 370 716 440 magnitudini
765 371 1096 428 indictorum
1138 374 1406 428 malorum
1441 391 1622 445 pares,
1644 392 1767 432 cum
1803 380 1915 433 cla-

2042 380 2132 444 rei},
2152 384 2245 434 καὶ
2266 382 2472 444 πάντας
2492 383 2752 452 ἄρχοντας
2775 381 2936 436 αὐτοῦ
2962 381 3242 436 ἀποκτενῶ
3258 379 3376 454 μετ’
3398 380 3588 449 αὐτοῦ,

351 476 504 516 more
533 478 730 534 magno
759 465 902 518 inter
947 465 1265 518 bellicarum
1314 466 1568 520 tubarum
1605 468 1914 538 clangorem

2042 469 2166 538 ιέγει
2192 470 2408 543 Κύριος.
2436 489 2456 524 ι
2489 472 2864 526 Ἐπελεύσεται
2891 473 3018 544 γὰρ,
3044 473 3225 544 φησὶν,
3255 475 3283 527 ό
3311 471 3586 542 πολέμιος,

352 562 582 607 mortem
618 554 908 623 oppetituri
930 555 1059 609 sint.
1094 554 1342 625 Atqueut
1371 559 1686 613 summatim
1709 559 1909 624 dicam,

2042 561 2202 625 τάσας
2229 562 2404 616 αὐτῶν
2429 563 2701 632 ἀφανίζων
2743 565 2840 628 τὰς
2870 565 3050 628 πόλεις
3070 581 3084 596 ο
3111 567 3201 633 (p.
3229 563 3330 617 154
3353 565 3370 632 )
3397 563 3471 625 ὼς
3511 563 3590 624 εἰς

351 647 566 697 tantum
601 647 704 698 erit
735 645 952 699 illorum
985 645 1230 713 exitium,
1256 648 1411 717 102
1439 655 1497 702 ut
1525 664 1702 719 neque
1743 650 1914 718 judex

2042 652 2255 722 ;σχάτην
2270 651 2685 723 κατενεχθέντας
2701 653 3000 718 ἀσθένειαν,
3026 653 3118 707 καὶ
3139 653 3272 725 μηδέ
3288 651 3593 725 ἀρκοῦντας

349 747 548 788 eorum
601 734 798 804 aliquis
856 751 1033 805 neque
1075 737 1331 808 princeps
1380 738 1766 809 superfuturus
1819 742 1912 808 sit,

2042 741 2162 812 πρὸς
2185 741 2245 794 τὸ
2269 742 2497 812 μέγεθος
2518 743 2624 796 τῶν
2644 745 2996 813 ἐπαγομένων
3017 745 3198 808 αὐτοῖς
3218 743 3423 809 κακῶν,
3455 741 3592 812 μετά

354 825 570 879 cunctis
602 824 789 880 eodem
826 834 1073 896 tempore
1106 827 1384 882 occisione
1412 827 1626 883 deletis.

2042 831 2285 901 ιεγίστης
2332 833 2474 896 τινὸς
2507 833 2689 903 φωνῆς
2715 850 2774 886 τε
2815 833 2909 885 καὶ
2940 837 3186 904 κραυγῆς
3213 834 3322 887 τῶν
3367 833 3595 903 πολεμι-

355 915 466 970 κῶν
491 915 801 984 σαλπίγγων
827 917 1053 972 θάνατον
1085 920 1404 990 ὑπομεῖναι·
1447 921 1723 991 συντόμως
1747 941 1804 976 τε
1834 924 2024 991 εἰπεῖν,
2053 925 2301 990 τοσοῦτος
2325 926 2541 998 ϐλεθρος
2574 926 2750 980 αὐτῶν
2780 927 2951 994 ἔσται,
2991 931 3066 993 ὡς
3098 929 3172 1000 μὴ
3198 927 3389 999 κριτὴν
3416 927 3596 981 αὐτῶν

358 1008 490 1079 μηδέ
512 1009 744 1080 ἄρχοντα
765 1011 1171 1082 περιλειφθῆναι
1199 1013 1418 1083 μηδένα,
1449 1015 1662 1068 πάντων
1687 1016 1864 1070 αὐτῶν
1886 1017 2235 1073 ἀπολωλότων
2262 1019 2535 1086 καθάπαξ.

429 1097 596 1153 Vens.
640 1102 694 1162 4,
730 1100 783 1154 5.
806 1131 876 1143 -
916 1100 1008 1156 Sic
1038 1109 1215 1157 autem
1246 1105 1482 1160 narratis
1510 1120 1628 1173 qua:
1681 1104 1927 1174 ﬁnitimis

2099 1109 2245 1180 Στίχ.
2278 1109 2406 1174 δ’,ε⁹.
2442 1140 2514 1150 —
2543 1108 2698 1162 Οὕτω
2740 1110 2795 1162 δὲ
2823 1109 2890 1162 τὰ
2916 1110 3027 1171 τοῖς
3053 1107 3349 1178 περιοίκοις
3384 1107 3594 1176 συμϐη-

358 1199 621 1246 eventura
669 1199 826 1246 erant
842 1192 913 1246 ob
945 1193 1186 1261 ipsorum
1230 1195 1494 1252 adversus
1515 1195 1789 1254 Israelitas
1819 1198 1927 1252 ini-

2042 1203 2231 1273 πόμενα
2274 1203 2414 1273 ὑπὲρ
2459 1202 2556 1274 τῆς
2587 1203 2665 1266 εἰς
2710 1201 2836 1264 τοὺς
2875 1199 3211 1271 Ἰσραηλίτας
3255 1197 3596 1269 παρανομίας

359 1279 646 1346 quitatem.
687 1282 958 1335 convertit
995 1297 1053 1337 se
1072 1299 1194 1336 mox
1230 1286 1497 1355 propheta
1529 1288 1594 1341 ad
1616 1303 1703 1343 res
1725 1289 1926 1358 populo

2042 1290 2261 1363 εἰρηκὼς
2286 1293 2314 1344 ό
2347 1292 2649 1362 προφήτης,
2680 1291 2936 1362 τρέπεται
2968 1289 3150 1344 λοιπὸν
3176 1289 3266 1341 ἐπὶ
3290 1288 3357 1341 τὰ
3376 1287 3454 1358 τῷ
3481 1286 3596 1356 λαῷ

361 1385 578 1438 quoque
628 1385 728 1426 suo
783 1384 1110 1440 eventuras;
1145 1373 1536 1431 demonstrans
1585 1380 1732 1448 quod
1782 1379 1927 1434 sicut

2042 1381 2444 1452 ςυμϐησόμενα,
2497 1381 2707 1445 δεικνὺς
2748 1383 2828 1434 ὅτι
2870 1380 3067 1433 ἐκεῖνοί
3112 1397 3170 1432 τε
3203 1379 3342 1449 ὑπὲρ
3372 1377 3474 1448 τῆς
3513 1378 3596 1440 είς

362 1460 440 1514 illi
469 1463 724 1530 puniendi
773 1472 930 1518 erant
957 1465 1026 1518 ob
1067 1480 1220 1519 suam
1251 1474 1443 1521 contra
1476 1471 1733 1539 populum
1762 1485 1926 1539 pecu-

2042 1471 2251 1534 τούτους
2275 1472 2487 1536 ἀδικίας
2514 1472 2742 1542 ῆμελλον
2770 1469 3146 1542 τιμωρεῖσθαι,
3173 1469 3249 1532 ώς
3275 1467 3341 1522 ἂν
3363 1471 3438 1531 εἰς
3462 1468 3598 1521 Θεὸν

362 1549 572 1606 liariter
605 1551 713 1606 Deo
752 1553 1024 1609 addictum
1072 1557 1446 1626 iniquitatem;
1503 1560 1575 1613 ita
1629 1562 1790 1615 etiam
1829 1576 1926 1632 po-

2042 1555 2182 1633 ᾧπερ
2221 1562 2515 1632 προσήκειν
2556 1563 2751 1625 αὐτοὺς
2799 1560 3078 1615 συνέϐαινε
3139 1560 3294 1614 τοῦτο
3342 1559 3599 1630 πλημμε-

365 1642 524 1710 pulus
557 1658 770 1712 pmnam
802 1660 909 1699 non
958 1645 1175 1716 effugiet
1208 1649 1406 1717 ingrati
1457 1650 1542 1704 sui
1591 1665 1717 1719 erga
1760 1649 1926 1706 Deum

2042 1652 2243 1715 ιοῦντες
2270 1651 2348 1722 τῷ
2379 1652 2593 1722 τρόπῳο
2624 1645 2769 1706 οὗτοί
2800 1670 2857 1705 τε
2891 1654 2948 1705 οὐ
2986 1651 3359 1720 διαφεύξονται
3389 1653 3486 1723 τὴν
3516 1669 3600 1704 τι-

365 1733 554 1786 animi.
589 1733 833 1788 Meminit
855 1751 986 1790 vero
1033 1737 1086 1789 in
1116 1738 1308 1806 primis
1341 1739 1518 1794 tribus
1551 1738 1723 1804 Judae,
1769 1757 1929 1811 quam

2042 1745 2240 1816 μωρίαν
2287 1744 2597 1816 ἀγνώμονες
2649 1746 2778 1816 περί
2819 1745 2951 1798 Θεὸν
2983 1746 3290 1814 γεγονότες·
3326 1744 3600 1815 μέμνηται

366 1825 636 1894 praecipue
693 1841 854 1894 paena
909 1827 1127 1897 dignam
1193 1837 1401 1893 censet,
1453 1840 1738 1900 propterea
1788 1835 1930 1904 quod

2042 1836 2214 1906 μέντοι
2262 1837 2521 1907 πρότερον
2553 1837 2650 1906 τῆς
2701 1834 2794 1888 τοῦ
2840 1833 3008 1888 Ἰούδα
3039 1835 3212 1904 φυλῆς
3249 1833 3324 1896 ὡς
3377 1833 3444 1886 ἂν
3497 1833 3604 1904 μά-

367 1919 516 1971 eirea
550 1917 641 1972 Dei
696 1919 954 1988 templum
999 1920 1280 1985 habitans,
1322 1922 1493 1976 nihilo
1519 1930 1698 1979 tamen
1753 1927 1932 1982 minus

367 2006 673 2074 irreligiosa
701 2006 965 2062 crat..Sie
993 2017 1171 2064 autem
1216 2011 1362 2065 fatur
1396 2030 1409 2066 :
1447 2030 1466 2064 ι
1492 2011 1616 2068 Haec
1663 2015 1795 2070 dicit
1829 2016 1933 2072 Do-

371 2095 555 2150 minus
591 2112 604 2148 :
643 2094 817 2165 Super
868 2098 1047 2153 tribus
1100 2102 1399 2158 sceleribus
1431 2103 1662 2158 ﬁliorum
1701 2106 1851 2162 Judze
1879 2119 1934 2164 et

371 2201 536 2255 super
571 2195 800 2256 quatuor
833 2204 939 2242 non
972 2191 1265 2245 aversabor
1291 2207 1408 2248 eos.
1441 2213 1458 2244 ι
1495 2193 1793 2252 Peecantes
1835 2198 1933 2254 hos

372 2292 746 2345 saepenumero
777 2277 956 2333 odisse
989 2295 1048 2335 se
1083 2279 1236 2346 dicit,
1264 2284 1392 2351 quia
1424 2283 1479 2337 in
1526 2285 1803 2354 impietate
1835 2304 1933 2342 sua

372 2367 813 2437 perseverarunt.
862 2369 978 2422 Mox
1037 2371 1198 2424 etiam
1250 2386 1423 2441 paenae
1480 2388 1702 2430 causam
1751 2376 1930 2432 dicit:

379 2479 399 2511 ε
423 2461 714 2531 Pr0pterea
747 2463 890 2532 quod
925 2464 1228 2532 abjeeerint
1261 2466 1431 2536 legem
1468 2467 1680 2522 Domini
1707 2479 1759 2524 et
1784 2486 1936 2526 ruan-

372 2553 497 2608 data
517 2553 637 2623 ejus
659 2569 765 2608 non
793 2555 1210 2610 eustodiverint.
1232 2557 1295 2610 Et
1326 2557 1660 2627 deceperuut
1684 2574 1779 2614 eos
1795 2575 1934 2615 vana

375 2643 562 2716 (idola)
593 2661 691 2700 sua
723 2662 843 2716 qua:
864 2646 1130 2714 fecerant,
1163 2657 1286 2716 post
1317 2665 1438 2719 quae
1471 2650 1721 2705 abierant
1754 2659 1936 2722 patres

374 2751 586 2792 eorum.
617 2758 634 2789 ι
661 2739 898 2809 Namque
913 2750 966 2794 et
987 2740 1040 2793 bi
1059 2741 1261 2794 nullam
1292 2741 1668 2796 mandatorum
1693 2758 1934 2799 meorum

376 2827 638 2880 rationem
686 2827 882 2888 habere
915 2832 1227 2895 voluerunt,
1267 2839 1321 2884 et
1347 2830 1616 2884 idolorum
1669 2832 1838 2886 cultui
1879 2848 1937 2886 se

2029 1926 2187 1979 λιστα
2241 1927 2505 1998 τιμωρίας
2561 1925 2760 1991 ἀξιῶν,
2829 1926 2970 1997 ὑπὲρ
3022 1921 3098 1980 ὧν
3159 1925 3286 1996 περὶ
3332 1924 3424 1977 τὸν
3469 1924 3602 1979 ναὸν

2031 2016 2385 2086 τυγχάνοντες
2416 2016 2507 2070 τὸν
2535 2017 2694 2080 θεῖον,
2735 2015 2949 2079 οὐθενὸς
2979 2011 3138 2087 ἧττον
3167 2015 3415 2084 ἠσέϐουν·
3451 2012 3602 2082 λέγει

2031 2104 2087 2156 δὲ
2133 2105 2328 2167 οἰίτως⁸
2373 2125 2390 2156 ι
2429 2105 2565 2158 Τάδε
2611 2105 2758 2172 λέγει
2809 2104 3029 2176 Κύριος·
3098 2103 3219 2156 Ἐπί
3250 2105 3370 2166 ταῖς
3423 2103 3604 2173 τρισὶν

2033 2195 2306 2259 ἀσεϐείαις
2348 2194 2477 2248 υἱῶν
2532 2195 2700 2248 Ἰούδα
2748 2195 2839 2248 καὶ
2883 2194 2974 2247 ἐπὶ
3018 2196 3137 2257 ταῖς
3163 2194 3453 2263 τέσσαρσιν
3501 2194 3605 2245 οὐκ

2033 2287 2526 2357 ἀποστραφήσομαι
2559 2285 2773 2348 αύτούς.
2812 2307 2828 2337 ι
2872 2285 3236 2356 Ἦσεϐηκότας
3268 2286 3360 2337 καὶ
3381 2283 3606 2346 τούτους

2036 2377 2296 2439 πολλάκις
2327 2379 2501 2447 μισεῖν
2526 2377 2718 2445 λέγων,
2748 2377 3038 2448 ἐπειδήπερ
3065 2376 3501 2446 ἐπιμεμενήκασι
3530 2377 3602 2446 τῇ

2035 2466 2240 2519 ἑαυτῶν
2283 2465 2507 2536 ἀσεϐείᾳ
2527 2481 2540 2496 ·
2573 2461 2689 2518 εἶτα
2740 2467 2829 2520 καὶ
2854 2465 2952 2536 τὴν
2980 2466 3155 2519 αἰτίαν
3188 2464 3360 2533 λέγων
3394 2465 3490 2534 τῆς
3521 2481 3609 2516 τι-

2039 2557 2243 2627 μωρίας
2266 2597 2280 2620 ,
2320 2575 2338 2606 ι
2377 2557 2600 2610 Ἕνεκεν
2627 2555 2720 2609 τοῦ
2751 2555 3069 2610 ἀπώσασθαι
3099 2556 3292 2618 αὐτοὺς
3323 2555 3412 2608 τὸν
3439 2555 3606 2625 νόμον

2035 2649 2237 2719 Κυρίου
2262 2687 2276 2711 ,
2329 2645 2414 2720 (p.
2449 2648 2590 2718 155)
2622 2649 2713 2701 καὶ
2754 2647 2818 2701 τά
2864 2648 3258 2718 προστάγματα
3295 2645 3459 2700 αὑτοῦ
3502 2646 3610 2701 οὐκ

2035 2737 2399 2804 ἐφυλάξαντο·
2441 2737 2535 2791 καὶ
2572 2737 2870 2808 ἐπλάνησεν
2905 2737 3128 2802 ἑαυτοὺς
3161 2737 3230 2791 τά
3263 2738 3462 2808 μάταια
3505 2737 3606 2790 αύ-

2034 2825 2140 2877 τῶν
2172 2825 2206 2879 ἀ
2253 2826 2540 2896 ἐποίησαν,
2592 2821 2674 2889 οἷς
2700 2826 3129 2896 ἐξηκολούθησαν
3162 2827 3211 2879 οί
3247 2826 3478 2897 πατέρες
3502 2827 3610 2878 αύ-

377 2915 725 2978 addixerunt,
777 2926 1146 2973 consentanea
1194 2920 1443 2989 patribus
1484 2921 1599 2974 suis
1648 2920 1929 2976 facientes.

2042 2917 2142 2970 τῶν
2187 2917 2360 2971 ὀπίσω
2411 2917 2608 2973 αὐτῶν.
2653 2937 2672 2970 ι
2727 2918 2836 2972 Καὶ
2881 2917 2989 2988 γάρ
3045 2918 3138 2971 καὶ
3167 2909 3312 2971 οὗτοι
3357 2918 3465 2971 τῶν
3505 2918 3608 2988 μὲν

378 3008 514 3071 Quid
545 3009 710 3076 ergo?
735 3027 752 3058 ι
776 3009 1063 3064 lmmittam
1095 3012 1269 3080 ignem
1306 3011 1357 3065 in
1394 3009 1610 3075 Iudam,
1642 3021 1694 3066 et
1751 3011 1942 3069 Hieru-

383 3101 548 3152 salem
598 3097 947 3152 lundamenta
997 3099 1555 3164 vorabit.»Perdam,
1601 3102 1794 3171 inquit,
1847 3104 1944 3157 hn-

382 3191 545 3243 stium
581 3202 743 3240 manu
771 3197 998 3242 cunctos
1019 3190 1170 3259 regni
1193 3189 1339 3246 illius
1355 3191 1584 3255 eives,et
1608 3192 1940 3249 Hierusalem

380 3289 502 3327 cum
591 3275 744 3344 ipsis.
810 3275 1162 3346 Exploratum
1214 3288 1298 3336 est
1351 3282 1671 3350 prephetam
1718 3284 1831 3336 ιιιιιο
1876 3283 1943 3338 de

379 3363 695 3434 Babyloniis
735 3365 938 3430 dicere,
984 3368 1075 3436 qui
1113 3367 1448 3424 Hierusalem
1496 3370 1740 3425 demoliti
1795 3379 1940 3436 sunt,

378 3455 607 3510 etJudaa
645 3457 842 3511 tribum
887 3460 1155 3526 captivam
1215 3461 1632 3516 transtulerunt.
1673 3461 1942 3517 Caeterum

379 3550 434 3602 in
463 3551 838 3618 sequentibus,
875 3551 942 3604 de
994 3552 1226 3616 lsraelis,
1261 3553 1311 3606 id
1354 3563 1438 3608 est
1469 3554 1654 3609 decem
1701 3556 1942 3610 tribuum

380 3642 538 3697 malis
573 3643 820 3711 loquens,
861 3643 1118 3714 Assyrios
1171 3652 1230 3698 ut
1266 3661 1360 3714 par
1406 3655 1489 3700 est
1546 3647 1810 3713 nominat,
1853 3648 1941 3716 qui

383 3733 561 3788 tribus
595 3735 716 3789 illas
742 3735 1084 3790 abduxerunt
1129 3738 1392 3807 captivas.
1444 3737 1806 3804 Quamobrem
1852 3754 1945 3808 ap-

383 3831 537 3894 paret
567 3841 728 3878 unam
745 3826 909 3880 veluti
930 3827 1237 3882 existimari
1264 3843 1292 3881 a
1325 3829 1585 3898 propheta
1626 3830 1808 3899 populi
1856 3845 1946 3884 ca-

379 3916 680 3986 ptivitatem
732 3917 800 3972 ab
852 3918 1093 3990 Assyriis
1147 3933 1209 3974 ac
1250 3918 1559 3990 Babyloniis
1614 3933 1886 3990 peractam
1931 3941 1942 3976 :

381 4020 692 4075 quanquam
741 4023 930 4078 reapse
972 4009 1062 4063 alii
1098 4008 1249 4064 fuere
1283 4011 1375 4080 qui
1417 4009 1600 4066 decem
1647 4011 1822 4066 tribus
1862 4027 1948 4066 ce-

381 4111 598 4166 perunt,
662 4099 817 4169 103
865 4101 1076 4171 Assyrii
1123 4103 1374 4158 scilicet:
1408 4101 1686 4171 Babylonii
1740 4109 1943 4167 autem,

384 4184 476 4253 qui
519 4183 670 4239 Iuda:
703 4188 903 4240 tribum
962 4189 1348 4246 abstulerunt:
1375 4199 1428 4243 et
1469 4191 1688 4261 quidem
1731 4199 1945 4260 tempus

383 4275 603 4345 aliquod
634 4277 942 4332 intercessit
969 4299 982 4330 :
1013 4282 1093 4333 sic
1127 4290 1309 4335 tamen
1337 4282 1578 4336 universi
1612 4283 1792 4352 populi
1812 4299 1944 4338 con-

383 4367 506 4438 tigit
547 4368 804 4436 compleri
853 4370 1242 4438 captivitatem,
1285 4381 1520 4442 emptam
1553 4389 1581 4426 a
1612 4373 1797 4429 decem
1845 4376 1945 4428 tri-

384 4461 584 4524 bubus,
613 4469 665 4514 et
697 4463 749 4514 in
785 4459 938 4515 Judae
968 4461 1113 4515 tribu
1150 4462 1475 4516 absolutam.
1519 4463 1702 4528 Quare
1734 4471 1788 4518 et
1818 4480 1945 4534 pro-

383 4555 556 4625 phetae
584 4565 873 4609 eventuras
931 4554 1128 4624 populo
1191 4569 1276 4610 res
1318 4553 1727 4619 denuntiantes,
1787 4555 1948 4608 modo

382 4645 527 4710 illos,
587 4645 750 4699 modo
788 4646 886 4699 hos
938 4653 1259 4709 memorant,
1317 4645 1444 4714 quia
1495 4647 1653 4698 ambo
1693 4645 1947 4713 populum

384 4750 550 4788 unum
603 4736 965 4796 constituunt,
1024 4742 1186 4802 atque
1244 4732 1311 4786 ad
1369 4747 1530 4785 unam
1587 4733 1948 4786 communiter

381 4825 750 4894 captivitatem
780 4825 1014 4879 traducti
1049 4825 1304 4890 fuerunt;
1346 4823 1560 4878 etiamsi
1595 4823 1710 4877 haec
1749 4823 1944 4877 distin-

381 4920 484 4973 ctis
516 4916 848 4986 temporibus
883 4916 1129 4986 contigit.

2043 3009 2218 3078 νόμων
2280 3009 2516 3062 καὶτῶν
2571 3009 3003 3080 προσταγμάτων
3055 3009 3162 3064 τῶν
3217 3009 3366 3080 ἐμῶν
3413 3009 3611 3063 οὐθένα

2041 3100 2195 3170 λόγον
2234 3101 2500 3154 ποιεῖσθαι
2529 3100 2812 3170 ἠϐούλοντο
2833 3141 2847 3164 ,
2868 3103 2934 3172 τῇ
2960 3101 3015 3154 δὲ
3040 3102 3146 3155 τῶν
3175 3100 3406 3154 εἰδώλων
3435 3118 3611 3172 προσ-

2043 3191 2249 3258 ανεϊχον
2270 3188 2549 3259 θεραπείᾳ,
2582 3187 2846 3242 ἀκόλουθα
2875 3191 2986 3251 τοῖς
3022 3188 3228 3242 ἑαυτῶν
3253 3186 3608 3259 ἐργαζόμενοι

2044 3279 2297 3350 πατράσι.
2343 3280 2408 3331 Τί
2447 3275 2569 3343 οὖνς
2619 3297 2637 3330 ‹
2682 3278 3052 3344 Ἐξαποστελῶ
3086 3279 3194 3350 πῦρ
3231 3280 3322 3332 ἐπὶ
3366 3277 3604 3344 Ἰούδαν,

2043 3369 2137 3423 καὶ
2179 3370 2548 3438 καταφάγεται
2585 3369 2808 3440 θεμέλια
2850 3369 3217 3440 Ἰερουσαλήμ.
3266 3389 3284 3421 ι
3333 3372 3607 3438 Ἀφανιῶ,

2044 3461 2195 3530 φησί,
2234 3461 2322 3514 διὰ
2340 3461 2448 3513 τῶν
2475 3460 2744 3530 πολεμίων
2767 3460 2890 3524 τούς
2912 3478 2970 3515 τε
2998 3461 3099 3531 τῆς
3130 3461 3402 3531 βασιλείας
3433 3463 3612 3517 ἅπαν-

2044 3568 2142 3613 τας
2175 3551 2422 3621 ἐκείνης,
2470 3552 2565 3604 καὶ
2593 3551 2688 3621 τὴν
2733 3551 3085 3622 Ἰερουσαλὴμ
3131 3555 3225 3606 σὺν
3263 3554 3465 3617 αὐτοῖς.
3504 3553 3612 3607 Εὕ-

2044 3641 2200 3710 δηλον
2241 3641 2298 3694 δέ
2347 3642 2428 3693 ὅτι
2488 3640 2756 3710 περὶτῶν
2798 3641 3152 3694 Βαϐυλωνίων
3195 3640 3366 3694 ταῦτά
3409 3658 3606 3710 φησιν·

2046 3733 2238 3785 ἐκεῖνοι
2267 3731 2376 3802 γὰρ
2399 3732 2498 3802 τήν
2527 3748 2586 3784 τε
2627 3730 2977 3802 Ἰερουσαλὴμ
3003 3733 3334 3803 κατήγαγον,
3362 3732 3456 3786 καὶ
3483 3733 3610 3796 τοὺς

2044 3823 2142 3892 τῆς
2181 3821 2349 3876 Ἰούδα
2378 3821 2548 3892 φυλῆς
2581 3821 2769 3876 ἔλαϐον
2802 3821 3177 3892 αἰχμαλώτους
3197 3839 3208 3852 ·
3247 3822 3419 3876 καίτοι
3457 3838 3519 3889 γε
3551 3823 3609 3875 ἐν

2045 3915 2156 3974 τοῖς
2199 3912 2336 3982 μετά
2385 3909 2556 3965 ταῦτα
2600 3911 2669 3964 τὰ
2713 3915 2792 3976 εἰς
2838 3913 2928 3966 τὸν
2991 3913 3235 3985 Ἰσραὴλ,
3267 3913 3364 3966 εἰτ’
3393 3909 3612 3976 οὖντὰς

2046 4002 2176 4055 δέκα
2233 4002 2438 4071 φυλὰς,
2506 4003 2721 4074 μηνύων
2775 4003 2954 4070 κακά,
3012 4003 3119 4056 τῶν
3180 4004 3475 4073 Ἀσσυρίων
3532 4003 3613 4065 ὼς

2048 4095 2195 4156 εἰκὸς
2221 4094 2614 4165 ἐπιμέμνηται,
2645 4095 2801 4166 οἵπερ
2839 4092 2931 4148 οὖν
2968 4095 3162 4158 αὐτοὺς
3206 4095 3299 4148 καὶ
3332 4093 3613 4165 αἰχμαλώ-

2048 4201 2174 4246 τους
2221 4185 2475 4246 λαϐόντες
2524 4184 2800 4254 ἀπῆλθον·
2858 4186 2932 4249 ὡς
2979 4185 3134 4256 δῆλον
3188 4182 3326 4238 εἶναι
3369 4187 3448 4238 ὃτι
3482 4185 3612 4255 μίαν

1979 4246 2020 4298 D
2048 4277 2168 4330 τινὰ
2210 4276 2582 4346 αἰχμαλωσίαν
2619 4246 2832 4346 ῆγείται
2866 4246 2966 4347 τῆν
2996 4246 3122 4348 περί
3143 4276 3233 4331 τὸν
3263 4277 3388 4330 λαὸν
3417 4246 3519 4330 ὑπό
3549 4293 3612 4329 τε

2057 4364 2350 4436 Ἀσσυρίων
2391 4367 2757 4437 γεγενημένην
2809 4368 2902 4420 καὶ
2948 4367 3057 4419 τῶν
3107 4367 3457 4420 Βαϐυλωνίων
3483 4383 3496 4398 ο
3561 4369 3612 4418 εί

2045 4457 2138 4509 καί⁹
2160 4457 2332 4527 ἕτεροι
2369 4459 2464 4528 μὲν
2498 4453 2634 4528 ἦσαν
2667 4460 2714 4510 οἰ
2743 4457 2839 4520 τάς
2868 4457 2997 4511 δέκα
3036 4458 3289 4522 λαϐόντες
3322 4458 3521 4527 φυλὰς,
3561 4457 3613 4508 οἰ

2058 4548 2367 4618 Ἀσσύριοι,
2416 4549 2586 4618 λέγωο
2629 4547 3038 4602 Βαϐυλώνιοιδέ
3067 4551 3113 4601 οἰ
3143 4550 3265 4612 τοὺς
3303 4549 3400 4618 τῆς
3443 4546 3616 4600 ’ἰούδα

2046 4638 2300 4702 λαϐόντες
2323 4639 2493 4709 φυλῆς
2513 4655 2527 4669 ο
2559 4638 2652 4691 καί
2677 4655 2758 4701 τις
2779 4640 2872 4691 καί
2901 4637 3087 4709 χρόνος
3114 4639 3171 4691 ἐν
3195 4638 3346 4709 μέσῳ
3369 4637 3611 4706 γεγόνει·

2045 4728 2229 4799 ἐπειδὴ
2254 4728 2346 4781 τοῦ
2370 4729 2568 4792 παντὸς
2597 4729 2724 4782 λαοῦ
2751 4730 2847 4800 τὴν
2876 4729 3245 4802 αἰχμαλωσίαν
3268 4729 3455 4782 τοῦτον
3486 4745 3616 4780 συν-

2046 4819 2143 4890 έϐη
2181 4819 2528 4889 πληρωθῆναι
2593 4821 2681 4873 τὸν
2729 4821 2952 4891 τρόπον·
3001 4820 3313 4895 ἀρξαμένην
3347 4821 3444 4892 μὲν
3506 4821 3618 4874 ἀπὸ

2049 4911 2157 4964 τῶν
2198 4911 2357 4974 δέκα,
2402 4912 2796 4982 περαιωθεῖσαν
2825 4912 2880 4963 δὲ
2912 4914 2988 4976 είς
3017 4913 3141 4976 τοὺς
3173 4912 3273 4982 τῆς
3314 4911 3481 4966 Ἰούδα
3512 4929 3616 4979 φυ-

382 5011 477 5082 λῆς
499 5029 511 5040 ·
541 5012 726 5082 διόπερ
754 5011 845 5064 καί
871 5012 917 5064 οί
946 5011 1216 5081 προφῆται
1257 5008 1323 5061 τὰ
1356 5007 1481 5078 περί
1520 5007 1608 5060 τὸν
1638 5005 1764 5059 λαὸν
1797 5005 2024 5075 ἐσόμενα
2067 5002 2497 5070 ἐξαγγέλλοντες,
2536 5003 2661 5056 ποτὲ
2701 5003 2796 5072 μὲν
2837 5003 3086 5068 ἐκείνων,
3121 5003 3250 5056 ποτὲ
3282 5003 3339 5056 δέ
3377 5003 3616 5072 μέμνην-

381 5121 469 5154 ται
499 5102 722 5164 τούτων,
764 5106 838 5170 (p.
885 5100 1027 5171 156.)
1055 5100 1128 5162 ώς
1157 5098 1480 5169 ἀμφοτέρων
1511 5099 1590 5162 εἰς
1615 5097 1703 5150 τὸν
1735 5096 1860 5151 λαὸν
1889 5094 2298 5158 συντελούντων,
2331 5095 2466 5164 πρὸς
2504 5094 2632 5166 μίαν
2659 5095 2715 5148 τέ
2741 5112 2861 5151 τινα
2881 5095 2972 5149 τοῦ
3000 5095 3176 5150 κοινοῦ
3210 5094 3306 5166 τὴν
3341 5093 3618 5166 αἰχμαλω-

385 5195 503 5246 σίαν
526 5194 962 5263 ἀναφερομένων,
994 5191 1095 5244 κᾶν
1122 5193 1170 5244 εἰ
1194 5189 1534 5261 διῃρημένοις
1561 5205 1674 5251 πως
1697 5188 1906 5257 γεγόνει
1937 5189 2045 5249 τοῖς
2071 5189 2301 5256 καιροῖς.

457 5283 618 5338 Vens.
643 5285 760 5339 6—8.
791 5316 848 5326 -
869 5303 887 5335 ι
913 5282 1036 5338 Ilaec
1055 5285 1186 5338 dicit
1210 5281 1472 5336 Dominus
1511 5299 1523 5334 :
1559 5280 1732 5350 Super
1773 5281 1946 5333 tribus

385 5371 929 5433 sceleribuslsraelis,
973 5384 1203 5443 etsuper
1233 5382 1469 5440 quatuor
1502 5385 1610 5423 non
1654 5368 1944 5422 aversabor

383 5480 530 5520 eum.
555 5482 573 5514 ι
601 5461 894 5530 Postquam
925 5463 1078 5531 dixit,
1117 5479 1177 5519 se
1207 5464 1328 5518 illos
1369 5470 1590 5532 propter
1632 5459 1946 5513 continuata

386 5554 763 5627 peccatajuste
781 5556 1038 5616 aversari.
1061 5563 1249 5609 narrat
1276 5555 1326 5606 in
1353 5552 1705 5622 sequentibus
1729 5551 1943 5603 illorum

387 5648 703 5718 iniquitates
739 5642 1000 5714 plurimas
1035 5664 1045 5698 :
1083 5666 1101 5698 ι
1127 5644 1417 5714 Propterea
1447 5643 1589 5713 quod
1613 5641 1949 5696 vendiderint

2117 5278 2264 5346 Στίχ.
2313 5281 2456 5346 ς’-η’.
2496 5304 2566 5315 -
2607 5293 2625 5323 α
2667 5273 2802 5327 Τάδε
2848 5275 2993 5342 λέγει
3049 5273 3269 5343 Κύριοςο
3333 5271 3454 5325 Ἐπί
3493 5274 3615 5335 ταῖς

2047 5368 2224 5440 τρισὶν
2250 5365 2522 5428 ἀσεϐείαις
2563 5365 2776 5435 Ἰσραὴλ
2805 5365 2899 5418 καὶ
2930 5365 3020 5418 ἐπὶ
3047 5367 3167 5428 ταῖς
3196 5364 3484 5432 τέσσαρσιν
3513 5363 3613 5415 ούκ

2049 5458 2541 5527 ἀποστραφήσομαι
2587 5456 2768 5509 αύτόν.
2813 5476 2830 5508 ›
2880 5453 3010 5508 Εἶτα
3047 5453 3282 5525 εἰρηκὼς
3337 5455 3418 5506 ὅτι
3471 5452 3613 5522 ὑπὲρ

2049 5543 2124 5602 ὧν
2169 5547 2569 5617 ἐπιτεταμένως
2627 5547 2854 5616 ἠσέϐουν
2914 5545 3314 5615 ἀποστρέφεται
3366 5542 3609 5607 δικαίως,

2051 5639 2200 5709 λέγει
2247 5635 2480 5708 καθεξῆς
2503 5638 2593 5691 καί
2611 5636 2678 5691 τά
2696 5637 2897 5691 τούτων
2923 5635 3362 5708 πλημμελήματα
3386 5631 3610 5685 πλεῖστά
