3966 6134
293 268 399 322 25Ἱ

1349 272 1894 333 COMMENTARIUS
1919 276 1982 332 IN
2017 277 2229 334 AMOSI
2264 277 2415 335 CAP.
2450 279 2514 333 ll.

3422 287 3527 344 258

295 398 360 447 γε
399 383 550 437 ὄντα.
591 403 613 436 ι
679 384 819 438 ’Δνθ’
852 379 930 440 ὧν
966 385 1220 452 ἀπέδοντο
1265 387 1472 443 δίκαιον
1521 392 1806 462 ἀργυρίου.
1845 412 1848 443 ;

1969 402 2194 464 argento
2221 394 2452 464 justum.
2476 416 2494 448 ι
2526 394 2743 452 Justum
2773 410 2920 453 nunc
2950 412 3060 453 non
3086 397 3219 454 dicit
3253 399 3524 457 hominem

296 473 514 526 Δίκαιον
543 475 607 526 οὐ
638 475 728 527 τὸν
758 476 876 528 κατ’
906 477 1104 550 ἀρετὴν
1130 478 1276 546 λέγει
1300 479 1414 546 νῦν,
1454 481 1589 535 ἀλλὰ
1610 482 1698 535 τὸν
1718 476 1869 555 ᾧπερ

295 564 387 614 ἐπὶ
426 563 528 632 τῆς
560 566 892 637 κινουμένης
922 568 1379 640 ἀμφισϐητήσεως
1415 572 1595 626 δίκαια
1622 575 1829 646 προσῆν
1849 592 1865 608 ο

296 652 382 703 ἶνα
401 654 531 725 εἴπῃ
559 655 646 707 ὅτι
671 657 970 726 χρημάτων
997 660 1338 730 προεδίδοσαν
1363 663 1489 726 τοὺς
1511 667 1624 728 τοῖς
1643 666 1867 731 δικαίοις

294 742 731 812 ὠχυρωμένους·
771 749 865 802 καὶ
912 749 1191 804 ἐπιτείνων
1234 752 1295 804 τὸ
1340 752 1657 824 λεγόμενον,
1704 774 1723 807 ι
1758 759 1866 810 Καὶ

293 835 504 902 τένητα
537 835 729 889 ἕνεκεν
761 839 1120 910 ὑποδημάτων
1161 842 1268 896 τῶν
1301 845 1608 898 πατούντων
1639 847 1731 900 ἐπὶ
1773 849 1865 901 τὸν

293 925 421 994 χοῦν
467 927 571 996 τῆς
605 929 730 999 γῆς.
776 950 795 980 ι
833 933 993 1002 ’Δχρι
1047 933 1154 1003 γὰρ
1212 935 1499 1001 τοσούτου,
1554 939 1719 1008 φησὶ,
1766 939 1864 1010 τὴν

289 1017 712 1088 αἰσχροκερδίαν
743 1021 1011 1085 ἐξέτειναν
1037 1023 1134 1093 τήν
1171 1025 1397 1089 ἑαυτῶν,
1433 1025 1571 1078 ῶστε
1616 1027 1724 1080 τῶν
1767 1045 1864 1080 πε-

291 1106 467 1175 νήτων
495 1110 806 1178 προδιδόναι
827 1112 888 1164 τὸ
914 1112 1120 1166 δίκαιον
1145 1115 1286 1184 ὑπὲρ
1308 1115 1700 1169 εὐτελεστάτων
1727 1116 1864 1187 λημ-

296 1198 481 1267 μάτων
505 1215 517 1225 ·
560 1200 723 1252 τοῦτο
759 1201 867 1272 γὰρ
893 1202 1041 1270 δηλοῖ
1069 1202 1146 1270 τὸ,
1175 1223 1193 1255 ι
1231 1205 1586 1275 ὑποδημάτων
1627 1207 1733 1260 τῶν
1761 1226 1862 1262 πα-

291 1291 526 1344 τούντων
563 1295 661 1346 ἐπὶ
691 1294 784 1348 τὸν
820 1295 948 1364 χοῦν
999 1298 1095 1367 τῆς
1132 1299 1266 1368 γῆς,
1308 1318 1327 1351 ι
1371 1301 1504 1371 ὅπερ
1543 1295 1611 1372 ἦν
1643 1301 1860 1373 ἔλεγχος

295 1387 467 1455 σαφὴς
502 1386 603 1438 τοῦ
659 1387 866 1457 μηδένα
916 1389 1070 1457 λόγον
1111 1390 1377 1444 ποιεῖσθαι
1410 1393 1502 1444 τοῦ
1544 1392 1774 1458 δικαίου,
1808 1394 1862 1446 ετ

290 1492 353 1540 γε
395 1476 496 1530 καὶ
544 1475 635 1528 ἐπ’
689 1477 930 1530 εὐτελέσι
983 1480 1121 1532 αὐτά
1171 1480 1418 1552 λήμμασι
1481 1482 1858 1554 διεπράττοντο

291 1564 544 1628 εὐκόλως.
582 1584 600 1615 ι
649 1568 758 1619 Καὶ
787 1568 1119 1633 ἐκονδύλιζον
1165 1573 1243 1634 είς
1272 1572 1508 1644 κεφαλὰς
1540 1573 1787 1644 πτωχῶν.
1831 1591 1850 1625 ι

291 1657 406 1708 Τῶν
433 1657 620 1710 αὐτῶν
647 1657 818 1727 λέγει,
854 1660 932 1712 ὅτι
965 1661 1024 1713 οὐ
1050 1661 1206 1730 μόνον
1231 1663 1328 1716 οὐκ
1362 1665 1637 1734 ἐπήμυνον
1673 1665 1855 1727 αὐτοῖς

1973 486 2171 542 virtute
2217 497 2491 551 ornatum,
2543 487 2637 543 sed
2687 488 2838 542 illum
2881 489 2971 544 cui
3005 490 3059 544 in
3092 490 3263 544 litium
3303 502 3525 546 contro-

1969 575 2144 629 versia
2194 575 2286 644 jus
2353 591 2564 645 aequum
2622 576 2960 632 reddendum
3022 587 3157 634 erat.
3211 579 3300 633 Ait
3362 580 3524 650 igitur

1967 673 2188 734 propter
2225 668 2504 736 pecuniam
2540 667 2784 736 proditos
2821 667 2992 724 fuisse
3016 670 3284 734 homines,
3323 671 3524 740 quibus

1965 757 2192 826 aequitas
2243 757 2382 826 juris
2432 757 2663 812 favebat.
2699 757 3096 830 lntendensque
3143 762 3319 816 adhuc
3363 762 3522 816 verba

1966 848 2040 901 ait
2073 866 2088 902 :
2131 868 2149 900 1
2175 848 2239 902 Ει
2267 864 2557 919 pauperem
2590 857 2808 918 propter
2830 853 3196 907 calceamenta
3219 868 3340 922 qua:
3365 863 3522 907 terrae

1963 939 2238 1006 pulverem
2265 939 2496 993 calcant.
2526 959 2544 990 ι
2575 938 2759 1009 Usque
2804 941 2961 1005 adeo,
2996 942 3192 1012 inquit,
3246 951 3402 1012 turpe
3440 945 3519 997 lu-

1963 1045 2116 1084 crum
2151 1045 2310 1085 suum
2342 1029 2756 1100 ampliaverunt,
2788 1039 2847 1085 ut
2878 1047 3179 1102 pauperum
3194 1034 3285 1103 jus
3304 1045 3519 1104 propter

1962 1122 2224 1177 vilissima
2250 1136 2475 1176 munera
2512 1122 2822 1177 venderent.
2844 1121 2899 1176 ld
2922 1126 3067 1179 enim
3095 1125 3307 1181 valeant
3336 1129 3519 1193 verba,

1967 1211 2237 1281 «Propter
2289 1214 2675 1280 calceamenta,
2731 1230 2852 1284 qua:
2887 1223 3044 1269 terrae
3093 1217 3366 1285 pulverem
3403 1220 3518 1273 cal-

1960 1313 2107 1370 cant,
2140 1323 2158 1356 ι
2196 1304 2342 1372 quod
2376 1319 2506 1360 sane
2534 1305 2791 1360 indicium
2838 1306 3182 1362 manifestum
3229 1317 3364 1374 erat,
3394 1311 3516 1365 nul-

1958 1397 2064 1450 lam
2087 1398 2226 1466 atqui
2266 1397 2452 1452 haberi
2498 1395 2788 1460 rationem,
2833 1397 2877 1452 si
2927 1405 3038 1451 tam
3089 1398 3245 1453 facile
3276 1401 3346 1454 ob
3389 1403 3515 1457 vilia

1956 1487 2280 1542 munuscula
2312 1487 2384 1540 ita
2407 1502 2466 1541 se
2494 1473 2772 1557 gerebant.
2809 1505 2828 1539 ι
2855 1487 2916 1540 Et
2937 1503 3116 1557 pugno
3150 1490 3515 1546 verberabant

1956 1580 2131 1649 capita
2158 1596 2477 1650 pauperum.
2503 1599 2522 1632 ι
2558 1579 2824 1650 Loquitur
2855 1579 2921 1635 de
2947 1580 3160 1644 iisdem,
3203 1584 3384 1652 aitque
3403 1601 3512 1638 non

1956 1669 2131 1725 solum
2165 1667 2421 1724 defensos
2460 1682 2568 1722 non
2614 1667 2784 1724 fuisse
2825 1668 2917 1737 jus
2949 1676 3190 1737 petentes
3227 1685 3510 1739 pauperes.

291 1746 468 1801 δίκαια
489 1747 759 1815 αἰτοῦσιν,
783 1749 920 1804 ἀλλὰ
944 1751 1038 1804 καὶ
1061 1753 1461 1824 προσέπληττον
1479 1756 1667 1819 ἀδεῶς.
1695 1756 1848 1810 Ὅθεν

1958 1759 2053 1816 sed
2101 1761 2327 1815 licenter
2379 1760 2540 1815 etiam
2593 1760 2930 1813 verberatos.
2978 1757 3130 1813 Unde
3172 1738 3366 1815 additi:
3405 1762 3515 1815 «Et

290 1837 505 1903 ἐπάγει*
531 1858 549 1890 ι
580 1840 695 1892 Καὶ
710 1840 828 1894 ὁδὸν
851 1842 1118 1895 ταπεινῶν
1137 1843 1430 1908 ἐξέκλιναν.
1462 1865 1480 1896 ι
1502 1846 1611 1901 Kal
1633 1846 1740 1900 τῶν
1763 1864 1859 1900 πε-

289 1929 622 1998 πραγμένων
643 1931 830 1994 αὐτοῖς
850 1972 866 1994 ,
884 1931 1047 2002 φησὶν
1062 1973 1078 1998 ,
1111 1933 1284 2003 ὀρθῶς
1317 1935 1547 2005 ἐχόντων
1563 1977 1577 2000 ,
1609 1937 1696 2006 (p.
1719 1936 1854 2008 157)

292 2021 627 2090 μετέτρεπον
672 2023 754 2084 είς
792 2024 1097 2078 τούναντίον
1145 2025 1240 2095 τήν
1282 2027 1494 2095 κρίσιν,
1534 2027 1856 2096 ἀμελοῦντες

288 2111 464 2162 αὐτῶν
499 2110 590 2164 διὰ
622 2113 721 2182 τὴν
761 2116 1141 2185 ταπεινότητα.
1198 2134 1216 2167 ι
1254 2117 1361 2169 Καὶ
1395 2117 1507 2180 υίὸς
1549 2119 1643 2171 καὶ
1676 2118 1856 2189 πατὴρ

277 2201 451 2254 αὐτοῦ
511 2205 922 2274 εἰσεπορεύοντο
975 2208 1108 2279 πρὸς
1159 2208 1258 2278 τὴν
1308 2209 1475 2277 αὐτὴν
1528 2209 1817 2280 παιδίσκην
1839 2250 1852 2274 ,

287 2292 433 2355 ὅπως
459 2291 813 2364 βεϐηλώσωσι
855 2295 915 2347 τὸ
940 2296 1106 2366 ὄνομα
1135 2296 1227 2350 τοῦ
1260 2296 1395 2350 Θεοῦ
1421 2297 1626 2350 αὐτῶνο
1653 2299 1746 2352 καὶ
1785 2299 1855 2352 τὰ

291 2383 481 2451 ἱμάτια
509 2386 694 2439 αὐτῶν
721 2386 1072 2456 δεσμεύοντες
1103 2389 1352 2458 σχοινίοις
1381 2391 1854 2460 παραπετάσματα

288 2473 506 2527 ἐποίουν
560 2477 796 2545 ἐχόμενα
853 2476 948 2530 τοῦ
997 2477 1410 2549 θυσιαστηρίου·
1465 2480 1558 2532 καὶ
1603 2475 1742 2532 οἶνον
1789 2481 1852 2533 ἐκ

289 2566 660 2634 συκοφαντιῶν
702 2566 881 2619 ἔπινον
927 2569 984 2619 ἐν
1021 2567 1098 2638 τῷ
1140 2568 1272 2638 οῐκῳ
1304 2568 1396 2622 τοῦ
1423 2569 1555 2622 Θεοῦ
1582 2569 1782 2623 αὐτῶν.
1825 2589 1844 2621 ι

287 2656 364 2707 Δι’
398 2657 706 2728 ὑπερδολὴν
750 2658 1037 2726 ἀσελγείας
1066 2659 1250 2712 οὐδένα
1287 2659 1441 2727 λόγον
1472 2661 1590 2713 οὐδέ
1618 2660 1722 2713 τῶν
1751 2659 1851 2731 τῆς

287 2745 500 2814 φύσεως
552 2747 861 2817 ποιούμενοι
900 2749 1097 2817 νόμων,
1128 2751 1306 2820 πατήρ
1332 2768 1389 2802 τε
1420 2753 1513 2804 καὶ
1545 2752 1654 2814 υίὸς
1682 2752 1850 2815 ἀδεῶς

288 2838 676 2906 συνεμίγνυντο
728 2841 849 2902 ταῖς
907 2840 1122 2902 αὐταῖς⁹
1179 2843 1443 2910 τοσαύτης
1506 2841 1849 2913 βλασφημίας

285 2932 562 2999 παραίτιοι
601 2931 872 3000 γινόμενοι
910 2932 989 3001 τῷ
1031 2931 1183 3002 Θεῷ,
1225 2933 1282 2986 ὂν
1316 2933 1685 2986 ἐπικαλεῖσθαι
1736 2935 1848 2988 ἐδό-

282 3037 443 3072 κουν·
494 3021 592 3075 καὶ
650 3021 714 3090 δὴ
748 3021 949 3092 σκηνὰς
982 3023 1039 3088 ἐξ
1079 3024 1304 3092 ἱματίων
1353 3024 1846 3087 κατασκευάζοντες
1873 3066 1915 3122 c

283 3111 506 3182 πλησίον
553 3111 648 3164 τοῦ
679 3111 1087 3182 θυσιαστηρίου,
1133 3114 1224 3166 καὶ
1273 3114 1391 3166 οὐδέ
1437 3113 1534 3184 τὴν
1575 3113 1847 3183 ἐγγύτητα

283 3202 665 3272 ἐντρεπόμενοι
693 3202 800 3255 τῶν
828 3204 997 3272 ἁγίων
1016 3243 1031 3268 ,
1058 3205 1156 3274 τήν
1196 3222 1255 3257 τε
1285 3205 1578 3258 ἀκολασίαν
1621 3205 1846 3275 ἐξεπλή-

283 3310 408 3362 ρουν
437 3294 638 3364 ταύτην
658 3312 672 3325 ’
706 3295 800 3348 καὶ
828 3297 888 3347 ἐκ
923 3297 1021 3364 τῆς
1049 3295 1156 3349 τῶν
1190 3299 1431 3369 πενήτων
1467 3297 1724 3366 ἐπηρείας
1750 3296 1844 3360 οὒς

283 3383 637 3452 πολυτρόποις
668 3384 904 3453 ἠδίκουν,
939 3387 1126 3456 ἐορτήν
1157 3404 1277 3440 τινα
1316 3387 1451 3457 μετὰ
1485 3387 1652 3458 μέθης
1683 3388 1741 3440 ἐν
1768 3386 1845 3457 τῷ

281 3472 373 3524 τοῦ
405 3472 542 3526 Θεοῦ
568 3474 829 3526 συνίστων
852 3475 1003 3544 οἴκῳ.

354 3562 500 3632 Στίχ.
544 3563 710 3632 θ’-ιβ’.
741 3593 810 3603 -
845 3583 862 3615 ι
910 3562 1052 3632 Ἐγὼ
1081 3564 1137 3616 δὲ
1173 3565 1342 3635 ἐξῆρα
1384 3565 1476 3618 τὸν
1525 3567 1844 3638 Ἀμορῤαϊον

279 3654 342 3707 ἐκ
389 3653 684 3724 προσώπου
719 3653 928 3707 αὐτῶν·
971 3649 1030 3708 οὗ
1057 3650 1124 3726 ἦν
1169 3655 1346 3720 καθὼς
1386 3653 1519 3725 ὕψος
1553 3656 1745 3727 κέδρου
1782 3658 1843 3711 τὸ

281 3743 412 3812 ὕψος
434 3743 622 3808 αὐτοῦ,
655 3746 750 3797 καὶ
780 3745 996 3815 ἰσχυρὸς
1029 3741 1096 3816 ἦν
1123 3745 1197 3809 ὡς
1225 3745 1354 3815 δρύς
1373 3763 1388 3778 ο
1431 3747 1525 3799 καὶ
1555 3747 1724 3817 ἐξῆρα
1753 3748 1844 3801 τὸν

280 3836 490 3905 καρπὸν
521 3835 686 3887 αὐτοῦ
730 3835 1022 3901 ἐπάνωθεν,
1061 3835 1155 3888 καὶ
1193 3836 1290 3899 τὰς
1337 3836 1490 3908 ῥίζας
1518 3838 1681 3891 αὐτοῦ
1713 3839 1843 3891 ὑπο-

281 3927 524 3981 κάτωθεν
542 3943 559 3958 ⁸
587 3928 679 3980 καὶ
701 3926 812 3995 ἐγὼ
831 3927 1103 3996 ἀνήγαγον
1131 3928 1272 3998 ὑμᾶς
1305 3931 1368 3982 ἐκ
1404 3931 1504 3999 γῆς
1528 3929 1800 3998 Αἰγύπτου
1827 3947 1839 3959 ·

279 4018 371 4069 καὶ
421 4017 759 4088 περιήγαγον
803 4017 946 4086 ὑμᾶς
992 4019 1048 4069 ἐν
1107 4022 1173 4090 τῇ
1202 4019 1394 4089 ἐρήμῳ
1437 4021 1842 4090 τεσσαράκοντα

279 4107 396 4175 ἐτη,
447 4107 542 4162 τοῦ
587 4106 1132 4180 κατακληρονομῆσαι
1176 4111 1275 4181 τὴν
1325 4112 1428 4181 γῆν
1467 4112 1836 4183 Ἀμορραίων·

279 4201 370 4252 καὶ
390 4199 581 4252 ἔλαϐον
598 4199 664 4253 ἐκ
684 4200 792 4252 τῶν
811 4200 942 4254 υἱῶν
967 4201 1119 4271 ὑμῶν
1142 4203 1221 4266 είς
1239 4203 1542 4274 προφήτας,
1589 4205 1605 4272 (
1626 4219 1682 4274 Po
1706 4203 1838 4272 158)

279 4290 372 4343 καὶ
410 4293 476 4343 ἐκ
505 4290 615 4344 τῶν
668 4291 962 4345 νεανίσκων
1014 4293 1167 4361 ὑμῶν
1214 4295 1294 4355 είς
1337 4293 1622 4364 ἁγιασμόν.
1663 4311 1682 4344 ι
1730 4295 1839 4347 Καὶ

275 4380 444 4434 ταῦτα
475 4380 894 4451 διεπράττεσθε,
929 4382 1040 4437 τῶν
1067 4384 1391 4454 εὐεργεσιῶν
1413 4386 1474 4438 οὐ
1509 4385 1839 4454 μεμνημένοι

274 4474 379 4524 τῶν
411 4472 587 4543 ἐμῶν,
617 4472 730 4527 οὔθ’
779 4476 861 4528 ὅτι
891 4474 982 4528 τὸν
1019 4475 1338 4546 Ἀμορῤαῖον
1375 4476 1546 4539 οὕτως
1577 4476 1747 4546 μέγαν
1775 4492 1834 4527 τε

275 4561 398 4615 ὅντα
427 4565 526 4617 καὶ
553 4564 779 4616 δυνατὸν
824 4564 1102 4625 παντελῶς
1140 4565 1402 4633 ἠφάνισα,
1443 4566 1560 4618 οὐδέ
1588 4565 1835 4634 λείψανον

273 4651 432 4704 αὐτοῦ
463 4669 522 4704 τι
551 4651 872 4706 καταλιπὼν
897 4653 989 4704 ἐπὶ
1012 4656 1110 4718 τῆς
1147 4652 1252 4722 γῆς
1273 4669 1287 4683 ·
1316 4653 1424 4705 οὐδ’
1455 4654 1535 4705 ὄτι
1566 4652 1836 4706 δουλεύον-

271 4756 363 4806 τας
387 4743 538 4812 ὑμᾶς
569 4741 838 4812 ἐξήγαγον
873 4741 937 4807 ἐξ
965 4743 1237 4811 Αἰγύπτου
1256 4760 1270 4774 ⁶
1301 4743 1407 4796 οὐδ’
1446 4744 1527 4796 ὅτι
1562 4743 1700 4796 κατά
1735 4742 1834 4811 τὴν

273 4829 466 4902 ἔρημον
494 4834 909 4904 τεσσαράκοντα
951 4835 1091 4904 ὑμᾶς
1119 4834 1211 4906 ἐτη
1245 4833 1500 4905 διέθρεψα
1545 4834 1830 4898 ποικίλως’

272 4922 402 4977 ὥστε
429 4924 536 4994 τὴν
564 4925 677 4978 τῶν
721 4926 1056 4997 Ἀμορραίων
1087 4927 1189 4995 γῆν
1219 4927 1315 4997 τὴν
1336 4927 1488 4978 οὐθέν
1510 4927 1639 4996 ὑμῖν
1669 4943 1833 4995 προσ-

270 5015 500 5083 ήκουσαν
524 5016 606 5080 είς
627 5015 821 5084 κτῆσιν
843 5019 1140 5086 παρασχεῖν
1159 5033 1173 5047 ·
1203 5016 1287 5084 ἐφ’
1310 5011 1390 5078 οἷς
1423 5015 1593 5069 ἅπασι
1616 5034 1830 5086 προφη-

270 5105 415 5174 τικῆς
441 5123 506 5158 τε
532 5106 757 5176 χάριτος
770 5105 934 5169 ἐνίοις
965 5105 1117 5176 ὑμῶν
1138 5106 1224 5157 ἐπ’
1254 5105 1489 5174 ὠφελείᾳ
1521 5105 1615 5158 τοῦ
1649 5105 1829 5158 κοινοῦ

271 5197 606 5262 μεταδέδωκα
628 5214 642 5228 ’
659 5195 754 5250 καὶ
769 5195 836 5266 δὴ
853 5195 946 5248 καί
961 5212 1112 5258 τινας
1127 5195 1234 5249 τῶν
1255 5197 1312 5247 ἐν
1325 5197 1353 5247 ὑ
1363 5195 1829 5265 μῖνέπελεξάμην,

267 5284 330 5348 ὡς
354 5285 416 5338 ἂν
447 5283 870 5356 ἐπιμελεστέρῳ
917 5300 977 5335 τε
1005 5285 1098 5336 καὶ
1143 5283 1406 5353 κρείττονι
1451 5283 1832 5352 προσανέχοιεν

267 5373 379 5445 βίῳ,
409 5379 618 5448 κόσμον
647 5375 826 5428 ἅπασι
855 5371 1108 5441 φέροντες
1135 5375 1246 5435 τοῖς
1265 5373 1487 5435 λοιποῖς.
1515 5374 1623 5426 Καὶ
1646 5371 1830 5443 ἐπειδὴ

263 5467 416 5521 ταῦτα
457 5469 704 5541 πρόδηλα
754 5466 928 5518 πᾶσιν
956 5458 1044 5533 ἦν,
1078 5465 1279 5534 ὁμοίως
1319 5464 1504 5516 εἰπών·
1550 5484 1566 5516 ι
1608 5465 1698 5534 Μὴ
1736 5466 1834 5517 οὐκ

262 5557 363 5612 εστι
410 5556 735 5626 ταῦτα,υίο“ι
805 5553 1045 5624 Ἰσραὴλ,
1095 5553 1240 5622 λέγει
1290 5553 1520 5622 Κύριος;
1565 5573 1581 5606 ι
1620 5554 1691 5607 Οὐ
1723 5553 1829 5622 γὰρ

261 5647 457 5708 δυνατὸν
479 5652 630 5724 ὑμῖν,
663 5643 868 5718 φησὶν,
899 5640 1174 5713 ἀρνεῖσθαι
1207 5641 1376 5695 ταῦτα
1405 5641 1573 5704 οὕτως
1608 5641 1820 5712 ἔχοντα.

1956 1851 2098 1906 viam
2130 1849 2411 1904 humilium
2441 1850 2810 1905 declinabant.
2839 1868 2857 1901 ι
2889 1849 3133 1919 Cumque
3151 1850 3361 1907 illorum
3393 1861 3513 1908 acta

1953 1947 2100 1996 recte
2121 1955 2180 1995 se
2211 1940 2494 2004 haberent,
2523 1937 2853 1994 contrariam
2891 1941 3215 1995 sententiam
3247 1944 3508 2009 tulerunt,

1966 2031 2270 2099 despicatui
2324 2030 2584 2084 habentes
2652 2029 2896 2097 ipsorum
2955 2029 3332 2086 hiunilitatem.
3403 2031 3511 2090 «Ει

1955 2122 2100 2176 filius
2155 2136 2218 2176 ac
2269 2128 2420 2190 pater
2473 2120 2592 2189 ejus
2642 2122 3084 2191 ingrediebantur
3135 2122 3202 2176 ad
3261 2125 3505 2178 eamdem

1952 2213 2207 2282 puellam,
2233 2218 2290 2264 ut
2311 2212 2958 2266 contaminarentnomen
2991 2211 3082 2266 Dei
3124 2214 3229 2268 sui.
3250 2213 3314 2268 Et
3340 2215 3509 2269 vesti-

1953 2309 2134 2356 menta
2159 2315 2255 2356 sua
2292 2301 2550 2356 funiculis
2579 2302 2883 2370 alligantes,
2921 2301 3078 2373 104
3111 2302 3384 2358 faciebant
3415 2322 3509 2360 ve-

1951 2391 2151 2444 lamina
2185 2390 2339 2459 juxta
2367 2391 2537 2445 altare
2575 2409 2588 2443 :
2624 2400 2676 2445 ct
2715 2394 2899 2447 vinum
2935 2393 3002 2448 de
3030 2395 3318 2451 calumniis
3365 2397 3510 2452 bibe-

1952 2479 2082 2534 bant
2121 2482 2174 2534 in
2204 2480 2366 2534 domo
2408 2479 2502 2534 Dei
2535 2481 2640 2536 sui.
2680 2501 2698 2533 ι
2734 2479 2960 2550 Propter
2997 2483 3286 2538 immanem
3328 2486 3509 2540 libidi-

1950 2587 2094 2637 nem,
2128 2582 2335 2626 natura:
2370 2573 2516 2642 leges
2558 2573 2709 2642 pensi
2766 2589 2876 2627 non
2935 2575 3225 2638 habebant,
3251 2586 3509 2646 paterque

1950 2676 2014 2716 ac
2065 2662 2206 2717 filius
2265 2670 2514 2732 proterve
2561 2662 2759 2718 iisdem
2817 2662 3033 2719 feminis
3098 2666 3505 2721 miscebantur:

1950 2759 2115 2806 tanta:
2170 2767 2230 2806 se
2266 2753 2610 2822 blasphemiae
2665 2753 2806 2821 apud
2854 2751 3021 2811 Deum
3053 2770 3176 2810 reos
3223 2755 3505 2822 facientes,

1948 2857 2108 2910 quem
2140 2842 2396 2897 invocare
2433 2843 2778 2896 videbantur.
2815 2841 2956 2907 Quin
3002 2845 3164 2898 etiam
3200 2846 3503 2914 papiliones

1947 2945 2012 2984 ex
2043 2931 2156 2985 suis
2183 2931 2424 2985 vestibus
2453 2932 2556 2985 sibi
2601 2931 2741 3000 apud
2773 2933 2944 2988 altare
2961 2915 3275 3002 tendebant,
3311 2952 3379 2991 ne
3401 2937 3505 2992 loci

1948 3020 2124 3075 sancti
2171 3021 2386 3089 quidem
2431 3020 2887 3090 propinquitatem
2953 3033 3286 3088 reverentes,
3321 3025 3506 3094 ibique

1948 3111 2088 3165 hanc
2153 3111 2429 3165 libidinem
2499 3112 2811 3180 explebant.
2885 3110 3022 3167 Tum
3087 3115 3154 3170 de
3205 3132 3503 3188 pauperum

1945 3203 2164 3267 damno,
2190 3217 2324 3272 quos
2355 3203 2638 3271 multiplici
2669 3205 2932 3273 injustitia
2974 3209 3258 3268 vexabant.
3306 3210 3504 3264 soles:-

1943 3293 2165 3347 nitatem
2201 3294 2306 3347 sibi
2337 3293 2739 3360 quodammodo
2781 3310 2890 3350 non
2949 3297 3067 3351 sine
3099 3298 3321 3367 crapula
3356 3300 3500 3353 intra

1943 3382 2037 3438 Dei
2083 3382 2302 3437 domum
2327 3384 2751 3438 constituebant.

2009 3564 2338 3620 Vens.9-l2.
2356 3594 2428 3606 -—
2444 3583 2460 3613 ‹
2486 3564 2550 3617 Et
2576 3572 2757 3620 tamen
2773 3581 2873 3636 ego
2889 3581 3008 3620 sum
3027 3565 3119 3634 qui
3143 3567 3501 3622 exterminari

1941 3655 2312 3708 Amorrhasum
2369 3669 2399 3707 a
2456 3654 2594 3710 facie
2633 3671 2848 3718 eorum,
2898 3655 3055 3723 cujus
3085 3656 3314 3710 altitudo
3358 3660 3501 3714 sicut

1941 3745 2090 3798 cedri
2125 3746 2428 3814 proceritas
2465 3756 2603 3810 erat,
2651 3755 2705 3800 et
2735 3745 2900 3799 robur
2929 3755 2986 3798 ut
3034 3762 3274 3816 quercus
3307 3767 3320 3802 :
3365 3752 3498 3806 abso‘

1941 3836 2150 3903 tulique
2217 3834 2453 3890 fructum
2508 3836 2627 3903 ejus
2692 3837 2944 3906 desuper,
3003 3848 3056 3891 et
3111 3839 3324 3896 radices
3375 3843 3496 3910 ejus

1942 3927 2148 3982 subter.
2187 3925 2296 3996 Ego
2327 3943 2445 3982 sum
2475 3929 2568 3997 qui
2602 3944 2696 3984 vos
2713 3929 2780 3983 de
2805 3930 3024 3997 regione
3056 3929 3274 3999 XEgypti
3305 3933 3493 3995 eduxi,

1941 4027 1996 4074 et
2017 4019 2378 4088 quadraginta
2433 4021 2591 4074 annis
2648 4021 2704 4074 in
2757 4021 2972 4074 deserto
3017 4021 3380 4088 circumduxi,
3438 4031 3497 4078 ut

1940 4109 2376 4164 Amorrhaeorum
2431 4112 2706 4178 regionem
2751 4110 3125 4180 possideretis.
3177 4111 3499 4182 Assumpsi-

1940 4200 2138 4271 que,de
2159 4201 2286 4257 filiis
2322 4201 2522 4257 vestris
2555 4202 2608 4255 in
2641 4203 2953 4271 prophetas,
3007 4211 3060 4258 et
3091 4204 3162 4259 de
3200 4204 3495 4273 juvenibus

1942 4292 2139 4347 vestris
2197 4292 2253 4344 in
2321 4291 3028 4358 sanctificationemn‘i'os,
3079 4293 3319 4363 inquam,
3368 4298 3494 4350 talia

1874 4393 1916 4447 ι)
1945 4381 2202 4450 patrastis
2254 4380 2640 4436 beneficiorum
2671 4398 2914 4436 meorum
2959 4383 3306 4440 immemores
3348 4403 3362 4438 :
3396 4402 3494 4440 nec

1941 4469 2086 4538 quod
2125 4483 2224 4538 ego
2251 4469 2620 4524 Amorrhmum
2659 4479 2815 4524 talem
2855 4480 3171 4539 tantumque
3206 4487 3268 4524 ac
3308 4482 3495 4540 poten-

1942 4567 2049 4614 tem
2098 4572 2324 4625 prorsus
2368 4557 2759 4622 destruxerim,
2824 4558 2989 4614 nullis
3023 4560 3142 4627 ejus
3201 4561 3403 4615 relictis
3439 4564 3493 4617 in

1942 4656 2085 4703 terra
2113 4647 2359 4718 vestigiis
2391 4667 2403 4702 :
2437 4662 2538 4702 nec
2567 4647 2712 4718 quod
2751 4663 2850 4703 vos
2876 4649 3126 4702 servituti
3151 4651 3493 4718 mancipatos

1940 4739 2006 4794 de
2027 4738 2262 4810 Egypto
2296 4739 2574 4794 eduxerim
2612 4759 2622 4794 :
2652 4754 2751 4794 nec
2785 4741 2943 4793 annis
2963 4740 3322 4810 quadraginta
3354 4744 3493 4794 mul-

1943 4828 2178 4883 tifariam
2209 4843 2306 4884 vos
2341 4829 2396 4884 in
2435 4829 2653 4884 deserto
2681 4829 2906 4884 aluerim
2928 4829 3129 4892 ,donec
3151 4830 3492 4885 Amorrhseo-

1942 4933 2061 4972 rum
2106 4920 2384 4990 regionem
2441 4921 2590 4973 nullo
2639 4921 2876 4974 humano
2926 4919 3047 4987 jure
3087 4919 3152 4973 ad
3191 4935 3285 4975 vos
3337 4923 3495 4989 perti-

1939 5018 2155 5065 nentem
2227 5011 2479 5078 potestati
2558 5021 2750 5065 vestrm
2811 5009 3032 5063 tradidi.
3101 5009 3308 5064 Praeter
3379 5011 3492 5065 haec
3561 5034 3566 5039 ·

1939 5099 2140 5164 omnia,
2174 5101 2464 5154 nonnullos
2496 5097 2995 5165 vestrum,publica:
3031 5099 3276 5153 utilitatis
3302 5115 3487 5165 causa,

1940 5189 2263 5257 prophetica:
2291 5205 2504 5258 quoque
2534 5188 2718 5258 gratia:
2767 5186 2868 5240 feci
2902 5186 3190 5254 participes
3224 5188 3493 5258 :denique

1939 5287 1992 5333 ct
2025 5294 2091 5332 ex
2131 5279 2284 5333 vobis
2311 5280 2522 5348 aliquos
2545 5277 2736 5346 delegi,
2773 5276 2862 5345 qui
2898 5277 3223 5330 accuratiori
3251 5281 3491 5334 meliori-

1939 5383 2044 5437 que
2071 5369 2193 5423 vitm
2225 5369 2405 5438 generi
2443 5367 2661 5432 addicti,
2706 5374 3024 5419 ornamento
3043 5368 3253 5422 czeteris
3284 5379 3485 5423 essent.

1939 5459 2004 5512 Et
2033 5461 2158 5528 quia
2201 5460 2314 5512 haec
2347 5459 2597 5510 omnibus
2628 5457 2913 5524 perspicua
2947 5464 3122 5521 erant,
3155 5459 3357 5524 pariter
3397 5462 3492 5514 ad-

1939 5548 2017 5601 dit
2047 5567 2058 5600 :
2096 5565 2112 5595 ι
2136 5547 2388 5613 Nunquid
2430 5561 2537 5598 non
2571 5546 2644 5598 ita
2667 5553 2769 5608 est,
2812 5546 2902 5599 ﬁlii
2938 5544 3178 5609 lsraelis.
3213 5547 3344 5601 dicit
3383 5549 3489 5599 Do-

1940 5639 2202 5693 minus?»
2247 5635 2497 5692 Profecto
2545 5636 2658 5690 haec
2707 5636 3012 5704 verissima,
3053 5639 3235 5707 negari
3273 5653 3302 5690 a
3335 5637 3493 5694 vobis
