3966 6134
261 307 362 363 261

1296 305 1840 365 COMMENTARIUS
1866 307 1933 363 IN
1973 304 2183 365 AIOSI
2219 305 2371 364 CAP.
2397 304 2492 362 111.

3403 308 3510 366 εει

265 420 488 483 ἑαυτοὺς
533 420 670 490 περὶ
717 420 946 491 ταύτης,
975 422 1071 476 καὶ
1107 421 1173 492 δὴ
1220 422 1490 494 καὶκοινῇ
1532 421 1725 495 γνώμῃ
1751 421 1848 492 τὴν

1951 420 2156 489 absque
2182 407 2280 476 Dei
2317 421 2596 476 voluntate
2620 434 2718 478 vos
2749 419 3149 493 aggrediemur.
3195 443 3213 472 ι
3235 421 3294 477 Si
3329 425 3508 494 rugict

265 509 573 582 ὁδοιπορίαν
638 509 866 576 ἀνύσαι,
920 512 1014 581 (p.
1059 512 1198 582 161)
1247 513 1516 580 ἐνδέξεται
1581 513 1680 566 καὶ
1719 513 1844 575 τοὺς

269 599 555 668 πολεμίους
614 598 692 670 μὴ
743 600 884 653 κατὰ
930 600 1154 671 γνώμην
1203 600 1298 654 τοῦ
1350 603 1485 656 Θεοῦ
1534 603 1709 656 ἐλθεῖν
1758 602 1842 669 ἐφ’

267 687 427 754 ὑμᾶς.
483 703 504 735 ι
541 687 608 739 Et
656 687 944 757 ἐρεύξεται
985 689 1118 743 λέων
1144 692 1209 744 ἐκ
1247 689 1341 744 τοῦ
1387 691 1591 762 δρυμοῦ
1647 691 1840 757 αὑτοῦ,

268 772 436 842 θήραν
487 775 594 827 οὐκ
643 775 814 845 ἔχων·
863 779 913 830 εί
971 777 1129 831 δώσει
1182 780 1420 849 σκύμνος
1461 779 1643 850 φωνὴν
1677 779 1842 834 αὑτοῦ

270 864 535 926 καθόλου,
583 864 684 918 ἐὰν
729 865 804 934 μὴ
831 866 1056 938 ἁρπάσῃ
1077 883 1149 919 τι.
1184 885 1203 917 ι
1241 868 1302 920 Et
1331 867 1633 937 ἐνδέχεται,
1673 867 1838 936 φησι,

269 955 455 1008 λέοντα
498 955 534 1026 ἦ
584 958 651 1010 ἐκ
694 957 796 1026 τῆς
857 957 1094 1027 μάνδραις
1139 957 1327 1028 βοῆσαι
1365 961 1459 1028 τῆς
1499 959 1733 1025 “amt
1766 957 1840 1028 μὴ

270 1048 437 1118 θήρας
488 1048 684 1118 ἔχοντα
732 1049 1082 1119 προσδοκίαν·
1131 1052 1180 1102 εί
1209 1051 1301 1103 καὶ¹
1343 1049 1623 1118 ἑωρακότα
1657 1067 1730 1112 τι,
1766 1048 1841 1120 μὴ

266 1140 546 1207 ἁρπάσαι·
600 1138 696 1192 καὶ
743 1139 851 1210 γὰρ
885 1141 978 1192 καὶ⁵
1023 1139 1256 1210 σκύμνον
1308 1140 1470 1193 πάλιν
1511 1139 1601 1194 τὸν
1656 1140 1842 1194 λέοντα

268 1229 449 1295 λέγει·
487 1227 564 1291 ὡς
593 1229 670 1280 ὅτ’
697 1227 762 1280 ἂν
787 1229 914 1300 είπῃ
935 1247 946 1258 ⁸
983 1249 1001 1280 ι
1043 1229 1107 1282 Τί
1139 1232 1284 1284 ἐστιν
1316 1231 1620 1302 ἄνθρωπος,
1664 1231 1696 1300 ἢ
1725 1231 1840 1295 υίὸς

271 1318 600 1387 ἀνθρώπους
637 1337 657 1368 ι
698 1320 761 1372 Ei
808 1320 988 1373 τοίνυν
1033 1320 1232 1384 ταῦτα,
1268 1323 1451 1392 φησὶν,
1495 1317 1606 1374 οἷόν
1644 1341 1702 1375 τε
1745 1339 1840 1392 γε-

271 1410 488 1473 νέσθαι,
523 1409 799 1478 ἐνδέχεται
826 1412 918 1465 καὶ
951 1412 1041 1464 τὸν
1074 1413 1326 1482 πολέμιον
1353 1413 1442 1466 τὸν
1472 1412 1736 1484 ὑμέτερον
1769 1415 1836 1484 τῇ

272 1501 358 1567 ἐφ’
384 1500 530 1570 ὑμᾶς
569 1501 715 1571 ὁρμῇ
750 1503 1089 1571 χρήσασθαι,
1124 1504 1198 1574 μὴ
1225 1505 1429 1568 πάντας
1471 1505 1614 1576 ὑμᾶς
1653 1505 1842 1575 ὥσπερ

272 1590 390 1643 τινὰ
441 1589 890 1659 συλλαμϐάνοντα
942 1593 1131 1664 θήραν.
1189 1611 1208 1644 ι
1249 1595 1310 1646 El
1360 1599 1605 1649 πεσεῖται
1655 1595 1840 1666 ὄρνεον

275 1685 362 1735 ἐπὶ
379 1682 481 1752 τὴν
509 1682 615 1750 γῆν
631 1682 757 1734 ἄνευ
780 1681 981 1745 ίξευτοῦ
1000 1699 1015 1714 ’
1031 1685 1079 1736 εί
1104 1683 1428 1754 χασθήσεται
1450 1686 1610 1754 παγὶς
1627 1685 1719 1738 ἐπὶ
1739 1685 1838 1754 τῆς

1949 509 2006 563 in
2039 511 2176 565 silva
2197 510 2304 572 leo.
2329 509 2436 566 nisi
2469 509 2720 566 habuerit
2744 509 3016 580 praedam;
3047 511 3094 568 si
3117 510 3266 566 dabit
3291 515 3509 571 catulus

1947 601 2069 669 ejus
2105 614 2293 658 vocem
2345 615 2499 658 suam
2532 601 2776 666 omnino,
2823 601 2930 656 nisi
2968 602 3170 671 aliquid
3201 607 3459 672 rapuerit.
3482 624 3503 658 ι

1951 686 2006 742 Si
2039 688 2152 744 fieri
2185 699 2362 759 potest
2395 699 2453 745 ut
2496 690 2582 745 leo
2609 690 2678 744 de
2723 690 2980 759 spelunca
3011 706 3109 746 sua
3137 693 3354 758 clamet,
3403 697 3507 751 nisi

1951 779 2076 834 ferte
2099 779 2376 849 capienda:
2404 779 2723 846 immineat;
2749 780 2831 835 vel
2858 783 2905 835 si
2935 782 3142 850 aliquid
3165 783 3364 846 videat,
3399 800 3506 838 non

1949 871 2142 941 rapiat.
2177 869 2312 924 Nam
2341 870 2506 926 etiam
2535 869 2799 928 vocabqu
2833 871 3046 926 catulus
3083 871 3290 928 leonem
3327 874 3510 930 denuo

1946 959 2114 1014 dicit:
2149 960 2310 1016 veluti
2340 960 2430 1015 ubi
2456 959 2693 1015 dicitur:
2738 977 2756 1010 ι
2777 960 2915 1026 Quid
2941 972 3024 1016 est
3047 961 3228 1028 homo,
3251 971 3346 1016 aut
3366 963 3509 1020 filius

1953 1050 2191 1106 hominis
2203 1049 2346 1104 “"1?
2363 1070 2382 1102 ι
2403 1049 2458 1104 Si
2479 1065 2628 1120 ergo,
2652 1050 2850 1121 inquit.
2868 1052 2981 1106 haec
2995 1052 3112 1107 fieri
3125 1054 3357 1122 possint,
3379 1062 3510 1112 tunc

1946 1141 2219 1210 continget
2244 1140 2432 1204 etiam,
2461 1148 2521 1194 ut
2561 1141 2736 1196 hostis
2767 1153 2946 1198 vester
2977 1143 3242 1200 adversus
3279 1161 3378 1202 vos
3409 1147 3509 1200 im-

1945 1238 2127 1301 petum
2150 1228 2334 1295 faciat,
2383 1231 2518 1304 quin
2544 1231 2706 1286 simul
2727 1247 2914 1288 omnes
2939 1249 3037 1289 vos
3083 1243 3339 1306 tanquam
3369 1253 3507 1308 pra:-

1945 1320 2069 1376 dam
2100 1321 2401 1376 venaticam
2454 1323 2657 1393 capiat.
2698 1343 2716 1376 ι
2741 1323 2796 1378 Si
2841 1325 2997 1379 cadet
3043 1326 3161 1381 avis
3213 1328 3268 1382 in
3299 1335 3507 1385 terrain

1945 1413 2150 1482 absque
2171 1427 2378 1482 aucupe
2405 1430 2420 1479 ;
2452 1413 2498 1467 si
2522 1413 2837 1470 demittetur
2859 1415 3086 1486 laqueus
3110 1417 3162 1472 in
3185 1427 3348 1484 terra,
3374 1419 3506 1489 quin

1946 1502 2153 1570 aliquid
2207 1503 2697 1573 comprehendat.»
2743 1502 2897 1558 Sicut
2925 1506 3090 1570 enim,
3135 1507 3333 1578 inquit,
3381 1523 3508 1564 aves

1945 1594 2015 1647 ab
2037 1593 2338 1662 aucupibus
2369 1594 2486 1663 capi
2516 1595 2727 1660 solent;
2768 1606 2820 1649 et
2857 1594 3036 1666 laquei
3070 1605 3200 1651 tunc
3228 1599 3384 1668 107
3413 1615 3510 1654 ex-

1945 1683 2126 1738 cidere
2162 1698 2286 1737 cum
2315 1684 2518 1753 aliquid
2543 1686 2987 1754 comprehensuri
3015 1695 3176 1742 sunt:
3225 1690 3299 1743 ita
3331 1699 3384 1743 et
3410 1706 3508 1745 vos

273 1775 402 1841 γῆς,
435 1775 566 1826 ἄνευ
595 1771 690 1824 τοῦ
722 1773 999 1826 συλλαϐεῖν
1033 1790 1104 1828 τι.
1151 1792 1170 1824 ι
1215 1775 1299 1836 Ὠς
1334 1773 1440 1845 γὰρ
1466 1775 1535 1828 τά
1565 1792 1624 1827 τε
1645 1774 1836 1844 ὄρνεα,

1951 1782 2149 1828 Lautum
2206 1775 2472 1827 malorum
2532 1776 2735 1844 perpeti
2786 1791 3014 1846 necesse
3067 1778 3192 1842 erit,
3256 1778 3509 1836 hostibus

275 1866 470 1932 φησὶν,
524 1863 631 1916 ὑπὸ
685 1865 915 1927 ίξευταίς
969 1863 1332 1934 λαμϐάνεσθαι
1393 1864 1613 1918 εἴωθεν·
1669 1865 1730 1919 αἴ
1781 1883 1838 1918 τε

272 1951 501 2018 παγίδες
538 1948 841 2019 τηνικαῦτα
868 1950 1170 2016 ἐκπίπτειν,
1205 1951 1373 2004 ἐπειδ’
1394 1952 1459 2006 ἄν
1498 1969 1550 2006 τι
1579 1953 1670 2006 καὶ
1720 1952 1837 2006 συλ-

1938 1859 2119 1910 divina
2147 1858 2424 1912 voluntate
2449 1858 2782 1912 irruentibus
2808 1866 2862 1912 et
2899 1861 3508 1930 comprehendentibus,

1939 1939 2049 1993 imo
2073 1946 2126 1994 et
2153 1939 2207 1992 in
2237 1939 2605 2009 captivitatem
2639 1955 2734 1995 vos
2763 1940 3180 1998 ahducentibus.
3216 1964 3234 1996 ι
3277 1945 3332 1997 Si
3355 1947 3507 2000 clan-

272 2042 572 2111 λαμϐάνειν
620 2040 918 2110 μέλλωσιν,
971 2039 1110 2094 οὑτω
1161 2043 1254 2095 καὶ
1317 2043 1459 2112 ὑμᾶς
1510 2043 1572 2096 τὸ
1624 2043 1843 2096 τοσοῦτο

1951 2030 2024 2090 get
2071 2021 2201 2075 tuba
2243 2021 2297 2074 in
2328 2021 2569 2086 civitate,
2619 2030 2674 2077 et
2702 2023 2937 2094 populus
2973 2040 3081 2078 non
3113 2039 3458 2095 expavescet.
3482 2045 3502 2080 ι

275 2134 455 2202 μεῖναι
503 2131 613 2184 τῶν
673 2131 858 2183 κακῶν
910 2129 1156 2200 ἀνάγκη,
1202 2130 1310 2184 τῶν
1369 2132 1643 2202 πολεμίων
1703 2133 1842 2186 κατά

272 2221 502 2290 γνώμην
546 2219 697 2274 θείαν
744 2223 1004 2275 ἐπιόντων
1041 2240 1099 2276 τε
1145 2224 1236 2276 καὶ
1287 2223 1840 2296 συλλαμϐανομένων,

274 2314 368 2367 καὶ
397 2313 464 2384 δὴ
510 2314 603 2367 καὶ
644 2314 726 2376 είς
771 2311 1142 2383 αἰχμαλωσίαν
1175 2316 1490 2384 ἀπαγόντων
1521 2317 1682 2387 ὑμᾶς.
1722 2335 1739 2368 ι
1779 2317 1842 2370 El

274 2406 514 2476 φωνήσει
565 2403 797 2472 σάλπιγξ
843 2408 902 2457 ἐν
952 2406 1134 2465 πόλει,
1183 2408 1274 2460 καὶ
1299 2407 1426 2470 λαὸς
1450 2408 1511 2460 οὑ
1546 2408 1843 2478 πτοηθήσε-

269 2514 384 2550 ται.
424 2517 442 2546 ι
481 2497 543 2548 Εἰ
590 2496 858 2565 ἐνδέχεται
891 2497 1084 2568 ἀθρόον
1115 2497 1411 2566 σάλπιγγος
1445 2479 1503 2552 ἐν
1539 2499 1686 2552 πόλει
1714 2500 1839 2569 βοη-

276 2591 466 2658 σάσης,
497 2588 570 2657 μὴ
605 2590 736 2640 πᾶσι
758 2589 985 2656 πτόησιν
1011 2588 1324 2657 ἐγγενέσθαι
1353 2589 1446 2641 ἐπὶ
1476 2592 1540 2659 τῇ
1564 2588 1670 2641 τῶν
1696 2607 1843 2656 γινο-

278 2677 456 2747 μένων
494 2678 720 2749 ἀδηλίᾳ,
770 2677 1038 2742 ἐνδέξεται
1095 2680 1188 2733 καὶ
1239 2680 1380 2748 ὑμᾶς
1425 2679 1705 2750 ἀθορύϐως
1752 2681 1847 2732 καὶ

1942 2103 1997 2156 Si
2032 2104 2144 2157 fieri
2190 2112 2370 2173 potest
2398 2114 2476 2167 ut,
2512 2105 2641 2158 tuba
2677 2106 2730 2158 in
2778 2105 2994 2160 civitate
3033 2107 3337 2178 clangente,
3377 2124 3510 2164 con-

1942 2185 2205 2239 sternatio
2233 2199 2342 2238 non
2378 2185 2589 2239 accidat
2622 2186 2690 2240 iis
2720 2187 2812 2256 qui
2844 2189 2920 2242 rei
2949 2203 3174 2243 causam
3218 2192 3506 2261 ignorant:

1944 2275 2077 2320 tunc
2109 2281 2206 2320 vos
2237 2281 2452 2335 quoque
2483 2269 2732 2338 poteritis
2754 2271 3006 2338 intrepidi
3038 2282 3202 2341 atque
3228 2275 3512 2331 indemnes

1944 2349 2193 2404 bellicam
2217 2349 2406 2404 audire
2433 2352 2638 2405 tubam.
2682 2369 2700 2402 ι
2722 2349 2778 2408 Si
2801 2353 2907 2407 erit
2930 2369 3170 2409 erumna
3195 2357 3248 2410 in
3267 2358 3509 2422 civitate.

1945 2445 2108 2497 quam
2130 2428 2392 2485 Dominus
2412 2446 2518 2486 non
2538 2432 2798 2487 ell‘ecerit.
2822 2453 2841 2485 ›
2869 2433 3024 2489 Sicut
3046 2437 3149 2492 ista
3173 2439 3515 2508 impossibile

1945 2521 2028 2567 est
2057 2528 2163 2565 non
2194 2521 2318 2567 ante
2344 2513 2492 2567 dicto
2518 2515 2678 2568 modo
2709 2515 2847 2579 ﬁeri,
2867 2518 2938 2571 ita
2977 2519 3314 2589 impossibile
3347 2531 3432 2577 est
3457 2533 3513 2578 et

1955 2597 2164 2651 civitati
2194 2605 2388 2652 vestra:
2413 2600 2712 2667 quamlibet
2763 2615 3058 2656 aerumnam
3101 2607 3370 2673 accidere,
3406 2609 3513 2665 nisi

1957 2694 2077 2734 eam
2109 2678 2252 2733 Deus
2280 2681 2436 2735 vobis
2465 2679 2772 2735 adduxerit.

274 2773 525 2834 ἀϐλαϐῶς
552 2773 652 2842 τῆς
681 2773 978 2844 πολεμικῆς
1005 2775 1229 2827 ἀκοῦσαι
1263 2774 1579 2843 σάλπιγγος.
1621 2794 1639 2825 ι
1688 2776 1748 2828 Εἰ
1774 2776 1924 2827 ἐσται
1955 2773 2122 2828 κακία
2157 2775 2215 2827 ἐν
2243 2774 2415 2841 πόλει,
2445 2777 2462 2838 (
2482 2792 2533 2845 p.
2571 2776 2704 2846 f6!)
2729 2777 2797 2848 ἠν
2830 2778 3032 2848 Κύριος
3061 2781 3160 2834 οὑκ
3183 2782 3452 2853 ἐποίησεν.
3488 2803 3508 2840 ι

285 2864 375 2928 Ὧς
394 2867 450 2918 δέ
481 2865 654 2919 ταῦτα
682 2866 938 2920 ἀδύνατον
973 2868 1046 2937 μὴ
1081 2867 1200 2921 καθ’
1229 2867 1286 2921 ὃν
1318 2868 1422 2938 ἐφη
1443 2868 1694 2936 γενέσθαι
1722 2869 1942 2939 τρόπον,
1975 2869 2145 2932 οὕτως
2172 2869 2428 2922 ἀδύνατον
2452 2871 2544 2923 καὶ
2567 2871 2634 2924 τὰ
2667 2873 2791 2940 περὶ
2823 2873 2917 2942 τὴν
2940 2873 3092 2926 πόλιν
3123 2877 3220 2946 τὴν
3246 2878 3518 2950 ὑμετέραν

280 2958 550 3028 συμϐῆναι
581 2957 746 3021 κακὰ,
783 2959 858 3028 μὴ
885 2957 1020 3010 Θεοῦ
1042 2959 1412 3027 ἐπαγαγόντος
1441 2961 1589 3028 ὑμῖν.

348 3048 496 3116 Στξχ.
545 3047 677 3111 ιζ’-ι’.
708 3075 778 3087 --
817 3064 835 3098 ι
863 3046 1007 3099 Διότι
1057 3047 1130 3118 μὴ
1179 3050 1378 3121 ποιήσῃ
1421 3049 1624 3119 Κύριος
1661 3050 1688 3100 ὁ
1713 3047 1846 3108 Θεὸς

2025 3045 2192 3102 Vsns.
2240 3048 2392 3102 7-l0.
2426 3076 2496 3087 —
2535 3049 2935 3114 «Quamobrem
2997 3069 3107 3108 non
3162 3055 3320 3112 faciet
3373 3057 3515 3115 Deus

280 3141 424 3210 πρᾶγ
437 3154 532 3208 μα,
551 3137 648 3191 ἐὰν
677 3136 753 3208 μὴ
776 3137 1096 3209 ἀποκαλύψῃ
1124 3137 1368 3191 παιδείαν
1391 3137 1552 3192 αὑτοῦ
1580 3139 1710 3210 πρὸς
1725 3139 1850 3201 τοὺς

279 3227 497 3291 δούλους
525 3227 694 3281 αὑτοῦ
715 3228 838 3290 τοὺς
865 3230 1162 3299 προφήτας.
1193 3247 1210 3278 ι
1243 3229 1318 3282 Οὑ
1343 3229 1519 3283 τοίνυν
1548 3229 1666 3280 οὑδέ
1687 3230 1850 3299 ἡμεῖς

283 3320 462 3390 μάτην
496 3318 872 3388 φθεγγόμεθα,
913 3319 1026 3371 ἀλλ’
1075 3319 1244 3372 ὁπόσα
1283 3319 1416 3380 Θεὸς
1461 3319 1690 3372 δέδωκεν
1719 3319 1849 3389 ἡμῖν

283 3413 486 3462 εἰπεῖν’
527 3409 587 3471 ὃς
631 3408 737 3478 πρὸ
773 3409 880 3461 τῶν
926 3409 1260 3479 πραγμάτων
1303 3409 1546 3479 βούλεται
1593 3409 1658 3462 δι’
1694 3409 1850 3480 ήμῶν

285 3498 583 3568 μηνύε-τθαι
625 3497 695 3550 τά
738 3499 987 3567 ἐσόμενα,
1022 3499 1113 3551 καὶ
1142 3501 1283 3570 άπερ
1321 3502 1398 3562 είς
1438 3499 1712 3552 παίδευσιν
1756 3502 1852 3552 ἐπ-

284 3585 436 3650 άγειν
469 3584 650 3652 μέλλει
679 3584 777 3654 τὴν
812 3585 1077 3654 ὑμετέραν
1101 3602 1114 3615 ·
1151 3586 1224 3648 ὡς
1256 3587 1320 3640 ἂν
1365 3588 1587 3658 εἰδείητε
1617 3587 1724 3640 τῶν
1757 3587 1846 3639 ἐπ-

283 3678 565 3747 αγομένων
598 3676 722 3744 ὑμῖν
760 3675 943 3728 κακῶν
969 3678 1064 3746 τὴν
1096 3677 1289 3740 αἰτίαν,
1331 3680 1459 3748 παρ’
1489 3679 1610 3730 ὅτου
1655 3696 1714 3732 τε
1759 3679 1852 3731 καὶ

284 3767 425 3838 ὑπὲρ
453 3760 526 3818 ῶν
550 3766 849 3833 ἐπάγεσθαι
879 3765 1076 3836 μέλλει.
1111 3785 1129 3818 ι
1149 3768 1296 3820 Λέων
1327 3768 1621 3841 ἐρεὺξεται,
1654 3770 1746 3823 καὶ
1769 3770 1852 3833 τίς

283 3858 345 3910 οὑ
385 3857 794 3927 φοϐηθήσεται;
835 3857 1037 3927 Κύριος
1073 3859 1100 3909 ὁ
1143 3857 1271 3921 Θεὸς
1311 3859 1568 3930 ἐλάλησε,
1622 3862 1716 3914 καὶ
1769 3861 1853 3923 τίς

283 3947 346 4002 οὐ
387 3948 786 4018 προφητεύσει;
821 3966 838 3998 ι
904 3946 1026 4000 Οὑτ’
1073 3944 1162 4000 οὖν
1215 3949 1424 4012 Λέοντος
1483 3950 1852 4020 φθεγγομένου

291 4039 451 4107 μέγα,
484 4038 707 4090 δυνατὸν
735 4038 808 4108 μὴ
828 4038 978 4108 φόϐῳ
997 4038 1362 4108 λαμϐάνεσθαι
1391 4041 1457 4094 τὰ
1483 4044 1654 4113 κτήνη
1677 4060 1689 4072 °
1718 4042 1852 4095 Θεοῦ

286 4147 344 4182 τε
395 4130 852 4199 ἀποφαινομένου,
900 4131 1000 4183 οὑκ
1044 4131 1187 4186 ἐστιν
1228 4134 1372 4202 ἡμᾶς
1419 4132 1492 4202 μὴ
1529 4134 1666 4204 μετά
1704 4133 1855 4196 δέους

288 4221 676 4291 ὑπηρετεῖσθαι
698 4222 804 4283 τοῖς
833 4220 980 4291 αὐτῷ
999 4221 1258 4276 δοκοῦσιν.
1290 4240 1308 4274 ι
1332 4224 1719 4291 Ἀπαγγείλατε
1745 4224 1854 4294 χώ-

290 4329 408 4381 ραις
430 4312 824 4382 ἐνἋσσυρίοις,
847 4312 940 4365 κα)⁸
960 4311 1050 4364 ἐπὶ
1066 4312 1160 4374 τὰς
1179 4311 1359 4384 χώρας
1381 4315 1436 4365 ἐν
1466 4316 1534 4384 γῇ
1557 4314 1850 4382 Αίγύπτου’

1950 3138 2271 3208 quidquam,
2304 3139 2410 3192 nisi
2443 3142 2761 3194 revelaverit
2790 3143 3134 3213 disciplinam
3163 3162 3316 3202 suam
3340 3153 3518 3208 servis

1949 3231 2066 3284 suis
2090 3230 2389 3298 prophetis.
2419 3249 2437 3280 ι
2473 3229 2655 3301 Itaque
2679 3247 2748 3287 ne
2772 3248 2873 3288 nos
2901 3236 3117 3304 quidem
3150 3246 3350 3294 temere
3373 3244 3516 3311 apud

1949 3334 2045 3374 vos
2086 3320 2382 3389 loquimur,
2421 3322 2514 3375 sed
2566 3336 2688 3392 quae
2719 3321 2862 3380 Deus
2909 3327 3068 3381 nobis
3109 3330 3383 3385 commisit
3429 3333 3518 3385 di-

1949 3410 2154 3475 cenda;
2187 3411 2279 3479 qui
2316 3421 2442 3466 ante
2489 3427 2673 3467 rerum
2704 3423 2980 3480 eventum,
3009 3419 3124 3472 vult
3162 3434 3258 3487 per
3313 3435 3414 3474 nos
3451 3424 3518 3476 si.

1948 3499 2190 3570 gnificari
2247 3499 2450 3563 futura,
2501 3511 2555 3556 et
2585 3518 2708 3572 qua:
2737 3505 2803 3557 ad
2834 3508 3237 3576 correptionem
3272 3519 3512 3565 vestram

1951 3600 2175 3644 acturus
2203 3599 2323 3652 est;
2358 3601 2415 3646 ut
2439 3594 2680 3648 noscatis
2709 3589 3042 3650 inﬂictorum
3081 3599 3346 3654 malorum
3382 3617 3511 3658 cauo

1952 3698 2090 3747 sam,
2118 3690 2171 3736 et
2194 3698 2302 3750 quo
2324 3693 2548 3738 auctore
2578 3693 2633 3739 et
2658 3701 2819 3754 quam
2859 3688 2929 3740 ob
2959 3703 3071 3742 rem
3104 3699 3360 3744 eventura
3387 3694 3513 3752 sint.

1958 3792 1975 3823 ι
1997 3773 2104 3827 Leo
2133 3774 2330 3842 rugict.
2363 3782 2417 3828 et
2448 3773 2571 3843 quis
2600 3790 2707 3828 non
2730 3776 2977 3832 timebit?
3008 3777 3269 3836 Dominus
3299 3783 3515 3840 locutus

1953 3870 2056 3924 est,
2088 3871 2140 3915 ct
2167 3863 2290 3931 quis
2315 3879 2420 3916 non
2443 3863 2786 3932 prophetabit
2806 3865 2828 3917 ?
2848 3884 2865 3914 ι
2893 3864 3001 3922 Nec
3033 3869 3188 3924 leone
3213 3871 3373 3940 igitur
3401 3889 3515 3927 ma—

1953 3968 2112 4023 gnam
2146 3970 2330 4008 vocem
2353 3955 2566 4017 edente,
2591 3957 2704 4010 fieri
2744 3965 2922 4027 potest
2957 3968 3015 4013 ut
3077 3961 3262 4016 bestite
3300 3979 3405 4017 non
3423 3981 3517 4018 cx-

1955 4055 2278 4112 pavescant:
2336 4061 2511 4116 neque
2536 4045 2647 4100 Deo
2677 4050 2971 4114 revelaute,
3008 4049 3120 4106 ﬁeri
3158 4061 3334 4122 potest
3380 4071 3520 4124 quo-

1955 4137 2134 4191 minus
2168 4150 2266 4191 nos
2300 4151 2422 4190 cum
2457 4136 2652 4192 timore
2680 4137 3046 4209 obsequamur
3077 4145 3341 4196 voluntati
3373 4146 3512 4214 ejus.

1961 4248 1978 4279 ι
2001 4229 2334 4284 Annuntiate
2354 4229 2670 4299 regionibus
2687 4229 2828 4300 apud
2847 4231 3124 4303 Assyrios,
3145 4244 3198 4288 et
3221 4238 3518 4304 provinciis

1957 4319 2178 4373 interra
2221 4319 2465 4390 Egypti,
2515 4329 2568 4374 et
2615 4320 2829 4377 dicite:
2881 4322 3299 4396 Congregamini
3354 4346 3518 4398 super

288 4404 380 4456 καὶ
407 4404 598 4455 εῐπατε
622 4417 636 4431 ⁸
675 4402 979 4473 Συνάχθητε
1010 4403 1102 4455 ἐπὶ
1135 4404 1199 4458 τὰ
1245 4404 1344 4473 ὅρη
1385 4405 1713 4473 Σαμαρείας,
1764 4407 1848 4458 καὶ

1960 4419 2170 4465 montes
2201 4411 2479 4474 Samariae,
2508 4420 2561 4465 et
2585 4410 2758 4467 videte
2781 4415 3048 4470 mirabilia
3071 4418 3236 4471 multa
3263 4420 3314 4471 in
3341 4422 3517 4474 medio

289 4494 422 4546 ῐδετε
461 4492 753 4562 θαυμαστά
797 4492 962 4545 πολλὰ
997 4494 1054 4544 ἐν
1100 4493 1247 4564 μέσῳ
1276 4495 1463 4565 αὐτῆς,
1503 4496 1596 4547 καὶ
1629 4496 1860 4548 καταδυ-

288 4583 543 4636 ναστείαν
588 4586 646 4635 ἐν
690 4583 856 4652 αὑτῇο
899 4583 993 4636 καὶ
1045 4583 1142 4637 οὑκ
1187 4586 1326 4652 ἐγνω
1366 4584 1402 4638 ἃ
1447 4585 1596 4639 ἔσται
1623 4588 1862 4639 ἐναντίον

287 4677 476 4744 αὑτῆς,
501 4673 652 4739 λέγει
677 4672 893 4742 Κύριος.
926 4692 946 4724 ι
965 4673 1050 4735 Ὠς
1070 4674 1176 4744 γὰρ
1199 4675 1606 4746 πιστωσάμενος
1632 4676 1691 4728 τὸ
1722 4676 1861 4729 κατά

288 4764 513 4834 γνώμην
537 4762 673 4814 Θεοῦ
703 4763 926 4832 μηνύειν
953 4764 1132 4827 αὑτοῖς
1159 4765 1224 4817 τά
1255 4765 1506 4834 ἐσόμενα,
1542 4763 1747 4827 Πάντες
1775 4765 1858 4835 δὴ,

290 4852 769 4923 φησὶν,Ἀσσύριοί
802 4869 861 4904 τε
896 4855 988 4906 καὶ
1012 4854 1293 4922 Αἰγύπτιοι
1321 4857 1484 4926 ἥκετε
1512 4857 1601 4908 ἐπὶ
1637 4856 1732 4926 τὴν
1752 4858 1858 4911 Σα-

293 4944 518 5014 μάρειαν
547 4943 803 5012 ὀψόμενοι
830 4943 993 5015 ἡλίκῃ
1038 4947 1174 4999 κατά
1203 4946 1308 4998 τῶν
1341 4947 1735 5018 ἀσθενεστέρων
1774 4949 1861 5000 κέ-

289 5051 514 5104 χρηνται
534 5037 600 5104 τῇ
631 5033 949 5103 δυναστείᾳ·
972 5035 1176 5105 (p.165)
1195 5038 1291 5089 ούκ
1313 5037 1748 5108 ἀναλογιζόμενοι
1775 5034 1860 5091 οἷα

290 5124 561 5176 πείσονται
592 5122 734 5194 ὑπὲρ
768 5122 990 5188 τούτων,
1024 5124 1373 5194 ὀργιζομένου
1406 5130 1522 5180 κατ’
1563 5130 1739 5181 αὐτῶν
1769 5130 1860 5181 τοῦ

288 5213 413 5266 Θεοῦ
437 5231 452 5245 ο
480 5213 762 5280 γνώσεσθε
791 5213 899 5282 γάρ
928 5214 1008 5264 ὅτι
1034 5213 1242 5268 δικαίαν
1271 5219 1450 5281 αὑτοῖς
1474 5220 1611 5290 ὑπὲρ
1645 5214 1718 5272 ὧν
1748 5220 1860 5273 δια-

289 5305 610 5375 πράττονται
631 5303 886 5371 τοιαύτην
911 5303 1104 5370 ἐπάγει
1132 5305 1228 5374 τὴν
1255 5309 1513 5379 τιμωρίαν
1535 5326 1545 5337 -
1576 5310 1859 5379 πεπολιορ-

286 5399 503 5466 κηκότες
545 5397 662 5465 γὰρ
716 5394 918 5457 αὐτοὺς
959 5395 1248 5466 Ἀσσύριοι,
1300 5400 1425 5462 τοὺς
1467 5403 1860 5470 καταπεφευγό-

275 5505 364 5555 τας
387 5492 445 5558 ἐξ
476 5488 674 5544 αὐτῶν
706 5485 802 5538 ἐπὶ
832 5486 934 5555 τὴν
963 5487 1253 5555 Αἴγυπτον,
1285 5489 1598 5552 ἐξείλκυσάν
1632 5509 1690 5544 τε
1721 5493 1860 5545 ἐκεῖ-

323 5695 446 5730 ιιι-ιτ
486 5690 653 5749 Psal.
702 5702 825 5752 vm,
866 5686 924 5740 5.
1001 5684 1047 5718 ’⁵⁸
1080 5683 1205 5741 Ose.
1248 5701 1323 5754 ix,
1357 5687 1406 5741 6.

1959 4501 2133 4563 illius,
2167 4509 2220 4555 et
2249 4503 2657 4571 oppressionem
2692 4505 2744 4556 in
2794 4519 2888 4557 ea:
2923 4514 2977 4559 et
3016 4506 3227 4574 ignorat
3270 4525 3389 4577 qua:
3425 4510 3521 4562 im-

1956 4593 2166 4645 minent
2196 4607 2381 4646 coram
2411 4594 2549 4663 ipsa,
2581 4594 2657 4647 ait
2680 4592 2960 4651 Dominus.
2981 4614 3001 4647 ι
3035 4597 3200 4662 Quasi
3220 4600 3330 4667 jam
3359 4600 3516 4655 Iidem

1958 4681 2324 4748 impetraSset,
2372 4699 2430 4738 se
2477 4683 2760 4738 voluntate
2815 4684 2906 4738 Dei
2965 4688 3163 4756 populo
3211 4690 3520 4758 significare

1958 4772 2139 4826 futura
2162 4817 2174 4840 ,
2200 4773 2422 4842 Omnes,
2460 4776 2658 4846 inquit,
2691 4776 2900 4847 Assyrii
2939 4785 3100 4847 atque
3139 4777 3267 4849 Eg)
3283 4782 3398 4849 ptii,
3425 4797 3518 4836 ve-

1957 4865 2067 4917 nite
2086 4863 2406 4932 Samariam,
2437 4877 2488 4921 et
2513 4868 2689 4923 videte
2725 4877 2927 4938 quanta
2956 4871 3028 4924 ibi
3066 4873 3134 4925 sit
3160 4873 3516 4929 inlirmiorum

1956 4957 2268 5025 oppressio;
2325 4959 2453 5012 dum
2500 4975 2605 5012 non
2652 4969 2868 5030 reputat
2925 4960 3038 5015 fore
3072 4971 3128 5014 ut
3166 4963 3368 5030 justam
3412 4967 3515 5020 sibi

1957 5055 2178 5116 propter
2209 5063 2306 5102 sua
2341 5048 2582 5104 facinora
2618 5050 2758 5105 Deus
2800 5066 3013 5120 pinnam
3047 5053 3205 5122 108
3234 5054 3393 5107 talem
3428 5057 3522 5111 im-

1960 5147 2141 5205 ponat.
2167 5135 2300 5190 Nam
2326 5153 2447 5190 cum
2467 5140 2677 5210 Assyrii
2702 5157 2818 5194 eam
2838 5143 3188 5204 obsederunt,
3215 5145 3336 5201 illos
3357 5150 3517 5204 etiam

1963 5227 2054 5295 qui
2083 5227 2229 5279 illinc
2257 5227 2322 5279 ad
2345 5226 2631 5298 Egyptios
2659 5231 3028 5299 profugerant,
3075 5234 3309 5288 indidem
3348 5254 3519 5291 του-ιι-

1966 5327 2178 5382 xerunt,
2207 5327 2259 5372 et
2285 5321 2422 5388 apud
2459 5322 2630 5388 ipsam
2655 5323 2945 5392 {Egyptuiu
2979 5326 3306 5393 puniverunt
3333 5348 3344 5383 :
3381 5334 3523 5386 sicut

1964 5411 2126 5463 etiam
2159 5409 2300 5478 apud
2326 5411 2519 5463 Oscam
2550 5411 2804 5465 dicitur“
2821 5455 2834 5480 ,
2857 5417 3000 5483 quod
3021 5435 3036 5466 ι
3057 5414 3128 5469 Ex
3151 5415 3364 5488 A‘Sgypti
3383 5425 3524 5475 cala-

1971 5499 2156 5554 mitate
2184 5497 2496 5568 procedent,
2544 5508 2597 5555 et
2629 5503 2856 5572 excipiet
2909 5521 3001 5559 cos
3033 5505 3312 5578 Memphis,
3346 5519 3400 5564 et
3430 5529 3521 5569 eos
