3966 6134
433 293 540 353 263
1623 291 1976 348 THEODORI
2004 291 2490 349 MOPSUESTEM
3579 286 3683 342 266

439 409 720 466 Machmas
739 412 980 482 sepeliet.
995 431 1012 465 ι
1027 410 1323 483 Pr0pterea
1347 411 1512 482 igitur
1532 411 1597 464 ad
1627 425 1722 466 eos
1748 410 2003 479 loquitur,

2113 411 2224 476 θεν,
2262 411 2357 465 καὶ
2383 411 2471 464 ἐπ’
2498 409 2667 480 αὐτῆς
2703 409 3112 480 ἐτιμωρήσαντο
3140 407 3238 478 τῆς
3267 405 3544 474 Αἰγύπτου
3565 420 3579 432 ·
3611 413 3690 470 ὼς

437 506 496 555 ut
517 515 691 571 poena:
707 517 820 557 sua:
840 516 1058 557 causam
1081 512 1437 573 cognoscant.
1469 520 1486 552 ι
1511 501 1611 566 Qui
1634 501 2003 555 thesaurizant

2110 503 2205 554 καὶ
2251 501 2400 573 παρὰ
2452 501 2529 572 τῷ
2583 501 2740 571 Ὠσηέ
2801 517 2986 572 φησιν,
3035 501 3116 553 ὅτι
3164 499 3570 566 Πορεύσονται
3615 498 3690 550 ἐκ

437 593 780 663 iniquitatem
803 600 858 647 et
877 593 1151 647 miseriam
1173 593 1228 648 in
1250 593 1563 664 regionibus
1584 595 1718 646 suis.
1733 610 1752 644 ι
1787 591 2003 646 Multam

2108 593 2509 659 ταλαιπωρίας
2553 593 2882 660 Αἰγύπτου,
2958 589 3057 644 καὶ
3101 588 3405 652 ἐκδέξεται
3461 586 3692 651 αὐτοὺς

434 683 579 735 enim
617 692 672 736 et
704 683 1053 737 immodicam
1077 683 1344 739 adversus
1369 697 1638 754 pauperes
1667 682 2003 751 iniquitatem

2110 679 2360 749 Μέμφις,
2390 680 2490 735 καὶ
2517 680 2694 749 θάψει
2725 681 2946 746 αὐτοὺς
2976 679 3244 749 Μαχμὰς.
3279 679 3378 730 Διὰ
3401 676 3559 731 τοῦτο
3591 673 3689 730 οὖν

435 781 824 835 exercuerunt,
859 773 1196 829 multimodis
1223 789 1318 829 eos
1345 773 1642 828 allicientes
1672 772 1913 840 injuriis.

2113 769 2249 839 πρὸς
2282 770 2519 833 ἐκείνους
2559 771 2746 839 φησὶν,
2780 769 2854 832 ώς
2899 769 2964 822 ἂν
3007 768 3197 838 μαθεῖν
3225 766 3538 835 ὀφείλοντας
3585 766 3689 834 τῆς

432 861 699 934 τιμωρίας
730 863 908 916 αὐτῶν
944 863 1041 924 τὴν
1077 864 1274 921 αἰτίαν.
1315 881 1336 916 ι
1377 865 1440 917 Ol
1475 862 1890 933 θησαυρίζοντες
1934 859 2146 913 ἀδικίαν
2194 861 2288 914 καὶ
2321 861 2690 931 ταλαιπωρίαν
2728 863 2784 913 ἐν
2819 861 2940 922 ταῖς
2977 859 3180 928 χώραις
3208 857 3406 912 αὐτῶν.
3452 877 3470 910 ι
3505 858 3688 926 Πολλῇ

436 955 546 1019 γάρ
577 973 681 1008 τινι
719 959 814 1010 καὶ
852 958 1143 1028 ἀμετρήτῳ
1189 956 1483 1028 κέχρηνται
1526 958 1592 1026 τῇ
1638 955 1780 1008 κατά
1818 953 1926 1008 τῶν
1979 955 2224 1024 πενήτων
2277 955 2488 1026 ἀδικίᾳ,
2541 955 2808 1024 διαφόρως
2857 954 3050 1017 αὐτοὺς
3110 953 3521 1024 περιϐάλλοντες
3562 956 3689 1016 ταῖς

436 1049 748 1120 ἐπηρείαις.

507 1165 673 1223 Vens.
706 1169 790 1230 ll.
826 1169 909 1223 12.
933 1199 1004 1211 -
1044 1189 1061 1220 ι
1085 1168 1380 1238 Propterea
1414 1169 1528 1224 hac
1549 1167 1681 1224 dicit
1707 1167 2003 1224 Dominus:

2175 1162 2322 1232 Στίχ.
2354 1161 2546 1232 ια’-ιβ’.
2578 1191 2644 1202 -
2693 1178 2712 1211 ι
2735 1159 2834 1213 Διά
2876 1159 3032 1212 τοῦτο
3069 1157 3192 1212 τάδε
3237 1157 3385 1226 λέγει
3419 1158 3620 1230 Κύριος
3653 1159 3690 1213 6

442 1257 642 1328 Tyrus,
693 1271 746 1314 et
776 1259 830 1313 in
859 1259 1090 1314 circuitu
1124 1265 1269 1312 terra
1305 1267 1398 1313 tua
1430 1259 1785 1323 desolabitur,
1836 1265 1892 1314 et
1917 1259 2003 1314 de-

2108 1253 2235 1316 Θεός
2261 1266 2277 1282 ο
2321 1251 2496 1322 Τύρος
2537 1249 2628 1303 καὶ
2671 1249 2932 1302 κυκλόθεν
2961 1251 2995 1319 ἠ
3018 1248 3090 1319 γῆ
3120 1267 3216 1304 σου
3237 1248 3682 1319 ἐρημωθήσεται,

437 1350 685 1403 trahetur
712 1365 775 1403 ex
809 1357 860 1404 te
891 1348 1152 1404 fortitudo
1183 1357 1295 1415 tua,
1322 1358 1376 1405 et
1398 1351 1727 1421 diripientur
1756 1351 2003 1420 regiones

2108 1345 2200 1396 καὶ
2230 1341 2451 1406 κατάξει
2484 1343 2548 1394 ἐκ
2577 1339 2670 1394 σού
2700 1339 2797 1410 τὴν
2826 1339 2978 1410 ἰσχύν
3001 1356 3116 1404 σου,
3154 1340 3246 1392 καὶ
3274 1339 3686 1411 διαρπαγήσον-

437 1445 564 1492 tuae.
591 1457 609 1490 ι
648 1437 722 1491 Ea
753 1447 996 1510 propter,
1030 1439 1230 1510 inquit,
1259 1439 1493 1496 adducet
1531 1441 1686 1496 vobis
1723 1440 2003 1511 Assyrium

2108 1451 2194 1486 ται
2235 1434 2291 1485 αἱ
2325 1433 2498 1504 χῶραι
2539 1449 2651 1485 σου.
2683 1451 2702 1486 ι
2748 1430 2995 1501 ’Υπὲρδὴ
3017 1429 3240 1496 τούτων,
3270 1432 3452 1501 φησὶν,
3486 1434 3684 1502 ἐπάγει

441 1525 605 1589 Deus,
661 1527 750 1596 qui
783 1526 1007 1597 Tyrum,
1059 1537 1116 1581 et
1147 1526 1454 1581 universam
1501 1536 1646 1582 tuam
1681 1526 1736 1580 in
1769 1526 2002 1580 circuitu

2108 1523 2196 1576 τὸν
2231 1524 2511 1594 Ἀσσύριον
2558 1525 2684 1594 ὑμῖν
2716 1525 2744 1576 6
2770 1522 2921 1584 Θεὸς.
2967 1521 3024 1584 ὃς
3062 1522 3235 1593 Τύρον
3279 1539 3340 1574 τε
3374 1523 3467 1575 καὶ
3498 1525 3685 1578 πᾶσάν

437 1625 664 1680 terram,
720 1616 773 1670 id
827 1624 911 1671 est
953 1618 1235 1686 proximos
1279 1632 1492 1681 omnes,
1547 1617 1604 1671 in
1655 1616 2001 1672 solitudinem

2109 1631 2200 1666 σου
2231 1614 2327 1684 τὴν
2375 1613 2763 1684 περικειμένην
2809 1613 2935 1681 γῆν,
2985 1611 3072 1664 ἵνα
3123 1611 3499 1684 είττῃ,πάντας
3551 1615 3685 1678 τοὺς

439 1709 683 1779 rediget:
718 1709 772 1763 in
798 1714 1029 1775 tantum,
1059 1717 1118 1762 ut
1139 1707 1287 1762 nulla
1306 1723 1431 1778 spes
1459 1707 1556 1761 tibi
1583 1708 1789 1777 reliqua
1811 1708 2002 1762 salutis

2108 1703 2534 1773 περιοικοῦντας,
2566 1705 2805 1774 ἐρήμους
2835 1703 3127 1772 ἐργάσεται
3151 1719 3164 1734 ·
3203 1703 3279 1766 ώς
3307 1703 3570 1774 μηδεμίαν
3593 1706 3686 1757 ἐλ-

439 1803 531 1868 sit,
566 1774 668 1856 tali
708 1809 968 1871 tantoque
1001 1774 1156 1856 hoste
1189 1774 1511 1864 obsidente:
1544 1801 1638 1871 qui
1669 1774 1790 1868 post
1822 1800 2003 1854 omnia

2108 1795 2234 1847 πίδα
2267 1794 2400 1864 μηδέ
2454 1794 2536 1846 σοὶ
2570 1793 2840 1863 σωτηρίας
2882 1793 3259 1860 ὑπολελεῖφθαι
3291 1794 3396 1846 ὑπὸ
3423 1795 3681 1848 τοσούτου

438 1893 794 1946 ﬁnitimorum
815 1892 1124 1962 absumpta,
1151 1899 1299 1944 tuam
1328 1905 1544 1961 quoque
1573 1893 1848 1961 regionem
1878 1907 2003 1962 prae-

2108 1885 2541 1956 πολιορκουμένῳ
2599 1885 2887 1955 πολεμίου·
2940 1884 3023 1956 (p.
3059 1885 3190 1954 164)
3237 1885 3506 1954 ἀφανίσας
3568 1887 3686 1958 γάρ

434 1981 616 2036 dando
641 1981 1092 2050 depopulabitur,
1116 1987 1176 2034 ut
1201 1981 1334 2034 nihil
1364 1980 1459 2033 tibi
1476 1981 1798 2035 aestimabile
1824 1997 2003 2050 super-

2108 1976 2322 2030 ᾶπαντα
2342 1977 2409 2028 τά
2436 1976 2542 2027 τῶν
2572 1977 2884 2046 περιοίκων,
2919 1976 3134 2030 ἃπασαν
3165 1975 3259 2029 καὶ
3294 1977 3386 2029 σοῦ
3411 1978 3477 2029 δι’
3501 1979 3688 2047 άρπα-

433 2070 678 2126 fulurum
719 2073 808 2127 sit.
846 2071 1048 2126 Deinde
1073 2072 1394 2142 gravitatem
1427 2085 1650 2140 quoque
1683 2071 1836 2126 exitii
1860 2072 2006 2142 quod

435 2162 709 2232 patientur
739 2163 1028 2231 signiﬁcat.
1059 2179 1079 2213 ι
1104 2161 1228 2216 Haec
1253 2162 1386 2216 dicit
1406 2161 1668 2216 Dominus
1693 2179 1710 2216 :
1740 2161 2008 2227 Quemad-

435 2253 656 2307 modum
697 2253 745 2309 si
775 2253 1030 2308 extrahat
1066 2261 1250 2322 pastor
1277 2251 1343 2307 de
1369 2267 1463 2307 ore
1498 2251 1672 2308 leonis
1713 2252 1821 2306 duo
1844 2267 2006 2307 crura

435 2351 532 2397 aut
571 2351 878 2398 extremum
928 2343 1210 2408 auriculae,
1243 2343 1324 2398 sic
1355 2351 1621 2398 eruentur
1643 2343 1735 2397 lilii
1767 2341 2002 2410 lsraelis,

435 2433 535 2502 qui
567 2433 812 2488 habitant
835 2431 1114 2497 Samariae,
1144 2448 1208 2488 ex
1238 2434 1466 2487 adverso
1489 2433 1666 2488 tribus
1689 2432 1960 2488 Damasci.
1982 2453 2000 2485 ι

440 2521 640 2586 Tanta,
673 2526 868 2594 inquit,
899 2531 1080 2580 vestra
1105 2523 1193 2578 lict
1214 2525 1392 2586 ruina,
1427 2533 1484 2577 ut
1507 2523 1695 2593 paucis
1715 2523 2005 2579 admodum

435 2615 682 2677 salvatis,
740 2631 827 2670 res
879 2616 1012 2669 nihil
1057 2615 1275 2671 differre
1321 2615 1593 2678 videatur,
1648 2628 1712 2668 ac
1744 2615 1790 2670 si
1825 2631 1925 2671 ove
1975 2631 2006 2670 a

440 2705 596 2758 leone
625 2704 1021 2772 comprehensa
1065 2710 1119 2758 et
1150 2701 1284 2756 adeo
1307 2709 1653 2768 consumpta,
1681 2699 1769 2754 vix
1800 2700 2008 2770 exiguae

432 2796 559 2864 ejus
585 2805 768 2865 partes
802 2809 832 2848 a
866 2801 1083 2864 pastore
1114 2793 1327 2863 possint
1355 2806 1452 2845 ore
1489 2788 1661 2846 leonis
1695 2789 2007 2845 excidentes

434 2886 617 2958 colligi
645 2904 658 2939 :
697 2899 834 2954 quas
866 2883 1086 2954 quidem
1117 2882 1162 2936 is
1186 2879 1508 2942 contemnit,
1541 2886 1727 2948 utpote
1755 2878 2006 2934 excarni-

437 2975 627 3029 llcatas
653 2981 707 3029 et
736 2973 1010 3027 alimonia:
1037 2986 1146 3026 non
1188 2970 1433 3025 idoneas.
1470 2968 1584 3022 lloc
1608 2968 1752 3022 enim
1790 2968 2008 3022 denota-

2107 2069 2208 2136 γῆς
2236 2069 2518 2136 ποιήσεται
2550 2065 2649 2137 τὴν
2688 2065 2903 2138 χώραν·
2959 2069 3034 2130 ώς
3066 2067 3230 2138 μηδὲν
3270 2068 3686 2140 περιλειφθῆναι

2105 2158 2212 2210 τῶν
2247 2158 2400 2226 λόγου
2449 2175 2561 2220 πως
2605 2156 2769 2221 ἀξίων
2798 2153 2938 2212 εἶναι
2982 2158 3280 2212 δοκούντων
3317 2159 3376 2212 ἐν
3407 2160 3508 2212 σοί.
3547 2157 3686 2212 Εἶτα

2107 2251 2200 2304 καὶ
2231 2251 2329 2320 τῆς
2356 2249 2628 2312 ἀπωλείας
2661 2249 2837 2302 αὐτῶν
2869 2245 2936 2322 ἧς
2970 2251 3366 2322 ὑποστήσονται
3394 2252 3490 2321 τὴν
3519 2253 3690 2322 βαρύ-

2103 2356 2242 2409 τητα
2273 2340 2572 2408 σημαίνων,
2629 2356 2646 2388 ι
2681 2337 2820 2391 Τάδε
2849 2338 2995 2408 λέγει
3013 2341 3236 2412 Κύριος,
3257 2340 3355 2396 ’ον
3379 2341 3574 2412 τρόπον
3603 2343 3686 2395 ὅτ’

2109 2431 2173 2486 ἂν
2199 2433 2445 2502 ἐκσπάσῃ
2467 2434 2500 2485 6
2530 2431 2734 2502 ποιμήν
2761 2431 2825 2484 ἐκ
2859 2431 3122 2502 στόματος
3152 2431 3364 2494 λέοντος
3395 2433 3488 2486 δύο
3513 2435 3685 2506 σκέλη

2106 2521 2139 2593 ἢ
2168 2523 2325 2576 λοϐὸν
2347 2522 2528 2584 ώτίου,
2567 2521 2739 2583 οὕτως
2770 2521 3238 2592 ἐκσπασθήσονται
3268 2524 3317 2575 οἱ
3341 2524 3688 2594 υίοὶἸσραὴλ

2106 2615 2156 2665 οἱ
2187 2611 2562 2674 κατοικοῦντες
2595 2613 2651 2665 ἐν
2680 2611 2958 2683 Σαμαρείᾳ
2981 2611 3264 2666 κατέναντι
3296 2613 3465 2686 φυλῆς
3496 2618 3691 2685 Δαμα-

2109 2703 2259 2757 σκοῦ.
2289 2724 2308 2755 ι
2364 2702 2611 2772 Τοσαύτη
2657 2703 2765 2774 γὰρ
2812 2703 2983 2774 ὑμῶν,
3023 2705 3174 2774 φησὶ,
3202 2707 3488 2777 γενήσεται
3514 2711 3546 2778 ή
3574 2711 3688 2762 ἀπ-

2106 2795 2290 2858 ώλεια,
2319 2794 2458 2849 ὥστε
2493 2795 2632 2858 ἄγαν
2659 2793 2854 2861 ὀλίγων
2883 2796 3312 2866 περισωθέντων,
3365 2797 3528 2868 μηδὲν
3567 2801 3686 2853 ἀπ-

2107 2888 2337 2940 εοικέναι
2356 2887 2415 2940 τὸ
2432 2887 2664 2957 πρᾶγμα
2680 2885 2945 2957 προϐάτου
2966 2885 3258 2956 ληφθέντος
3269 2905 3327 2940 τε
3349 2889 3452 2942 ὑπὸ
3469 2891 3690 2958 λέοντος

2107 2981 2202 3033 καὶ
2236 2977 2710 3041 καταναλωθέντος
2758 2978 2848 3030 ἐπὶ
2880 2976 3151 3046 τοσοῦτον,
3180 2978 3318 3032 ὥστε
3350 2981 3506 3051 μόγις
3545 2981 3690 3052 βρα-

436 3073 526 3119 tur
557 3080 652 3134 per
684 3065 794 3118 duo
822 3079 984 3117 crura
1005 3069 1059 3116 et
1090 3070 1394 3121 extremum
1424 3059 1703 3113 auriculae.
1741 3055 1832 3112 Sic
1853 3057 2003 3111 nimi-

2108 3069 2206 3140 χέα
2235 3067 2355 3120 τινά
2386 3067 2526 3138 μέρη
2543 3066 2601 3130 ἐξ
2628 3066 2789 3120 αὐτοῦ
2816 3067 3107 3138 δυνηθῆναι
3134 3068 3226 3122 τὸν
3254 3071 3484 3136 ποιμένα
3513 3074 3686 3125 ἐκπε-

436 3171 560 3210 rum
612 3157 770 3225 pauci
821 3155 1020 3225 oppido
1061 3162 1116 3209 et
1167 3152 1399 3206 humiles
1443 3167 1508 3205 ex
1536 3151 1643 3213 ,hoc
1677 3147 1836 3218 109
1864 3149 2004 3203 bello

439 3252 792 3315 supererunt,
824 3245 892 3300 de
925 3245 1033 3300 illis
1074 3259 1267 3313 nempe
1299 3243 1389 3312 qui
1417 3241 1721 3296 Samariam
1759 3241 2007 3294 incolunt

434 3349 502 3391 ex
545 3336 776 3391 adverso
821 3334 1325 3399 Damascenorum;
1387 3351 1528 3404 quos
1561 3334 1786 3403 perinde
1814 3349 1877 3388 ac
1924 3350 2003 3400 se,

437 3429 506 3483 ab
535 3427 784 3482 hostibus
807 3427 1034 3481 mactari
1055 3426 1331 3481 videbunt.
1364 3424 1607 3495 Namque
1628 3435 1682 3478 et
1704 3423 1830 3495 Tyri
1849 3436 2006 3478 antea

433 3537 490 3584 et
519 3545 664 3584 nunc
697 3528 947 3584 Damasci
981 3526 1248 3591 meminit,
1281 3532 1340 3579 ut
1369 3524 1795 3594 magnitudinem
1834 3524 2006 3578 malo-

434 3636 555 3674 rum
582 3621 870 3686 ostendat;
901 3627 954 3673 et
986 3617 1132 3688 quod
1159 3631 1317 3671 nemo
1341 3633 1407 3669 ne
1435 3615 1500 3669 de
1522 3614 1764 3668 ﬁnitimis
1786 3613 2002 3683 quidem

435 3713 492 3766 in
512 3713 860 3783 Assyriorum
891 3710 1208 3766 incursione
1232 3708 1446 3762 evadet.
1471 3707 1625 3760 Tunc
1652 3706 1797 3760 enim
1826 3704 2006 3759 evenit

433 3803 579 3872 quod
647 3803 703 3856 in
761 3801 1026 3870 protentio
1073 3797 1440 3870 patefecerat,
1500 3811 1698 3866 nempe
1759 3797 2004 3850 omnium

434 3895 650 3947 illorum
681 3893 928 3947 exitium.

2103 3157 2355 3214 πτωχότα
2380 3155 2472 3208 τοῦ
2504 3156 2766 3226 στόματος
2788 3154 2881 3208 τοῦ
2908 3155 3118 3219 λέοντος
3139 3156 3324 3212 λαϐεῖν
3343 3174 3355 3186 '
3385 3163 3480 3212 καὶ
3507 3162 3690 3216 ταῦτά

2103 3266 2188 3320 γε,
2223 3246 2297 3301 ὧν
2318 3247 2561 3317 ὑπερορᾷ
2587 3246 2662 3308 ώς
2691 3245 2946 3314 ἀσάρκων
2979 3262 3038 3298 τε
3065 3247 3160 3299 καὶ
3189 3247 3324 3318 πρὸς
3353 3251 3557 3321 τροφὴν
3580 3253 3689 3306 οὐκ

2105 3339 2440 3408 ἐπιτηδείων·
2481 3335 2639 3389 τοῦτο
2663 3337 2769 3407 γάρ
2799 3335 2946 3405 λέγει
2970 3336 3052 3402 τὸ,
3077 3335 3186 3389 δύο
3206 3341 3397 3406 σκέλη
3433 3341 3470 3407 ἢ
3495 3343 3690 3395 λοϐὸν

2103 3433 2278 3486 ὠτίου
2298 3448 2311 3461 ·
2361 3429 2532 3493 οὕτως
2557 3428 2726 3496 ὀλίγοι
2743 3428 2884 3490 τινὲς
2910 3427 3003 3481 καὶ
3028 3427 3260 3492 εὐτελεῖς
3289 3431 3346 3483 ἐν
3367 3430 3442 3502 τῷ
3464 3432 3688 3504 πολέμῳ

2111 3521 2622 3595 περιλειφθήσονται
2663 3519 2856 3589 τούτῳ,
2898 3521 2962 3573 ἐκ
2998 3521 3104 3575 τῶν
3132 3523 3228 3592 τὴν
3263 3523 3572 3594 Σαμάρειαν
3601 3528 3688 3578 ol-

2110 3615 2346 3669 κούντων
2389 3613 2672 3665 κατέναντι
2739 3611 2845 3664 τῶν
2895 3613 3306 3683 Δαμασκηνῶν·
3357 3614 3433 3676 ώς
3481 3617 3688 3686 ὁμοίως

2109 3704 2317 3764 ἐαυτοῖς
2345 3699 2744 3770 ἀπολλυμένους
2763 3699 2979 3768 ὄψονται
3003 3700 3106 3752 ὑπὸ
3128 3701 3232 3753 τῶν
3260 3702 3551 3772 πολεμίων.
3569 3705 3690 3757 Καὶ

2108 3796 2216 3865 γὰρ
2247 3795 2338 3847 καὶ
2364 3797 2463 3863 τῆς
2497 3793 2674 3863 Τύρου
2709 3793 2972 3864 πρότερον
3000 3794 3094 3846 καὶ
3127 3792 3220 3847 νῦν
3259 3796 3356 3866 τῆς
3381 3799 3686 3866 Δαμασκοῦ

2111 3887 2329 3957 μνήμην
2367 3886 2681 3952 ἐποιήσατο,
2726 3887 2804 3946 είς
2837 3883 3108 3948 ἀπόδειξιν
3137 3885 3230 3938 τοῦ
3277 3887 3540 3957 μεγέθους
3572 3891 3690 3943 τῶν

435 3986 650 4040 κακῶν·
701 3987 780 4038 ὅτι
832 3983 964 4055 μηδὲ
1011 3981 1118 4037 τῶν
1165 3981 1454 4053 περιοίκων
1493 3978 1667 4033 ἔνεστί
1719 3997 1837 4034 τινα
1891 3982 1948 4033 ἐν
1991 3982 2057 4050 τῇ
2109 3980 2216 4032 τῶν
2264 3978 2562 4046 Ἀσσυρίων
2603 3977 2776 4048 ἐφόδῳ
2820 3977 3136 4046 διαφυγεῖν·
3196 3979 3421 4051 (ρ.165)
3455 3983 3691 4056 καὶγὰρ

431 4078 575 4151 εἶχεν
613 4080 760 4150 αὐτῷ
788 4079 968 4151 χώραν
993 4080 1054 4132 τὸ
1085 4079 1376 4150 λεγόμενον
1403 4077 1658 4132 ἁπάντων
1685 4077 1906 4132 ἐκείνων
1931 4079 1988 4129 ἐν
2009 4080 2314 4149 προοιμίοις
2343 4077 2660 4149 δεδηλωκότι
2688 4076 2786 4147 τὴν
2823 4078 3118 4134 ἀπώλειαν.

504 4169 667 4225 Vens.
713 4171 990 4225 l3-l5.—-t
1026 4169 1373 4235 Sacerdotes,
1412 4169 1597 4224 audite
1630 4177 1686 4224 et
1717 4177 2001 4224 contesta-

434 4261 565 4315 mini
592 4264 645 4313 in
682 4261 842 4314 domo
885 4257 1078 4323 Jacob,
1124 4260 1256 4314 dicit
1285 4260 1546 4314 Dominus
1581 4259 1723 4313 Deus
1752 4260 2006 4328 omnipo-

435 4361 588 4419 tens;
630 4354 757 4421 quia
786 4351 839 4404 in
863 4350 951 4404 die
985 4364 1092 4420 qua
1130 4350 1361 4404 ulciscar
1393 4357 1448 4405 et
1481 4365 1646 4420 super
1675 4349 1869 4403 altaria
1908 4349 2006 4404 Be-

2180 4169 2324 4240 Στίχ.
2361 4175 2548 4238 ιγ’-ιε’.
2575 4198 2643 4206 -
2680 4185 2698 4218 ι
2731 4169 3221 4238 ’1ερεῖ;,ἀκούσατε
3257 4172 3347 4224 καὶ
3377 4172 3690 4243 ἐπιμαρτύ-

2113 4261 2278 4332 ρασθε
2307 4260 2384 4332 τῷ
2410 4260 2541 4328 οἴκῳ
2585 4258 2798 4324 Ἰακὼϐ,
2848 4261 2994 4329 λέγει
3021 4261 3224 4333 Κύριος
3252 4267 3280 4316 6
3312 4264 3443 4327 Θεὸς
3475 4267 3504 4318 ό
3545 4279 3689 4318 παν-

2111 4353 2394 4423 τοκράτωρ
2419 4367 2432 4380 ⁵
2461 4351 2592 4404 διότι
2618 4352 2676 4403 ἐν
2705 4354 2770 4422 τῇ
2798 4352 2980 4424 ἡμέρᾳ
3005 4353 3081 4406 ὅτ’
3109 4351 3174 4406 ἂν
3199 4354 3397 4408 ἐκδικῶ
3431 4356 3690 4421 ἀσεϐείας

431 4442 613 4507 thelis,
684 4450 737 4496 ct
792 4439 1155 4497 sull‘odientur
1204 4456 1408 4496 cornua
1469 4441 1682 4504 altaris,
1743 4448 1797 4496 et
1853 4439 2001 4494 humi

2108 4442 2197 4496 τοῦ
2233 4442 2443 4516 Ἰσραὴλ
2483 4444 2569 4494 ἐπ’
2605 4441 2794 4495 αὐτόν·
2846 4443 2936 4496 καὶ
2972 4443 3243 4513 ἐκδικήσω
3286 4446 3377 4499 ἐπὶ
3405 4446 3474 4500 τὰ
3495 4447 3690 4502 θυσια-

431 4532 726 4587 deciderit:
782 4539 836 4586 et
886 4539 1169 4587 conteram
1222 4539 1384 4602 atque
1429 4531 1730 4600 percutiam
1779 4529 2002 4584 domum

433 4625 709 4693 pinnatam
732 4638 898 4693 super
919 4622 1141 4678 domum
1162 4625 1404 4679 aestivam
1426 4639 1439 4675 :
1469 4629 1522 4676 et
1541 4623 1793 4692 peribunt
1809 4622 2004 4676 domus

429 4717 702 4774 eburneae.
735 4714 962 4783 aliaeque
987 4714 1170 4767 multa:
1194 4713 1628 4783 dissipabuntur,
1661 4713 1796 4767 dicit
1823 4712 2005 4766 Domi-

431 4823 556 4862 nus.
600 4825 618 4858 ι
657 4804 802 4869 Haec,
835 4805 1032 4875 inquit,
1070 4805 1103 4857 ii
1133 4804 1406 4874 praecipue
1450 4803 1676 4857 audiant
1705 4802 1800 4873 qui
1839 4803 2004 4872 impio

431 4898 704 4952 idolorum
726 4893 1030 4948 sacerdotio
1049 4893 1378 4964 funguntur]:
1412 4903 1468 4948 ut
1494 4892 1619 4947 hinc
1637 4893 1750 4962 jam
1769 4894 2002 4959 discant,

429 4987 576 5056 quod
610 5002 735 5041 cum
769 4985 912 5040 Deus
945 5000 974 5038 a
1009 4985 1210 5055 pepulo
1240 4999 1432 5053 pinnas
1465 4983 1759 5054 impietatis
1803 4984 2002 5053 exiget,

429 5087 560 5134 tunc
606 5078 789 5132 omnia
838 5078 1000 5132 etiam
1059 5075 1328 5130 idolorum
1380 5075 1573 5129 altaria
1616 5073 1999 5138 suffodientur,

427 5173 552 5227 belli
611 5171 906 5225 ludibrium
960 5169 1170 5224 eﬂecta.
1229 5165 1364 5220 Nam
1399 5165 1568 5220 verbo
1624 5163 1813 5220 Betbel
1858 5165 2002 5220 idola

429 5264 610 5319 dicere
641 5264 833 5327 voluit,
864 5277 894 5316 a
920 5269 1072 5332 parte
1104 5267 1301 5316 totum.
1330 5256 1470 5312 Dicit
1500 5265 1682 5312 autem
1707 5255 2000 5312 sull'ossum

432 5353 495 5408 iri
534 5369 738 5408 cornua
767 5355 952 5408 altaris
973 5361 1028 5408 et
1054 5353 1202 5407 humi
1229 5367 1449 5414 casura,
1477 5351 1606 5421 quia
1643 5358 1758 5406 tota
1787 5349 2000 5402 illorum

435 5444 764 5513 magnitudo,
799 5453 853 5497 et
879 5452 992 5499 tota
1037 5458 1254 5514 pompa.
1300 5457 1464 5513 quam
1509 5457 1540 5495 a
1594 5441 1994 5509 sacrilegorum

428 5534 777 5590 adorantium
826 5549 958 5587 cura
1010 5534 1303 5598 habebant,
1363 5532 1612 5587 funditus
1665 5531 1998 5586 destruetur.

428 5626 563 5681 Nam
589 5633 643 5680 et
684 5625 924 5687 illorum,
953 5625 1147 5693 inquit,
1177 5625 1366 5680 domos
1392 5641 1421 5679 a
1462 5626 1827 5680 fundamentis
1872 5640 2004 5679 con-

427 5717 646 5775 vellam.
694 5713 867 5772 Porro
901 5714 1181 5788 pinnatam
1207 5714 1340 5771 dicit
1377 5729 1474 5783 pro
1520 5713 1830 5779 hiemalem,
1875 5714 2001 5784 quia

2108 4535 2302 4604 στήρια
2334 4533 2566 4602 Βαιθήλ·
2609 4534 2702 4586 καὶ
2731 4536 3210 4604 κατασκαφήσεται
3233 4536 3300 4589 τά
3344 4536 3551 4608 κέρατα
3588 4541 3687 4594 τοῦ

2106 4624 2485 4694 θυσιαστηρίου
2510 4625 2601 4676 καὶ
2625 4626 2868 4676 πεσεῖται
2889 4624 2982 4676 ἐπὶ
3007 4623 3104 4694 τὴν
3131 4627 3233 4694 γῆν
3251 4642 3265 4655 ·
3294 4627 3385 4680 καὶ
3408 4629 3690 4698 συντρίψω

2105 4717 2198 4769 καὶ
2221 4715 2442 4779 πατάξω
2458 4715 2545 4768 τὸν
2571 4709 2717 4768 οἷκον
2737 4715 2827 4768 τὸν
2852 4715 3180 4786 περίπτερον
3201 4716 3293 4769 ἐπὶ
3315 4717 3406 4770 τὸν
3423 4714 3568 4772 οἶκον
3593 4721 3689 4774 τὸν

2106 4807 2313 4879 θερινόν
2334 4824 2347 4837 ·
2391 4807 2485 4860 καὶ
2517 4807 2841 4860 ἀπολοῦνται
2879 4809 2928 4858 οἱ
2968 4801 3109 4858 οἴκοι
3140 4809 3188 4859 οἱ
3210 4807 3561 4876 ἐλεφάντινοι,
3590 4813 3688 4864 καὶ

2104 4896 2561 4967 ἀφανισθήσονται
2586 4898 2762 4968 ἕτεροι
2794 4897 2994 4960 πολλοὶ,
3017 4897 3162 4965 λέγει
3191 4898 3412 4969 Κύριος.
3438 4921 3455 4952 ι
3496 4902 3688 4958 Ταῦτα

2103 4992 2188 5062 δὴ,
2219 4993 2402 5061 φησὶν,
2425 4991 2770 5046 ἀκουέτωσαν
2803 4990 3036 5062 μάλιστα
3068 4991 3283 5046 πάντων
3307 4995 3354 5046 οἱ
3380 4994 3477 5065 τὴν
3507 4996 3682 5066 ἀσεϐῆ

2103 5085 2216 5146 τοῖς
2241 5080 2478 5144 εἰδώλοις
2503 5081 2838 5152 πληροῦντες
2871 5081 3176 5152 ἱερατείαν·
3207 5081 3282 5145 ώς
3329 5083 3394 5136 ἂν
3433 5085 3688 5138 ἐντεῦθεν

2105 5171 2204 5242 ἠδη
2256 5170 2475 5242 μάθοιεν
2524 5171 2606 5224 ὅτι
2631 5171 2778 5224 ὁπότ’
2821 5171 2887 5226 ἂν
2939 5171 3093 5236 δίκας
3143 5173 3535 5244 είσπράττηται
3586 5179 3688 5246 τῆς

2104 5261 2355 5324 ἀσεϐείας
2393 5262 2484 5314 τὸν
2506 5261 2631 5314 λαὸν
2661 5264 2689 5314 6
2717 5262 2870 5327 Θεὸς,
2903 5265 2998 5316 καὶ
3026 5265 3095 5318 τὰ
3118 5265 3480 5338 θυσιαστήρια
3509 5269 3688 5322 πάντα

2103 5353 2587 5422 κατασκαφήσεται
2612 5352 2864 5417 εἰδώλων,
2900 5353 3057 5425 ἔργον
3078 5355 3171 5409 τοῦ
3201 5357 3436 5427 πολέμου
3467 5359 3691 5430 γινόμε-

2103 5459 2171 5497 να
2195 5459 2208 5472 ·
2241 5442 2302 5496 τὸ
2338 5444 2446 5514 γάρ
2469 5440 2670 5513 Βαιθὴλ
2699 5444 2805 5496 ἀπὸ
2837 5445 3036 5515 μέρους
3067 5447 3340 5518 ἠϐουλήθη
3380 5450 3447 5502 τά
3489 5450 3688 5504 εἴδωλα

2105 5533 2293 5584 εἰπεῖν·
2312 5533 2372 5585 τὸ
2400 5533 2476 5594 δὲ,
2502 5552 2519 5584 ι
2551 5534 3048 5604 Κατασκαφήσεται
3069 5537 3136 5589 τά
3155 5538 3358 5608 κέρατα
3378 5537 3473 5591 τοῦ
3498 5540 3692 5594 θυσια-

2107 5622 2349 5692 στηρίου,
2374 5624 2467 5674 καὶ
2507 5626 2753 5675 πεσεῖται
2786 5625 2879 5676 ἐπὶ
2920 5624 3017 5696 τὴν
3043 5626 3168 5695 γῆν,
3199 5646 3216 5678 ι
3250 5626 3337 5680 ἵνα
3363 5628 3445 5681 ὅτι
3482 5629 3590 5681 πᾶν
3627 5632 3691 5682 τὸ

2109 5712 2333 5781 μέγεθος
2362 5713 2559 5781 αὐτῶν,
2595 5715 2688 5769 καὶ
2732 5716 2882 5770 πᾶσα
2923 5718 2955 5786 ή
2997 5716 3316 5787 περιφάνεια
3353 5719 3418 5787 ἢν
3443 5714 3591 5788 εἶχον
3621 5721 3691 5774 ἐκ
