3966 6134
199 361 316 418 £85

1295 341 1838 402 COMMENTARIUS
1871 342 1936 398 IN
1977 340 2187 396 AEIOSI
2226 341 2376 395 CAP.
2421 337 2501 394 IV.

3331 341 3434 395 9.66

203 477 275 528 ιιι
296 471 386 541 τῆς
403 467 508 520 τῶν
534 463 751 527 ἀσεϐῶς
781 459 1190 532 θρησκευόντων
1229 457 1409 520 αὺτοῖς
1434 456 1770 526 ἐπιμελείας,

1905 471 1940 508 ηε
1988 453 2151 506 domo
2200 452 2439 521 loquitur
2490 451 2726 520 undique
2791 451 3148 520 circumsepta
3213 461 3436 520 propter

204 558 622 630 ἀφανισθήσεται
654 552 956 614 παντελῶς.
985 551 1092 603 Καὶ
1111 548 1216 618 γάρ
1246 549 1309 618 δὴ
1339 547 1574 609 καὶτοὺς
1601 546 1778 608 οἴκους

205 650 378 704 αὐτῶν
405 645 640 708 καθελῶ,
696 645 883 712 φησιν,
918 643 981 693 ἐκ
1026 639 1240 709 βάθρων
1263 655 1274 667 ·
1312 638 1640 706 περίπτερον
1681 637 1777 704 μὲν

204 743 310 811 γὰρ
337 740 484 807 λέγει
514 737 609 790 τὸν
640 734 974 807 χειμερινὸν,
1015 736 1091 802 (ρ.
1124 731 1246 800 166)
1276 731 1350 793 ὡς
1385 729 1777 799 περιὸεὸλημέ-

203 851 292 887 νον
320 829 660 900 πανταχόθεν
697 827 786 880 διὰ
813 826 912 895 τὴν
943 824 1035 878 τοῦ
1067 823 1262 893 κρύους
1287 820 1609 892 προσϐολήν.
1644 819 1776 872 Βού-

204 924 352 976 λεται
380 922 440 975 δὲ
469 924 667 984 εἰπεῖν,
696 921 778 972 ὅτι
807 919 1022 979 Πάντας
1049 913 1377 983 πανταχόθεν
1411 912 1621 981 ἀφανιῶ
1650 912 1776 975 τοὺς

206 1009 385 1070 οἴκους
404 1024 421 1039 ο
458 1007 539 1070 ὡς
565 1008 642 1076 μὴ
675 1005 922 1076 θερινῶν,
963 1004 1035 1073 μὴ
1065 1001 1386 1072 χειμερινῶν
1415 1001 1574 1071 μέρος
1599 1002 1656 1054 ἐν
1683 1000 1779 1054 αὑ-

207 1101 315 1160 τοῖς
349 1096 768 1167 περιλειφθῆναι
787 1113 802 1126 ο
842 1095 937 1148 καὶ¹
967 1096 1090 1156 τοὺς
1123 1090 1397 1154 ἐπιδόξους
1427 1091 1483 1143 δὲ
1513 1092 1570 1144 ιν
1599 1090 1780 1152 αὐτοῖς

1877 542 2096 612 frigoris
2124 550 2403 595 externam
2439 540 2570 594 vim.
2620 539 2744 593 Vult
2777 548 2953 596 autem
3002 541 3202 605 dicere,
3234 541 3436 609 ubique

1878 651 1936 689 se
1970 634 2354 688 demoliturum
2385 633 2598 696 domos,
2631 632 2705 685 ita
2735 640 2792 686 ut
2820 648 2993 701 neque
3022 635 3217 687 testiva:
3255 642 3436 702 partes

1876 726 2092 779 illarum
2121 733 2456 789 remaneant,
2494 739 2670 792 neque
2701 725 2979 778 hiemales.
3004 723 3114 778 lmo
3139 725 3299 778 etiam
3337 739 3438 777 no.

1876 816 2096 870 biliores
2130 814 2269 884 apud
2299 829 2394 868 eos
2433 815 2576 868 aedes
2602 829 2827 885 prorsus
2854 814 3128 868 destruam
3158 832 3173 881 ;
3206 814 3258 868 id
3291 815 3436 868 enim

1883 908 2059 962 innuit
2091 907 2413 960 vocabulum
2447 906 2736 971 eburnea;
2781 921 2901 976 qua:
2932 908 3060 961 item
3091 907 3277 963 multis
3315 925 3438 964 cum

1883 997 2006 1052 aliis
2057 1003 2336 1059 corruent,
2383 1010 2448 1050 eo
2492 995 2634 1063 quod
2685 1012 2851 1051 unum
2908 998 3168 1057 adversus
3217 1012 3442 1059 cunctas

1885 1085 2158 1142 decretum
2198 1085 2292 1140 Dei
2330 1087 2494 1140 latum
2524 1087 2615 1142 sit.

207 1193 313 1246 τῶν
353 1195 522 1246 οῖκων
565 1192 840 1254 παντελῶς
876 1191 1108 1260 ἀφανιῶ,
1151 1192 1307 1244 τοῦτο
1342 1190 1449 1260 γάρ
1490 1188 1637 1256 λέγει
1682 1185 1807 1247 τοὺς
1845 1182 2236 1252 ἐλεφαντίνους,
2272 1182 2319 1234 οἳ
2350 1183 2482 1252 μετά
2528 1183 2736 1237 πολλῶν
2773 1185 2971 1255 ἐτέρων
3001 1189 3307 1249 πεσοῦνται,
3348 1189 3442 1242 ἀτε

211 1288 340 1356 μιᾶς
376 1285 706 1354 ἀποφάσεως
729 1283 870 1336 κατά
906 1284 1117 1336 πάντων
1143 1281 1512 1355 ἐκφερομένης
1546 1279 1649 1331 ὑπὸ
1676 1274 1767 1329 τοῦ
1795 1272 1948 1328 Θεοῦ.

861 1380 1017 1432 ΚΕΦ.
1057 1385 1130 1430 Δ’.

284 1472 432 1541 Στίχ.
460 1476 614 1538 α’·γ’.
637 1500 704 1510 -
733 1488 752 1520 ι
777 1470 1069 1523 Ἀκούσατε
1092 1470 1182 1522 τὸν
1207 1469 1361 1538 λόγον
1386 1467 1592 1533 τοῦτον,
1611 1467 1784 1539 δαμάσ

2570 1391 2672 1444 AP.
2717 1391 2805 1446 IV.

2570 1391 2672 1444 AP.
2743 1391 2805 1446 ν.

1955 1483 2119 1539 Vens.
2162 1390 2563 1552 1-3.—110.C
2572 1501 2592 1536 ι
2633 1392 2830 1538 Aujiite
2855 1484 3075 1539 verbum
3113 1485 3236 1548 hoc,
3273 1501 3448 1540 vat-ca:

215 1563 324 1626 λεις
354 1563 457 1631 τῆς
490 1562 859 1626 Βασανίτιδος,
896 1563 952 1615 αἱ
990 1563 1081 1615 ἐπὶ
1108 1561 1185 1632 τῷ
1211 1563 1327 1633 ὄρει
1353 1562 1681 1632 Σαμαρείας,
1731 1563 1786 1614 at

1905 1574 2230 1640 lasanitidis,
2281 1589 2402 1644 qua:
2456 1573 2592 1628 estis
2645 1574 2699 1627 in
2752 1582 2939 1629 monte
2995 1575 3274 1640 Samariae,
3329 1595 3450 1648 quze

217 1653 785 1708 καταδυναστεύουσαι
817 1655 1084 1724 πτωχοὺς,
1131 1655 1224 1707 καὶ
1255 1653 1662 1708 καταπατοῦσαι
1693 1652 1786 1705 πέ-

1883 1667 2188 1738 Opprimitis
2242 1680 2524 1736 pauperes,
2582 1675 2635 1720 et
2687 1669 3021 1724 conculcatis
3056 1683 3277 1739 egenos,
3331 1686 3453 1740 qua:

220 1766 404 1818 νητας,
443 1747 538 1799 καὶ
567 1747 815 1814 λέγουσαι
864 1750 975 1810 τοῖς
1023 1748 1230 1817 κυρίοις
1273 1747 1498 1800 ἑαυτῶνο
1546 1745 1786 1799 Ἐπίδοτε

1905 1758 2072 1813 licitis
2122 1757 2357 1812 dominis
2381 1755 2610 1812 vestris:
2647 1755 2779 1812 Date
2821 1758 2978 1812 nobis
3021 1767 3081 1812 ut
3123 1759 3392 1814 bibamus.
3428 1779 3449 1813 ι

219 1843 350 1910 ἡμῖν
380 1840 528 1902 ὅπως
564 1839 793 1908 πίωμεν.
815 1858 833 1890 ι
883 1838 1156 1892 Ἐντεῦθεν
1186 1840 1374 1909 τρέπει
1401 1839 1537 1911 πρὸς
1565 1838 1662 1901 τάς
1691 1855 1787 1906 γυ-

219 1935 412 1994 ναῖκας
443 1931 534 1983 τὸν
564 1931 737 1998 λόγον,
761 1931 817 1982 αἱ
851 1931 984 2001 πρὸς
1014 1931 1291 2001 ἄπρακτον
1319 1931 1410 1985 καὶ
1443 1933 1788 2003 ὑπερήφανον

217 2024 481 2077 νεύσασαι
521 2021 654 2091 βίον,
681 2021 807 2085 τούς
829 2039 886 2074 τε
909 2023 1142 2094 πένητας
1162 2023 1379 2091 ἠδίκουν
1404 2024 1467 2075 ἐκ
1497 2024 1594 2091 τῆς
1632 2038 1787 2090 περι-

217 2114 388 2182 ούσης
409 2112 758 2174 δυναστείας’
785 2113 961 2183 τούτῳ
988 2113 1443 2184 συγκεχρημέναι,
1483 2112 1575 2166 καὶ
1600 2112 1663 2182 δὴ
1697 2113 1789 2164 καὶ

220 2205 596 2275 κατάρχουσαι
624 2203 734 2256 τῶν
759 2204 965 2274 ἀνδρῶν
996 2204 1102 2259 τῶν
1125 2206 1358 2269 οἰκείων,
1386 2207 1463 2270 είς
1496 2205 1792 2274 ὑπουργίαν

220 2297 488 2366 ἀπρεπῶν
519 2296 760 2365 ἐχρῶντο
787 2298 1125 2366 πραγμάτων
1147 2315 1160 2329 ·
1189 2291 1298 2351 οἷόν
1323 2314 1375 2349 τι
1398 2298 1490 2351 καὶ
1518 2297 1668 2368 παρά
1699 2297 1794 2366 τῆς

235 2385 477 2448 Ἰεζάϐελ
523 2385 775 2452 ἐφαίνετο
820 2385 1056 2452 γεγονὸς,
1103 2387 1191 2439 ὅτε
1237 2388 1266 2440 ὁ
1317 2387 1414 2456 μὲν
1458 2385 1660 2455 ’Δχαάσ
1698 2386 1796 2454 τὴν

223 2479 550 2548 ἀντίρρησιν
604 2476 802 2545 ᾐδέσθη
832 2475 922 2527 τοῦ
957 2476 1231 2528 Ναόουθαὶ
1271 2476 1484 2530 δικαίαν
1508 2472 1670 2530 οὖσαν
1696 2493 1708 2506 ·
1762 2478 1794 2545 ἡ

223 2571 283 2622 δὲ
338 2569 522 2639 μιαρῷ
554 2567 646 2619 καί
698 2566 903 2619 ἀναιδεῖ
927 2567 1019 2620 καὶ
1065 2567 1266 2637 φονικῷ
1296 2569 1479 2638 τρόπῳ
1521 2567 1797 2638 χρωμένη,

225 2662 349 2714 οὐδὲ
388 2660 602 2714 ἀνελεῖν
635 2658 848 2727 ὤκνησε
879 2657 969 2710 τὸν
995 2640 1291 2722 Ναϐουθαὶ,
1323 2659 1398 2722 ὡς
1441 2660 1507 2714 ἀν
1555 2660 1801 2728 ἀφέλοιτο

227 2751 397 2805 αὐτοῦ
425 2753 518 2804 τὸν
550 2749 865 2820 ἀμπελῶνα,
895 2749 953 2802 ὃν
983 2750 1148 2802 είκότι
1179 2749 1319 2819 λόγῳ
1350 2751 1547 2826 διδόναι
1579 2751 1678 2803 οὑκ
1703 2751 1798 2819 ὴν-

229 2845 408 2912 είχετο
432 2842 620 2894 ’καλεῖ
642 2841 700 2894 δὲ
724 2841 894 2904 αῠτάς
921 2841 1177 2911 δαμάλεις
1206 2843 1301 2912 μὲν
1319 2843 1415 2912 τῆς
1438 2843 1798 2908 Βασανίτιδος,

232 2933 310 2994 ὡς
335 2932 404 2984 ἀν
458 2931 669 3002 ἀγρίων
720 2931 952 3001 μάλιστα
984 2933 1076 2984 καὶ
1105 2933 1389 3002 ἀνημέρων
1419 2933 1590 2986 οὐσῶν
1617 2933 1724 2986 τῶν
1749 2935 1807 2986 ἐν

232 3021 427 3091 ἐκείνῳ
472 3020 552 3092 τῷ
595 3022 744 3091 τόπῳ
782 3022 1127 3092 τρεφομένων
1181 3023 1463 3093 δαμάλεων
1490 3042 1503 3054 ·
1563 3025 1637 3092 (p.
1686 3025 1806 3093 167)

1890 1848 2099 1902 Abhinc
2160 1845 2228 1900 ad
2284 1845 2538 1899 mulieres
2599 1846 2870 1900 convertit
2935 1861 3275 1914 sermonem,
3335 1865 3456 1918 qua!

1890 1937 2051 1992 inerti
2081 1950 2145 1990 ac
2177 1935 2412 2005 superbo
2440 1935 2563 1988 vitae
2610 1935 2793 2005 generi
2843 1935 3084 1999 intentae,
3124 1939 3457 2008 pauperibus

1891 2027 2122 2097 injurias
2156 2027 2427 2082 faciebant
2455 2026 2804 2096 prmpotentia
2837 2041 2955 2080 sua.
2986 2026 3102 2082 Tali
3127 2044 3277 2083 more
3301 2037 3457 2084 uten-

1893 2127 1999 2181 tes,
2023 2124 2079 2174 et
2109 2117 2242 2172 viris
2264 2115 2380 2171 suis
2406 2115 2566 2170 etiam
2591 2114 2950 2179 dominantes,
2980 2114 3066 2170 bis
3096 2115 3458 2170 abutebantur

1896 2211 1961 2265 ad
1991 2209 2207 2278 indigna
2255 2206 2516 2277 patranda
2555 2205 2948 2260 auxiliaribus:
2997 2206 3141 2275 quod
3189 2205 3389 2260 factum
3426 2221 3458 2259 a

1894 2299 2142 2357 Jezabele
2170 2297 2441 2368 apparuit,
2491 2311 2613 2350 cum
2640 2296 2927 2350 Acbaabus
2973 2296 3458 2379 contradictionem

1897 2393 2169 2448 reveritus
2202 2397 2305 2457 est,
2353 2396 2535 2458 utpote
2557 2388 2782 2457 justam,
2815 2386 3121 2455 Nabutbis;
3157 2389 3247 2443 illa
3282 2397 3462 2444 autem

1900 2482 2134 2538 scelesto
2165 2489 2216 2534 et
2252 2479 2563 2548 impudente
2605 2486 2940 2548 cruentoque
2980 2477 3142 2533 modo
3172 2487 3350 2543 utens,
3398 2496 3464 2533 ne

1901 2571 2148 2628 occidere
2191 2569 2406 2640 quidem
2452 2569 2718 2624 dubitavit
2764 2567 3088 2633 Nabuthem,
3135 2579 3194 2623 ut
3235 2571 3354 2640 ejus
3383 2578 3465 2623 vi—

1903 2679 2060 2721 neam
2100 2667 2408 2732 usurparet,
2445 2675 2608 2728 quam
2649 2660 2738 2714 ille
2767 2675 2919 2729 requa
2952 2659 3020 2714 de
3064 2675 3228 2716 causa
3271 2677 3469 2714 concc-

1905 2759 2032 2814 dere
2061 2763 2431 2811 recusaverat.
2464 2752 2634 2807 Vocat
2685 2760 2865 2808 autem
2906 2753 3052 2824 ipsas
3082 2770 3276 2809 vaccas
3307 2755 3470 2809 Basa-

1906 2849 2114 2911 nitidis,
2155 2847 2280 2918 quia
2306 2846 2514 2902 feroces
2547 2844 2838 2898 admodum
2867 2861 3126 2915 saevaque
3155 2846 3470 2902 nutrieban-

1905 2945 1997 2991 tttr
2053 2937 2146 2991 illo
2198 2935 2254 2990 in
2311 2935 2434 2990 loco
2478 2947 2674 2988 vaccae.
2723 2931 2840 2986 Jam
2890 2945 3175 3005 postquam
3224 2935 3355 2988 dixit
3404 2937 3470 2989 de

1908 3025 2197 3096 iniquitate
2264 3041 2393 3095 erga
2451 3038 2756 3094 pauperes,
2834 3024 3018 3080 addit:
3095 3023 3226 3089 Quae
3284 3026 3473 3079 dicunt

235 3113 475 3184 εἰρηκὼς
502 3113 562 3166 δὲ
593 3113 692 3183 τὴν
729 3115 809 3176 είς
835 3115 961 3176 τοὺς
991 3115 1224 3179 πένητας
1254 3114 1433 3168 αὐτῶν
1459 3114 1686 3175 ἀδικίαν.
1711 3118 1801 3169 ὲπ-

1907 3118 2145 3174 dominis
2183 3117 2321 3180 suis,
2379 3114 2508 3170 Date
2542 3115 2700 3168 nobis
2755 3121 2814 3168 ut
2858 3115 3109 3170 bibamus
3147 3131 3378 3185 :nempc
3416 3127 3474 3169 ut

237 3207 414 3274 ⁴ἔπαγε
447 3205 529 3267 τὸ,
582 3205 648 3256 Αἱ
683 3204 936 3273 λέγουσαι
987 3207 1100 3268 τοῖς
1154 3207 1363 3276 κυρίοις
1400 3206 1631 3272 ἑαυτῶν,
1666 3206 1813 3258 Ἐπί-

237 3294 361 3347 δοτε
412 3296 548 3364 ἡμῖν
585 3296 735 3358 ὅπως
767 3296 980 3366 πίωμεν
999 3310 1012 3324 ·
1039 3297 1124 3350 ἶνα
1151 3296 1280 3368 εἴπῃ
1304 3297 1388 3349 ὅτι
1415 3296 1535 3350 οὐδὲ
1557 3299 1667 3358 τοῖς
1697 3297 1816 3348 ἐαυο

238 3383 351 3435 τῶν
393 3384 681 3454 ἀνδράσιν,
738 3383 830 3447 οὓς
870 3385 1034 3454 ἐχρῆν
1081 3385 1155 3447 ὼς
1188 3383 1519 3454 ἡγουμένους
1555 3383 1816 3436 αἰδεῖσθαι

242 3473 332 3526 διὰ
358 3475 457 3544 τὴν
491 3474 595 3543 τῆς
624 3474 841 3543 φύσεως
872 3475 1045 3539 τάξιν,
1075 3473 1327 3527 ὀκνοῦσαι
1360 3474 1494 3546 πρὸς
1532 3473 1630 3543 τὴν
1660 3472 1818 3525 ἀσέλ-

244 3579 397 3630 γειαν
413 3564 513 3633 τὴν
534 3565 745 3616 ἐαυτῶν
766 3565 1169 3634 ἀποκεχρῆσθαι
1184 3583 1198 3599 ·
1226 3567 1381 3635 μόνον
1402 3565 1458 3618 δὲ
1473 3565 1572 3618 οὐκ
1601 3565 1820 3618 ἐπιτάτ-

244 3670 430 3706 τουσαι
447 3655 630 3717 αὐτοῖς
653 3654 866 3710 ἅπαντα
887 3657 1057 3708 ποιεῖν
1075 3656 1348 3725 ὁπόσαπερ
1370 3655 1434 3709 ἂν
1461 3654 1592 3726 πρὸς
1613 3655 1709 3726 τὴν
1730 3656 1821 3709 αὑ-

248 3745 352 3797 τῶν
370 3746 662 3814 ἀσέλγειαν
685 3749 938 3816 συνεργῇ.
957 3745 1020 3798 Τί
1036 3741 1154 3810 οὖν;
1184 3764 1202 3797 ι
1227 3745 1440 3815 Ὀμνύει
1465 3745 1665 3817 Κύριος
1681 3745 1822 3800 κατά

246 3832 355 3885 τῶν
383 3835 556 3901 ἁγίων
584 3833 750 3886 αὑτοῦ
775 3873 790 3895 ,
845 3833 979 3886 διότι
1019 3835 1220 3904 ἡμέραι
1253 3835 1495 3904 ἔρχονται
1537 3834 1622 3902 ἐφ’
1657 3835 1824 3904 ὑμᾶς,

250 3926 344 3977 καὶ
371 3925 635 3994 λήψονται
671 3926 816 3994 ὑμᾶς
849 3927 906 3976 ἐν
950 3925 1166 3988 ὅπλοιςο
1229 3926 1320 3977 καὶ
1345 3925 1466 3988 τοὺς
1513 3925 1634 3994 μεθ’
1674 3924 1825 3994 ὑμῶν

251 4019 331 4079 εἰς
351 4017 589 4086 λέϐητας
613 4018 1041 4088 ὑποκαιομένους
1069 4017 1393 4086 ἐμϐαλοῦσι·
1423 4019 1515 4070 καὶ
1545 4017 1825 4088 ἐξενεχθή-

255 4111 413 4172 σεσθε
453 4112 676 4180 γυμνοὶ,
720 4112 854 4180 γυνὴ
889 4112 981 4164 καὶ
1017 4112 1044 4162 ὁ
1072 4111 1210 4181 ἀνὴρ
1257 4111 1514 4165 ἀπέναντι
1547 4113 1822 4183 ἀλλήλων⁸

252 4201 348 4252 καὶ
388 4201 834 4272 ἀπορῤιφήσεσθε
882 4203 961 4265 είς
988 4201 1046 4255 τὸ
1073 4201 1195 4271 ὅρος
1228 4202 1490 4272 Ἀρμανά,
1536 4203 1681 4270 λέγει
1715 4203 1828 4256 Κύ-

257 4307 388 4361 ριος.
419 4311 439 4344 ι
496 4293 856 4362 Ἀπεφήνατο,
888 4294 1069 4363 φησὶν.
1098 4294 1125 4345 ὁ
1153 4293 1303 4357 Θεὸς,
1335 4293 1370 4346 ἀ
1433 4294 1564 4364 μηδὲ
1596 4295 1826 4365 μεταδο-

255 4382 352 4452 λὴν
380 4383 611 4436 δυνατὸν
652 4383 906 4448 δέξασθαι
933 4402 947 4416 ο
989 4383 1144 4437 τοῦτο
1174 4384 1280 4454 γάρ
1317 4384 1376 4437 τὸ
1407 4386 1609 4454 ὀμνύει
1646 4386 1822 4456 δηλοῖ’

1912 3206 2196 3278 signiticet,
2231 3206 2353 3261 illas
2381 3220 2448 3260 ne
2489 3205 2622 3259 viris
2656 3205 2872 3274 quidem
2906 3206 3042 3267 suis,
3093 3221 3232 3275 quos
3281 3215 3338 3260 ut
3389 3224 3476 3260 re-

1913 3307 2095 3354 ctores
2128 3297 2366 3352 revereri
2389 3305 2596 3350 natura:
2628 3297 2742 3366 lege
2778 3297 3084 3365 oportebat,
3120 3296 3475 3351 verecundati

1915 3388 1982 3442 ad
2014 3389 2284 3442 luxuriam
2316 3402 2468 3442 suam
2505 3387 2690 3440 abuti:
2733 3387 2840 3441 illis
2885 3387 3272 3456 propemodum
3310 3388 3479 3454 impe-

1915 3487 2101 3534 rautes
2128 3477 2311 3533 omnia
2335 3475 2512 3531 facere
2539 3491 2658 3544 qua:
2686 3475 2924 3545 ipsarum
2957 3476 3166 3529 libidini
3204 3474 3475 3529 favebant.

1917 3571 2059 3638 Quid
2085 3570 2272 3640 igitur?
2295 3587 2312 3620 ι
2359 3567 2515 3622 Jurat
2536 3567 2794 3623 Dominus
2812 3583 2905 3637 per
2928 3575 3148 3620 sanctos
3166 3582 3316 3631 suos,
3347 3582 3484 3634 quo—

1920 3662 2064 3716 niam
2099 3660 2216 3714 dies
2239 3659 2463 3712 veniunt
2483 3672 2648 3724 super
2665 3671 2784 3720 vos,
2800 3665 2854 3708 et
2876 3655 3066 3708 tollent
3085 3669 3180 3709 vos
3211 3654 3265 3708 in
3288 3655 3476 3717 armis,

1921 3759 1976 3807 et
1989 3765 2084 3805 eos
2101 3749 2190 3818 qui
2207 3748 2486 3801 vobiscum
2511 3753 2638 3799 sunt
2659 3746 2713 3798 in
2735 3745 2870 3798 ollas
2885 3758 3179 3800 succensas
3205 3745 3479 3815 injicient:

1923 3850 1976 3896 et
2003 3837 2299 3910 ejiciemini
2319 3836 2470 3900 nudi,
2486 3837 2679 3890 mulier
2697 3844 2857 3906 atque
2877 3835 2978 3900 vir,
3001 3850 3183 3890 coram
3209 3837 3437 3892 invicem
3465 3856 3483 3905 ;

1923 3943 1975 3987 et
2004 3927 2364 4001 projiciemini
2404 3928 2458 3981 in
2491 3934 2726 3980 montem
2758 3925 3074 3991 Armanam,
3122 3927 3255 3981 dicit
3303 3926 3485 3981 Domi-

1924 4038 2049 4078 nus.
2085 4040 2102 4073 ι
2141 4019 2386 4075 Decrevit
2439 4017 2700 4072 Dominus
2769 4032 2880 4072 rem
2947 4032 3068 4086 qua:
3124 4017 3320 4071 mutari
3380 4032 3485 4070 non

1925 4120 2098 4185 potest
2124 4130 2138 4165 :
2161 4112 2262 4167 hoc
2284 4110 2428 4167 enim
2459 4110 2680 4164 denotat
2699 4091 2932 4162 verbum
2965 4107 3140 4177 «jurat
3170 4123 3184 4172 ;
3218 4127 3236 4162 ι
3278 4119 3488 4176 tempus

1927 4204 2114 4260 adfore
2161 4217 2269 4274 quo
2319 4202 2388 4257 de
2434 4201 2523 4257 his
2575 4216 2767 4271 pmnas
2818 4200 3053 4254 dabitis:
3105 4201 3489 4269 supervenient

1927 4293 2071 4347 enim
2098 4293 2251 4346 vobis
2284 4291 2492 4356 hostes,
2524 4291 2614 4358 qui
2663 4305 2756 4343 vos
2797 4289 3102 4358 captivatos
3136 4289 3491 4344 intolerandis

1936 4384 2088 4452 ιιι
2123 4382 2369 4436 irretient
2417 4381 2615 4434 malis:
2667 4381 2789 4448 quia
2823 4395 3016 4448 nempe
3059 4383 3275 4435 cunctis
3325 4381 3492 4434 simul

259 4474 335 4527 ᾶιι
359 4475 635 4546 παρέσται
666 4474 854 4545 καιρὸς
889 4475 946 4528 ἐν
975 4468 1019 4542 ᾧ
1045 4475 1246 4529 τούτων
1281 4475 1479 4527 δώσετε
1501 4475 1654 4539 δίκας
1673 4493 1686 4506 ο
1722 4479 1794 4528 ἐπ

1932 4475 2146 4545 spoliati
2184 4474 2362 4540 bonis,
2388 4488 2510 4528 cum
2546 4461 2691 4541 pravi
2721 4475 2886 4526 moris
2916 4473 3254 4534 mulieribus,
3290 4481 3342 4524 et
3370 4487 3490 4525 cum

263 4564 572 4619 ελεὺσονται
618 4567 727 4635 γὰρ
773 4567 898 4636 ὑμῖν
952 4566 1228 4636 πολέμιοι,
1283 4567 1332 4619 οἳ
1384 4567 1634 4630 λαϐόντες
1691 4569 1801 4638 ὑμὰ·

1932 4564 2400 4621 subservientibus
2450 4563 2515 4616 ad
2571 4561 2907 4632 peccandum
2959 4563 3128 4628 viris,
3179 4563 3376 4630 captivi
3429 4561 3495 4612 ad

263 4654 662 4724 αἰχμαλώτους,
681 4656 998 4726 ἀνηκέστοις
1010 4655 1302 4724 ἐμϐαλοῦσι
1319 4659 1524 4718 κακοῖς,
1539 4657 1678 4709 ὥστε
1696 4674 1798 4709 κατ

1931 4657 2278 4727 Assyriorum
2321 4655 2594 4726 regionem
2659 4652 2952 4707 ducemiui.
3019 4652 3311 4706 Armanam
3371 4667 3498 4704 vero

264 4747 452 4799 ταυτὸν
487 4746 713 4798 πάντων
756 4744 862 4797 τῶν
899 4745 1192 4814 περιόντων
1233 4745 1327 4797 νῦν
1358 4746 1576 4812 ἀγαθῶν
1617 4763 1801 4815 γυμνω

1933 4749 2065 4803 dicit
2120 4756 2356 4803 montem
2411 4746 2818 4811 Armeniorum,
2873 4745 2966 4814 qui
3006 4751 3137 4800 tunc
3193 4745 3245 4798 in
3295 4744 3499 4798 ditiono

267 4836 472 4902 θέντας,
514 4835 653 4906 ὁμοῦ
679 4838 778 4899 τάς
802 4852 861 4888 τε
893 4833 1115 4888 τοιαῦτα
1142 4833 1514 4906 ἐργαζομένας
1553 4840 1801 4905 γυναῖκας

1935 4840 2279 4910 Assyriorum
2314 4847 2450 4894 erat.

266 4930 352 4983 καὶ
391 4931 519 4992 τοὺς
561 4927 1034 4998 ὑπηρετουμένους
1076 4928 1260 4987 αὑταῖς
1300 4927 1432 4998 πρὸς
1465 4927 1531 4980 τὰ
1593 4930 1806 4982 τοιαῦτα
1844 4929 2041 5001 ἄνδρας
2079 4933 2451 5003 αἰχμαλώτους
2496 4933 2587 4985 ἐπὶ
2618 4933 2714 5004 τὴν
2743 4931 2848 4985 τῶν
2865 4932 3162 5003 Ἀσσυρίων
3195 4929 3503 4999 ἀπαχθῆναι

267 5021 467 5091 χώραν.
543 5017 793 5089 Ἅρμανά
851 5018 958 5090 γάρ
997 5017 1058 5069 τὸ
1107 5018 1402 5088 Ἀρμενίων
1440 5019 1563 5089 ὅρος
1615 5021 1786 5086 καλεῖ,
1826 5021 1912 5091 (p.
1951 5023 2084 5092 l68)
2126 5026 2261 5093 ὅπερ
2317 5024 2420 5077 ὑπὸ
2453 5024 2552 5093 τὴν
2611 5024 2911 5094 Ἀσσυρίων
2973 5022 3030 5076 ὃν
3071 5022 3331 5090 ἐτύγχανε
3384 5020 3504 5073 τότε

269 5113 557 5183 βασιλείαν.

331 5205 480 5272 Στίχ.
514 5203 668 5265 δ’-ςδ,
697 5233 766 5242 —
804 5220 823 5252 ι
859 5200 1149 5270 Εἰσήλθετε
1180 5202 1258 5262 είς
1288 5201 1506 5273 Βαιθὴλ,
1532 5206 1624 5257 καὶ
1650 5207 1801 5274 ὴνομι

2017 5201 2178 5256 Vens.
2217 5200 2436 5253 4·6.-ι
2476 5199 2744 5255 lntroistis
2780 5201 2833 5254 in
2881 5199 3087 5262 Bethel,
3124 5207 3174 5252 et
3201 5198 3362 5275 impie
3392 5201 3507 5269 egi-

273 5267 551 5346 6125’"an
594 5293 672 5354 είς
698 5267 993 5358 Γάλγαλα,-
1018 5292 1110 5342 καὶ⁹
1139 5267 1474 5360 ἐπληθύνατέ
1520 5293 1612 5345 τοῦ
1650 5267 1801 5346 ἀσεδὶ

1945 5294 2081 5350 stis:
2119 5292 2174 5345 in
2205 5291 2447 5361 Galgala,
2485 5301 2540 5346 et
2559 5293 2963 5363 multiplicastis
2985 5267 3504 5359 prasvaricdtionem.

275 5399 352 5436 sat
377 5399 390 5410 ’
429 5383 528 5436 καὶ
582 5382 849 5450 ἠνέγκατε
905 5379 1050 5451 πρωῒ
1081 5380 1267 5444 θυσίας
1302 5382 1476 5452 ὑμῶν.
1509 5385 1600 5437 καὶ
1645 5388 1722 5448 είς
1750 5385 1801 5436 τῦ

1945 5381 2220 5437 Ᾱιιυιὶειίε
2251 5399 2410 5437 mane
2436 5383 2687 5438 victimas
2720 5393 2955 5449 vestras,
2987 5384 3040 5436 in
3075 5383 3314 5438 tridbum
3358 5385 3508 5439 deci‘

274 5474 594 5543 τριημερίαν
619 5471 686 5525 τὰ
714 5471 1010 5524 ἐπιδέκατα
1051 5471 1202 5540 ὑμῶν
1227 5488 1240 5500 ο
1278 5472 1369 5524 καὶ
1401 5473 1707 5539 ἀνέγνωσαν
1745 5475 1801 5539 ἕξ

1948 5489 2064 5528 mas
2089 5483 2319 5527 vestras.
2353 5471 2417 5525 Et
2447 5473 2694 5542 legerunt
2730 5472 2934 5528 deforis
2960 5474 3152 5543 legem,
3194 5483 3246 5527 et
3283 5475 3508 5528 invoca—

277 5566 446 5633 νόμον,
479 5565 574 5619 καὶ
615 5563 1017 5618 ἐπεκαλέσαντο
1049 5561 1351 5631 ὁμολογίαν.
1392 5581 1409 5612 ι
1458 5563 1714 5615 Ἐνταῦθα
1754 5583 1801 5617 κς

1953 5572 2144 5618 verunt
2176 5563 2595 5618 confessionem.
2635 5584 2652 5614 ι
2695 5563 2804 5617 Hoc
2848 5566 2966 5618 loco
3008 5566 3349 5620 sedulitatem
3381 5581 3510 5630 erga

281 5656 396 5724 περὶ
420 5657 488 5707 τά
519 5655 715 5708 εἴδωλα
746 5655 936 5715 αὐτοῖς
970 5651 1208 5720 σπουδὴν
1244 5649 1487 5714 ὀνειδίζει
1513 5667 1524 5678 ’
1563 5652 1714 5703 τοῦτο
1741 5653 1801 5719 γὲ

1959 5656 2099 5708 idola
2132 5655 2236 5708 illis
2269 5655 2578 5722 exprobrat;
2613 5655 2660 5707 id
2694 5657 2835 5708 enim
2863 5657 3243 5719 valcntverba,
3275 5675 3288 5704 ι
3327 5656 3377 5706 in
3415 5654 3511 5704 Be—

283 5745 418 5813 λὲγει
445 5746 523 5811 τὸ,
564 5765 583 5798 ι
613 5748 702 5809 Εἰς
735 5744 946 5813 Βαιθὴλ
971 5743 1064 5794 καὶ
1102 5745 1178 5805 εἰς
1207 5742 1447 5807 Γάλγαλα
1487 5741 1752 5809 sistimus
1777 5762 1786 5773 ο

1961 5745 2063 5832 ψει
2092 5755 2248 5814 atque
2273 5744 2491 5813 Galgala
2516 5745 2809 5808 ittll‘OiSiis;
2852 5765 2866 5795 ι
2904 5746 2974 5798 ita
3018 5747 3282 5798 idolorum
3309 5744 3514 5794 cultum

566 5841 837 5903 Ρλτιιοι.
1052 5837 1270 5895 LXVI.

3166 5840 3201 5896 9
