3966 6134
463 350 580 403 .267
1660 339 1692 392 Ἰ
1706 335 2008 390 llEODORl
2047 330 2524 388 MOPSUESTENI
3619 321 3723 375 268

481 465 548 516 de
576 477 722 515 more
749 460 1062 531 signiﬁcans
1096 477 1106 511 :
1139 466 1190 510 et
1228 455 1445 525 quidem
1477 453 1732 506 alacriter
1755 449 2047 504 admodum

2173 490 2216 524 ,κ
2235 470 2423 523 τούτου
2457 467 2717 528 εἰωθότως
2740 464 2834 536 τὴν
2859 463 2985 534 περὶ
3013 460 3079 514 τὰ
3108 459 3300 514 εἴδωλα
3320 455 3611 526 θεραπείαν
3638 457 3730 526 δη-

482 553 924 622 ντιενεπίοειιιιοε,
959 548 1226 604 sacriﬁcia
1255 546 1447 602 sedulo
1473 544 1752 600 attulistis.
1787 542 1905 596 Jam
1945 561 1963 592 ι
1995 543 2049 595 in

2173 562 2259 613 .ῶν
2281 578 2294 592 ·
2327 560 2418 612 καὶ
2453 559 2587 629 μετά
2619 556 2817 626 πολλῆς
2845 554 2943 625 μὲν
2973 551 3218 622 ἡσεϐεῖτε
3253 549 3350 618 τῆς
3385 547 3720 616 προθυμίας·

482 643 724 698 triduum
767 662 786 694 ι
821 643 974 707 dicit,
1008 639 1090 694 vel
1134 647 1244 694 tres
1281 637 1398 693 dics
1429 637 1736 707 intelligens
1769 635 1840 688 ob
1866 643 2050 688 osten-

2173 651 2459 721 τροσὴγετε
2521 648 2577 701 δὲ
2646 646 2846 714 σπουδῇ
2922 643 3015 696 καὶ
3078 641 3176 704 τὰς
3261 638 3482 700 θυσίας·
3536 637 3594 689 τὸ
3642 636 3720 697 δὲ,

483 736 712 790 dandam
748 732 1105 803 frequentiam
1134 744 1244 800 qua
1289 730 1557 787 sacriﬁcia
1605 728 1939 790 offerebant;
1969 725 2053 780 vel

2173 760 2178 793 τ
2217 742 2296 804 είς
2341 739 2440 810 τὴν
2470 737 2814 808 τριημερίαν,
2849 755 2866 786 ι
2903 734 3058 805 ἢΔιά
3090 732 3253 803 τριῶν
3289 729 3529 802 ἡμερῶν,
3558 730 3728 783 εἰπεῖν

484 825 808 896 peculiarem
858 824 1092 891 aliquem
1143 822 1388 886 modum,
1435 836 1544 892 quo
1583 817 1853 874 sacriﬁcia
1909 816 2051 887 apud

2173 829 2442 896 lcule'tat,
2489 829 2568 890 είς
2617 825 2846 896 δήλωσιν
2896 821 2990 875 τοῦ
3051 819 3286 890 συνεχῶς
3318 819 3418 887 τὴν
3445 832 3729 886 προσαγω-

485 917 624 970 idola
657 916 1006 987 peragebant.
1048 914 1181 968 Illuc
1221 922 1401 967 autem
1436 913 1676 966 decimas
1711 923 1932 979 quoque
1977 908 2056 962 in-

2173 922 2258 993 τὴν
2316 920 2424 976 τῶν
2477 917 2675 972 θυσιῶν
2705 914 2992 979 ποιεῖσθαι,
3037 912 3071 982 ἢ
3109 912 3308 982 τρόπον
3346 908 3467 961 τινὰ
3503 905 3622 960 καθ’
3671 906 3729 959 δν

486 1006 708 1070 tulistis,
739 1016 794 1058 et
837 1005 1006 1075 legem
1035 1001 1325 1074 quamdam
1373 1017 1472 1072 pro
1521 1000 1678 1055 libito
1714 1004 1895 1054 vestro
1926 995 2057 1066 legio

2173 1013 2253 1075 τὰς
2291 1011 2480 1073 θυσίας
2515 1008 2800 1062 ἐπετέλουν
2824 1005 2942 1058 τότε
2989 1005 3100 1066 τοῖς
3146 1000 3407 1062 εἰδώλοις.
3448 996 3642 1052 Δὺτόθι
3673 995 3729 1048 δὲ

484 1096 616 1162 stis;
669 1104 723 1151 et
777 1095 984 1150 ftedera
1036 1111 1203 1164 super
1251 1094 1354 1148 hac
1398 1092 1543 1164 apud
1596 1091 1741 1146 idola
1798 1087 2053 1144 fecistis:

2173 1103 2251 1157 ιαὶ
2275 1101 2371 1165 τὰς
2401 1099 2632 1163 δεκάτας
2675 1095 3061 1168 προσεφέρετε,
3112 1093 3208 1146 καὶ
3259 1091 3421 1160 νόμον
3466 1087 3587 1140 τινὰ
3639 1086 3730 1139 ἀν-

487 1196 647 1257 atque
698 1194 756 1240 ut
808 1187 1123 1242 summatim
1177 1184 1377 1247 dicam,
1427 1183 1609 1236 omnia
1659 1181 1751 1235 illa
1802 1194 1925 1250 quae
1957 1192 2058 1234 vos

2173 1192 2479 1262 εγινώσκετε
2498 1189 2588 1242 τὸν
2612 1190 2739 1259 ὑμῖν
2760 1183 3040 1239 δοκοῦντα·
3058 1182 3157 1244 τὰς
3183 1179 3454 1250 συνθήκας
3477 1177 3562 1229 ἐπ’
3585 1174 3734 1243 αὐτῷ

486 1277 710 1332 decebat
771 1276 1072 1332 secundum
1130 1274 1370 1328 divinam
1433 1274 1604 1344 legem
1665 1268 2059 1341 Hierosolymis

2173 1284 2296 1356 πρὸς
2341 1283 2408 1336 τά
2459 1279 2654 1334 εἴδωλα
2700 1267 3040 1347 ποιούμενοι·
3087 1274 3182 1326 καὶ
3239 1270 3515 1340 συντόμως
3562 1269 3737 1321 εἰπεῖν

488 1377 746 1437 praestare
776 1367 902 1431 Deo,
932 1367 1046 1420 haec
1073 1365 1128 1419 in
1159 1363 1432 1434 praedictis
1462 1363 1596 1418 locis
1637 1378 1764 1434 erga
1796 1362 1960 1426 idola,
1990 1376 2059 1415 ex

2173 1377 2376 1429 Ξπαντα
2405 1371 2468 1442 δὴ
2504 1371 2539 1424 ἀ
2572 1369 2844 1440 προσῆκον
2872 1362 2940 1436 ἢν
2966 1365 3111 1436 ὑμᾶς
3155 1361 3297 1416 κατὰ
3321 1360 3412 1414 τὸν
3455 1359 3618 1428 νόμον
3646 1358 3736 1411 τὸν

491 1460 892 1515 institutionum
920 1472 1164 1511 mearum
1194 1469 1386 1509 norma
1423 1453 1650 1509 fecistis.
1685 1453 1896 1519 Quibus
1929 1467 2062 1522 prae.

2173 1465 2302 1519 θεῖον
2356 1464 2448 1516 ἐπὶ
2495 1461 2595 1532 τῆς
2667 1457 3018 1530 Ἰερουσαλὴμ
3067 1452 3416 1524 ἀποπληροῦν
3467 1449 3547 1521 τῷ
3597 1449 3734 1519 Θεῷ,

487 1549 631 1603 clare
652 1547 967 1617 subjungit:
997 1562 1018 1596 ι
1051 1543 1404 1608 Annuntiate,
1434 1541 1692 1612 quoniam
1719 1542 1834 1596 haec
1859 1540 2064 1595 dilexe-

2173 1552 2332 1606 ταῦτα
2362 1553 2418 1604 ὲν
2445 1553 2554 1613 τοῖς
2575 1549 2931 1620 προρρηθετσι
2957 1546 3141 1607 τόποις
3163 1543 3256 1597 καὶ
3289 1541 3416 1612 περὶ
3445 1541 3514 1594 τὰ
3543 1539 3741 1594 εἴδωλα

487 1645 616 1692 runt
649 1636 743 1692 ﬁlii
775 1635 1016 1699 lsraelis,
1043 1634 1176 1689 dicit
1208 1633 1496 1688 Dominus.
1531 1649 1549 1683 ι
1583 1631 1848 1687 Omnibus
1880 1631 2065 1702 explo-

2173 1643 2306 1698 κατά
2356 1642 2584 1712 μίμησιν
2629 1641 2737 1693 τῶν
2785 1639 2908 1710 ἐμοὶ
2951 1635 3383 1706 διατεταγμένων
3429 1631 3740 1694 ποιοῦντες·

487 1737 662 1784 ratum
710 1728 782 1784 sit
835 1728 1067 1782 istorum
1111 1741 1238 1796 erga
1287 1724 1434 1778 idola
1481 1723 1746 1788 studium,
1797 1731 1856 1776 ut
1901 1721 2064 1778 simul

2173 1730 2248 1799 οἷς
2280 1734 2460 1797 καλῶς
2501 1733 2724 1801 ὲπάγει·
2765 1750 2784 1784 ι
2844 1728 3233 1798 Ἀπαγγείλατε
3273 1727 3355 1780 δτι
3396 1724 3573 1778 ταῦτα
3609 1724 3744 1792 ἠγά-

488 1824 699 1874 constet
724 1814 1080 1886 quamobrem
1105 1793 1296 1883 pcenas
1321 1811 1543 1866 luerint.
1581 1810 1721 1877 Quid
1748 1811 1916 1866 vero?
1945 1829 1964 1861 ι
1997 1809 2065 1864 Ει

2173 1793 2345 1897 πτίσαν
2382 1793 2455 1878 οί-
2480 1825 2586 1878 υἱοὶ
2621 1793 2856 1894 ίισραὴλ,
2904 1793 3049 1890 λέγει
3092 1818 3296 1891 Κύριος
3325 1820 3352 1871 ὁ
3387 1817 3534 1878 Θεός.
3586 1835 3602 1867 ι
3647 1817 3744 1868 Γε-

487 1923 590 1980 cgo
621 1908 762 1963 dabo
792 1905 948 1961 vobis
978 1913 1256 1975 stuporem
1287 1903 1529 1957 dentium
1564 1901 1619 1956 in
1652 1902 1868 1957 cunctis
1912 1902 2066 1957 urbi-

2173 1917 2338 1972 νέσθω
2369 1915 2431 1986 δὴ
2477 1917 2608 1968 πᾶσι
2637 1910 2952 1982 καταφανὴς
2985 1909 3162 1964 αὐτῶν
3201 1911 3233 1979 ἡ
3269 1907 3398 1978 περὶ¹
3423 1905 3493 1959 τὰ
3518 1903 3748 1958 τοιαῦτα

489 2001 592 2055 bus
613 1997 834 2060 vestris,
865 2003 918 2051 et
949 1993 1302 2066 indigentiam
1333 2008 1532 2063 panum
1566 1992 1621 2046 in
1647 1992 1903 2048 omnibus
1930 1991 2068 2049 locis

2173 2009 2392 2080 σπουδὴ,
2415 2008 2490 2071 ὡς
2515 2007 2580 2060 ἂν
2612 2005 2707 2060 καὶ
2731 2005 2869 2076 ὑπὲρ
2902 2004 3023 2057 ὅτου
3058 2002 3257 2055 διδόασι
3296 2000 3469 2062 δίκας,
3508 1998 3594 2067 (ι).
3628 1997 3750 2067 169)

488 2091 720 2154 vestris;
754 2097 806 2143 et
832 2102 938 2142 non
969 2085 1317 2142 revertemini
1350 2085 1416 2138 ad
1447 2099 1553 2148 me,
1579 2085 1709 2139 dicit
1729 2083 2010 2139 Dominus.
2041 2104 2061 2137 ι

2173 2100 2372 2169 γένοιτο
2421 2098 2600 2168 δῆλον.
2635 2097 2699 2150 Τί
2733 2097 2872 2167 γάρς
2915 2112 2935 2146 ι
2974 2095 3084 2147 Καὶ
3112 2092 3222 2161 ἐγὼ
3250 2091 3406 2144 δώσω
3440 2090 3583 2160 ὑμῖν
3619 2105 3752 2160 γομ-

491 2181 754 2249 Equidem
803 2179 1027 2232 multam
1071 2176 1264 2231 faciam
1320 2175 1487 2230 vestri
1555 2174 1964 2238 contritionem,
2013 2183 2068 2230 et

2173 2189 2403 2260 φιασμὺν
2441 2187 2668 2242 ὀδόντων
2701 2187 2758 2239 tv
2791 2187 2990 2248 πάσαις
3026 2187 3146 2246 ταῖς
3177 2183 3396 2234 πόλεσιν
3431 2179 3615 2251 ὑμῶν,
3656 2181 3748 2234 καὶ

494 2269 726 2340 plurima
780 2267 1216 2322 necessariarum
1269 2280 1450 2320 rerum
1499 2271 1740 2333 egestate
1780 2279 2062 2334 premam;

493 2377 669 2430 neque
698 2368 880 2414 tamen
914 2358 1120 2431 idcirco
1167 2355 1439 2412 emendati
1478 2354 1545 2409 ad
1582 2371 1666 2410 me
1697 2354 2066 2410 declinabitis.

491 2451 626 2506 Nam
658 2449 898 2504 dentium
928 2456 1208 2519 stuporem
1239 2448 1392 2511 dicit,
1427 2462 1527 2518 pro
1561 2447 1718 2516 112
1751 2447 1900 2517 gravi
1932 2461 2069 2500 con-

494 2542 752 2608 tritione;
811 2542 954 2596 sicut
1025 2541 1188 2596 etiam
1250 2540 1390 2609 apud
1458 2539 1676 2594 beatum
1743 2537 1999 2592 Davidem
2051 2556 2065 2591 :

437 2684 442 2690 .
500 2652 517 2682 σ
558 2633 701 2689 Deus
749 2639 996 2688 conteret
1051 2632 1242 2687 dentes
1289 2645 1480 2686 eorum
1541 2630 1594 2683 in
1635 2643 1730 2684 ore
1775 2629 2063 2699 ipsorum:

497 2725 667 2782 mulas
698 2727 913 2780 leonum
948 2722 1217 2796 confregit
1247 2722 1511 2779 Dominus
1544 2721 1610 2776 ".
1650 2739 1667 2771 ι
1700 2720 1829 2774 Vult
1858 2721 2068 2776 scilicet

497 2833 762 2871 summam
791 2817 1174 2872 contritionem
1205 2815 1387 2871 dicere
1439 2822 1493 2871 et
1527 2814 1684 2882 quasi
1712 2812 1781 2868 ad
1823 2812 2067 2868 dentium

495 2920 767 2976 stuporem
801 2906 1180 2962 deventuram.

2169 2282 2370 2335 ἔνδειαν
2404 2279 2583 2350 ἄρτων
2627 2281 2684 2332 ὲν
2727 2279 2860 2331 πᾶσι
2903 2279 3014 2339 τοῖς
3064 2277 3250 2338 τόποις
3293 2273 3466 2341 ὑμῶν,
3521 2275 3618 2326 καὶ
3651 2271 3747 2325 οὐκ

2171 2371 2530 2442 ἐπιστρέφετε
2561 2369 2695 2440 πρός
2737 2386 2825 2440 με,
2855 2367 3002 2436 λέγει
3033 2366 3255 2437 Κύριος.
3305 2383 3322 2415 ι
3365 2365 3474 2418 Καὶ
3519 2365 3630 2432 γὰρ
3657 2363 3746 2415 καὶ

2170 2460 2459 2532 συντριϐὴν
2507 2458 2658 2529 ὑμῶν
2701 2459 3003 2529 ἐργάσομαι
3050 2456 3324 2526 πλείστην,
3377 2454 3468 2506 καὶ
3524 2457 3593 2523 τῇ
3644 2453 3747 2504 τῶν

2170 2551 2479 2619 ἀναγκαίων
2524 2549 2702 2620 ἐνδείᾳ
2751 2547 3061 2619 περιϐαλῶ·
3114 2546 3204 2600 καὶ
3263 2547 3380 2598 οὐδὲ
3434 2545 3531 2596 ἐπὶ
3580 2545 3747 2612 τούτῳ

2174 2639 2628 2710 σωφρονισθέντες
2674 2637 2888 2692 νεύσετε
2933 2637 3068 2707 πρός
3109 2651 3206 2706 με·
3243 2635 3594 2705 γομφιασμδν
3645 2634 3749 2701 γὰρ

2171 2731 2398 2784 ὀδόντων
2426 2731 2524 2800 τὴν
2556 2730 2692 2797 ἄγαν
2723 2728 3012 2800 συντριὸὴν
3043 2727 3214 2795 λέγει·
3253 2726 3327 2789 ὡς
3355 2726 3446 2778 καὶ
3496 2723 3647 2796 παρά
3675 2722 3751 2793 τῷ

2178 2822 2433 2893 μακαρίῳ
2451 2821 2611 2875 Δαυῖδ
2633 2821 2712 2885 τὸ,
2745 2841 2762 2872 ι
2803 2821 2858 2873 '0
2880 2821 3008 2882 Θεὸς
3029 2821 3154 2882 τοὺς
3180 2819 3396 2880 ὀδόντας
3427 2815 3612 2871 αὐτῶν
3639 2833 3748 2868 συν-

2174 2913 2354 2984 τρίψει
2386 2914 2444 2965 ὲν
2475 2912 2553 2982 τῷ
2588 2910 2814 2981 στόματι
2847 2910 3048 2973 αὐτῶν,
3077 2909 3175 2973 τὰς
3227 2909 3409 2979 μώλας
3453 2907 3569 2960 τῶν
3610 2906 3751 2958 λεόν-

495 3029 604 3065 των
634 3008 958 3063 συνέθλασεν
991 3009 1020 3060 ὀ
1047 3007 1251 3079 Κύριος
1271 3020 1285 3035 ·
1321 3025 1339 3058 ι
1371 3005 1676 3076 βουλομένῳ
1700 3004 1798 3075 τὴν
1819 3003 2260 3075 ὑπερϐάλλουσαν
2287 3007 2462 3060 εἰπεῖν
2491 3003 2799 3075 συντριϐὴν,
2827 3003 2902 3066 ὡς
2933 3002 3058 3072 άχρι
3080 3003 3190 3056 τῶν
3222 3001 3448 3055 ὀδόντων
3483 2999 3749 3068 ἐσομένην

498 3103 590 3156 καὶ
617 3101 724 3152 τῶν
752 3099 1018 3168 γομφίων.

568 3187 736 3244 Vens.
771 3186 926 3241 7-l0.
956 3215 1027 3226 -—
1060 3205 1078 3236 ι
1119 3185 1186 3240 Ει
1228 3200 1328 3255 ego
1383 3183 1636 3255 prohibui
1688 3200 1718 3238 a
1770 3185 1925 3239 vobis
1966 3185 2069 3238 im-

2242 3187 2389 3258 Στίχ.
2439 3188 2591 3252 ζ’.-ι’.
2628 3218 2699 3228 —
2732 3208 2750 3239 ι
2792 3190 2897 3242 Καὶ
2931 3185 3040 3255 ἐγὼ
3097 3185 3320 3254 ἀνέσχον
3370 3181 3430 3247 ἐξ
3469 3181 3628 3252 ὑμῶν
3662 3181 3753 3234 τὸν

497 3279 671 3340 brem.
704 3292 828 3331 cum
856 3275 1035 3329 adhuc
1068 3283 1180 3329 tres
1213 3288 1426 3328 menses
1461 3282 1808 3342 superessent
1839 3275 1904 3327 ad
1934 3288 2072 3328 mes-

497 3385 632 3424 sem.
672 3367 736 3420 Et
787 3367 966 3437 pluam
1015 3380 1180 3435 super
1233 3379 1396 3418 unam
1452 3364 1750 3425 civitatem,
1799 3371 1854 3418 et
1907 3379 2073 3433 super

499 3462 722 3515 alteram
761 3459 1033 3514 civitatem
1058 3473 1164 3512 non
1183 3457 1363 3528 pluam
1382 3473 1394 3509 :
1412 3470 1652 3525 parsuna
1678 3455 1951 3524 compluta
1965 3463 2068 3517 est,

497 3558 550 3604 et
571 3565 718 3619 pars,
750 3562 913 3617 super
947 3561 1110 3616 quam
1143 3560 1251 3599 non
1293 3544 1426 3612 plui,
1457 3544 1620 3596 aruit.
1656 3541 1720 3596 Et
1749 3543 2073 3598 convenient

498 3640 619 3694 dnte
635 3639 884 3693 civitates
909 3638 962 3691 in
999 3637 1274 3690 civitatem
1295 3647 1456 3687 unam
1489 3641 1548 3688 ut
1570 3633 1756 3686 bibant
1779 3646 1993 3700 aquam,
2020 3642 2074 3688 et

500 3747 610 3785 non
634 3730 999 3784 satiabuntur.
1049 3726 1112 3780 Et
1156 3742 1252 3781 vos
1283 3725 1350 3780 ad
1393 3740 1477 3778 me
1521 3740 1628 3778 non
1676 3724 1809 3780 estis
1840 3725 2067 3788 reversi,

501 3820 631 3875 dicit
658 3819 941 3875 Dominus.
999 3836 1019 3869 ι
1069 3815 1328 3872 Subtraxi
1372 3822 1554 3869 autem
1603 3815 1758 3870 vobis
1817 3815 2068 3880 imbrem,

499 3911 852 3983 quamobrem
906 3910 961 3964 in
1014 3908 1304 3963 maximam
1375 3907 1718 3962 sterilitatem
1766 3906 2068 3973 incidistis;

499 4019 625 4058 nam
679 4002 904 4067 locutio,
958 4000 1136 4056 tribus
1187 4006 1315 4054 ante
1346 4013 1582 4054 messem
1615 3997 1918 4063 mensibus,
1967 3998 2073 4053 hoc

503 4094 770 4162 signiﬁcat
816 4112 827 4146 :
882 4092 1080 4147 etenim
1140 4106 1206 4146 eo
1258 4097 1373 4145 toto
1429 4089 1712 4145 intervallo
1759 4090 2074 4144 continuata

503 4185 746 4248 siccitas,
783 4183 1146 4239 universalem
1193 4181 1408 4253 frugum
1451 4181 1582 4235 facit
1615 4181 2075 4251 perniciemque;

503 4290 680 4344 neque
743 4275 812 4328 ali
869 4288 1046 4342 neque
1095 4273 1448 4343 pinguescere
1504 4280 1711 4341 queunt
1762 4289 1776 4326 :
1821 4272 2074 4341 prohibet

503 4365 758 4436 denique,
793 4365 1089 4435 quominus
1119 4365 1313 4419 idonea
1352 4363 1618 4418 armentis
1648 4378 1850 4433 pascua
1877 4379 2074 4434 suppe-

2173 3277 2326 3331 ὑετδν
2363 3278 2469 3347 πρὸ
2492 3278 2656 3347 τριῶν
2689 3277 2873 3349 μηνῶν
2901 3277 2992 3330 τοῦ
3020 3274 3309 3347 θερισμοῦ·
3338 3274 3430 3327 καὶ
3458 3272 3639 3344 βρέξω
3661 3270 3749 3325 ἐπὶ

2173 3370 2326 3423 πόλιν
2356 3369 2503 3440 μίαν,
2543 3369 2633 3422 ἐπὶ
2661 3369 2716 3421 δὲ
2759 3369 2910 3421 πόλιν
2954 3368 3082 3438 μίαν
3113 3368 3175 3419 οὺ
3211 3365 3411 3437 βρέξω·
3447 3365 3612 3436 μερὶς
3657 3362 3748 3433 μία

2174 3460 2504 3531 βραχήσεται
2520 3501 2533 3523 ,
2553 3459 2646 3512 καὶ
2665 3477 2727 3529 με
2738 3459 2819 3529 ρὶς
2848 3458 2932 3526 ἐφ’
2950 3459 3014 3527 ἢν
3032 3457 3091 3509 οὐ
3112 3456 3285 3527 βρέξω
3325 3453 3746 3525 ξηρανθήσεται·

2172 3550 2267 3604 καὶ
2312 3549 2856 3620 συναθροισθήσονται
2890 3549 3003 3619 ('27)
3037 3548 3129 3600 δύο
3155 3549 3248 3601 καὶ
3285 3548 3432 3617 τρεῖς
3461 3546 3650 3608 πόλεις
3675 3545 3750 3606 εἰς

2174 3642 2327 3696 πόλιν
2359 3643 2486 3713 μίαν
2517 3641 2610 3694 τοῦ
2647 3644 2790 3694 πιεῖν
2829 3640 2993 3711 ὕδωρ,
3027 3641 3121 3693 καὶ
3152 3639 3213 3690 οὐ
3257 3639 3329 3709 μὴ
3363 3637 3746 3708 ἐμπλησθῶσιο

2173 3733 2267 3788 καὶ
2291 3733 2388 3787 οὐκ
2412 3733 2788 3804 ἐπεστράφητε
2814 3733 2948 3802 πρός
2978 3749 3066 3802 με.
3094 3731 3241 3798 λέγει
3272 3729 3503 3800 Κύριος.
3531 3749 3548 3780 ι
3587 3729 3752 3796 Ἀφεῖο

2171 3825 2263 3878 λον
2294 3825 2350 3878 δὲ
2382 3824 2533 3895 ὑμῶν
2571 3825 2662 3877 καὶ
2712 3824 2804 3876 τὸν
2848 3825 3020 3888 ὑετὸν,
3048 3823 3186 3875 ῶστε
3231 3820 3479 3891 ἀκαρπίᾳ
3534 3836 3750 3892 περιπε-

2175 3918 2288 3969 σεῖν
2321 3915 2552 3988 μεγίστῃ
2572 3933 2587 3947 ·
2616 3915 2677 3967 τὸ
2711 3914 2839 3985 γὰρ,
2871 3933 2888 3964 ι
2916 3913 3021 3984 πρὸ
3050 3913 3217 3982 τριῶν
3250 3911 3432 3984 μηνῶν
3459 3911 3558 3966 τοῦ
3598 3911 3742 3982 θερι-

2176 4007 2335 4078 σμοῦ,
2368 4026 2386 4059 ι
2419 4005 2578 4060 τοῦτο
2623 4006 2804 4074 λέγει·
2842 4005 3027 4074 ἐπειδὴ
3057 4006 3090 4074 ἡ
3121 4007 3182 4058 ὲκ
3214 4004 3334 4058 τότε
3379 4005 3510 4075 ἄχρι
3567 4003 3746 4062 τέλους

2173 4096 2431 4167 γινομένη
2472 4096 2723 4167 ἀϐροχία,
2765 4095 3002 4161 παντελῆ
3047 4096 3145 4166 μὲν
3177 4094 3287 4147 τῶν
3323 4094 3558 4165 καρπῶν
3589 4093 3747 4164 ἐργά-

2174 4184 2325 4248 ζεται
2351 4183 2442 4237 τὸν
2463 4184 2787 4254 ἀφανισμὸν,
2814 4185 2938 4237 οὕτε
2971 4183 3349 4254 ἐκτρέφεσθαι,
3380 4183 3454 4252 (p.
3485 4183 3608 4252 170)
3629 4181 3742 4235 οὔτε

2175 4273 2485 4328 πιαίνεσθαι
2507 4275 2632 4328 οἴων
2657 4293 2716 4328 τε
2755 4275 2922 4328 ὄντων
2940 4293 2954 4306 ·
2985 4275 3180 4328 κωλύει
3209 4274 3266 4326 δὲ
3301 4275 3394 4328 καὶ
3431 4275 3532 4345 τὴν
3559 4277 3745 4343 ἐπιτη-

2172 4366 2318 4420 δείαν
2346 4369 2458 4430 τοῖς
2486 4367 2702 4437 κτήνεσι
2739 4366 2908 4438 νομὴν
2935 4365 3270 4420 ἀναδίδοσθαι
3299 4367 3362 4420 ὲκ
3393 4366 3493 4436 τῆς
3521 4367 3623 4436 γῆς
3641 4384 3652 4395 ·
3680 4364 3744 4417 τά

502 4465 640 4512 tant.
674 4455 899 4528 Reliqua
931 4465 1112 4512 autem
1161 4471 1260 4527 pro
1312 4471 1462 4512 more
1511 4457 1859 4526 contingente
1891 4456 2022 4513 dicit
2054 4474 2068 4512 :

2173 4459 2230 4511 δὲ
2253 4458 2378 4529 ἑξῆς
2417 4458 2524 4512 άπὸ
2549 4457 2642 4511 τοῦ
2673 4458 2923 4522 εἰωθότος
2952 4458 3097 4527 λέγει
3116 4474 3130 4488 ·
3160 4458 3345 4528 ἐπειδὴ
3377 4460 3436 4512 ὲν
3462 4461 3580 4522 ταῖς
3612 4459 3747 4526 άγαν

505 4549 630 4619 quia
661 4551 714 4604 in
750 4549 933 4604 nimiis
968 4549 1328 4614 siccitatibus,
1353 4549 1495 4603 aeris
1521 4565 1737 4620 quoque
1770 4565 1913 4619 saepe
1944 4565 2072 4604 con-

505 4639 662 4709 tingit
694 4638 927 4708 aliquem
977 4638 1092 4692 ﬁeri
1141 4639 1440 4702 turbinem,
1469 4648 1522 4695 et
1550 4641 1799 4710 exiguam
1832 4641 2068 4710 pluviam

505 4728 712 4798 sparsis
739 4727 988 4782 decidere
1035 4728 1192 4793 locis,
1231 4729 1390 4796 cujus
1441 4738 1619 4782 tamen
1658 4731 1805 4784 nulla
1839 4739 1922 4785 est
1945 4745 2073 4801 erga

505 4819 719 4889 frugum
767 4818 1165 4872 incrementum
1227 4818 1456 4872 utilitas.
1519 4817 1637 4872 Non
1681 4819 1899 4874 dabitur
1943 4836 2074 4890 ergo

505 4912 659 4967 vobis
698 4910 822 4965 usui
875 4908 1151 4965 sufﬁciens
1194 4909 1500 4980 pluviarum
1544 4911 1722 4980 copia,
1757 4911 1852 4967 sed
1881 4912 1965 4966 vix
2001 4921 2076 4969 te-

507 5002 628 5058 nnis
655 4999 920 5072 particula
951 4999 1074 5062 erit,
1126 5008 1185 5054 ut
1226 5000 1366 5057 alius
1415 5001 1630 5070 quidem
1679 5001 1832 5056 locus
1883 5003 2076 5060 hume-

507 5091 640 5147 ctari
663 5090 933 5154 videatur,
956 5089 1098 5145 alius
1123 5089 1350 5143 omnino
1376 5091 1447 5144 sit
1471 5090 1657 5144 aridus
1681 5135 1695 5157 ,
1733 5091 1867 5145 nihil
1894 5091 2079 5163 fruges

506 5179 726 5249 iuvante
769 5179 871 5233 hac
904 5181 1101 5250 exigua
1144 5179 1568 5235 ministratione.
1623 5178 1912 5236 Evidenter
1950 5196 2080 5237 vero

509 5270 776 5326 defectum
809 5271 1065 5326 imbrium
1088 5271 1353 5342 depinxit,
1378 5270 1506 5325 dum
1530 5271 1604 5324 ait
1633 5272 1882 5328 civitates
1909 5273 2074 5327 simul

508 5361 643 5415 duas
697 5363 780 5415 vel
831 5369 942 5418 tres
985 5363 1266 5417 turmatim
1321 5363 1565 5420 abituras
1616 5364 1672 5418 in
1737 5365 1936 5430 locum,
1981 5365 2074 5420 ubi

579 5535 624 5566 δ’
658 5533 801 5588 Psal.
821 5551 948 5597 Lvn,
978 5537 1032 5595 7.

581 5711 692 5777 (27)
723 5711 854 5762 Cod.
895 5713 1424 5782 c-J‘Iaﬁpow’ﬁoeut.

2175 4549 2457 4622 ἀϐροχίαις
2487 4549 2773 4621 συμϐαίνει
2801 4549 2922 4602 τινὰ
2959 4549 3215 4612 πολλάκις
3243 4549 3488 4617 γίνεσθαι
3527 4565 3747 4619 συστρο-

2178 4641 2283 4712 φὴν
2324 4642 2523 4713 μικρὰν
2567 4642 2660 4695 τοῦ
2695 4642 2880 4714 ἀέρος·
2909 4643 3002 4695 καί
3037 4659 3156 4695 τινα
3195 4642 3348 4696 ὑετὸν
3393 4643 3582 4712 εὐτελῆ
3612 4642 3748 4695 κατά

2176 4747 2330 4795 τινας
2353 4731 2712 4804 διῃρημένους
2735 4731 3012 4800 γίγνεσθαι
3055 4734 3253 4796 τόπους
3274 4751 3286 4764 ·
3324 4727 3399 4787 ὧν
3429 4733 3580 4786 οὐδὲν
3622 4733 3744 4800 δφε-

2175 4823 2267 4885 λος
2301 4823 2434 4892 πρὸς
2464 4824 2562 4894 τὴν
2588 4823 2842 4876 σύστασίν
2878 4823 2994 4877 ἐστι
3018 4824 3125 4878 τῶν
3159 4823 3416 4896 καρπῶν·
3445 4824 3507 4876 οὐ
3535 4822 3749 4891 δοθήσεο

2169 4930 2259 4965 ται
2287 4913 2463 4966 τοίνυν
2492 4915 2619 4984 ὑμῖν
2663 4915 2944 4986 αὐτάρκης
2983 4915 3119 4986 πρὸς
3160 4917 3260 4986 τὴν
3300 4915 3485 4986 χρείαν
3515 4915 3622 4966 τῶν
3665 4915 3750 4965 ὑε-

2171 5005 2279 5057 τῶν
2298 5007 2330 5070 ἡ
2361 5005 2610 5075 χορηγία,
2636 5005 2770 5060 ἀλλὰ
2801 5006 2969 5078 βραχύ
2995 5024 3045 5060 τι
3077 5007 3214 5060 κατὰ
3245 5007 3412 5079 μέρος
3443 5006 3751 5076 γενήσεται·

2173 5094 2248 5157 ὡς
2278 5095 2376 5164 τὴν
2417 5095 2515 5164 μὲν
2552 5095 2726 5149 δοκεῖν
2771 5096 3077 5168 βεσρέχθαι,
3103 5097 3198 5167 τὴν
3227 5098 3282 5150 δὲ
3319 5095 3573 5160 καθάπαξ
3617 5090 3752 5146 εἶναι

2177 5185 2345 5256 ξηράν
2366 5202 2379 5216 ·
2413 5189 2522 5248 τοῖς
2554 5189 2781 5257 καρποῖς
2813 5187 2867 5240 δὲ
2901 5187 3091 5256 ὄφελος
3121 5190 3184 5240 ὲκ
3201 5188 3300 5256 τῆς
3337 5185 3592 5258 βραχείας
3625 5201 3753 5236 κατ-

2180 5274 2403 5344 αγωγῆς
2451 5276 2834 5346 προσγίνεσθαι
2874 5279 3040 5350 μηδὲν
3063 5297 3075 5309 ·
3110 5279 3341 5350 μάλιστα
3377 5280 3436 5332 δὲ
3465 5278 3632 5342 ἔδειξε
3664 5276 3758 5342 τὴν

2181 5365 2441 5436 άὸροχίαν
2473 5367 2551 5438 τῷ
2583 5369 2778 5433 εἰπεῖν,
2817 5370 2896 5422 ὅτι
2930 5371 3022 5425 καὶ
3067 5371 3246 5435 πόλεις
3283 5371 3374 5425 ἐπὶ
3399 5368 3464 5422 τὸ
3500 5367 3631 5423 αὐτὸ
3667 5363 3727 5420 δύ
