3966 6134
257 324 376 379 Ξ69

1272 331 1833 386 ΩΟΜΜΕΝΤΑΜΙΣΞ
1880 330 1947 385 IN
1989 329 2195 384 Αιιυδι
2230 329 2380 384 CAP.
2422 328 2510 383 IV.

3380 331 3486 391 270

261 465 320 500 τε
364 446 449 498 καὶ
478 446 627 514 τρεῖς
676 443 937 507 πολλάκις
983 444 1267 513 γενόμεναι
1313 444 1694 497 ἀπελεύσονται
1743 446 1823 506 εἰς

1928 457 2121 512 aquam
2179 441 2405 495 inveniri
2451 441 2774 509 didicerint;
2838 460 3012 515 neque
3062 453 3326 515 quantum
3382 447 3489 502 sibi

259 532 492 592 co'mv'év
514 528 674 605 ᾧπερ
703 536 918 606 μάθωσι
944 534 1288 607 εὑρίσκεσθαί
1313 550 1429 599 πως
1455 534 1620 606 ὓδωρ.
1646 535 1706 588 οὐ
1726 535 1825 604 τὴν

260 627 439 699 χρείαν
469 624 692 678 ἃπασαν
738 624 850 677 οὐδ’
881 623 1024 676 οὕτω
1064 624 1429 694 κομιζόμενοι,
1478 622 1735 693 βραχείας
1766 624 1825 676 δέ

259 734 395 779 τινος
423 716 787 786 ψυχαγωγίας
837 713 1198 777 ἀπολαύοντες
1241 713 1468 767 ἐκεῖθεν.
1522 712 1660 765 Ἀλλ’
1700 713 1827 771 ,οὐδὲ

258 811 320 860 ἐκ
357 807 564 860 τούτων
608 805 802 858 ἔσεσθε
831 806 1059 867 ἑαυτῶν,
1104 805 1256 875 φησὶ,
1310 805 1565 875 βελτίους.
1600 824 1621 858 ι
1663 806 1826 860 Ἐπά-

255 898 384 963 ταξα
425 899 575 965 ὑμᾶς
607 898 667 948 ἐν
710 895 955 967 πυρώσει
981 898 1074 950 καὶ
1113 898 1171 951 ἐν
1206 896 1422 967 ἰκτέρῳ,
1451 898 1549 950 καὶ
1593 894 1829 966 ἐπληθύ-

158 1026 163 1030 -
255 1005 375 1043 νατε
397 989 497 1042 τοῦ
524 988 820 1057 ἀσεϐῆσαι.
859 1007 879 1039 ι
912 988 1106 1051 Νόσοις
1137 989 1278 1059 ὑμᾶς
1299 988 1619 1061 περιέϐαλον
1650 988 1828 1042 mut-

256 1083 389 1145 1.11;,
420 1083 584 1150 ὑμεῖς
624 1080 683 1132 δὲ
709 1080 1012 1132 ἐπετείνετε
1041 1079 1140 1149 τὴν
1170 1080 1440 1134 ἀσέϐειαν.
1478 1098 1497 1132 ι
1524 1078 1632 1142 Οὓς
1657 1079 1825 1147 ἐπλη-

256 1173 447 1225 θύνατε
504 1172 721 1241 κήπους
779 1169 934 1239 ὑμῶν
988 1170 1082 1223 καὶ
1142 1169 1466 1239 ἀμπελῶνας
1523 1169 1676 1239 ὑμῶν
1733 1169 1828 1222 καὶ

258 1265 499 1325 συκῶνας
518 1263 677 1333 ὑμῶν
692 1263 786 1315 καὶ
810 1261 1042 1325 ὲλεῶνας
1059 1261 1210 1332 ὑμῶν
1229 1262 1534 1329 κατέφαγεν
1553 1263 1586 1330 ὴ
1608 1262 1824 1349 κάμκπη·

256 1353 346 1405 καὶ
367 1352 484 1405 οὐδ’
509 1352 691 1412 οὕτως
711 1350 1077 1420 ἐπεστρέψατε
1103 1350 1238 1420 πρός
1263 1367 1352 1420 με,
1375 1350 1523 1417 λέγει
1548 1349 1770 1421 Κύριος.
1803 1369 1822 1402 ι

259 1443 472 1504 Πάντας
505 1441 666 1511 ὑμῶν
687 1441 929 1510 ἠφάνισα
960 1443 1025 1511 τῇ
1054 1440 1247 1512 κάμπη
1272 1442 1399 1503 τοὺς
1429 1439 1703 1511 καρπούς·
1735 1458 1829 1510 με-

262 1534 533 1603 μενήκατε
571 1531 631 1585 δὲ
660 1533 713 1585 οί
740 1531 895 1584 αὐτοὶ⁵
920 1530 1013 1583 καὶ
1042 1528 1232 1594 οὕτως.
1272 1549 1291 1583 t
1340 1529 1723 1595 Ἐξαπέστειλα
1746 1532 1827 1594 είς

260 1626 398 1693 ὑμᾶς
446 1623 685 1676 θάνατον
732 1623 791 1674 ἐν
831 1621 938 1691 ὁδῷ
980 1621 1272 1689 Αἰγύπτου,
1310 1622 1403 1680 καὶ
1445 1621 1742 1674 ἀπέκτεινα
1770 1623 1827 1672 ἐν

260 1711 501 1782 ῥομφαία
546 1710 676 1775 τοὺς
726 1704 1039 1771 νεανίσκους
1073 1707 1226 1777 ὑμῶν
1277 1707 1412 1777 μετά
1456 1704 1828 1776 αἰχμαλωσίας

1927 534 2051 589 usui
2097 531 2234 587 foret
2267 532 2415 586 illinc
2448 542 2841 603 reportaturas,
2876 537 3036 591 breve
3082 537 3194 591 illic
3243 539 3490 595 solamen

1925 631 2198 693 expertas.
2263 624 2450 693 Neque
2512 639 2613 681 vos
2676 626 2885 681 idcirco
2947 628 3202 685 meliores
3259 628 3486 684 nemini.

1932 734 1952 767 ι
1993 715 2247 785 Percussi
2289 730 2385 772 vos
2426 717 2619 771 ardore
2661 727 2716 771 et
2763 720 3049 789 aurugine,
3078 727 3136 775 et
3155 720 3488 791 impietatem

1927 815 2164 863 vestram
2196 808 2620 878 multiplicastis.
2664 826 2686 862 ι
2720 807 2903 865 Variis
2948 822 3049 865 vos
3074 811 3344 866 mortibus
3389 812 3493 865 im-

1926 898 2112 968 plicui,
2145 912 2241 952 vos
2278 912 2405 951 vero
2449 899 2778 967 impietatem
2825 900 3078 957 auxistis.
3115 916 3141 954 ί
3168 899 3321 969 Quos
3346 902 3490 956 mul-

1928 988 2213 1058 tiplicastis
2270 989 2459 1044 hortos
2512 998 2742 1054 vestros,
2796 998 2853 1047 et
2908 992 3096 1049 vineas
3151 1001 3385 1062 vestras,
3433 1002 3492 1051 et

1927 1080 2083 1135 ﬁceta
2106 1088 2309 1137 vestra.
2342 1089 2396 1133 et
2422 1081 2616 1137 oliveta
2644 1093 2846 1149 vestra,
2886 1083 3169 1140 devoravit
3202 1099 3399 1154 eruca;
3434 1095 3492 1143 et

1927 1186 1996 1225 ne
2017 1171 2096 1225 sic
2125 1171 2279 1239 113
2310 1172 2527 1238 quidem
2558 1174 2759 1229 reversi
2802 1175 2939 1231 estis
2970 1176 3037 1230 ad
3070 1190 3177 1243 me,
3220 1177 3491 1232 dicit‘Doo

1930 1261 2123 1313 minus.
2165 1280 2184 1310 ι
2217 1258 2447 1314 Fructus
2475 1275 2575 1330 ego
2612 1276 2802 1317 omnes
2836 1273 3045 1319 vestros
3080 1279 3243 1320 eruca
3273 1267 3491 1322 absunu

1929 1348 2050 1417 psi;
2085 1363 2179 1403 vos
2198 1356 2394 1405 tamen
2433 1350 2597 1405 iidem
2629 1354 2724 1422 qui
2779 1362 2936 1409 antea
2982 1357 3283 1413 mansiStis.
3318 1375 3338 1409 ι
3381 1360 3489 1412 lm-

1930 1440 2052 1494 misi
2082 1440 2235 1495 vobis
2265 1450 2491 1495 mortem
2522 1441 2578 1495 in
2607 1442 2698 1496 via
2727 1442 2969 1515 Egypti,
2999 1447 3287 1517 occidique
3310 1448 3491 1519 gladio

1922 1528 2153 1599 juvenes
2192 1538 2426 1593 vestros.
2476 1547 2600 1586 cum
2649 1548 2913 1604 equorum
2944 1547 3246 1593 vestrorum
3271 1542 3492 1611 captivi~

1927 1626 2070 1683 tate;
2115 1627 2170 1672 et
2220 1619 2434 1673 traduxi
2482 1621 2663 1690 ignem
2719 1638 2817 1694 per
2848 1635 3029 1680 castra
3072 1637 3250 1685 vestra
3303 1630 3359 1685 in
3407 1631 3488 1686 ira

1929 1724 2083 1774 mea;
2114 1716 2170 1764 et
2204 1725 2271 1764 ne
2302 1711 2383 1765 sic
2405 1710 2623 1781 quidem
2673 1717 2876 1772 reversi
2923 1719 3057 1775 estis
3107 1721 3174 1776 ad
3224 1736 3332 1787 me,
3357 1724 3492 1780 dicit

259 1805 439 1856 ίππων
472 1819 569 1854 σου
593 1819 607 1832 ·
638 1801 715 1870 (p.
752 1799 875 1866 171)
906 1798 999 1851 καὶ
1026 1798 1296 1868 ἀνήγαγον
1328 1798 1385 1848 ἐν
1415 1797 1547 1867 πυρὶ
1570 1795 1671 1858 τὰς
1696 1812 1826 1865 παρ-

1937 1799 2214 1855 Dominus.
2253 1820 2271 1853 ι
2307 1800 2572 1873 Profugos
2594 1818 2693 1860 vos
2725 1806 2792 1862 ad
2825 1806 3117 1880 Egyptum
3145 1826 3242 1881 spe
3273 1814 3489 1880 salutis.

269 1893 506 1964 εμδολὰς
531 1891 690 1963 ὑμῶν
726 1893 786 1944 ἐν
812 1893 878 1960 τῇ
932 1889 1065 1961 ὀργῇ
1103 1906 1224 1959 μου,
1253 1887 1346 1942 καὶ
1385 1888 1494 1941 οὐδ’
1537 1884 1710 1950 οὕτως
1741 1888 1837 1939 ἐπα

258 1984 559 2055 εστρέψατε
587 1981 728 2053 πρός
746 1998 836 2050 με,
864 1980 1013 2049 λέγει
1039 1981 1258 2053 Κύριος.
1294 1999 1312 2031 ι
1351 1979 1459 2032 Καὶ
1493 1988 1836 2047 καταπεφευ-

256 2077 422 2143 γὸτας
451 2074 509 2127 δὲ
550 2074 701 2144 ὑμᾶς
737 2072 832 2125 ἐπὶ
872 2071 970 2142 τὴν
1007 2072 1278 2140 Αἴγυπτον
1316 2070 1489 2124 ἐλπίδι
1529 2069 1823 2138 σωτηρίας,

256 2166 443 2219 αὒτόθι
484 2163 771 2235 περιὸαλῶ
804 2162 1049 2225 θανάτοις
1085 2178 1143 2215 τε
1186 2162 1280 2215 καὶ
1318 2163 1576 2231 σφαγαῖς·
1622 2160 1701 2214 ἔτι
1733 2161 1829 2215 καὶ

257 2259 382 2321 τοὺς
425 2253 996 2327 περιλιμπανομένους
1041 2254 1099 2319 ἐξ
1144 2252 1298 2323 ὑμῶν
1342 2252 1479 2320 μετά
1512 2251 1726 2305 πάντων
1763 2252 1826 2321 δὴ

1933 1887 2041 1942 illic
2074 1888 2339 1946 mortibus
2379 1891 2728 1963 cedibusque
2770 1896 3061 1967 implicabo
3098 1919 3114 1955 :
3159 1901 3490 1975 insuperque

1932 1980 2172 2049 reliquos
2200 1995 2392 2038 omnes
2424 1997 2490 2037 ex
2514 1984 2667 2040 vobis
2694 2000 2820 2041 cum
2844 1989 2996 2044 omni
3022 2004 3082 2047 re
3107 2006 3207 2046 sua
3238 1993 3490 2051 familiari

1946 2073 1999 2124 in
2023 2072 2388 2141 captivitatem
2438 2073 2783 2132 abducendos
2811 2078 3015 2135 curabo
3045 2097 3063 2137 :
3097 2092 3331 2137 vestram
3371 2098 3489 2139 omo

1940 2176 2062 2216 nem
2084 2162 2482 2218 multitudinem
2502 2164 2623 2235 igne
2650 2165 2811 2222 veluti
2832 2182 3183 2237 consumens,
3200 2188 3296 2243 per
3322 2175 3492 2230 hostio

1930 2253 2033 2306 lem
2062 2253 2515 2320 persecutionem.
2538 2253 2602 2309 Et
2627 2273 2692 2311 ne
2721 2267 2850 2313 tunc
2878 2261 3094 2331 quidem
3126 2254 3485 2336 resipiscetis.

256 2347 362 2401 τῶν
391 2347 706 2417 προσόντων
735 2345 918 2406 αὐτοῖς
943 2344 1022 2407 ei;
1052 2340 1425 2411 αἰχμαλωσίαν
1456 2342 1682 2408 ἀπάγων
1701 2355 1716 2368 ·
1756 2341 1900 2394 ἀπαν
1933 2357 1992 2393 τε
2032 2341 2184 2411 ὑμῶν
2221 2343 2281 2394 τὸ
2314 2342 2514 2406 πλῆθος
2539 2343 2728 2417 ὥσπερ
2769 2350 2875 2403 τινὶ
2912 2351 3046 2421 πυρὶ
3084 2357 3489 2413 καταναλίσκων

256 2441 322 2509 τῇ
347 2438 436 2492 διὰ
471 2437 584 2489 τῶν
610 2433 886 2504 πολεμίων
911 2432 1039 2502 ύμῖν
1076 2432 1389 2503 ἐπαγομένη
1419 2433 1659 2504 τιμωρίᾳ
1678 2449 1691 2461 ·
1737 2434 2091 2502 μετανοήσετε
2117 2432 2173 2485 δὲ
2202 2432 2321 2485 ούδέ
2341 2433 2482 2487 τότε.

328 2530 476 2599 Στίχ.
505 2534 699 2596 ια’-ιγ’.
727 2555 800 2565 -
834 2543 854 2577 ι
894 2525 1251 2596 Κατέστρεψα
1281 2525 1424 2593 ὑμᾶς
1457 2522 1637 2588 καθὼς
1699 2539 1824 2575 κατα

258 2619 515 2692 ἔστρεψεν
543 2620 575 2671 ὁ
610 2617 745 2680 Θεὸς
790 2617 999 2686 Σόδομα
1017 2614 1109 2669 καὶ
1130 2615 1383 2688 Γόμορρα
1405 2632 1417 2646 ·
1458 2615 1552 2668 καὶ
1583 2612 1831 2683 ἐγένεσθε

260 2712 335 2775 ὥς
366 2710 522 2772 δαλὸς
571 2706 977 2777 ἐξεσπασμένος
1017 2709 1080 2760 ἐκ
1122 2707 1322 2776 πυρός·
1368 2706 1462 2759 καὶ
1511 2705 1621 2758 οὐδ’
1660 2705 1832 2769 οὕτως

260 2800 627 2871 emat-pauca
656 2799 793 2868 πρός
824 2816 912 2869 με,
943 2798 1091 2864 λέγει
1128 2794 1347 2867 Κύριος.
1379 2816 1395 2848 ι
1433 2795 1506 2850 Τὸ
1528 2796 1831 2849 τελευταῖον

259 2893 500 2963 παντελῆ
528 2892 629 2961 τὴν
659 2891 897 2962 ἐρημίαν
945 2891 1072 2959 ὑμῖν
1110 2890 1385 2960 ἐπήγαγον
1436 2886 1830 2959 παραπλησίως

259 2985 510 3054 Σοδόμοις
539 3000 602 3036 τε
635 2983 730 3035 καὶ
771 2981 1098 3052 Γομόρῤοις·
1128 2980 1268 3033 ὥστε
1300 2979 1445 3049 ὑμᾶς
1486 2978 1641 3049 δίκην
1672 2976 1829 3031 δαλοῦ

260 3072 778 3142 καταπεφλεγμένου
808 3069 1162 3141 πεπυρῶσθαί
1184 3087 1243 3124 τε
1275 3072 1368 3123 καὶ
1408 3068 1829 3139 περιϐεϐλῆσθαι

259 3168 367 3228 τοῖς
411 3163 700 3234 ἐπαχθείσι
741 3164 929 3225 κακοῖς
951 3178 965 3191 ·
1005 3160 1119 3215 ἀλλ’
1145 3160 1265 3214 οὐδὲ
1292 3161 1357 3213 ἐκ
1391 3159 1595 3212 τούτων
1618 3174 1830 3227 σωφρο-

259 3256 449 3323 νισμόν
482 3272 607 3307 τινα
651 3251 938 3322 δεδύνησθε
973 3251 1250 3315 δέξασθαί.
1280 3248 1527 3305 Τοσαῦτα
1569 3248 1826 3319 εἰρηκὼς,

260 3340 333 3399 ὧν
365 3344 713 3415 ἐπαχθέντων
738 3342 922 3406 αὐτοῖς
951 3343 1011 3395 ού
1044 3343 1294 3411 γεγόνασι
1323 3341 1579 3411 βελτίους,
1608 3340 1823 3408 ἐπάγει·

267 3452 285 3483 ι
319 3433 415 3486 Διά
454 3432 616 3484 τοῦτο
658 3429 830 3490 οὕτως
875 3430 1084 3499 ποιήσω
1131 3447 1232 3493 σοι,
1271 3428 1511 3501 Ἰσραήλ·
1558 3428 1696 3499 πλὴν
1743 3429 1825 3481 ὅτι

260 3522 427 3586 οὖτως
467 3522 683 3591 ποιήσω
726 3536 828 3583 σοι,
869 3519 1154 3588 ἑτοιμάζοι)
1200 3518 1291 3571 τοῦ
1330 3518 1702 3572 ἐπικαλεῖσθαι
1734 3517 1826 3571 τὸν

259 3599 386 3667 Θέόν
419 3630 534 3675 σου,
584 3609 835 3681 Ἰσραήλ·
879 3610 1010 3663 διότι
1057 3611 1162 3663 ίδοϋ
1200 3611 1311 3679 ἐγὼ
1338 3610 1569 3680 στερεῶν
1599 3609 1827 3681 βροντὴν

260 3704 349 3757 καί
385 3702 589 3766 κτίζων
613 3701 853 3771 πνεῦμα,
893 3701 986 3753 καὶ
1022 3701 1375 3769 ἀπαγγέλλων
1398 3704 1475 3763 είς
1509 3699 1825 3770 ἀνθρώπους

257 3796 346 3848 τὸν
382 3792 619 3864 Χριστὸν
660 3789 876 3843 αὐτῶν·
906 3789 1076 3842 ποιῶν
1107 3790 1298 3860 ὄρθρον
1331 3790 1424 3841 καὶ
1459 3788 1706 3859 ὁμίχλην,
1733 3787 1826 3840 καὶ

258 3884 551 3938 ἐπιϐαίνων
597 3882 691 3934 ἐπὶ
747 3881 815 3934 τὰ
866 3877 975 3951 ὕψη
1021 3877 1122 3948 τῆς
1169 3878 1306 3947 γῆς·
1363 3877 1566 3949 Κύριος
1603 3879 1633 3930 ὁ
1671 3875 1823 3939 Θεὸς,

261 3977 335 4044 (ρ.
362 3974 506 4043 I72)
541 3975 570 4025 ὁ
603 3969 1005 4042 Παντοκράτωρ
1037 3969 1206 4038 ὄνομα
1240 3966 1404 4037 αὐτῷ.
1440 3985 1458 4018 ι
1504 3966 1641 4019 Ἀλλ’
1663 3968 1711 4019 εί
1734 3966 1826 4018 καὶ

260 4064 484 4118 τοιοῦτοι
505 4063 770 4131 γεγόνατε
799 4061 926 4129 περὶ
951 4059 1071 4129 ἐμὲ,
1104 4059 1216 4112 ἀλλ’
1237 4058 1407 4127 έγωγε
1441 4058 1578 4129 μετά
1596 4056 1693 4128 τὴν
1714 4058 1827 4109 πεῖ-

262 4174 356 4226 ραν
381 4156 494 4209 τῶν
524 4154 709 4207 κακῶν
731 4152 974 4212 ἐκείνων,
1005 4150 1098 4203 ἐπὶ
1123 4149 1184 4202 τὸ
1205 4152 1449 4219 κρεῖττον
1489 4148 1823 4219 μεταστῆσαι

262 4246 619 4315 βεϐούλευμαι
649 4243 718 4296 τὰ
766 4241 888 4294 καθ’
930 4240 1092 4311 ὑμᾶς,
1128 4240 1283 4310 εἴπερ
1318 4235 1416 4292 οὖν
1464 4237 1584 4291 τότε
1615 4254 1826 4309 σωφρο-

260 4339 493 4410 ιέστεροι
536 4338 603 4389 ἐκ
628 4334 740 4388 τῶν
779 4331 1046 4386 τοσούτων
1090 4331 1370 4400 γεγονότες
1410 4330 1595 4383 κακῶν
1638 4330 1825 4384 νεῦσαι

262 4430 385 4500 πρὸς
409 4427 512 4498 ἐμὲ
545 4423 920 4496 βουληθείητε·
950 4425 977 4476 ὁ
1001 4421 1109 4493 γὰρ
1131 4422 1191 4475 τὸ
1211 4423 1390 4492 ἀέριον
1418 4420 1631 4492 πνεῦμα
1660 4421 1825 4491 μαλα⁹

258 4522 345 4571 κόν
373 4535 434 4571 τε
463 4518 525 4571 ὃν
551 4517 647 4570 καὶ
674 4514 1048 4585 διαλελυμένον
1070 4512 1265 4583 χαῦνόν
1287 4529 1345 4565 τε
1368 4512 1461 4566 καὶ
1485 4511 1673 4583 ἀραιὸν
1696 4528 1825 4564 παν-

1998 2520 2165 2577 Vens.
2203 2524 2386 2579 1H3.
2419 2553 2489 2564 —
2519 2542 2539 2576 ι
2582 2524 2832 2581 Subverti
2880 2544 2992 2593 vos,
3040 2532 3182 2587 sicut
3222 2537 3490 2593 subvertit

1929 2611 2073 2669 Deus
2111 2611 2347 2668 Sodoma
2398 2625 2452 2670 et
2493 2616 2815 2682 Goamrrba,
2879 2628 2933 2674 et
2973 2621 3097 2678 facti
3162 2629 3297 2682 estis
3346 2630 3489 2684 sicut

1927 2702 2095 2758 torris
2127 2712 2316 2760 erutus
2350 2705 2418 2760 de
2444 2706 2568 2776 igne
2613 2722 2629 2774 ;
2664 2716 2717 2761 et
2751 2724 2820 2764 ne
2848 2710 2928 2764 sic
2969 2713 3186 2783 quidem
3237 2721 3486 2775 conversi

1927 2794 2062 2849 estis
2094 2794 2159 2848 ad
2194 2810 2300 2857 me,
2335 2796 2467 2850 dicit
2500 2795 2784 2854 Dominus.
2826 2820 2844 2853 ι
2874 2799 3155 2859 Postremo
3182 2811 3486 2877 generalem

1928 2885 2081 2940 vobis
2111 2886 2416 2942 vastitatem
2444 2888 2599 2943 intuli
2620 2904 2773 2959 mque
2806 2907 2870 2946 ac
2899 2892 3153 2951 Sodomis
3175 2905 3228 2952 et
3258 2898 3488 2955 Gmuor-

1928 2974 2080 3037 rbis;
2129 2973 2341 3045 fecique
2372 2991 2490 3041 vos,
2524 2981 2688 3034 torris
2740 2982 2916 3036 instar
2946 2985 3207 3053 ardentis,
3243 2990 3487 3049 molestis

1930 3062 2189 3131 implicari
2216 3071 2270 3117 et
2320 3065 2473 3119 exuri
2497 3067 2926 3137 calamitatibus;
2960 3073 3054 3129 sed
3100 3092 3274 3147 neque
3300 3079 3372 3134 ab
3401 3080 3487 3137 bis

1927 3152 2361 3207 emendationem
2406 3155 2642 3226 aliquam
2724 3162 2981 3228 potuistis
3054 3169 3320 3237 accipere.
3392 3168 3486 3226 His

1929 3240 2125 3307 dictis,
2161 3243 2303 3314 quod
2339 3261 2532 3315 nempe
2584 3248 2652 3301 ob
2684 3264 2779 3305 eos
2809 3266 2990 3317 casus,
3044 3270 3153 3309 non
3196 3258 3306 3312 sint
3360 3259 3485 3315 facti

1932 3335 2214 3396 meliores,
2282 3335 2479 3390 addit:
2531 3355 2550 3389 ι
2590 3340 2930 3411 Quapropter
2982 3343 3062 3398 sic
3122 3343 3313 3401 faciam
3364 3350 3483 3409 tibi.

1928 3423 2089 3479 Israel
2128 3444 2141 3477 :
2171 3434 2455 3497 postquam
2486 3428 2565 3483 sic
2589 3428 2766 3484 fecero
2795 3432 2910 3494 tibi,
2961 3448 3203 3503 prmpara
3236 3444 3288 3490 te
3310 3445 3369 3490 ut
3398 3439 3485 3491 in-

1927 3528 2087 3570 voces
2118 3514 2285 3569 Deum
2324 3524 2497 3581 tuum,
2558 3520 2744 3573 Israel.
2779 3520 2915 3586 Quia
2954 3536 3081 3577 ecce
3114 3537 3213 3593 ego
3261 3525 3485 3584 firmans

1924 3606 2247 3669 tonitruum,
2272 3614 2325 3662 ct
2348 3623 2539 3662 creans
2565 3610 2838 3678 spiritum,
2862 3619 2917 3665 et
2948 3613 3281 3668 annuntians
3311 3613 3486 3668 Immi-

1930 3697 2086 3750 nibus
2120 3696 2394 3751 Christum
2419 3713 2604 3752 eorum
2639 3718 2651 3751 :
2682 3699 2885 3754 faciens
2925 3715 3084 3755 mane
3119 3710 3171 3757 et
3209 3704 3482 3769 nebulam,

1925 3799 1977 3840 et
2012 3788 2263 3857 gradiens
2314 3803 2476 3857 super
2527 3792 2738 3843 excelsa
2787 3798 2963 3857 terra,
3014 3790 3275 3851 Dominus
3320 3796 3480 3859 Deus,

1927 3891 2124 3932 nomen
2163 3878 2210 3931 ei
2245 3877 2616 3948 Omnipotens.
2656 3899 2674 3930 ι
2708 3879 2811 3935 Sed
2842 3897 3149 3952 quanquam
3194 3886 3329 3940 tales
3356 3901 3482 3955 erga

1927 3983 2013 4023 me
2040 3968 2242 4031 fuistis,
2273 3983 2374 4038 ego
2408 3976 2585 4023 tamen
2632 3979 2917 4040 postquam
2979 3975 3070 4027 illa
3102 3976 3242 4027 mala
3274 3979 3479 4045 experti

1926 4052 2159 4119 fueritis,
2192 4073 2279 4113 res
2310 4067 2517 4114 vestras
2544 4059 2597 4114 in
2625 4062 2899 4116 meliorem
2940 4071 3139 4116 statum
3169 4073 3484 4120 convertere

1925 4149 2125 4218 cogito.
2178 4146 2235 4202 Si
2282 4164 2413 4219 ergo
2454 4150 2811 4205 modestiores
2865 4153 2933 4208 ab
2960 4154 3045 4209 bis
3076 4157 3232 4210 malis
3280 4157 3478 4217 eﬂ'eeti.

1925 4241 2199 4310 respicere
2260 4240 2327 4295 ad
2358 4257 2443 4296 me
2493 4243 2805 4309 volueritis;
2853 4244 2994 4300 sicut
3041 4246 3220 4303 aerius
3258 4249 3483 4318 spiritus

1927 4343 2050 4384 cum
2077 4330 2150 4384 sit
2183 4331 2362 4385 mollis
2392 4339 2446 4385 et
2474 4332 2767 4396 resolutus,
2786 4334 2919 4391 levis
2956 4349 3221 4408 rarusque
3240 4340 3481 4404 omnino,

1924 4420 2280 4475 nihilominus
2319 4420 2454 4475 adeo
2498 4421 2552 4474 in
2607 4423 2874 4479 turbinem
2908 4428 3151 4480 convolvi
3184 4437 3381 4496 potest,
3424 4438 3486 4483 ut

1926 4511 2105 4565 editus
2158 4509 2306 4565 illinc
2336 4511 2561 4563 tonitrui
2598 4509 2780 4582 fragor
2809 4520 2967 4567 terrae
2992 4514 3186 4569 incolis
3214 4514 3307 4567 flat
3339 4516 3484 4568 into-

259 4607 415 4670 τελῶς
448 4606 546 4659 ἐπὶ
574 4604 841 4657 τοσοῦτον
859 4604 1175 4674 συστρέφειν
1202 4601 1517 4672 δυνάμενος,
1547 4600 1685 4654 ὥστε
1729 4600 1824 4654 καὶ

1928 4601 2203 4667 lerabilis;
2238 4595 2396 4672 ιιι
2438 4602 2513 4656 ita
2563 4602 2724 4656 etiam
2760 4617 2859 4672 ego
2902 4604 3193 4656 maximam
3242 4602 3297 4657 in
3327 4604 3483 4660 vobis

256 4698 340 4750 τὸν
367 4698 583 4751 ἐκεῖθεν
623 4694 1052 4763 ἀποτελούμενον
1090 4693 1292 4746 κτύπον
1328 4692 1425 4761 τῆς
1474 4692 1699 4761 βροντῆς
1731 4693 1822 4745 ἀν-

263 4788 511 4840 ύποιστον
539 4781 677 4838 εἶναι
703 4786 814 4847 τοῖς
840 4783 980 4836 κατᾶ
1005 4784 1127 4851 γῆν,
1154 4782 1354 4845 ὁαύτὸς
1378 4782 1434 4834 δὲ
1462 4781 1675 4835 καὶτῶν
1705 4780 1823 4833 καθ’

264 4881 397 4948 ὑμᾶς
432 4875 739 4949 μεταϐολὴν
773 4875 1075 4944 ἐργάσομαι
1110 4874 1387 4943 πλείστην,
1432 4875 1495 4925 ἐκ
1539 4872 1647 4924 τῶν
1676 4871 1824 4924 ἀνελ-

260 4969 459 5024 πίστων
505 4967 639 5037 ὑμῖν
680 4964 956 5035 σωτηρίαν
1003 4963 1272 5032 ἐκφαίνων
1312 4961 1570 5032 μεγίστην
1598 4978 1608 4989 ·
1636 4961 1822 5031 μηνύω

257 5060 311 5113 τέ
335 5076 419 5113 σοι
439 5057 627 5129 Κύρον
660 5055 754 5108 τὸν
785 5052 1012 5125 Περσῶν
1031 5052 1269 5123 βασιλέα,
1297 5051 1356 5116 ὃς
1384 5051 1511 5123 παρ’
1534 5052 1666 5121 ἐμοῦ
1698 5068 1827 5122 προ-

256 5148 657 5220 χειρισθήσεται
685 5144 779 5199 ἐπὶ
804 5142 985 5206 τοῦτο,
1019 5141 1094 5204 ὡς
1131 5141 1197 5195 ἂν
1230 5141 1492 5193 πλείστων
1517 5140 1654 5192 ὅσων
1690 5156 1826 5210 κρα-

255 5241 439 5308 τήσας,
468 5237 687 5292 λύσειέν
723 5253 783 5289 τε
808 5235 940 5306 ύμῖν
973 5233 1042 5286 τὰ
1074 5232 1368 5302 κατέχοντα
1401 5230 1564 5293 κακὰ,
1608 5231 1700 5283 καὶ
1728 5231 1826 5282 ἐπ-

256 5328 486 5381 ωνελθείν
531 5327 841 5382 κελεύσειεν
880 5325 962 5387 εἰς
996 5322 1064 5376 τὰ
1089 5325 1288 5375 οἰκεῖα·
1319 5322 1349 5373 ό
1370 5320 1476 5390 γὰρ
1519 5320 1607 5373 τὸν
1631 5319 1824 5391 δρθρον

256 5417 608 5489 ἐργαζόμενος
638 5419 704 5471 ἐκ
735 5416 984 5478 σκότους,
1016 5414 1109 5466 καὶ
1135 5412 1362 5483 ὀμίχλην
1389 5410 1735 5464 συνίστασθαι
1765 5427 1824 5462 τε

256 5508 371 5575 ἑῶν,
402 5514 494 5566 καὶ
526 5512 631 5565 ὑπὸ
662 5512 785 5574 ταῖς
825 5507 1113 5569 ἀνατολαῖς
1158 5504 1390 5559 διαλύων
1428 5504 1521 5558 τοῦ
1559 5505 1729 5576 ¹ἡλίου,
1771 5504 1829 5555 ἐν

261 5600 370 5670 ἴψει
399 5621 455 5657 τε
484 5606 575 5658 καὶ
620 5603 884 5673 ὑπεράνω
921 5599 1150 5651 πάντοτε
1197 5597 1479 5666 τυγχάνων
1517 5599 1613 5666 τῆς
1653 5597 1772 5665 γῆς,
1803 5599 1830 5649 ὀ

261 5694 403 5759 ιῦτὸς
430 5696 663 5751 διαλύσω
700 5695 801 5764 μὲν
848 5693 979 5760 ὑμῖν
1009 5689 1197 5758 ὥσπερ
1238 5704 1289 5739 τι
1332 5687 1519 5749 σκότος
1550 5689 1644 5748 τὰς
1688 5708 1820 5759 συμ-

1925 4692 2334 4747 conversionem
2397 4707 2577 4746 rerum
2637 4691 2854 4755 faciam,
2884 4707 2949 4747 ex
3000 4692 3278 4761 insperato
3306 4694 3480 4747 maxi-

1923 4800 2070 4837 mam
2101 4785 2253 4838 vobis
2283 4785 2512 4839 salutem
2548 4792 2850 4839 ostenlans.
2878 4783 3145 4840 Denuntio
3174 4785 3355 4855 itaque
3383 4785 3479 4839 tibi

1921 4876 2118 4946 (Syrum
2156 4876 2441 4931 Persarum
2472 4891 2672 4946 regem,
2704 4877 2796 4945 qui
2829 4891 2858 4928 a
2891 4892 2977 4931 me
2996 4876 3203 4931 idcirco
3223 4877 3474 4945 eligetur,

1925 4978 2002 5032 ιιι,
2039 4967 2275 5025 maximo
2325 4966 2552 5035 imperio
2609 4967 2833 5036 potitus,
2868 4965 3027 5022 ﬁnem
3086 4965 3244 5019 malis
3288 4963 3483 5019 vestris

1924 5058 2184 5127 imponat,
2219 5065 2274 5111 et
2318 5059 2551 5113 reditum
2581 5059 2635 5111 in
2667 5058 2886 5127 propria
2923 5058 3168 5127 imperet.
3216 5053 3351 5109 Nam
3390 5056 3484 5126 qui

1926 5162 2084 5201 mane
2122 5145 2358 5214 facio_de
2391 5148 2652 5209 tenebris,
2694 5154 2747 5201 et
2783 5146 3032 5201 nebulam
3079 5144 3303 5198 conﬂari
3342 5145 3485 5201 sino.

1922 5251 2083 5304 quam
2111 5244 2231 5288 ortu
2258 5235 2389 5290 solis
2421 5235 2647 5304 dissipo,
2671 5234 3029 5303 sublimisque
3071 5234 3293 5287 omnino
3324 5249 3486 5303 supra

1924 5335 2124 5379 terram
2163 5323 2399 5384 rcsiden,
2436 5324 2576 5378 idem
2623 5339 2722 5394 ego
2756 5331 2966 5378 vestras
3014 5338 3283 5378 aerumnas
3331 5326 3484 5394 quasi

1923 5415 2178 5469 tenebras
2203 5412 2464 5484 quasdam
2490 5413 2781 5468 dissolvam
2805 5454 2819 5478 ,
2854 5421 2908 5468 et
2946 5415 3099 5484 quasi
3142 5414 3315 5477 diem,
3362 5429 3487 5485 pro-

1927 5504 2201 5575 speritatis
2231 5504 2560 5574 voluptatem
2592 5503 2784 5556 faciam
2816 5504 3152 5568 illucescere,
3174 5514 3227 5560 et
3255 5508 3489 5574 quamli-

1926 5597 2015 5651 bet
2046 5595 2201 5649 vobis
2230 5594 2513 5648 molestam
2538 5594 2856 5662 gravitatem
2881 5596 3197 5666 dispellens,
3237 5596 3334 5647 hac
3370 5609 3484 5646 mea

1932 5687 2265 5756 providentia
2328 5685 2501 5753 palam
2537 5701 2619 5739 me
2656 5686 2869 5740 cunctis
2908 5689 3238 5759 superiorvm
3300 5696 3485 5738 osten-
