3966 6134
460 303 556 356 271

1640 302 1988 359 ’ΤΗΕΟῡΘΒΙ
2031 303 2508 363 ΜΟῬΞΠΕΒΤΕΜ

3595 309 3698 364 27E

461 409 587 465 dam
616 430 627 465 :
663 427 782 466 sum
815 413 1012 468 etenim
1044 412 1311 466 Dominus
1345 411 1625 482 factorque
1652 414 2032 472 omnium..Sic

2138 418 2305 488 φοράς
2331 434 2346 448 ο
2383 417 2601 487 ἐκφανῶ
2620 417 2676 472 δέ
2705 417 2914 490 ἡμέρας
2934 416 3088 488 δίκην
3109 417 3204 488 τὴν
3234 417 3326 471 ἐπὶ
3350 419 3459 479 τοῖς
3480 417 3697 488 ἀγαθοῖς

463 502 631 572 igitur
657 517 752 572 per
798 504 1126 559 universalia
1170 503 1259 556 illa
1300 516 1328 556 a
1373 517 1433 557 sc
1485 503 1646 569 facta,
1685 507 2033 576 praesentium

461 592 593 648 fecit
648 593 825 648 fidem.
857 593 975 647 Non
1013 601 1099 648 est
1141 601 1324 648 autem
1364 593 1695 658 mirandum,
1723 597 1869 666 quod
1890 598 2038 652 chri-

462 691 606 739 stum
625 683 975 753 appellaverit
998 683 1222 754 Cyrum;
1242 686 1684 756 quandoquidem
1712 703 1820 742 non
1841 697 2056 746 unctos-

460 772 860 839 tantummodo,
912 773 1005 828 sed
1047 775 1251 830 electos
1296 777 1564 846 quoslibet
1598 777 1702 832 hoc
1750 777 2039 849 indigitare

459 863 728 917 vocabulo
761 861 1045 933 Scriptura
1097 863 1251 920 solet.
1312 863 1472 922 Velut
1521 866 1654 920 illud
1723 884 1736 920 :
1791 883 1810 918 ι
1861 865 2038 923 Nolite

461 959 685 1027 tangere
723 953 961 1008 christos
987 968 1160 1018 meos,
1189 963 1244 1010 et
1292 956 1346 1011 in
1383 957 1669 1028 prophetis
1701 959 1838 1012 meis
1871 958 2038 1014 nolite

461 1045 748 1116 malignari
778 1046 844 1101 “.
887 1065 906 1098 ι
942 1045 1194 1102 Christos
1239 1049 1382 1103 enim
1414 1049 1516 1104 hoc
1549 1049 1670 1103 loco
1702 1065 1812 1104 non
1839 1057 2036 1105 unctos

463 1137 615 1200 dicit,
644 1137 741 1192 sed
789 1138 965 1208 ipsum
997 1136 1389 1206 Abrahamum,
1412 1139 1502 1210 qui
1557 1139 1763 1194 electus
1791 1146 2034 1194 tantum-

461 1231 627 1284 modo
675 1231 870 1288 fuerat.

2134 510 2328 580 ἡδονήν
2351 527 2362 540 ·
2416 511 2595 564 πᾶσάν
2636 528 2695 564 τε
2738 509 3206 581 ἀντιπράττουσαν
3250 511 3378 580 ύμῖν
3429 509 3699 584 βαρύτητα

2134 595 2367 664 ἀφελὼν,
2402 596 2650 662 ἐπιδείξω
2685 587 2773 652 sia
2795 599 2892 668 τῆς
2925 598 3054 669 περὶ
3091 599 3234 668 ὑμᾶς
3267 599 3588 669 κηδεμονίας
3607 619 3697 658 σα·

2135 689 2250 759 φῶς
2278 690 2519 760 -ἐμαυτδν
2554 691 2946 762 ὑπερκείμενον
2983 691 3091 743 τῶν
3145 691 3430 743 ἁπάντων·
3475 695 3549 760 (p.
3579 693 3702 765 175)

2136 779 2233 833 ἆτε
2263 779 2464 851 Κύριός
2488 798 2547 835 τε
2585 783 2679 836 καὶ
2713 782 2941 852 ποιητὴς
2983 780 3093 835 τῶν
3129 781 3382 835 ἁπάντων
3424 781 3694 852 ὑπάρχων

2135 870 2202 923 δι’
2231 871 2353 925 ὅλου
2397 873 2454 926 δὲ
2484 873 2549 926 ἐκ
2591 872 2701 926 τῶν
2737 872 2967 926 καθόλου
3001 872 3144 944 παρ’
3173 871 3337 925 αὐτοῦ
3373 873 3701 942 γιγνομένων

2135 962 2472 1017 ἐπιστώσατο
2496 965 2564 1018 τὰ
2589 965 2853 1036 παρόντα.
2885 965 2958 1018 Οὐ
2983 962 3292 1034 θαυμαστὸν
3328 962 3385 1016 δέ
3413 963 3463 1016 εί
3490 963 3701 1032 χριστὸν

2134 1051 2370 1124 κέκληκε
2425 1056 2516 1110 τὸν
2561 1057 2764 1128 Κῦρον,
2803 1057 2864 1108 ού
2907 1057 3035 1119 τοὺς
3082 1054 3470 1126 κεχρισμένους
3526 1055 3700 1123 μόνον,

2133 1144 2342 1209 πάντας
2371 1147 2428 1200 δὲ
2466 1148 2590 1212 τοὺς
2621 1149 3026 1219 ἐξειλεγμένους
3057 1147 3204 1210 ὅπως
3239 1147 3368 1201 ποτέ
3413 1145 3584 1217 ταύτῃ
3608 1164 3698 1200 καο

2132 1232 2244 1288 λεῖν
2261 1236 2472 1314 ἐἰωθὼς
2503 1241 2569 1310 τῇ
2598 1242 2748 1310 φωνῇ
2775 1257 2787 1271 ι
2810 1239 2886 1303 ὡς
2912 1238 2994 1306 τὸ,
3033 1257 3053 1291 ‹
3083 1237 3174 1309 Μὴ
3198 1236 3432 1292 ἅπτεσθε
3458 1237 3566 1290 τῶν
3590 1255 3706 1307 χρι⁹

463 1321 604 1375 στῶ-ι
634 1339 755 1392 μου,
785 1323 876 1377 καὶ
905 1325 962 1378 ἐν
996 1328 1111 1390 τοῖς
1147 1325 1450 1398 προφήταις
1488 1340 1590 1394 μου
1622 1321 1696 1395 μὴ
1729 1320 2122 1395 πονηρεύεσθεο
2156 1341 2176 1376 ι
2201 1328 2455 1398 χριστοὺς
2481 1331 2591 1402 γὰρ
2629 1328 2862 1386 ἐνταῦθα
2893 1331 2954 1385 ού
2980 1329 3371 1402 κεχρισμένους
3405 1329 3561 1382 καλεῖ
3585 1331 3710 1394 τοὺς

461 1415 590 1485 περὶ
617 1412 706 1466 τὸν
741 1413 1005 1486 Ἀϐραὰμ,
1037 1417 1112 1482 ὡς
1139 1417 1196 1471 δὲ
1216 1415 1617 1487 ἐξειλεγμένους
1650 1414 1828 1485 μόνον.

1113 1553 1264 1610 CAP.
1310 1554 1374 1609 V.

535 1653 696 1712 Vens.
734 1657 786 1722 1,
816 1656 872 1714 2.
907 1690 978 1699 —-
1009 1679 1028 1712 ι
1069 1661 1266 1718 Audite
1286 1663 1514 1720 verbum
1545 1666 1711 1735 istud,
1736 1683 1896 1740 quem
1932 1682 2035 1741 ego

461 1747 670 1803 scilicet
730 1763 953 1806 assumo
1003 1766 1170 1823 super
1224 1768 1343 1818 vos,
1391 1755 1671 1824 planctum
1737 1777 1752 1813 :
1837 1757 2035 1816 domus

460 1837 679 1896 lsraelis
705 1841 924 1908 cecidit,
982 1857 1093 1898 non
1127 1843 1346 1913 adjiciet
1379 1846 1613 1915 amplius
1643 1855 1704 1903 ut
1735 1858 1985 1921 resurgat
2017 1869 2031 1905 :

459 1929 614 1998 virgo
646 1927 864 1984 lsraelis
893 1929 1137 1999 projecta
1161 1938 1243 1986 est
1273 1931 1327 1986 in
1351 1939 1552 1989 terram
1582 1950 1762 2002 suam,
1792 1953 1904 1994 non
1950 1948 2038 1995 est

461 2019 555 2088 qui
585 2019 752 2089 erigat
776 2034 918 2075 eam.
962 2039 980 2072 ›
1010 2019 1328 2095 Significata
1361 2024 1416 2078 in
1443 2026 1877 2094 praecedentibus
1917 2045 2034 2085 ma-

463 2111 641 2165 lorum
692 2111 985 2177 solutione,
1034 2113 1276 2169 minatur
1327 2116 1524 2171 iterum
1574 2133 1726 2174 more
1747 2135 1849 2176 suo
1882 2121 2040 2192 puni-

463 2201 699 2268 tionem;
746 2203 848 2258 hac
879 2203 1098 2274 quidem
1127 2211 1340 2262 terrens
1362 2213 1416 2262 et
1441 2206 1509 2262 ad
1547 2209 1869 2267 modestiam
1893 2227 2040 2267 com-

462 2309 694 2364 ponens,
720 2294 810 2349 illa
843 2305 1022 2351 autem
1054 2297 1122 2352 ad
1155 2297 1526 2368 paenitentiam
1559 2299 1818 2357 imitans.
1854 2300 2034 2370 Fletu,

464 2385 660 2456 inquit,
713 2386 887 2459 dignae
934 2402 1024 2444 res
1078 2397 1271 2445 vestra:
1300 2399 1428 2446 sunt
1467 2407 1482 2445 :
1523 2391 1680 2462 lapsu
1707 2393 2036 2463 gravissimo

462 2485 684 2547 propter
731 2485 942 2535 vestras
998 2481 1474 2550 praevaricationes
1521 2484 1830 2550 corruistis,
1879 2485 2037 2540 unde

463 2568 805 2622 sublevatum
844 2569 1001 2641 115
1045 2571 1111 2626 iri
1136 2571 1283 2626 nulla
1323 2588 1474 2644 spes,
1517 2589 1640 2628 cum
1663 2582 1810 2631 tanta
1837 2577 1911 2632 sit
1937 2578 2047 2631 tria

463 2659 628 2713 stium
677 2674 902 2716 casuum
937 2661 1277 2733 magnitudo.
1315 2682 1334 2716 ι
1379 2662 1675 2734 Propterea
1732 2666 1849 2722 haec
1905 2667 2036 2723 dicit

462 2749 725 2806 Dominus
757 2769 772 2806 :
809 2750 888 2804 Ex
912 2767 1020 2822 qua
1049 2753 1185 2808 urbe
1221 2754 1642 2824 egrediebantur
1675 2757 1840 2823 mille,
1877 2759 2039 2814 relin-

461 2847 697 2907 quentur
721 2840 777 2894 in
829 2854 891 2895 ea
940 2850 1193 2896 centum:
1236 2851 1290 2897 et
1337 2857 1402 2898 ex
1457 2858 1564 2913 qua
1618 2846 2036 2914 egrediebantur

2051 1556 2105 1613 Β

2775 1548 2936 1603 ΚΕΦ.
2979 1552 3056 1604 Η.

2201 1660 2354 1732 Στίχ.
2384 1666 2455 1727 α’,
2497 1659 2563 1730 β’.
2585 1642 2654 1700 -ἶ
2687 1676 2707 1711 ι
2752 1658 3047 1713 Ἀκούσατε
3090 1657 3182 1713 τὸν
3211 1657 3370 1728 λόγον
3402 1656 3615 1724 τοῦτον,
3648 1660 3707 1714 ὃν

2133 1749 2246 1821 ἐγὼ
2282 1751 2543 1822 λαμϐάνω
2581 1749 2666 1819 ἐφ’
2693 1750 2836 1820 ὑμᾶς
2870 1749 3098 1822 θρῆνονο
3130 1744 3278 1814 οἶκος
3319 1749 3541 1821 Ἰσραὴλ
3578 1748 3698 1802 ἕπεο

2137 1858 2228 1895 σεν
2245 1857 2258 1871 ·
2289 1841 2470 1895 οὐκέτι
2498 1841 2572 1912 μὴ
2603 1840 2810 1912 προσθῇ
2839 1840 2932 1894 τοῦ
2955 1839 3254 1910 ἀναστῆναι
3273 1856 3288 1872 ο
3324 1839 3596 1913 παρθένος
3614 1841 3706 1895 τοῦ

2147 1931 2362 2005 Ἰσραὴλ
2398 1931 2627 2001 ἔσφαλεν
2677 1931 2767 1984 ἐπὶ
2806 1933 2905 2001 τῆς
2937 1931 3039 2002 γῆς
3089 1931 3257 2001 αὐτῆς
3283 1946 3298 1961 ⁸
3339 1931 3441 1984 οὐκ
3492 1929 3637 1985 ἐστιν
3682 1934 3711 1986 ὁ

2135 2023 2366 2078 ἀνιστῶν
2403 2024 2594 2092 αὐτήν.
2627 2040 2646 2073 ι
2675 2020 2930 2092 Μηνύσας
2957 2020 3044 2074 διὰ
3069 2019 3176 2074 τῶν
3212 2021 3593 2092 προκειμένων
3617 2021 3711 2092 τὴν

2134 2113 2285 2168 λύσιν
2310 2112 2418 2167 τῶν
2439 2112 2646 2176 κακῶν,
2669 2112 2882 2166 ἀπειλεῖ
2907 2112 3068 2166 πάλιν
3094 2111 3274 2176 καθὼς
3299 2112 3454 2165 εἷωθε
3501 2113 3602 2182 τὴν
3636 2131 3712 2166 τι-

2139 2204 2349 2276 μωρίαν
2374 2220 2386 2232 ·
2418 2203 2506 2257 διὰ
2536 2202 2734 2274 ταύτης
2771 2201 2868 2274 μέν
2897 2202 3075 2272 φοϐῶν
3110 2218 3170 2255 τε
3199 2202 3293 2256 καὶ
3337 2201 3709 2274 σωφρονίζων,

2134 2293 2201 2346 δι’
2231 2291 2437 2346 ἐκείνου
2478 2291 2534 2344 δὲ
2571 2291 2707 2363 πρὸς
2736 2291 3020 2360 μετάνοιαν
3053 2289 3471 2362 ἐκκαλούμενος.
3508 2291 3712 2362 Θρήνου

2134 2384 2220 2455 δὴ,
2257 2385 2440 2455 φησὶν,
2472 2383 2596 2448 ἀξια
2625 2384 2693 2438 τὰ
2726 2383 2849 2436 καθ’
2889 2371 3064 2453 ὑμᾶς’
3100 2382 3424 2438 πεπτώκατε
3466 2382 3581 2454 γὰρ
3626 2382 3714 2436 διὰ

2133 2473 2231 2535 τὰς
2283 2472 2489 2535 οἰκείας
2535 2471 2876 2542 παρανομίας
2925 2471 3124 2542 πτῶμα
3173 2471 3448 2542 μέγιστον,
3511 2470 3602 2540 ἀφ’
3652 2463 3714 2523 οῦ

2138 2562 2272 2634 μηδὲ
2312 2561 2464 2615 λύσιν
2501 2561 2706 2614 ἐνεστιν
2747 2562 2966 2614 ἐλπίσαι
2997 2562 3136 2616 κατά
3157 2577 3221 2630 γε
3245 2561 3306 2615 τὸ
3339 2561 3582 2632 μέγεθος
3611 2561 3718 2614 τῶν

2137 2653 2478 2724 συμϐάντων.
2514 2675 2534 2705 ι
2566 2653 2708 2706 Διότι
2734 2653 2860 2706 τάδε
2901 2652 3314 2724 λέγει,Κύριος⁶
3366 2653 3476 2706 Ἐκ
3515 2651 3719 2715 πόλεως

2133 2743 2196 2808 ἐξ
2216 2738 2283 2815 ἦς
2321 2743 2700 2814 ἐξεπορεύοντο
2739 2743 2918 2814 χίλιοι,
2949 2742 3434 2815 ὁπολειφθήσονται
3493 2744 3680 2797 ἐκατόν
3701 2755 3718 2774 °

2135 2834 2231 2888 καὶ
2270 2833 2328 2900 ἐξ
2355 2827 2422 2905 ἦς
2459 2832 2841 2904 ἐξεπορεύοντο
2873 2831 3086 2897 ἑκατὸν,
3134 2831 3637 2904 ὑπολειφθήαονται
3665 2833 3722 2886 ἐν

463 2935 704 2993 centum,
731 2928 1109 2998 relinquentur
1134 2930 1187 2984 in
1213 2945 1275 2986 ea
1303 2931 1489 2987 decem
1519 2932 1705 2988 domui
1730 2933 1968 2991 lsraelis.
2009 2955 2027 2988 ι

2138 2925 2271 2996 αὐτῇ
2310 2902 2440 2979 δέκα
2485 2925 2562 2995 τῷ
2599 2902 2734 2995 οίκῳ
2779 2923 3012 2995 Ἰσραήλ.
3048 2941 3069 2975 ι
3107 2922 3355 2993 Τοσαύτη
3400 2902 3524 2994 γὰρ
3569 2922 3720 2994 ὑμῶν

462 3015 640 3071 Tanta
667 3019 810 3071 enim
867 3019 1035 3073 vestri
1084 3020 1152 3074 ab
1178 3020 1430 3076 hostibus
1455 3029 1665 3093 strages
1710 3022 1822 3086 ﬁet,
1859 3031 1918 3078 ut
1944 3025 2035 3080 vix

463 3112 679 3160 centum
715 3105 782 3160 de
819 3106 986 3171 mille,
1028 3107 1119 3162 vix
1143 3109 1330 3165 decem
1363 3110 1430 3164 de
1451 3119 1669 3166 centum
1698 3112 1751 3166 in
1786 3128 2033 3184 unaqua-

464 3209 572 3265 quc
611 3193 746 3249 urbe
786 3197 1154 3266 comperiendi
1196 3198 1324 3255 sint.
1367 3218 1387 3252 ι
1429 3200 1718 3272 Propterea
1765 3204 1880 3260 haec
1906 3205 2036 3261 dicit

466 3285 730 3357 Dominus
765 3284 952 3342 domui
979 3287 1195 3344 lsraelis
1238 3306 1252 3344 :
1287 3289 1527 3357 Quaerite
1559 3308 1667 3356 me,
1710 3302 1761 3347 et
1793 3295 2030 3352 vivetis:

465 3383 520 3430 ct
556 3377 720 3432 nolite
772 3392 1014 3448 quaerere
1061 3379 1266 3446 Bethel,
1325 3390 1380 3436 et
1409 3381 1464 3436 in
1503 3381 1722 3453 Galgala
1755 3384 1924 3441 nolite
1951 3386 2036 3440 in-

467 3478 635 3534 trare,
665 3476 720 3524 et
759 3471 824 3524 ad
847 3481 1068 3541 puteum
1116 3471 1415 3541 juramenti
1447 3490 1516 3530 ne
1541 3476 1874 3539 ascendatis,
1905 3477 2033 3548 quia

465 3555 687 3629 Galgala
743 3553 1015 3630 captivata
1069 3562 1488 3631 captivabuntur
1522 3581 1536 3616 :
1576 3571 1631 3617 et
1683 3562 1870 3618 Bethel
1931 3565 2036 3620 erit

466 3649 622 3719 quasi
651 3665 759 3703 non
786 3651 1075 3706 exsistens.
1120 3669 1139 3704 ι
1175 3651 1417 3708 Consulo
1438 3651 1603 3722 igitur
1667 3652 1822 3707 vobis
1877 3659 1938 3708 ut
1965 3652 2034 3708 ad

467 3753 555 3794 me
583 3741 858 3810 spectetis,
887 3741 1208 3798 abstineatis
1254 3757 1285 3796 a
1313 3741 1500 3797 Betbel
1544 3751 1597 3798 et
1625 3741 1865 3815 Galgalis
1909 3752 1966 3800 et
2002 3758 2033 3800 θ

466 3839 630 3901 puteo
657 3831 974 3900 juramenli,
1005 3833 1072 3888 ad
1103 3849 1223 3904 quae
1246 3849 1391 3889 nunc
1418 3835 1767 3899 concurritis,
1813 3834 1956 3890 idola
1981 3842 2037 3891 et

465 3921 738 3978 dannones
773 3922 882 3978 illis
927 3923 1062 3979 locis
1113 3924 1436 3993 adoraturi;
1486 3925 1678 3980 scitote
1715 3927 1880 3990 enim,
1922 3926 2037 3982 haec

464 4013 646 4066 omnia
712 4013 996 4069 vobiscum
1069 4015 1123 4069 in
1212 4015 1560 4070 solitudinem
1612 4015 1890 4069 redactum
1946 4016 2033 4072 iri.

471 4122 490 4154 ι
527 4104 763 4170 Quaerite
788 4104 1097 4172 Dominum,
1130 4113 1185 4162 et
1215 4108 1406 4162 vivetis
1434 4124 1448 4161 :
1485 4122 1553 4161 ne
1591 4104 1808 4176 Josepbi
1839 4106 2035 4164 domus

2133 3019 2420 3089 γενήσεται
2467 3015 2572 3070 ὑπὸ
2615 3014 2724 3068 τῶν
2756 3014 3030 3085 πολεμίων
3059 3015 3092 3085 ἡ
3125 3011 3325 3084 σφαγὴ,
3370 3012 3521 3068 ὥστε
3563 3013 3713 3085 μόλις

2138 3109 2235 3180 μὲν
2258 3107 2450 3162 ἑκατὸν
2476 3107 2582 3162 ἀπὸ
2607 3106 2814 3177 χιλίων,
2849 3106 3001 3177 μόλις
3027 3105 3082 3158 δὲ
3112 3105 3242 3158 δέκα
3280 3103 3339 3169 ἐξ
3367 3105 3568 3159 ἑκατὸν
3594 3104 3715 3159 καθ’

2134 3197 2369 3268 ἐκάστην
2419 3201 2493 3267 (p.
2538 3197 2662 3265 174)
2725 3195 3069 3268 εὑρίσκεσθαι
3123 3195 3296 3249 πόλιν.
3333 3213 3352 3247 ι
3391 3197 3545 3250 Διότι
3589 3197 3713 3248 τάδε

2134 3285 2281 3356 λέγει
2324 3288 2527 3358 Κύριος
2554 3284 2690 3358 πρὸς
2721 3286 2812 3340 τὸν
2851 3281 2998 3340 οἴκον
3047 3283 3290 3356 Ἰσραήλ·
3335 3284 3712 3357 Ἐκζητήσατέ

2138 3394 2228 3447 με,
2255 3377 2350 3430 καὶ
2383 3375 2612 3448 ζήσεσθε
2636 3395 2649 3407 ·
2685 3377 2779 3429 καὶ
2811 3376 2886 3448 μὴ
2921 3374 3199 3445 ἐκζητεϊτε
3241 3375 3472 3448 Βαιθὴλ,
3511 3378 3605 3430 καὶ
3637 3379 3714 3440 είς

2135 3469 2384 3538 Γάλγαλα
2409 3471 2482 3541 μὴ
2502 3469 2903 3541 εἰσπορεύεσθε,
2926 3469 3018 3522 καὶ
3041 3467 3134 3522 ἐπὶ
3150 3467 3211 3519 τὸ
3232 3467 3412 3539 φρέαρ
3434 3467 3530 3521 τοῦ
3554 3470 3714 3539 ὅρκου

2138 3559 2214 3632 μὴ
2240 3559 2582 3614 ἁναϐαίνετεο
2611 3559 2692 3617 ὅτι
2710 3558 2954 3628 Γάλγαλα
2971 3557 3494 3628 αίχμαλωτευομένη
3521 3558 3715 3628 αἰχμα-

2135 3650 2550 3722 λωτευθήσεται,
2575 3652 2669 3705 καὶ
2696 3651 2898 3722 Βαιθὴλ
2925 3650 3074 3704 ἔσται
3099 3650 3174 3713 ὡς
3193 3649 3290 3720 οὐχ
3315 3649 3664 3722 ὑπάρχουσα.
3691 3667 3711 3700 ι

2135 3742 2492 3814 Συμϐουλεύω
2517 3741 2696 3795 τοίνυν
2717 3741 2845 3812 ὑμῖν
2878 3741 3006 3796 ἰδεῖν
3036 3740 3134 3812 μὲν
3161 3740 3295 3810 πρὸς
3324 3740 3452 3810 ἐμὲ.
3476 3740 3717 3810 ἀποστῆ-

2135 3850 2223 3888 ναι
2261 3834 2318 3887 δὲ
2357 3831 2560 3903 Βαιθήλ
2589 3848 2650 3884 τε
2673 3832 2767 3885 καὶ
2791 3830 3080 3900 Γαλγάλων
3103 3831 3195 3883 καὶ
3228 3828 3323 3883 τοῦ
3355 3831 3598 3902 φρέατος
3623 3830 3716 3884 τοῦ

2135 3923 2322 3997 ὅρκου,
2356 3923 2414 3976 ἐν
2442 3919 2633 3992 οἷσπερ
2672 3921 2994 3992 συντρέχετε
3027 3918 3142 3984 νῦν,
3173 3919 3366 3974 εἴδωλά
3388 3938 3450 3975 τε
3479 3923 3576 3976 καὶ
3601 3921 3715 3976 δαί-

2140 4029 2306 4085 μονας
2329 4011 2717 4084 θεραπεύοντες
2739 4013 2795 4064 ἐν
2815 4015 2925 4075 τοῖς
2946 4011 3128 4074 τόποις
3147 4010 3397 4076 ἐκείνοις,
3424 4009 3486 4066 εὖ
3513 4013 3713 4075 εἰδότες

2137 4101 2210 4165 ὡς
2227 4100 2432 4173 ἐρημία
2461 4101 2554 4153 καὶ
2579 4099 2752 4153 ταῦτα
2767 4099 2994 4172 λήψεται
3021 4098 3196 4152 πάντα
3220 4100 3338 4170 μεθ’
3363 4101 3578 4171 ὑμῶν.‹
3602 4101 3716 4153 Ἐκ-

465 4193 832 4249 succendatur
857 4205 915 4249 ut
941 4196 1104 4266 ignis,
1132 4195 1224 4266 qui
1250 4195 1475 4251 devoret
1516 4209 1674 4262 eam;
1701 4203 1755 4249 et
1781 4211 1888 4250 nun
1929 4197 2033 4252 erit

2138 4188 2407 4260 ζητήσατε
2448 4188 2539 4242 τὸν
2577 4187 2800 4260 Κύριον,
2840 4188 2935 4240 καὶ
2967 4185 3230 4258 ζήσεσθεο
3260 4187 3411 4251 ὅπως
3457 4188 3538 4261 μὴ
3579 4189 3711 4242 ἀνα-

463 4281 558 4352 qui
574 4282 884 4354 exstinguat
911 4283 1128 4338 domum
1161 4285 1478 4357 (ardentem)
1503 4283 1740 4343 lsraelis.
1767 4307 1786 4340 ι
1807 4287 2033 4344 Omissis

2138 4278 2326 4351 λάμψῃ
2360 4278 2436 4340 ὡς
2475 4278 2584 4350 πῦρ
2613 4281 2641 4332 ὁ
2686 4275 2830 4342 οἶκος
2868 4277 2961 4330 τοῦ
3007 4277 3223 4349 Ἰωσὴφ,
3271 4279 3360 4331 καὶ
3417 4280 3717 4350 καταφάγῃ

464 4373 595 4439 illis,
631 4373 744 4430 Deo
776 4375 1068 4441 adhaerete,
1099 4392 1166 4431 ne
1193 4378 1404 4448 punitio
1433 4393 1462 4432 a
1495 4378 1630 4446 Deo,
1661 4380 1820 4452 quasi
1866 4380 2030 4452 ignis,

462 4480 560 4520 vos
606 4481 804 4543 omnes
830 4467 1168 4523 comburat:
1223 4483 1422 4540 neque,
1457 4471 1503 4525 si
1550 4469 1698 4528 Deus
1727 4471 1870 4526 mala
1915 4472 2033 4527 haec

461 4555 617 4612 vobis
685 4555 992 4628 immiserit,
1058 4558 1302 4616 invenire
1367 4558 1710 4618 defensorem
1759 4561 1914 4619 vobis
1965 4561 2031 4617 li-

467 4647 624 4703 :ebit.

495 4959 500 4964 ’
532 4959 697 5015 Vens.
739 4959 858 5014 7-9.
880 4987 949 4998 ——
987 4975 1006 5012 ι
1045 4958 1150 5025 Qui
1175 4958 1304 5014 facit
1333 4959 1388 5014 in
1410 4957 1628 5017 excelso
1658 4959 1952 5032 judicium,
1976 4970 2033 5019 et

2137 4369 2321 4434 αὑτὸν,
2355 4369 2448 4424 καὶ
2477 4370 2578 4422 οὐκ
2619 4368 2771 4422 ἐσται
2800 4369 2827 4420 ὁ
2862 4367 3068 4421 σϐέσων
3099 4368 3189 4420 τὸν
3231 4364 3376 4421 οἷκον
3413 4368 3638 4440 Ἰσραήλ
3691 4385 3709 4418 ι

2149 4460 2433 4532 Ἀφέμενοι
2458 4461 2515 4515 δὲ
2533 4459 2756 4524 τούτων,
2787 4458 2906 4530 Θεῷ
2933 4459 3315 4530 προσανέχετε,
3339 4459 3483 4513 ὥστε
3519 4460 3598 4531 μὴ
3621 4460 3715 4530 τὴν

2135 4550 2404 4622 τιμωρίαν
2435 4551 2530 4622 τὴν
2573 4549 2724 4619 παρὰ
2758 4548 2854 4602 τοῦ
2882 4548 3017 4602 Θεοῦ
3045 4549 3199 4619 δίκην
3244 4549 3416 4619 πυρὸς
3465 4549 3719 4611 ἅπαντας

2137 4640 2281 4712 ὑμᾶς
2329 4638 2692 4710 καταφλέξαι·
2725 4638 2787 4692 ού
2829 4637 2938 4708 γὰρ
2965 4637 3080 4691 ὀἷόν
3110 4655 3189 4702 τε,
3211 4637 3381 4692 ταῦτα
3425 4639 3561 4708 ὑμῖν
3593 4639 3716 4690 ἐπι-

2131 4733 2442 4804 πέμποντος
2491 4729 2588 4786 τοῦ
2627 4729 2785 4797 Θεοῦ,
2830 4730 3122 4803 εὑρεθῆναι
3169 4729 3261 4784 τὸν
3302 4731 3515 4802 ἀμῦναι
3560 4730 3719 4784 δυνά.-

2134 4841 2312 4895 μενον.

2167 4987 2172 4992 ’
2201 4958 2348 5028 Στίχ.
2378 4956 2521 5023 ζ’·-Θη
2553 4988 2621 5001 -
2655 4977 2675 5009 ι
2723 4957 2782 5010 '0
2810 4955 2979 5010 ποιῶν
3013 4958 3092 5021 εἰς
3115 4955 3248 5026 ὕψος
3282 4957 3481 5027 κρῖμα,
3510 4956 3611 5008 καὶ
3642 4955 3721 5008 δι-

459 5053 731 5117 justitiam
765 5051 820 5106 in
844 5061 990 5107 terra
1019 5051 1223 5122 posuit.
1267 5069 1288 5103 ι
1325 5048 1480 5106 Haud
1503 5051 1657 5108 decet
1688 5067 1787 5109 vos
1811 5053 2035 5125 quibus-

2138 5049 2422 5120 καιοσύνην
2442 5051 2522 5112 είς
2543 5049 2646 5119 γῆν
2673 5047 2886 5117 ἔθηκεν.
2929 5065 2948 5100 ι
2987 5049 3120 5101 Οὐδὲ
3147 5048 3254 5118 γὰρ
3282 5048 3546 5099 ἀπιστεῖν
3583 5046 3733 5115 ὑμᾶς

467 5143 591 5198 libet
619 5142 714 5198 Dei
765 5143 832 5198 ad
864 5158 961 5201 vos
1011 5143 1178 5200 minis
1218 5143 1302 5199 vel
1359 5144 1815 5213 promissionibus
1871 5144 2030 5201 fidem

2138 5143 2372 5215 προσῆκε
2421 5141 2530 5193 τινὶ
2569 5139 2676 5192 τῶν
2732 5139 3139 5209 ἀπειλουμένων
3185 5138 3217 5208 ἢ
3265 5135 3737 5206 ὑπισχνουμένων

464 5247 662 5302 negare
696 5253 710 5288 :
736 5235 850 5304 ipse
876 5235 1021 5291 enim
1050 5244 1135 5291 est
1164 5235 1258 5306 qui
1278 5235 1546 5307 judicium
1571 5246 1736 5308 atque
1761 5237 2032 5307 justitiam

2138 5235 2258 5304 ὑμῖν
2295 5231 2443 5302 παρὰ
2470 5231 2564 5284 τοῦ
2591 5230 2726 5284 Θεοῦ
2743 5246 2756 5260 ·
2789 5230 2974 5300 ἐπειδὴ
3007 5224 3160 5294 οὗτός
3197 5230 3342 5282 ἐστιν
3363 5229 3405 5279 ό
3432 5230 3618 5298 κρῖμα
3644 5229 3739 5280 καὶ

466 5327 580 5374 tum
606 5322 659 5374 in
702 5325 919 5380 excelso
950 5337 1189 5389 exercet,
1223 5333 1338 5380 tum
1395 5326 1558 5382 etiam
1597 5328 1651 5382 in
1686 5335 1836 5383 terra
1865 5327 2035 5383 collo-

2138 5323 2479 5395 δικαιοσύνην
2513 5324 2591 5386 είς
2633 5321 2765 5391 ὕψος
2807 5338 2866 5373 τε
2914 5320 3084 5372 ποιῶν
3127 5320 3219 5372 καὶ
3249 5323 3330 5383 εἰς
3357 5321 3489 5387 ’γῆν
3531 5316 3744 5378 τιθείς·

465 5409 629 5463 cavit.
654 5409 918 5467 Nimirum
943 5414 1109 5469 dicit:
1131 5415 1230 5470 Hic
1261 5425 1366 5483 est,
1392 5418 1485 5488 qui
1515 5417 1669 5472 vobis
1703 5418 2034 5488 patientibus

2138 5419 2223 5470 ἵνα
2267 5416 2416 5489 εἴπῃ,
2447 5416 2528 5467 ὅτι
2574 5408 2740 5475 Οὗτός
2785 5413 2931 5463 ἐστιν
2971 5411 2999 5462 ό
3038 5409 3430 5498 ἀδικουμένοις
3470 5406 3609 5476 ὑμῖν
3637 5404 3744 5498 ύπὸ

467 5500 720 5568 injuriam
760 5503 828 5557 ab
879 5504 1131 5561 hostibus
1167 5507 1256 5576 jus
1287 5510 1510 5565 rediere
1543 5515 1761 5580 potest;
1803 5516 1857 5564 et
1907 5509 2030 5566 illos

2139 5508 2249 5562 τῶν
2282 5507 2552 5578 πολεμίων
2591 5507 2770 5575 κρῖναι
2805 5501 3132 5571 δυνάμενος⁹
3164 5499 3256 5553 καὶ
3291 5492 3733 5569 τιμωρήσασθαι

534 5681 582 5716 ⁸⁸
623 5676 766 5735 Psal.
809 5691 916 5737 etv.
956 5679 1008 5733 5.
