3966 6134
300 324 404 381 273

2807 226 2861 279 -ῖ

1280 312 1825 374 COMMENTARIUS
1860 313 1931 372 IN
1967 312 2181 372 AMOSI
2209 313 2362 373 CAP.
2395 315 2456 373 v.
2856 284 2859 287 ’
2967 322 2973 327 “
3432 310 3540 372 an

308 439 405 511 μὲν
429 435 558 501 τοὺς
584 432 819 489 τοσαῦτα
842 431 973 505 ὑμῖν
992 429 1295 501 ἐπάγοντας
1314 430 1482 498 κακά,
1501 430 1671 497 δεῖξαι
1691 431 1748 485 δὲ
1769 430 1870 503 τὴν

1991 427 2192 499 ιιιῖόθω
2217 429 2415 499 punire
2439 428 2533 502 qui
2552 435 2700 485 tanta
2720 428 2964 487 inferunt
2978 429 3119 486 mala
3138 428 3547 497 ;dcmonstrare

304 527 648 599 δικαιοσύνην
684 525 780 580 καὶ
797 525 899 596 τὴν
925 523 1128 596 κρίσιν,
1162 521 1239 593 (p.
1282 522 1404 593 I75)
1444 524 1512 595 ἢν
1540 522 1681 594 ὑπὲρ
1719 521 1872 593 ὑμῶν

306 620 410 675 τῶν
438 620 533 673 ἐπὶ
558 617 664 688 γῆς
710 616 883 670 ὅντων
919 614 1169 678 ποιεῖται,
1205 612 1446 684 μεγάλην
1477 628 1539 665 τι
1585 608 1751 667 οὖσαν
1780 613 1874 666 καὶ

309 710 506 773 παντὸς
534 709 833 777 γέμουσαν
864 702 1159 776 θαύματος.
1190 703 1303 757 Καὶ
1333 703 1415 767 εις
1461 702 1725 758 πίστωσιν
1767 701 1875 758 τῶν

310 802 499 864 αὐτῶν,
534 800 732 868 ἐπάτει
756 797 948 852 πάλιν·
995 815 1015 849 ι
1057 796 1118 850 '0
1146 794 1313 850 ποιῶν
1355 795 1531 850 πάντα
1567 795 1663 849 καὶ
1710 812 1877 865 μεταο

311 889 610 953 σκευάζων.
652 906 672 940 ι
702 886 816 940 Καὶ
848 885 959 956 γάρ
984 884 1079 938 καὶ
1108 887 1278 938 ποιεῖν
1305 881 1521 938 ἅπαντα
1573 883 1674 938 οὐκ
1723 884 1873 952 ὄντα,

306 981 394 1033 καὶ
420 979 684 1047 γεγονότα
723 976 1077 1048 μεταὸάλλειν
1112 978 1193 1039 είς
1218 977 1246 1028 ὃ
1273 993 1326 1030 τι
1359 974 1627 1044 βούλεται,
1653 974 1878 1030 δύναται

306 1070 527 1142 ῥᾳδίως.
558 1088 580 1121 ι
617 1069 726 1122 Καὶ
754 1068 1036 1139 ἐκτρέπων
1067 1068 1144 1131 είς
1174 1069 1237 1120 τὸ
1260 1065 1403 1137 πρωῒ
1438 1066 1597 1121 σκιάν
1622 1065 1875 1136 θανάτου,

305 1161 397 1215 καὶ
418 1160 636 1230 ἡμέραν
655 1161 736 1223 εἰς
763 1159 932 1212 νύκτα
956 1158 1325 1223 συσκοτάζων.
1358 1176 1377 1209 ο
1409 1150 1576 1221 Οὗτος
1601 1157 1877 1223 κινδύνους

304 1250 532 1304 θάνατον
565 1248 872 1317 ἐπάγοντας
894 1250 976 1312 εἰς
1001 1248 1337 1319 εὐφροσύνην
1360 1247 1618 1319 λαμπράν
1643 1264 1765 1301 τινα
1785 1247 1879 1301 καὶ

308 1340 486 1409 ἡδεῖαν
522 1337 882 1408 μεταϐάλλειν
929 1336 1237 1407 αὐτάρκης·
1268 1336 1394 1397 τοὺς
1439 1335 1496 1386 ὲν
1538 1334 1879 1404 λαμπρότητι

307 1447 363 1483 τε
393 1426 533 1482 εἶναι
577 1427 892 1491 δοκοῦντας,
918 1427 1094 1497 σκότῳ
1136 1426 1224 1479 διὰ
1250 1424 1360 1477 τῶν
1388 1424 1682 1496 συμφορῶν
1727 1441 1882 1497 περι-

308 1520 520 1574 ϐάλλειν
561 1517 789 1572 δύναται
823 1518 1052 1589 ῥᾳδίως·
1080 1516 1324 1586 βούλεται
1363 1516 1472 1586 γὰρ
1512 1514 1789 1570 κάνταῦθα
1817 1516 1882 1569 bc

312 1608 412 1661 τῶν
444 1607 679 1661 καθόλου
755 1606 1041 1676 συστῆσαι,
1083 1606 1165 1658 ὅτι
1211 1605 1487 1677 αὐτάρκης
1526 1605 1720 1659 καὶτὰ
1760 1606 1880 1658 κατ’

311 1701 502 1763 αὐτοὺς
546 1700 627 1762 ὡς
674 1698 921 1769 βούλεται
969 1694 1317 1766 μεταϐαλεῖν·
1365 1696 1462 1751 καὶ
1501 1696 1631 1749 ποτε
1676 1697 1773 1767 μὲν
1816 1697 1882 1750 ἐκ

308 1788 603 1857 συμφορῶν
622 1788 703 1851 είς
723 1787 1022 1859 εὐημερίαν
1052 1785 1325 1856 μετάγειν,
1363 1787 1493 1840 ποτε
1510 1786 1565 1839 δὲ
1586 1787 1645 1853 ἐξ
1677 1788 1881 1857 εύημε-
1911 1770 1954 1824 Β

312 1882 428 1950 ρίας
466 1882 545 1943 εἰς
590 1878 880 1949 συμφορὰς
931 1877 1208 1948 καθιστᾷν.
1239 1895 1259 1928 ι
1303 1878 1363 1931 '0
1409 1877 1881 1948 προσκαλούμενος

311 1970 369 2022 τὸ
402 1969 551 2039 ὕδωρ
574 1970 677 2040 τῆς
704 1967 1003 2038 θαλάσσης,
1042 1968 1134 2020 καὶ
1167 1969 1372 2037 ἐκχέων
1396 1968 1529 2021 αὐτὸ
1570 1968 1664 2023 ἐπὶ
1714 1985 1883 2039 προσ-

1972 524 2156 573 autem
2197 516 2465 587 justitiam
2524 526 2690 589 atque
2724 517 3014 589 judicium,
3054 519 3203 591 quod
3255 532 3356 591 pro
3388 518 3547 574 vobis

1973 608 2213 680 regionis
2243 609 2408 680 hujus
2456 609 2655 666 incolis
2694 619 2929 678 exseret,
2964 627 3220 683 magnum
3266 620 3429 681 atque
3457 624 3547 666 ex.

1974 698 2183 755 celsum
2214 705 2269 755 et
2297 699 2449 756 omni
2497 700 2849 757 mirabilitate
2895 702 3138 773 plenum.
3168 701 3546 758 Coutlrmans-

1974 803 2089 858 que
2110 787 2277 855 dicta,
2299 788 2408 844 ait:
2445 805 2466 841 ι
2496 788 2599 855 Qui
2637 789 2770 844 facit
2805 791 3011 857 omnia,
3029 798 3085 847 et
3112 789 3490 847 transformat.
3519 806 3541 841 s

1977 877 2185 935 Revera
2225 880 2372 936 enim
2418 887 2473 937 et
2526 880 2709 936 omnia
2751 880 2932 937 facere
2959 896 3027 937 ex
3075 881 3268 946 nihilo,
3304 888 3361 937 et
3407 880 3546 935 facta

1977 979 2364 1036 transmutare,
2417 980 2476 1027 ut
2529 972 2692 1044 ιιο
2746 972 3004 1040 voluerit,
3060 973 3315 1043 expedite
3343 979 3546 1043 potest.

1983 1079 2005 1114 ι
2048 1060 2152 1128 Qui
2187 1063 2457 1118 convertit
2475 1063 2532 1119 in
2563 1078 2721 1119 mane
2746 1063 3001 1119 tenebras
3034 1063 3247 1127 mortis,
3296 1070 3351 1119 et
3401 1062 3548 1118 diem

1978 1159 2140 1208 nocte
2154 1152 2495 1209 obtenebrat.
2539 1168 2558 1205 ι
2594 1152 2711 1232 Ipse
2731 1162 2909 1225 potest
2940 1153 3187 1208 mortalia
3215 1153 3458 1225 pericula
3489 1152 3548 1208 in

1979 1242 2326 1314 splendidum
2369 1243 2783 1315 jucundumque
2819 1244 3076 1314 gaudium
3106 1252 3464 1311 convertere;
3494 1252 3551 1301 et

1978 1350 2076 1390 eos
2097 1334 2190 1405 qui
2225 1336 2279 1389 in
2304 1334 2594 1406 splendore
2644 1337 2848 1391 versari
2879 1334 3151 1402 videntur,
3179 1348 3550 1390 arumnarum

1982 1422 2225 1483 tenebris
2256 1426 2418 1483 facile
2451 1428 2705 1484 obruere.
2734 1425 2862 1483 Vult
2891 1428 3036 1483 enim
3062 1427 3165 1482 boc
3197 1426 3320 1482 loco
3361 1443 3426 1482 ex
3458 1441 3549 1497 ge-

1981 1518 2259 1574 neralibus
2288 1519 2638 1585 concludere,
2676 1532 2839 1590 posse
2872 1515 3039 1573 Deum
3068 1532 3158 1573 res
3184 1530 3401 1588 quoque
3430 1517 3552 1571 ills-

1985 1622 2105 1662 rum
2140 1624 2239 1678 pro
2267 1624 2367 1665 suo
2399 1609 2553 1664 Iibito
2578 1618 2952 1675 commutare;
2982 1614 3037 1663 et
3065 1607 3227 1663 modo
3250 1623 3318 1664 ex
3352 1621 3552 1662 arum-

1983 1698 2071 1752 nis
2093 1701 2147 1753 ln
2169 1699 2603 1770 prosperitatem,
2634 1697 2798 1753 modo
2816 1707 3005 1755 contra
3029 1714 3093 1754 ex
3116 1698 3475 1769 prosperitate
3494 1697 3553 1753 in

1974 1803 2276 1844 arumnam
2334 1788 2654 1845 transferre.
2694 1809 2714 1843 ι
2749 1789 2855 1855 Qui
2898 1794 3058 1844 vocat
3108 1803 3305 1859 aquam
3359 1786 3551 1854 maris,

1978 1888 2035 1936 et
2070 1879 2298 1935 eﬂundit
2323 1894 2488 1951 super
2512 1880 2705 1936 faciem
2740 1888 2920 1944 terra,
2944 1877 3209 1934 Dominus
3236 1874 3419 1943 Deus,
3452 1893 3555 1934 no—

1980 1985 2104 2026 men
2145 1971 2195 2025 ei
2219 1969 2595 2041 Omnipotens.
2634 1990 2653 2023 ›
2691 1969 2832 2039 Ipse,
2879 1971 2973 2041 qui
3009 1970 3177 2027 maris
3200 1983 3399 2042 aquam
3457 1984 3554 2025 nuo

312 2058 461 2113 ὠπου
486 2060 588 2130 τῆς
615 2061 744 2129 γῆς,
767 2060 970 2131 Κύριος
995 2060 1027 2111 ό
1049 2059 1200 2122 Θεὸς,
1221 2060 1254 2111 ό
1281 2061 1677 2131 Παντοκράτωρ
1714 2059 1883 2130 ὄνομα

1991 2061 2141 2117 bibus
2193 2061 2412 2123 attollit,
2440 2068 2496 2116 et
2547 2077 2643 2133 per
2705 2062 3019 2117 universam
3068 2069 3274 2117 terram
3323 2058 3556 2116 eﬂ’undit

314 2150 476 2220 αὐτῷ.
521 2171 540 2202 ι
576 2144 748 2214 Οὗτος
766 2152 796 2203 ό
829 2150 922 2204 καὶ
947 2151 1009 2203 τὸ
1032 2150 1132 2220 τῆς
1161 2149 1430 2222 θαλάττης
1458 2151 1602 2223 ὕδωρ
1633 2152 1801 2222 αἴρων
1821 2169 1882 2205 τε

313 2242 397 2295 διὰ
424 2241 537 2294 τῶν
585 2240 824 2310 νειρελῶν
866 2241 957 2295 καὶ
1000 2241 1138 2294 κατά
1186 2240 1367 2310 πάσης
1390 2240 1594 2311 ἐκχὲων
1629 2243 1727 2312 τῆς
1757 2244 1882 2312 γῆς.

314 2328 594 2398 αὐτάρκης
633 2329 734 2380 καὶ
759 2325 854 2380 νῦν
879 2326 979 2398 τὴν
1006 2326 1112 2381 τῶν
1154 2329 1450 2399 ’Δσσυρίων
1493 2330 1765 2399 στρατιὰν,
1793 2331 1888 2384 θα-

315 2418 511 2488 λάττης
549 2418 781 2486 μέγεθος
806 2419 1165 2489 μιμουμένην.
1197 2420 1280 2487 ἐφ’
1311 2419 1453 2489 ὑμᾶς
1476 2420 1565 2473 διὰ
1592 2422 1689 2491 τῆς
1719 2423 1886 2493 ὀργῆς

314 2507 497 2576 ἐκχέαι
526 2507 627 2577 τῆς
647 2507 873 2569 οἰκείας,
900 2506 959 2570 ὃς
992 2506 1100 2559 τῶν
1119 2508 1371 2561 ἁπάντων
1405 2509 1606 2581 Κύριος
1628 2509 1723 2575 ὢν,
1759 2513 1887 2565 αύτ-

315 2597 489 2669 άρκης
528 2597 601 2650 τὰ
656 2596 916 2651 δοκοῦντα
942 2601 1132 2651 ποιεῖν.
1165 2616 1184 2649 ι
1231 2600 1290 2653 ὐ
1308 2599 1529 2671 διαιρῶν
1558 2604 1887 2674 συντριμμὸν

314 2690 609 2758 ἐπ’,ίσ-χῦν,
639 2690 737 2742 καὶ
771 2689 1146 2760 ταλαιπωρίαν
1178 2692 1269 2744 ἐπὶ
1305 2691 1565 2761 ὀχύρωμα
1588 2693 1827 2760 ἐπάγων.
1863 2712 1882 2746 ι

313 2775 483 2843 03m;
510 2781 609 2834 καὶ
654 2780 834 2850 θλίψιν
870 2781 972 2852 τὴν
1008 2782 1327 2851 ἐνοχλοῦσαν
1367 2783 1617 2846 διαλύων,
1653 2785 1726 2853 (p.
1764 2785 1887 2856 176)

316 2870 574 2939 ἰσχυροὺς
613 2870 987 2941 ἀπεργάζεται
1020 2871 1114 2925 καὶ
1144 2873 1269 2936 τοὺς
1305 2874 1370 2926 ὲκ
1391 2874 1500 2927 τῶν
1520 2875 1703 2928 κακῶν
1720 2859 1889 2948 ἧσθε-

317 2962 549 3029 νηκότας
565 2979 579 2991 ·
602 2962 977 3034 ταλαιπωρίας
996 2980 1055 3017 τε
1071 2965 1196 3027 τοὺς
1218 2963 1357 3032 άγαν
1375 2965 1660 3031 δοκοῦντας
1679 2970 1891 3039 μεγάλα

1981 2152 2124 2205 valet
2149 2165 2293 2205 nime
2322 2150 2488 2205 etiam
2514 2150 2866 2222 Assyriorum
2889 2150 3211 2213 exercitum,
3244 2147 3556 2219 amphtudi-

1983 2259 2108 2300 nem
2145 2244 2313 2299 maris
2336 2244 2657 2306 imitantem,
2680 2250 2873 2299 contra
2893 2258 2992 2299 vos
3023 2242 3102 2297 ira
3128 2256 3229 2298 sua
3252 2240 3553 2307 eﬂundere,

1984 2350 2109 2389 cum
2149 2337 2223 2390 sit
2286 2334 2548 2391 Dominus
2597 2336 2954 2403 universalis,
3018 2343 3074 2391 et
3123 2331 3388 2406 quidquid
3448 2332 3557 2389 sibi

1983 2426 2202 2482 libuerit
2234 2441 2495 2497 peragere
2513 2426 2720 2482 valens.
2752 2443 2771 2478 ι
2817 2424 2920 2493 Qui
2948 2424 3138 2481 dividit
3168 2422 3557 2479 eontritionern

1984 2532 2151 2586 super
2181 2515 2575 2580 fortitudinem,
2602 2523 2658 2571 et
2685 2510 2960 2571 miseriam
3011 2529 3176 2585 super
3201 2513 3559 2569 munitionem

1986 2605 2229 2661 adducit.
2274 2624 2294 2657 ι
2324 2604 2444 2675 Ipse
2469 2620 2780 2676 pressuram
2806 2605 3090 2660 molestam
3120 2603 3445 2667 sublevans,
3464 2617 3560 2657 va-

1986 2696 2128 2751 lidos
2160 2695 2335 2751 reddit
2362 2697 2526 2750 etiam
2561 2695 2704 2760 illos,
2740 2695 2832 2765 qui
2866 2694 3269 2750 calamitatibus
3312 2698 3442 2748 sunt
3472 2690 3563 2747 de-

1986 2786 2180 2844 bilitati
2219 2804 2231 2840 :
2269 2786 2621 2856 vicissimque
2682 2786 2860 2841 subita
2920 2784 3138 2840 miseria
3194 2783 3437 2853 complet
3462 2782 3560 2853 qui

1989 2874 2198 2944 magnis
2224 2872 2436 2929 viribus
2458 2873 2662 2943 pollere
2687 2873 2957 2927 videntur.
2992 2869 3043 2928 Is
3072 2886 3200 2927 cum
3227 2870 3425 2935 voluit,
3469 2885 3559 2928 res

1992 2975 2199 3021 vestras
2226 2982 2257 3020 a
2302 2966 2525 3022 meliore
2574 2974 2717 3022 statu
2748 2964 3028 3020 transtulit
3072 2962 3140 3018 ad
3181 2962 3505 3019 deteriorem
3539 2981 3556 3018 :

316 3051 576 3106 δύνασθαι
622 3053 815 3125 ἀθρόον
855 3054 1078 3127 πληροῖ·
1109 3053 1169 3118 ὃς
1202 3056 1490 3127 ’βουληθεὶς
1538 3060 1632 3112 καὶ
1671 3060 1737 3113 τὰ
1771 3060 1888 3114 καθ’

1994 3072 2296 3129 rursusque
2325 3054 2606 3130 siquando
2627 3055 2880 3121 voluerit,
2903 3056 2958 3109 in
2992 3054 3272 3110 meliorem
3302 3052 3461 3110 facile
3482 3066 3562 3111 ro-

314 3145 462 3213 :Spﬁ;
499 3144 766 3215 μετέϐαλέ
801 3162 860 3199 τε
894 3148 961 3199 ἐκ
998 3145 1092 3199 τοῦ
1121 3148 1423 3217 κρείττονος
1449 3150 1541 3203 ἐπὶ
1574 3150 1634 3203 τὺ
1677 3154 1888 3223 χεῖρον--

316 3237 412 3289 καὶ
434 3236 599 3290 πάλιν
632 3238 699 3289 ὲκ
723 3234 818 3289 τοῦ
858 3237 1096 3307 χείρονος
1126 3237 1217 3291 ἐπὶ
1247 3237 1309 3291 τὸ
1333 3241 1577 3311 κρεῖττον
1615 3240 1891 3313 βουληθεὶς

320 3328 616 3397 μεταϐαλεῖ
635 3329 855 3399 ῥαδίως.

395 3418 541 3487 Στίχ.
585 3425 636 3478 ι’,
664 3425 753 3472 ια’.
786 3445 844 3457 -
877 3438 899 3470 ι
943 3421 1236 3492 Ἐμίσησαν
1270 3425 1328 3477 ὲν
1353 3424 1549 3490 πύλαις
1583 3426 1892 3500 ἐλέγχοντα,

328 3508 418 3560 καὶ
449 3508 609 3574 λόγον
647 3510 795 3562 ὅσιον
831 3510 1197 3577 ὲόδελύξαντο.
1237 3533 1256 3566 ι
1290 3517 1549 3586 Ἀρχεται
1590 3519 1774 3573 λοιπὸν
1811 3524 1898 3575 ὲν-

320 3599 507 3652 τεῦθεν
534 3601 635 3663 τὰς
666 3604 1013 3673 παρανομίας
1053 3604 1228 3659 αὐτῶν
1264 3608 1594 3678 ἐξηγεῖσθαι.
1629 3612 1767 3675 Τοὺς
1796 3614 1894 3683 μὲν

320 3684 417 3741 οὖν
456 3692 739 3761 προφήτας
777 3694 836 3745 ὲν
881 3693 1160 3764 διορθώσει
1201 3699 1297 3760 τὰς
1335 3700 1676 3770 παρανομίας
1716 3702 1894 3756 αὐτῶν

322 3779 568 3849 ἐλέγχειν
611 3784 1111 3853 προσταττομένους
1140 3787 1390 3856 ἐμίσουν·
1432 3789 1804 3845 ἐϐδελύττοντο
1840 3792 1896 3846 δὲ

324 3872 418 3923 καὶ
461 3872 744 3944 όπόσαπερ
775 3873 959 3942 ελεγον
1000 3876 1201 3940 αὐτοῖς,
1246 3868 1697 3947 συμϐουλεύοντες
1733 3884 1898 3955 χωρί-

328 3961 510 4024 ζεσθαι
545 3964 647 4032 μὲν
670 3963 779 4016 τῶν
810 3965 1013 4029 κακῶν,
1052 3967 1320 4037 αἱρεῖσθαι
1348 3970 1403 4022 δὲ
1447 3971 1515 4024 τὰ
1547 3973 1805 4040 κρείττω·
1836 3974 1898 4027 τὸ

326 4053 381 4106 δὲ
406 4055 464 4105 ὲν
492 4053 689 4118 πύλαις
732 4054 876 4109 οὕτω
903 4058 1064 4125 φησίν
1085 4072 1098 4086 ·
1135 4057 1293 4122 Ἔθος
1329 4055 1397 4130 ἦν
1438 4061 1498 4113 τὸ
1540 4063 1764 4116 παλαιὸν
1805 4065 1898 4118 καὶ

326 4142 423 4205 τὰς
447 4143 561 4196 τῶν
570 4145 1013 4212 ἀναγκαιοτάτων
1033 4150 1372 4217 πραγμάτων
1393 4149 1583 4218 βουλάς
1604 4154 1729 4217 τοὺς
1758 4156 1897 4210 κατὰ

328 4234 477 4286 πόλιν
506 4236 565 4286 ὲν
594 4238 712 4298 ταῖς
734 4235 929 4299 πύλαις
955 4239 1251 4291 ποιεῖσθαι·
1278 4242 1369 4293 καὶ
1398 4246 1507 4305 τοῖς
1527 4244 1738 4314 ἐχθροῖς
1766 4264 1895 4316 πρε-

331 4325 678 4397 σϐευομένοις
703 4328 826 4399 τερί
856 4346 1022 4392 τινος,
1048 4331 1181 4400 πρὸς
1206 4332 1401 4395 αὐτοὺς
1432 4334 1489 4386 ὲν
1520 4336 1745 4399 ἐκείνοις
1766 4338 1899 4391 ἀπο-

1995 3148 2230 3204 vocabit.

2068 3426 2234 3484 Vsus.
2286 3431 2374 3498 l0,
2409 3432 2490 3486 ll.
2533 3461 2607 3473 —
2656 3449 2674 3483 ι
2732 3427 2869 3485 Odio
2927 3424 3233 3480 habuerunt
3294 3421 3349 3476 in
3395 3422 3571 3491 portis

1996 3532 2332 3591 arguentem,
2362 3530 2413 3576 et
2439 3535 2744 3577 sermonem
2764 3525 3014 3575 sanctqu
3040 3510 3337 3567 abominati
3361 3520 3510 3566 sunt.
3539 3531 3558 3563 ι

1999 3611 2210 3666 Abhinc
2244 3627 2438 3667 rursus
2467 3611 2659 3680 incipit
2688 3609 3005 3679 iniquitates
3034 3604 3253 3658 illorum
3270 3616 3563 3673 exponere.

1999 3702 2297 3772 Prophetas
2318 3702 2553 3771 quidem,
2584 3708 2805 3769 peccata
2823 3701 3063 3767 ipsorum
3086 3707 3379 3763 coarguere
3407 3701 3569 3762 atque

2000 3793 2287 3848 emendare
2323 3808 2351 3844 a
2373 3791 2482 3845 Deo
2506 3790 2712 3860 jussos,
2736 3788 2964 3842 oderant
2997 3803 3010 3839 :
3040 3791 3093 3839 et
3114 3782 3568 3841 abominabautur

2001 3898 2337 3954 quaecunque
2364 3883 2415 3935 hi
2439 3880 2581 3951 apud
2606 3894 2701 3935 eos
2732 3874 3222 3937 concionabantur,
3293 3871 3564 3926 hortando

2001 3973 2068 4027 ad
2101 3973 2355 4027 vitiorum
2416 3970 2631 4043 fugam,
2692 3977 2745 4024 et
2802 3966 3016 4021 virtutis
3083 3976 3359 4019 amorem-
3398 3961 3570 4017 Dictio

2001 4072 2181 4119 autem
2215 4064 2270 4118 in
2306 4064 2498 4134 portis,
2547 4063 2626 4119 sic
2659 4057 3024 4130 intelligenda.
3052 4054 3168 4110 Mos
3203 4054 3419 4124 priscus
3444 4051 3566 4118 fuit,

2003 4154 2340 4226 gravissima:
2370 4154 2636 4224 cujusque
2657 4152 2735 4207 rei
2759 4147 3190 4206 consultationes
3221 4160 3249 4198 a
3282 4143 3570 4200 civibusih

2003 4244 2175 4313 portis
2197 4243 2348 4297 urbis
2373 4242 2510 4310 ﬁeri;
2537 4250 2589 4295 et
2609 4240 2845 4295 hostium
2864 4237 3027 4292 etiam
3047 4235 3113 4290 de
3132 4249 3190 4289 re
3213 4233 3392 4302 aliqua
3426 4233 3572 4303 lega-

2002 4334 2265 4393 tionibus,
2288 4332 2445 4401 117
2464 4331 2652 4385 iisdem
2671 4330 2725 4383 in
2744 4329 2876 4383 locis
2890 4324 3237 4396 reSponderc.
3266 4323 3380 4378 Imo
3403 4325 3569 4380 etiam

326 4415 610 4484 κρίνεσθαι
640 4420 756 4479 τοῖς
782 4418 1000 4482 τόποις·
1028 4422 1102 4489 (p.
1138 4420 1260 4488 I77)
1302 4423 1395 4475 καὶ
1432 4424 1495 4493 δὴ
1534 4426 1625 4478 καὶ
1652 4426 1749 4489 τὰς
1783 4428 1888 4497 μεί·

2004 4423 2429 4491 majurnjudicia
2460 4421 2656 4475 ibidem
2688 4419 3031 4477 exercebant,
3062 4422 3120 4468 ut
3148 4414 3361 4468 cunctis
3381 4414 3569 4468 urbem

329 4509 449 4570 ξονς
486 4507 600 4560 τῶν
648 4508 878 4579 κρίσεων
908 4511 1094 4564 αὐτόθι
1149 4513 1436 4580 ποιεῖσθαι,
1480 4515 1555 4579 ὡς
1592 4516 1657 4570 ἂν
1695 4518 1897 4573 ἅπασιν

325 4595 432 4656 τοῖς
471 4593 618 4647 κατὰ
644 4594 743 4665 τὴν
777 4596 929 4649 πόλιν
975 4598 1199 4651 είσιοῦσί
1231 4618 1288 4653 τε
1337 4604 1430 4655 καὶ
1464 4603 1663 4669 ἐξιοῦσι
1699 4606 1767 4658 δι’
1799 4590 1898 4661 ab;

325 4682 421 4751 τῆς
458 4687 751 4755 καταφανῆ
783 4688 1020 4754 γίγνοιτο
1048 4688 1118 4741 τὰ
1153 4692 1516 4761 πραττόμενα.
1552 4694 1651 4747 Διὰ
1686 4696 1839 4751 τοῦτο
1871 4701 1899 4752 ὁ

328 4774 599 4844 μακάριος
644 4774 794 4845 λέγει
830 4779 1020 4831 Δαυῖδ·
1053 4797 1072 4831 ι
1112 4781 1187 4833 Οὐ
1229 4784 1780 4857 καταισχυνθήσονται
1821 4789 1897 4842 ὅτ’

326 4860 390 4914 ἂν
420 4862 627 4917 λαλῶσι
669 4866 785 4928 τοῖς
818 4865 1032 4938 ἐχθροῖς
1079 4869 1257 4922 αὐτῶν
1287 4871 1346 4924 ὲν
1384 4872 1578 4937 πύλαις
1600 4888 1613 4902 '
1658 4895 1677 4926 ι
1711 4878 1897 4949 ἐπειδὴ

322 4953 505 5006 αὐτόθι
520 4954 624 5017 τὰς
642 4956 963 5027 ἀποκρίσεις
974 4959 1074 5022 τὰς
1087 4962 1223 5031 πρὸς
1240 4963 1365 5024 τοὺς
1381 4963 1574 5029 ἔξωθεν
1598 4968 1623 5018 ὲ
1634 4969 1896 5022 ποιοῦντο·

325 5062 344 5091 s
375 5046 482 5111 καὶ
513 5046 840 5116 ἡδολέσχουν
868 5050 989 5102 κατ’
1010 5050 1142 5121 ἐμοῦ
1180 5055 1228 5106 oi
1259 5054 1554 5126 καθήμενοι
1583 5060 1640 5110 ἐν
1675 5060 1846 5131 πύλῃ·
1878 5080 1896 5112 ›

323 5134 394 5197 ὡς
432 5136 623 5190 αὐτόθι
666 5137 766 5201 τὰς
808 5139 1071 5203 πλείστας
1115 5143 1381 5199 εἰωθότων
1417 5147 1593 5200 αὐτῶν
1631 5151 1902 5203 ποιεῖσθαι

324 5224 595 5288 συνόδους.
642 5228 747 5281 Τὸν
786 5230 951 5283 αὐτὸν
975 5230 1040 5300 δὴ
1072 5233 1270 5303 τρόπον
1307 5235 1537 5290 ἐνταῦθα
1564 5240 1688 5303 τοὺς
1714 5242 1772 5293 ὲν
1800 5242 1901 5294 πύ-

322 5314 439 5380 λαις
468 5318 796 5389 ἐλέγχοντας
839 5320 1012 5388 λέγει,
1035 5320 1112 5385 ὼς
1149 5322 1216 5375 ἂν
1252 5324 1358 5377 τῶν
1388 5330 1679 5396 προφητῶν
1718 5331 1903 5384 αῢτόθι

318 5406 384 5458 τά
409 5409 553 5461 κατὰ
597 5408 826 5482 γνώμην
868 5410 1024 5463 θείαν
1055 5412 1341 5483 κηρύττειν
1376 5417 1556 5480 αὐτοῖς
1578 5422 1903 5475 ἐσπουδακό-

318 5514 450 5551 των·
480 5501 611 5557 ἔνθα
753 5503 852 5557 καὶ
882 5503 1052 5557 πᾶσιν
1091 5503 1300 5572 ἐγίνετο
1336 5509 1618 5580 καταφανῆ
1659 5512 1725 5565 τὰ
1750 5511 1900 5576 λεγό-

392 5677 436 5711 ⁵¹
473 5681 619 5738 I’sal.
660 5698 858 5747 cnvt,
902 5682 958 5738 5.
1041 5683 1084 5714 "
1127 5682 1269 5739 I’sal.
1306 5700 1496 5749 vazn,
1544 5687 1626 5738 15.

1997 4514 2423 4585 ingredientibus
2437 4513 2516 4568 vel
2532 4511 2933 4581 egredientibus
2947 4513 3175 4561 tractata
3194 4505 3404 4573 negotia
3419 4505 3572 4558 inno-

1997 4612 2287 4661 tescereut.
2322 4603 2615 4675 Propterea
2642 4603 2832 4659 beatus
2856 4598 2987 4653 dicit
3005 4594 3172 4649 David
3206 4612 3220 4647 :
3252 4612 3271 4643 ι
3300 4592 3417 4646 Non
3439 4610 3573 4651 cou-

1997 4697 2290 4751 fundentur
2315 4712 2437 4750 cum
2467 4691 3006 4765 loquenturinimicis
3031 4689 3145 4745 suis
3170 4686 3224 4741 in
3259 4687 3430 4758 portis
3447 4686 3492 4718 ἰ
3519 4702 3567 4739 ι»

1995 4791 2123 4859 quia
2168 4789 2240 4844 ibi
2282 4788 2668 4858 responsiones
2718 4784 2921 4841 exteris
2962 4783 3186 4838 dabant.
3232 4782 3362 4837 Item
3398 4796 3411 4832 :
3452 4795 3471 4829 ι
3505 4776 3574 4831 Et

1998 4881 2310 4951 garriebant
2339 4880 2602 4935 adversus
2620 4894 2704 4933 me
2735 4878 2825 4948 qui
2851 4877 3115 4932 sedebant
3153 4874 3205 4929 in
3238 4879 3391 4944 porta
3416 4872 3460 4903 ⁸⁹
3488 4886 3503 4935 ;
3548 4890 3567 4922 ι

1998 4979 2186 5039 utpote
2215 4971 2307 5039 qui
2336 4970 2650 5038 plerumque
2678 4969 2788 5022 illic
2814 4979 2988 5022 curtus
3022 4983 3154 5021 suos
3183 4966 3383 5019 habere
3423 4962 3569 5016 sole-

2000 5062 2148 5114 baut.
2207 5060 2330 5114 Pari
2372 5076 2518 5116 nunc
2549 5061 2709 5115 modo
2747 5067 3040 5128 arguentes
3071 5060 3123 5111 in
3179 5056 3354 5125 portis
3412 5053 3565 5115 dicit.

2001 5153 2159 5222 quasi
2212 5152 2283 5206 ibi
2315 5160 2570 5206 curarent
2609 5151 2881 5220 propheta:
2912 5149 3215 5202 voluntates
3252 5144 3341 5199 Dei
3374 5143 3567 5212 pra-di-

2009 5257 2166 5304 care,
2194 5242 2283 5295 ubi
2308 5243 2519 5296 cunctis
2543 5257 2663 5311 qua:
2692 5240 3012 5293 dicebantur
3034 5235 3318 5289 manifesta
3348 5235 3570 5295 ﬁebant,

2013 5348 2185 5402 neque
2200 5333 2407 5387 civibus
2429 5340 2662 5393 tantum,
2678 5345 2863 5384 verum
2883 5327 3265 5382 etiam-exteris
3280 5326 3325 5379 sl
3351 5324 3573 5394 quando

2014 5423 2079 5475 ad
2112 5423 2297 5476 urbem
2331 5423 2596 5476 venirent.
2626 5420 2828 5474 Deinde
2859 5418 2913 5471 in
2949 5416 3301 5486 sequentibus
3337 5417 3402 5469 de
3460 5413 3531 5489 iui
3559 5442 3575 5453 -

2009 5513 2311 5582 quitalibus
2374 5512 2481 5566 illis
2523 5511 2783 5579 loquitur,
2838 5523 2975 5580 quas
3020 5517 3074 5563 et
3123 5516 3280 5562 antea
3334 5506 3568 5561 dixerat.
