3966 6134
429 295 536 354 275

1598 301 1688 356 ΤΠ
1699 300 1950 360 ΕΟΒΟῐὶι
1991 304 2445 360 MOPSUESTEN
2453 305 2470 358 Ι

3558 303 3662 358 276

435 431 452 462 ι
497 413 725 479 Idcirco,
757 428 855 483 pro
878 429 942 468 eo
978 415 1120 484 quod
1174 431 1355 487 pugno
1394 432 1684 488 pauperem
1719 422 1990 491 percutie-

2099 440 2252 492 μενα,
2288 424 2346 476 οὐ
2385 425 2496 487 τοῖς
2529 423 2746 486 οἰκείοις
2777 425 2955 494 μόνον,
2988 421 3122 478 ἀλλά
3166 425 3258 476 καὶ
3292 424 3403 486 τοῖς
3441 422 3660 490 ἔξωθεν,

429 504 664 568 batis,et
692 502 834 559 dona
862 505 1033 560 electa
1063 507 1355 576 accepistis
1387 509 1456 563 ab
1487 525 1575 577 eo,
1597 511 1792 568 domos
1845 513 1992 567 laevi-

428 604 555 668 gato
606 595 781 665 lapide
832 596 1168 662 mditicastis,
1226 598 1281 652 in
1325 601 1405 655 eis
1465 616 1574 656 non
1616 602 1935 659 habitabitis
1975 624 1988 658 :

429 687 615 742 vineas
631 685 1013 742 desiderabiles
1039 687 1346 757 plantastis,
1377 701 1430 745 et
1460 691 1641 744 vinum
1667 708 1852 747 carum
1882 708 1991 752 non

431 777 646 832 bibetis.
684 794 705 828 ι
748 776 1014 842 Quoniam
1042 780 1180 833 mala
1229 781 1556 850 pauperibus
1588 782 1882 846 indixistis,
1939 792 1994 838 et

429 882 616 922 eorum
638 883 866 938 quaeque
877 870 1078 939 optima
1099 871 1426 943 diripuistis,
1441 875 1691 945 'edesque
1712 876 1990 945 spcciosas

429 973 492 1011 ex
528 958 732 1027 injust'a
774 961 1160 1029 compilatione
1201 963 1546 1028 aediﬁcastis,
1571 979 1783 1018 necnon
1833 980 1992 1034 agros

429 1044 601 1098 multa
629 1046 919 1102 sedulitate
943 1051 1296 1118 excoluistis;
1332 1052 1498 1121 probe
1527 1055 1723 1108 scitote
1759 1069 1855 1110 vos
1909 1056 1992 1110 his

429 1149 552 1190 cum
588 1136 855 1207 lnjustitia
877 1141 1159 1210 acquisitis
1181 1157 1288 1197 non
1323 1141 1776 1206 fruiturosznam
1811 1161 1912 1199 nec
1939 1145 1991 1198 in

430 1225 540 1281 illis
590 1225 840 1284 domibus
893 1233 1302 1300 permanebitis,
1357 1249 1533 1303 neque
1569 1248 1634 1289 ex
1677 1234 1992 1305 lmjusmodi

432 1317 576 1386 agris
605 1316 788 1389 fruges
815 1321 1148 1391 percipietis.

2089 516 2236 578 ὅπως
2278 517 2406 570 ποτὲ
2454 518 2536 580 είς
2570 516 2669 587 τὴν
2717 517 2871 571 πόλιν
2917 517 3327 588 ἀφικνουμένοις
3347 539 3360 552 ·
3401 511 3518 570 εἶτα
3567 518 3663 570 καὶ

2090 607 2320 677 καθεξῆς
2349 608 2446 672 τὰς
2484 609 2826 680 παρανομίας
2848 608 3018 678 λέγων
3040 609 3271 673 ἐκείνας,
3293 607 3360 669 ἀς
3380 608 3474 660 καὶ⁵
3501 608 3657 678 πρόσ.

2091 694 2180 748 θεν
2231 696 2475 768 εἰρήκειο
2523 715 2541 748 ι
2577 697 2675 750 Διά
2709 698 2866 752 τοῦτο
2907 699 3023 752 ἀνθ’
3071 691 3145 752 ὧν
3191 697 3658 760 κατεκονδυλίζετε

2091 791 2323 858 πτωχὸν,
2343 791 2436 844 καὶ
2450 790 2595 862 δῶρα
2613 792 2844 846 ἐκλεκτά
2858 793 3107 858 ἐδέξασθε
3124 794 3250 864 παρ’
3273 791 3458 853 αὐτοῦ,
3480 791 3662 854 οἴκους
3700 776 3711 822 έ

2089 877 2306 944 ξεστοὺς
2333 879 2733 951 ᾠκοδομήσατε,
2763 881 2856 934 καὶ
2875 882 2936 934 οὐ
2968 882 3042 952 μὴ
3068 882 3325 953 οίκήσητε
3357 881 3414 932 ἐν
3441 881 3657 940 αὐτοῖς’

2089 968 2412 1038 ἀμπελῶνας
2439 970 2804 1042 ἐπιθυμητοὺς
2829 972 3181 1041 ἐφυτεύσατε,
3203 971 3297 1025 καὶ
3317 972 3378 1024 οὐ
3409 971 3483 1040 μὴ
3501 971 3662 1039 πίητε

2088 1057 2178 1110 τὸν
2209 1053 2349 1110 οἶνον
2379 1059 2574 1114 αὐτῶν.
2618 1079 2637 1113 ι
2685 1062 2899 1131 Ἐπειδὴ
2933 1060 3246 1132 ἐπετρίϐετε
3276 1063 3373 1132 μὲν
3392 1064 3502 1124 τοῖς
3523 1077 3663 1113 πτω-

2092 1150 2204 1217 χοῖς
2244 1148 2312 1200 τά
2363 1149 2529 1214 κακὰ,
2563 1150 2631 1203 τά
2670 1151 2928 1204 κάλλιστα
2962 1151 3017 1204 δὲ
3057 1151 3164 1204 τῶν
3203 1153 3329 1220 παρ’
3368 1149 3666 1214 αύτοῖς,δι⁹

2094 1239 2354 1308 ἁρπαγῆς
2402 1241 2732 1311 ποιούμενοι,
2785 1242 2964 1306 οίκους
3007 1261 3068 1296 τε
3119 1243 3411 1314 εὐπρεπεῖς
3457 1243 3521 1293 ἐκ
3563 1241 3663 1310 τῆς

2096 1328 2280 1381 ἀδίκου
2314 1333 2750 1386 κατεσκευάσατε
2786 1333 3066 1402 συλλογῆς,
3102 1333 3194 1386 καὶ
3225 1333 3287 1403 δὴ
3327 1334 3419 1384 καὶ
3461 1330 3663 1398 ἀγροὺς

436 1407 574 1477 μετά
619 1409 820 1480 πολλῆς
865 1411 1248 1484 ἐξειργάσασθε
1298 1416 1393 1484 τῆς
1431 1417 1771 1486 ἐπιμελείας·
1800 1413 1857 1471 εὖ
1901 1418 2012 1471 ίστε
2045 1419 2120 1482 ὡς
2162 1421 2261 1473 οὐκ
2304 1423 2637 1476 ἀπολαύσετε
2670 1423 2775 1477 τῶν
2816 1423 2985 1486 οὕτως
3019 1425 3077 1490 ἐξ
3119 1423 3328 1485 ἀδικίας
3365 1436 3665 1492 περιγεγο-

433 1499 599 1554 νότων
635 1501 793 1570 ὑμῖνο
833 1501 954 1556 οὔτε
996 1505 1102 1576 γὰρ
1139 1505 1232 1558 ἐπὶ
1255 1505 1362 1588 τῶν
1391 1507 1551 1560 οίκων
1585 1511 1798 1580 μενεῖτε
1833 1508 2074 1576 ἐκείνων,
2109 1512 2231 1567 οὔτε
2263 1514 2361 1583 μὲν
2387 1515 2509 1577 τοὺς
2549 1513 2656 1567 τῶν
2683 1513 2934 1566 τοιούτων
2962 1513 3144 1584 ἀγρῶν
3172 1511 3489 1576 ὑποδέξεσθε
3531 1525 3667 1580 καρ-

434 1591 588 1657 πούς.

505 1652 670 1748 νειιε.
719 1690 904 1748 12-15.
949 1721 1020 1733 —
1067 1709 1086 1745 ι
1134 1692 1271 1759 Quia
1294 1652 1522 1765 cognovi
1579 1696 1749 1750 multa
1779 1697 1990 1764 scelera

2163 1693 2310 1764 Στίχ.
2359 1693 2544 1763 ιβ’-ιε’.
2593 1722 2661 1734 —-
2709 1712 2727 1746 ι
2765 1694 2890 1748 Ὀτι
2943 1693 3113 1762 ἔγνων
3165 1691 3364 1755 πολλὰς
3411 1689 3663 1752 ἀσεσείας

436 1791 637 1849 vestra,
663 1791 717 1840 et
761 1785 948 1856 gravia
999 1793 1224 1855 peccata
1278 1795 1460 1842 vestra
1513 1806 1528 1841 :
1575 1788 1846 1858 justitiam
1901 1805 1997 1845 vos

435 1875 845 1938 conculcantes,
871 1876 1199 1945 accipientes
1231 1885 1385 1946 pacta
1415 1879 1606 1948 pretia,
1647 1895 1912 1950 pauperes
1941 1881 1997 1936 in

434 1967 610 2038 portis
641 1966 1026 2036 deprimentes.
1081 1986 1100 2019 ι
1131 1965 1286 2023 Haud
1319 1983 1404 2024 me
1432 1969 1563 2024 latet
1595 1969 1886 2024 multitudo
1934 1985 1999 2025 ac

437 2055 754 2124 magnitudo
782 2056 1046 2110 scelerum
1078 2063 1131 2112 et
1162 2066 1508 2126 peccatorum
1541 2066 1869 2122 vestrorum,
1902 2075 1998 2114 ne-

437 2159 544 2213 que
562 2145 704 2213 quod
738 2158 960 2199 munera
990 2159 1112 2198 cum
1129 2144 1343 2213 justitia
1371 2148 1772 2211 commutastis,
1797 2147 1997 2217 quibus

438 2237 694 2305 acceptis,
722 2250 1019 2304 pauperum
1041 2235 1247 2304 judicia
1279 2246 1470 2290 contra
1487 2239 1763 2292 veritatem
1793 2254 1996 2307 praeva-

439 2324 592 2377 ricati
627 2324 780 2378 estis.
827 2307 1001 2392 Atque
1033 2323 1119 2377 hic
1151 2324 1311 2376 etiam
1357 2331 1634 2392 portarum
1669 2327 1994 2380 mentionem

439 2416 638 2479 intulit,
664 2414 819 2484 juxta
855 2413 1000 2484 quod
1053 2424 1210 2468 antea
1251 2416 1506 2469 diximus.
1555 2433 1572 2466 ι
1611 2414 1735 2470 Ideo
1785 2418 1876 2486 qui
1915 2418 1994 2470 in-

440 2505 652 2576 telligit,
690 2515 933 2576 tempore
963 2506 1054 2559 illo
1089 2507 1306 2570 tacebit,
1371 2507 1496 2575 quia
1529 2514 1742 2575 tempus
1794 2508 1994 2562 malum

435 2605 538 2650 cst.
601 2615 620 2647 ι
665 2595 802 2666 Ergo
835 2611 958 2651 cum
991 2611 1148 2666 paena
1199 2597 1483 2651 minaciter
1541 2598 1694 2653 vobis
1743 2597 1995 2667 praedicta

435 2687 732 2750 advenerit,
788 2687 824 2740 ii
870 2686 960 2756 qui
1012 2687 1308 2756 intelligere
1371 2695 1531 2758 prout
1581 2703 1677 2756 par
1724 2689 1882 2760 118
1913 2697 1997 2742 est

435 2775 634 2839 sciunt,
665 2775 929 2829 malorum
948 2775 1109 2831 veluti
1135 2775 1502 2844 magnitudine
1523 2776 1757 2840 attoniti,
1788 2775 1994 2830 malunt

433 2867 706 2921 silentium
736 2867 897 2930 tueri,
925 2875 1137 2935 tempus
1186 2867 1287 2920 hoc
1315 2881 1438 2920 esse
1462 2875 1715 2936 putantes
1741 2882 1850 2934 quo
1903 2867 1994 2919 illa

437 2958 592 3026 longe
635 2964 761 3013 ante
821 2956 1077 3026 praedicta
1144 2964 1404 3009 eventura
1463 2965 1638 3012 erant.
1699 2975 1716 3007 ι
1758 2957 1994 3021 Quaerite

2099 1784 2269 1854 ὑμῶν,
2293 1785 2382 1836 καὶ
2411 1783 2623 1854 ἰσχυραὶ
2647 1783 2980 1854 αἱάμαρτίαι
3013 1782 3185 1852 ὑμῶν,
3218 1781 3664 1842 καταπατοῦντες

2095 1874 2404 1938 τὸδίκαιον,
2437 1874 2800 1944 λαμϐάνοντες
2825 1873 3168 1941 ἀλλάγματα,
3204 1872 3298 1925 καὶ
3331 1871 3567 1938 πένητας
3604 1871 3664 1920 ἐν

2098 1965 2293 2029 πύλαις
2319 1966 2674 2028 ἐκκλίνοντες.
2714 1983 2734 2017 ι
2780 1965 2914 2018 om
2943 1965 3049 2036 γάρ
3081 1982 3148 2034 με
3172 1963 3392 2033 λέληθεν
3423 1961 3484 2014 τὸ
3527 1960 3658 2029 πλῆ-

2099 2057 2189 2120 θος
2217 2057 2310 2110 καὶ
2341 2056 2402 2109 τὸ
2435 2055 2658 2126 μέγεθος
2693 2054 2801 2107 τῶν
2842 2071 2901 2106 τε
2932 2053 3190 2108 ἀσεϐειῶν
3234 2053 3326 2104 καὶ
3350 2051 3457 2104 τῶν
3486 2050 3663 2119 ἀμαρ-

2095 2147 2224 2200 τιῶν
2266 2146 2374 2199 τῶν
2409 2145 2720 2216 ὑμετέρων⁸
2750 2144 2860 2197 οὔθ’
2903 2146 2985 2198 ὃτι
3026 2143 3086 2196 τὸ
3118 2143 3324 2196 δίκαιον
3363 2140 3660 2210 ἀντηλλάτ-

2093 2238 2251 2293 τεσθε
2289 2239 2616 2308 χρημάτωνο
2648 2238 2721 2306 (ρ.
2755 2236 2877 2303 178)
2917 2234 2955 2288 ἃ.
3007 2235 3156 2305 παρά
3179 2234 3286 2287 τῶν
3337 2232 3664 2287 ἀδικούντων

2101 2329 2476 2398 κομιζόμενοι,
2511 2329 2608 2390 τάς
2654 2327 2763 2380 τῶν
2796 2329 3041 2398 πενήτων
3072 2326 3282 2396 κρίσεις
3333 2327 3410 2388 είς
3439 2324 3663 2376 τούναν-

2095 2419 2205 2472 τίον
2255 2420 2508 2490 ὲτρέπετε
2560 2419 2661 2488 τῆς
2715 2417 2999 2488 ἀληθείας·
3033 2415 3308 2469 κάνταῦθα
3339 2415 3395 2467 δὲ
3455 2413 3514 2466 τὸ
3555 2431 3572 2463 ι
3601 2412 3663 2465 ἐν

2095 2509 2287 2572 πύλαις
2311 2529 2328 2561 ι
2353 2509 2704 2580 προσέθηκεν,
2727 2509 2865 2562 κατὰ
2879 2507 2939 2561 τὸ
2955 2508 3184 2580 πρόσθεν
3204 2505 3488 2576 εἰρημένον
3507 2505 3658 2574 ἡμῖν.

2102 2621 2120 2652 ι
2149 2599 2246 2653 Διά
2289 2599 2445 2653 τοῦτο
2481 2601 2509 2652 ὁ
2544 2599 2738 2654 συνιὼν
2766 2600 2823 2652 ἐν
2873 2597 2952 2668 τῷ
3009 2596 3182 2668 καιρῷ
3227 2595 3418 2664 ἐκείνῳ
3455 2592 3663 2658 σιωπή-

2097 2709 2270 2754 σεται,
2299 2691 2379 2744 ὂτι
2407 2692 2594 2760 καιρὸς
2628 2692 2859 2761 πονηρός
2878 2691 3010 2742 ἐστι.
3046 2708 3064 2741 ι
3111 2685 3461 2756 Ἐπαχθείσης
3484 2682 3664 2737 τοίνυν

2095 2781 2192 2851 τῆς
2212 2781 2601 2852 ἀπειλουμένης
2632 2783 2898 2852 τιμωρίας
2930 2783 3074 2850 ὑμῖν,
3101 2781 3335 2839 ἀπαντες
3376 2777 3425 2828 οἱ
3456 2774 3515 2826 τὸ
3543 2773 3664 2826 δέον

2101 2871 2346 2925 συνιέναι
2384 2867 2484 2924 οἷοί
2532 2890 2590 2924 τε
2646 2872 2819 2935 ὄντες,
2861 2871 3050 2940 ὥσπερ
3085 2868 3520 2936 ἐκπεπληγμένοι
3570 2865 3663 2917 ἐπὶ

2096 2960 2172 3030 τῷ
2212 2961 2431 3031 μεγέθει
2466 2962 2572 3015 τῶν
2607 2962 2811 3024 κακῶν,
2840 2961 3080 3025 ἀξιοῦσιν
3109 2959 3334 3029 ἡσυχίαν
3371 2959 3624 3026 παρεῖναι
3645 2993 3660 3014 ,

439 3047 636 3105 bonum
668 3054 722 3100 et
756 3061 864 3100 non
895 3047 1117 3110 malum,
1145 3055 1202 3099 ut
1233 3047 1460 3112 vivatis;
1495 3054 1546 3101 et
1575 3047 1654 3101 sic
1682 3047 1782 3101 erit
1814 3046 1995 3101 vobis—

2097 3050 2188 3102 τὸν
2222 3049 2410 3119 καιρὸν
2449 3049 2806 3120 ὑπειληφότες
2860 3050 2980 3102 καθ’
3008 3049 3066 3101 ὂν
3117 3046 3334 3099 ἔσεσθαι
3381 3042 3663 3115 πόρρωθεν

438 3151 560 3189 cum
617 3134 878 3191 Dominus
915 3135 1057 3191 Deus
1124 3139 1488 3206 omnipotens.
1545 3137 1698 3191 Sicut
1757 3138 1996 3202 dixistis,

437 3227 582 3282 odite
625 3227 825 3281 malum
874 3235 929 3281 et
973 3226 1182 3296 diligite
1233 3229 1450 3293 bonum,
1518 3235 1571 3283 et
1611 3228 1879 3282 restituite
1942 3229 1998 3282 in

435 3317 608 3386 portis
655 3316 969 3386 judicium:
1033 3326 1090 3371 ut
1154 3319 1475 3373 misereatur
1538 3319 1799 3372 Dominus
1857 3317 1999 3372 Deus

435 3409 776 3480 omnipotens
809 3412 818 3421 '
849 3408 1198 3478 reliquiarum
1253 3409 1495 3478 Josephi.
1532 3428 1551 3460 ι
1616 3408 1998 3463 Verumtamen

436 3497 676 3566 quandiu
716 3504 927 3568 tempus
987 3508 1257 3570 superest,
1285 3502 1512 3556 consulo
1559 3501 1712 3554 vobis
1747 3500 1998 3554 omnibus

440 3597 497 3644 ut
529 3605 560 3644 a
588 3589 720 3643 vitio
767 3589 1050 3654 recedatis,
1085 3599 1141 3646 et
1174 3594 1426 3646 virtutem
1450 3592 1874 3660 amplectamini.
1907 3591 1999 3646 Sic

434 3681 578 3734 enim
608 3681 760 3737 vobis
789 3682 1066 3752 continget
1111 3683 1473 3752 prosperitate
1532 3684 1660 3748 frui,
1701 3682 1810 3738 Deo
1842 3699 1996 3738 suam

435 3776 724 3836 prastante
770 3771 1015 3836 tutelam,
1076 3779 1359 3842 propterea
1411 3771 1553 3840 quod
1605 3773 1831 3828 honesto
1877 3783 1995 3828 stu-

435 3862 646 3927 dentes,
671 3875 703 3914 a
723 3860 989 3918 deteriore
1005 3862 1091 3917 via
1113 3863 1382 3920 resilistis.
1408 3863 1474 3917 Et
1503 3864 1548 3918 si
1577 3872 1756 3919 vetere
1792 3874 1996 3919 mutata

435 3952 700 4009 sententia
748 3945 806 4008 in
867 3953 1039 4024 portis
1098 3970 1248 4009 more
1301 3955 1462 4010 solito
1510 3954 1658 4024 justa
1715 3958 1998 4012 volueritis

433 4057 688 4100 exercere
736 4043 962 4115 judicia,
1003 4047 1413 4116 consequemini
1466 4048 1704 4102 divinam
1757 4049 1998 4104 clemen-

433 4134 586 4198 tiam,
623 4150 746 4205 qua:
797 4137 1061 4205 plurimos
1100 4145 1338 4192 vestrum
1389 4137 1640 4192 salvabit.
1700 4135 1996 4208 Josephum

434 4232 611 4278 autem
668 4225 756 4280 hic
797 4225 930 4280 dicit
968 4227 1152 4282 decem
1216 4228 1411 4290 tribus,
1463 4245 1494 4283 a
1534 4230 1804 4299 praecipua
1857 4230 1998 4285 inter

437 4314 578 4380 illas,
607 4313 880 4384 Ephraimi
906 4314 1048 4382 dico,
1067 4317 1161 4386 qui
1189 4317 1329 4373 ﬁlius
1353 4317 1574 4389 Iosephi
1611 4319 1733 4374 fuit.

2104 3141 2413 3211 μεμήνυται
2441 3141 2634 3194 ταῦτα.
2675 3159 2694 3192 ι
2743 3138 3111 3210 Ἐκζητήσατε
3140 3137 3200 3190 τὸ
3228 3135 3411 3199 καλὸν,
3452 3134 3546 3186 καὶ
3587 3132 3665 3202 μὴ

2099 3231 2161 3284 τὸ
2217 3233 2470 3302 πονηρὸν,
2532 3233 2678 3294 ὅπως
2729 3230 2965 3301 ζήσητεο
3009 3229 3100 3282 καὶ
3153 3227 3302 3280 ἔσται
3345 3226 3460 3295 μεθ’
3511 3225 3667 3294 ὑμῶν

2100 3320 2271 3384 οὕτως
2327 3321 2528 3391 Κύριος
2579 3323 2606 3374 ό
2662 3320 2790 3382 Θεὸς
2829 3323 2855 3373 ὁ
2902 3321 3312 3388 παντοκράτωρ,
3357 3317 3416 3369 ὃν
3464 3315 3667 3385 τρόπον

2101 3415 2288 3466 είπατε
2311 3431 2324 3446 ο
2364 3414 2766 3483 Μεμισήκαμεν
2794 3413 2861 3464 τά
2908 3411 3138 3482 πονηρά.
3179 3411 3271 3464 καὶ
3298 3412 3666 3480 ἠγαπήκαμεν

2100 3503 2168 3558 τὰ
2218 3503 2377 3568 καλὰ,
2439 3505 2534 3557 καὶ
2572 3504 3054 3573 ἀποκαταστήσατε
3108 3503 3166 3555 ἐν
3222 3501 3412 3562 πύλαις
3466 3503 3663 3570 κρῖμα,

2099 3594 2246 3657 ὅπως
2275 3594 2472 3666 ἐλεήσῃ
2501 3594 2703 3664 Κύριος
2730 3597 2756 3646 ό
2789 3594 2919 3656 Θεὸς
2943 3595 2972 3646 ὁ
3000 3594 3390 3664 παντοκράτωρ
3418 3593 3542 3653 τοὺς
3565 3608 3665 3644 κα·

2101 3683 2386 3746 ταλοίπους
2418 3684 2512 3735 τοῦ
2552 3685 2770 3754 Ἰωσήφ.
2813 3701 2830 3731 ι
2884 3683 3044 3735 Ἀλλά
3091 3683 3198 3753 γὰρ
3245 3684 3301 3735 ἐν
3333 3683 3440 3750 ὅσῳ
3473 3681 3665 3732 τούτου

2101 3777 2308 3845 καιρὸς,
2366 3775 2714 3844 συμϐουλεύω
2762 3777 2922 3828 πᾶσιν
2964 3778 3261 3842 ἀποστῆναι
3295 3775 3390 3842 μὲν
3422 3773 3516 3824 τοῦ
3547 3771 3664 3841 χεί-

2101 3883 2270 3937 ρονος,
2298 3865 2510 3918 ἑλέσθαι
2533 3866 2588 3918 δὲ
2613 3868 2673 3917 τὸ
2702 3870 2944 3936 κρεῖττον
2966 3883 2977 3894 ·
3013 3864 3156 3918 οὓτω
3185 3864 3292 3936 γὰρ
3330 3865 3455 3932 ὑμῖν
3493 3879 3666 3932 προσ-

2098 3957 2248 4010 έσται
2279 3955 2386 4008 τῶν
2411 3955 2628 4022 ἀγαθῶν
2659 3957 2692 4026 ἡ
2717 3956 3038 4021 ἀπόλαυσις,
3064 3955 3157 4008 τοῦ
3180 3954 3313 4007 Θεοῦ
3336 3954 3432 4024 τὴν
3453 3952 3664 4006 οἰκείαν

2099 4046 2428 4119 παρέχοντος
2468 4047 2813 4117 κηδεμονίαν,
2858 4048 2998 4117 ὑπὲρ
3032 4040 3106 4100 ὧν
3139 4046 3382 4116 ἑλόμενοι
3405 4043 3474 4097 τὰ
3501 4043 3662 4106 καλὰ,

2097 4139 2479 4209 ἀπεστράφητε
2523 4139 2591 4191 τά
2621 4137 2822 4207 χείρωο
2857 4139 2951 4192 καὶ
2992 4137 3133 4206 εἴγε
3161 4138 3260 4207 τὴν
3295 4135 3532 4188 παλαιάν
3565 4135 3664 4187 ἀλ-

2097 4227 2354 4294 λάξαντες
2395 4228 2652 4299 γνώμην,
2709 4231 2767 4282 ἐν
2796 4229 2914 4292 ταῖς
2959 4227 3156 4291 πύλαις
3198 4226 3336 4279 κατά
3380 4224 3442 4278 τὸ
3473 4223 3662 4288 εἰωθὸς

2095 4318 2194 4381 τὰς
2232 4319 2436 4388 κρίσεις
2471 4317 2679 4372 ἐθέλετε
2713 4319 2978 4372 ποιεῖσθαι
3014 4318 3247 4381 δικαίας,
3281 4312 3532 4380 τεύξεσθε
3565 4315 3665 4382 τῆς

436 4405 586 4469 θείας
627 4404 1029 4478 φιλανθρωπίας
1072 4411 1478 4482 περισωζούσης
1521 4411 1674 4482 ὑμῶν
1723 4413 1849 4474 τοὺς
1885 4411 2203 4472 πλείστους⁹
2254 4412 2341 4480 (p.
2394 4410 2530 4481 179)
2581 4409 2774 4480 Ἰωσὴφ
2819 4410 2873 4462 δὲ
2917 4409 3147 4462 ἐνταῦθα
3194 4407 3292 4471 τάς
3333 4407 3465 4461 δέκα
3515 4405 3664 4474 λέγει

435 4497 624 4568 φυλὰς,
653 4498 762 4552 ἀπὸ
795 4499 893 4570 τῆς
919 4499 1228 4571 ἡγουμένης
1259 4504 1317 4555 ἐν
1353 4499 1566 4568 αὐτοῖς,
1591 4503 1690 4573 τῆς
1718 4503 1810 4558 τοῦ
1858 4501 2093 4574 Ἐφραῖμ
2117 4502 2277 4569 λέγω,
2302 4501 2360 4564 ὃς
2385 4497 2453 4570 ἦν
2476 4501 2590 4564 υίὸς
2621 4499 2713 4553 τοῦ
2751 4501 2964 4571 Ἰωσήφ.

504 4591 666 4646 Vens.
699 4590 889 4647 46-18.
919 4621 989 4633 -—
1025 4611 1044 4643 ι
1081 4591 1369 4662 Propterea
1409 4594 1538 4648 dicit
1567 4594 1824 4650 Dominus
1855 4593 1995 4650 Deus

2173 4593 2320 4662 Στίχ.
2354 4599 2546 4662 ις’-ιη’.
2573 4621 2642 4630 -
2673 4609 2691 4642 ι
2728 4591 2825 4645 Διά
2871 4591 3028 4643 τοῦτο
3057 4589 3182 4644 τάδε
3224 4589 3370 4659 λέγει
3411 4589 3609 4661 Κύριος
3635 4594 3664 4644 ὀ

431 4684 779 4754 omnipatens
835 4703 849 4738 :
911 4682 968 4738 In
1000 4686 1259 4740 omnibus
1309 4684 1506 4753 plateis
1537 4685 1898 4754 planctus,et
1945 4689 1999 4741 in

432 4776 688 4829 omnibus
725 4773 828 4830 viis
868 4776 1079 4830 dicetur
1119 4775 1454 4838 lamentatio,
1521 4778 1633 4830 vae!
1665 4779 1782 4830 vae!
1822 4797 1840 4829 ι
1895 4777 2002 4833 Sed

429 4867 558 4937 quia
593 4865 879 4936 praedictas
907 4865 1231 4921 monitiones
1263 4865 1416 4934 pensi
1445 4879 1554 4919 non
1582 4867 1870 4930 habuistis,
1918 4869 2000 4922 la-

432 4958 820 5012 mentationum
847 4970 910 5010 ac
947 4957 1260 5025 planctuum
1296 4957 1453 5026 plena
1491 4957 1595 5012 erit
1649 4957 1779 5013 urbs
1809 4965 1863 5014 et
1913 4973 2002 5014 re-

431 5050 540 5120 gio,
597 5058 817 5120 propter
843 5048 1002 5104 edita:
1028 5047 1096 5102 ab
1131 5047 1379 5104 hostibus
1434 5049 1632 5120 stragis
1663 5049 1996 5120 magnitudi-

431 5157 574 5200 nem.
611 5161 628 5193 ι
663 5140 956 5197 Vocabitur
1012 5140 1248 5212 agricola
1273 5140 1340 5195 ad
1372 5142 1577 5197 luctum
1622 5149 1674 5196 et
1705 5143 1998 5211 planctum.

431 5242 486 5288 et
533 5232 599 5287 ad
621 5232 746 5288 illos
770 5233 861 5302 qui
889 5233 1171 5289 lamentari
1223 5233 1441 5300 sciunt,
1481 5242 1536 5287 et
1566 5235 1621 5287 in
1645 5235 1861 5288 cunctis
1900 5233 2000 5288 viis

431 5323 716 5391 planctus;
773 5325 900 5394 quia
922 5325 1167 5381 transibo
1199 5340 1294 5394 per
1324 5324 1560 5380 medium
1596 5325 1696 5388 tui,
1728 5324 1860 5379 dicit
1897 5325 2000 5377 Do-

432 5410 633 5465 minus.
674 5429 692 5462 »
749 5412 1012 5482 Agricolas
1063 5415 1226 5470 etiam
1283 5413 1487 5468 omisso
1542 5399 1744 5482 agresti
1809 5427 1990 5482 opere,

433 5498 740 5570 planctibus
785 5501 950 5555 variis
1007 5511 1060 5557 et
1087 5502 1322 5558 luctibus
1397 5511 1452 5557 et
1517 5502 1994 5557 lamentationibus

432 5589 863 5656 occupabuntur,
911 5591 1110 5644 editam
1151 5593 1309 5645 simul
1346 5593 1588 5662 lugentes
1632 5594 1700 5645 ab
1749 5593 1994 5647 hostibus

436 5689 690 5750 stragem,
716 5687 767 5731 et
795 5684 952 5732 terrae
978 5679 1488 5736 infrttetnositatem.
1536 5682 1657 5737 lla-c
1681 5694 1854 5737 autem
1895 5699 1980 5757 pa-

2096 4682 2230 4746 Θεὸς
2258 4684 2286 4734 ὁ
2311 4683 2701 4752 παντοκράτωρ
2723 4695 2738 4710 ⁸
2772 4681 2861 4734 Ἐν
2881 4681 3082 4744 πάσαις
3109 4680 3385 4744 πλατείαις
3410 4681 3660 4745 κοπετὸς,

2097 4771 2191 4824 καὶ
2227 4774 2286 4824 ἐν
2335 4771 2533 4832 πάσαις
2564 4773 2683 4833 ταῖς
2734 4769 2872 4832 όδοῖς
2914 4769 3208 4839 ῥηθήσεται
3247 4767 3464 4838 θρῆνος,
3487 4769 3660 4834 Οὐαὶ,

2095 4862 2231 4916 οὐαίί
2275 4881 2292 4913 ι
2359 4861 2573 4929 Ἐπειδὴ
2611 4861 2667 4914 δὲ
2711 4862 2771 4913 ού
2806 4861 3009 4914 τούτων
3056 4863 3183 4930 ὑμῖν
3229 4861 3404 4929 λόγος,
3446 4860 3664 4931 θρήνων

2097 4953 2191 5007 καὶ
2221 4952 2461 5004 κοπετῶν
2496 4951 2644 5005 ἔσται
2676 4951 2846 5018 μεστά
2867 4951 2932 5004 τά
2960 4968 3019 5003 τε
3049 4951 3190 5004 κατά
3219 4951 3368 5004 πόλιν
3401 4951 3494 5004 καὶ
3520 4951 3666 5005 κατά

2099 5042 2300 5112 χώραν,
2354 5043 2462 5094 ἀπὸ
2498 5041 2590 5094 τοῦ
2633 5041 2868 5110 πλήθους
2920 5042 3020 5110 τῆς
3051 5043 3340 5112 γινομένης
3397 5043 3501 5094 ὑπὸ
3551 5043 3664 5096 τῶν

2101 5135 2368 5204 πολεμίων
2399 5135 2628 5203 σφαγῆς.
2664 5152 2682 5184 ι
2718 5133 3059 5203 Κληθήσεται
3083 5134 3326 5205 γεωργὸς
3354 5135 3434 5196 είς
3468 5133 3666 5196 πένθος

2100 5229 2193 5280 καὶ
2255 5229 2330 5289 εἰς
2386 5225 2611 5279 κοπετὸν
2665 5225 2758 5277 καὶ
2792 5227 2871 5288 είς
2908 5225 3116 5288 εἰδότας
3169 5224 3404 5296 θρῆνον⁸
3457 5223 3550 5277 καὶ
3606 5225 3666 5276 ἐν

2100 5318 2298 5379 πάσαις
2337 5317 2471 5379 ὁδοῖς
2518 5315 2776 5378 κοπετὸς’
2825 5315 2957 5369 διότι
2995 5315 3337 5385 διελεύσομαι
3379 5315 3466 5367 διά
3495 5314 3665 5384 μέσον

2102 5426 2215 5470 σου,
2246 5408 2389 5474 λέγει
2435 5406 2650 5478 Κύριος.
2683 5425 2702 5458 δ
2741 5408 2850 5461 Καὶ
2894 5406 3127 5477 γεωργοὶ
3148 5407 3203 5459 δὲ
3232 5407 3338 5459 τῶν
3374 5405 3514 5458 κατά
3561 5405 3666 5474 γῆν

2101 5501 2358 5570 ἁςςέμενοι
2387 5501 2582 5569 ἔργων,
2619 5499 2746 5570 περὶ
2789 5499 3050 5562 κοπετοὺς
3088 5499 3182 5552 καὶ
3211 5499 3376 5566 πένθη
3403 5498 3496 5550 καὶ
3531 5494 3666 5565 θρή-

2102 5609 2206 5644 νων
2258 5591 2717 5660 ἀσχοληθήσονται
2751 5588 3043 5652 ποικιλίαν,
3093 5590 3191 5658 τήν
3219 5605 3276 5640 τε
3317 5587 3530 5656 σφαγὴν
3558 5586 3664 5638 τῶν

2103 5682 2372 5733 πολεμίων
2411 5682 2502 5732 καὶ
2549 5681 2642 5748 τῆς
2693 5681 2791 5747 γῆς
2825 5678 2919 5746 τὴν
2971 5679 3246 5746 ἀκαρπίαν
3287 5676 3426 5728 κατὰ
3469 5677 3664 5728 ταυτὸν
