3966 6134
320 222 432 278 ΞῚἹ
1369 221 1914 281 COMMENTARIUS
1939 221 2006 277 IN
2045 222 2255 279 AMOSI
2289 222 2441 279 CAP.
2484 222 2545 278 V.
3465 227 3572 285 878

324 337 674 412 θρηνοῦντεςυ
712 340 886 395 ταῦτα
931 342 990 395 δὲ
1032 342 1305 396 πείσονται
1350 344 1483 398 Θεοῦ
1520 346 1608 400 διὰ
1653 346 1761 402 τῶν
1789 363 1884 400 πο-

2003 344 2214 413 :ientur,
2246 346 2357 403 Deo
2384 363 2480 417 per
2501 346 2710 402 medios
2743 345 2867 401 illos
2906 358 3039 400 cum
3082 346 3329 403 exercitu
3379 346 3569 405 bostili

323 428 525 498 leg.wa
554 433 635 493 εἰς
666 431 866 501 μέσους
886 432 1083 497 αὐτοὺς
1112 434 1388 499 εἰσιόντος,
1427 440 1520 491 καὶ
1554 441 1667 501 τοῖς
1706 437 1889 491 τοσού-

1997 442 2330 504 transeunte;
2392 447 2448 494 et
2504 438 2705 495 talibus
2749 438 3025 509 tantisque
3082 438 3243 496 malis
3279 439 3563 499 obruente.

319 539 433 585 τοις
482 524 576 575 καὶ
610 523 956 591 τηλικούτοις
999 524 1416 597 περιϐάλλοντος
1446 533 1656 593 κακοῖς.
1702 547 1722 580 ι
1756 530 1885 585 Οὐαὶ

1999 544 2016 579 ι
2049 525 2140 582 ναι
2167 528 2606 586 desiderantibus
2640 532 2782 585 viam
2838 529 3084 586 Domini!
3113 531 3228 586 Cur
3253 532 3409 587 vobis
3449 532 3565 591 hac

319 614 371 667 οί
415 612 812 683 ἐπιθυμοῦντες
866 614 964 686 τὴν
1013 615 1227 687 ἡμέραν
1280 618 1520 689 Κυρίουι
1573 621 1668 673 καὶ
1711 621 1798 675 ἶνα
1833 620 1885 673 τί

1998 615 2109 672 dies
2158 616 2412 673 Domini?
2445 619 2567 690 Ipsa
2604 620 2823 691 quidem
2855 619 3000 675 baud
3021 621 3109 676 lux
3136 628 3243 686 est,
3283 621 3443 693 119
3470 622 3564 678 sed

320 709 449 777 ὑμῖν
504 706 645 778 αὕτη
702 709 737 777 ἠ
769 707 958 779 ἡμέρα
1006 708 1101 762 τοῦ
1152 708 1390 779 κυρίους
1440 708 1535 761 καὶ
1587 708 1728 778 αῦτη
1773 710 1886 763 tori

1994 708 2244 765 tenebrae.
2272 729 2291 762 ι
2315 709 2579 776 Quoniam
2600 712 2754 766 multi
2770 711 3103 781 improbitati
3123 728 3350 783 prorsus
3370 713 3560 778 dediti,

317 798 510 861 σκότος
549 798 649 852 καὶ
688 799 750 852 οὐ
788 799 927 867 φῶς.
970 817 991 850 ι
1031 799 1245 870 Ἐπειδὴ
1284 798 1390 869 γάρ
1430 798 1615 852 πολλοὶ
1659 799 1792 870 πρὸς
1827 799 1883 852 τὸ

1992 799 2147 869 quasi
2175 798 2313 855 falsa
2354 801 2628 871 propheta
2654 803 3123 871 vaticinarentur,
3155 803 3338 859 dicere
3387 806 3558 859 ande-

313 891 500 959 χεῖρον
524 889 807 953 παντελῶς
836 890 1290 962 ὲκτετραμμένοι,
1316 889 1516 943 ὠσανεί
1546 880 1879 961 ψευδομένων

1993 889 2121 945 bant
2147 909 2161 944 :
2195 890 2425 946 Veniant
2454 870 2586 946 sane
2607 907 2728 963 quae
2762 907 2861 948 vos
2913 870 3123 950 dicitis,
3143 908 3208 949 ac
3240 894 3559 965 portenditis

314 984 401 1051 ἐφ’
425 980 509 1046 οἷς
538 985 777 1055 ἐμήνυον
800 983 913 1037 τῶν
943 983 1256 1055 προφητῶν,
1283 983 1524 1052 ἐτόλμων
1559 982 1734 1050 λέγειν
1760 1025 1776 1049 ,
1804 983 1880 1036 ὅτι

1988 978 2150 1044 mala,
2183 978 2229 1034 si
2254 988 2402 1035 certe
2431 980 2611 1036 verbis
2633 982 2834 1037 vestris
2850 981 3098 1038 veritatis
3129 982 3336 1052 aliquid
3370 984 3512 1038 inest
3538 1001 3554 1050 ;

326 1074 558 1127 Ὲλθὲτω
584 1074 651 1144 δὴ
680 1074 751 1128 τὰ
782 1076 931 1129 κακά
961 1074 998 1129 ἃ
1024 1075 1161 1143 φατὲ
1197 1074 1291 1128 καὶ
1324 1072 1587 1145 μηνύεπ,
1629 1075 1678 1126 εἰ
1704 1073 1768 1144 δή
1801 1090 1885 1137 τις

1990 1068 2064 1123 ait
2087 1083 2234 1123 nunc
2260 1070 2524 1140 propheta
2557 1088 2572 1125 :
2616 1070 2954 1128 Miserabiles
2981 1073 3226 1142 apprime
3257 1075 3413 1139 estis;
3460 1075 3556 1145 qui

312 1162 550 1233 ἀλήθεια
597 1164 858 1236 πρόσεστι
899 1166 1012 1227 τοῖς
1069 1163 1248 1233 λόγοις
1295 1162 1476 1234 ὑμῶν’
1510 1161 1668 1216 τοῦτο
1697 1161 1878 1231 λέγει·

1987 1157 2129 1214 diem
2160 1159 2307 1215 illam
2326 1161 2600 1232 expetitis,
2623 1177 2784 1232 quam
2805 1170 3088 1218 venturam
3116 1178 3227 1219 non
3247 1166 3553 1231 credentes.

325 1255 733 1317 Ἐλεεινότατοι,
763 1257 951 1326 φησὶν,
977 1255 1103 1309 εστὶ
1149 1256 1250 1327 τὴν
1271 1256 1484 1328 ἡμέραν
1501 1254 1578 1326 (p.
1604 1255 1726 1324 180)
1748 1255 1886 1309 ὲκεί-

1985 1248 2360 1318 experimento
2406 1250 2664 1308 videbitis
2699 1263 2935 1322 quantas
2980 1253 3133 1310 vobis
3161 1268 3259 1325 per
3283 1255 3551 1309 malorum

312 1362 408 1415 νην
462 1344 889 1415 ἐπιζητοῦντες,
948 1348 1016 1419 ἢν
1038 1347 1101 1401 ού
1153 1346 1497 1411 πιστεύοντες
1539 1346 1878 1415 ἐλεύσεσθαι,

1985 1337 2387 1394 multitudinem
2411 1339 2644 1397 adducet
2668 1344 2940 1398 tenebras.
2968 1341 3173 1400 Deinde
3195 1343 3551 1401 similitudine

320 1436 524 1504 δψεσθε
554 1439 625 1508 τῇ
657 1437 847 1510 πείρᾳ,
887 1437 1115 1509 ζοφερὸν
1141 1439 1270 1508 ὑμῖν
1297 1436 1377 1509 τῷ
1410 1437 1604 1507 πλήθει
1638 1437 1746 1494 τῶν
1780 1454 1878 1492 κα-

1410 1437 1604 1507 πλήθει
1638 1437 1746 1494 τῶν
1780 1454 1878 1492 κα.
1984 1430 2148 1486 etiam
2170 1431 2377 1488 dictum
2397 1446 2559 1489 suum
2587 1431 2916 1491 conﬁrmans
2935 1477 2950 1494 .

315 1527 421 1580 κῶν
481 1529 798 1596 ἐπάγουσαν
860 1529 1082 1593 σκότος·
1112 1525 1235 1583 εἶτα
1271 1530 1365 1583 καὶ
1412 1527 1769 1600 ὑποδείγματι
1821 1528 1883 1582 τὸ

314 1619 607 1690 εἰρημένον
633 1620 1011 1690 πιστούμενος.
1909 1683 1954 1740 Β

378 1793 524 1862 Στίχ.
554 1793 756 1861 ιθ⁹-κγ’.
788 1823 861 1835 -
900 1811 918 1845 ι
960 1793 1056 1847 ’ον
1092 1794 1288 1864 τρόπον
1314 1794 1408 1847 ἐὰν
1435 1795 1646 1867 ἐκφύγῃ
1673 1794 1877 1865 ἀνθρώ·-

2052 1788 2216 1849 Vsus.
2252 1789 2440 1846 19—23.
2478 1810 2583 1853 -ι
2604 1791 3093 1858 Quemadmodum,
3135 1792 3331 1862 inquit,
3362 1791 3410 1847 si
3461 1791 3547 1846 tu-

313 1881 500 1946 ποςέκ
550 1884 844 1953 προσώπου
882 1884 975 1937 τοῦ
1012 1884 1239 1947 λέοντος,
1272 1886 1366 1939 καὶ
1406 1886 1620 1957 ἐμπέσῃ
1648 1886 1794 1956 αὐτῷ
1840 1889 1873 1956 ἡ

1981 1881 2089 1951 giat
2121 1883 2283 1937 homo
2311 1897 2341 1936 a
2378 1882 2519 1938 facie
2564 1884 2760 1947 leonis,
2813 1894 2868 1939 et
2904 1889 3160 1940 occurrat
3203 1882 3254 1937 ei
3284 1896 3411 1938 ursa
3445 1901 3462 1949 ί
3492 1890 3547 1938 et

307 1976 507 2044 ἄρκτος
527 2018 545 2039 ,
574 1975 670 2028 καὶ
713 1976 1020 2046 εἰσπηδήσῃ
1050 1979 1130 2039 εἰς
1158 1977 1251 2030 τὸν
1277 1974 1441 2041 οἷκον,
1486 1979 1580 2030 καὶ
1610 1980 1873 2053 ἀπερείσῃ

1982 1973 2196 2029 festinet
2247 1975 2456 2047 ingredi
2480 1975 2726 2043 domum,
2768 1986 2822 2032 et
2846 1977 2976 2031 dum
3014 1975 3267 2031 innititur
3296 1976 3548 2032 manibus

307 2066 403 2128 τὰς
446 2068 635 2136 χεῖρας
672 2064 842 2118 αὐτοῦ
886 2065 982 2118 ἐπὶ
1016 2065 1108 2119 τὸν
1156 2070 1367 2136 τοῖχον,
1408 2068 1503 2120 καὶ
1546 2066 1686 2139 δάκῃ
1714 2067 1873 2121 αὐτὸν

1979 2064 2091 2120 suis
2118 2080 2283 2136 super
2330 2066 2610 2136 parietem,
2659 2068 2901 2123 mordeat
2929 2082 3051 2123 eum
3106 2067 3364 2133 coluber;
3402 2082 3545 2122 nun-

308 2158 457 2227 δφις-
481 2157 605 2225 οὐχι
636 2156 830 2218 σκότος
862 2157 897 2225 ή
928 2155 1112 2228 ἡμέρα
1139 2156 1233 2211 τοῦ
1260 2159 1484 2230 Κυρίου,
1514 2159 1609 2213 καὶ
1636 2161 1696 2212 οὐ
1725 2159 1874 2229 φῶςς

1977 2155 2107 2224 quid
2136 2171 2244 2211 non
2266 2159 2501 2213 tenebrae
2518 2157 2637 2213 dies
2660 2156 2896 2220 Domini.
2919 2167 2974 2215 et
2998 2173 3109 2214 non
3137 2158 3271 2213 lux?
3301 2166 3356 2214 et
3368 2158 3543 2229 caligo

308 2246 398 2299 καὶ
444 2247 644 2315 γνόφος
686 2245 787 2298 οὐκ
835 2245 974 2315 ἔχων
1020 2246 1218 2316 φέγγος
1246 2245 1448 2319 αύτῆς;
1487 2268 1507 2301 ι
1558 2250 1636 2303 Δι’
1667 2250 1874 2304 ὑποδεί-

1976 2255 2025 2302 et
2065 2262 2174 2302 non
2214 2248 2471 2317 splendor
2512 2250 2567 2303 in
2612 2250 2716 2304 ea?
2759 2267 2778 2301 ι
2817 2248 2928 2305 [lac
2979 2249 3343 2306 similitudine
3369 2250 3542 2305 voluit

308 2353 513 2406 γματος
562 2335 673 2408 γάρ
703 2335 983 2407 ἠϐουλήθη
1023 2336 1122 2407 τῆς
1167 2336 1380 2407 ἡμέρας
1405 2340 1508 2413 την
1534 2340 1874 2412 χαλεπότητα

1973 2336 2078 2392 diei
2114 2338 2260 2394 illius
2308 2340 2707 2395 terribilitatem
2754 2341 3059 2396 ostendere.
3110 2340 3307 2417 V_eluti,
3341 2341 3539 2412 inquit,

306 2425 589 2491 ἐπιδεῖξαι.
659 2426 749 2488 Ὠς
806 2425 917 2497 γὰρ
966 2424 1022 2478 εί
1066 2443 1170 2490 τις,
1234 2428 1397 2499 φησὶ,
1446 2429 1566 2482 καθ’
1603 2430 1719 2484 ὁδὸν
1774 2432 1872 2502 μὲν

1972 2430 2019 2483 si
2050 2431 2172 2498 quis
2231 2430 2284 2485 in
2356 2432 2437 2486 via
2499 2433 2727 2488 audiens
2780 2433 2953 2488 leonis
2998 2433 3298 2499 incursum,
3350 2434 3538 2488 urbem

304 2512 539 2576 ἀκούσας
565 2513 777 2578 λέοντος
805 2514 1024 2583 ἔφοδον,
1060 2516 1152 2568 ἐπὶ
1174 2515 1274 2587 τὴν
1307 2515 1459 2570 πόλιν
1501 2519 1869 2590 καταδράμοι·

1977 2534 2164 2575 versus
2232 2519 2522 2591 diﬂ‘ugiat:
2573 2529 2797 2591 tumque
2842 2522 2899 2577 in
2957 2537 3161 2585 ursam,
3222 2538 3345 2593 quae
3392 2524 3543 2578 circa

305 2603 557 2672 ἐμπεσὼν
584 2604 640 2657 δὲ
666 2606 854 2676 ἄρκτῳ
878 2604 1019 2658 κατά
1045 2604 1145 2678 τὴν
1164 2606 1315 2659 πόλιν
1353 2607 1479 2671 τοὺς
1504 2608 1871 2678 ἐμπίπτοντας

1973 2610 2161 2665 urbem
2205 2619 2559 2668 occurrentes
2597 2613 2854 2674 laniabat,
2898 2614 3166 2678 incidens,
3216 2615 3272 2668 in
3316 2615 3539 2670 domum

302 2697 695 2767 λυμαινομένη,
720 2697 814 2752 ἐπὶ
834 2698 935 2769 τὴν
961 2698 1137 2752 οἰκίαν
1160 2698 1496 2769 εἰσπηδήσας
1520 2701 1619 2771 τὴν
1640 2701 1868 2767 οἰκείαν,

1977 2715 2125 2755 suam
2152 2715 2249 2770 spe
2272 2702 2399 2755 mali
2436 2702 2639 2757 vitandi
2671 2711 2950 2773 preperet;
2993 2719 3226 2772 mosque
3255 2704 3328 2757 ibi
3359 2719 3543 2759 neces-

304 2789 455 2841 λύσιν
485 2787 740 2859 εὑρέσθαι
767 2788 891 2842 τινὰ
910 2787 1018 2842 τῶν
1044 2787 1220 2842 κακῶν
1250 2788 1443 2863 ὲλπῖζῃ
1460 2808 1473 2822 ν
1501 2786 1620 2844 εἶτά
1644 2809 1759 2856 πως
1780 2793 1870 2845 ἐπί

1974 2791 2130 2845 Bitate
2154 2790 2337 2861 aliqua
2382 2792 2571 2861 parieti
2612 2807 2830 2846 manum
2878 2807 3032 2847 suam
3075 2793 3401 2862 impingens,
3453 2806 3540 2846 re-

301 2898 401 2934 τινι
460 2880 622 2951 χρείᾳ
669 2879 747 2950 τῷ
804 2880 971 2951 τοίχῳ
1026 2881 1388 2950 προσαγαγὼν
1445 2881 1541 2953 τὴν
1581 2886 1738 2953 χεῖρα
1770 2885 1867 2954 τὴν

1975 2891 2133 2953 pente
2154 2898 2185 2937 a
2205 2882 2430 2938 colubro
2450 2882 2801 2949 mordeatur;
2830 2897 3010 2937 nonne
3057 2882 3204 2948 huic,
3254 2891 3377 2953 post
3427 2892 3541 2939 tan-

302 2971 526 3035 otxzfzv,
564 2969 757 3041 ἀθρόον
795 2969 901 3023 ὑπὸ
930 2969 1106 3038 ὄφεως
1140 2970 1380 3043 δηχθείη,
1410 2973 1509 3025 οὐκ
1551 2974 1764 3046 ἀνάγκη
1792 2975 1868 3045 τῷ

1969 2979 2081 3026 tam
2123 2973 2389 3027 malorum
2442 2973 2827 3043 experientiam
2860 2980 3177 3043 tantumque
3210 2972 3533 3042 periculum,

301 3062 523 3130 τοιούτῳ
573 3060 711 3129 μετὰ
741 3059 1010 3139 τοσαύτην
1043 3060 1234 3130 πεῖραν
1277 3061 1463 3114 κακῶν
1506 3062 1600 3115 καὶ
1640 3062 1866 3135 θόρυϐον

1971 3064 2267 3119 inevitabili
2295 3063 2511 3119 demum
2532 3065 2744 3120 colubri
2777 3079 2962 3119 morsu
3009 3066 3141 3128 icto,
3197 3064 3338 3120 diem
3364 3066 3535 3131 illam,

304 3149 586 3215 τοσοῦτον,
639 3150 869 3220 ἀφύκτῳ
928 3153 1368 3221 περιπεπτωκότι
1420 3156 1485 3223 τῇ
1545 3152 1724 3225 πληγῇ
1770 3154 1864 3208 τοῦ

1970 3169 2086 3224 qua:
2123 3155 2334 3209 creteris
2368 3155 2461 3208 lux
2502 3161 2757 3224 apparet,
2820 3154 3072 3209 tenebras
3116 3154 3284 3210 videri
3314 3170 3536 3210 necesse

300 3242 493 3305 ὃςρεως,
525 3243 718 3305 σκότος
740 3236 877 3312 εἶναι
908 3241 1004 3312 τὴν
1034 3243 1239 3313 ἑτέροις
1259 3244 1588 3313 φαινομένην
1617 3245 1862 3315 ἡμέρανς

1967 3244 2089 3300 est?
2142 3245 2215 3302 ita
2247 3252 2306 3298 ut
2340 3244 2474 3297 nihil
2509 3259 2696 3298 coram
2738 3243 2982 3300 oblatum
3020 3256 3239 3315 propter
3269 3245 3533 3299 malorum

302 3330 419 3384 ὀὐδὲ
440 3333 626 3403 διορᾷν
672 3331 855 3403 μέντοι
882 3332 994 3386 τῶν
1032 3333 1313 3403 παρόντων
1340 3336 1404 3387 ὲκ
1440 3334 1548 3388 τῶν
1576 3335 1866 3406 ὀφθαλμῶν

1968 3336 2249 3407 angustias
2266 3343 2475 3399 cernat,
2504 3343 2731 3390 mortem
2759 3349 2887 3388 vero
2940 3334 3328 3405 propemodum
3359 3335 3534 3388 oculis

303 3422 492 3488 ὁρῶντι
521 3422 630 3476 τῶν
674 3422 924 3488 οἰκείωνς
968 3426 1044 3493 (p.
1070 3425 1193 3487 181)
1237 3423 1381 3477 οὕτω
1423 3424 1487 3496 δὴ
1528 3427 1621 3478 καὶ
1669 3426 1862 3497 ὑμεῖς,

1965 3430 2081 3484 suis
2105 3437 2425 3498 praesentem
2478 3427 2720 3497 spectet?
2767 3425 2857 3481 Sic
2910 3427 3131 3481 omnino
3183 3439 3303 3486 vos,
3334 3423 3530 3493 inquit,

304 3513 478 3581 φησὶν,
515 3511 847 3576 ἀκούσαντες
903 3513 1002 3583 μὲν
1049 3514 1383 3583 πανταχόθεν
1425 3513 1532 3568 τῶν
1595 3514 1866 3584 πολεμίων

1966 3517 2149 3572 audita
2179 3519 2415 3574 hostium
2449 3533 2860 3588 quaqueversus
2883 3518 3217 3584 incursione,
3245 3515 3313 3570 ad
3343 3516 3532 3571 urbem

300 3603 395 3673 την
438 3602 626 3672 ἔφοδον
676 3604 770 3657 ἐπὶ
795 3603 893 3675 τὴν
935 3603 1089 3658 πόλιν
1124 3603 1498 3658 είσελεύσεσθε
1523 3620 1537 3634 ’
1572 3606 1636 3657 ὲκ
1680 3604 1736 3657 δὲ
1767 3604 1863 3659 τοῦ

1965 3616 2175 3663 vosmet
2212 3609 2515 3678 recipietis:
2579 3610 2648 3662 ibi
2685 3623 2816 3663 vero
2847 3608 3081 3662 tumultu
3110 3606 3332 3673 turbati,
3369 3623 3531 3677 quem

301 3693 416 3747 κατ’
444 3695 621 3765 αὐτὴν
656 3693 885 3765 θορύϐου
905 3694 1354 3765 διαταραχθέντες
1376 3735 1391 3759 ,
1423 3697 1482 3750 ὃν
1516 3696 1730 3768 ἀνάγκη
1757 3697 1864 3751 τῶν

1966 3698 2082 3753 ﬂeri
2133 3698 2543 3752 imminentibus
2597 3696 2846 3751 hostibus
2898 3710 3124 3751 necesse
3191 3706 3297 3763 est,
3337 3694 3531 3752 domos

302 3783 568 3849 πολεμίων
593 3784 912 3854 ἐφεστώτων
937 3786 1180 3854 γίνεσθαι
1201 3788 1259 3840 ἐν
1274 3788 1431 3858 αὐτῇ,
1450 3788 1530 3850 είς
1545 3790 1667 3849 τους
1684 3786 1864 3852 οἴκους

1966 3791 2173 3841 vestras
2216 3784 2531 3849 introibitis,
2589 3784 2683 3839 sed
2740 3798 2808 3837 ne
2862 3782 2916 3837 id
2949 3783 3166 3853 quidem
3212 3785 3336 3856 plus
3378 3785 3532 3840 vobis

303 3874 665 3929 εἰσελεύσεσθε
706 3878 835 3940 τοὺς
861 3877 1117 3941 οἰκείους,
1155 3877 1437 3947 περιέσται
1468 3877 1524 3930 δὲ
1553 3877 1708 3931 οὐθὲν
1742 3874 1867 3929 οὐδὲ

1966 3875 2247 3948 proderit:
2282 3890 2347 3930 ex
2371 3874 2584 3944 angulis
2613 3874 2757 3929 enim
2794 3875 2990 3929 adium
3040 3882 3318 3930 extractos
3361 3876 3530 3930 abduc

301 3971 361 4020 ὲκ
390 3968 581 4022 τούτου
619 3969 781 4022 πλέον
814 3970 963 4039 ὑμῖν,
999 3971 1064 4022 ὲκ
1088 3968 1195 4022 τῶν
1224 3969 1409 4039 μυχῶν
1431 3969 1529 4038 τὴς
1553 3967 1730 4031 οἰκίας
1770 3969 1864 4021 ἐπὶ

1964 3974 2091 4023 cent
2125 3981 2222 4020 vos
2247 3964 2433 4020 hostes
2462 3966 2517 4018 in
2542 3964 2946 4032 captivitatem;
2992 3964 3105 4032 jam
3137 3980 3267 4018 vero
3286 3965 3412 4037 talia
3440 3980 3529 4034 pa-

298 4058 393 4128 τὴν
421 4058 797 4130 αἰχμαλωσίαν
836 4058 1163 4124 ὲξελκόντων
1216 4061 1361 4129 ὑμᾶς
1405 4059 1512 4113 τῶν
1548 4059 1821 4129 πολεμίων
1845 4098 1858 4112 .

1963 4055 2246 4121 tientibus,
2279 4054 2407 4124 quid
2444 4055 2498 4107 ni
2547 4054 2798 4108 tenebras
2827 4053 2968 4108 diem
3016 4054 3162 4107 illam
3214 4054 3384 4109 videri
3431 4070 3528 4110 ne-

300 4147 418 4211 Πῶς
460 4148 526 4220 δὴ
552 4150 667 4212 τοῖς
704 4148 880 4203 ταῦτα
906 4150 1223 4218 πάσχουσιν,
1255 4148 1314 4200 οὐ
1351 4147 1540 4224 σκότος
1585 4143 1724 4201 εἶναι
1769 4147 1862 4199 τὸν

1965 4161 2117 4201 cesse
2142 4145 2246 4201 erit
2290 4146 2314 4198 ἲ
2342 4144 2603 4199 Posthinc
2632 4143 2703 4198 ob
2734 4143 2947 4197 illorum
2995 4144 3399 4214 improbitatem
3433 4144 3528 4200 de-

297 4241 479 4307 καιρδν
506 4241 718 4294 ἐκεῖνον
750 4241 993 4310 ἀνάγκης
1036 4233 1168 4292 Εἶτα
1192 4241 1271 4302 είς
1298 4238 1396 4309 τὴν
1428 4240 1524 4307 τῆς
1562 4239 1862 4311 μοχθηρίας

1965 4236 2393 4299 monstrandam,
2428 4235 2615 4289 addit:
2655 4252 2674 4286 ι
2705 4233 2839 4300 Odi,
2867 4236 3039 4306 repuli
3063 4235 3383 4293 festivitates
3435 4253 3531 4294 ve-

296 4330 467 4383 οὐτῶν
496 4330 774 4397 ἀπόδειξιν
800 4330 1024 4399 ἐπάγει·
1066 4350 1084 4382 ι
1115 4329 1442 4400 Μεμίσηκα,
1468 4329 1731 4399 ἀπῶσμαι
1765 4330 1861 4392 τὰς

1964 4335 2128 4392 stras,
2154 4337 2208 4382 et
2246 4343 2354 4381 non
2390 4327 2549 4397 120
2574 4325 2846 4381 odorabor
2884 4327 2938 4381 in
2972 4328 3205 4383 cmtibus
3240 4328 3459 4385 vestris.
3500 4347 3518 4380 ι

295 4423 480 4495 ἑορτὰς
508 4421 687 4494 ὑμῶν,
721 4423 818 4476 καὶ
848 4423 910 4476 ού
944 4422 1020 4493 μὴ
1060 4419 1349 4493 ὀσφρανθῶ
1378 4423 1435 4476 ὲν
1466 4424 1584 4484 ταῖς
1614 4421 1859 4493 πανηγύ-

1965 4418 2194 4489 PrOpter
2223 4434 2434 4472 morum
2466 4424 2770 4472 vestrorum
2812 4418 3231 4487 improbitatem,
3269 4419 3528 4473 solemni-

295 4530 435 4579 ρετιν
460 4513 638 4583 ὑμῶν.
669 4532 688 4564 ι
725 4512 822 4566 Διὰ
842 4510 899 4567 δὲ
916 4512 1013 4583 τὴν
1029 4512 1120 4567 τοῦ
1145 4512 1343 4584 τρόπου
1364 4512 1663 4584 μοχθηρίαν
1685 4513 1857 4583 ὑμῶν,

1962 4517 2103 4563 tales
2126 4509 2288 4562 etiam
2312 4521 2448 4577 quas
2470 4507 2534 4560 ad
2563 4507 2665 4560 mei
2693 4506 2955 4558 honorem
2981 4507 3258 4559 celebrare
3279 4505 3523 4569 creditis,

292 4605 380 4656 καὶ
403 4604 503 4667 τὰς
528 4604 725 4675 ἑορτὰς
755 4603 820 4667 ἃς
853 4603 1118 4657 ἐπιτελεῖν
1146 4604 1240 4656 ἐπὶ
1263 4606 1396 4675 τιμῇ
1434 4603 1637 4655 δοκεῖτε
1659 4606 1724 4674 τῇ
1752 4606 1856 4674 ἐμῇ

1964 4599 2091 4653 odio
2113 4598 2307 4665 habeo,
2347 4611 2523 4667 neque
2564 4612 2656 4651 eas
2679 4595 2910 4664 excipio.
2950 4612 2968 4645 ι
3002 4593 3158 4658 Quod
3200 4596 3244 4648 si
3276 4594 3407 4648 mihi
3437 4595 3528 4648 ob-

286 4694 369 4747 διά
394 4696 589 4765 μίσους
612 4694 741 4766 ἔχω,
771 4696 865 4748 καὶ¹
884 4696 944 4748 οὗ
974 4695 1264 4767 προσίεμαι
1288 4694 1512 4757 ταύτας.
1542 4713 1560 4745 ι
1595 4695 1737 4746 Διότι
1766 4695 1852 4747 ea»

1960 4691 2198 4746 tuleritis
2226 4690 2543 4745 holocausta
2575 4698 2629 4744 et
2656 4688 2926 4744 sacriﬁcia
2953 4695 3157 4750 vestra,
3186 4700 3293 4739 non
3348 4686 3525 4740 susci-

288 4786 547 4856 ἐνέγκητέ
600 4804 690 4857 μοι
736 4785 1165 4858 ὁλοκαυτώματα
1205 4787 1299 4839 καὶ
1343 4785 1534 4848 θυσίας
1567 4785 1718 4855 ὑμῶν
1744 4824 1758 4849 ,
1796 4786 1854 4838 οὐ

1959 4783 2125 4854 piam,
2150 4791 2203 4838 et
2222 4782 2462 4837 salutare
2482 4788 2806 4851 conspectus
2831 4780 2996 4835 vestri
3016 4794 3126 4834 non
3152 4778 3459 4847 respiciam.
3501 4796 3518 4829 ι

294 4877 686 4948 προσδέξομαι’
733 4878 827 4932 καὶ
862 4879 1159 4949 σωτηρίους
1198 4876 1516 4945 ἐπιφανείας
1568 4874 1720 4945 ὑμῶν
1760 4874 1858 4927 οὐκ

1963 4871 2185 4928 Etiamsi
2220 4872 2383 4941 igitur
2414 4871 2682 4925 sacriﬁcia
2714 4870 2795 4924 vel
2849 4869 3166 4924 holocausta
3191 4866 3522 4931 obtuleritis,

288 4967 668 5039 ἐπιϐλέψομαι.
709 4988 729 5020 ι
790 4968 909 5022 Κᾶν
958 4967 1149 5031 θυσίας
1202 4964 1295 5020 οὖν
1343 4967 1375 5033 ἢ
1433 4965 1854 5034 ὁλοκαυτώματα

1959 4963 2186 5019 salutem
2229 4978 2292 5017 ex
2358 4970 2607 5032 respectu
2636 4975 2757 5015 meo
2797 4968 3079 5030 sperantes
3102 4958 3172 5013 ob
3206 4958 3320 5010 lucc
3355 4956 3525 5025 impeo

289 5060 653 5130 προσφέρητε,
680 5059 781 5131 τὴν
812 5062 877 5113 ὲκ
906 5061 1003 5130 τῆς
1032 5060 1353 5128 ἐπιφανείας
1392 5061 1489 5128 τῆς
1517 5059 1654 5128 ἐμῆς
1684 5075 1855 5128 σωτη-

1953 5061 2118 5117 trare,
2149 5070 2255 5107 non
2282 5054 2584 5117 admittam,
2610 5068 2784 5122 neque
2802 5051 3064 5121 quidquid
3096 5048 3335 5105 feceritis
3366 5047 3519 5117 pensi

287 5150 402 5219 ρίαν
434 5151 749 5215 ἐλπίζοντες
769 5150 861 5204 διὰ
879 5152 1086 5203 τούτων
1115 5151 1315 5210 λαϐεῖν,
1338 5148 1458 5202 οὔτε
1477 5149 1716 5218 δέξομαι,
1739 5149 1853 5201 ἀλλ’

1953 5145 2181 5199 habebo.
2219 5144 2359 5208 Quid
2383 5144 2550 5212 ergo?
2596 5161 2614 5193 ι
2656 5142 2917 5197 Transfer
2945 5158 2973 5194 a
3002 5157 3087 5195 me
3118 5140 3353 5195 sonitum
3395 5154 3517 5194 car-

283 5242 391 5295 ηὖδὲ
423 5244 676 5315 προσέξω
722 5245 836 5305 τοῖς
870 5242 1179 5311 γινομένοις
1217 5242 1372 5303 ὂ)ως.
1417 5240 1481 5291 Τί
1517 5235 1646 5304 οὗν;
1689 5258 1706 5289 ι
1738 5240 1849 5291 Με-

1958 5236 2165 5288 minum
2200 5242 2447 5297 tuorum;
2508 5235 2777 5302 psalmum
2811 5245 3136 5301 organorum
3169 5239 3383 5284 tuorum
3410 5244 3517 5285 non

281 5333 540 5404 τάστησον
596 5337 695 5389 ἀπ’
753 5332 895 5406 ἐμοῦ
943 5329 1079 5404 ἦχον
1129 5334 1278 5405 ᾠδῶν
1327 5349 1420 5385 σου
1446 5371 1460 5395 ,
1506 5332 1600 5385 καὶ
1641 5330 1847 5400 ψαλμὸν

1958 5323 2195 5377 audiam.
2230 5342 2249 5375 ι
2286 5322 2480 5378 Desine
2508 5323 2842 5391 psalmorum
2871 5322 3113 5375 carmina
3147 5320 3280 5374 mihi
3307 5335 3524 5391 compo-

279 5424 512 5493 ἐργάνων
568 5444 664 5480 σου
717 5427 824 5479 οὐκ
858 5424 1186 5494 ἀκούσομαι.
1224 5444 1241 5474 ι
1283 5422 1494 5475 Παῦσαι
1520 5420 1583 5489 δὴ
1621 5423 1714 5474 καὶ
1758 5421 1845 5484 τὰς

1831 5439 1855 5484 ς
1958 5415 2382 5484 nere,quoniam
2410 5429 2476 5468 ne
2509 5415 2623 5467 haec
2656 5411 2871 5482 quidem
2899 5412 3028 5466 mihi
3058 5411 3213 5467 cordi
3247 5420 3397 5468 sunt.

278 5518 335 5567 ἐκ
355 5521 460 5573 τῶν
485 5519 724 5590 ψαλμῶν
746 5518 898 5588 ᾠδάς
941 5519 1031 5569 ἐπ’
1052 5518 1173 5585 ἐμοὶ
1196 5514 1529 5585 ποιούμενος,
1568 5513 1687 5565 ἐπεὶ
1722 5512 1854 5583 μηδὲ

279 5607 449 5660 τούτου
478 5628 569 5680 μοι
596 5610 785 5681 λόγος.
