3966 6134
421 234 528 292 9³19

1625 245 1972 307 THEODORI
2015 248 2500 312 MOPSUESTENI

3567 259 3684 320 9.80

440 373 466 444 ’Δ
497 346 656 403 Vsus.
685 347 882 444 ᾎ-Ξξιῖ
906 382 976 396 -ο
1000 371 1018 404 ι
1061 351 1126 408 Et
1167 355 1412 444 volvetur
1465 359 1624 428 quasi
1661 375 1803 432 aqua
1851 363 1991 432 judi-

2162 368 2310 439 Στίχ.
2341 369 2650 436 κδ’-κζ’.--‹
2675 371 2786 425 Καὶ
2809 371 3194 444 κυλισθήσεται
3213 370 3289 436 ὡς
3311 371 3454 444 ὕδωρ
3475 375 3679 444 κρῖμα,

419 439 586 508 cium,
624 446 679 495 et
705 440 919 511 iustitia
963 445 1120 514 quasi
1162 441 1378 502 terrens
1419 446 1621 506 invius.
1666 470 1684 502 ι
1723 451 1856 506 Dum
1903 470 1998 509 ve-

421 539 590 587 stram
613 533 899 590 considero
922 536 1114 600 vitam,
1144 546 1199 593 et
1225 539 1528 595 secundum
1558 543 1698 597 hanc
1728 543 1999 613 judicium

419 633 600 672 meum
653 619 720 674 de
750 621 902 676 vobis
940 623 1188 690 instituo,
1238 627 1604 696 jnstissimam
1657 633 1816 688 video
1859 649 1888 688 a
1916 650 2002 689 me

421 713 577 768 vobis
612 713 924 784 impositum
949 717 1016 771 iri
1045 721 1413 790 punitionem,
1440 740 1604 794 quam
1626 741 1818 798 reapse
1848 730 2001 785 vobis

418 805 672 860 omnibus
717 805 1008 874 adducam,
1063 815 1220 881 quasi
1284 822 1582 871 torrentem
1643 820 2002 888 amplitudine

427 910 526 946 διιιι
557 911 782 963 prorsus
808 899 1409 960 intransibilem.¢Num
1433 907 1642 963 hostias
1660 917 1712 964 et
1729 911 2001 966 sacrificia

420 988 697 1044 ιιιιιυιὶειὶε
727 991 858 1045 mihi
887 993 940 1046 in
963 993 1184 1050 deserto
1208 997 1568 1067 quadraginta
1601 1000 1784 1064 annis,
1825 1017 1860 1056 ο
1902 1003 2004 1058 do-

423 1093 543 1132 mus
566 1078 820 1138 lsraelis‘l
850 1101 868 1132 ι
908 1083 1066 1150 Quod
1102 1088 1234 1142 nulli
1271 1103 1420 1144 cura;
1438 1089 1569 1142 mihi
1602 1090 1840 1147 victima:
1865 1093 1995 1158 sint,

427 1168 550 1223 inde
611 1187 709 1226 vos
755 1174 1095 1244 potissimum
1142 1180 1404 1248 poteratis
1454 1195 1806 1251 cognoscere,
1854 1186 2000 1256 quod

423 1259 788 1332 quadraginta
833 1267 992 1322 annis
1040 1267 1094 1322 in
1147 1269 1388 1334 deserto,
1424 1270 1562 1326 nihil
1619 1273 1935 1343 hujusmodi
1969 1288 2000 1328 a

407 1351 672 1417 ‘patribus
726 1354 922 1414 vestris
971 1358 1164 1428 exegi:
1217 1367 1270 1413 et
1321 1366 1504 1414 tamen
1526 1376 1626 1432 ego
1681 1372 2001 1433 perpetuam

425 1440 652 1521 illorum.
676 1459 864 1500 curam
899 1449 1065 1516 gessi.
1107 1467 1125 1500 ‹
1162 1449 1227 1503 Ει
1259 1450 1558 1509 admisistis
1583 1455 2002 1510 tabernaculum

425 1528 689 1595 Molochi,
722 1541 775 1589 et
815 1535 964 1592 sidus
997 1539 1082 1592 dei
1114 1541 1282 1595 vestri
1314 1540 1666 1612 Rhemphan,
1709 1543 2001 1600 simulacra

425 1636 545 1689 quae
572 1624 726 1680 vobis
755 1625 1054 1685 l‘ormastis.
1087 1629 1153 1684 Et
1210 1633 1538 1688 transferam
1573 1649 1672 1689 vos
1717 1636 1860 1689 ultra
1904 1635 2001 1689 Da-

2110 460 2203 513 καὶ
2228 461 2260 531 ἡ
2285 461 2598 533 δικαιοσύνη
2622 461 2697 524 ώς
2726 462 3059 534 χειμάρρους
3087 462 3307 525 ἄϐατος.
3349 482 3368 514 ι
3403 464 3547 534 Πρὸς
3565 465 3676 538 γάρ

2102 551 2192 604 τὸν
2235 551 2369 621 βίον,
2410 550 2485 621 (ρ.
2526 552 2650 620 182)
2687 553 2871 623 φησὶν,
2928 553 3074 623 δρῶν
3117 553 3209 606 τὸν
3259 554 3544 625 ὑμέτερον,
3579 560 3672 612 καὶ

2105 642 2224 694 κατ’
2259 643 2462 694 ἐκεῖνον
2495 642 2594 711 τὴν
2622 643 2802 715 κρίσιν
2840 643 2946 698 τῶν
2972 643 3097 696 καθ’
3139 643 3282 712 ὁμᾶς
3317 645 3669 715 ποιούμενος,

2100 734 2213 805 ὁρῶ
2235 734 2579 806 δικαιοτάτην
2607 736 2736 806 ὑμῖν
2771 735 3219 805 ἑπαχθησομένην
3257 735 3357 806 τὴν
3378 737 3668 807 τιμωρίαν,

2103 825 2170 896 ἢν
2193 827 2286 878 καὶ
2311 825 2496 892 ἐπάξω
2528 827 2692 878 πᾶσιν
2736 825 2898 896 ύμῖν,
2929 826 3231 896 χειμάρρου
3281 825 3436 896 δίκην
3492 827 3670 893 ἀδιεξ-

2101 915 2318 970 οδεύτου
2365 917 2451 970 διὰ
2482 917 2542 968 τὸ
2582 916 2812 986 μέγεθος
2833 915 3129 979 παντελῶς.
3167 934 3185 966 ι
3219 917 3309 987 Μὴ
3350 916 3554 985 σφάγια
3577 919 3673 972 καὶ

2103 1007 2291 1071 Θυσίας
2315 1007 2722 1079 προσηνέγκατε
2745 1008 3148 1078 τεσσαράκοντα
3167 1007 3261 1078 ἔτη
3293 1008 3352 1059 ἑν
3371 1010 3438 1077 τῇ
3461 1009 3672 1080 ἐρήμῳ,

2102 1092 2251 1160 οἶκος
2293 1097 2538 1168 Ἰσραήλς
2574 1115 2593 1149 ι
2627 1097 2750 1150 ’Ὁτι
2785 1097 2892 1168 γὰρ
2921 1095 3110 1167 μηδείς
3138 1113 3226 1166 μοι
3257 1096 3460 1149 θυσιῶν
3495 1097 3673 1164 λόγος,

2105 1188 2314 1243 ἐκεῖθεν
2348 1188 2583 1260 μάλιστα
2615 1187 2812 1242 εἰδέναι
2851 1189 3126 1260 προσῆκον
3173 1183 3241 1260 ἦν
3271 1188 3450 1266 ὑμᾶς,
3477 1189 3570 1256 ἀφ’
3601 1181 3677 1242 ὧν

2102 1279 2196 1333 ἐπὶ
2217 1279 2626 1350 τεσσαράκοντα
2646 1279 2758 1342 τοῖς
2779 1277 2924 1332 ἔτεσι
2945 1278 3087 1331 κατά
3101 1277 3198 1349 τὴν
3219 1277 3316 1349 ἑρη
3325 1295 3446 1348 μον,
3466 1277 3679 1332 τοιοῦτο

2106 1372 2202 1443 μὲν
2231 1371 2380 1441 παρὰ
2419 1371 2526 1423 τῶν
2554 1370 2808 1443 πατέρων
2840 1370 3016 1442 ⁴ᾔτησα
3039 1369 3144 1423 τῶν
3174 1370 3458 1440 ὑμετέρων
3479 1369 3636 1422 οὐδέν
3660 1387 3676 1402 ο

2102 1461 2265 1525 αὐτὸς
2305 1461 2363 1515 δὲ
2395 1461 2715 1532 ἐπιμέλειαν
2746 1461 2926 1515 αὐτῶν
2953 1459 3051 1529 τὴν
3079 1461 3461 1530 προσήκουσαν
3487 1459 3677 1513 ποιού-

2105 1568 2265 1623 μενος
2310 1551 2597 1605 διετέλουν.
2638 1569 2656 1603 ι
2696 1550 2806 1604 Καὶ
2841 1551 3131 1604 ἀνελάϐετε
3180 1551 3279 1621 τὴν
3331 1550 3534 1622 σκηνὴν
3585 1549 3679 1604 τοῦ

2103 1644 2303 1714 Μολδχ,
2357 1644 2453 1696 καὶ
2509 1643 2572 1696 τὸ
2603 1643 2800 1714 ἄστρον
2852 1641 2949 1694 τοῦ
3012 1641 3135 1696 θεοῦ
3189 1643 3345 1714 ὑμῶν
3403 1642 3678 1713 Ῥεμφάν,

425 1725 690 1776 mascum,
723 1714 856 1770 dicit
890 1715 1152 1774 Dominus
1193 1719 1356 1785 Deus,
1384 1721 1474 1775 cui
1522 1736 1718 1778 nomen
1741 1717 2002 1794 Omnipo-

2115 1738 2225 1800 τοὺς
2267 1736 2467 1800 τύπους
2508 1735 2600 1800 οὓς
2646 1737 2936 1807 ἐποιήσατε
2988 1737 3235 1798 ἑαυτοῖς·
3271 1735 3365 1787 καὶ
3415 1734 3684 1804 μετοικιῶ

423 1810 566 1856 tens.
609 1820 628 1854 ι
665 1801 774 1859 Vos
801 1812 982 1860 tamen
1015 1807 1084 1862 de
1114 1809 1421 1864 honestate-
1451 1811 1692 1880 cogitare
1727 1814 1997 1879 nolentes,

428 1895 712 1950 sacrificiis
734 1894 964 1952 delinire
984 1914 1070 1954 me
1091 1901 1344 1969 speratis,
1365 1902 1458 1970 qui
1483 1905 1776 1974 cateroqui
1797 1907 2000 1960 nullam

430 1987 532 2039 mei
566 1988 831 2042 rationem
869 1989 1102 2058 habetis,
1143 1996 1237 2049 sed
1269 1995 1431 2054 idolis
1471 2001 1720 2057 studiose
1753 2003 2003 2060 adhaere-

432 2080 523 2133 tis.
560 2079 869 2135 Molocbum
912 2099 1040 2138 vero
1071 2086 1200 2140 dicit
1231 2088 1513 2146 adoratum
1553 2093 1621 2147 ab
1641 2094 1720 2150 eis
1749 2094 1952 2150 idolum
1983 2111 1999 2150 :

431 2169 844 2229 tabernaculum
875 2189 1000 2229 vero
1026 2175 1276 2244 Moloclti,
1309 2179 1361 2234 id
1407 2191 1490 2237 est
1537 2183 1664 2238 idoli
1717 2188 1999 2256 templum,

433 2260 810 2328 frequentatis,
836 2264 994 2334 eique
1017 2281 1203 2322 curam
1220 2272 1532 2343 impenditis
1557 2276 1701 2330 :itno
1720 2283 1774 2332 et
1804 2277 2002 2333 sideris

432 2352 602 2404 cultui
651 2355 878 2420 vacatis,
930 2358 1016 2411 cui
1050 2357 1142 2414 Dei
1181 2363 1601 2432 appellationem
1653 2367 2001 2424 attribuistis.

437 2442 591 2511 121
625 2443 904 2503 llebraicze
939 2449 1133 2522 lingua:
1168 2455 1326 2523 periti
1375 2456 1526 2512 aiunt
1552 2458 1696 2513 hunc
1717 2475 1839 2515 esse
1869 2461 2006 2515 luci-

432 2530 631 2588 ferum.
674 2535 813 2601 Quin
853 2539 989 2596 adeo
1035 2545 1175 2614 apud
1208 2545 1499 2602 simulacra
1536 2551 1721 2615 etiam,
1760 2568 1881 2622 quae
1915 2569 2006 2609 ve-

435 2625 565 2679 stris
590 2628 843 2684 manibus
866 2630 1199 2699 fabricastis,
1225 2645 1440 2708 tempus
1466 2655 1628 2696 omne
1657 2646 2002 2703 consumitis.

429 2712 687 2772 Jamvero
719 2720 811 2789 qui
855 2721 1012 2779 idolis
1047 2726 1359 2792 adhaeretis,
1397 2740 1450 2784 et
1475 2731 1680 2785 nullam
1728 2734 2006 2806 religionis

437 2822 570 2863 mea:
597 2811 1018 2870 sollicitudinem
1073 2819 1284 2888 geritis,
1319 2821 1534 2890 placare
1582 2839 1668 2881 me
1706 2833 1888 2881 tamen
1929 2843 2011 2883 sa-

435 2900 659 2954 crificiis
686 2905 940 2972 speratis,
977 2924 1098 2977 quae
1130 2911 1266 2964 nihil
1296 2920 1443 2967 certe
1478 2915 1636 2969 vobis
1675 2917 2006 2986 proderunt;

2102 1829 2246 1898 ὑμᾶς
2277 1828 2535 1881 ἐπέκεινα
2578 1826 2872 1896 Δαμασκοῦ
2901 1864 2916 1889 ,
2965 1825 3111 1894 λέγει
3147 1824 3351 1896 Κύριος
3382 1827 3410 1878 ὁ
3442 1824 3584 1887 Θεὸς
3604 1864 3618 1886 ,
3653 1827 3682 1877 6

2102 1919 2501 1990 Παντοκράτωρ
2529 1918 2698 1988 ὄνομα
2732 1917 2904 1988 αύτῷ.
2945 1935 2964 1969 ι
3031 1915 3190 1969 Ἀλλά
3229 1915 3340 1987 γὰρ
3383 1915 3687 1984 συλλογίζε-

2104 2009 2224 2064 σθαι
2253 2010 2312 2062 τὸ
2339 2010 2454 2063 δέον
2474 2011 2533 2063 οὐ
2559 2009 2889 2080 βουλόμενοι,
2913 2008 3125 2071 θυσίαις
3148 2025 3214 2079 με
3245 2008 3552 2079 ἑκμειλίττε
3565 2008 3686 2060 σθαι

2104 2100 2461 2172 προσδοκᾶτε,
2523 2100 2714 2171 ἄνδρες
2773 2099 2907 2170 ἑμοῦ
2974 2099 3072 2170 μὲν
3129 2099 3316 2152 οὐδένα
3367 2097 3688 2168 ποιούμενοι

2103 2192 2280 2258 λόγον,
2314 2193 2426 2252 τοῖς
2478 2189 2716 2251 εἰδώλοις
2752 2189 2810 2242 δὲ
2851 2187 3209 2258 προσανέχειν
3252 2187 3683 2251 ἐσπουδακότεςο

2103 2281 2282 2351 Μολδχ
2304 2281 2415 2351 γὰρ
2443 2280 2659 2332 εἴδωλον
2681 2278 2829 2346 λέγει
2850 2281 2978 2349 παρ’
2997 2279 3181 2342 αὐτοῖς
3210 2278 3683 2349 θρησκευόμενονο

2107 2373 2308 2443 σκηνὴν
2346 2372 2402 2423 δὲ
2443 2370 2534 2424 τοῦ
2559 2365 2797 2440 ~Mollia)“
2822 2371 2908 2423 ἶνα
2942 2371 3093 2441 εἴπῃ,
3129 2370 3211 2422 ὃτι
3252 2370 3558 2441 Περιέπετε
3591 2369 3686 2423 τοῦ

2105 2463 2320 2516 εἰδώλου
2354 2463 2442 2515 τὸν
2476 2463 2620 2524 ναὸν,
2656 2462 2748 2515 καὶ
2777 2463 2904 2533 περὶ⁵
2936 2461 3126 2516 τοῦτον
3157 2462 3309 2532 ἔχετε
3332 2478 3346 2492 ·
3383 2463 3476 2514 καὶ
3495 2462 3562 2532 δὴ
3590 2463 3688 2515 καὶ

2106 2554 2233 2624 περὶ
2252 2553 2447 2622 ἄστρου
2471 2549 2766 2621 θεραπείαν
2793 2549 3124 2620 ἀσχολεῖσθε,
3153 2548 3287 2602 Θεοῦ
3317 2547 3689 2620 προσηγορίαν

2107 2645 2254 2714 αὐτῷ
2298 2641 2742 2714 περιτεθεικότες·
2772 2642 2847 2711 (p.
2873 2641 3015 2710 185)’
3043 2641 3174 2710 φασὶ
3207 2640 3262 2692 δὲ
3292 2640 3382 2692 τὸν
3408 2639 3690 2710 ἑωσφόρον

2107 2736 2247 2789 οὕτω
2277 2733 2416 2789 κατά
2439 2735 2536 2805 τὴν
2573 2731 2839 2803 Ἐϐραίων
2877 2731 3159 2785 καλεῖσθαι
3187 2731 3432 2799 γλῶτταν
3453 2747 3466 2758 ·
3507 2729 3603 2782 καὶ
3627 2728 3690 2799 δὴ
3723 2744 3744 2764 ε

2109 2829 2202 2880 καὶ
2234 2827 2362 2898 περὶ
2395 2825 2464 2878 τά
2507 2824 2860 2894 εἰκονίσματα
2886 2823 2922 2877 ἀ
2955 2826 3072 2886 ταῖς
3096 2822 3308 2877 ἑαυτῶν
3343 2821 3691 2874 κατεσκευά-

2112 2937 2238 2974 σατε
2289 2919 2472 2988 χερσὶ,
2509 2917 2635 2987 περὶ
2686 2915 2857 2970 ταῦτα
2905 2915 3005 2986 τὴν
3051 2916 3230 2967 πᾶσαν
3254 2913 3414 2981 ἄγετε
3451 2911 3686 2982 σχολήν·

449 2989 798 3089 abducemini
866 2997 1012 3050 enim
1063 2999 1116 3052 in
1159 3001 1274 3055 loca
1308 3017 1339 3055 a
1378 3004 1574 3060 vestris
1602 3006 1824 3063 sedibus
1863 3009 2014 3080 longe

2119 3007 2237 3065 εἶτα
2287 3009 2524 3073 εἰδώλοις
2563 3008 3006 3080 προσανέχοντες,
3057 3007 3151 3060 καὶ
3187 3006 3392 3077 μηδένα
3421 3005 3526 3075 τῆς
3556 3002 3691 3074 ἐμῆς

439 3076 732 3148 distantia;
758 3083 810 3136 id
837 3085 981 3139 enim
1017 3089 1281 3146 vocabulo
1321 3091 1568 3148 Damasci
1597 3095 1798 3161 innuit,
1825 3076 2014 3170 nempe

2117 3100 2410 3172 θεραπείας
2440 3076 2748 3170 ποιούμενοι
2767 3076 2943 3166 λύγον,
2973 3076 3405 3168 ἑκμειλίττεσθαί
3429 3111 3499 3166 με
3532 3110 3695 3166 προσ-

443 3183 475 3262 a
531 3177 706 3238 parte,
749 3175 1003 3242 quaelibet
1057 3179 1174 3233 loca
1224 3181 1541 3254 longinqua.
1621 3185 1817 3245 Beatus
1887 3205 2018 3262 ergo

441 3257 750 3330 Stephanus
793 3263 849 3318 in
894 3275 1208 3324 sanctorum
1235 3267 1612 3343 apostolorum
1656 3278 1908 3344 Actibus,
1942 3257 2022 3337 te-

444 3351 700 3408 stimonio
745 3355 937 3411 bocin
969 3375 1220 3417 sermone
1249 3364 1315 3418 ad
1341 3363 1559 3422 Judaaos
1585 3375 1762 3434 utens,
1789 3371 2023 3428 transfe-

444 3455 561 3495 ram
589 3459 684 3500 vos
713 3446 855 3502 ultra
880 3447 1232 3522 Babylonem,
1264 3455 1340 3508 ait
1363 3455 1433 3516 ⁸³.
1471 3457 1587 3512 loca
1619 3458 1705 3512 hic
1731 3459 2015 3531 designata

447 3537 690 3603 apertius
723 3541 1038 3600 nominans.
1093 3545 1159 3600 Et
1214 3547 1341 3617 quia
1371 3563 1402 3602 a
1452 3549 1559 3605 Deo
1582 3559 1845 3620 apostatze
1871 3554 2018 3608 circa

448 3622 592 3679 idola
615 3636 825 3698 tempus
856 3635 1123 3700 terebant,
1151 3638 1302 3692 addit
1337 3659 1350 3693 :

2114 3192 2303 3245 δοκᾶτε
2343 3193 2461 3254 ταῖς
2496 3189 2707 3252 θυσίαις
2728 3226 2743 3252 ,
2778 3181 2852 3242 ὧν
2871 3187 3028 3241 οὐθὲν
3071 3187 3199 3257 ὑμῖν
3241 3187 3539 3257 γενήσεται
3570 3185 3693 3252 ὄφε-

2115 3283 2234 3346 λος⁶
2273 3281 2648 3352 ἀπαχθήσεσθε
2688 3279 2794 3351 γὰρ
2842 3278 3174 3350 αἰχμάλωτοι
3204 3279 3286 3342 εἰς
3321 3277 3529 3341 τόπους
3559 3274 3690 3329 πολύ

2118 3391 2180 3443 γε
2210 3373 2318 3426 τῶν
2345 3373 2471 3443 περὶ
2497 3373 2638 3442 ὑμᾶς
2659 3371 2974 3440 ἀφεστῶτας
2999 3369 3210 3423 τόπων·
3234 3369 3295 3422 τὺ
3323 3368 3451 3440 γάρ,
3476 3387 3500 3419 ε
3517 3372 3695 3439 Δαμα-

2123 3463 2275 3530 σκοῦ,
2289 3483 2308 3515 ι
2330 3463 2488 3515 τοῦτο
2508 3462 2686 3530 λέγει’
2709 3462 2796 3514 ἵνα
2823 3460 2931 3514 ἀπὸ
2957 3459 3021 3530 μέ
3031 3476 3155 3530 ρους
3168 3459 3296 3522 τοὺς
3312 3458 3450 3527 ἀγαν
3475 3459 3695 3528 ἀπῳκι-

2127 3555 2355 3626 σμένους
2403 3554 2532 3625 εἴπῃ
2551 3545 2993 3622 τόπονς.“υ’γοῦν
3027 3550 3292 3622 μακάριος
3330 3550 3609 3620 Στέφανος
3639 3549 3694 3600 ἑν

2128 3648 2247 3708 ταῖς
2277 3643 2512 3714 Πράξεσι
2536 3641 2641 3695 τῶν
2674 3641 2844 3709 ἀγιων
2872 3637 3206 3703 ἀποστόλων,
3236 3637 3372 3707 πρὸς
3404 3634 3695 3695 Ἰουδαίους

446 3718 512 3785 τῇ
573 3723 845 3794 μαρτυρίᾳ
896 3727 1066 3800 ταύτῃ
1124 3732 1497 3802 χρησάμενος,
1560 3737 1816 3805 μετοικιῶ
1864 3737 2006 3807 ὑμᾶς
2045 3737 2300 3790 ἐπέκεινα
2333 3733 2820 3805 Βαϐυλωνυς.ἑιοη,
2865 3735 2992 3796 τοὺς
3034 3731 3266 3786 ἐνταῦθα
3327 3729 3698 3800 μηνυομένους

451 3814 648 3878 τόπους
680 3814 1009 3883 σαφέστερον
1033 3819 1268 3890 εἰρηκώς
1295 3822 1428 3892 (28).
1476 3825 1584 3878 Καὶ
1620 3827 1804 3897 ἐπειδὴ
1832 3828 1958 3900 περί
1982 3827 2154 3881 ταῦτα
2180 3827 2277 3898 τὴν
2313 3825 2504 3898 σχολὴν
2539 3825 2696 3894 ἔσχον
2729 3823 3042 3894 ἀφεστῶτες
3068 3822 3224 3888 Θεοῦ,
3251 3824 3447 3891 ὲπάγει
3467 3839 3482 3852 ο

483 3988 500 3993 _
1097 3931 1250 3987 CAP.
1287 3934 1375 3990 VI.

524 4019 690 4075 Vsus.
730 4021 780 4086 l,
815 4021 870 4074 2.
906 4053 975 4064 —
1010 4040 1028 4074 ι
1059 4020 1152 4078 Vae
1188 4029 1666 4083 contemnentibus
1703 4029 1945 4094 Sionem,
1976 4039 2031 4086 et

455 4111 858 4170 conlidentibus
891 4115 946 4168 in
987 4123 1173 4171 monte
1205 4119 1499 4174 Samariaa!
1542 4141 1560 4173 ι
1604 4120 1709 4177 Sed
1743 4123 1890 4176 enim
1934 4137 2030 4177 vos

457 4201 844 4268 infelicissimi,
891 4205 986 4274 qui
1023 4205 1242 4263 Sionem
1275 4218 1514 4265 montem
1561 4221 1615 4266 et
1663 4212 1940 4266 excultum
1972 4214 2027 4267 in

456 4293 579 4361 ipso
611 4291 779 4348 Deum
819 4292 1182 4363 deseruistis;
1229 4297 1489 4354 Samariae
1517 4315 1644 4356 vero
1677 4302 2027 4357 constitutis-

459 4399 566 4452 que
615 4383 727 4439 illic
763 4384 924 4441 idolis
972 4388 1288 4447 attenditisl
1328 4411 1348 4444 ι
1389 4391 1808 4449 Vindemiarum
1841 4393 2030 4464 primi-

461 4473 567 4528 tias
615 4474 886 4544 gentium,
920 4483 975 4531 et
1026 4476 1258 4548 ingressi
1305 4489 1433 4536 sunt
1472 4481 1576 4537 sibi
1623 4482 1781 4552 ipsis,
1832 4483 2030 4539 domus

462 4566 655 4621 Israel.
711 4585 730 4617 ι
799 4565 920 4622 Νοη
972 4580 1286 4639 reputantes
1343 4581 1549 4642 quanta
1600 4573 1755 4628 vobis
1805 4563 2034 4629 contulit

467 4654 556 4708 ille
593 4655 690 4724 qui
731 4655 785 4709 in
829 4655 996 4713 Sione
1035 4667 1220 4716 monte
1256 4676 1472 4716 omnem
1511 4662 1616 4716 sibi
1651 4663 1891 4718 exhiberi
1919 4663 2036 4719 cul-

464 4756 577 4798 tum
607 4747 775 4814 jussit
802 4745 980 4814 Deus;
1012 4766 1112 4805 nec
1139 4752 1284 4821 quod
1315 4751 1577 4821 plurimas
1605 4761 1791 4822 gentes
1821 4767 2036 4809 earum-

463 4851 568 4904 quc
625 4837 904 4908 principes
958 4842 1176 4897 cmdens
1225 4851 1278 4896 et
1334 4843 1563 4897 omnino
1601 4842 1911 4910 destruens,
1963 4844 2040 4899 in-

463 4943 710 4997 gressum
755 4929 811 4984 in
843 4945 906 4985 ea
954 4931 1074 4986 loca
1105 4934 1259 4988 vobis
1304 4933 1711 5003 incolatumque
1743 4935 2035 4990 concessit.

470 5036 489 5070 t
523 5017 778 5076 Transite
823 5021 878 5076 in
927 5021 1244 5088 Cbalancm,
1279 5035 1332 5078 et
1371 5024 1582 5092 vidi-te;
1617 5033 1670 5082 et
1702 5027 1774 5084 ite
1819 5026 1945 5084 inde
1979 5029 2032 5083 in

457 5173 462 5177 ’
541 5187 587 5216 ⁸³
628 5187 747 5241 Act.
792 5201 890 5252 VII,
934 5186 1020 5240 εὖ.

540 5341 653 5414 (ὶ8)
690 5344 767 5397 Ita
817 5343 1312 5414 Stephanum‘cum
1361 5339 1562 5414 guioso
1598 5342 1837 5414 breviter
1880 5342 2032 5414 inge-

473 5408 686 5479 nueque
713 5408 968 5466 conciliat
993 5411 1335 5466 Theodorus.
1366 5408 1552 5465 Placet
1572 5421 1752 5466 autem
1789 5412 1876 5464 bic
1901 5408 2037 5464 Gro-

473 5484 615 5534 tius:
659 5498 679 5549 g
732 5481 908 5533 Lucas
955 5496 1067 5534 rem
1111 5480 1283 5547 magis
1335 5490 1589 5547 spectans
1633 5497 1795 5549 quam
1847 5483 2032 5543 verba,

473 5549 614 5602 ultra
649 5548 967 5617 Babylonem
1003 5549 1112 5610 ait;
1152 5558 1314 5610 recte,
1349 5563 1472 5600 nam
1502 5548 1723 5618 Assyria
1755 5560 1800 5602 et
1843 5549 2035 5602 Arme-

478 5621 586 5688 nia,
627 5619 681 5673 in
726 5631 888 5687 quam
920 5620 1272 5684 transportati
1319 5618 1537 5672 fuerunt
1582 5617 1852 5682 Israelita,
1894 5618 2036 5671 ultra

2765 3937 2918 3990 ΚΕΦ.
2965 3937 3056 3990 (τ’.
3123 3970 3131 3976 -

2765 3937 2918 3990 ΚΕΦ.
3021 3943 3056 3988 '.
3123 3970 3131 3976 -

2193 4032 2320 4101 Στίχ
2353 4038 2423 4094 α’,
2453 4029 2517 4099 β’.
2535 4029 2774 4082 -ιΟύαὶ
2799 4030 2907 4090 τοῖς
2929 3937 3264 4093 ἑξυθενοῦσι
3287 4023 3446 4086 Σιὼν,
3474 4025 3568 4077 καὶ
3587 4024 3695 4083 τοῖς

2125 4120 2436 4174 πεποιθόσιν
2487 4121 2578 4172 ἑπὶ
2621 4119 2683 4172 τὸ
2733 4118 2857 4187 ὅρος
2903 4117 3231 4186 Σαμαρείας.
3281 4135 3298 4166 ι
3382 4115 3545 4167 Ἀλλά
3590 4113 3696 4182 γάρ

2123 4211 2472 4264 ἑλεεινότατοι
2503 4210 2719 4264 πάντων
2747 4208 2890 4271 ἑστὲ,
2911 4207 2959 4259 οἳ
2989 4207 3049 4258 τὸ
3081 4207 3178 4276 μὲν
3196 4205 3330 4259 Σιὼν
3342 4205 3468 4275 ὅρος
3496 4205 3588 4258 καὶ
3608 4203 3716 4256 τὸν·

2060 4335 2104 4389 ι)
2133 4303 2190 4354 ὲν
2233 4297 2861 4371 αὐτῷὊθησκευόμενον
2921 4295 3339 4366 παρεγράψασθε
3398 4294 3573 4347 Θεόν⁶
3633 4295 3695 4363 τῇ

2134 4390 2414 4462 Σαμαρείᾳ
2458 4391 2514 4442 δὲ
2550 4389 2643 4443 καὶ
2675 4391 2786 4451 τοῖς
2833 4387 3018 4440 αὐτόθι
3052 4385 3354 4455 ἱδρυμένοις
3404 4386 3697 4455 προσέχετε

2131 4481 2388 4546 εἰδώλοις.
2435 4500 2452 4532 t
2477 4478 2887 4550 ’Λπετρύγησαν
2915 4477 3087 4547 ἀρχὰς
3114 4474 3302 4540 ἑθνῶν,
3335 4476 3428 4528 καὶ
3456 4472 3697 4542 εἰσῆλθον

2132 4577 2341 4637 ἑαυτοῖς
2365 4612 2379 4636 ,
2420 4569 2565 4636 οἶκος
2616 4569 2708 4622 τοῦ
2758 4569 2992 4639 Ἰσραήλ.
3023 4587 3040 4619 ι
3103 4568 3216 4620 υὺκ
3251 4566 3696 4634 ἀναλογισάμενοι

2132 4665 2292 4736 ἡλίκα
2317 4663 2585 4733 παρέσχεν
2618 4661 2764 4729 ὑμῖν,
2807 4659 2864 4721 ὃς
2895 4659 2986 4710 ἑπὶ
3008 4656 3102 4710 τοῦ
3126 4656 3261 4710 Σιὼν
3290 4657 3446 4727 ὅρους
3481 4655 3697 4709 ἃπασαν

2133 4755 2279 4825 αύτῷ
2299 4751 2666 4824 προσάγεσθαι
2691 4749 2785 4819 τὴν
2812 4748 3103 4818 θρησκείαν
3133 4747 3210 4816 (p.
3236 4746 3360 4816 184)
3394 4742 3699 4816 προστάξας

2135 4848 2164 4900 ὁ
2194 4847 2323 4909 Θεός
2343 4861 2356 4874 ·
2405 4845 2512 4896 οὐδ’
2545 4844 2626 4896 ὅτι
2659 4841 2885 4893 πλεῖστα
2917 4841 3017 4892 ὅσα
3046 4839 3174 4907 ἔθνη
3203 4854 3263 4890 τε
3304 4838 3399 4890 καὶ
3429 4836 3557 4895 τοὺς
3583 4831 3704 4885 τού·

2135 4955 2244 4991 των
2288 4937 2552 5007 ἄρχοντας
2595 4931 2896 5002 περικόψας
2927 4945 2985 4983 τε
3022 4931 3114 4982 καὶ
3158 4928 3372 4998 ἀφελὼν
3406 4923 3701 4985 παντελῶς,

2141 5029 2235 5099 τὴν
2285 5029 2340 5079 ἑν
2384 5029 2495 5088 τοῖς
2539 5025 2760 5077 ἐκείνων
2804 5021 2987 5085 τόποις
3026 5021 3231 5076 εἴσοδον
3262 5038 3323 5074 τε
3371 5019 3464 5074 καὶ
3496 5017 3706 5086 οἴκησιν

2146 5342 2469 5398 Damascum
2511 5349 2564 5396 ct
2599 5341 2927 5412 Babylonem
2978 5347 3129 5395 sunt.
3173 5356 3190 5389 ι
3239 5335 3441 5405 Neque
3475 5329 3722 5412 displicet

2147 5435 2405 5513 i'ataltlus
2429 5434 2519 5503 qui
2541 5405 2924 5500 interpretatur
2947 5430 3270 5513 llebraicum
3290 5406 3506 5513 Ρςῃεηβ

2145 5507 2196 5626 ξι
2247 5493 2503 5628 τεςὶοἰιέηι
2555 5522 2587 5556 a
2641 5493 2811 5557 νέειν-α
2852 5493 3302 5556 remotissimam.'
3331 5493 3490 5551 Conf.
3549 5493 3710 5546 etiam

2145 5592 2352 5630 .imon.
2410 5590 2495 5628 ex.
