3966 6134
282 300 385 356 281

1339 299 1888 361 COMMENTARIUS
1917 301 1982 360 IN
2019 301 2232 360 AMOSI
2269 304 2402 361 CAP
2464 303 2553 364 Ἦ.

3426 304 3536 363 ξεί

262 418 550 491 ’παρέσχεν
580 419 730 489 ὑμῖν·
768 420 867 474 καὶ
892 421 1105 484 δεικνὺς
1131 420 1229 492 τῆς
1257 420 1410 485 θείας
1437 423 1645 493 δωρεᾶς
1663 422 1724 476 τὸ
1755 423 1852 495 μέ-

1964 423 2152 477 Emath
2204 438 2498 495 magnam;
2552 431 2609 480 et
2659 421 2973 480 descendite
3023 422 3177 479 illinc
3226 421 3281 475 in
3333 428 3536 477 terram

286 509 441 577 γεθος
483 507 682 562 όπόσον
728 510 871 574 ἐστὶ,
925 530 945 563 r
975 509 1204 581 Διάϐητε
1244 512 1446 575 πάντες
1486 514 1583 567 καὶ
1613 514 1750 567 ῑδετε
1778 515 1859 577 εἰς

284 599 553 669 Χαλάνην,
586 602 680 653 καὶ
721 601 962 655 διέλθετε
996 602 1202 655 ἐκεῖθεν
1230 605 1311 666 εἰς
1342 602 1527 673 Δίθάμ
1556 604 1655 674 τὴν
1691 604 1860 676 μεγά-

286 691 399 759 ὶτῖν,
436 690 532 742 καὶ
576 690 859 761 κατάϐητε
906 693 1113 746 ἐκεῖθεν
1141 695 1221 755 εἰς
1256 694 1359 764 γῆν
1384 694 1493 748 τῶν
1526 695 1858 763 ἀλλοφύλων,

284 779 380 839 τὰς
418 779 719 848 κρατίστας
752 783 817 833 ἐκ
850 780 1040 834 πασῶν
1081 781 1190 835 τῶν
1229 781 1513 851 βασιλειῶν
1561 783 1776 848 τούτων,
1810 786 1860 837 εἰ

285 868 503 921 πλείονά
547 871 666 923 ἐστι
695 869 766 923 τά
795 871 921 941 ὅρια
948 870 1124 924 αὐτῶν
1163 871 1271 925 τῶν
1311 871 1589 942 ὑμετέρων
1618 874 1802 944 ὁρίων.
1836 895 1855 927 ι

286 960 603 1031 Περιέλθετε
633 960 764 1031 γάρ,
783 963 938 1032 φησὶ,
966 962 1075 1015 τῶν
1102 979 1160 1015 τε
1189 963 1498 1031 ἀλλοφύλων
1523 965 1617 1017 καὶ
1646 966 1863 1019 πάντων

282 1052 342 1120 δὴ
368 1052 481 1105 τῶν
506 1053 807 1123 περιοίκων
833 1054 935 1124 τὴν
962 1055 1144 1125 χώραν
1170 1071 1185 1085 ·
1235 1054 1330 1109 καὶ
1362 1054 1426 1125 δὴ
1454 1054 1548 1108 καὶ
1576 1055 1676 1119 τὰς
1707 1056 1862 1125 μεγί-

285 1160 412 1207 στας
458 1144 572 1196 τῶν
602 1146 661 1197 ἐν
692 1148 878 1208 αὐτοῖς
910 1145 1117 1198 πόλεων
1151 1145 1371 1209 ἰδόντες,
1397 1147 1729 1216 δοκιμάσατε
1758 1148 1858 1218 τῆς

283 1248 340 1283 τε
370 1232 558 1301 χώρας
606 1235 706 1303 τῆς
736 1235 1010 1306 ὑμετέρας
1042 1234 1103 1288 τὸ
1138 1235 1362 1305 μέγεθος
1409 1236 1503 1289 καὶ
1545 1237 1607 1289 τὸ
1631 1236 1854 1300 πλάτὸς,

287 1321 376 1372 καὶ
401 1320 469 1389 δὴ
492 1320 593 1373 καὶ
618 1321 718 1391 τῆς
731 1321 957 1375 ἐκείνων
975 1338 990 1353 ·
1007 1322 1081 1386 ὡς
1109 1323 1176 1376 ἂν
1205 1324 1270 1375 ἐκ
1302 1324 1651 1393 παραθέσεως
1673 1325 1855 1396 γνοίη-

1957 512 2412 584 alienigenarum,
2444 522 2499 569 et
2531 512 2599 568 ad
2622 516 2827 584 optima
2854 529 3081 585 quaeque
3115 512 3268 581 regni
3294 511 3535 581 horum;

1956 604 2002 659 si
2034 604 2256 660 latiores
2287 605 2503 659 termini
2552 619 2740 660 eorum
2782 605 3034 659 terminis
3063 604 3261 658 vestris
3304 609 3457 657 sunt.
3504 619 3527 654 ι

1957 694 2252 767 Peragrate
2283 698 2441 767 122
2457 696 2625 760 enim,
2646 696 2845 767 inquit,
2876 694 3302 764 alienigenarum
3326 701 3380 748 et
3408 692 3533 747 lini-

1960 787 2219 842 timorum
2266 790 2511 843 omnium
2564 789 2878 859 regionem;
2934 796 2988 843 et
3031 797 3319 857 postquam
3363 784 3536 839 maliv

1958 893 2078 935 mas
2125 880 2366 949 ipsorum
2400 881 2564 935 urbes
2592 879 2984 941 lustraveritis,
3022 879 3290 932 :estimate
3339 885 3539 932 vestra:

1958 969 2208 1039 regionis
2253 970 2687 1040 magnitudinem
2738 984 2801 1023 ac
2856 969 3204 1023 latitudinem
3259 982 3369 1037 pra:
3403 968 3534 1033 illis,

1955 1065 2018 1111 ut
2052 1059 2424 1128 comparando
2470 1060 2735 1123 noscatis,
2772 1065 3031 1129 quantam
3080 1057 3234 1112 vobis
3287 1072 3396 1127 prae
3427 1056 3538 1112 iliis

1953 1148 2212 1203 omnibus
2242 1148 2310 1203 ad
2351 1149 2713 1204 habitandum
2761 1157 2961 1203 terram
2998 1149 3351 1213 concesserit,
3384 1157 3441 1201 ut
3474 1148 3531 1202 in

1956 1251 2020 1293 ea
2056 1239 2296 1307 spatiose
2324 1239 2620 1294 admodum
2653 1241 2821 1293 vitam
2853 1239 3142 1309 degeretis.
3182 1240 3380 1294 Postea
3414 1252 3537 1292 rur-

1961 1342 2057 1384 sus
2089 1330 2368 1400 improbos
2398 1331 2617 1385 illorum
2654 1338 2811 1385 actus
2844 1331 3143 1401 vituperat.

286 1430 344 1466 τε
375 1415 508 1485 ὅσην
552 1416 687 1486 ὑμῖν
726 1417 880 1488 παρά
912 1417 1119 1481 πάντας
1160 1419 1402 1483 ἐκείνους
1444 1420 1525 1483 είς
1571 1420 1787 1490 οἴκησιν
1824 1420 2024 1476 δέδωκε
2067 1424 2193 1494 γῆν,
2236 1425 2310 1489 ὡς
2351 1424 2417 1479 ἂν
2460 1423 2597 1497 μετά
2630 1425 2827 1497 πολλῆς
2867 1425 2953 1478 ἐπ’
2980 1426 3148 1496 αὐτῆς
3179 1424 3412 1493 διάγοιτε
3437 1423 3538 1492 τῆς

287 1509 627 1582 εὐρυχωρίας
648 1528 664 1541 ·
701 1507 818 1565 εἶτα
848 1511 1011 1566 πάλιν
1036 1512 1278 1577 ὀνειδίζει
1304 1513 1402 1578 τὰς
1437 1516 1668 1580 ἀτόπους
1700 1515 1929 1587 πράξεις
1961 1517 2167 1583 αὐτοῖς.

353 1601 504 1669 Στίχ.
537 1599 685 1672 ’γ’-η’.
717 1633 791 1643 —
817 1621 837 1655 ι
859 1604 924 1657 οἱ
953 1602 1234 1674 ἐρχόμενοι
1281 1606 1360 1668 εἰς
1392 1606 1605 1679 ἡμέραν
1647 1608 1845 1677 κακὴν,

2022 1608 2189 1665 Vens.
2224 1610 2342 1666 3-8.
2371 1642 2440 1652 -—
2480 1629 2499 1662 ι
2542 1609 2842 1666 Venientes
2876 1610 2933 1665 in
2970 1610 3116 1665 diem
3152 1607 3375 1670 malam,
3405 1620 3537 1678 pro-

288 1695 349 1747 οἵ
370 1693 684 1761 ἐγγίζοντες
731 1694 826 1749 καὶ
874 1695 1234 1766 ἐφαπτόμενοι
1277 1696 1568 1751 Σαϐϐἀτων
1602 1698 1812 1768 ψευδῶν
1837 1717 1851 1731 σ

289 1788 337 1838 oi
361 1785 717 1848 καθεύδοντες
745 1786 837 1839 ἐπὶ
871 1785 1067 1839 κλινῶν
1099 1786 1460 1856 ἐλεφαντίνων
1485 1832 1500 1855 ,
1549 1791 1643 1843 καὶ
1688 1806 1857 1844 κατα-

292 1878 672 1941 σπαταλῶντες
687 1878 780 1930 ἐπὶ
807 1880 928 1941 ταῖς
956 1883 1260 1949 στρωμναῖς
1298 1880 1474 1933 αὐτῶν
1496 1897 1510 1912 ⁸
1557 1883 1606 1935 οἰ
1647 1881 1855 1935 ἐσθίον-

287 1986 373 2031 τες
425 1968 652 2038 ἐρίφους
694 1970 759 2021 ἐκ
816 1967 1098 2039 ποιμνίων,
1136 1971 1229 2022 καὶ
1281 1962 1549 2041 μοσχάρια
1593 1973 1656 2024 ἐκ
1690 1972 1855 2042 μέσου

292 2059 584 2127 βουκολίων
611 2059 921 2130 γαλαθηνά·
951 2062 1000 2113 οἰ
1026 2061 1435 2134 ἐπικροτούντες
1462 2059 1599 2133 πρὸς
1619 2060 1718 2133 τὴν
1743 2078 1858 2130 φω-

290 2149 383 2219 νὴν
412 2148 522 2201 τῶν
549 2134 822 2219 ὀργάνων,
850 2151 926 2215 t'o;
954 2153 1161 2205 ἑστῶτα
1192 2152 1504 2218 ἐλογίσαντο
1529 2154 1621 2206 καὶ
1659 2153 1755 2222 οὐχ
1782 2153 1857 2216 ὠς

291 2238 580 2305 φεύγοντα·
613 2238 689 2307 (p.
718 2238 840 2306 l85)
875 2241 926 2291 οἱ
952 2240 1193 2305 πίνοντες
1217 2242 1306 2295 τὸν
1331 2240 1666 2311 διυλισμένον
1693 2238 1854 2305 οἶνον,

291 2329 380 2380 καὶ
400 2329 473 2380 τά
502 2327 699 2399 πρῶτα
729 2329 877 2399 μύρα
905 2331 1207 2400 χριόμενοι·
1238 2333 1331 2385 καὶ
1364 2333 1466 2385 οὐκ
1495 2332 1730 2402 ἔπασχον
1768 2334 1859 2386 ἐπὶ

288 2422 352 2489 τῇ
380 2419 644 2489 συντριϐῇ
684 2419 776 2472 τοῦ
820 2418 1033 2490 Ἰωσήφ.
1068 2441 1086 2472 ι
1133 2421 1291 2477 Ἀλλά
1314 2422 1423 2493 γάρ
1449 2423 1604 2492 ὑμεῖς
1628 2425 1708 2486 εἰς
1741 2426 1858 2476 πεῖ-

292 2526 387 2578 ραν
416 2509 708 2563 ἐλεύσεσθε
738 2511 837 2579 τῆς
864 2512 1077 2583 ἡμέρας
1101 2514 1334 2583 ἐκείνης,
1372 2516 1406 2585 ἢ
1448 2514 1700 2585 μέγιστον
1731 2516 1859 2585 ὑμῖν

288 2599 455 2667 ἑσμόν
484 2600 686 2666 ἐπάγει
714 2601 899 2654 κακῶν
924 2619 937 2632 ·
988 2602 1037 2655 οῖ
1079 2602 1147 2656 τὰ
1175 2604 1271 2675 μὲν
1314 2604 1566 2658 Σάϐϐατα
1616 2606 1858 2674 μετιέναι

289 2691 701 2758 προσποιεῖσθε,
732 2692 833 2744 οὐκ
877 2692 1154 2757 εὐσεϐείας
1200 2693 1413 2755 ἐνεκεν,
1464 2695 1578 2747 ἀλλ’
1614 2694 1753 2747 ὥστε
1781 2699 1860 2760 εἰς

291 2779 632 2848 παρανομίαν
660 2782 1109 2851 καταχρήσασθαι
1145 2785 1210 2853 τῇ
1242 2782 1428 2853 ἀργίας
1457 2782 1624 2835 πολὺν
1646 2783 1702 2835 δὲ
1734 2783 1861 2852 ἄχρι

288 2871 393 2924 τῶν
413 2870 612 2924 κλινῶν
638 2873 732 2925 καὶ
757 2873 856 2942 τῆς
884 2875 943 2926 ἐν
964 2876 1152 2938 αὑταῖς
1181 2876 1469 2945 στρωμνῆς
1496 2875 1589 2928 τόν
1613 2891 1673 2927 τε
1701 2874 1863 2927 πλοῦ-

287 2977 376 3014 τον
412 2941 844 3033 ἐπιδεικνύμενοι
879 2966 973 3018 καὶ
1017 2965 1115 3037 τὴν
1156 2941 1461 3035 ἀσέλγειαν,
1510 2967 1574 3020 ἐκ
1618 2966 1715 3036 τῆς
1754 2966 1862 3019 τῶν
1888 2941 1929 2996 c

289 3055 537 3121 πενήτων
568 3054 849 3124 ἁρπαγῆς,
877 3056 1100 3126 ἐρίφους
1139 3074 1199 3110 τε
1238 3059 1333 3111 καὶ
1360 3058 1488 3128 βόας
1518 3059 1612 3110 καὶ
1638 3061 1864 3111 παντοῖα

288 3144 689 3213 κατεσφάττετε
729 3144 846 3209 ζῶα
927 3149 1169 3219 ὀργάνων
1214 3150 1296 3201 τε⁶
1320 3149 1484 3219 ᾠδαῖς
1528 3150 1622 3201 καὶ
1652 3149 1863 3219 κρότοις

290 3237 617 3307 κεχρημένοι
640 3224 863 3308 χειρῶν·
885 3235 1026 3292 οἶνόν
1051 3257 1109 3292 τε
1136 3241 1506 3311 προσφέρεσθε
1527 3239 1863 3309 διυλισμένον

290 3328 365 3391 ὡς
391 3329 456 3382 ἂν
484 3329 731 3392 πλείονος
775 3330 905 3399 ὑμῖν
951 3330 1306 3400 ἐμφορεῖσθαι
1352 3331 1572 3385 δυνατὸν
1602 3332 1822 3404 ὑπάρχῃ
1848 3348 1860 3360 °

293 3421 385 3472 καὶ
414 3420 479 3491 δὴ
524 3422 623 3473 καὶ
654 3421 849 3491 μύροις
877 3421 1238 3491 καταχρίεσθε
1275 3422 1546 3484 ἐκλεκτοῖς
1566 3439 1579 3453 ·
1616 3424 1709 3476 καὶ
1735 3422 1865 3475 ταῦ-

292 3526 360 3562 τα
382 3510 447 3579 δὴ
483 3508 762 3580 μετῄειτε,
788 3510 1064 3580 διαμένειν
1092 3512 1221 3579 ὑμῖν
1246 3512 1342 3583 τὴν
1373 3514 1663 3567 ἀπόλαυσιν
1684 3513 1864 3566 αὐτῶν

295 3599 723 3670 προσδοκῶντες,
746 3602 842 3654 καὶ
860 3600 981 3654 οὐδὲ
1013 3600 1231 3657 πώποτε
1260 3603 1412 3674 ὑμῶν
1436 3605 1861 3675 ἀποστήσεσθαι,

292 3690 390 3741 οὐκ
421 3689 868 3761 ἀναλογιζόμενοί
914 3709 973 3745 τε
1018 3693 1139 3747 οἵαν
1176 3693 1296 3747 τινά
1334 3695 1473 3765 ὑπὲρ
1502 3695 1704 3748 τούτων
1731 3696 1860 3749 ὑπο·

296 3781 506 3849 μενεῖτε
549 3782 652 3849 τὴν
697 3782 970 3853 τιμωρίαν
997 3799 1010 3810 ·
1063 3784 1353 3854 συντριϐὴν
1390 3785 1499 3856 γὰρ
1526 3785 1618 3838 τοῦ
1671 3786 1864 3856 Ἰωσὴφ

294 3867 573 3922 κάνταῦθα
606 3869 767 3922 πάλιν
803 3871 911 3924 ἀπὸ
938 3871 1137 3942 μέρους
1161 3874 1285 3935 τοὺς
1323 3874 1523 3937 πάντας
1557 3874 1702 3942 λέγει
1730 3890 1744 3904 ⁸
1780 3875 1865 3925 ἵνα

295 3957 445 4030 εἴπῃ,
476 3960 562 4012 ὅτι
595 3960 689 4023 Εἰς
717 3960 928 4015 ἔννοιαν
960 3963 1022 4014 ού
1058 3962 1360 4032 λαμϐάνετε
1392 3965 1490 4035 τὴν
1522 3965 1616 4017 νῦν
1653 3980 1861 4034 συντριο

297 4049 417 4118 ϐὴν,
450 4050 518 4118 ἣν
540 4049 684 4119 ὑπὲρ
707 4050 910 4104 τούτων
933 4052 1270 4122 ὑπομενεῖτε.
1305 4054 1379 4122 (p.
1405 4054 1528 4120 186)
1563 4054 1689 4106 «Διά
1711 4054 1866 4106 τοῦτο

297 4138 390 4191 νῦν
413 4140 755 4210 αἰχμάλωτοι
782 4142 992 4195 ἔσονται
1016 4145 1110 4196 ἀπ’
1135 4145 1306 4213 ἀρχῆς
1328 4145 1623 4209 δυναστῶν,
1653 4146 1747 4198 καὶ
1776 4145 1862 4209 ἐξ·

298 4229 596 4301 ἀρθήσεται
615 4232 976 4302 χρεμετισμὸς
999 4233 1181 4286 ἵππων
1202 4234 1261 4297 ἐξ
1295 4234 1549 4305 Ἐφραῖμ·
1582 4236 1666 4287 ὅτι
1686 4234 1865 4305 ὤμοσε

296 4319 503 4390 Κύριος
530 4321 656 4374 καθ’
697 4321 891 4374 ἐαυτοῦ
915 4320 1090 4389 λέγων
1111 4339 1125 4352 ·
1162 4322 1363 4393 Κύριος
1391 4324 1419 4374 ό
1444 4322 1574 4386 θεὸς
1627 4323 1734 4376 τῶν
1777 4322 1858 4374 δυ-

300 4410 556 4478 νάμεων,
604 4411 739 4465 διότι
790 4412 1143 4483 βδελύσσομαι
1179 4412 1289 4482 ἐγὼ
1340 4415 1516 4467 πᾶσαν
1563 4414 1660 4483 τὴν
1711 4413 1867 4484 ὓϐριν

309 4500 520 4564 Ἰακὼϐ,
556 4502 652 4555 καὶ
678 4501 779 4565 τὰς
811 4501 993 4573 χώρας
1019 4502 1181 4555 αὑτοῦ
1215 4503 1515 4573 μεμίσηκα,
1547 4504 1641 4557 καὶ
1688 4503 1867 4574 ἐξαρῶ

298 4588 446 4640 πόλιν
478 4590 579 4642 σὺν
609 4590 745 4643 πᾶσι
769 4593 878 4655 τοῖς
897 4592 1237 4654 κατοικοῦσιν
1265 4594 1485 4661 αὐτὴν.»
1526 4593 1739 4663 Ἐπειδὴ
1761 4594 1867 4664 γάρ

297 4679 482 4732 σῦδένα
531 4680 695 4744 λόγον
735 4681 841 4734 τῶν
873 4683 1277 4754 ἀπειλουμένων
1310 4684 1547 4737 ποιεῖσθε
1574 4725 1589 4748 ,
1635 4686 1770 4755 αὐτῇ
1802 4688 1865 4755 τῇ

297 4770 459 4840 πείρᾳ
481 4769 760 4838 γνώσεσθε
785 4774 891 4826 τῶν
917 4774 1265 4845 μηνυομένων
1295 4774 1392 4846 τὴν
1431 4775 1705 4846 ἀλήθειαν·
1763 4776 1868 4828 ἁπ-

299 4859 608 4929 αχθήσεσθε
638 4861 751 4933 γάρ
793 4864 1031 4927 ἅπαντες
1061 4866 1389 4935 αἰχμάλωτοι
1441 4867 1543 4919 ὑπὸ
1596 4866 1868 4937 ἀρχόντων

300 4948 523 5021 δύναμίν
588 4953 1071 5024 περιϐεϐλημένων
1132 4955 1328 5026 πολλήν
1357 4971 1370 4983 ·
1430 4956 1570 5009 ὥστε
1631 4957 1725 5009 καὶ
1770 4956 1869 5026 τὴν

302 5042 655 5112 παρασκευὴν
701 5043 829 5111 ὑμῖν
875 5045 976 5113 τὴν
1020 5042 1318 5114 πολεμικήν
1374 5046 1470 5097 σὺν
1520 5049 1630 5109 τοῖς
1684 5047 1870 5109 ἵπποις

302 5131 661 5202 ἀφανισθῆναι
693 5134 995 5197 παντελῶς·
1027 5135 1213 5206 ἐπειδὴ
1238 5136 1346 5206 γὰρ
1381 5138 1559 5190 πᾶσαν
1591 5135 1745 5206 ὑμῶν
1772 5139 1871 5205 τὴν

300 5222 640 5289 παρανομίαν
666 5221 1011 5292 βδελύττεται
1033 5223 1184 5286 Θεὸς,
1217 5226 1282 5292 ἢν
1317 5224 1399 5291 ἐφ’
1435 5223 1588 5294 ὕϐρει
1620 5241 1682 5291 γε
1707 5226 1869 5279 αὐτοῦ

299 5307 532 5379 πληροῦν
560 5315 662 5366 οὐκ
691 5316 922 5376 ὀκνεῖτε,
957 5315 1102 5367 ὥστε
1136 5316 1228 5367 καὶ
1257 5314 1353 5376 τὰς
1386 5315 1566 5378 πόλεις
1593 5315 1745 5385 ὑμῶν
1777 5317 1870 5370 καὶ

1958 1699 2287 1772 pinquantes
2330 1709 2385 1756 et
2413 1702 2746 1773 attingentes
2780 1701 2915 1755 falsa
2949 1699 3223 1766 Sabbata;
3260 1697 3539 1752 dormien-

1954 1799 2041 1848 tes
2091 1792 2149 1847 in
2202 1793 2359 1847 lectis
2386 1791 2678 1856 eburneis,
2730 1800 2785 1847 et
2842 1791 3191 1845 lascivientes
3241 1789 3297 1842 in
3351 1788 3538 1842 stratis

1956 1883 2115 1950 suis;
2145 1883 2500 1939 comedentes
2537 1882 2723 1938 haedos
2765 1882 2833 1938 de
2872 1881 3153 1953 gregibus,
3187 1888 3241 1934 et
3273 1879 3538 1933 lactentes

1956 1975 2159 2030 vitulos
2189 1974 2258 2029 de
2299 1974 2481 2028 medio
2523 1981 2931 2038 armentorum;
2981 1969 3304 2040 plaudentes
3348 1968 3414 2022 ad
3440 1983 3539 2021 vo-

1955 2080 2074 2121 cem
2113 2079 2467 2136 organorum,
2502 2064 2661 2135 quasi
2688 2063 2916 2118 stabiles
2947 2077 3036 2116 res
3066 2059 3452 2115 existimarunt
3484 2066 3540 2112 et

1957 2171 2066 2211 non
2106 2154 2363 2225 fugaces;
2410 2154 2662 2210 bibentes
2708 2155 2893 2209 vinum
2936 2150 3281 2211 defaecatum,
3334 2157 3390 2204 et
3423 2163 3532 2201 un-

1960 2248 2185 2318 guentis
2211 2246 2405 2316 primis
2438 2244 2687 2316 peruncti
2712 2261 2727 2310 ;
2757 2253 2810 2299 et
2836 2243 2971 2297 nihil
2992 2242 3341 2312 patiehantur
3370 2254 3538 2308 super

1956 2335 2179 2406 Iosephi
2211 2336 2562 2391 contritione.
2608 2353 2627 2385 ι
2669 2335 3048 2388 Verumtamen
3082 2347 3179 2386 vos
3207 2331 3349 2385 diem
3383 2330 3533 2383 illam

1957 2427 2336 2497 experiamini,
2374 2442 2493 2496 quae
2539 2426 2838 2480 maximum
2889 2424 3045 2478 vobis
3096 2423 3360 2476 malorum
3406 2433 3539 2474 exa-

1960 2536 2084 2575 men
2108 2518 2339 2573 adducet
2366 2536 2380 2572 :
2407 2517 2499 2587 qui
2531 2516 2768 2571 Sahbata
2792 2515 3086 2570 observare
3110 2512 3401 2569 simulatis.
3428 2526 3537 2565 non

1961 2610 2240 2678 religionis
2274 2610 2473 2679 gratia,
2502 2608 2596 2662 sed
2632 2618 2690 2661 ut
2720 2606 2786 2660 ad
2826 2605 3162 2674 peccandum
3201 2603 3314 2656 otio
3344 2602 3539 2655 abuta-

1960 2701 2130 2767 mini;
2184 2702 2415 2754 multum
2466 2701 2695 2768 insuper
2735 2697 2790 2751 in
2824 2697 2980 2751 lectis
3012 2696 3175 2750 etiam
3238 2693 3538 2762 stratisque

1962 2792 2148 2845 luxum
2180 2791 2576 2859 lasciviamque
2604 2804 2670 2843 ex
2703 2802 3002 2859 pauperum
3037 2786 3229 2854 rapina
3257 2792 3542 2838 ostentan-

1961 2893 2063 2943 tes.
2100 2870 2376 2937 haedorum
2408 2894 2626 2950 quoque
2654 2894 2717 2933 ac
2750 2879 2935 2943 boum,
2965 2885 3013 2931 et
3048 2875 3293 2943 cujusvis
3324 2872 3541 2937 generis

1965 2969 2279 3024 animalium
2301 2969 2588 3023 macellum
2620 2966 2893 3022 instruitis
2916 2958 2931 3033 ;
2958 2973 3012 3019 et
3044 2966 3185 3018 inter
3207 2976 3538 3031 organorum

1964 3065 2180 3116 cantica
2211 3069 2264 3115 et
2294 3075 2555 3115 manuum
2590 3059 2814 3129 plausus
2847 3057 3035 3111 vinum
3070 3056 3346 3126 apponitis
3376 3052 3541 3106 defae-

1964 3160 2167 3214 catum,
2215 3166 2323 3221 quo
2371 3152 2554 3206 bibere
2603 3149 2810 3219 largius
2856 3146 3115 3219 possitis;
3164 3146 3398 3214 denique
3439 3159 3540 3197 un-

1964 3243 2178 3311 guentis
2207 3257 2421 3311 quoque
2453 3240 2672 3295 selectis
2701 3239 2988 3308 ungimini.
3017 3236 3141 3290 Haec
3165 3244 3343 3289 autem
3376 3233 3542 3288 facie-

1966 3331 2128 3392 batis,
2161 3339 2444 3399 sperantes
2467 3339 2810 3384 constantem
2843 3328 3061 3382 illorum
3094 3341 3275 3387 usum,
3317 3331 3371 3377 et
3399 3338 3541 3376 nun-

1964 3436 2125 3490 quam
2154 3420 2308 3474 vobis
2328 3419 2675 3485 del'uturum;
2705 3433 2804 3473 nec
2835 3425 3092 3486 reputare
3120 3413 3379 3468 voluistis
3401 3426 3540 3481 qua-

1964 3512 2032 3566 lis
2070 3519 2126 3563 et
2169 3520 2371 3579 quanta
2421 3510 2577 3563 vobis
2618 3523 2780 3577 paena
2832 3507 2971 3561 foret
3020 3502 3354 3560 sustinenda.
3403 3500 3539 3555 Nam

1926 3670 1931 3679 ~
1962 3598 2182 3667 Joscphi
2214 3598 2602 3651 contritionem
2638 3598 2725 3650 hic
2758 3610 2976 3664 quoque
3013 3594 3148 3674 dicit
3184 3602 3392 3661 partem
3440 3606 3541 3662 pro

1967 3689 2165 3744 lsraele
2201 3696 2349 3754 toto;
2387 3688 2441 3742 id
2480 3695 2588 3751 est,
2639 3688 2695 3741 in
2746 3694 2985 3739 mentem
3035 3671 3190 3739 vobis
3233 3699 3340 3737 non
3391 3685 3540 3737 venit

1964 3777 2335 3838 contritionis,
2366 3792 2530 3847 quam
2554 3792 2697 3830 nunc
2728 3790 2789 3830 ea
2815 3784 3035 3844 propter
3065 3774 3336 3845 patimini.
3367 3791 3385 3823 ι
3417 3772 3542 3829 Ideo

1967 3880 2112 3921 nunc
2147 3865 2345 3936 captivi
2392 3874 2554 3919 erunt
2580 3867 2684 3919 sub
2720 3863 3027 3933 principatu
3060 3864 3452 3932 dynastarum;
3484 3869 3541 3915 et

1966 3956 2243 4013 auferetur
2294 3957 2541 4011 hinnitus
2589 3970 2855 4025 equorum
2908 3970 2974 4009 ex
3026 3952 3341 4021 Ephraimo.
3402 3950 3540 4017 Quia

1967 4052 2174 4122 juravit
2201 4049 2466 4104 Dominus
2500 4065 2594 4119 per
2643 4048 2994 4116 semetipsum
3017 4046 3243 4100 dicens:
3283 4044 3543 4099 Dominus

1970 4144 2110 4198 Deus
2159 4141 2316 4211 123
2350 4141 2635 4202 virtutum,
2686 4139 2974 4191 abominor
3010 4150 3110 4206 ego
3154 4134 3541 4189 contumeliam

1967 4234 2179 4299 Jacobi,
2235 4241 2291 4287 et
2353 4232 2604 4303 regiones
2668 4228 2913 4298 ejusdem
2971 4228 3083 4295 odi,
3154 4226 3543 4295 destruamquo

1969 4327 2157 4379 urbem
2209 4339 2333 4377 cum
2381 4323 2638 4376 omnibus
2680 4320 3048 4375 incolentibus
3100 4319 3295 4389 ipsam.
3342 4336 3362 4370 ›
3401 4316 3541 4382 Quia

1970 4417 2148 4470 minas
2198 4411 2353 4467 ﬂocci
2415 4412 2616 4473 facitis,
2673 4411 3046 4480 experimento
3106 4411 3226 4477 ipso
3278 4421 3545 4475 agnosce-

1970 4510 2041 4561 tis
2066 4505 2479 4576 praedictionum
2508 4504 2826 4567 veritatem;
2853 4501 3143 4571 abigemini
3168 4500 3310 4553 enim
3341 4495 3540 4565 captivi

1971 4608 2162 4647 omnes
2199 4592 2300 4649 sub
2347 4591 2684 4661 principibus
2716 4603 2909 4657 magna
2947 4596 3214 4657 poteState
3264 4584 3539 4653 prazditis;

1970 4701 2140 4755 quare
2169 4685 2348 4740 omnis
2392 4692 2574 4739 vester
2614 4691 2910 4753 apparatus
2954 4681 3185 4736 bellicus
3226 4692 3349 4732 cum
3385 4675 3545 4745 equis

1966 4792 2194 4845 prorsus
2227 4776 2535 4846 disperibit.
2564 4774 2695 4827 Nam
2733 4773 2862 4843 quia
2909 4781 3147 4828 vestram
3187 4783 3401 4823 onmem
3443 4781 3541 4819 nee

1966 4868 2192 4937 quitiam
2244 4868 2591 4921 abominatur
2643 4864 2807 4930 Deus,
2860 4879 3021 4935 quam
3074 4863 3128 4916 in
3173 4862 3294 4928 ejus
3349 4865 3544 4912 contu-

1968 4957 2181 5009 meliam
2223 4971 2606 5011 consunnnare
2658 4972 2766 5009 non
2816 4955 3101 5016 dubitatis,
3161 4953 3233 5005 ita
3276 4960 3334 5004 ut
3380 4950 3544 5004 urbes

1968 5062 2120 5116 aeque
2145 5063 2207 5101 ac
2240 5049 2489 5117 regiones
2519 5047 2819 5100 sceleribus
2856 5046 2939 5100 his
2967 5044 3295 5105 redundent,
3350 5040 3543 5093 merito

1978 5139 2141 5192 urbes
2169 5148 2378 5193 vestras
2419 5153 2611 5191 onmes
2645 5151 2708 5188 ac
2759 5135 3008 5201 regiones
3048 5147 3170 5184 cum
3223 5129 3416 5183 incolis
3450 5144 3543 5181 va-

1978 5228 2165 5283 stabit.
2219 5227 2419 5282 Deinde
2448 5228 2517 5281 ob
2546 5226 2938 5281 ostendendam
2974 5222 3288 5277 solitudinis
3335 5221 3543 5289 magni-

1979 5317 2217 5370 ludiuctn
2249 5317 2357 5369 ait:

300 5398 391 5463 τὰς
418 5402 597 5473 χώρας
620 5406 722 5474 τῆς
755 5404 1018 5467 ἀσεϐείας
1048 5403 1439 5472 πεπληρῶσθαι
1463 5405 1684 5477 ταύτης,
1727 5408 1946 5468 εἰκότως
1980 5407 2192 5468 ἁπάσας
2227 5405 2378 5475 ὑμῶν
2411 5405 2504 5456 σὺν
2543 5405 2662 5464 ταῖς
2690 5400 2894 5471 χώραις
2926 5400 3024 5463 τὰς
3052 5399 3236 5463 πόλεις
3267 5398 3405 5470 μετὰ
3433 5399 3541 5454 τῶν

300 5487 578 5544 οίκούντων
607 5493 863 5561 ἀφανιεί·
908 5486 1031 5544 εἶτα
1056 5490 1134 5550 εἰς
1160 5488 1432 5553 ἀπόδειξιν
1460 5492 1552 5544 τοῦ
1578 5492 1835 5562 μεγέθους
1862 5494 1960 5563 τῆς
1988 5493 2315 5565 ἐρημώσεως
2339 5493 2484 5557 λέγει
2505 5506 2518 5520 ο

366 5583 503 5655 Στέχ.
537 5584 605 5653 θ’,
641 5584 691 5639 ι’.
737 5614 809 5627 -
847 5603 866 5635 ι
893 5585 1008 5638 Καὶ
1038 5583 1190 5637 ἔσται
1219 5584 1311 5637 ἐὰν
1342 5583 1706 5653 ἀπολειφθῶσι
1740 5588 1869 5639 δέκα

299 5669 471 5744 ἄνδρες
505 5681 564 5731 ἐν
594 5677 745 5747 οἰκίᾳ
780 5676 920 5746 μιᾷ,
961 5673 1385 5728 ἀποθανοῦνται·
1428 5676 1516 5725 κ;.“ι
1550 5677 1871 5747 ὑπολειφθή-

2053 5588 2212 5641 Vens.
2251 5589 2302 5647 9,
2347 5587 2430 5638 l0.
2472 5616 2533 5624 —
2567 5604 2585 5637 ι
2629 5584 2693 5639 Et
2728 5585 2850 5649 erit,
2889 5591 2934 5645 si
2967 5585 3326 5640 remanserint
3357 5584 3541 5638 decem

1982 5681 2078 5732 viri
2100 5681 2149 5732 in
2172 5696 2273 5731 una
2299 5680 2478 5744 domo,
2509 5677 2841 5743 morientur;
2868 5688 2917 5731 et
2940 5679 3293 5743 remanebunt
3318 5676 3538 5742 reliqui;
