3966 6134
466 285 574 339 233

1662 290 2011 348 THEODORI
2050 289 2530 349 MUPSUESTENI

3620 299 3724 358 234

465 414 523 462 et
551 410 771 461 sument
799 403 1087 460 domestici
1114 417 1302 459 eorum
1330 421 1345 470 ;
1381 411 1437 460 et
1467 407 1822 464 conabuntur
1854 408 2047 465 efferre

2155 430 2331 466 σονται
2361 413 2410 464 οἱ
2441 410 2776 476 κατάλοιποι,
2812 412 2906 465 καὶ
2937 412 3201 483 λήψονται,
3223 417 3270 467 oi
3303 414 3493 469 οἰκεῖοι
3522 415 3720 473 αὐτῶν·

470 501 634 555 domo
660 513 786 555 ossa
818 513 1043 563 eorum;
1077 507 1132 551 et
1161 495 1304 549 dicet
1328 496 1396 551 iis
1432 497 1525 567 qui
1556 504 1799 567 praeSunt
1824 501 2045 559 domui:

466 589 607 645 Num
640 591 819 645 adhuc
846 587 989 659 apud
1018 596 1072 641 te
1102 585 1228 641 est?
1256 585 1320 639 Et
1350 587 1495 643 dicet
1523 607 1537 643 :
1566 588 1943 661 Nequaquam.
1977 592 2044 646 Et

467 683 656 738 dicet:
720 679 880 743 Tace,
930 688 987 733 ut
1037 694 1148 733 non
1195 678 1448 736 nomines
1498 697 1697 737 nomen
1743 682 1982 740 Domini.
2022 704 2041 737 ι

469 772 717 829 Profecto
743 771 829 825 his
855 771 1021 827 dictis
1061 771 1205 826 inest
1232 772 1544 829 obscuritas
1572 776 1740 828 multa
1774 778 1840 830 ad
1867 777 2048 847 expla-

468 864 743 931 nandum;
777 863 1098 934 videturque
1124 864 1276 920 locus
1300 865 1496 920 similis
1546 865 1622 919 illi
1657 867 1711 922 in
1752 866 1949 924 Genesi
1978 869 2048 937 “,

468 958 561 1012 ubi
582 957 649 1010 de
681 956 1049 1011 conventione
1079 972 1259 1013 sermo
1289 965 1372 1013 est
1402 957 1606 1014 Labani
1632 968 1684 1013 et
1707 960 1892 1016 Jacobi
1910 962 2053 1017 inter

465 1066 545 1117 sc,
577 1050 724 1104 circa
749 1051 931 1103 ovium
949 1059 1161 1120 partus,
1192 1057 1344 1106 utros
1374 1050 1568 1105 horum
1600 1052 1687 1106 hic
1713 1054 1797 1108 vel
1827 1055 1920 1108 ille
1950 1055 2046 1109 ha-

466 1142 653 1207 beret;
683 1156 807 1194 nam
841 1149 992 1195 certe
1037 1148 1091 1195 et
1127 1141 1259 1195 illud
1296 1141 1512 1195 laborat
1555 1142 1613 1197 in
1639 1144 1821 1200 verbis
1856 1145 2053 1201 obscu-

480 1235 665 1298 ritate,
706 1248 807 1288 nec
842 1231 950 1288 nisi
987 1231 1418 1301 interpretando,
1452 1249 1651 1291 sensus
1679 1236 1800 1305 ejus
1828 1234 2053 1291 deduci-

469 1333 563 1377 tur
590 1321 658 1376 ad
687 1323 1017 1377 claritatem.
1051 1320 1276 1392 Oportet
1310 1333 1490 1378 autem
1521 1333 1575 1377 et
1601 1325 1890 1394 praesentis
1918 1324 2052 1379 dicti

470 1430 692 1471 sensum
744 1427 1037 1484 exponere,
1081 1413 1316 1468 obscura
1366 1413 1611 1470 dictione
1654 1415 1815 1471 nobis
1845 1415 2051 1470 recita-

468 1514 603 1560 tum.
637 1505 904 1559 Nimirum
936 1505 1051 1559 hzec
1081 1505 1156 1559 ait
1190 1504 1474 1574 propheta,
1509 1505 1821 1576 signiﬁcare
1859 1505 2052 1561 volens

468 1595 758 1650 maximam
809 1593 926 1649 fore
967 1594 1299 1649 vastitatem.
1348 1593 1484 1649 Nam
1533 1610 1696 1665 saepe,
1741 1595 1943 1666 inquit,
1995 1597 2051 1650 in

469 1686 646 1757 ampla
685 1701 749 1741 ac
773 1700 1067 1742 numerosa
1094 1683 1303 1740 familia
1334 1686 1417 1740 vix
1461 1686 1651 1742 decem
1687 1688 2054 1743 remanebunt

2152 503 2248 555 καὶ
2280 501 2653 573 παραϐιῶνται
2696 500 2791 555 τοῦ
2836 503 3140 570 ἐξενεγκεῖν
3186 502 3254 557 τὰ
3293 505 3428 558 ὀστᾶ
3453 505 3634 561 αὐτῶν
3662 511 3726 563 ἐκ

2150 590 2243 643 τοῦ
2276 593 2426 644 οἴκου
2447 608 2461 622 ·
2506 591 2601 645 καὶ
2633 592 2751 661 ἐρεῖ
2776 594 2887 655 τοῖς
2915 590 3389 663 προεστηκόσιτοῦ
3410 597 3562 650 οῖκου
3589 615 3605 631 ·
3662 601 3726 654 Εἰ

2151 681 2231 734 ἐτι
2258 683 2494 752 ὑπάρχει
2524 681 2674 753 παρά
2701 683 2784 735 σοί
2810 699 2824 713 ο
2872 684 2966 737 καὶ
2990 685 3137 755 ἐρεῖ·
3171 686 3370 740 Οὐκέτι
3395 703 3410 718 ⁸
3453 689 3546 742 καὶ
3572 692 3722 760 ἐρεῖ·

2152 773 2287 842 Σίγα
2317 791 2332 805 ·
2393 773 2581 827 ἕνεκεν
2616 772 2712 827 τοῦ
2748 773 2823 845 μὴ
2849 774 3115 846 ὀνομάσαι
3153 777 3212 831 τὸ
3238 777 3410 848 ὄνομα
3442 781 3669 852 Κυρίου.
3701 801 3720 834 ι

2154 864 2377 938 (μΊΒἹ)
2426 866 2582 918 Ἐστι
2619 865 2718 937 μὲν
2744 868 2807 919 ἐκ
2835 867 2935 935 τῆς
2964 868 3260 938 ἑρμηνείας
3295 870 3529 940 ἀσάφεια
3558 873 3729 946 πολλὴ

2153 957 2616 1028 συμπεπλεγμένη
2643 957 2720 1028 τῷ
2754 957 2935 1029 ῥητῷ·
2972 960 3066 1012 καὶ
3091 961 3351 1032 παρέοικέ
3379 979 3438 1015 τε
3467 963 3545 1034 τῷ
3575 966 3634 1019 ἐν
3660 969 3728 1037 τῇ

2152 1048 2348 1112 κτίσει,
2378 1047 2507 1100 ἔνθα
2536 1048 2665 1119 περί
2692 1049 2800 1100 τῶν
2828 1048 3114 1120 συνθηκῶν
3154 1050 3322 1118 λέγει,
3359 1051 3427 1116 ἀς
3459 1053 3649 1107 Λάϐαν
3668 1072 3729 1108 τε

2154 1140 2248 1192 καλ⁹
2291 1137 2484 1192 Ἰακὼϐ
2517 1140 2843 1209 ἐποιήσαντο
2891 1140 3026 1211 πρὸς
3052 1140 3334 1211 ἀλλήλους,
3382 1144 3476 1197 ἐπὶ
3512 1142 3591 1214 τῷ
3622 1144 3731 1198 τῶν

2153 1231 2436 1303 προϐάτων
2462 1231 2532 1285 τὰ
2559 1232 2870 1302 τικτόμενα,
2893 1233 2962 1286 τά
2988 1233 3085 1302 μὲν
3118 1233 3328 1299 τοῦτον,
3354 1234 3423 1288 τά
3451 1235 3497 1288 δ’
3524 1237 3732 1289 ἐκεῖνον

2159 1323 2325 1394 ἔχειν·
2357 1325 2480 1378 ἐπεὶ⁸
2509 1325 2726 1378 κάκεῖνο
2753 1323 2962 1391 ἀσαφὲς
2990 1326 3088 1396 μέν
3113 1325 3260 1379 ἐστιν
3301 1327 3359 1379 ἐν
3387 1329 3452 1396 τῇ
3482 1324 3626 1391 λέξει
3652 1345 3666 1358 ·
3704 1329 3734 1381 ό

2150 1413 2209 1467 δὲ
2239 1413 2363 1478 νοῦς
2397 1415 2489 1468 ἐπὶ
2517 1415 2614 1487 τῆς
2662 1415 2956 1487 ἑρμηνείας
2996 1416 3211 1486 δέχεται
3254 1416 3355 1488 τὴν
3393 1419 3692 1487 σαφήνειαν
3717 1435 3729 1447 ·

2152 1503 2366 1574 ἀνάγκη
2412 1504 2469 1558 δὲ
2516 1506 2611 1559 καὶ
2661 1504 2850 1560 τούτου
2894 1506 2986 1559 τὸν
3035 1506 3158 1561 νοῦν
3192 1506 3465 1571 ἐκθεῖναι,
3507 1508 3735 1578 ἀσαφῶς

2155 1595 2484 1667 δηλούμενον
2519 1599 2577 1651 ἐν
2602 1600 2667 1669 τῇ
2706 1597 2850 1663 λέξει
2878 1615 2892 1630 ·
2941 1597 3188 1669 βούλεται
3211 1599 3319 1670 γὰρ
3352 1601 3432 1664 εἰς
3462 1600 3735 1668 ἀπόδειξιν

2155 1689 2253 1756 τῆς
2279 1686 2734 1759 καταληψομένης
2762 1690 2960 1753 αὐτοὺς
2997 1690 3233 1761 ἐρημίας
3271 1691 3347 1754 ὡς
3392 1692 3534 1759 ἄγαν
3563 1690 3736 1761 οὔσης

468 1754 741 1845 homines,
772 1780 985 1835 caeteris
1016 1778 1146 1833 belli
1172 1778 1527 1832 multifariam
1562 1778 1887 1845 interfectis,
1914 1794 2051 1848 quo-

2161 1754 2424 1849 μεγίστης
2442 1754 2600 1834 τούτο
2621 1754 2817 1845 εἰπεῖν,
2844 1783 2926 1834 ὅτι
2947 1754 3233 1847 Πολλάκις,
3262 1754 3452 1853 φησὶν,
3472 1784 3530 1849 ἐξ
3555 1754 3736 1846 οἰκίας

473 1872 637 1927 modo
687 1883 741 1927 et
780 1872 835 1926 in
875 1870 1256 1941 superioribus
1301 1870 1458 1936 dixit,
1482 1869 1550 1925 de
1588 1879 1807 1926 centum
1867 1871 2054 1926 decem

470 1963 898 2034 superfuturas;
942 1971 995 2017 et
1030 1962 1098 2017 de
1124 1962 1294 2026 mille,
1334 1971 1576 2017 centum.
1612 1961 1752 2017 Tum
1798 1963 2052 2027 mortuis,

470 2054 679 2124 inquit,
710 2052 947 2117 caeteris,
979 2052 1014 2107 ii
1041 2052 1135 2122 qui
1172 2051 1567 2123 superfuerint,
1586 2054 1831 2110 sedulam
1849 2053 2057 2109 dabunt

469 2159 693 2216 operam
723 2151 783 2198 ut
816 2143 999 2199 omnia
1031 2146 1435 2200 exstinctorum
1477 2159 1709 2215 corpora
1757 2161 1879 2216 qua:
1907 2145 2062 2202 intus.

466 2232 675 2302 jacent,
725 2231 953 2287 efferant
997 2248 1059 2286 ac
1095 2234 1390 2302 sepultura:
1430 2235 1669 2289 tradant.
1717 2234 1832 2290 Hoc
1872 2244 2053 2290 autem

472 2326 569 2388 ail,
611 2327 737 2395 quia
770 2325 1107 2379 multimodis
1151 2325 1310 2398 124
1358 2327 1413 2381 in
1460 2328 1601 2382 bello
1647 2339 1859 2399 Strages
1893 2329 2048 2393 fiunt,

470 2428 524 2472 ct
572 2418 713 2472 varie
748 2418 918 2472 occisi
951 2419 1003 2472 ill
1036 2419 1271 2472 diversis
1315 2419 1513 2473 mdium
1547 2421 1794 2489 partibus
1824 2421 2010 2489 iacent
2039 2439 2053 2476 :

471 2506 782 2578 acciditque
832 2509 1129 2574 interdum,
1191 2519 1249 2564 ut
1297 2510 1402 2565 hoc
1455 2526 1638 2565 rerum
1691 2519 1832 2566 statu
1874 2522 2057 2583 partes

470 2616 692 2671 quoque
722 2603 918 2657 aedium
944 2603 1221 2658 nonnullae
1254 2604 1637 2658 convellantur
1662 2615 1715 2660 et
1748 2606 1802 2659 in
1827 2621 2057 2675 corpora

472 2693 755 2749 decidant.
788 2693 913 2750 ldeo
940 2694 1125 2760 etiam,
1167 2705 1459 2758 conantur,
1495 2694 1671 2757 dixit;
1701 2704 1760 2750 ut
1787 2696 2056 2766 signiﬁcet

469 2784 805 2841 laboriosum
869 2802 970 2842 nec
1022 2787 1182 2841 facile
1226 2789 1428 2842 habere
1472 2789 1754 2858 negotium
1805 2803 1900 2844 eos
1958 2789 2055 2858 qui

470 2877 736 2933 cadavera
805 2879 990 2932 omnia
1056 2879 1319 2934 mandare
1385 2881 1681 2949 sepulturae
1722 2881 2047 2937 .voluerint.

470 2967 674 3024 Deinde
713 2972 831 3024 ait:
886 2969 1210 3024 lassitudine
1248 2969 1486 3025 confecti
1542 2972 1611 3026 ob
1649 2971 1918 3027 elatorunl
1965 2987 2057 3025 ca-

469 3060 732 3118 daverum
759 3060 1186 3125 multitudinem,
1218 3061 1379 3116 verba
1405 3062 1652 3131 quaidaln
1684 3064 1905 3127 facient,
1938 3080 2055 3117 mn-
2085 3084 2129 3143 ο

472 3157 569 3205 tuo
601 3152 959 3215 altercantes,
991 3168 1119 3204 num
1150 3154 1337 3206 omnia
1364 3161 1649 3222 exportata
1672 3154 1784 3208 sint
1806 3169 2054 3224 corpora,

473 3256 544 3294 an
575 3240 757 3295 adhuc
797 3242 983 3311 aliqua
1015 3241 1289 3311 insepulta
1316 3242 1573 3312 jaceant;
1611 3252 1667 3298 et
1705 3243 1923 3314 quidem
1955 3243 2054 3297 do-

469 3333 582 3386 mui
615 3333 973 3401 prmsidenlcs
1015 3332 1240 3388 denotat
1269 3333 1391 3389 illos
1420 3333 1512 3403 qui
1547 3350 1612 3389 ex
1659 3336 1919 3389 universo
1955 3350 2058 3387 nu-

471 3439 646 3487 mero,
686 3423 874 3478 decem
909 3435 1286 3480 remanserant
1312 3445 1325 3481 :
1354 3426 1511 3496 quasi
1545 3441 1677 3504 ergo
1713 3425 1918 3481 mutuis
1943 3443 2058 3482 ser—

473 3515 730 3569 monibus
770 3514 845 3569 ita
891 3515 1179 3584 loquentes
1223 3516 1552 3571 introducit.
1598 3516 1896 3585 Postquam
1929 3532 2058 3571 vero

471 3616 670 3664 cuncta
702 3605 897 3663 cﬂ‘erre
927 3615 982 3662 et
1019 3609 1255 3678 sepelire
1297 3609 1567 3663 cadavera
1609 3609 1908 3679 potuerint,
1942 3616 2055 3664 tum

472 3698 690 3755 demum
719 3699 929 3753 nullum
966 3699 1080 3768 jam
1108 3714 1394 3756 remanere
1427 3700 1495 3756 de
1529 3702 1818 3758 exstinctis
1855 3717 2060 3772 cogno—

471 3795 649 3853 scent,
696 3789 824 3844 dum
872 3790 1041 3845 altum
1088 3791 1285 3846 aedium
1325 3793 1607 3847 silentium
1658 3793 1940 3854 videbunt.
1986 3794 2058 3850 ob

474 3881 787 3936 occisorum
828 3883 1235 3939 multitudinem
1264 3892 1319 3939 et
1361 3884 1757 3953 inquilinorum
1807 3885 2058 3941 solitudi-

470 3987 620 4040 nem,
652 3974 842 4043 paucis
873 3974 1170 4029 admodum
1199 3975 1406 4030 relictis
1436 3976 1493 4029 in
1529 3983 1638 4029 tam
1669 3989 1864 4044 magna
1892 3973 2058 4029 domo

470 4071 733 4136 tantoque
763 4066 1128 4121 habitantium
1166 4080 1418 4122 numero.
1469 4065 1653 4131 Quare
1690 4065 1951 4119 taciturni
2000 4063 2056 4118 in

472 4157 677 4212 talibus
703 4158 980 4227 tantisque
1008 4157 1169 4213 malis
1196 4156 1359 4222 ﬂent;
1385 4169 1451 4210 ac
1481 4170 1650 4226 pmpe
1677 4156 1877 4210 amissa
1900 4169 2055 4217 voce,

472 4258 695 4318 propter
729 4265 986 4306 utrumme
1032 4265 1301 4306 summam
1334 4249 1681 4322 gravitatem,
1724 4257 1906 4303 mente
1941 4257 2056 4301 tum

470 4339 779 4403 revolvent,
825 4355 1077 4410 quaenam
1118 4353 1228 4396 tam
1273 4342 1516 4395 dirorum
1570 4339 1839 4393 malorum
1886 4332 2053 4392 causa

2159 1869 2420 1940 μεγίστης
2442 1871 2867 1942 πολυανθρώπου
2893 1874 3050 1944 μόγις
3071 1873 3558 1945 ὑπολειφθὴσονται
3578 1874 3734 1939 δέκα,

2156 1960 2264 2013 τῶν
2304 1961 2506 2015 λοιπῶν
2549 1964 2942 2034 ἀναιρεθέντων
2981 1967 3038 2019 ἐν
3076 1964 3155 2036 τῷ
3184 1965 3403 2035 πολέμῳ
3435 1966 3696 2029 ποικίλως
3720 1984 3733 1997 ·

2157 2048 2264 2107 οἷόν
2295 2071 2347 2107 τι
2374 2055 2467 2108 καὶ
2500 2056 2556 2108 ἐν
2591 2058 2702 2118 τοῖς
2738 2056 3032 2127 ἀνωτέροις
3063 2057 3246 2127 φησὶν,
3288 2057 3370 2109 ὅτι
3405 2058 3469 2110 ἐκ
3501 2057 3605 2127 μὲν
3633 2056 3740 2110 τῶν

2156 2146 2371 2209 ἑκατὸν,
2414 2146 2547 2201 δέκα
2597 2147 2849 2218 μενοῦσιν
2874 2164 2886 2178 ο
2941 2149 3133 2202 ἐκατὸν
3168 2148 3245 2210 δὲ,
3296 2150 3361 2201 ἐκ
3390 2148 3500 2201 τῶν
3524 2148 3736 2219 χιλίων.

2150 2232 2311 2300 Εἶτα,
2343 2236 2529 2307 φησιν,
2557 2236 2935 2291 ἀποθανόντων
2962 2236 3029 2291 τά
3057 2236 3287 2307 σώματα
3308 2238 3402 2290 καὶ
3432 2237 3580 2290 ἔνδον
3627 2255 3738 2290 κειο

2160 2329 2334 2399 μένων
2364 2329 2667 2398 ἐξενεγκεῖν
2715 2346 2774 2381 τε
2822 2331 2914 2382 καὶ
2965 2327 3299 2400 παραδοῦναι
3341 2330 3526 2400 ταφῇ·
3580 2327 3742 2381 τοῦτο

2156 2421 2212 2474 δὲ
2239 2421 2385 2489 λέγει
2414 2421 2489 2485 ὠς
2522 2421 2615 2474 καὶ
2652 2420 2745 2474 τοῦ
2778 2419 3015 2491 πολέμου
3052 2419 3427 2489 πολυτρόπους
3454 2418 3742 2482 ποιοῦντος

2156 2511 2254 2575 τάς
2282 2511 2650 2581 σφαγὰς,,καὶ
2678 2510 2788 2564 τῶν
2815 2510 3222 2582 ἀναιρουμένων
3248 2509 3507 2573 ποικίλως
3537 2510 3603 2563 ἐν
3629 2511 3744 2563 δια-

2158 2604 2342 2674 φόροις
2365 2603 2555 2673 μέρεσι
2579 2603 2678 2672 τῆς
2739 2601 2915 2663 οἰκίας
2937 2600 3221 2670 κειμένων·
3252 2601 3326 2665 ὡς
3352 2604 3410 2654 ἐν
3438 2601 3673 2674 τοιαύτῃ
3690 2602 3744 2655 δέ

2159 2694 2492 2747 καταστάσει
2542 2694 2637 2747 καί
2672 2711 2835 2747 τινων
2860 2692 2967 2747 τῶν
2995 2694 3096 2763 τῆς
3121 2693 3296 2756 οἰκίας
3338 2692 3519 2764 μερῶν
3569 2711 3747 2748 κατα-

2159 2786 2461 2856 σπωμένων
2487 2803 2550 2838 τε
2585 2786 2682 2839 καὶ
2721 2785 3030 2839 πιπτόντων
3057 2788 3169 2849 τοῖς
3201 2783 3419 2855 σώμασι
3438 2801 3453 2817 ·
3506 2785 3591 2855 (p.
3622 2785 3742 2845 188)

2156 2875 2236 2929 διὸ
2281 2876 2376 2929 καὶ
2406 2876 2486 2939 τὸ,
2523 2876 2945 2944 παραϐιῶνται,
2982 2870 3135 2929 εἶπεν
3156 2892 3170 2904 ·
3210 2875 3423 2938 δεικνὺς
3444 2877 3529 2929 ὅτι
3564 2892 3741 2948 παρα-

2158 2967 2512 3039 ϐεϐιασμένον
2560 2970 2653 3022 καὶ
2687 2970 2787 3022 οὐκ
2832 2967 3053 3021 εὔκολον
3100 2966 3437 3039 ἐπιχειροῦσι
3478 2969 3739 3038 πρᾶγμα,

2158 3060 2225 3112 τὰ
2277 3059 2504 3130 σώματα
2547 3061 2763 3115 ἅπαντα
2804 3059 3120 3130 βουλόμενοι
3167 3061 3311 3131 ταφῇ
3359 3059 3734 3131 παραδοῦναι·

2136 3149 2279 3225 εἶτά
2303 3168 2486 3224 φησιν·
2530 3151 2880 3216 Ἀπειπόντες
2910 3151 3049 3223 πρὸς
3088 3151 3149 3204 τὸ
3195 3149 3306 3227 τῶν
3349 3150 3740 3221 ἐξενεχθέντων

2158 3241 2363 3312 πλῆθος
2409 3241 2619 3314 νεκρῶν
2645 3279 2660 3305 ,
2713 3241 2903 3310 λόγους
2949 3242 3012 3312 δή
3053 3257 3203 3304 τινας
3235 3241 3562 3311 ποιήσονται
3608 3239 3740 3310 πρὸς

2157 3333 2420 3403 ἀλλήλους
2445 3331 2994 3403 διαμφισϐητοῦντες·
3040 3332 3150 3384 εἴτε
3180 3330 3290 3403 ἄρα
3344 3320 3526 3384 πάντα
3560 3329 3741 3399 ἐξενήο

2158 3422 2469 3491 νεγκταιτά
2499 3421 2747 3492 σώματα,
2778 3420 2888 3475 εῖτε
2920 3421 3014 3475 καὶ
3041 3419 3120 3474 ἔτι
3141 3421 3225 3491 εἴη
3255 3420 3484 3491 κείμενα
3518 3421 3701 3489 ἄταφα
3721 3435 3736 3450 ·

2158 3514 2562 3585 προεστηκότας
2584 3509 2693 3580 γὰρ
2734 3511 2834 3582 τῆς
2877 3510 3054 3575 οἰκίας
3100 3509 3298 3574 αὐτοὺς
3343 3510 3471 3575 τοὺς
3524 3510 3740 3564 ὑπολει-

2159 3603 2389 3673 φθέντας
2420 3602 2481 3668 ἐξ
2517 3602 2773 3658 ἁπάντων
2798 3601 2947 3672 λέγει
2971 3602 3098 3666 τοὺς
3134 3601 3285 3668 δέκα,
3318 3594 3431 3653 οἷον
3454 3601 3638 3654 εἰπεῖν
3665 3599 3741 3664 ὡς

2159 3692 2225 3746 ἂν
2251 3692 2389 3764 πρὸς
2419 3691 2681 3761 ἀλλήλους
2708 3692 2968 3763 ἐροῦντάς
2997 3708 3059 3744 τε
3089 3688 3502 3749 ταῦτα.Ἐπειδ’
3536 3690 3603 3743 ἂν
3630 3688 3737 3760 γὰρ

2157 3787 2338 3848 αὐτοῖς
2366 3784 2655 3855 ἐγγένηταί
2692 3778 2809 3848 πώς
2843 3783 3019 3838 πάντα
3045 3800 3107 3836 τε
3136 3780 3390 3836 ἐκϐαλεῖν
3431 3782 3535 3836 καὶ
3592 3783 3735 3851 ταφῇ

2158 3878 2491 3950 παραδοῦναι
2526 3878 2596 3930 τά
2622 3876 2871 3947 σώματα,
2911 3875 3210 3944 γνώσονται
3245 3876 3343 3946 μὲν
3366 3873 3557 3928 οὐκέτι
3582 3873 3741 3937 όντας

2157 3969 2401 4041 νεκρούς·
2430 3968 2664 4039 ὁρῶντες
2691 3967 2800 4038 γάρ
2824 3967 2924 4039 τὴν
2953 3967 3291 4037 κατέχουσαν
3312 3966 3407 4020 τὸν
3441 3962 3595 4020 οἶκον
3620 3966 3740 4035 ήσυ-
3830 3964 3843 3976 ’

2157 4061 2281 4132 χίαν
2312 4060 2376 4114 ἐκ
2407 4078 2468 4113 τε
2497 4060 2590 4113 τοῦ
2623 4058 2858 4130 πλήθους
2882 4059 2989 4113 τῶν
3015 4059 3370 4113 ἀπολωλότων
3392 4059 3488 4113 καὶ
3512 4058 3614 4129 τῆς
3632 4058 3738 4111 τῶν

2156 4152 2448 4207 οἰκούντων
2488 4151 2745 4222 ἐρημίας,
2778 4153 2917 4220 ἄγαν
2961 4150 3407 4220 ὑπολειφθέντων
3439 4149 3641 4219 ὀλίγων
3677 4149 3738 4214 ἐξ

2156 4243 2331 4307 οἰκίας
2372 4259 2433 4295 τε
2463 4240 2730 4313 τοσαύτης
2760 4243 2854 4294 καὶ
2891 4241 3129 4312 πλήθους
3163 4241 3273 4294 τῶν
3316 4241 3611 4294 οἰκούντων
3641 4240 3737 4293 αύ-

2157 4339 2257 4407 τὴν
2281 4354 2293 4366 ·
2327 4337 2508 4407 σιωπῇ
2541 4335 2599 4388 δέ
2631 4351 2736 4387 τινι
2765 4334 3193 4404 κατασχεθέντες
3220 4333 3314 4386 ἐπὶ
3337 4331 3614 4395 τοσούτοις
3641 4330 3735 4385 καὶ

468 4431 800 4487 exstiterit:
855 4432 1001 4503 quod
1051 4450 1281 4507 nempe,
1336 4434 1521 4490 divino
1565 4433 1717 4489 cultu
1773 4432 2047 4502 neglecto,

2155 4428 2494 4500 τηλικούτοις
2535 4427 2784 4495 γεγονόσι
2814 4427 3036 4488 κακοῖς·
3068 4425 3160 4478 καὶ
3195 4423 3357 4494 μόνον
3385 4423 3488 4477 οὐκ
3521 4420 3735 4492 ἀφωνία

467 4533 891 4597 contempmque
924 4529 1253 4584 universalis
1285 4530 1501 4586 Domini
1535 4528 1772 4590 nomine,
1809 4526 1968 4581 idolis
1985 4541 2046 4581 se

467 4617 799 4686 addixerint,
842 4620 1050 4677 idcirco
1083 4622 1200 4677 haec
1242 4622 1343 4677 sibi
1382 4622 1634 4676 evenisse
1675 4619 1839 4682 mala,
1871 4617 2046 4688 capti-

469 4710 710 4776 vitatem,
752 4712 952 4767 indium
991 4713 1233 4777 ruinam,
1286 4713 1696 4767 interfectorum
1747 4710 2049 4765 multitudi-

464 4815 613 4868 nem,
646 4802 1013 4856 habitantium
1045 4804 1424 4860 solitudinem.
1457 4800 1621 4855 Addit
1642 4815 1772 4871 ergo
1797 4800 1951 4871 quasi
1976 4800 2045 4856 ad

464 4893 738 4949 dictorum
778 4895 1251 4950 confirmationem
1283 4910 1300 4949 :

2151 4519 2445 4591 ληφθέντες
2469 4517 2559 4570 διά
2581 4517 2679 4586 τὴν
2721 4515 2828 4569 τῶν
2854 4514 3257 4587 ἐπεληλυθότων
3281 4515 3470 4567 κακῶν
3501 4514 3736 4583 ὑπερϐο-

2152 4612 2269 4685 λὴν,
2310 4608 2718 4678 ἀναλογιῶνται
2749 4606 2871 4657 τότε
2900 4604 2965 4676 δὴ
2994 4604 3101 4657 τῶν
3132 4605 3432 4673 γεγονότων
3462 4603 3734 4657 τοσούτων

2152 4705 2246 4758 καὶ
2268 4698 2601 4771 τηλικούτων
2620 4696 2806 4750 κακῶν
2835 4696 2932 4765 τὴν
2958 4694 3157 4748 αἰτίαν·
3183 4694 3277 4747 καὶ
3299 4694 3380 4747 ὅτι
3407 4693 3550 4764 ὑπὲρ
3572 4686 3647 4745 ὧν
3667 4691 3733 4744 δι’

2152 4795 2411 4866 ἀμελείας
2436 4792 2592 4862 ἔσχον
2618 4788 2715 4860 τὴν
2739 4787 2831 4840 τοῦ
2857 4786 3012 4840 Θείου
3039 4785 3352 4858 θεραπείαν,
3379 4781 3734 4854 ἀπωσάμενοι

2152 4905 2210 4941 τε
2241 4888 2340 4956 τὴν
2371 4881 2666 4953 ὀνομασίαν
2709 4880 2804 4932 τοῦ
2850 4880 3066 4933 πάντων
3099 4878 3327 4948 Κυρίου,
3365 4875 3733 4947 προσανέσχον

464 4991 723 5056 εἰδώλοις,
760 4991 838 5061 (p.
874 4990 997 5059 189)
1023 4990 1195 5042 ταῦτα
1222 4988 1286 5059 δὴ
1326 4988 1510 5051 αὐτοῖς
1547 4987 1841 5057 ἐπελήλυθε
1882 4986 1951 5039 τὰ
1993 4985 2159 5048 κακά,
2194 4977 2541 5053 αἰχμαλωσία
2570 4992 2653 5041 τε,
2686 4975 2779 5057 καί
2804 4973 2966 5025 οἴκων
2997 4972 3371 5037 κατάπτωσις,
3405 4968 3500 5020 καὶ
3531 4965 3730 5036 πλῆθος

464 5082 881 5155 ἀναιρεθέντων,
915 5082 1008 5136 καὶ
1034 5080 1327 5139 οἰκούντων
1359 5080 1581 5153 ἐρημία·
1610 5081 1804 5150 ἐπάγει
1831 5079 1962 5149 γοῦν
1990 5079 2177 5151 ὥσπερ
2210 5077 2287 5138 εἰς
2320 5072 2607 5144 βεϐαίωσιν
2636 5069 2745 5122 τῶν
2771 5064 3095 5137 εἰρημένων·

539 5259 703 5316 Vsus.
732 5261 915 5316 11-15.
939 5291 1011 5302 -
1039 5278 1060 5313 ι
1094 5261 1222 5316 Ideo
1249 5275 1378 5316 ecce
1409 5259 1670 5317 Dominus
1699 5261 1940 5324 mandat,
1987 5269 2043 5314 et

468 5352 736 5421 percutiet
783 5353 1005 5407 domum
1041 5368 1293 5423 magnam
1340 5354 1534 5413 ruinis.
1570 5361 1625 5407 et
1668 5352 1886 5406 domum
1919 5365 2041 5419 par-

470 5456 589 5495 vam
622 5442 1005 5500 scissionibus.
1048 5463 1068 5498 ι
1096 5444 1264 5510 Quasi
1290 5458 1515 5499 causam
1545 5444 1756 5507 dicens,
1788 5459 1886 5496 cur
1925 5451 2043 5495 tan-

471 5535 560 5585 tus
583 5527 803 5584 futurus
841 5530 913 5585 sit
950 5532 1106 5587 labor
1130 5540 1474 5589 mortuorum
1519 5548 1750 5603 corpora
1786 5531 2042 5586 cﬂ‘ereudi

536 5737 581 5770 “
636 5734 774 5791 Gell.
835 5740 961 5801 χιι,
1002 5736 1091 5793 21.

2219 5257 2368 5327 Στίχ.
2417 5258 2596 5320 ια’-ιγ’.
2650 5279 2717 5290 -
2771 5246 2954 5300 «Διότι
2996 5245 3106 5298 ἰδοὺ
3146 5244 3350 5315 Κύριος
3394 5236 3715 5294 ἐντέλλεται

2150 5350 2242 5403 καὶ
2286 5344 2520 5410 πατάξει
2547 5342 2639 5395 τὸν
2682 5334 2830 5392 οἶκον
2861 5337 2956 5390 τὸν
2988 5336 3160 5408 μέγαν
3194 5335 3496 5404 θλάσμασι,
3528 5328 3623 5382 καὶ
3651 5327 3719 5379 «ιδ’

2149 5437 2298 5493 οἰκον
2321 5438 2412 5490 τὸν
2448 5432 2641 5505 μικρὸν
2673 5431 2998 5501 ρήγμασιν.»
3044 5428 3133 5491 Ὠς
3165 5426 3274 5497 γὰρ
3305 5424 3401 5494 τὴν
3436 5422 3623 5474 αἰτίαν
3650 5415 3719 5468 λέ-

2154 5548 2285 5598 γων,
2318 5528 2383 5582 δι’
2412 5527 2479 5597 ἢν
2512 5522 2765 5585 τοσοῦτος
2790 5519 2942 5573 ἔσται
2968 5518 3129 5581 πόνος
3152 5517 3244 5571 τοῦ
3274 5515 3339 5570 τά
3370 5511 3603 5583 σώματα
3623 5506 3730 5560 τῶν
