3966 6134
298 259 418 316 385

1349 280 1891 344 COMMENTARIUS
1924 289 1989 345 IN
2029 292 2232 349 ΛΜΟΞΙ
2262 294 2412 351 ειν.
2472 297 2556 353 Vl.

3431 306 3535 360 28’)

303 379 680 491 ὰπρθανόντων
702 385 1058 491 ἐξενεχθέντα
1093 396 1457 468 παραδοθῆναι
1483 407 1646 475 ταφῇ,
1678 408 1844 480 Προσέ

1977 428 2042 467 ac
2079 415 2371 483 sepulturae
2401 416 2670 480 tradendi,
2700 425 2983 487 propterea
3015 418 3179 482 Deus,
3212 421 3411 491 in1uit,
3442 424 3536 478 do-

301 470 455 567 rsis,
485 474 666 567 φησὶν,
750 476 909 541 Θεὸς,
940 482 1034 534 καὶ
1055 481 1140 536 διὰ
1167 485 1323 540 τοῦτο
1338 490 1515 546 πάντα
1531 470 1676 548 οίκον
1701 470 1872 567 μέγαν

301 578 364 659 is
396 560 792 659 [καὶ]ᾳι.ιικρξὲ›ν,⁸
826 569 924 659 τὸν
973 572 1069 640 μὲν
1103 581 1354 645 μερικαῖς
1392 560 1713 653 παραδώσει.
1744 560 1870 659 βλά-

300 649 444 711 ϐαις·
475 651 632 705 τοῦτο
652 655 757 726 γὰρ
778 656 949 726 λέγει.
970 661 1256 731 mimae?
1286 668 1378 721 τὸν
1407 649 1596 738 δὲ-τοῖς
1620 649 1865 731 καθόλου·

298 740 364 836 τὸ
388 741 518 836 γαρ,
547 744 878 815 θλάσμασι,
911 753 1067 807 τοῦτο
1096 754 1263 827 δηλοῖ·
1293 761 1353 812 οὐ
1386 762 1494 835 γὰρ
1520 765 1674 820 τοῦτο
1697 767 1865 836 λέγει,

302 832 381 883 ὅτι
406 832 503 929 τὸν
538 836 639 905 μὲν
664 839 838 929 μέγαν
870 842 1160 915 θλάσμασι,
1195 851 1285 904 τὸν
1318 852 1377 905 δέ
1404 832 1596 927 μικρὸν
1624 832 1864 929 ῥήγμασι

302 925 592 1023 πατάσσει·
625 928 741 1023 ἀλλ’
766 931 849 1023 δτι
875 933 998 988 οὔτε
1033 938 1205 1007 μέγας
1232 938 1378 1006 οἶκος
1405 925 1746 1013 διαφεύξεται
1768 952 1865 1023 τὴν

301 1016 593 1112 τιμωρίαν,
622 1018 744 1072 οὔτε
773 1021 1007 1093 βραχύς·
1035 1026 1304 1102 διαφόρως
1334 1033 1411 1099 δὲ,
1455 1037 1503 1088 oi
1533 1038 1631 1107 μὲν
1666 1042 1730 1093 ἐκ
1768 1016 1839 1112 μέ

302 1120 428 1173 ρους
459 1107 712 1200 δέξονται
734 1112 831 1183 τὴν
860 1115 1081 1188 βλάϐην,
1104 1122 1152 1173 οί
1174 1122 1230 1175 δὲ
1259 1123 1352 1177 καὶ
1384 1107 1861 1200 κατενεχθήσονται

299 1197 581 1292 παντελῶς
604 1217 619 1231 ο
655 1196 742 1254 οἷα
771 1203 835 1275 δὴ
873 1207 1117 1275 γίνεσθαι
1149 1212 1392 1281 πέφυκεν
1428 1218 1488 1270 ἐν
1517 1196 1735 1292 πολέμῳ
1768 1223 1863 1277 καὶ

299 1288 589 1385 πολιορκίᾳ.
624 1293 814 1366 πολλῇ.
853 1297 963 1352 Καὶ
994 1301 1053 1354 τὸ
1081 1301 1185 1357 τῶν
1214 1307 1514 1377 εἰρημένων
1538 1288 1863 1385 ἀναντίρρη-

299 1399 386 1433 τον
408 1383 626 1449 δεικνὺς
646 1388 858 1457 ἐπάγει·
898 1393 992 1445 «Ei
1014 1393 1290 1460 διώξονται
1320 1400 1378 1451 ἐν
1398 1400 1622 1471 πέτραις
1648 1383 1854 1460 ἵπποι.)

311 1472 446 1524 Ἀλλ’
468 1475 594 1529 οὔτε
627 1477 830 1542 ἵππους
852 1498 936 1545 τις
957 1483 1092 1538 κατὰ
1114 1487 1325 1558 πετρῶν
1354 1489 1594 1545 ἑλάσειεν
1625 1492 1711 1557 ἂν,
1743 1494 1858 1548 ἀλλ’

299 1561 423 1615 ἔνθα
457 1571 738 1636 συνεργεῖν
784 1571 874 1624 τὸν
918 1575 1079 1629 τόπον
1133 1578 1413 1647 συμϐαίνει
1445 1580 1521 1652 τῷ
1551 1583 1734 1655 δρόμῳ
1765 1586 1857 1639 ἴπ-

1975 519 2093 560 mos
2122 521 2313 562 omnes
2356 522 2450 561 seu
2485 524 2712 579 magnas
2744 525 2840 565 seu
2866 525 3079 580 parvas.
3114 514 3310 581 partim
3355 514 3539 585 aliquo

1974 593 2302 651 detrimento
2339 597 2562 665 aﬁiciet;
2603 598 2656 654 id
2698 601 2844 653 enim
2876 601 3166 657 denotatur
3190 603 3346 673 125
3370 608 3535 659 verbo

1974 685 2369 753 scissionibus;
2395 690 2590 757 partim
2615 680 2930 755 universali,
2955 707 3080 745 nam
3117 694 3337 747 verbum
3362 696 3534 751 ruinis

1973 774 2077 829 hoc
2096 776 2244 831 dicit.
2270 775 2455 847 Neque
2477 790 2655 834 tamen
2672 779 2845 835 divise
2865 781 3018 845 dicit,
3041 783 3259 837 domum
3284 800 3530 855 magnam

1973 868 2169 930 ruinis,
2208 884 2426 938 parvam
2465 871 2825 928 scissionibtls
2865 876 3168 942 percutiet;
3204 874 3320 934 sed,
3359 892 3533 945 neque

1971 972 2220 1027 magnam
2240 958 2483 1023 domum,
2520 977 2695 1030 neque
2710 962 2955 1031 exiguam
2974 964 3179 1033 absque
3198 979 3354 1033 pinna
3378 963 3493 1021 fore
3514 984 3528 1019 :

1970 1058 2224 1104 ceterum
2259 1049 2493 1116 diverse,
2526 1053 2663 1107 alias
2692 1054 2910 1122 quidem
2934 1054 3123 1110 domos
3143 1054 3528 1111 detrimentum

1968 1152 2251 1207 passuras,
2275 1139 2409 1194 alias
2429 1141 2650 1195 omnino
2672 1139 2787 1195 fore
2817 1141 3257 1211 prostern'endas,
3287 1153 3447 1213 prout
3473 1144 3528 1199 in

1970 1227 2111 1282 bello
2135 1227 2501 1299 diuturnaque
2533 1230 2813 1285 obsidione
2839 1232 3110 1286 usuvenit.
3153 1232 3218 1285 Ει
3254 1235 3525 1287 dictorum

1966 1318 2340 1373 certitudinem
2362 1318 2674 1385 ostendens,
2718 1320 2985 1376 subditu
3033 1320 3091 1375 Si
3132 1334 3528 1392 persequentur

1966 1410 2021 1462 in
2062 1410 2232 1479 petris
2258 1410 2408 1479 equi.
2443 1427 2463 1461 ι
2492 1409 2660 1465 Nemo
2689 1420 2837 1465 certe
2857 1427 3026 1481 equos
3056 1428 3151 1482 per
3177 1421 3357 1481 petras
3383 1424 3523 1483 aget,

1966 1499 2060 1552 sed
2105 1498 2232 1553 illuc
2264 1501 2446 1569 potius
2480 1500 2570 1554 ubi
2615 1500 2769 1556 locus
2812 1501 2994 1557 lavere
3040 1517 3305 1572 equorum
3339 1504 3524 1558 cursui

1964 1598 2160 1660 potest.
2191 1589 2281 1644 Sic
2309 1607 2379 1648 ne
2417 1592 2573 1648 vobis
2605 1594 2824 1663 quidem
2852 1595 2966 1650 haec
2999 1596 3374 1665 contigissent,
3420 1597 3525 1652 nisi

298 1670 435 1704 πων·
471 1655 582 1708 οὔτ’
605 1659 671 1711 ἂν
689 1661 818 1731 ὑμῖν
850 1664 1134 1733 ἐπεγένετο
1163 1668 1353 1731 ταῦτα,
1382 1672 1429 1724 εί
1458 1672 1530 1744 μὴ
1555 1672 1651 1745 τὴν
1678 1676 1844 1730 αίτίαι

1962 1655 2128 1735 causa
2166 1680 2401 1751 patiendi
2443 1697 2505 1736 ea
2547 1655 2643 1751 per
2671 1698 2775 1739 vos
2814 1655 3188 1739 exstitisseti:
3226 1684 3298 1739 ~Si
3337 1689 3527 1741 retice-

300 1747 447 1800 αὐτοὶ
478 1751 781 1822 παρέσχετε
809 1756 903 1808 τοῦ
944 1757 1166 1814 τοιαῦτα
1195 1761 1405 1816 παθεῖν.
1444 1781 1462 1815 ι
1484 1764 1545 1817 Et
1575 1781 1844 1835 παρασιω-

1957 1771 2095 1826 bunt
2122 1747 2186 1825 ad
2224 1769 2472 1826 feminas.
2514 1747 2757 1841 {Neque
2780 1774 3026 1842 profecto
3053 1775 3106 1826 in
3150 1776 3325 1830 medio
3375 1776 3527 1830 femi-

299 1840 555 1935 πησονται
584 1843 642 1896 ἐν
668 1842 925 1914 θηλείαις.
942 1866 961 1899 ι
999 1852 1074 1919 (ρ.
1100 1851 1222 1922 190)
1256 1855 1328 1906 Οὐ
1352 1854 1449 1924 μὲν
1476 1855 1595 1909 οὐδὲ
1621 1858 1679 1909 ἐν
1704 1857 1844 1928 μέσῳ

1955 1877 2150 1917 narum
2176 1863 2300 1933 equi
2324 1863 2625 1933 quiescent,
2652 1840 3012 1934 praesentibus
3040 1865 3146 1920 illis
3172 1881 3291 1935 qua:
3311 1867 3526 1922 illorum

295 1931 518 2000 θηλειῶν
550 1935 709 1988 ῖπποι
731 1938 1031 2004 γεγονότες,
1072 1942 1300 2012 ἡσυχίαν
1344 1944 1616 2013 ἀγάγοιεν,
1652 1962 1844 2015 παρου·

1954 1931 2527 2024 impetumadmittere
2567 1931 2818 2026 possunt.
2873 1954 2966 2010 Sic
3009 1931 3205 2026 neque
3221 1958 3407 2012 hostes
3452 1959 3520 2012 ad

294 2024 398 2075 σῶν
424 2025 531 2077 τῶν
559 2026 813 2093 δέξασθαι
828 2030 927 2099 τὴν
945 2031 1002 2096 ἐξ
1022 2032 1197 2086 αὐτῶν
1212 2034 1388 2105 ὁρμὴν
1414 2036 1538 2088 οἵων
1555 2054 1615 2089 τε
1652 2037 1844 2090 οὐσῶν·

1956 2057 2049 2097 vos
2100 2042 2517 2113 aggrediendum
2560 2024 2765 2100 inertes
2804 2052 2985 2111 erunt,
3033 2024 3232 2101 vestris
3276 2047 3519 2116 peccatis

292 2112 431 2166 ὥστε
450 2114 571 2166 οὐδὲ
608 2117 736 2179 τοὺς
760 2118 1048 2188 πολεμίους
1077 2123 1304 2193 ἡσυχίαν
1327 2126 1554 2193 ἀγαγεῖν
1597 2126 1680 2198 ἐφ’
1724 2128 1844 2197 ὑμῖν

1953 2112 2291 2189 occasionem
2319 2133 2682 2202 praebentibus
2711 2143 2770 2189 ut
2793 2136 2867 2189 ita
2891 2144 3083 2191 contra
3111 2151 3207 2189 vos
3228 2112 3292 2190 se
3308 2146 3518 2206 gerant.

291 2204 529 2267 δυνατὸν,
570 2208 667 2278 τὴν
706 2208 958 2282 ἀφορμὴν
994 2212 1080 2265 διὰ
1114 2214 1210 2283 τῆς
1254 2217 1594 2288 παρανομίας
1627 2218 1850 2274 δεδωκό-

291 2314 392 2347 των
445 2297 600 2367 ὑμῶν
646 2298 740 2353 τοῦ
796 2302 1015 2357 τοιαῦτα
1066 2305 1317 2374 γενέσθαι
1370 2309 1501 2379 παρ’
1548 2310 1724 2363 αὐτῶν
1770 2314 1846 2375 είς

292 2388 451 2455 ὑμᾶς.
484 2409 503 2439 ι
536 2390 661 2443 Ὀτι
693 2391 1046 2464 ἐξεστρέψατε
1072 2398 1150 2460 είς
1182 2398 1350 2468 θυμὸν
1379 2404 1567 2473 κρῖμα,
1590 2405 1680 2456 καὶ
1708 2421 1844 2475 καρ·

292 2476 384 2559 πον
406 2476 752 2548 δικαιοσύνης
781 2481 861 2544 είς
899 2483 1138 2553 πικρίαν.
1173 2503 1193 2535 ι
1233 2485 1347 2538 Νῦν
1375 2487 1505 2559 γὰρ,
1535 2490 1716 2559 φησὶν,
1751 2492 1845 2558 ἀφ’

285 2558 360 2617 ὧν
386 2565 771 2634 διεπράξασθε,
805 2571 1055 2626 πείσεσθε
1123 2576 1366 2640 τοιαῦτα,
1407 2580 1488 2641 είς
1518 2558 1684 2650 ὀργὴν
1721 2598 1846 2648 συγ-

286 2657 606 2727 κινήσαντες
632 2660 725 2715 τδν
758 2661 910 2729 Θεὸν,
942 2663 1080 2718 ὥστε
1114 2668 1294 2738 κρῖναί
1323 2685 1381 2722 τε
1411 2669 1480 2723 τὰ
1515 2671 1634 2723 καθ’
1668 2672 1842 2741 ὑμᾶς·

286 2748 377 2799 καὶ
421 2749 609 2821 ἐπειδὴ
641 2751 858 2806 δικαίαν
903 2750 1041 2810 οἶδεν
1076 2756 1367 2828 ὑφέξοντας
1409 2762 1507 2832 τὴν
1550 2763 1843 2833 τιμωρίαν,

284 2838 376 2907 τὴν
395 2841 667 2914 τοσαύτην
686 2846 984 2915 ἐπαγαγεῖν
1004 2848 1129 2918 ὑμῖν
1150 2850 1256 2903 τῶν
1277 2851 1460 2906 κακῶν
1478 2853 1575 2924 τὴν
1599 2855 1840 2923 πικρίαν·

284 2928 424 2997 λέγει
461 2932 519 2984 δὲ
561 2935 721 2988 πάλιν
754 2938 847 2990 καὶ
875 2938 944 2991 τὰ
977 2942 1103 3011 παρ’
1131 2941 1307 2995 αὐτῶν
1339 2944 1399 2996 οὐ
1434 2944 1658 3008 δεόντως
1702 2946 1848 3013 γινό-

286 3038 437 3087 μένα,
478 3024 621 3096 ὑπὲρ
651 3019 725 3079 ὧν
755 3026 817 3098 δὴ
862 3029 931 3082 τὰ
960 3032 1332 3104 προρρηθέντα
1370 3034 1715 3089 ἐπελεύσεται
1750 3037 1845 3088 αὐ-

1958 2244 1974 2276 ι
2004 2225 2142 2291 Quia
2170 2226 2519 2281 convenistis
2549 2226 2601 2280 in
2629 2226 2866 2282 furorem
2892 2228 3181 2297 judicium,
3212 2235 3266 2283 et
3283 2227 3519 2282 fructum

1944 2316 2172 2385 justitize
2220 2317 2272 2369 in
2305 2316 2744 2372 amaritudinem.
2786 2335 2803 2368 ι
2843 2316 2996 2372 Nunc
3043 2335 3135 2380 en,
3185 2319 3381 2387 inquit,
3432 2334 3521 2372 ve-

1950 2408 2082 2463 stris
2110 2406 2274 2477 digna
2305 2405 2463 2460 factis
2491 2407 2605 2461 haec
2636 2408 2937 2477 patiemini,
2976 2408 3084 2463 Deo
3114 2410 3179 2463 ad
3212 2412 3345 2464 iram
3372 2426 3524 2464 com-

1949 2507 2099 2553 moto
2149 2507 2209 2551 ut
2248 2497 2456 2567 judicio
2504 2497 2572 2553 de
2614 2499 2768 2554 vobis
2816 2500 3098 2565 decernat,
3141 2510 3195 2556 et
3240 2502 3367 2571 quia
3423 2517 3522 2565 vos

1947 2605 2162 2661 pinnam
2206 2589 2430 2646 meritos
2475 2591 2600 2658 scit,
2638 2592 2777 2647 hanc
2822 2593 3088 2647 malorum
3129 2595 3282 2649 vobis
3320 2594 3521 2653 inferet

1946 2680 2382 2737 amaritudinem.
2429 2679 2550 2735 Mox
2603 2680 2786 2736 denuo
2829 2682 3119 2738 inhoneste
3164 2683 3233 2737 ab
3284 2683 3353 2737 iis
3397 2693 3520 2736 acta

1945 2769 2180 2830 reeitat,
2234 2782 2468 2837 quorum
2528 2783 2695 2823 causa
2752 2770 3013 2838 praedicta
3062 2770 3205 2823 mala
3248 2773 3515 2824 evenient.

1953 2877 1971 2909 ι
1993 2856 2095 2923 Qui
2115 2857 2262 2911 nullo
2277 2859 2416 2909 bono
2433 2856 2599 2911 verbo
2613 2855 2889 2919 lmtamini,
2907 2857 2999 2926 qui
3014 2857 3223 2911 dicitis:
3244 2856 3433 2913 Nonne
3453 2875 3520 2912 ex

1945 2960 2131 3004 nostra
2164 2945 2482 3001 fortitudine
2506 2960 2714 3002 cornua
2738 2947 3046 3003 habemus?
3079 2965 3097 2998 ι
3123 2945 3517 3017 Prophetarum

1948 3040 2195 3096 consiliis
2242 3055 2350 3094 non
2392 3039 2556 3094 vultis
2603 3039 2929 3104 auscultare,
2959 3039 3197 3110 qui'vos
3233 3049 3518 3109 peccantes

281 3118 384 3177 τοῖς
408 3119 577 3171 κακά·
617 3122 709 3173 «Oi
736 3122 1145 3195 εὐφραινόμενοι
1169 3127 1255 3179 ἐπ’
1277 3127 1449 3182 οὐδενὶ⁵
1469 3127 1609 3198 λόγῳ
1631 3127 1842 3199 ἀγαθῷ,

1953 3128 2468 3193 commonefaciunt,
2496 3137 2658 3199 atque
2688 3130 2756 3185 ad
2786 3104 3076 3185 honestum
3112 3104 3387 3193 revocant,
3419 3130 3513 3185 sed

283 3206 326 3256 οἱ
349 3205 629 3276 λέγοντες·
666 3211 782 3265 Οὐκ
807 3214 864 3266 ἐν
892 3217 958 3286 τῇ
990 3215 1133 3286 ίσχύῖ
1150 3217 1306 3288 ἡμῶν
1333 3218 1529 3290 ἔχομεν
1553 3221 1789 3291 κέρα-ως
1819 3241 1840 3275 ι

283 3297 411 3361 Ταῖς
451 3300 553 3369 μὲν
594 3302 706 3374 γὰρ
733 3304 842 3358 τῶν
867 3308 1157 3379 προφητῶν
1191 3310 1519 3382 συμϐουλαῖς
1559 3315 1845 3385 προσέχειν

284 3391 377 3441 οὒκ
408 3390 621 3446 ἐθέλετε
659 3394 1180 3469 ὑπομιμνησκόντων
1228 3403 1373 3473 ὑμᾶς
1408 3396 1842 3475 ἁμαρτάνοντας,

285 3483 372 3569 καὶ
400 3482 785 3552 ἐπαναγόντων
831 3489 922 3543 ἐπὶ
948 3489 1010 3543 τὸ
1038 3491 1171 3547 δέον·
1214 3496 1280 3565 τῇ
1307 3494 1364 3547 δὲ
1406 3495 1580 3567 οίκείᾳ
1617 3496 1844 3569 δυνάμει

1943 3222 2141 3277 vestris
2199 3220 2409 3275 viribus
2474 3237 2690 3293 semper
2750 3223 3054 3277 tribuentes
3123 3222 3190 3277 de
3265 3222 3515 3278 hostibus

1943 3312 2159 3370 cunctis
2185 3311 2497 3377 victoriam,
2527 3313 2682 3367 nihili
2709 3313 2999 3368 aestimatis
3037 3314 3309 3367 minarum
3340 3316 3515 3383 gravi-

1941 3414 2127 3471 tatem,
2155 3408 2309 3478 quasi
2344 3421 2489 3461 nunc
2513 3420 2728 3477 quoque
2750 3404 3018 3463 obsistere
3050 3404 3301 3459 hostibus
3336 3406 3515 3458 valca-

1944 3500 2034 3556 tis.
2070 3499 2210 3566 Quid
2237 3499 2406 3570 ergo?

283 3566 621 3661 ᾏπισάμενοι
662 3574 724 3626 τὸ
768 3576 993 3632 πάντοτε
1041 3581 1255 3636 πάντων
1300 3566 1696 3656 κεκρατηκέναι
1748 3566 1856 3640 τῶν
1900 3588 2141 3661 ἐχθρῶν,
2184 3590 2241 3642 ἐν
2287 3566 2460 3641 οὐδενὶ
2517 3587 2625 3641 τῶν
2686 3587 3090 3658 ἀπειλουμένων
3156 3584 3368 3637 τίθεσθε
3414 3587 3514 3654 τὴν

284 3660 572 3735 βαρύτητα,
602 3666 679 3731 ὡς
711 3667 778 3722 ἂν
805 3671 1097 3741 ἀρκοῦντες
1139 3677 1232 3729 καὶ
1272 3677 1365 3731 νῦν
1386 3680 1700 3750 ἀντιστῆναι
1727 3684 1839 3745 τοῖς
1867 3660 2159 3751 πολεμίοις.
2199 3680 2264 3732 Τί
2289 3677 2418 3745 οὗν;

346 3754 493 3823 Στὶχ.
536 3756 616 3808 ιδ’.
641 3786 712 3795 -
740 3776 759 3809 ι
798 3761 939 3815 Διότι
978 3763 1085 3817 ίδοὺ
1111 3764 1221 3834 ἐγὼ
1251 3769 1521 3840 ἐπεγείρω
1551 3770 1634 3839 ἐφ’
1662 3771 1837 3840 ὑμᾶς,

278 3838 421 3906 οἶκος
463 3846 701 3917 Ἰσραὴλ,
737 3850 871 3919 φησι
900 3852 1102 3922 Κύριος
1128 3856 1156 3907 ὁ
1188 3857 1340 3922 Θεὸς,
1376 3838 1642 3930 στρατιῶν
1665 3838 1837 3924 ἔθνος·

280 3934 368 3986 καὶ
395 3935 747 4005 ἐκθλίψουσιν
778 3940 922 4011 ὑμᾶς
963 3943 1059 3998 τοῦ
1102 3946 1178 4018 μὴ
1218 3949 1477 4025 εἰσελθεῖν
1510 3952 1591 4015 είς
1633 3950 1835 4023 Δίμὰθ,

280 4030 363 4092 (p.
424 4026 562 4096 191)
611 4030 706 4082 καὶ
758 4030 862 4095 ἕως
901 4034 992 4086 τοῦ
1044 4037 1342 4110 χειμάρρου
1385 4040 1495 4094 τῶν
1535 4041 1773 4112 δυσμῶν.
1811 4062 1831 4095 ι

289 4115 452 4185 ’Υπὲρ
476 4116 543 4188 δὴ
562 4118 765 4189 ταύτης
791 4121 964 4191 ὑμῶν,
988 4127 1139 4195 φησὶ,
1164 4127 1263 4197 τῆς
1289 4128 1532 4199 γνώμης,
1560 4133 1590 4183 ό
1621 4134 1837 4187 πάντων

2018 3770 2181 3824 Vnus.
2214 3769 2301 3823 14.
2329 3797 2401 3808 -
2427 3784 2447 3819 ι
2477 3766 2684 3822 Idcirco
2729 3782 2796 3820 en
2846 3779 2946 3836 ego
2995 3765 3201 3819 suscito
3246 3764 3509 3817 adversus

1946 3878 2062 3922 vos.
2105 3860 2301 3916 domus
2344 3858 2586 3921 Israelis,
2630 3857 2867 3927 gentium
2913 3856 3233 3917 exercitum,
3275 3855 3366 3922 qui
3412 3870 3509 3908 vos

1944 3960 2252 4015 conterent,
2295 3949 2588 4021 quominus
2636 3946 3020 4018 ingrediamini
3074 3947 3127 3999 in
3164 3943 3405 4005 Emath,
3454 3951 3509 3997 et

1945 4058 2119 4112 usque
2161 4042 2227 4097 ad
2271 4039 2573 4096 occidentis
2622 4045 2939 4094 torrentem.
2977 4054 2997 4087 ι
3066 4035 3225 4104 126
3271 4032 3352 4088 Ob
3408 4034 3508 4088 bas

1941 4150 2072 4204 ergo
2114 4132 2473 4203 cogitationes
2519 4136 2749 4192 vestras,
2794 4125 3038 4180 omnium
3074 4131 3341 4195 quotquot
3385 4122 3508 4176 ubi-

277 4209 379 4263 τῶν
408 4213 724 4284 ἁπανταχοῦ
768 4216 1010 4272 δυνατῶν
1041 4219 1260 4290 Κύριος,
1292 4223 1546 4295 ἐπεγερεῖ
1582 4227 1707 4286 τοὺς
1741 4243 1836 4278 πο-

1953 4240 2049 4295 que
2083 4231 2211 4278 sunt
2257 4220 2561 4292 potentium
2596 4218 2883 4281 Dominus,
2913 4217 3101 4272 hostes
3132 4217 3288 4271 vobis
3329 4217 3508 4272 susci.

273 4301 488 4371 λεμίους
520 4305 685 4375 ὑμῖν,
720 4307 984 4379 μεγίστην
1024 4310 1321 4374 ἐπάξοντας
1360 4312 1469 4366 τῶν
1511 4314 1696 4369 κακῶν
1739 4316 1837 4386 τὴν

1953 4315 2098 4379 tabit,
2131 4315 2223 4383 qui
2257 4314 2548 4366 maximam
2589 4310 2744 4365 vobis
2770 4310 3034 4364 malorum
3064 4309 3172 4363 vim
3209 4308 3501 4368 adducent,

274 4395 489 4463 mipav,
521 4394 599 4457 ὡς
626 4395 737 4448 ἀπὸ
781 4397 961 4468 Amo
990 4399 1168 4468 (λέγει
1199 4400 1256 4453 δὲ
1290 4402 1452 4455 τόπον
1495 4404 1658 4476 ὁρίων
1698 4423 1834 4476 προ-

1961 4414 2013 4457 ta
2050 4410 2106 4456 ut
2155 4404 2223 4457 ab
2269 4401 2490 4456 Emath
2526 4399 2684 4469 (dicit
2713 4408 2893 4455 autem
2944 4401 3124 4455 locum
3161 4401 3501 4454 terminalem

272 4487 522 4554 κείμενον
549 4487 658 4541 τῶν
682 4489 863 4553 αὐτοῖς
883 4493 1298 4563 προσηκόντων)
1320 4495 1446 4566 ἄχρι
1470 4498 1702 4567 πέρατος
1730 4499 1839 4552 τῶν

272 4578 432 4647 ὁρίων
462 4579 621 4649 ὑμῶν
648 4580 891 4646 ἅπαντας
919 4588 1196 4654 περισχεῖν
1218 4585 1280 4639 τὸ
1311 4588 1497 4640 κακόν·
1531 4589 1678 4656 λέγει
1706 4589 1836 4657 γοῦν

272 4669 326 4717 ἐν
374 4672 494 4732 ταῖς
539 4669 847 4735 Βασιλείαις
882 4673 1010 4743 περὶ
1062 4675 1338 4745 Ἰεροϐοὰμ
1366 4677 1459 4729 τοῦ
1512 4679 1698 4742 Ἰωάς,
1743 4680 1829 4747 ἐφ’

271 4751 433 4829 οὗπερ
467 4760 565 4811 καὶ
596 4759 626 4811 ὁ
659 4764 941 4831 προφήτης
974 4761 1192 4828 γέγονεν
1221 4757 1375 4828 οὗτος
1420 4766 1611 4829 αὑτός·
1647 4786 1665 4817 ι
1711 4769 1835 4821 Ἀπ-

270 4850 602 4919 εκατέστησε
635 4851 696 4904 τὸ
728 4852 873 4922 ὅριον
913 4853 1126 4924 Ἰσραὴλ
1157 4855 1263 4908 ἀπὸ
1288 4857 1492 4909 εἰσόδου
1523 4858 1702 4927 Λίμὰο
1729 4859 1833 4923 ἕως

269 4940 360 5008 τῆς
406 4941 688 5014 θαλάσσης
716 4942 819 5011 τῆς
865 4945 1002 5016 πρὸς
1034 4946 1285 5016 ἑσπέραν.
1314 4966 1333 4998 ι
1385 4947 1469 5011 Ὠς
1514 4948 1669 5018 δῆλον
1697 4948 1833 5003 εἶναι

269 5033 345 5085 ὅτι
373 5034 584 5105 πέρατα
608 5035 719 5088 τῶν
756 5034 1162 5106 ἰσραηλιτικῶν
1187 5039 1349 5105 ὁρίων
1378 5034 1444 5109 ἦν
1479 5040 1544 5092 τὰ
1571 5044 1689 5104 ταῖς
1719 5040 1833 5093 ὀνο-

272 5123 484 5187 μασίαις
530 5124 839 5195 δηλούμενα
883 5125 1144 5189 ταύταις·
1183 5127 1431 5197 βούλεται
1476 5131 1583 5201 γὰρ
1627 5132 1831 5196 εἰπεῖν,

266 5214 340 5264 ὅτι
390 5213 631 5269 Ἐκεῖθεν
662 5214 973 5287 ἀρξάμενον
1006 5216 1065 5268 τὸ
1102 5218 1267 5271 κακὸν
1311 5219 1514 5281 πάντας
1559 5221 1701 5289 ὑμᾶς
1733 5224 1830 5272 ἐπε

268 5302 551 5368 ῥεύσεται,
583 5306 664 5370 ὡς
690 5306 923 5378 μηδενὸς
953 5304 1269 5374 δυνηθέντος
1296 5307 1402 5360 τῶν
1435 5309 1706 5378 πολεμίων
1732 5310 1830 5373 τὰς

268 5393 435 5462 χεῖρας
465 5395 776 5465 διαφυγεῖν,
801 5395 864 5460 ἐξ
886 5394 1069 5447 αὐτῶν
1095 5396 1199 5448 τῶν
1223 5397 1556 5466 πραγμάτων
1581 5398 1827 5468 αἴσθησιν

268 5478 386 5551 ὑμᾶς
411 5485 638 5555 λαϐεῖν,
671 5488 757 5542 ὅτι
796 5484 926 5540 οὔτε
959 5485 1223 5558 πρότερόν
1256 5504 1307 5538 τι
1341 5486 1478 5540 κατὰ
1524 5489 1629 5541 τῶν
1668 5490 1822 5542 πολε-

312 5660 623 5737 ”WBcg.
697 5682 812 5728 xxv,
878 5664 973 5716 ‘23.

1937 4494 2179 4548 ﬁnitimis
2224 4493 2438 4544 illorum
2484 4490 2781 4560 objectum)
2832 4505 3008 4558 usque
3053 4489 3119 4542 ad
3178 4490 3364 4541 ﬁnimn
3410 4503 3504 4539 ve-

1934 4595 2168 4641 strorum
2213 4582 2634 4642 extremitatem,
2682 4580 3005 4633 universalis
3042 4578 3225 4631 futura
3254 4578 3327 4631 sit
3357 4579 3502 4631 cala-.

1940 4676 2123 4731 mitas.
2163 4673 2303 4743 Ergo
2352 4672 2594 4741 loquitur
2621 4671 2725 4725 sub
2769 4669 2954 4738 regnis
2994 4666 3303 4722 Jeroboami
3337 4666 3504 4720 Joaso

1939 4766 2129 4838 geniti,
2158 4765 2316 4833 cujus
2354 4777 2547 4832 reapse
2571 4769 2731 4816 aetate
2767 4760 2857 4814 hic
2896 4760 3010 4828 ipse
3040 4757 3299 4827 propheta
3333 4756 3496 4808 vixit:

1945 4876 1963 4909 ι
1999 4855 2293 4911 Constituit
2322 4852 2700 4924 (Jeroboamus
2724 4850 2869 4905 Joasi
2910 4849 3074 4914 ﬁlius)
3112 4850 3247 4901 ﬁnes
3284 4846 3499 4900 lsraelis

1939 4947 2007 5002 ab
2030 4946 2260 4999 introitu
2287 4943 2527 5006 Ematb,
2550 4956 2719 5010 usque
2748 4941 2813 4993 ad
2838 4953 2989 4992 mare
3022 4937 3357 4991 occidentale
3377 4935 3444 4997 ",
3477 4952 3496 4984 ι

1941 5039 2014 5093 ita
2064 5044 2124 5091 ut
2182 5044 2393 5091 constet
2445 5035 2579 5087 ﬁnes
2630 5031 2957 5086 lsraeliticos
2994 5029 3203 5090 fuisse,
3258 5026 3351 5093 qui
3413 5026 3499 5079 bis
3547 5081 3556 5094 ,

1939 5128 2250 5182 nominibus
2305 5125 2652 5178 denotantur.
2702 5121 2892 5174 Dicere
2937 5126 3116 5171 autem
3175 5116 3310 5176 vult,
3360 5116 3501 5168 mala

1943 5220 2094 5271 illinc
2125 5216 2284 5269 initio
2314 5214 2503 5272 ducto,
2530 5228 2626 5264 vos
2664 5225 2880 5278 quoque
2926 5220 3116 5260 omnes
3158 5211 3498 5271 correptum.

1943 5309 2069 5376 quia
2108 5319 2267 5359 nemo
2302 5302 2542 5356 hostium
2575 5314 2768 5351 manus
2804 5296 3036 5350 evadere
3074 5294 3289 5362 poterit.
3321 5293 3499 5360 Atque

1940 5398 2061 5450 hinc
2094 5411 2157 5448 cx
2197 5393 2358 5446 rebus
2401 5390 2536 5456 ipsis
2568 5384 2937 5454 cognoscetis,
2974 5398 3042 5436 ne
3068 5380 3344 5451 praeterito
3374 5382 3502 5448 qui—

1931 5489 2051 5542 dcm
2091 5495 2332 5552 tempore
2368 5478 2664 5548 quidquam
2699 5490 2818 5543 vos,
2862 5474 3071 5545 absque
3112 5471 3206 5529 Dei
3238 5471 3501 5542 potentia,
