3966 6134
428 293 531 350 287

1611 307 1957 366 TllEOltmtl
1995 311 2476 368 MOPSUESTENI

3565 327 3669 382 288

428 413 691 470 adversus
723 414 912 474 hostes
947 419 1201 475 valuisse.
1233 419 1373 477 Ecce
1408 424 1551 478 enim
1580 442 1746 491 nunc,
1778 429 1994 482 subtra-

2103 430 2239 499 μίων
2265 430 2386 500 δίχα
2411 431 2512 501 τῆς
2542 431 2689 496 θείας
2724 435 2976 506 ἰσχύσατε
3010 438 3211 508 ῥοπῆς·
3242 437 3335 491 καὶ
3365 438 3460 494 νῦν
3491 441 3548 492 ἐν
3581 457 3670 492 το-

427 510 520 559 cto
562 505 709 559 illius
741 509 966 573 auxilio,
1002 511 1055 563 in
1089 519 1240 566 tanta
1281 515 1548 570 malorum
1589 535 1839 587 pressura
1875 538 1998 576 ver-

429 595 649 649 samini.
685 596 782 650 Hie
815 599 1090 654 subnectit
1123 605 1387 672 propheta
1418 609 1806 665 revelationcm
1835 628 1996 683 quam

429 684 586 752 vidit,
622 687 689 741 ad
719 689 991 744 dictorum
1031 708 1259 748 suorum
1291 698 1786 756 confirmationem.

1056 888 1208 948 CAP.
1253 892 1364 952 Vll.

505 1031 668 1089 Vens.
702 1036 893 1090 1-5.-
921 1060 939 1092 ι
963 1041 1087 1098 Haec
1114 1049 1352 1103 ostendit
1382 1052 1511 1106 mihi
1539 1053 1797 1114 Dominus
1832 1059 1994 1119 Deus.

433 1120 641 1176 Etet-ce
673 1123 812 1180 fetus
835 1129 1187 1198 locustarum,
1218 1145 1272 1190 et
1297 1153 1424 1194 ecce
1443 1141 1682 1199 bruchus
1709 1151 1998 1222 unus,Gog

435 1223 550 1264 rex.
591 1212 650 1264 Et
673 1217 796 1276 erit.
821 1219 865 1272 si
910 1225 1257 1291 compleverit
1289 1244 1479 1284 vorare
1509 1234 1688 1289 fenum
1721 1247 1895 1295 terra.
1931 1243 1997 1296 Et

433 1297 543 1351 dixi
564 1319 576 1352 :
601 1304 840 1367 Domine,
867 1307 1104 1376 Domine,
1124 1317 1384 1384 propitius
1404 1330 1540 1376 esto.
1563 1322 1694 1389 Quis
1712 1331 1996 1386 suscitabit

433 1388 691 1445 Jacobum
710 1395 990 1463 ?quoniam
1011 1405 1252 1460 modicus
1270 1419 1369 1462 est.
1388 1388 1732 1480 Pmniteatte,
1752 1418 1992 1487 Domine,

434 1497 598 1550 super
620 1485 721 1538 hoc
748 1503 760 1538 :
784 1488 899 1543 Non
931 1493 1054 1558 erit,
1085 1497 1222 1551 dixit
1249 1498 1509 1560 Dominus
1539 1507 1698 1566 Deus.
1734 1531 1754 1563 ι
1783 1511 1995 1572 Vidisse

433 1587 491 1625 se
523 1573 595 1626 ait
625 1575 956 1634 locustarum
983 1584 1422 1661 bruchorumque
1452 1599 1853 1658 multitudinem
1891 1625 1904 1660 :
1942 1616 1995 1661 et

432 1660 536 1715 illa:
573 1663 787 1730 quidem
824 1669 1100 1741 Assyrios.
1149 1676 1204 1730 bi
1243 1660 1372 1736 vero
1418 1683 1740 1757 Babylonios
1768 1660 1994 1748 deuota;

431 1751 582 1816 bant,
625 1758 750 1823 quia
781 1762 989 1814 venturi
1031 1777 1210 1832 erant,
1255 1778 1312 1823 et
1357 1777 1539 1829 omnia
1580 1782 1736 1847 quasi
1773 1783 1995 1841 locustae

431 1854 486 1897 et
513 1846 702 1900 bruchi
741 1855 1145 1921 consumpturi.
1186 1856 1292 1912 Sed
1320 1876 1441 1916 cum
1470 1846 1609 1931 vidi,
1635 1870 1832 1940 inquit,
1863 1877 1995 1929 mulo

434 1935 721 1990 titudinem
769 1941 928 1995 talem
976 1947 1124 1998 omni
1171 1957 1328 2004 terra:
1373 1952 1572 2011 fructui
1602 1935 1862 2017 vastando
1895 1981 1995 2033 pa-

433 2037 584 2090 rem;
625 2029 937 2095 procidcns,
969 2034 1166 2104 inquit,
1198 2042 1408 2095 veniam
1455 2050 1723 2114 postulavi
1753 2055 1996 2122 peccatis

439 2115 594 2182 127
626 2120 830 2173 nostris
875 2122 1015 2185 dari,
1050 2140 1279 2184 cernens
1308 2134 1638 2199 perditarum
1671 2156 1851 2196 rerum
1893 2160 1995 2199 nu-

435 2209 829 2271 merositatem.
861 2221 913 2267 et
958 2221 1312 2284 superstitum
1347 2227 1692 2293 paucitatem.
1730 2235 1844 2288 lmo
1868 2251 1994 2292 vero

434 2294 502 2348 de
537 2298 889 2365 reliquiarum
916 2320 1132 2377 quoque
1160 2310 1442 2382 desperavi
1474 2320 1670 2385 salute,
1712 2325 1818 2379 nisi
1849 2325 1993 2383 Deus

433 2389 673 2453 peccatis
719 2395 924 2447 nostris
960 2399 1308 2467 propitiatus,
1355 2420 1464 2458 rem
1503 2409 1556 2460 in
1607 2412 1798 2468 melius
1841 2431 1993 2470 com-

434 2485 687 2533 mutaret.
732 2479 1116 2542 Verumtamen
1162 2506 1270 2545 non
1319 2494 1541 2551 admisit
1583 2515 1798 2568 precem
1852 2505 1994 2564 hanc

436 2563 598 2630 Deus,
649 2572 775 2638 quia
811 2577 1071 2644 majorem
1126 2591 1474 2649 peccatorum
1528 2598 1841 2648 nostrorum
1893 2612 1996 2652 nu-

436 2671 645 2710 merum
678 2662 1028 2740 existimavit,
1063 2685 1225 2738 quam
1274 2684 1334 2727 ut
1365 2677 1793 2738 misericordiam
1835 2687 1994 2741 vellet

433 2746 725 2816 impertiri.
759 2752 876 2808 Jam
913 2773 1070 2814 nemo
1120 2763 1348 2818 miretur
1375 2769 1518 2836 quod
1564 2771 1769 2842 Gogum
1813 2792 1992 2847 regem

435 2854 692 2896 memoret
728 2860 741 2894 :
777 2849 974 2901 etenim
1007 2859 1060 2904 et
1101 2861 1256 2909 antea
1293 2857 1556 2928 Assyriis,
1605 2873 1658 2916 et
1688 2864 1994 2937 Babyloniis

434 2939 641 2996 postea,
683 2935 838 2988 multi
864 2937 930 2991 de
959 2938 1231 3020 Sc’ythicis
1260 2961 1479 3016 quoque
1510 2954 1727 3020 populis
1765 2935 1994 3012 auxilia-

434 3031 524 3070 res
576 3021 702 3076 belli
753 3036 925 3094 erant,
973 3017 1206 3099 quorum
1272 3052 1364 3090 rex
1406 3049 1524 3095 erat
1573 3041 1789 3113 Gogus;
1836 3051 1994 3119 cujus

435 3104 567 3161 facit
619 3114 946 3171 mentionem
999 3136 1106 3176 non
1163 3132 1423 3195 tanquam
1487 3131 1610 3187 belli
1657 3104 1842 3201 ducis,
1899 3104 1994 3196 sed

429 3205 694 3266 tanquam
750 3195 1129 3274 regnatoribus
1161 3218 1442 3285 suppetias
1483 3220 1726 3281 ferentis.
1779 3228 1994 3286 Scimus

435 3295 616 3342 autem
679 3292 960 3365 Assyrium
1018 3303 1194 3372 prius,
1257 3316 1311 3361 et
1362 3310 1557 3369 deinde
1615 3315 1992 3390 Babylonium,

435 3382 618 3436 multis
679 3384 1039 3455 imperavisse
1109 3401 1382 3467 populis:
1424 3420 1564 3476 quos
1633 3422 1820 3466 omnes
1870 3427 1995 3468 cum

435 3474 666 3541 satrapis
696 3477 812 3534 suis
849 3496 944 3535 seu
977 3486 1143 3554 regiis
1177 3474 1536 3558 prazfeeturis;
1573 3511 1682 3550 non
1711 3507 1795 3554 est
1828 3501 2003 3559 incre-

436 3561 600 3620 dibile
625 3566 766 3622 bello
791 3572 972 3630 socios
1002 3576 1338 3639 interfuisse.
1372 3585 1548 3640 Aliam
1590 3604 1783 3648 rursus
1810 3596 1999 3650 recitat

435 3653 633 3708 abhinc
667 3662 1080 3722 revelationem:

435 3740 670 3805 οξκείων.
695 3750 794 3800 εἴτ’
821 3749 913 3806 οὖν
935 3756 1238 3826 βασιλειῶν,
1265 3765 1364 3818 οὐκ
1388 3767 1613 3835 ἀπεικὸς
1639 3768 1708 3844 ἦν
1736 3774 1826 3828 καὶ

432 3834 624 3907 ἑτέραν
661 3842 998 3918 ἀποκάλυψιν
1037 3852 1217 3922 λέγει’

505 3928 669 3987 Vrsas.
704 3934 818 3990 4-9.
843 3968 914 3978 -
935 3960 953 3993 ‹
992 3942 1082 3999 Sic
1106 3949 1343 4004 ostendit
1376 3954 1506 4008 mihi
1539 3955 1800 4015 Dominus
1834 3960 1996 4020 Deus.

433 4017 499 4072 Et
526 4037 654 4078 ecce
686 4031 900 4083 voeavit
935 4033 1202 4102 judicium
1243 4041 1296 4095 in
1326 4043 1450 4112 igne
1487 4045 1781 4118 Dominus;
1818 4061 1872 4107 et
1905 4055 2002 4110 de-

2105 520 2273 591 σαύτῃ
2320 522 2484 594 πείρᾳ
2527 525 2822 596 κατέστητε
2861 529 3080 593 κακῶν,
3129 529 3314 600 ἐπειδὴ
3365 531 3466 601 τῆς
3503 532 3669 585 αὐτοῦ

2104 610 2354 681 βοηθείας
2375 613 2477 677 ἔξω
2495 617 2772 683 γεγόνατεσ
2791 619 2998 683 τούτοις
3014 621 3344 692 ἀποκάλυψιν
3370 623 3667 696 προστίθη-

2102 715 2184 753 σιν
2207 701 2273 770 ἦν
2299 697 2438 756 εἶδεν
2463 707 2490 758 ό
2512 709 2789 778 προφήτης
2806 710 2884 773 εἰς
2908 710 3194 780 βεϐαίωσιν
3211 713 3321 792 τῶν
3340 715 3666 788 εἰρημένων.

2741 923 2895 978 ΚΕΦ.
2932 927 3006 981 Z'.

2173 1065 2318 1136 Στίχ.
2351 1075 2494 1138 α’·γ’.
2518 1101 2587 1110 -
2608 1070 2682 1142 (p.
2715 1073 2837 1145 19?)
2867 1093 2884 1125 ι
2915 1075 3100 1140 Οὕτως
3128 1078 3294 1146 ἕδειξέ
3320 1099 3408 1151 μοι
3429 1081 3646 1153 Κύριος

2097 1157 2192 1209 καὶ
2227 1157 2332 1210 ἰδοὺ
2363 1161 2586 1233 ἐπιγονὴ
2616 1163 2850 1242 ἀκρίδων
2882 1169 3150 1239 ἐρχομένη
3183 1171 3398 1243 ἑωθινὴ.
3426 1173 3519 1226 καὶ
3549 1175 3658 1231 ἰδοὶ

2099 1249 2324 1320 βροῦχος
2351 1247 2449 1316 εἷς,
2485 1240 2661 1323 Γὼγό
2693 1256 2942 1324 βασιλεύς
2967 1275 2979 1287 ·
3014 1262 3106 1312 καὶ
3136 1261 3306 1327 ἔσται,
3341 1263 3435 1316 ἐὰν
3470 1282 3661 1318 συντε-

2097 1340 2228 1412 λέσῃ
2259 1341 2352 1394 τοῦ
2383 1349 2572 1412 φαγεῖν
2600 1346 2689 1398 τὸν
2718 1348 2908 1418 χόρτον
2936 1350 3033 1420 τῆς
3068 1352 3190 1421 γῆς·
3219 1355 3311 1406 καὶ
3341 1351 3490 1408 εἷπον
3508 1373 3521 1384 ·
3555 1357 3664 1410 Κύ-

2098 1450 2201 1504 ριε,
2235 1434 2423 1503 Κύριε,
2457 1436 2613 1500 ἵλεως
2637 1439 2794 1506 γενοῦ
2816 1455 2830 1469 ο
2860 1439 2944 1503 τίς
2982 1441 3270 1514 ἀναστήσει
3297 1444 3387 1497 τὸν
3441 1445 3657 1514 Ἰακὼϐ,

2095 1523 2176 1577 ὅτι
2201 1526 2474 1593 ὀλιγοστὸς
2513 1530 2661 1595 ἐστι;
2711 1531 3058 1602 μετανόησον,
3103 1534 3306 1604 Κύριε,
3344 1536 3434 1588 ἐπὶ
3462 1536 3659 1608 τούτῳ.

2095 1616 2206 1667 Καὶ
2229 1616 2385 1669 τοῦτο
2414 1618 2472 1670 οὐ
2510 1619 2583 1689 μὴ
2607 1619 2834 1687 γένοιτο,
2864 1622 3010 1691 λέγει
3043 1623 3263 1693 Κύριος.
3305 1645 3323 1676 ι
3357 1627 3660 1683 Τεθεᾶςθαι

2095 1705 2203 1775 γὰρ
2242 1706 2475 1776 ἀκρίδων
2514 1726 2573 1760 τε
2617 1711 2710 1763 καὶ
2744 1711 2986 1781 βρούχων
3031 1713 3176 1782 λέγει
3224 1717 3456 1792 πλῆθος,
3491 1713 3564 1772 ὧν
3595 1719 3660 1773 τὸ

2099 1797 2195 1865 μὲν
2224 1797 2314 1849 τὸν
2346 1799 2657 1868 Ἀσσύριον,
2685 1802 2744 1854 τὸ
2773 1802 2829 1855 δὲ
2855 1804 2943 1856 τὸν
2985 1805 3318 1859 Βαϐυλώνιον
3345 1808 3551 1877 ἐδήλου,
3582 1811 3658 1873 ώς

2096 1887 2161 1939 ἂν
2189 1888 2628 1960 ἐπελευσομένων
2648 1911 2708 1945 τε
2738 1897 2830 1947 καὶ
2855 1897 3220 1964 ἀφανιούντων
3244 1900 3476 1964 ἅπαντα,
3503 1902 3662 1974 ἀκρί-

2093 1975 2257 2040 δοςτε
2289 1980 2380 2032 καὶ
2415 1980 2640 2052 βρούχου
2671 1984 2856 2053 δίκην·
2908 1987 3047 2040 Ἀλλ’
3078 1989 3153 2053 ώς
3190 1985 3346 2057 εἶδον,
3395 1993 3546 2062 φησι,
3597 1993 3662 2047 τδ

2095 2063 2295 2136 πλῆθος
2326 2067 2595 2140 αὔταρκες
2621 2070 2678 2123 ὃν
2705 2071 2916 2127 ἅπαντα
2943 2076 3202 2145 ἀφανίσαι
3229 2079 3318 2130 τὸν
3345 2081 3408 2133 ἐκ
3437 2081 3535 2150 τῆς
3555 2084 3661 2152 γῆς

2094 2155 2468 2227 ἀναδιδόμενον
2493 2161 2720 2231 καρπὸν,
2745 2164 3088 2234 προσπεσὼν,
3115 2169 3298 2237 φησὶν,
3329 2169 3504 2240 ᾔτησα
3529 2189 3661 2240 συγ-

2093 2246 2318 2318 γνώμην
2339 2247 2554 2320 δοθῆναι
2574 2255 2684 2315 τοῖς
2707 2255 3008 2324 πταίσμασι
3037 2261 3150 2320 τοῖς
3177 2259 3485 2330 ἡμετέροις,
3516 2261 3661 2333 ὁρῶν

2098 2336 2195 2405 μὲν
2227 2337 2332 2390 τῶν
2363 2339 2709 2411 ἀπολομένων
2742 2343 2801 2396 τὸ
2830 2345 3066 2414 πλῆθος,
3107 2348 3247 2417 ὁρῶν
3275 2348 3330 2400 δὲ
3364 2349 3473 2404 τῶν
3504 2369 3661 2421 περι-

2094 2424 2418 2495 λειφθέντων
2468 2429 2566 2501 τὴν
2612 2432 2898 2504 ὀλιγότητα
2925 2451 2938 2465 ⁸
3006 2437 3322 2492 ἀνέλπιστον
3367 2440 3423 2492 δὲ
3475 2442 3662 2497 λοιπὸν

2093 2515 2389 2587 ἡγούμενος
2430 2521 2524 2573 καὶ
2564 2522 2672 2576 τῶν
2723 2526 3103 2597 μεμενηκότων
3135 2528 3234 2600 τὴν
3278 2531 3567 2601 σωτηρίαν,
3607 2535 3661 2587 εἱ

2097 2605 2172 2677 μὴ
2195 2606 2326 2671 Θεὸς
2353 2609 2507 2674 ἵλεως
2531 2617 2642 2677 τοῖς
2669 2614 3028 2686 ἁμαρτήμασι
3062 2618 3298 2687 γεγονὼς
3330 2626 3439 2685 τοῖς
3461 2625 3662 2693 ἡμετέ-

2098 2715 2230 2769 ροις,
2259 2700 2349 2752 ἐπὶ
2381 2699 2440 2752 τὸ
2472 2705 2714 2773 κρεῖττον
2758 2707 3051 2775 μεταϐάλοι
3089 2710 3156 2762 τὰ
3191 2712 3487 2782 πράγματα
3509 2729 3522 2742 ·
3557 2715 3661 2768 οὐκ

2095 2789 2308 2854 ἐδέξατο
2334 2790 2410 2853 δὲ,
2443 2793 2595 2863 φησί,
2626 2795 2722 2865 τὴν
2751 2796 2931 2867 δέησιν
2962 2798 3164 2871 ταύτην
3204 2801 3232 2852 6
3272 2801 3402 2866 Θεὸς
3422 2841 3437 2863 ,
3469 2802 3662 2875 ἐπειδὴ

2098 2878 2280 2948 μεῖζον
2317 2880 2540 2952 ἱλασμοῦ
2573 2885 2680 2938 τῶν
2721 2887 3144 2959 ἁμαρτηθέντων
3174 2891 3355 2956 αὐτοῖς
3387 2895 3568 2962 ἡγεῖτο
3597 2895 3661 2946 τὸ

2096 2969 2296 3039 πλῆθος
2316 2987 2329 3000 '
2361 2973 2422 3025 οὐ
2455 2975 2558 3044 χρὴ
2587 2975 2642 3028 δὲ
2672 2975 2973 3047 θαυμάζειν
3000 2983 3048 3034 εί
3079 2978 3198 3035 εἷπε
3219 3026 3231 3047 ,
3274 3005 3292 3036 ι
3333 2985 3455 3054 Γὼγ
3490 2989 3517 3039 6
3560 2986 3659 3054 βα-

2025 3089 2066 3144 C
2101 3060 2296 3124 σιλεὺς,
2337 3081 2355 3113 ι
2399 3065 2584 3136 ἐπειδὴ
2625 3067 2719 3119 καὶ
2760 3069 3061 3140 Ἀσσυρίοις
3101 3074 3382 3144 πρότερον,
3424 3076 3517 3128 καὶ
3550 3077 3659 3128 Βα-

2101 3149 2376 3217 ϐυλωνίοις
2430 3157 2548 3224 μετ’
2591 3159 2784 3223 ἐκεῖνο,
2839 3161 3021 3214 πολλοὶ
3077 3165 3168 3216 καὶ
3220 3164 3328 3217 τῶν
3376 3165 3657 3219 Σκυθικῶν

2100 3240 2269 3295 ἐθνῶν
2300 3245 2664 3317 συνέπραττον
2693 3251 2772 3312 εἰς
2797 3250 2887 3304 τὸν
2913 3252 3144 3324 πόλεμον
3170 3273 3183 3286 ο
3209 3249 3390 3324 ὦνπερ
3418 3252 3509 3310 οὖν
3533 3257 3661 3311 ἐϐα-

2102 3330 2313 3385 σίλευεν
2338 3335 2366 3386 6
2391 3335 2533 3404 Γὼγ,
2561 3332 2728 3410 οὗπερ
2759 3341 3159 3410 ἐμνημόνευσεν
3187 3344 3282 3412 οὐχ
3307 3343 3380 3407 ώς
3406 3345 3664 3415 ἄρχοντος

2099 3419 2194 3472 τοῦ
2239 3423 2472 3493 πολέμου
2514 3428 2634 3480 τότε
2657 3471 2671 3491 ,
2728 3430 2841 3482 ἀλλ’
2881 3431 2956 3494 ώς
3005 3434 3119 3494 τοῖς
3166 3433 3390 3503 ἄρχουσι
3443 3451 3663 3504 συμμαο

2095 3509 2317 3581 χοῦντος
2336 3531 2349 3544 ’
2380 3515 2441 3566 οὐ
2471 3517 2579 3587 γὰρ
2621 3519 2812 3589 ἄδηλον
2849 3523 2931 3574 ὅτι
2961 3523 3056 3574 καὶ
3087 3524 3114 3575 6
3153 3522 3434 3595 Ἀσσύριος
3466 3525 3663 3595 πρότε-

2099 3617 2188 3671 ρον
2217 3604 2384 3658 ἐθνῶν
2411 3606 2618 3660 πολλῶν
2637 3610 2874 3680 ἐκράτει,
2901 3611 2974 3681 (p.
3007 3612 3126 3677 195)
3149 3614 3240 3666 ml.
3266 3615 3380 3684 μετ’
3406 3617 3609 3668 ἐκεῖνον
3630 3617 3662 3668 6

2095 3691 2462 3760 Βαϐυλώνιος·
2499 3696 2590 3761 οὒς
2623 3698 2868 3763 ἅπαντας
2903 3701 3040 3771 μετὰ
3082 3703 3189 3754 τῶν
3215 3704 3506 3774 σατραπῶν
3546 3705 3659 3759 τῶν

1859 3781 2116 3848 παρεῖναι
2147 3785 2240 3838 καὶ
2268 3788 2640 3858 συμπράττειν
2679 3791 2874 3856 αὐτοὺς
2905 3792 2983 3863 τῷ
3016 3793 3258 3865 πολέμῳ.
3292 3792 3424 3849 Εἶτα
3446 3797 3609 3852 πάλιν

2166 3965 2316 4034 Στίχ.
2359 3964 2489 4018 δ’-θ’.
2521 3994 2590 4005 —
2624 3983 2644 4016 ι
2680 3967 2863 4032 Οὕτως
2893 3968 3062 4034 ἔδειξέ
3097 3989 3185 4042 μοι
3218 3971 3420 4043 Κύριος
3449 3975 3478 4026 6
3503 3974 3660 4042 Θεός·

2096 4056 2188 4108 καὶ
2231 4055 2338 4108 ἰδοὺ
2384 4055 2642 4110 ἐκάλεσεν
2687 4057 2784 4129 τὴν
2830 4059 2984 4130 δίκην
3022 4062 3079 4114 ἐν
3112 4063 3246 4133 πυρὶ
3287 4064 3522 4136 Κύριος,
3564 4068 3664 4121 καὶ

433 4111 644 4164 voravit
672 4114 929 4184 abyssum
976 4126 1237 4192 multam;
1268 4138 1321 4184 et
1352 4111 1634 4189 devoravit
1665 4149 1891 4207 partem.
1935 4143 1996 4197 Et

436 4198 543 4224 .I:..:
576 4217 589 4224 -
625 4201 772 4224 n-__-
798 4223 804 4224 ,
924 4211 937 4224 ι
1007 4214 1017 4224 .
1223 4220 1235 4224 -
1340 4220 1359 4224 -

2097 4145 2369 4213 κατέφαγε
2421 4145 2519 4215 τὴν
2567 4111 2799 4200 ἄϐυσσον
2849 4111 3227 4223 «simum:
3259 4155 3355 4207 καὶ
3376 4111 3663 4224 ζιατέφαγι

434 4198 546 4252 dixi
575 4217 589 4253 :
624 4201 868 4272 Domine,
907 4211 1092 4270 desine
1115 4220 1294 4274 modo.
1328 4220 1461 4288 Quis
1499 4228 1996 4298 suscitabitJaeob,

435 4288 561 4316 ιιι-ἶ..
591 4292 830 4316 ..υ-ηιξ----
896 4309 931 4316 κ.
955 4302 976 4316 ιι
999 4303 1033 4316 ι.
1137 4308 1146 4316 .
1398 4315 1405 4316 ,
1534 4315 1537 4316 ,

2097 4236 2194 4306 τὴν
2224 4198 2444 4306 μερίδα·
2476 4198 2773 4291 καὶῖεῖπονο
2807 4198 2999 4312 Κύριε,
3025 4198 3260 4297 κόπάσόν
3291 4245 3354 4316 δή
3375 4263 3389 4276 ο
3415 4248 3497 4310 τίς
3522 4198 3662 4300 ἀνά-

435 4288 563 4356 quia
591 4292 834 4351 modicus
854 4302 976 4354 est?
998 4303 1263 4363 Pmniteat
1288 4319 1359 4376 te,
1391 4315 1639 4380 Domine,
1666 4337 1832 4389 super
1858 4324 1990 4380 hoc!

435 4376 504 4422 Αι
528 4376 628 4422 hoc
675 4395 780 4422 nnn
834 4385 916 4422 ﬁn!
992 4390 1119 4422 Ah.“
1165 4395 1420 4422 n...--:_----
1477 4402 1537 4422 n,
1600 4421 1603 4422 ν
1721 4406 1838 4422 ﬂ...
1911 4411 1922 4422 .

2150 4288 2162 4306 .
2224 4288 2236 4306 ,
2297 4288 2309 4305 ,
2359 4288 2366 4290 _
2807 4288 3255 4312 ---Γ-,πηππ
3293 4288 3354 4316 -.,
3425 4288 3494 4310 ..ς
3529 4288 3630 4300 ...-

2102 4326 2286 4392 στήσει
2318 4326 2408 4378 τὸν
2452 4327 2646 4380 Ἰακὼϐ
2677 4329 2759 4381 ὅτι
2801 4330 3072 4399 ὀλιγοστός
3105 4335 3250 4400 ὲστι;
3300 4337 3659 4407 μετανόησον,

434 4376 504 4427 Αι
527 4376 628 4431 hoc
672 4395 780 4436 non
832 4385 942 4451 ﬁet,
991 4390 1122 4446 dicit
1163 4395 1423 4456 Dominus
1474 4376 1636 4460 Deus.
1664 4425 1684 4458 ι
1721 4376 1864 4471 Vidi,

2112 4376 2120 4378 ν
2151 4376 2226 4392 κνιί
2249 4376 2283 4378 η
2332 4376 2340 4378 ν
2361 4376 2370 4377 ί
2390 4376 2397 4378 ν
2470 4376 2639 4380 -νν----
2682 4376 2700 4381 ν
2720 4376 2758 4381 π
2805 4376 2906 4399 -ν--ο
2925 4376 2946 4382 ν
2966 4376 2977 4379 -
2996 4376 3069 4396 ’τι
3105 4376 3250 4400 *ν’-ν
3300 4376 3624 4407 τ-ντυυσν·δυν’
3642 4379 3659 4401 ν

2100 4415 2271 4486 Κύριε
2288 4456 2301 4480 ,
2327 4417 2420 4469 ἐπὶ
2440 4417 2636 4487 τούτῳ.
2657 4449 2726 4459 -
2756 4422 2866 4474 Καὶ
2893 4421 3050 4475 τοῦτο
3079 4423 3139 4476 οὐ
3161 4424 3234 4496 μὴ
3255 4427 3497 4498 γένηται,
3517 4429 3660 4498 λέγει

434 4466 575 4534 quit.
639 4485 830 4530 rursus
879 4476 1043 4534 Deum
1099 4499 1374 4543 vocantem
1418 4492 1706 4561 judicium,
1758 4516 1866 4568 quo
1910 4517 1996 4558 res

436 4555 712 4585 Ιιηηιε...η-.
769 4565 819 4585 2.-
846 4567 910 4585 ιο-
1130 4576 1140 4585 .

2097 4466 2301 4577 Κύξκᾷξ
2622 4466 2636 4474 ψ
2656 4511 2998 4581 Ἐθεασάμην
3024 4466 3345 4585 γὰρΓφὲἀὶ,
3373 4467 3540 4569 ιπάλιν
3570 4466 3663 4570 ’ξὺν

435 4555 715 4615 hominum
762 4565 1011 4634 judicare
1061 4576 1198 4631 solet
1235 4598 1247 4632 :
1283 4597 1517 4653 namque
1565 4587 1756 4642 horum
1816 4595 1996 4647 omnia

2097 4555 2298 4577 __-r_-,
2338 4555 2356 4560 ,
2399 4555 2540 4571 ---ν
2583 4555 2597 4560 -
2673 4555 2993 4581 “unus...
3035 4555 3152 4585 ,..,,,
3186 4555 3345 4584 τηυ,
3389 4555 3539 4569 .........
3581 4555 3661 4570 ,υ

2097 4597 2249 4661 Θεὸν,
2287 4599 2552 4653 καλοῦντα
2595 4602 2694 4668 τὴν
2725 4601 2882 4672 δίκην
2929 4605 3050 4658 καθ’
3099 4607 3165 4676 ἣν
3209 4607 3381 4661 ἅπασι
3421 4608 3663 4674 δικάζειν

435 4664 622 4706 severe
653 4662 704 4708 et
738 4660 905 4714 multa
939 4678 1061 4717 cum
1091 4666 1444 4736 inquisitione
1477 4681 1758 4733 scrutandi
1790 4697 1910 4738 mos
1951 4685 1996 4739 ei

436 4749 512 4767 ..ι-ι
587 4743 744 4767 ΙῚ.υ---
799 4750 809 4767 ε
894 4752 905 4763 ⁸
1235 4759 1246 4767 ⁵
1404 4764 1415 4767 ⁸

2100 4660 2256 4741 εἴωθε
2289 4693 2400 4753 τοῖς
2429 4660 2753 4762 ἀνθρώποις,
2793 4660 2929 4763 μετὰ
2958 4660 3237 4767 ἀκριϐείας
3263 4715 3323 4750 τε
3353 4699 3447 4752 καὶ
3479 4700 3665 4766 ἐξετά-

433 4749 539 4796 est.
584 4743 751 4800 Porro
798 4750 851 4803 in
894 4752 1017 4822 igne
1063 4759 1295 4823 vocavit,
1325 4764 1451 4831 quia
1499 4767 1589 4819 tali
1638 4783 1797 4836 pmna
1841 4773 2003 4842 digna

435 4831 580 4890 facta
621 4839 972 4899 existimavit.
1004 4847 1124 4912 Quo
1173 4851 1296 4920 igne
1349 4855 1714 4912 lsraelitarum
1756 4863 2003 4916 multitu-

434 4924 616 4982 dinem
657 4931 842 4999 (quam
885 4935 1083 5007 abysso
1120 4947 1422 5015 comparat)
1450 4962 1574 5001 cum
1606 4951 1818 5006 absumi
1854 4952 2004 5008 vidc-

435 5031 585 5083 rem,
655 5037 847 5079 rursus
904 5028 1226 5098 exclamavi,
1283 5033 1705 5094 deminutionem
1764 5042 2000 5111 aliquam

434 5111 562 5166 mali
603 5116 906 5182 postulans.
941 5119 1305 5182 Nihilominus
1339 5127 1481 5185 Deus
1517 5147 1625 5186 non
1662 5135 1868 5188 annuit.
1893 5134 1999 5190 Sed

430 5204 542 5273 jam
607 5213 821 5268 tertiam
869 5233 1087 5288 quoque
1133 5231 1319 5276 narrat
1370 5226 1771 5282 revelationem.
1835 5247 1854 5279 ‹
1907 5229 1998 5283 Sic

435 5303 672 5357 ostendit
712 5307 844 5364 mihi
879 5309 1141 5369 Dominus
1185 5333 1198 5369 ε
1237 5331 1365 5371 ecce
1405 5317 1488 5372 vir
1510 5328 1663 5374 stans
1689 5335 1852 5390 super
1884 5336 2002 5374 mu-

435 5405 557 5443 rum
607 5396 1032 5472 adamantinum,
1071 5415 1128 5462 et
1179 5408 1232 5462 in
1262 5423 1426 5463 manu
1475 5411 1594 5478 ejus
1637 5412 1878 5468 adamas.
1936 5412 2003 5467 Et

436 5479 571 5534 dicit
621 5482 881 5544 Dominus
921 5494 986 5549 ad
1021 5511 1107 5550 me
1151 5498 1336 5563 :Quid
1380 5507 1438 5554 tu
1475 5501 1642 5566 vides,
1693 5503 1897 5556 Amos?
1940 5502 2003 5559 Et

436 5569 549 5626 dixi
581 5589 593 5628 :
627 5573 980 5638 adamantem.
1021 5584 1183 5656 128
1209 5587 1269 5642 Et
1295 5587 1432 5644 dixit
1470 5589 1731 5647 Dominus
1775 5591 1841 5645 ad
1875 5607 1958 5647 me
1986 5610 1998 5649 :

2103 4796 2238 4840 σεως
2285 4780 2484 4850 πολλῆς
2525 4781 2595 4836 τά
2645 4783 2763 4836 κατ’
2817 4785 3013 4848 αὐτοὺς
3062 4788 3368 4857 οἰκονομεῖν
3422 4791 3659 4854 εἰωθώς⁶

2100 4870 2324 4922 ἐκάλεσε
2355 4871 2411 4922 δὲ
2436 4873 2494 4924 ἐν
2514 4875 2668 4943 πυρὶ,
2690 4875 3159 4948 ἐπειδὴιτοιαύτης
3186 4882 3456 4951 τιμωρίας
3480 4885 3665 4952 ἡγεῖτο

2096 4961 2176 5025 τὰ,
2198 4962 2592 5032 πεπραγμένα·
2622 4965 2716 5033 ἀφ’
2746 4959 2807 5018 οὗ
2841 4966 2926 5038 δὴ,
2955 4969 3108 5039 φησὶ,
3151 4970 3211 5023 τὺ
3243 4971 3353 5023 τῶν
3395 4973 3656 5044 Ἰσραηλιο

2096 5051 2206 5104 τῶν
2258 5051 2462 5120 πλῆθος
2515 5055 2736 5126 ἀϐύσσῳ
2791 5059 3083 5130 παρεοικὸς
3133 5063 3667 5134 καταναλισκόμενον

2101 5140 2244 5205 ἰδὼν,
2278 5141 2438 5194 πάλιν
2468 5144 2668 5215 ἐϐόησα
2695 5147 2947 5213 γενέσθαι
2974 5151 3092 5204 τινὰ
3124 5152 3347 5222 μείωσιν
3372 5155 3536 5206 αἰτῶν
3569 5157 3662 5208 τοῦ

2098 5231 2270 5286 κακοῦ
2293 5249 2306 5263 ·
2347 5235 2663 5305 ἀπεφήνατο
2684 5237 2740 5290 δὲ
2765 5237 2982 5292 ἔσεσθαι
3010 5241 3166 5296 τοῦτο
3191 5243 3340 5307 Θεός.
3381 5245 3539 5298 Ἀλλά
3569 5247 3661 5297 καὶ

2096 5323 2286 5396 τρίτην
2329 5326 2669 5396 ἀποκάλυψιν
2709 5328 2890 5397 λέγει’
2936 5350 2953 5382 ι
2988 5331 3172 5396 Οὕτως
3209 5333 3377 5400 ἕδειξέ
3421 5351 3509 5404 μοι
3552 5334 3663 5387 Κύ-

2101 5432 2245 5486 ριος·
2276 5417 2370 5469 καὶ
2402 5417 2508 5471 ἰδοὺ
2540 5418 2678 5489 ἀνὴρ
2717 5419 2962 5490 ἑστηκὼς
3004 5423 3098 5474 ἐπὶ
3128 5423 3341 5493 τείχους
3367 5423 3662 5493 ἀδαμαντί-

2100 5523 2191 5558 νου
2212 5521 2226 5535 '
2251 5507 2345 5559 καὶ
2372 5508 2430 5559 ὲν
2451 5510 2517 5578 τῇ
2549 5509 2688 5578 χειρὶ
2715 5510 2880 5562 αὑτοῦ
2908 5512 3121 5581 ἀδάμας
3140 5529 3155 5543 '
3187 5514 3280 5566 καὶ
3308 5511 3429 5565 εἶπε
3457 5513 3662 5582 Κύριος

2104 5595 2236 5664 πρός
2275 5613 2340 5666 με
2360 5614 2371 5626 ·
2392 5597 2454 5650 Τί
2481 5598 2542 5651 σὺ
2568 5601 2697 5669 ὁρᾷς
2718 5643 2730 5664 ,
2759 5600 2949 5670 Λμώςς
2987 5603 3091 5656 Καὶ
3121 5599 3276 5656 εἶπα·
3333 5603 3656 5674 Ἀδάμαντα.
