3966 6134
321 200 432 257 τεο

1357 197 1908 254 COMMENTARIUS
1943 197 2007 252 ΙΝ
2047 196 2253 253 AMOSI
2279 198 2431 254 CAP.
2468 197 2574 250 VII.

3457 202 3560 257 τοο

326 319 436 372 Καὶ
458 311 581 369 εἶπε
605 315 806 385 Κύριος
821 314 960 387 πρὸς
983 313 1050 384 μέ
1069 327 1084 343 ·
1101 311 1227 366 Ἰδοὺ
1244 276 1353 379 ἐγὼ
1369 313 1609 365 ἐντάσσω
1621 313 1900 383 ἀδάμαντα

2014 310 2142 367 Ecce
2168 328 2267 383 ego
2297 315 2515 382 impono
2545 313 2888 368 adamantcm
2929 315 2982 368 in
3018 314 3194 370 medio
3225 317 3406 387 populi
3454 320 3559 372 mei

328 409 385 458 ἰν
435 406 584 475 μέσῳ
615 403 744 456 λαοῦ
780 421 882 474 μου
939 401 1188 475 Ἰσραήλ·
1225 402 1409 454 οὐκέτι
1441 403 1514 473 μὴ
1548 403 1767 475 προσθῶ
1799 403 1892 457 τοῦ

330 497 615 568 παρελθεῖν
628 496 788 549 αὐτόν
805 513 821 526 ·
849 496 940 548 καὶ
956 493 1408 564 ἀφανισθήσονται
1435 497 1482 546 oi
1500 494 1673 565 βωμοὶ
1688 495 1778 548 τοῦ
1805 495 1894 562 γέ·

328 587 513 648 λωτος·
532 586 628 636 καὶ
639 587 697 637 αἱ
715 584 927 637 τελεταὶ
958 583 1169 654 Ἰσραὴλ
1185 584 1282 653 έρη
1291 579 1657 652 μωθήσονται·
1674 585 1692 653 (
1699 601 1748 654 p.
1773 585 1894 652 194)

329 678 421 728 καὶ
439 676 814 744 ἀναστήσομαι
847 673 940 724 hri.
954 673 1043 724 τὸν
1058 668 1200 724 οἷκον
1224 672 1503 742 Ἱεροϐοάμ
1517 675 1574 726 ἐν
1595 674 1855 744 ῥομφαίᾳ.
1869 692 1888 725 ι

333 765 538 831 Ἐδειξε
562 763 674 832 γάρ
707 761 795 833 μοί
818 779 958 826 τινα,
983 763 1166 831 φησὶν,
1192 763 1278 813 ἐπ’
1299 762 1655 831 ἀδαμαντίνου
1685 764 1896 833 τείχους

330 855 538 906 ἑστῶτα
558 893 575 916 ,
621 852 812 921 ἔχοντα
845 851 938 902 ἐπὶ
983 849 1081 920 τῆς
1131 850 1310 920 χειρὸς
1361 852 1639 922 ἀδάμαντα
1661 867 1674 880 ’
1721 849 1788 924 ἦν
1838 854 1895 906 δὲ

329 943 504 996 ταῦτα
547 943 749 1011 σημεῖα
791 939 887 992 τοῦ
930 938 1160 1009 στερρὰν
1205 938 1300 991 καὶ
1337 938 1524 992 ἄλυτον
1554 939 1896 1009 ἐξενηνέχθαι

331 1033 476 1086 κατά
500 1031 612 1084 τῶν
645 1029 992 1100 Ἰσραηλιτῶν
1019 1027 1168 1099 παρά
1194 1027 1284 1080 τοῦ
1317 1028 1451 1080 Θεοῦ
1478 1029 1574 1098 τὴν
1601 1030 1893 1097 ἀπόφασιν,

333 1125 425 1177 ᾶτε
473 1122 570 1174 τοῦ
617 1120 921 1189 ἀδάμαντος
959 1122 1025 1187 τῇ
1060 1118 1375 1189 στερρότητι
1410 1119 1476 1171 τὰ
1522 1118 1682 1172 λοιπά
1710 1119 1896 1172 νικῶν-

333 1233 440 1276 τος.
495 1212 654 1267 Μετά
687 1211 869 1280 πάσης
913 1210 1124 1274 τοίνυν,
1182 1210 1347 1278 φησι,
1399 1211 1494 1280 τῆς
1545 1212 1896 1282 στερρότητος

335 1305 518 1369 ἐπάξω
546 1303 624 1372 τῷ
663 1300 776 1370 λαῴ
810 1301 878 1352 τὰ
923 1299 1066 1352 κακά
1086 1343 1100 1364 ,
1131 1300 1312 1352 οὐκέτι
1342 1301 1705 1371 παρατρέχειν
1733 1300 1896 1353 αὑτοῦ

333 1397 430 1457 τὰς
471 1392 816 1464 παρανομίας
854 1389 1206 1459 ἀνεχόμενος·
1251 1391 1707 1462 ἀφανισθήσονται
1747 1392 1803 1444 δὲ
1850 1392 1896 1444 οί

339 1485 510 1554 βωμοὶ
542 1483 778 1544 πάντες,
815 1482 872 1532 ὲν
898 1475 978 1542 οἷς
1011 1481 1101 1531 ἐπὶ
1126 1483 1193 1550 τῇ
1235 1481 1342 1534 τῶν
1377 1481 1605 1534 εἰδώλων
1637 1481 1899 1554 θεραπεία

339 1577 430 1645 τὴν
462 1574 654 1645 ἡδονὴν
685 1571 1020 1642 ἐκαρποῦντο
1039 1589 1052 1601 ·
1082 1573 1170 1624 καὶ
1195 1573 1370 1626 πάντα
1399 1572 1484 1642 δὴ,
1529 1575 1679 1643 φησὶ,
1716 1574 1901 1626 συντό-

345 1640 456 1735 μως
483 1640 699 1735 -ὲρημία
743 1640 1170 1732 παραδοθήσεται
1205 1663 1375 1716 ὁπόσα
1409 1640 1503 1715 νῦν
1548 1640 1674 1734 παρ’
1722 1663 1899 1716 αὐτῶν
1932 1640 1973 1693 Β

341 1757 429 1807 ἐπὶ
460 1754 730 1824 θρησκείᾳ
774 1753 881 1806 τῶν
921 1752 1186 1823 δαιμόνων
1216 1752 1543 1824 πληροῦται·
1581 1754 1674 1806 καὶ
1702 1753 1766 1823 δὴ
1807 1755 1899 1807 καὶ

341 1847 518 1898 πᾶσαν
550 1843 645 1896 τοῦ
680 1842 1047 1912 βασιλεύοντος
1075 1842 1224 1912 ὑμῶν
1251 1841 1345 1894 νῦν
1378 1843 1655 1914 Ἰεροϐοάμ
1689 1843 1900 1910 ἀφανιῶ

339 1935 411 2004 τῷ
444 1934 668 2002 πολέμῳ
704 1934 804 2002 τὴν
838 1931 1083 2002 δύναμιν.
1118 1930 1300 1984 Ἐοικε
1343 1933 1398 1986 δὲ
1427 1928 1571 1987 οἷκον
1624 1934 1902 2004 ’Ῑεροϐοάμ

340 2025 570 2080 ἐνταῦθα
615 2024 717 2092 τὴν
765 2022 1037 2093 βασιλείαν
1080 2023 1294 2076 ἃπασαν
1320 2022 1526 2090 λέγειν,
1555 2024 1619 2076 ὲκ
1643 2023 1738 2076 τοῦ
1770 2041 1904 2095 κρα-

342 2117 554 2178 τοῦντος
595 2116 741 2169 ἅπαν
777 2115 1025 2184 σημήνας
1062 2114 1121 2166 τὸ
1150 2113 1331 2179 ἔθνος,
1361 2113 1520 2185 δήλου
1549 2129 1612 2181 γε
1640 2114 1788 2178 δντος
1828 2114 1904 2177 ὡς

343 2212 522 2270 taret;
545 2207 685 2277 μετά
705 2206 797 2258 τὸν
823 2205 1102 2275 ἰεροϐοὰμ
1128 2205 1336 2275 χρόνοις
1359 2206 1392 2276 ἡ
1419 2204 1525 2258 τῶν
1548 2204 1682 2275 (Ξ8Ἳ
1718 2206 1907 2258 ’Δσσυ-

345 2300 472 2368 ρίων
498 2298 682 2366 ἔφοδος
707 2297 896 2365 γέγονε
928 2297 1068 2349 κατά
1091 2294 1184 2348 τοῦ
1223 2295 1457 2368 Ἰσραήλ.

361 2447 365 2450 ,
410 2391 559 2460 Στίχ.
595 2388 748 2457 ι’-ιγθ.
781 2417 852 2428 —
878 2387 1114 2441 Τοιαῦτα
1139 2387 1202 2458 δὴ
1231 2386 1324 2440 τοῦ
1353 2388 1631 2458 προφήτου
1662 2404 1908 2458 μεμηνυ-

1997 400 2250 470 lsraelis;
2284 419 2629 472 nequaquam
2680 404 2821 458 ultra
2868 405 3061 458 addam
3097 419 3155 458 ut
3188 416 3556 475 pertranseam

1995 507 2142 547 cum.
2191 491 2256 544 Et
2313 493 2664 546 destrucntur
2721 508 2829 548 arae
2882 494 3049 556 risus,
3112 506 3162 550 et
3222 495 3558 550 initiationes

1996 579 2216 635 Israelis
2267 580 2690 647 desolabuntur;
2733 591 2786 635 ct
2817 598 3140 653 consurgant
3175 587 3434 640 adversus
3460 588 3555 638 do-

1997 685 2145 724 mum
2175 669 2484 725 Jeroboami
2519 688 2641 725 cum
2683 673 2885 741 gladio.
2919 693 2936 722 ι
2986 672 3380 729 Dcinonstravit
3425 677 3557 728 mibi

1997 762 2311 830 quemdam,
2355 763 2551 832 inquit,
2599 778 2761 832 super
2809 763 3159 818 adamantina
3209 782 3364 818 intiro
3410 778 3559 819 stan-

1998 861 2130 917 tem,
2182 853 2272 922 qui
2313 869 2476 907 manu
2527 855 2653 908 item
2711 855 3054 908 adamantem
3108 858 3345 910 tenebat.
3389 858 3560 912 Porro

1997 944 2112 999 haac
2154 953 2308 999 erant
2360 945 2557 998 indicia
2601 944 2770 1000 ﬁrmae
2811 955 2974 1014 atque
3021 945 3332 1002 insolubilis
3382 965 3408 1000 a
3453 949 3559 1002 lico

1998 1036 2121 1091 lata:
2176 1038 2439 1090 adversus
2495 1037 2766 1091 lsraelitas
2810 1039 3110 1098 sententiae,
3175 1039 3431 1092 nimirum
3478 1040 3556 1092 uti

2002 1127 2225 1182 adamas
2284 1127 2486 1181 duritie
2539 1142 2635 1181 sua
2688 1128 2869 1180 omnia
2917 1135 3158 1196 superat.
3214 1129 3347 1180 Cum
3405 1130 3551 1181 omni

2000 1219 2186 1288 igitur,
2213 1219 2409 1287 inquit,
2442 1218 2698 1272 ﬁrmitate
2736 1219 2997 1272 adducam
3035 1221 3231 1288 populo
3264 1222 3420 1278 mala.
3456 1234 3558 1274 nec

1999 1309 2207 1364 diutius
2237 1309 2587 1364 dissimulare
2631 1317 2847 1377 peccata
2877 1310 2995 1377 ejus
3026 1313 3219 1378 patiar.
3261 1309 3558 1364 Destrucn-

2000 1406 2090 1453 tur
2137 1406 2316 1452 autem
2352 1413 2459 1451 arat
2501 1413 2714 1459 omnes,
2769 1397 2909 1466 apud
2961 1415 3097 1467 quas
3139 1399 3279 1452 idola
3330 1399 3562 1453 colendo

2001 1490 2302 1559 voluptatis
2343 1488 2580 1542 fructum
2613 1489 2916 1556 capiebant.
2948 1487 3010 1542 Et
3034 1490 3213 1542 omnia
3241 1498 3296 1542 ut
3327 1491 3563 1543 breviter

2005 1581 2180 1636 dicam
2219 1581 2459 1633 vastitati
2490 1579 2794 1640 tradentur,
2827 1587 3094 1648 quotquot
3141 1594 3284 1633 nunc
3329 1581 3395 1632 ah
3427 1579 3562 1646 ipsis

2002 1674 2072 1726 ob
2104 1673 2409 1726 daemonum
2465 1671 2732 1723 culturam
2784 1671 2937 1723 liunt.
2975 1669 3116 1734 Quin
3156 1678 3210 1723 ct
3255 1671 3562 1723 universam

2001 1762 2282 1829 regnantis
2312 1773 2458 1813 nunc
2483 1757 2793 1812 Jeroboami
2821 1760 3116 1827 potentiam
3149 1759 3287 1813 bello
3313 1775 3561 1828 pessum-

2000 1852 2160 1907 dabo.
2204 1849 2433 1904 Videtur
2456 1859 2633 1903 autem
2668 1849 2755 1901 hic
2782 1849 3000 1901 domum
3035 1847 3342 1902 Jeroboami
3379 1851 3562 1904 direre

2000 1956 2100 2011 pro
2131 1950 2243 1994 toto
2283 1955 2480 2009 regno;
2514 1955 2579 1992 ex
2612 1940 2857 2008 principe
2891 1950 3102 2007 gentem
3146 1948 3310 1992 toxam
3347 1942 3556 2010 signiti-

2002 2046 2154 2085 cans.
2186 2030 2355 2084 Porro
2379 2031 2716 2098 exploratum
2761 2037 2845 2083 est
2879 2029 3186 2083 Jeroboami
3227 2035 3561 2100 temporibus

2004 2121 2254 2178 evenisse
2275 2121 2627 2191 Assyriorum
2646 2122 3046 2190 expeditionem
3072 2131 3263 2177 contra
3287 2124 3557 2181 lsraelem.

2077 2383 2245 2440 νεικε-
2273 2383 2463 2438 10-15.
2484 2383 2704 2439 --Cum
2737 2383 2851 2439 haec
2882 2387 3142 2456 pr0pbeta
3170 2390 3316 2458 genti
3350 2389 3566 2447 lsraelis

344 2482 500 2541 κότος
533 2478 920 2532 ἐπελεύσεσθαι
947 2476 1025 2547 τῷ
1057 2477 1196 2530 ἔθνει
1234 2476 1326 2530 τοῦ
1371 2478 1585 2548 Ἰσραὴλ
1605 2519 1619 2540 ,
1654 2478 1794 2548 ὑπὲρ
1831 2471 1906 2532 ὧν

2014 2487 2267 2531 eventura
2313 2476 2684 2545 praedixisset,
2735 2486 2954 2545 propter
3004 2479 3182 2534 varias
3232 2493 3568 2549 perpetratae

346 2573 573 2643 ἠσέϐουν
602 2589 662 2624 τε
700 2569 795 2623 καὶ
827 2569 1164 2638 παρενόμουν
1191 2568 1467 2630 ποικίλων,
1515 2569 1771 2637 ’Δμεσίας
1796 2571 1824 2621 ό
1851 2571 1908 2623 ὲν

2014 2567 2315 2636 impietates
2339 2577 2500 2635 atque
2523 2568 2815 2636 nequitias,
2840 2570 3083 2622 Amesias
3102 2572 3194 2638 qui
3218 2573 3358 2640 apud
3386 2573 3568 2628 Bothel

346 2663 543 2732 Βαιθὴλ
579 2659 873 2730 ίερατεύων
905 2659 998 2710 καὶ
1029 2657 1125 2725 τῆς
1159 2655 1420 2725 τοσαύτης
1452 2655 1704 2719 ἀσεϐείας
1743 2655 1907 2726 ἡγού-

2014 2658 2268 2713 sacerdos
2291 2667 2428 2723 erat,
2451 2665 2503 2712 et
2529 2661 2663 2712 tanti
2689 2661 2913 2714 sceleris
2947 2661 3144 2729 popqu
3165 2664 3417 2716 universo
3438 2665 3572 2729 dux,

350 2771 505 2823 μενος
537 2752 705 2804 παντὶ
746 2749 824 2820 τῷ
858 2748 992 2819 λαῷ,
1027 2745 1249 2801 συνιδὼν
1291 2747 1365 2812 ὡς
1404 2748 1495 2800 ἐπὶ
1539 2748 1697 2801 πλέον
1737 2747 1911 2801 ταῦτα

2014 2748 2447 2801 animadvertens
2486 2749 2630 2817 quod
2659 2749 2704 2802 si
2742 2765 2804 2803 ea
2849 2751 3081 2806 ulterius
3107 2755 3366 2821 propheta
3391 2756 3572 2810 dicere

348 2845 498 2916 παρά
523 2843 619 2896 τοῦ
651 2843 929 2914 προφήτου
949 2839 1236 2909 λεγόμενα,
1267 2838 1340 2907 (ρ.
1373 2839 1492 2909 195)
1517 2839 1909 2909 ἀμελεστέρους

2014 2846 2278 2907 pergeret,
2339 2840 2623 2907 segniores
2681 2840 2734 2892 in
2789 2840 3056 2894 idolorUm
3102 2845 3253 2896 cultu
3313 2845 3572 2912 plurimos

348 2933 484 2990 εἶναι
518 2934 649 3003 περὶ
674 2933 776 3003 τὴν
808 2930 902 2984 τοῦ
936 2929 1152 2983 είδώλου
1181 2929 1473 3001 θεραπείαν
1503 2931 1910 3000 παρασκευάσει

2017 2927 2238 2988 faceret,
2290 2927 2494 2996 quippe
2552 2929 2644 2997 qui
2707 2929 3084 2982 vaticiniorum
3137 2931 3412 3000 pmpheta:
3457 2933 3570 3000 jam

349 3026 470 3088 τοὺς
498 3023 787 3085 πλείστους
809 3061 825 3086 ,
855 3020 950 3074 ἀτε
981 3019 1059 3089 τῷ
1086 3019 1234 3090 φόϐῳ
1263 3021 1764 3091 προκατεχομένους
1803 3020 1910 3072 τῶν

353 3114 704 3185 μηνυομένων
738 3111 887 3182 παρά
915 3109 1009 3164 τοῦ
1047 3112 1356 3181 προφήτου,
1389 3113 1642 3181 πειρᾶται
1678 3111 1777 3180 μὲν
1818 3111 1914 3163 αυ-

351 3202 441 3256 τὸν
481 3202 575 3255 τὸν
619 3200 842 3271 βασιλέα
888 3199 1166 3271 Ἱεροϐοάμ
1210 3201 1301 3252 ἐπὶ
1331 3201 1422 3253 τὸν
1457 3202 1736 3271 προφήτην
1773 3218 1914 3271 παρ-

351 3295 554 3360 οξῦναι,
606 3291 683 3355 ὡς
737 3291 961 3344 πλεῖστα
998 3292 1096 3344 ὅσα
1129 3291 1267 3344 κατά
1302 3308 1362 3343 τε
1406 3289 1568 3343 αὐτοῦ
1607 3291 1700 3343 καὶ
1737 3291 1913 3360 πάσης

355 3386 512 3438 αὐτοῦ
541 3383 777 3451 λέγοντα
800 3383 900 3452 τῆς
924 3381 1215 3451 βασιλείας·
1243 3384 1335 3435 καὶ
1359 3383 1440 3434 ὃτι
1469 3382 1604 3451 μηδὲ
1631 3382 1729 3452 τὴν
1748 3383 1914 3451 ἀκοὴν

355 3471 459 3528 οἷόν
495 3491 557 3528 τε
584 3475 903 3541 ὑπενεγκεῖν
933 3471 1028 3524 τοῦ
1075 3472 1332 3542 μεγέθους
1367 3471 1474 3524 τῶν
1515 3472 1916 3542 ἀπειλουμένων

356 3567 570 3621 ἔσεσθαι
623 3565 754 3635 παρ’
799 3562 1002 3618 αὑτοῦ·
1039 3561 1231 3633 μηνύει
1263 3561 1371 3633 γάρ
1413 3561 1640 3615 θάνατον
1680 3563 1778 3632 μὲν
1822 3561 1916 3615 τοῦ

357 3657 641 3729 βασιλέως,
677 3655 1050 3726 αἰχμαλωσίαν
1091 3653 1148 3706 δὲ
1182 3653 1377 3716 παντὸς
1421 3652 1512 3704 τοῦ
1554 3652 1680 3705 λαοῦ
1701 3666 1714 3680 '
1754 3649 1822 3723 ἦν
1862 3652 1919 3704 δὲ

353 3751 414 3803 τὸ
442 3750 572 3820 περὶ
610 3747 704 3800 τοῦ
743 3745 1005 3815 βασιλέως
1037 3743 1317 3816 προδήλως
1349 3742 1573 3812 ψευδὲς,
1622 3743 1743 3795 ἐπεὶ
1789 3742 1920 3811 μηδὲ

355 3840 540 3910 είρητό
581 3836 685 3891 πού
729 3854 782 3890 τι
815 3834 1026 3889 τοιοῦτο
1062 3835 1138 3906 τῷ
1183 3835 1465 3904 προφήτῃ·
1511 3832 1827 3897 συνέπλεξεν
1867 3832 1923 3884 δὲ

2014 3019 2338 3073 tenebantur
2373 3028 2540 3083 metu,
2574 3027 2804 3072 conatus
2850 3027 2934 3074 est
2983 3035 3158 3089 regem
3190 3020 3571 3077 Jeroboamum

2013 3111 2069 3166 in
2116 3111 2433 3182 prophetam
2485 3113 2781 3175 concitare,
2827 3113 2984 3180 quasi
3032 3114 3266 3181 plurima
3316 3115 3574 3170 adversus

2013 3204 2188 3272 ipsum
2227 3211 2510 3270 totumque
2544 3218 2768 3272 regnum
2800 3201 3106 3270 dicentem;
3141 3220 3369 3272 quarum
3404 3208 3576 3258 mina-

2015 3311 2135 3349 rum
2165 3309 2232 3348 ne
2255 3294 2444 3348 auditu
2473 3294 2691 3362 quidem
2720 3295 2938 3348 tolerari
2963 3295 3356 3348 immanitatem
3382 3311 3574 3364 posse;

2016 3385 2320 3457 praedicere
2365 3386 2512 3447 enim
2546 3385 2688 3453 regis
2723 3393 2973 3445 mortem,
3021 3394 3073 3437 et
3107 3385 3344 3437 universi
3395 3385 3576 3451 populi

2017 3479 2408 3548 captivitatem.
2489 3475 2833 3529 Manifestum
2896 3475 2949 3528 id
3001 3481 3182 3526 tamen
3239 3476 3575 3528 IllClldat'iUIIl

2017 3579 2170 3636 erat,
2223 3569 2292 3621 ad
2344 3582 2527 3636 regem
2561 3565 2720 3634 129
2751 3564 2893 3633 quod
2954 3564 3181 3629 attinet;
3243 3565 3376 3617 nihil
3433 3567 3574 3618 enim

2019 3658 2289 3729 ejusmodi
2325 3657 2587 3725 propheta
2618 3657 2866 3720 dixerat;
2894 3668 3081 3706 verum
3111 3656 3357 3710 Amesias
3387 3655 3436 3710 id
3470 3657 3578 3710 cal-

2022 3748 2129 3802 lide
2167 3746 2330 3799 dictis
2386 3745 2453 3798 de
2496 3744 2694 3812 populo
2739 3743 3025 3812 implicuit,
3081 3752 3140 3796 ut
3187 3759 3364 3814 regem
3403 3749 3574 3812 magis

2022 3842 2388 3906 exasperat-ct.
2431 3835 2566 3889 Cum
2600 3849 2713 3887 rem
2744 3841 2925 3888 tamen
2971 3834 3082 3902 regi
3132 3850 3240 3886 non
3284 3837 3577 3902 persuade-

354 3930 503 3998 ὅμως
528 3927 665 3980 αὐτὸ
692 3929 758 3996 τῇ
788 3925 917 3994 περὶ
949 3925 1039 3977 τὸν
1070 3923 1197 3977 λαὸν
1226 3924 1524 3991 ἀποφάσει,
1551 3923 1624 3985 ὡς
1666 3921 1728 3975 ἂν
1754 3921 1913 3992 τούτῳ

2025 3935 2128 3991 ret,
2180 3925 2391 3980 timenti
2447 3923 2766 3992 prOphctam
2813 3922 3027 3984 laedere,
3081 3932 3302 3992 propter
3351 3941 3410 3976 ea
3463 3941 3581 3992 qua:

357 4020 558 4089 μᾶλλον
583 4015 937 4086 παροξύνειεν
967 4016 1058 4068 τδν
1088 4015 1335 4085 βασιλέα·
1367 4013 1442 4076 ὡς
1474 4013 1530 4066 δὲ
1561 4015 1659 4065 οὐκ
1689 4013 1810 4082 ἔσχε
1834 4013 1913 4066 τὸν

2025 4017 2277 4073 evenisse
2313 4022 2539 4068 noverat
2568 4013 2669 4066 sub
2703 4012 2980 4079 pr0phetis
3013 4013 3232 4079 nuperis
3266 4012 3377 4064 Elia
3423 4026 3582 4078 ειιιειιι·

357 4108 583 4180 βασιλέα
610 4105 930 4175 πειθόμενον
950 4106 978 4156 ὁ
1014 4104 1290 4172 Ἀμεσίας,
1314 4099 1564 4154 δείσαντά
1589 4120 1638 4154 τι
1665 4101 1801 4153 κατά
1831 4102 1913 4154 τοί

2026 4109 2250 4166 Elissam
2277 4124 2290 4172 ;
2324 4107 2701 4176 prrecipueque
2737 4103 2861 4172 quia
2888 4103 3163 4155 voluntate
3196 4101 3398 4159 Elissaei
3429 4103 3578 4156 quu.

355 4200 641 4269 προφήτου
681 4195 904 4264 ποιῆσαι
947 4194 1137 4260 κακὸν,
1182 4193 1273 4261 ἀφ’
1311 4187 1384 4245 ὧν
1415 4192 1642 4259 ἐγνώκει
1689 4193 1840 4263 παρά
1867 4210 1913 4244 τε

2028 4215 2187 4254 avum
2240 4213 2398 4252 suum
2436 4197 2504 4248 ob
2555 4193 2924 4247 ulciscendum
2954 4191 3218 4247 Jezahelis
3255 4209 3305 4248 et
3350 4200 3404 4245 .\.
3434 4219 3522 4244 .,;ι-

367 4289 556 4342 ⁹Ηλίου
612 4285 712 4338 καὶ
767 4283 1068 4336 Ἐλισσαίου
1108 4281 1552 4354 προφητευόντων
1587 4299 1647 4334 τε
1697 4283 1795 4352 ήδη
1835 4283 1913 4335 κα¹

2035 4291 2238 4348 scelus,
2271 4286 2337 4338 ad
2366 4300 2589 4354 regnum
2616 4293 2953 4352 assumptum
2989 4284 3213 4348 sciebat,
3245 4290 3382 4353 quod
3420 4307 3445 4333 ιε

357 4377 702 4447 γεγονότων·
748 4374 844 4428 καὶ
895 4374 1128 4444 μάλιστα
1167 4374 1350 4442 ἐπειδὴ
1385 4371 1578 4443 γνώμῃ
1615 4373 1704 4425 τοῦ
1757 4374 1928 4426 Ἐλισ-

358 4469 540 4531 σαίου,
586 4464 727 4535 Ἰηοῦ
764 4464 854 4516 τὸν
885 4463 1203 4535 προπάτορα
1240 4464 1330 4515 τὸν
1367 4461 1558 4514 ἑαυτοῦ
1591 4463 1677 4513 ἐπ’
1722 4461 1930 4532 ἐκδικίᾳ

350 4559 452 4629 τῆς
496 4556 742 4622 Ἰεζάϐελ
769 4572 828 4607 τε
858 4556 952 4608 καὶ
1002 4554 1203 4624 Ἀχαάϐ
1246 4554 1587 4624 παρανομίας
1627 4553 1930 4621 παρεληλυ-

347 4656 482 4712 θότα
533 4654 618 4714 είς
656 4649 755 4720 τὴν
796 4647 1070 4717 βασιλείαν
1097 4646 1397 4715 ήπίστατο,
1447 4646 1482 4715 ἢ
1531 4645 1624 4696 καὶ
1656 4645 1733 4704 είς
1772 4646 1932 4697 αὑτὸν

351 4743 622 4816 ἐλήλυθεν
650 4739 762 4793 ἀπὸ
795 4739 904 4790 τῶν
936 4737 1073 4807 πρὸς
1101 4738 1304 4797 ἐκεῖνον
1343 4735 1722 4804 γεγενημένων
1757 4737 1931 4803 ἐπαγ-

351 4832 547 4900 γελιῶν
599 4827 753 4899 παρά
792 4825 885 4879 τοῦ
919 4823 1055 4877 θεοῦ
1081 4841 1095 4855 ·
1123 4825 1280 4887 αὐτὸς
1323 4823 1506 4875 λοιπὸν
1536 4826 1602 4893 τῇ
1633 4824 1807 4893 οἰκείᾳ
1845 4825 1940 4875 αὐ-

353 4927 540 4998 θαδειᾳ
573 4921 708 4991 πρὸς
734 4917 824 4972 τὸν
859 4914 1040 4986 Ἀμὼς
1066 4916 1095 4968 ὁ
1127 4913 1382 4984 ’Δμεσίας
1407 4913 1601 4982 φησίν·
1637 4932 1656 4964 ι
1699 4915 1756 4966 Ὀ
1776 4915 1937 4984 ὁρῶν,

355 5015 553 5084 βάδιζε,
597 5007 917 5080 ἐκχώρησον
947 5005 1013 5057 σὺ
1041 5004 1118 5066 είς
1143 5004 1245 5072 γῆν
1284 5003 1472 5064 Ἰούδα,
1500 5003 1590 5053 καὶ
1616 5004 1732 5055 ἐκεῖ
1767 5021 1936 5056 κατα-

353 5104 497 5170 είσυ,
546 5102 640 5154 καὶ
676 5100 797 5152 ἐκεῖ
831 5092 1266 5167 προφητεύσεις·
1308 5094 1386 5154 είς
1433 5091 1487 5142 δὲ
1519 5091 1720 5161 Βαιθὴλ
1757 5093 1939 5144 οὐκέτι

356 5195 687 5267 προσθήσεις
716 5187 812 5244 τοῦ
844 5181 1228 5256 προφητεῦσαι
1252 5198 1265 5212 ·
1299 5183 1379 5234 ὅτι
1401 5181 1642 5251 ἀγίασμα
1673 5182 1934 5251 βασιλέως

355 5289 462 5342 ἐττὶ
509 5286 601 5340 καὶ
629 5279 778 5344 οἶκός
801 5281 924 5332 ἐστι
962 5275 1259 5346 βασιλείας.
1298 5292 1315 5325 ι
1355 5279 1429 5343 (p.
1471 5274 1589 5339 196)
1627 5275 1935 5345 Εἱρωνικῶς

355 5383 443 5452 ἔφη
487 5379 563 5444 τὸ,
603 5399 622 5432 ι
658 5380 686 5431 ό
708 5374 896 5447 όρῶν·
931 5392 952 5424 ι
987 5371 1178 5440 ἐπειδὴ
1205 5373 1308 5442 γὰρ
1335 5371 1507 5433 οὕτως
1553 5369 1776 5422 ἐκάλουν
1810 5369 1937 5430 τοὺς

411 5495 453 5528 ⁸⁸
498 5508 516 5547 ι
554 5490 689 5561 Reg.
736 5503 816 5542 ix.
862 5481 919 5536 9.

412 5587 534 5659 (ιε)
573 5584 712 5641 Cod.
750 5582 972 5650 ἥττων.

2042 4379 2108 4430 ad
2146 4392 2225 4439 se,
2250 4375 2406 4442 juxta
2441 4373 2612 4426 factas
2644 4371 2720 4424 illi
2760 4387 2790 4424 a
2835 4370 2943 4424 Deo
2974 4372 3387 4439 promissiones,
3429 4376 3477 4421 di
3502 4390 3561 4420 γυ

2028 4480 2217 4530 nerat',
2269 4465 2558 4534 posthaec,
2592 4464 2835 4530 inquam,
2882 4461 3098 4529 propria
3150 4462 3446 4514 instinctus
3493 4476 3590 4512 au-

2031 4555 2185 4609 dacia
2227 4555 2300 4606 ita
2338 4553 2453 4622 ipse
2498 4550 2744 4604 Amesias
2794 4563 2918 4601 cum
2949 4548 3150 4601 Amoso
3190 4549 3588 4615 expostulavit.

2037 4665 2053 4699 ι
2087 4645 2130 4700 Ο
2157 4645 2372 4706 videns,
2400 4659 2584 4712 perge,
2616 4639 2808 4696 recede
2843 4639 2897 4692 in
2926 4639 3198 4709 regionem
3233 4647 3401 4700 tuam,
3438 4644 3490 4690 et
3521 4637 3591 4688 ibi

2032 4738 2179 4801 vive,
2215 4727 2269 4790 et
2294 4736 2366 4788 ibi
2406 4732 2776 4804 prophetabis.
2813 4730 2879 4783 Et
2910 4730 2964 4783 in
2997 4729 3180 4783 Betbel
3225 4743 3333 4781 non
3371 4726 3595 4795 adjicies

2038 4831 2180 4882 ultra
2227 4837 2285 4880 ut
2317 4826 2632 4895 prophetes,
2674 4823 2800 4892 quia
2850 4820 3210 4876 sanctiﬁcatio
3239 4818 3383 4886 regis
3412 4822 3515 4877 est,
3545 4823 3596 4869 et

2036 4923 2230 4975 domus
2297 4928 2380 4971 est
2431 4915 2603 4984 regni.
2647 4932 2666 4964 ι
2725 4911 2934 4966 lronice
2982 4911 3140 4975 dixit,
3194 4928 3211 4959 ι
3243 4924 3276 4961 o
3321 4905 3530 4958 videns.
3573 4923 3591 4956 ι

2036 5009 2173 5076 Quia
2218 5007 2361 5060 enim
2414 5007 2496 5060 sic
2528 5003 2798 5058 vocabant
2838 5001 3154 5070 prophetas,
3206 5004 3394 5063 utpote
3429 5009 3597 5063 pecu-

2038 5102 2204 5154 liares
2240 5097 2502 5166 quasdam
2526 5095 2786 5153 visiones,
2814 5090 2922 5145 Deo
2945 5106 3040 5160 per
3065 5087 3449 5142 revelationem
3473 5101 3596 5153 ope-

2042 5199 2216 5253 rante,
2257 5188 2533 5251 videntes;
2567 5185 2710 5237 sicut
2744 5181 2917 5247 etiam
2947 5180 3002 5232 in
3041 5178 3245 5247 Regum
3284 5177 3439 5230 libris
3469 5175 3598 5228 dici-

2044 5279 2216 5339 tur”,
2265 5293 2294 5328 a
2336 5275 2536 5344 populo
2579 5271 2836 5340 appellari
2887 5269 3229 5337 prophetam,
3293 5267 3384 5336 qui
3443 5273 3600 5318 antea

2001 5415 2013 5432 ,
2045 5368 2325 5423 dicebatur
2355 5363 2630 5418 videns":
2661 5360 2890 5426 ironicc,
2927 5359 3169 5428 inquam,
3196 5356 3352 5424 dicit,
3390 5374 3406 5406 ι
3449 5371 3480 5409 ο
3522 5355 3600 5405 vi-
