3966 6134
462 294 558 348 ευι
665 278 672 285 ’
1654 275 2004 332 Timonem
2035 276 2047 328 ι

2152 276 2255 330 .‘SU
2270 274 2384 326 ES'i
2403 271 2509 324 ΕΝΙ
3585 265 3692 318 Ξ9Ξ

465 408 624 473 dens,
659 423 676 456 ι
709 419 830 474 pro,
865 417 899 456 ο
929 403 1026 473 qui
1052 401 1169 468 hac
1209 397 1450 458 nuntias,
1487 395 1574 448 abi
1597 393 1726 447 hinc
1755 393 1807 445 in
1833 400 2032 446 terram

2152 388 2437 460 προφήτας,
2473 385 2544 447 ὡς
2576 382 2879 452 ἐξαιρέτους
2915 381 3062 444 τινὰς
3086 380 3235 449 ὄψεις
3264 380 3381 431 κατ’
3416 375 3693 446 ἐνέργειαν

465 465 638 560 ludar,
690 465 796 566 qua
819 465 982 549 certe
1034 465 1088 546 in
1123 491 1346 558 regione
1391 487 1723 541 constabunt
1762 485 1858 538 tibi
1907 500 2030 554 qua:

2152 478 2278 530 laizv
2321 475 2386 528 δι’
2426 471 2815 541 ἀποκαλύψεως
2848 470 3087 539 ὁρῶντας
3140 466 3305 537 (καθά
3347 466 3439 518 καὶ
3483 465 3541 518 ὲν
3575 468 3696 527 ταῖς

468 587 607 641 dicis
637 602 652 639 :
678 554 838 638 modo
883 584 952 637 ab
985 582 1070 636 his
1121 554 1258 633 locis
1300 578 1556 635 absistas.
1594 575 1685 628 ubi
1732 573 1914 626 omnia
1955 572 2022 626 ad

2152 565 2439 627 Βασιλείαις
2479 565 2664 633 φησὶν,
2700 563 2778 614 ὅτι
2814 561 2903 613 τὸν
2950 560 3234 629 προφήτην
3272 556 3454 609 ἐκάλει
3483 557 3512 607 6
3545 554 3694 616 λαὸς,

467 677 745 732 lsraelitici
788 673 936 744 regni
981 672 1074 741 jus
1123 670 1427 740 pertinent;
1471 681 1646 734 neque
1680 665 1776 718 tibi
1815 664 1894 718 l'as
1939 672 2024 718 est

2152 678 2154 707 τ
2183 655 2485 729 ἔμπροσθεν
2507 657 2534 708 6
2559 655 2767 724 βλέπων
2793 652 2860 720 ι),
2884 649 3177 722 εἰρωνικῶς
3198 644 3316 701 εἷπε
3343 646 3420 710 τὸ,
3453 664 3472 696 ι
3494 644 3690 714 ὁρῶν,ι

468 768 674 822 homini
709 767 776 820 de
817 735 1156 818 tribu'Judae
1195 762 1284 814 hic
1323 759 1610 820 diversari,
1658 766 1712 812 et
1749 771 1846 826 pro
1877 756 2030 810 libito

2152 751 2251 802 ιντὶ
2272 749 2388 812 τοῦ,
2409 749 2436 801 6
2457 746 2626 801 ταῦτα
2648 743 3126 813 ἐπαγγελλόμενος.
3154 739 3339 792 Ἀπιθι
3365 738 3430 808 δὴ
3449 735 3698 788 ἐντεῦθεν

467 859 641 926 loqui,
673 864 1030 923 nostrumque
1068 867 1291 922 regnum
1330 847 1675 903 conturbare.

2152 845 2209 906 ιίς
2234 843 2331 912 τὴν
2365 840 2533 894 Ἰούδα
2567 841 2698 906 γῆν,
2741 838 2796 888 ὲν
2830 830 2949 907 ᾖδὴ
2982 829 3135 901 χώρᾳ
3163 827 3272 892 ἕξει
3303 844 3384 880 σοι
3405 825 3577 879 ταῦτα
3606 823 3698 875 λε-

469 912 702 1016 γόμεναο
752 945 860 998 τῶν
900 912 959 997 δέ
1003 912 1231 997 ὲνταξθα
1275 941 1454 993 τόπων
1489 939 1725 1006 ἀπόσχου
1744 976 1758 1001 ,
1788 934 1973 1005 ἐπειδὴ
2002 934 2301 1006 ἀφώρισται
2331 932 2509 984 πάντα
2534 929 2602 982 τὰ
2625 926 2808 980 ἐνθάδε
2826 927 2890 994 τῇ
2921 921 3012 976 τοῦ
3061 917 3275 990 Ἰσραὴλ
3298 915 3563 988 βασιλείᾳο
3601 912 3700 1016 καὶ

467 1007 774 1111 οὐθεμιτόν
812 1057 892 1092 σοι
927 1041 990 1092 ὲκ
1014 1039 1112 1108 τῆς
1147 1036 1314 1088 Ἰούδα
1340 1033 1509 1103 φυλῆς
1537 1031 1648 1084 ὄντι
1679 1028 1911 1084 ἐνταῦθα
1946 1028 2198 1099 παρεῖναί
2235 1044 2294 1080 τε
2333 1027 2427 1079 καὶ
2467 1023 2644 1091 λέγειν
2676 1019 2744 1072 τὰ
2783 1017 3037 1071 δοκοῦντα
3056 1055 3070 1078 ,
3101 1011 3476 1081 διαταράττειν
3506 1025 3566 1060 τε
3595 1007 3699 1076 τὴν

470 1135 742 1204 βασιλείαν
781 1133 920 1186 οὕτω
955 1133 1050 1204 τὴν
1082 1129 1209 1202 παρ’
1246 1130 1394 1198 ἡμῖν.

543 1225 711 1278 Vsus.
790 1223 965 1278 l4-l7.
1018 1247 1088 1260 —
1139 1219 1219 1272 Ad
1273 1233 1389 1286 qum
1436 1215 1695 1285 prepheta
1759 1229 1856 1284 pro
1896 1212 2037 1266 facta

472 1315 574 1368 sibi
627 1315 809 1368 divina
862 1311 1191 1366 revelatione
1249 1306 1530 1376 respondit
1571 1324 1584 1358 :
1625 1324 1643 1356 ι
1691 1304 1876 1372 Neque
1921 1317 2038 1372 pro-

2206 1208 2354 1277 Στίχ.
2396 1201 2578 1266 ιδ’-ιζ’.
2603 1231 2672 1243 -
2697 1197 2838 1268 Πρὸς
2865 1195 2898 1249 ἃ
2930 1195 2994 1262 δὴ
3017 1194 3045 1245 6
3074 1191 3355 1262 προφήτης
3387 1188 3526 1242 κατά
3547 1188 3699 1242 θείαν

2135 1293 2474 1362 ἀποκάλυψιν
2532 1287 2865 1358 ἀπεκρίνατο
2906 1282 3114 1336 ταῦτα’
3165 1298 3184 1331 ι
3223 1277 3359 1332 Οὔτε
3414 1281 3698 1349 προφήτης

473 1405 632 1473 pheta
685 1420 853 1468 eram,
900 1416 1075 1470 neque
1125 1368 1399 1469 propheta:
1456 1396 1620 1451 ﬁlius.
1676 1415 1694 1447 ι
1744 1368 2038 1462 Haud—ego

2152 1390 2304 1459 ήμην,
2359 1383 2481 1438 οὔτε
2531 1381 2808 1451 προφήτου
2844 1375 2976 1438 υἱός.
3016 1391 3034 1424 δ
3061 1370 3198 1424 Οὔτε
3249 1369 3356 1440 γὰρ
3389 1369 3464 1432 ὡς
3502 1368 3698 1438 τέχνην

472 1497 625 1564 quasi
669 1503 838 1548 artem
870 1491 1160 1562 quamdam
1201 1506 1319 1544 cam
1365 1504 1478 1542 rent
1520 1487 1708 1550 didici,
1744 1501 1842 1540 nec
1875 1483 2041 1539 veluti

2152 1458 2260 1533 τινὰ
2293 1474 2586 1548 μεμάθηκα
2618 1469 2841 1537 ταύτην,
2871 1465 2982 1520 οὗθ’
3009 1463 3084 1527 ὡς
3121 1459 3484 1533 κληρονομίαν
3513 1458 3699 1522 ὲδεξά-

472 1581 838 1635 haercditatem
889 1594 919 1630 a
967 1585 1121 1646 patre
1168 1575 1350 1644 accepi
1395 1591 1409 1627 :
1455 1588 1578 1626 nam
1609 1571 1805 1624 divinae
1851 1569 2037 1640 gratia:

473 1673 575 1727 hoc
624 1670 896 1740 negotium
950 1676 1052 1731 est,
1084 1674 1137 1721 et
1185 1667 1250 1719 iis
1294 1680 1433 1734 quos
1478 1663 1620 1717 Deus
1656 1662 1885 1715 voluerit
1912 1675 2038 1714 con-

2146 1587 2252 1643 μην
2307 1567 2464 1621 τοῦτο
2510 1562 2658 1634 παρά
2698 1558 2791 1613 τοῦ
2829 1555 3068 1627 πατρός·
3113 1553 3298 1643 ἐπειδὴ
3338 1551 3561 1622 χάριτός
3586 1552 3699 1602 ἐστι

2140 1637 2219 1710 ξδ’
2243 1655 2402 1725 ἔργον
2445 1651 2613 1713 θείας,
2643 1649 2738 1702 καὶ
2781 1644 3128 1717 προσγίνεται
3156 1637 3236 1704 οἷς
3275 1641 3340 1694 ἂν
3364 1641 3492 1693 αὐτὸ
3532 1655 3702 1710 προσ-

473 1761 652 1830 tingit.
689 1728 910 1812 :Eram
952 1766 1133 1811 autem
1173 1756 1456 1825 caprarins
1508 1768 1628 1821 ego,
1665 1760 1719 1806 et
1760 1752 2037 1821 sycamina

2152 1751 2275 1801 εἶναι
2340 1743 2592 1816 βούληται
2637 1739 2786 1801 Θεός.
2823 1755 2842 1788 ι
2885 1737 3069 1805 Ἥμην
3110 1733 3165 1786 δὲ
3194 1732 3411 1794 αἰπόλος
3456 1728 3570 1797 ἐγὼ
3608 1730 3704 1782 καὶ

478 1852 757 1905 vellicans.
800 1867 820 1900 ι
849 1847 903 1900 Id
925 1856 1010 1899 est
1039 1844 1326 1913 pascendis
1355 1842 1534 1909 capris
1556 1851 1874 1908 occupatus,
1909 1855 2039 1893 nec-

481 1953 590 1992 non
647 1946 846 1990 terram
903 1949 1001 2003 pro
1049 1933 1304 1986 facultate
1351 1932 1556 1984 colens.
1609 1927 1897 1999 Sycamina
1944 1944 2042 1998 pro

480 2028 688 2082 lieubus
736 2027 888 2090 dicit,
946 2024 1088 2078 sicut
1117 2023 1276 2077 etiam
1303 2022 1491 2076 beatus
1525 2020 1689 2074 David
1721 2039 1734 2074 :
1783 2039 1801 2072 ι
1827 2018 2042 2075 Occidit

479 2117 739 2185 grandine
771 2116 931 2170 vitem
985 2129 1196 2176 eorum,
1244 2113 1400 2183 130
1429 2121 1482 2166 et
1524 2112 1832 2182 sycaminos
1853 2126 2040 2165 eorum

482 2208 673 2276 pruina
693 2205 766 2257 ε’.
782 2225 800 2256 ι
845 2203 999 2258 Patet
1024 2211 1224 2268 autem,
1241 2218 1364 2257 cum
1382 2201 1582 2255 vitibus
1605 2216 1712 2254 non
1736 2200 2035 2271 sycamina,

481 2298 577 2351 sed
627 2297 760 2351 ﬁcus
808 2297 1050 2366 periisse,
1099 2295 1166 2348 ab
1214 2309 1280 2348 eo
1338 2293 1467 2347 dici.
1528 2289 1863 2345 Vocabulum
1915 2293 2040 2344 item

489 2407 507 2438 ι
545 2389 800 2442 vellicans
847 2405 864 2437 ι
909 2401 1008 2456 pro
1057 2385 1294 2439 sarriens
1322 2383 1456 2438 dicit
1485 2389 1540 2435 et
1569 2397 1729 2451 opera
1766 2383 2039 2435 excolens.

484 2478 667 2531 Voluit
714 2486 890 2531 autem
925 2475 1240 2546 particulari
1290 2473 1394 2526 hac
1443 2474 1845 2543 sycaminorum
1899 2487 2045 2526 men-

484 2569 629 2622 tione
654 2567 832 2622 dieere
866 2582 925 2621 se
956 2565 1243 2636 pascendis
1283 2565 1465 2633 capris
1499 2571 1553 2618 et
1591 2563 1785 2616 ovibus
1816 2571 1869 2614 ct
1908 2562 2046 2631 agri-

483 2659 709 2711 culturae
736 2657 976 2710 deditum
1013 2669 1229 2725 semper
1261 2653 1454 2708 fuisse.
1490 2651 1876 2706 Verumtamen
1901 2650 2044 2706 Deus

484 2763 569 2802 me
602 2748 670 2801 ab
706 2747 918 2809 ovibus,
977 2745 1172 2815 inquit,
1225 2744 1558 2798 abstractum
1607 2741 1774 2812 (unde
1806 2749 2042 2806 constat,

483 2852 606 2888 eum
657 2837 858 2905 pariter
905 2849 1099 2905 capras
1143 2849 1382 2901 ovesque
1431 2831 1669 2902 pavisse)
1721 2832 2047 2901 prephetare

480 2927 666 2992 jussu,
697 2934 750 2978 et
797 2926 1050 2980 omnibus
1090 2924 1418 2995 signiﬁcare,
1471 2937 1592 2992 qua:
1641 2923 1840 2990 populo
1878 2923 2049 2974 immi-

488 3024 650 3070 neant
700 3031 729 3068 a
788 3013 897 3068 Deo
945 3033 958 3068 :
1014 3030 1132 3084 quae
1190 3015 1407 3084 quidem
1477 3028 1585 3066 non
1641 3005 1881 3066 mearum
1930 3020 2047 3067 erat

2145 1840 2416 1908 συκάμινα
2445 1833 2642 1898 κνίζων
2669 1850 2679 1860 ·
2722 1849 2741 1882 ι
2775 1830 2863 1882 ἵνα
2925 1826 3052 1896 εἴπῃ
3083 1825 3211 1895 περί
3238 1824 3407 1892 νομήν
3437 1838 3495 1873 τε
3529 1821 3704 1888 αἰγῶν

2142 1927 2554 1999 ἀσχολούμενος,
2614 1923 2708 1976 καὶ
2732 1921 2795 1992 δὴ
2824 1920 2920 1972 καὶ
2962 1917 3102 1971 κατὰ
3138 1915 3196 1968 τὸ
3228 1912 3581 1982 ἐνδεχόμενον
3609 1911 3705 1980 τὴν

2141 2021 2242 2089 γῆν
2258 2016 2516 2089 γεωργῶν
2534 2031 2548 2046 ·
2574 2013 2844 2082 συκάμινα
2863 2009 2958 2080 μὲν
2969 2009 3073 2078 γὰρ
3089 2005 3207 2059 ἀντὶ
3236 2003 3326 2056 τοῦ
3360 2003 3498 2056 σῦκα
3523 2001 3673 2068 λέγει
3694 2019 3704 2030 ·

2143 2107 2322 2171 καθὼς
2352 2108 2444 2159 καὶ
2475 2107 2503 2158 6
2547 2103 2810 2174 μακάριος
2862 2097 3023 2151 Δαυῖδ
3070 2109 3263 2165 φησιν·
3300 2111 3317 2143 ι
3361 2091 3704 2144 Ἀπέκτεινεν

2143 2199 2200 2250 ὲν
2224 2196 2431 2266 χαλάζῃ
2481 2193 2578 2264 τὴν
2622 2191 2860 2261 ἄμπελον
2895 2186 3096 2246 αὐτῶν,
3124 2184 3218 2236 καί¹
3246 2181 3344 2244 τὰς
3373 2180 3704 2266 συκαμίνους

2144 2265 2318 2341 αὐτῶν
2341 2289 2396 2339 ἐν
2419 2286 2482 2354 τῇ
2507 2282 2682 2352 πάχνῃ
2701 2297 2712 2309 ·
2743 2299 2759 2329 ι
2813 2278 2887 2346 (p.
2923 2275 3044 2335 197)
3084 2269 3300 2340 εὔδηλον
3328 2268 3434 2338 γὰρ
3460 2268 3545 2319 ὅτι
3574 2265 3705 2335 μετά

2142 2379 2248 2433 τῶν
2277 2375 2535 2448 ἀμπέλων
2584 2373 2644 2424 οὐ
2702 2369 2976 2438 συκάμινα
3009 2363 3142 2417 ἀλλά
3185 2362 3353 2422 συκᾶς
3373 2357 3707 2410 ἀπολωλέναι

2144 2469 2330 2538 ἐδήλου
2346 2483 2358 2495 '
2383 2466 2443 2518 τὸ
2458 2463 2533 2529 δὲ,
2559 2481 2578 2511 ι
2613 2460 2828 2524 κνίζων,
2853 2478 2869 2508 ι
2898 2455 3016 2510 ἀντὶ
3042 2453 3132 2507 τοῦ
3161 2449 3538 2523 περισκάλλων
3563 2448 3707 2515 λέγει

2145 2536 2238 2611 καλ
2255 2553 2539 2626 γεωργῶν·
2572 2547 2843 2619 ἠϐουλήθη
2873 2545 2927 2598 δὲ
2962 2546 3025 2596 ὲκ
3055 2543 3250 2614 μέρους
3265 2538 3370 2592 τῶν
3398 2536 3710 2606 συκαμίνων

2147 2651 2339 2712 εἰπεῖν,
2374 2647 2454 2698 ὄτι
2482 2642 2572 2712 Τῷ
2593 2643 2777 2710 νέμειν
2810 2635 2967 2704 αἶγας
2994 2635 3087 2687 καὶ
3133 2631 3395 2700 γεωργεῖν
3424 2628 3711 2698 προσανεῖ-

2145 2756 2237 2809 χον
2266 2736 2370 2790 ἀεί.
2419 2731 2578 2786 Ἀλλά
2610 2748 2674 2801 με
2707 2727 2814 2781 τῶν
2844 2724 3146 2796 προϐάτων,
3172 2721 3355 2789 φησὶν,
3383 2717 3708 2809 ἀποσπάσας

2146 2830 2173 2881 ό
2193 2827 2322 2889 Θεὸς
2355 2823 2447 2893 (ὡς
2473 2822 2625 2892 δῆλον
2647 2815 2791 2871 εἶναι.
2808 2817 2889 2869 ὃτι
2929 2813 3007 2876 τὸ,
3037 2831 3056 2863 ι
3096 2810 3334 2872 αἰπόλος,
3369 2826 3386 2859 ι
3428 2803 3604 2870 εἶπεν,
3638 2807 3711 2868 ὡς

2150 2920 2213 2972 ἂν
2236 2915 2376 2970 κατά
2396 2913 2587 2966 ταυτὸν
2626 2911 2718 2964 καὶ
2739 2904 2897 2976 αἶγας
2920 2904 3013 2958 καὶ
3051 2901 3296 2974 πρόόατα
3320 2899 3552 2968 νέμων),
3578 2913 3708 2964 προ-

2152 3005 2402 3076 φητεύειν
2455 3002 2704 3056 ἐκέλευσε
2752 2997 2845 3050 καὶ
2894 2993 3116 3064 μηνύειν
3149 2990 3316 3043 ἅπασι
3353 2987 3423 3040 τὰ
3449 2987 3584 3055 περὶ
3624 2985 3712 3036 τὸν

491 3107 684 3158 virium
721 3114 780 3158 ut
825 3106 1044 3169 scirem,
1081 3105 1175 3159 sed
1221 3103 1391 3159 solius
1433 3103 1680 3157 docentis
1712 3101 1828 3164 Dei,
1859 3102 1928 3155 ob
1954 3101 2047 3156 de-

2152 3075 2278 3151 λαὸν
2303 3096 2532 3165 ἐσόμενα
2567 3092 2692 3161 παρ’
2720 3086 2880 3141 αὑτοῦ
2903 3103 2916 3116 ο
2951 3085 3092 3154 ειπερ
3116 3082 3214 3134 οὐκ
3243 3080 3371 3149 ὲμδν
3398 3075 3465 3148 ἦν
3495 3075 3710 3136 εἰδέναι,

488 3196 898 3250 monstrandam
945 3197 1288 3251 oraculorum
1336 3195 1641 3248 veritatem.
1698 3192 1854 3247 Nune
1899 3192 2044 3257 audi,

487 3301 608 3353 quae
642 3285 709 3338 ad
759 3293 811 3340 te
859 3287 1121 3352 attinent;
1158 3296 1214 3338 tu
1249 3285 1469 3354 quidem
1502 3283 1634 3336 mihi
1679 3283 1904 3338 mandas
1931 3291 1988 3335 ut
2019 3299 2048 3335 a

488 3375 863 3443 prophetando
901 3376 986 3429 his
1017 3375 1070 3428 in
1105 3376 1240 3430 locis
1273 3375 1598 3437 abstineam,
1638 3389 1704 3427 ne
1738 3374 1945 3442 plebem
1981 3371 2048 3425 ad

487 3466 587 3519 has
615 3464 911 3520 audiendas
933 3466 1212 3520 doctrinas
1251 3481 1593 3536 congregem.
1632 3466 1734 3519 Sed
1779 3465 1922 3519 scias
1957 3481 2049 3518 ve-

486 3556 602 3620 lim,
633 3565 826 3611 cuncta
861 3571 892 3610 a
941 3572 1026 3614 me
1069 3557 1214 3611 dicta
1257 3557 1461 3611 exitum
1514 3558 1786 3610 habitura.
1819 3555 2052 3609 Veniunt

490 3647 694 3708 hostes,
725 3648 814 3716 qui
845 3656 1035 3726 praeter
1070 3648 1242 3700 multa
1282 3649 1388 3700 alia
1422 3664 1540 3716 quae
1573 3651 1866 3718 patrabunt
1888 3649 2048 3711 mala,

491 3749 579 3790 tua
604 3753 818 3808 quoque
851 3739 1142 3793 abutentur
1170 3754 1340 3793 uxore
1387 3740 1441 3792 in
1473 3739 1648 3793 media
1686 3739 1842 3801 urbe,
1891 3738 2050 3792 inho-

489 3836 643 3883 neste
692 3843 810 3882 eam
852 3829 1120 3883 violantes
1165 3844 1178 3881 :
1222 3830 1334 3882 nati
1388 3831 1463 3882 lui
1515 3829 1833 3883 occidentur
1864 3843 2054 3883 omnes

489 3929 612 3968 cum
655 3916 773 3969 aliis
803 3916 893 3985 qui
950 3918 1066 3970 loca
1110 3918 1214 3971 ista
1270 3920 1576 3985 possessuri
1611 3927 1759 3971 sunt.
1801 3936 1818 3967 ι
1861 3917 2054 3986 Tuque

489 4005 545 4058 in
587 4014 728 4060 terra
774 4007 1050 4060 immunda
1096 4008 1368 4062 morieris.
1432 4027 1449 4058 ι
1508 4007 1588 4060 Τιι
1642 4008 1754 4075 ipse
1799 4007 2053 4061 morieris

491 4095 632 4163 apud
661 4105 948 4152 extraneos
987 4099 1237 4152 homines
1279 4107 1332 4153 et
1382 4099 1644 4153 scelestos
1689 4097 1764 4167 (id
1792 4098 1934 4151 enim
1969 4113 2056 4150 va-

494 4187 601 4238 lent
629 4187 811 4247 verba,
859 4187 913 4240 in
958 4197 1104 4242 terra
1138 4189 1461 4256 immunda),
1500 4188 1566 4240 ad
1608 4204 1746 4257 quos
1770 4203 1892 4242 cum
1929 4189 2056 4242 reli-

493 4274 616 4341 quis
643 4277 893 4328 omnibus
934 4280 1181 4346 captivus
1208 4278 1445 4333 duceris.
1494 4277 1589 4332 His
1626 4277 1811 4342 dictis,
1844 4278 2053 4332 revela-

491 4370 693 4419 tionem
722 4356 934 4436 quoque
957 4368 1041 4422 his
1067 4371 1133 4423 de
1158 4369 1314 4424 rebus
1341 4381 1616 4437 acceptam
1645 4368 1951 4438 subjungit.

2148 3188 2284 3242 ἀλλά
2337 3186 2428 3240 τοῦ
2469 3183 2806 3241 διδάσκοντος
2857 3177 3016 3247 μόνου
3048 3172 3202 3234 Θεοῦ,
3233 3173 3312 3233 εἰς
3345 3187 3408 3238 γε
3443 3167 3713 3231 ἀπόδειξιν

2149 3282 2244 3353 τῆς
2261 3279 2368 3332 τῶν
2393 3273 2694 3348 εἰρημένων
2725 3268 2998 3338 ἀληθείας.
3022 3265 3216 3317 Ἀκουε
3237 3261 3299 3331 δὴ
3322 3262 3386 3312 τὰ
3420 3259 3553 3327 περὶ
3585 3275 3711 3310 σαυ-

2149 3349 2270 3426 τοῦ·
2303 3368 2462 3430 αὐτὸς
2489 3367 2583 3436 μὲν
2613 3363 2720 3432 γάρ
2753 3376 2842 3430 μοι
2870 3354 3110 3417 κελεύεις
3147 3351 3448 3418 ἀποστῆναι
3473 3349 3570 3402 τοῦ
3584 3365 3713 3419 προ-

2151 3460 2401 3533 φητεύειν
2429 3455 2680 3513 ἐνταῦθα,
2702 3453 2776 3513 ὡς
2806 3450 2871 3502 ἂν
2895 3448 2967 3517 μὴ
2994 3446 3054 3515 δή
3065 3462 3192 3514 μους
3215 3443 3305 3494 ἐπὶ
3337 3442 3433 3510 τὴν
3453 3441 3714 3510 ἀκρόασιν

2150 3530 2258 3604 τῶν
2283 3549 2536 3603 τοιούτων
2569 3542 2878 3609 συλλέγοιμι
2903 3530 3422 3591 διδασκαλιῶν.Ἴσθι
3454 3531 3519 3583 δὲ
3549 3532 3715 3584 πάντα

2150 3640 2488 3712 γενησόμενα
2543 3633 2610 3686 τὰ
2666 3631 2893 3701 ρηθέντα
2943 3627 3071 3697 παρ’
3127 3625 3293 3695 ὲμοῦ’
3338 3621 3714 3675 ὲπελεύσονται

2151 3708 2334 3799 γὰρνοί
2359 3726 2628 3794 πολέμιοι,
2654 3721 2702 3774 οἳ
2733 3719 2869 3790 πρὸς
2891 3717 3102 3777 πολλοῖς
3119 3715 3322 3784 ἑτέροις
3341 3708 3420 3775 οἷς
3434 3714 3715 3781 ποιήσουσι

2153 3823 2360 3883 κακοῖς,
2387 3818 2479 3870 καὶ
2506 3817 2571 3884 τῇ
2609 3814 2672 3882 σῇ
2732 3808 2947 3878 γυναικί
2977 3807 3266 3876 χρήσονται
3304 3804 3444 3875 μέσῃ
3481 3807 3552 3873 τῇ
3576 3802 3718 3852 πόλει

2153 3913 2360 3981 ἀτίμως
2386 3907 2754 3976 ἐξυϐρίζοντες
2783 3904 2860 3963 εἰς
2884 3899 3052 3967 αὑτήν
3074 3913 3087 3926 ·
3113 3898 3159 3948 οἰ
3187 3897 3250 3946 ὲκ
3283 3893 3374 3947 σοῦ
3412 3909 3473 3944 τε
3511 3893 3716 3959 σφαγή-

2155 4018 2336 4055 σονται
2365 3999 2559 4059 πάντες
2598 3995 2693 4049 συν
2740 3992 2951 4052 πολλοῖς
3005 3987 3232 4058 ἑτέροις,
3269 3987 3302 4054 ἠ
3342 3983 3619 4053 προσοῦσα
3655 3982 3710 4032 τὲ

2155 4114 2236 4149 σοι
2264 4095 2336 4163 γῆ
2361 4096 2416 4145 ὲν
2437 4091 2616 4162 μέτρῳ
2637 4085 3070 4158 παραδοθήσεται
3096 4081 3300 4150 ἑτέροις
3332 4081 3446 4139 τοῖς
3471 4076 3715 4146 μέλλουσι

2151 4189 2220 4239 τὰ
2252 4183 2435 4237 ἐνθάδε
2474 4181 2740 4250 κατέχειν.
2771 4195 2788 4226 ι
2824 4175 2930 4228 Καὶ
2963 4176 3025 4226 σὺ
3048 4174 3104 4225 ὲν
3124 4173 3192 4241 γῇ
3221 4168 3513 4238 ἀκαθάρτῳ
3538 4165 3714 4218 τελευο

2154 4280 2354 4348 τήσεις.
2386 4293 2402 4324 ι
2437 4270 2788 4339 Τελευτήσεις
2813 4266 2868 4318 δὲ
2921 4263 3080 4325 αὐτὸς
3108 4258 3234 4332 παρ’
3281 4257 3596 4324 ἀλλοφύλοις
3625 4255 3714 4305 ἁν-

2158 4344 2396 4437 θρώποις
2457 4365 2532 4432 (p.
2568 4357 2688 4427 198)
2723 4355 2816 4408 καὶ
2862 4351 3196 4422 παρανόμοις
3230 4348 3406 4418 (τοῦτο
3442 4346 3547 4414 γὰρ
3575 4344 3714 4410 λέγει

495 4454 817 4526 (ἀκαθάρτῳ
841 4457 912 4529 ι),
931 4461 1007 4522 εἰς
1039 4459 1127 4523 οὓς
1166 4461 1300 4530 μετά
1329 4463 1432 4514 τῶν
1458 4463 1656 4517 λοιπῶν
1685 4462 2027 4532 αἰχμάλωτος
2046 4460 2337 4531 ἀπαχθήσῃ
2365 4457 2579 4510 πάντων
2598 4470 2612 4483 ο
2631 4450 2799 4503 ταῦτα
2829 4445 3080 4520 εἰρηκὼς,
3114 4442 3210 4512 τὴν
3239 4443 3326 4494 ἐπὶ
3355 4441 3557 4504 τοῦτίις
3576 4438 3714 4507 αὐτῷ

487 4547 784 4616 δειχθεῖσαν
819 4550 1152 4619 ἀποκάλυψιν
1178 4553 1388 4619 ἐπάγει.

1099 4642 1252 4694 CAP.
1298 4641 1431 4696 Vill.

563 4729 720 4786 Vens.
759 4731 876 4786 1-5.
909 4762 978 4772 -
1012 4751 1030 4782 ι
1077 4732 1328 4787 Ostendit
1374 4733 1519 4787 enim
1566 4734 1699 4787 mihi
1742 4734 2048 4788 Dominus:

486 4831 541 4876 et
565 4837 691 4877 ecce
727 4837 822 4877 vas
854 4824 1101 4891 aucupis.
1142 4822 1207 4876 Et
1250 4823 1385 4877 dixit
1432 4824 1692 4879 Dominus
1721 4824 1850 4878 mihi
1883 4843 1895 4878 :
1923 4824 2053 4894 quid

488 4921 546 4966 tu
577 4913 749 4973 vides.
784 4911 991 4966 Amos?
1024 4911 1088 4965 Et
1111 4913 1221 4965 dixi
1260 4912 1410 4968 :Vas
1443 4915 1690 4984 aucupis.
1729 4933 1749 4966 ι
1779 4913 1898 4968 Jam
1925 4929 2054 4970 vero

490 5005 829 5075 signiﬁcabat
874 5003 1035 5065 visio,
1069 5001 1186 5057 fore
1225 5012 1284 5056 ut
1323 5005 1500 5059 instar
1539 5007 1656 5060 avis
1691 5007 1911 5072 aucupii
1940 5015 2057 5060 arte

487 5106 675 5165 captae,
700 5097 992 5150 universus
1022 5091 1188 5149 Israel
1235 5097 1665 5165 comprehensus
1694 5105 1856 5167 atque
1885 5096 2056 5167 capti-

490 5199 589 5238 vus
616 5186 996 5247 abduceretur,
1022 5186 1154 5255 quin
1202 5185 1398 5256 aliquis
1421 5203 1544 5240 eum
1578 5188 1645 5242 de
1677 5203 1837 5240 manu
1867 5195 2057 5242 tenen-

489 5274 623 5326 tium
659 5277 830 5343 possit
859 5278 1101 5346 eripere;
1137 5275 1282 5347 quod
1326 5279 1370 5333 si
1407 5289 1600 5349 captus
1643 5295 1673 5334 a
1727 5280 1878 5350 131
1905 5280 2057 5333 visco

493 5377 677 5429 passer
724 5363 983 5434 aufugere
1031 5366 1142 5434 jam
1192 5382 1302 5421 non
1351 5370 1571 5438 poterit,
1633 5370 1706 5422 ita
1747 5384 1871 5423 cum
1907 5369 2057 5421 visco

491 5453 719 5506 validior
757 5454 828 5508 sit
864 5457 1295 5523 aggredientium
1328 5461 1595 5528 potentia,
1631 5457 2057 5530 comprehendet

566 5634 608 5665 "’
653 5631 790 5684 i’sal.
841 5647 1047 5696 Lxxvu,
1085 5635 1170 5686 47.

2809 4623 2962 4675 ΚΕΦ.
2995 4619 3074 4673 Η’.

2221 4725 2367 4794 Στίχ.
2403 4727 2552 4789 α’-γ⁴.
2591 4749 2660 4759 --
2693 4735 2713 4768 ι
2747 4713 2955 4776 Ἔδειξε
2990 4710 3098 4782 γάρ
3142 4727 3251 4780 μοι,
3299 4709 3450 4779 φησὶ,
3483 4707 3715 4778 Κύριος.

2153 4818 2244 4872 καὶ
2278 4815 2386 4868 ἰδοὺ
2422 4813 2589 4880 ἄγγος
2625 4805 2828 4872 ἰξευτοῦ
2852 4822 2864 4835 ·
2909 4804 3002 4856 καὶ
3031 4800 3151 4854 εἶπε
3200 4799 3402 4870 Κύριος
3447 4797 3586 4868 πρός
3617 4813 3682 4867 με
3703 4811 3715 4825 ·

2153 4909 2218 4960 Τί
2253 4906 2316 4959 σὺ
2347 4903 2581 4975 βλέπεις,
2625 4895 2842 4966 Ἀμὼς;
2881 4894 2988 4946 Καὶ
3003 4889 3183 4944 εἷπον·
3213 4893 3413 4958 Ἀγγος
3445 4885 3670 4954 ἰξευτοῦ.
3696 4903 3713 4935 ι

2167 4999 2384 5069 Ἐδήλου
2411 4995 2465 5047 δὲ
2483 4996 2516 5064 ή
2545 4991 2665 5061 ὄψις
2681 4991 2762 5042 ὅτι
2790 4988 2942 5057 δίκην
2967 4985 3154 5056 ὀρνέου
3183 4982 3390 5047 ἰξευτοῦ
3429 4980 3719 5049 ληφθέντος

2155 5068 2317 5158 τέχνῃ
2342 5086 2485 5146 ἀπας
2506 5084 2534 5135 6
2580 5079 2795 5152 Ἰσραὴλ
2831 5076 2936 5130 ὑπὸ
2963 5074 3070 5128 τῶν
3099 5073 3370 5142 πολεμίων
3403 5068 3720 5138 συλληφθεὶς

2153 5181 2492 5251 αἰχμάλωτος
2553 5171 2962 5243 ἁπαχθήσεται,
3008 5167 3218 5229 οὐδενὸς
3245 5164 3405 5218 αὑτὸν
3431 5161 3541 5214 τῶν
3594 5176 3722 5212 κατ-

2153 5273 2380 5342 εχόντων
2414 5265 2761 5337 ἀφαιρεῖσθαι
2794 5263 2902 5315 οἵου
2941 5277 3001 5313 τε
3041 5259 3190 5320 ὄντος
3214 5273 3227 5286 ·
3270 5256 3460 5324 ὥσπερ
3487 5247 3580 5305 οὖν
3609 5246 3725 5301 οὐδὲ

2153 5339 2213 5416 c6
2243 5361 2442 5431 ληφθὲν
2477 5359 2580 5412 ὑπὸ
2606 5355 2696 5409 τοῦ
2725 5354 2834 5420 ἰξοῦ
2864 5349 3143 5423 στρουθίον
3175 5347 3478 5418 ἀποστῆναι
3506 5339 3726 5394 δυνατὸν

2155 5454 2356 5517 λοιπὸν,
2387 5450 2573 5517 ἐπειδὴ
2613 5446 2811 5508 παντὸς
2862 5441 2971 5507 ἰξοῦ
3005 5439 3368 5513 δυνατώτερον
3401 5438 3446 5508 ἡ
3477 5433 3582 5488 τῶν
3611 5433 3724 5482 ἑπι-
