3966 6134
265 282 375 334 295

1219 281 1769 339 COMMENTARIUS
1804 282 1870 339 IN
1908 284 2119 341 AMOSI
2153 286 2307 343 CAP.
2336 287 2465 342 VIII.

3405 305 3509 360 9.31

272 412 437 446 οντων
478 394 791 458 δυναστεία,
839 396 1055 460 καθέξει
1107 412 1166 448 τε
1236 398 1430 460 αὐτοὺς
1472 400 1565 452 καὶ
1615 398 1694 461 είς
1747 398 1839 469 τὴν

1944 397 2220 458 lsraelitas
2257 410 2312 458 et
2340 404 2394 458 in
2420 405 2701 459 servilium
2727 406 3053 476 deportabit.
3095 430 3114 461 ι
3151 410 3212 464 Et
3235 414 3371 469 dixit
3405 417 3510 467 Du-

272 483 644 553 αἰχμαλωσίαν
701 486 926 552 ἀπάξει.
988 487 1209 555 Ἐπάγει
1248 484 1414 555 γοῦνο
1484 508 1503 540 ι
1557 489 1663 542 Καὶ
1689 484 1841 542 εἶπεν

216 640 220 643 _
273 576 471 645 Κύριος
527 576 667 645 πρός
715 588 827 645 με’·
855 577 1019 631 Ἧκει
1064 575 1125 630 τὸ
1146 578 1315 650 πέρας
1348 580 1437 632 ἐπὶ
1472 579 1562 632 τὸν
1583 579 1708 633 λαόν
1739 597 1839 650 μου

283 666 495 737 Ἰσραήλ
518 683 533 696 ’
578 668 766 720 οὐκέτι
817 668 894 737 μὴ
940 668 1155 737 προσθῶ
1201 669 1294 722 τοῦ
1322 670 1609 740 παρελθεῖν
1640 672 1836 724 αὐτόν’

269 757 359 808 καὶ
385 754 622 818 ὀλολύξει
646 755 713 808 τά
741 755 1076 826 φατνώματα
1096 757 1190 811 τοῦ
1219 758 1365 812 ναοῦ.
1407 779 1426 811 ο
1456 761 1566 829 Τὴν
1599 760 1707 831 γάρ
1730 762 1838 814 τῶν

266 844 581 915 δειχθέντων
627 841 751 897 εἶπε
799 846 1050 915 δύναμιν.
1108 848 1268 901 Ἤκει
1325 848 1524 914 τοίνυν,
1569 852 1753 921 φησὶν,
1808 854 1837 906 ὁ

268 936 453 1006 καιρὸς
475 934 600 987 καθ’
630 934 691 988 δν
720 938 787 1006 τῇ
810 937 1053 1008 τιμωρίᾳ
1100 940 1565 1010 παραδοθήσονται
1601 942 1799 1006 πάντες
1819 960 1832 972 ·

269 1030 355 1081 καὶ
384 1026 656 1080 παύσεται
699 1027 757 1080 δὲ
787 1028 906 1097 μετ’
948 1030 1170 1083 ἐκείνων
1202 1048 1294 1084 και
1324 1033 1358 1101 ή
1397 1032 1620 1086 ἀσέϐεια
1663 1035 1758 1088 καὶ
1798 1037 1831 1105 ή

266 1120 363 1187 τῆς
390 1118 649 1182 ἀσεϐείας
673 1120 766 1172 καὶ
793 1121 827 1189 ή
849 1122 950 1190 τῆς
977 1123 1315 1192 παρανομίας
1332 1123 1614 1193 ἐπιμέλεια
1631 1125 1831 1197 πάσηςο

270 1211 326 1263 οὐ
357 1210 467 1280 γάρ
490 1208 576 1261 ἔτι
594 1210 856 1279 ἀνέξομαι
874 1212 1232 1282 παρατρέχειν
1255 1213 1434 1267 αὐτῶν
1452 1214 1525 1285 τὰ
1549 1218 1716 1279 κακὰ,
1739 1217 1835 1271 καὶ

266 1304 595 1372 ἁνεκδίκητα
623 1302 846 1356 τοιαῦτα
872 1302 1000 1355 ὅντα
1023 1303 1116 1371 ἐᾷν
1133 1319 1145 1332 ·
1182 1304 1387 1375 ἅψηται
1411 1305 1596 1374 μέντοι
1628 1305 1832 1360 καὶτοῦ

266 1393 390 1448 ναοῦ
417 1395 480 1447 τὸ
501 1393 691 1457 κακὸν,
723 1392 909 1463 ἐπειδὴ
940 1394 1034 1446 σὺν
1063 1395 1128 1463 τῇ
1175 1394 1390 1449 πάντων
1426 1396 1669 1467 ἀπωλείᾳ
1696 1396 1832 1468 πυρὶ

267 1482 709 1554 παραδοθήσεται
733 1483 829 1535 καὶ
858 1484 1082 1547 ἐκεῖνος.
1116 1484 1284 1553 Δῆλον
1314 1484 1370 1538 δέ
1390 1486 1556 1549 ἐστιν,
1586 1484 1615 1538 δ
1637 1486 1832 1541 πολλάο

267 1593 350 1640 κις
377 1576 536 1644 ἔφην,
565 1576 646 1628 ὅτι
673 1576 732 1627 ὲν
762 1577 829 1645 τῇ
859 1575 1085 1645 μηνύσει
1117 1577 1225 1629 τῶν
1246 1576 1452 1641 κακῶν,
1480 1576 1583 1630 κᾶν
1608 1577 1678 1631 τά
1704 1579 1831 1650 περὶ

266 1669 353 1720 τὸν
391 1668 613 1738 Ἰσραὴλ
645 1667 799 1739 λέγῃ,
845 1668 924 1737 (p.
960 1667 1080 1734 I99)
1105 1668 1219 1722 ἀλλ’
1248 1669 1600 1723 ἑπισυνάπτει
1637 1672 1731 1723 καὶ
1760 1669 1830 1723 τά

1950 491 2131 547 minus
2171 492 2302 547 mibi
2354 512 2368 548 :
2419 494 2575 548 Venit
2622 496 2744 551 finis
2789 514 2954 568 super
3010 504 3267 571 populum
3328 521 3506 560 meum

1948 577 2231 645 Israeiem;
2263 597 2368 636 non
2395 584 2646 652 adjiciam
2674 588 2815 641 ultra
2845 596 2904 642 ut
2954 602 3317 659 pertranseam
3346 611 3506 662 eum;

1945 677 2000 724 et
2040 670 2323 745 ululabunt
2377 673 2654 729 lacunaria
2703 680 2906 746 templi.
2941 699 2960 731 ι
3008 680 3505 742 Demonstratarnm

1945 759 2050 815 sibi
2082 776 2263 817 rerum
2298 763 2406 817 vim
2445 764 2597 820 dicit.
2632 766 2788 821 Venit
2831 785 2981 839 ergo,
3015 773 3110 837 ait,
3157 783 3372 844 tempus
3396 793 3509 845 quo

1943 851 2011 905 de
2051 853 2306 908 omnibus
2347 870 2524 924 poena:
2575 868 2879 922 sumentur,
2927 873 2983 916 et
3039 879 3227 919 eorum
3271 870 3511 923 cessabit

1942 943 2169 999 libertas
2195 953 2357 1014 atque
2390 949 2665 1016 potentia;
2709 952 2982 1022 simulque
3023 955 3233 1011 desinet
3262 959 3505 1025 ipsorum

1940 1034 2213 1104 impietas,
2259 1043 2314 1091 et
2354 1051 2516 1092 omne
2569 1040 2989 1109 irreligiositatis
3028 1061 3090 1101 ac
3140 1052 3346 1116 peccati
3389 1059 3507 1106 stu-

1938 1124 2128 1180 dium:
2159 1142 2267 1181 non
2308 1129 2451 1183 enim
2492 1129 2605 1199 jam
2657 1134 2835 1200 patiar
2884 1135 3235 1192 dissimulare
3289 1142 3503 1196 illorum

1939 1217 2259 1285 nequitiam,
2319 1234 2494 1288 neque
2550 1221 2663 1276 haec
2724 1225 2894 1281 inulta
2954 1227 3150 1283 sinam.
3222 1230 3508 1302 Templum

1937 1322 2153 1377 quoque
2181 1310 2407 1381 attinget
2431 1312 2737 1381 calamitas,
2779 1318 2907 1385 quia
2947 1327 3001 1373 et
3046 1320 3223 1389 ipsum
3271 1323 3325 1378 in
3356 1340 3511 1380 com-

1938 1399 2087 1452 muni
2131 1400 2300 1455 exitio
2349 1401 2472 1470 igne
2539 1402 2983 1460 inﬂammabitur.
3041 1409 3210 1465 Porro
3258 1425 3505 1483 apparet,

1936 1490 2088 1559 quod
2127 1490 2238 1559 jam
2288 1504 2430 1561 saepe
2470 1492 2620 1557 dixi,
2678 1495 2732 1549 in
2788 1497 3140 1567 praedictione
3205 1503 3501 1566 malorum,

1934 1579 2149 1634 etiamsi
2191 1580 2258 1636 de
2298 1579 2496 1638 Israele
2542 1584 2613 1638 sit
2653 1600 2857 1651 sermo,
2892 1597 3130 1644 attamen
3172 1604 3202 1644 a
3243 1594 3506 1662 propheta

1934 1670 2185 1725 connecti
2220 1671 2386 1726 etiam
2435 1688 2498 1727 ea
2552 1688 2673 1743 qua:
2720 1677 2885 1732 tribui
2932 1676 3086 1734 Iuda:
3130 1695 3159 1734 a
3193 1681 3509 1751 Babyloniis

268 1760 359 1829 τῆς
373 1759 545 1813 Ἰούδα
571 1759 748 1828 φυλῆς
759 1759 853 1812 ἐπὶ
872 1760 981 1813 τῶν
994 1760 1348 1814 Βαϐυλωνίων
1375 1760 1626 1830 ἐσόμενα,
1658 1761 1747 1814 ὅτε
1772 1761 1835 1832 δὴ

1941 1757 2316 1823 imminebant,
2359 1775 2467 1829 quo
2514 1769 2758 1832 tempore
2806 1775 2860 1820 et
2916 1766 3219 1824 Jerusalem
3276 1744 3395 1841 capi
3450 1781 3506 1829 et

267 1851 355 1902 καὶ
382 1849 480 1919 τήν
509 1849 868 1920 Ἰερουσαλὴμ
899 1849 1097 1903 ἁλῶναι
1123 1849 1327 1903 καὶτὸν
1360 1850 1485 1902 ναὸν
1510 1850 1836 1922 ἐμπρησθῆ-

266 1956 348 1993 ναι
368 1939 583 2009 συνέϐη.
600 1957 619 1989 ι
642 1939 733 1991 Ἐν
752 1940 932 2010 ἐκείνῃ
950 1943 1016 2011 τῇ
1044 1940 1243 2012 ἡμέρᾳ,
1264 1941 1409 2009 λέγει
1429 1941 1651 2011 Κύριος,
1674 1942 1837 2005 πολὺς

263 2028 290 2076 ό
310 2023 639 2088 πεπτωκώςο
665 2026 720 2077 ἐν
736 2026 898 2078 παντὶ
925 2027 1072 2097 τόπῳ
1107 2028 1379 2099 έπιρρίψω
1409 2030 1641 2100 σιωπήν.
1666 2049 1684 2081 ι
1704 2030 1837 2083 Τότε

264 2116 343 2183 δὴ,
366 2116 522 2184 φησὶ,
541 2114 710 2178 πολὺς
735 2116 831 2185 μὲν
852 2116 1159 2186 ἅπανταχοῦ
1175 2119 1463 2189 γενήσεται
1481 2118 1726 2183 Θάνατος,
1746 2120 1837 2173 καὶ

266 2204 621 2274 ἀναρίθμητοι
655 2204 766 2258 τῶν
798 2207 1102 2259 πιπτόντων
1134 2207 1344 2261 ἔσονται
1378 2211 1434 2263 at
1476 2212 1701 2277 σφαγαὶ,
1725 2210 1834 2263 τῶν

268 2295 361 2361 μὲν
376 2296 760 2366 ἀνῃρημένων,
778 2296 884 2350 τῶν
893 2298 948 2351 δὲ
959 2297 1311 2366 αίχμαλὼτων
1326 2299 1653 2370 ληφθέντων·
1662 2304 1836 2375 σιωπὴ

268 2386 321 2437 ὁὶ
342 2386 448 2438 ὕπο
474 2387 578 2456 τῆς
601 2387 742 2453 ἄγαν
774 2388 1009 2459 ἐρημίας
1031 2389 1244 2455 καθέξει
1260 2390 1326 2443 τά
1349 2392 1542 2445 πάντα.
1570 2387 1701 2445 Εἶτα
1736 2393 1839 2447 πά-

269 2478 345 2528 λιν
361 2477 671 2546 ὑπόμνησιν
692 2479 796 2530 τῶν
813 2480 1162 2550 παρανομιῶν
1187 2475 1262 2536 ὧν
1285 2482 1568 2536 ἐπετέλουν
1584 2484 1837 2542 ποιεῖται.

333 2566 475 2637 Στίχ.
494 2566 645 2621 δοιδθ.
676 2589 771 2620 -ι
796 2570 1085 2623 Ἀκούσατε
1108 2572 1171 2642 δὴ
1209 2572 1401 2633 ταῦτα,
1428 2575 1477 2626 oi
1500 2572 1837 2635 ὲκθλίϐοντες

268 2659 345 2719 είς
376 2658 435 2710 τὸ
459 2658 608 2728 πρωῒ
630 2659 860 2727 πένητα,
895 2662 989 2713 καὶ
1036 2662 1587 2725 καταδυναστεύοντες
1627 2662 1838 2733 πτωχὸν

270 2750 371 2801 ἀπὺ
389 2750 491 2818 τῆς
523 2751 628 2818 γῆς
658 2766 671 2779 ·
703 2752 754 2802 oi
798 2750 1045 2819 λέγοντες
1070 2769 1081 2780 ·
1111 2753 1248 2804 Πότε
1291 2739 1621 2806 διελεύσεται
1644 2756 1673 2806 ό
1709 2754 1837 2821 μὴν,

272 2841 359 2893 καὶ
390 2840 815 2911 ἐμπολήσομενς
875 2842 969 2894 καὶ
1019 2843 1146 2895 πότε
1185 2840 1304 2911 ἣξει
1349 2843 1416 2895 τὰ
1450 2842 1720 2901 Σάϐϐατα,
1748 2842 1839 2894 καὶ

274 2932 549 3001 ἀνθέξομεν
578 2932 909 3003 θησαυροὺς,
938 2932 1033 2986 τοῦ
1067 2934 1286 3003 ποιῆσαι
1305 2933 1498 3003 μικρὸν
1530 2933 1587 2986 τὸ
1621 2935 1836 3004 μέτρον,

274 3027 357 3077 καὶ
382 3024 685 3094 μεγαλῦιαι
739 3025 1020 3094 σταθμίον,
1053 3026 1144 3079 καὶ
1176 3026 1391 3094 ποιῆσαι
1441 3024 1600 3092 ζυγὸν
1636 3024 1836 3089 ἄδικον,

274 3116 355 3168 τοῦ
383 3084 623 3170 κτάσθαι
654 3118 714 3168 ὲν
740 3084 1301 3187 ἀργυρᾶν-πτωχοὺς,¹
1329 3117 1421 3169 καὶ
1449 3084 1699 3168 ταπεινῖιν
1725 3084 1839 3167 ἑνθζ
1865 3084 1907 3141 C

275 3208 432 3279 ὕποδη
441 3209 748 3278 μάτων,κα“ι
760 3207 866 3260 ἀπὸ
882 3207 1058 3276 πάσης
1071 3209 1318 3277 πράσεως
1330 3208 1356 3256 ὲ
1363 3209 1635 3275 μπορευσό
1640 3224 1705 3275 με
1715 3208 1798 3268 3a;
1813 3227 1832 3257 ι

276 3301 448 3353 Ταῦτα
498 3299 586 3370 δὴ,
642 3299 798 3369 φησὶ,
858 3297 1088 3368 μάὶιστα
1132 3298 1349 3350 πάντων
1395 3296 1641 3368 εἰρῆσθαι
1702 3298 1837 3367 πρὸς

276 3395 409 3462 ὑμᾶς
436 3393 716 3462 νομίσατε.
745 3390 794 3444 οἳ
817 3391 904 3443 διά
932 3391 1127 3453 παντὸς
1142 3391 1238 3461 μὲν
1268 3392 1383 3453 ταῖς
1406 3390 1606 3452 ἀδίκοις
1636 3407 1836 3459 κεχρη-

279 3481 421 3549 μένοι
439 3482 783 3543 δυναστείαις
810 3481 889 3542 είς
909 3480 1008 3551 τὴν
1026 3479 1131 3532 τῶν
1163 3481 1406 3551 πενήτων
1448 3480 1678 3543 ἀδικίαν,
1705 3481 1835 3531 ἁνα-

278 3571 521 3640 μένοντες
543 3572 599 3624 δὲ
643 3570 874 3623 ἑκάστου
906 3570 1071 3639 μηνὸς
1094 3570 1188 3640 τὴν
1224 3570 1612 3640 συμπλήρωσιν
1644 3571 1735 3622 ἐπὶ
1758 3570 1834 3640 τῷ

272 3663 363 3725 τὰς
394 3662 744 3731 παρανόμους
775 3659 882 3712 τῶν
930 3660 1145 3712 οἰκείων
1183 3660 1550 3728 δανεισμάτων
1576 3662 1834 3732 ἐργασίας

273 3753 517 3817 συλλέξαι
540 3769 553 3783 ·
592 3752 889 3821 ἀναμένετε
913 3751 968 3804 δὲ
995 3751 1089 3804 καὶ
1119 3751 1188 3803 τὸ.
1218 3751 1489 3817 Σάϐϐατα,
1509 3753 1606 3822 οὐχ
1639 3752 1726 3805 ἵνα
1759 3751 1834 3821 τῷ

270 3841 385 3910 Θεῷ
404 3841 706 3911 έορτάσητε
764 3844 823 3894 ὲν
862 3841 1062 3904 αὐτοῖς,
1106 3845 1182 3910 (p.
1205 3842 1331 3913 200)
1363 3839 1474 3894 ἀλλ’
1499 3843 1585 3894 ἵνα
1608 3841 1705 3911 τὴν
1738 3843 1835 3910 ἐμ·-

274 3932 464 4002 πορίαν
513 3930 909 4001 δαψιλεστέραν
950 3931 1269 4000 ποιήσησθε,
1296 3932 1734 4003 ἀποχρησάμενοι
1761 3932 1837 4002 τῷ

270 4021 445 4093 καιρῷ
467 4021 569 4089 τῆς
600 4021 813 4092 ἑορτῆς,
831 4020 1134 4091 θησαυρούς
1161 4037 1220 4072 τε
1247 4022 1456 4084 ἑαυτοῖς
1479 4022 1694 4085 ἀδίκους
1716 4023 1839 4075 συλ-

270 4116 482 4186 λέξητε,
545 4115 722 4186 μέτρα
768 4131 826 4166 τε
882 4114 974 4166 καὶ
1007 4112 1243 4184 σταθμία
1291 4114 1461 4185 μικρά
1502 4116 1595 4168 καὶ
1630 4116 1840 4185 μεγάλα

272 4202 576 4264 ποιοῦντες,
614 4202 690 4264 ὡς
728 4200 794 4255 ἂν
816 4202 1093 4271 ἑκατέροις
1122 4203 1256 4273 πρὸς
1291 4201 1387 4272 τὴν
1412 4203 1619 4256 ἑαυτῶν
1643 4222 1840 4276 κεχρη-

274 4296 423 4365 μένοι
451 4294 778 4364 καπηλείαν,
800 4284 1087 4363 συλλέξητε
1120 4293 1379 4365 ἀργύριον
1404 4294 1466 4347 ἐκ
1496 4294 1594 4364 τῆς
1613 4295 1718 4347 τῶν
1744 4314 1839 4348 πε-

1937 1849 2152 1904 incendi
2189 1850 2447 1920 templum
2476 1854 2723 1920 contigit.
2755 1873 2775 1906 ι
2815 1855 2910 1910 Illa
2931 1858 3040 1921 die,
3066 1859 3198 1912 dicit
3223 1860 3509 1928 Dominus,

1936 1942 2091 1995 multi
2122 1941 2402 1996 cadentes.
2433 1942 2489 1996 In
2514 1946 2659 1998 omni
2695 1946 2815 1999 loco
2836 1949 3119 2017 projiciam
3149 1952 3447 2007 silentium.
3477 1970 3503 2006 ι

1936 2030 2110 2098 Tunc,
2148 2033 2244 2096 ait,
2284 2034 2484 2101 ubique
2508 2037 2612 2089 erit
2657 2052 2825 2099 mors,
2871 2047 2926 2093 et
2976 2041 3275 2096 innumera:
3304 2043 3507 2097 caden-

1936 2123 2066 2177 tium
2122 2130 2283 2178 erunt
2333 2124 2529 2185 cades,
2584 2130 2785 2195 partim
2840 2131 3174 2192 occisorum.
3204 2134 3401 2201 partim
3447 2134 3504 2189 in

1936 2213 2303 2283 captivitatem
2344 2214 2725 2270 abducturum.
2773 2217 3058 2274 Silentium
3100 2221 3336 2287 denique
3380 2239 3506 2294 pro-

1934 2310 2054 2373 pter
2075 2318 2343 2357 summam
2373 2306 2721 2362 solitudinem
2745 2311 2929 2363 omnia
2954 2313 3262 2381 occupabit.
3301 2313 3505 2369 Deinde

1936 2407 2130 2449 rursus
2158 2392 2529 2462 iniquitatium,
2573 2412 2710 2466 quas
2749 2398 3166 2471 frequentabant
3205 2401 3335 2457 facit
3361 2420 3507 2459 men-

1940 2482 2167 2537 tionem.

2008 2573 2172 2631 Vaas.
2202 2577 2345 2632 4-H.
2367 2607 2437 2618 --
2470 2597 2489 2630 ι
2529 2578 2722 2633 Audite
2747 2581 2882 2641 haec,
2916 2582 3007 2646 qui
3036 2585 3320 2638 conteritis
3347 2602 3507 2641 mane

1938 2680 2224 2736 pauperes,
2252 2676 2305 2721 et
2345 2670 2655 2737 opprimitis
2700 2670 2755 2724 in
2795 2678 2939 2724 terra
2982 2688 3254 2741 egenum;
3303 2676 3394 2745 qui
3421 2677 3507 2730 di-

1937 2757 2060 2813 citis
2098 2777 2110 2812 :
2159 2758 2516 2823 Quandonam
2548 2762 2800 2815 transibit
2848 2765 3072 2827 mensis,
3111 2773 3165 2818 ct
3206 2768 3509 2833 negotiabi-

1938 2851 2096 2905 mur?
2139 2850 2494 2916 Quandonam
2546 2854 2763 2907 venient
2787 2854 3047 2914 Sabbata,
3093 2860 3511 2928 aperiemusque

1939 2942 2241 2999 thesauros.
2273 2953 2332 2995 ut
2381 2940 2645 2996 faciamus
2696 2958 3005 2998 mensuram
3044 2940 3289 3014 parvam,
3320 2957 3374 3003 et
3405 2964 3507 3003 auo

1940 3047 2162 3101 geamus
2202 3032 2435 3099 pondus,
2486 3032 2858 3101 (sciamusque
2907 3043 3165 3089 stateram
3223 3038 3503 3105 injustam,

1942 3133 2000 3176 ut
2036 3124 2409 3191 possideamus
2456 3124 2685 3192 pecunia
2714 3140 3004 3193 pauperes,
3053 3136 3107 3181 et
3149 3144 3380 3197 egenum
3408 3147 3508 3201 pro

1935 3214 2337 3275 calceamentis,
2376 3221 2429 3267 et
2468 3214 2616 3268 omni
2660 3215 2992 3271 venditionis
3025 3234 3222 3286 genere
3261 3227 3509 3291 negotie-

1936 3303 2089 3357 mur?
2136 3321 2155 3355 ι
2210 3300 2333 3357 Haec
2386 3304 2544 3358 vobis
2595 3306 2829 3361 maxime
2879 3307 3021 3360 dicta
3056 3311 3378 3367 existimate.
3412 3314 3508 3381 qui

1934 3394 2154 3464 injustis
2188 3410 2401 3465 semper
2445 3398 2895 3465 oppressionibus
2942 3414 3207 3467 pauperes
3249 3404 3503 3465 atteritis,

1933 3494 2312 3553 exspectantes
2337 3485 2605 3554 cujusque
2653 3488 2858 3540 mensis
2909 3486 3068 3539 line.”
3107 3489 3176 3540 ob
3210 3492 3509 3557 exigendos

1935 3574 2153 3644 iniquos
2205 3591 2499 3630 usurarum
2551 3584 2856 3629 vestrarum
2900 3588 3137 3643 qumstus
3176 3598 3189 3631 :
3226 3580 3317 3648 qui
3353 3581 3510 3651 132

1935 3655 2067 3720 item»
2115 3667 2444 3735 exspectatis
2508 3666 2766 3727 Sabbata,
2820 3682 2927 3719 non
2981 3674 3037 3719 ut
3091 3667 3198 3722 Deo
3244 3686 3336 3739 per
3397 3672 3507 3725 lucc

1935 3756 2227 3821 feriemini,
2279 3756 2373 3811 sed
2426 3764 2486 3810 ut
2529 3756 2804 3809 utiliorem
2850 3766 3210 3812 mercaturam
3269 3761 3507 3823 faciatis.

1935 3848 2223 3902 abutentes
2268 3846 2442 3900 festali
2498 3852 2773 3914 tempore;
2817 3857 2979 3915 atque
3022 3857 3079 3901 ut
3124 3849 3357 3916 iniustos
3391 3855 3507 3908 the-

1936 3955 2132 3996 sauros
2163 3939 2315 3993 vobis
2344 3938 2705 4001 coacervetis,
2740 3945 2792 3990 rt
2824 3953 3110 3992 mensuras
3150 3948 3312 4008 atque
3345 3950 3510 3997 state—

1936 4049 2027 4087 ras
2083 4046 2281 4101 parvas
2342 4042 2679 4100 magnasque
2735 4028 2976 4091 faciatis,
3032 4038 3091 4082 ut
3148 4032 3394 4101 utrisque
3453 4034 3509 4088 iu

1939 4123 2201 4178 nundinis
2254 4121 2449 4176 vestris
2498 4118 2725 4173 utamini
2762 4134 2912 4188 :quo
2946 4121 3234 4189 pecuniam
3274 4138 3337 4178 ex
3377 4138 3510 4193 pan-

1941 4228 2127 4283 perum
2163 4211 2521 4282 oppressione
2557 4210 2885 4274 corradatis,
2916 4225 2984 4266 ne
3020 4225 3051 4265 a
3084 4212 3362 4267 vilissimis
3389 4215 3511 4282 qni-

1941 4306 2061 4359 dem
2128 4303 2449 4357 muneribus
2515 4301 2886 4369 abstinentes;
2956 4300 3010 4355 id
3079 4302 3225 4357 enim
3288 4304 3511 4360 denotat

272 4389 447 4459 νήτων
469 4385 708 4448 ἀδικίας,
737 4384 1035 4454 λημμάτων
1055 4385 1151 4454 μὲν
1172 4386 1292 4438 οὐδὲ
1315 4384 1421 4437 τῶν
1448 4386 1839 4441 εὐτελεστάτων

1943 4395 2132 4458 dit-tio,
2166 4408 2265 4462 pro
2292 4392 2713 4459 calceamentis;
2747 4401 2910 4460 atqtte
2944 4407 3007 4447 ex
3036 4393 3274 4460 qualibet
3302 4409 3512 4447 merca-

271 4479 601 4549 ἀπεχόμενοι
624 4494 637 4506 ·
664 4475 824 4529 τοῦτο
842 4475 1105 4545 γὰρλέγει
1120 4475 1197 4539 τὺ,
1219 4495 1236 4526 ι
1262 4478 1376 4534 ἀνθ’
1396 4478 1753 4547 ὑποδημάτων
1782 4495 1793 4508 ο
1818 4498 1837 4530 ι

273 4571 379 4622 ἀπὸ
426 4569 633 4630 παντὶς
677 4568 734 4620 δὲ
782 4566 1227 4636 συναλλάγματος
1273 4567 1603 4631 σκοποῦντες
1631 4570 1683 4621 τί
1721 4572 1845 4640 ὑμῖν

274 4663 717 4733 προσγενήσεται
740 4660 927 4729 κέρδος
948 4676 960 4689 ·
987 4658 1143 4712 τοῦτο
1167 4659 1274 4730 γὰρ
1304 4660 1449 4726 λέγει
1479 4661 1722 4721 τὸ,‹ἁπὸ⁸
1743 4663 1843 4715 τά·

275 4774 371 4827 σης
395 4755 657 4825 πράσεως
677 4750 1145 4826 ἐμπορευσόμεθατ
1162 4749 1345 4804 »Κατά
1383 4751 1446 4821 δὴ
1466 4750 1666 4820 ταύτης
1695 4751 1846 4821 ὑμῶν

273 4850 367 4921 τῆς
393 4845 777 4916 ὑπηρεφανίας
807 4842 1203 4913 (ὑπερηφανίαν
1226 4842 1333 4912 γὰρ
1362 4841 1613 4912 ὀνομάζει
1640 4844 1737 4910 τὴν
1765 4845 1843 4907 εἰς

277 4942 395 5001 τοὺς
418 4941 661 5006 πένητας
707 4934 937 4997 ἀδικίαν,
968 4933 1034 5003 ἥν
1082 4931 1396 5002 εἰργάζοντο
1439 4931 1513 5001 μὴ
1540 4930 1845 4998 συλλογιζόο

279 5050 424 5103 μενοι
444 5031 541 5083 τοῦ
558 5028 698 5081 Θεοῦ
717 5027 813 5096 τὴν
834 5024 1009 5094 δίκην)
1039 5023 1310 5090 ἀπόφασιν
1338 5022 1591 5089 ἐξήνεγκε
1623 5022 1845 5089 βεϐαίαν

276 5126 301 5174 ὁ
327 5123 459 5185 Θεὸς
480 5121 577 5174 καὶ
604 5118 1031 5188 ἀμετάπτωτον·
1064 5112 1123 5165 τὸ
1149 5112 1276 5182 γάρ,
1317 5130 1335 5161 ι
1365 5111 1552 5181 ὀμνύει
1584 5112 1838 5183 Κύριος.»

278 5215 428 5267 τοῦτο
458 5211 627 5283 δηλοῖ.
648 5210 725 5274 ὡς
742 5208 803 5261 οὐ
819 5203 1132 5276 παραδώσει
1162 5203 1296 5274 λήθῃ
1324 5203 1598 5265 παντελῶς
1624 5202 1692 5255 τὰ
1715 5203 1843 5273 παρ’

279 5306 447 5360 αὐτῶν
496 5303 794 5373 γινόμεναο
835 5296 995 5368 μόνον
1029 5294 1085 5346 δὲ
1134 5294 1256 5363 οὐχὶ
1298 5295 1475 5346 πᾶσαν
1521 5295 1849 5363 συγκινήσας

278 5398 502 5469 τὴνγῆν,
532 5391 815 5453 τοσούτοις
846 5390 913 5458 τῇ
946 5385 1051 5438 τῶν
1077 5383 1348 5452 πολεμίων
1372 5384 1544 5453 ἐφόδῳ
1568 5382 1851 5453 περιϐαλεῖ

278 5492 377 5556 τοῖς
401 5491 613 5552 κακοῖς,
644 5485 794 5539 ὥστε
825 5478 1012 5532 ⁴πένθει
1039 5473 1365 5542 κατέχεσθαι
1402 5474 1622 5538 πάντας,
1660 5474 1750 5526 ἐπὶ
1776 5472 1851 5542 τῷ

283 5586 479 5654 μεγέθει
498 5581 601 5653 τῆς
625 5571 974 5641 ἐπελθούσης
1003 5569 1184 5629 αὐτοῖς
1213 5567 1493 5635 συμφορᾶς
1518 5583 1528 5594 ·
1562 5566 1715 5634 δίκην
1746 5565 1852 5632 γὰρ

276 5678 357 5733 τοῦ
402 5676 522 5734 κατ’
569 5673 861 5739 Αιγυπτον
904 5659 1148 5732 ποταμοῦ
1181 5656 1633 5729 πλημμυροῦντός
1667 5673 1722 5707 τε
1756 5656 1847 5706 καὶ

1943 4498 2065 4539 tura
2128 4484 2331 4553 aliquid
2386 4484 2587 4541 lucrari
2652 4490 2928 4537 curantes.
2981 4482 3035 4536 Id
3082 4483 3280 4551 quippe
3332 4484 3510 4538 valent

1943 4577 2105 4631 verba
2142 4592 2154 4628 :
2187 4571 2332 4628 omni
2374 4571 2705 4625 venditionis
2752 4584 2949 4639 genere
2985 4570 3339 4638 negotiantur.
3390 4568 3510 4622 Jam

1945 4669 2210 4720 adversus
2235 4663 2374 4716 banc
2397 4669 2628 4716 vestram
2662 4660 2971 4729 superbiam
3006 4657 3337 4728 (superbiam
3365 4659 3511 4711 enim

1945 4757 2192 4811 nominat
2238 4753 2561 4822 iniustitiam
2612 4758 2807 4805 contra
2861 4764 3148 4819 pauperes,
3185 4763 3346 4817 quam
3384 4762 3511 4816 per-

1950 4848 2255 4918 petrabant,
2294 4844 2360 4897 de
2386 4843 2476 4898 Dei
2506 4842 2745 4895 vindicta
2794 4856 2902 4894 non
2935 4839 3260 4908 cogitantes)
3297 4838 3511 4890 lirmum

1951 4938 2074 4991 tulit
2106 4936 2248 4990 Deus
2277 4934 2559 4988 decretum
2586 4940 2749 5000 atque
2773 4930 3130 4984 immutabile.
3155 4927 3287 4979 Nam
3320 4926 3509 4986 dictio,

1945 5028 2096 5097 jurat
2148 5023 2429 5082 Dominus,
2468 5021 2572 5073 hoc
2618 5017 2905 5087 signiﬁcat,
2941 5015 3085 5084 quod
3129 5012 3352 5067 omnino
3378 5010 3516 5063 oblic

1950 5117 2099 5171 vioni
2148 5130 2255 5168 non
2309 5112 2488 5165 tradet
2532 5110 2672 5164 facta
2730 5110 2945 5162 illorum
2981 5125 2993 5160 :
3028 5107 3135 5158 imo
3187 5112 3301 5157 toto
3347 5101 3512 5155 veluti

1951 5217 2219 5261 terrarum
2253 5202 2383 5255 orbe
2422 5207 2717 5258 commoto,
2769 5198 2939 5249 tantis
2985 5210 3080 5247 eos
3132 5208 3228 5262 per
3274 5190 3511 5245 hostium

1947 5293 2317 5351 incursionem
2351 5291 2545 5342 obruet
2596 5286 2774 5347 malis,
2823 5291 2881 5336 ut
2924 5296 3113 5335 omnes
3156 5281 3209 5334 in
3247 5281 3394 5332 luctu
3426 5276 3514 5331 fu-

1949 5387 2053 5441 turi
2120 5385 2251 5441 sint.
2313 5376 2686 5448 magnitudine
2745 5372 2921 5444 pressi
2971 5371 3319 5425 calamitatis.
3367 5367 3514 5421 More

1949 5476 2091 5529 enim
2128 5467 2434 5540 Egyptiaci
2482 5464 2723 5518 ﬂuminis
2757 5462 3074 5516 inundantis
3109 5469 3163 5515 et
3195 5475 3317 5513 mox
3364 5473 3515 5512 rece-

1949 5564 2151 5623 dentis,
2206 5557 2425 5613 invadet
2481 5570 2577 5609 vos
2652 5554 2824 5608 hostis
2888 5542 3211 5622 generaliter
3270 5558 3511 5609 vastans,

1957 5649 2529 5723 comprehendeusque
2592 5647 2835 5716 captivos
2901 5644 2966 5697 ad
3035 5658 3186 5699 suam
3241 5641 3515 5709 regionem
