3966 6134
398 311 502 371 9ἰῶ

1601 259 1950 350 Timonem
1983 286 2465 348 MOPSUESTEM

3551 272 3661 330 296

404 420 731 494 aSportabit.
769 417 928 473 Tune
961 430 1114 482 vero,
1161 412 1359 482 inquit,
1405 411 1488 465 sol
1529 409 1758 464 meridie
1791 401 1991 463 obscu-

2117 402 2254 456 πάλιν
2273 401 2697 473 ὑποχωροῦντος,
2723 394 3076 452 ὲπελεύσεταί
3108 411 3167 448 τε
3207 394 3332 464 ὑμῖν
3354 395 3382 449 ό
3404 395 3662 464 πολέμιος

403 526 557 569 ratus
623 511 897 565 videbitur
967 508 1034 562 iis
1091 505 1186 575 qui
1238 505 1295 557 in
1347 500 1618 572 angustiis
1662 509 1985 564 versamur;

406 604 758 671 tenebrisque
818 613 1010 654 omnes
1080 611 1138 650 se
1200 594 1376 649 teneri
1444 594 1719 663 putabunt
1769 599 1992 660 pr0pter

411 696 677 747 malorum
736 687 1190 758 magnitudinem.
1253 682 1409 737 Tunc
1491 681 1714 735 omissis
1775 680 1989 734 vitiosis

412 781 873 842 solemnitatibus,
929 776 1101 831 luctui
1154 774 1550 828 vacabitiszet
1605 786 1704 841 pro
1749 770 1990 840 antiquis

412 874 666 933 canticis,
701 874 852 939 largo
884 869 1036 922 ﬂetui
1065 865 1418 935 indulgebitis
1450 882 1463 918 :
1503 878 1602 931 pro
1635 861 1786 916 molli
1813 869 1987 927 veste,

413 978 576 1018 sacco
611 960 914 1016 induemini
966 958 1313 1028 praesentium
1364 956 1632 1009 malorum
1679 953 1858 1008 indice
1891 972 1904 1006 :
1937 962 1992 1007 et

414 1065 597 1109 vetere
641 1053 841 1121 capitis
886 1057 1083 1104 ornatu
1123 1048 1350 1108 omisso,
1397 1045 1667 1098 calvitiem
1711 1045 1870 1098 malis
1899 1060 1992 1098 ve-

415 1145 546 1201 stris
572 1156 870 1212 cnngruam
919 1155 1040 1194 esse
1089 1136 1369 1207 putabitis.
1403 1135 1620 1197 Cuncti,
1657 1145 1717 1188 ut
1749 1150 1994 1190 summa-

416 1237 514 1290 tim
583 1235 784 1297 dicam,
848 1240 1106 1300 tanquam
1168 1228 1222 1281 in
1270 1229 1419 1280 luctu
1475 1225 1662 1280 dilecti
1717 1224 1988 1295 unigeniti

419 1335 643 1397 pmpter
671 1324 1072 1379 excruciantem
1116 1319 1360 1373 dolorem
1399 1317 1632 1387 degetis,
1671 1316 1994 1370 incumben—

419 1418 556 1471 tium
588 1415 744 1470 vobis
777 1415 1043 1466 malorum
1077 1409 1514 1481 magnitudinem
1567 1409 1990 1477 complorantes.

420 1507 558 1560 Tum
589 1513 642 1560 et
682 1504 786 1557 alia
817 1509 1012 1572 prater
1048 1502 1162 1556 haec
1212 1508 1496 1563 eventura,
1546 1499 1802 1569 graviora
1837 1496 1992 1566 133

421 1595 598 1649 adhuc
629 1593 958 1663 signiﬁcans
1007 1591 1290 1661 prepheta,
1329 1588 1589 1653 Venient,
1625 1589 1822 1657 inquit,
1854 1587 1991 1650 dies,

419 1687 624 1757 quibus
664 1700 770 1739 non
820 1683 1047 1754 penuria
1089 1691 1302 1736 tantum
1339 1681 1446 1736 cibi
1481 1689 1752 1750 potusque
1781 1680 1996 1733 labora-

422 1779 574 1842 bitis,
607 1779 701 1834 sed
742 1784 798 1832 et
843 1775 1226 1847 gravissimam
1272 1774 1432 1826 aliam
1487 1771 1768 1844 patiemini
1821 1787 1992 1841 penu-
2028 1757 2069 1811 Β

423 1869 584 1933 riam,
645 1869 774 1937 quia
828 1880 1023 1934 nempe
1080 1865 1292 1918 nullum
1345 1863 1704 1932 impetrabitis
1755 1863 1995 1916 divinum

422 1960 730 2021 oraculum,
763 1973 828 2011 ex
868 1971 1058 2010 eorum
1108 1969 1358 2018 numero,
1403 1969 1523 2023 quae
1572 1968 1667 2022 per
1709 1953 1999 2023 prophetas

426 2051 543 2106 ﬁeri
574 2050 842 2111 solebant,
886 2048 953 2102 ad
1001 2060 1437 2102 mrumnosorum
1487 2045 1766 2098 solatium.
1799 2046 1886 2099 Ait
1918 2047 2001 2099 ni-

426 2141 654 2203 mirum,
693 2139 838 2208 quod
885 2139 1050 2193 etiam
1085 2135 1228 2205 apud
1274 2136 1492 2189 beatum
1541 2131 1734 2188 Oseam
1767 2135 2003 2204 prophe-

429 2242 541 2286 tam
595 2232 843 2287 dicitur:
893 2247 912 2280 ι
971 2228 1246 2283 Sedebunt
1297 2226 1390 2281 ﬁlii
1426 2225 1640 2282 Israelis
1684 2226 1803 2282 sine
1854 2241 2000 2298 rege,

430 2325 552 2379 sine
601 2323 944 2392 magistratu,
994 2322 1115 2376 sine
1172 2318 1464 2382 sacriﬁcio,
1507 2317 1626 2372 sine
1672 2318 1852 2383 altari,
1885 2319 2005 2373 sine

432 2415 761 2478 sacerdotio,
812 2415 932 2470 sine
978 2413 1266 2468 oraculis:
1311 2429 1328 2462 ι
1380 2411 1580 2480 quibus
1617 2411 1798 2466 verbis
1837 2410 2010 2480 signi-

434 2510 559 2562 iicat
595 2515 790 2560 cuncta
835 2505 950 2560 haec
994 2504 1327 2575 captivitatis
1375 2502 1718 2574 Babylonica:
1765 2512 2007 2572 tempore

435 2599 609 2654 fuisse
639 2598 878 2652 sublata.
923 2595 1068 2650 Idem
1098 2610 1228 2650 vero
1261 2609 1405 2649 nunc
1457 2594 1721 2664 propheta
1768 2595 2004 2659 nuntiat,

433 2705 631 2759 nempe
683 2708 697 2743 :
753 2688 1017 2743 atrumnis
1071 2687 1382 2754 trademini,
1434 2698 1487 2742 et
1541 2697 1669 2742 tunc
1719 2687 2010 2756 prophetas

435 2781 710 2851 expetitis,
771 2794 910 2850 quos
957 2793 1105 2833 nunc
1168 2777 1474 2849 negligitis;
1534 2780 1676 2834 scire
1727 2778 2009 2848 cupientes

436 2892 566 2932 num
622 2876 805 2946 aliqua
855 2875 911 2929 in
965 2875 1162 2930 melius
1219 2874 1576 2928 commutatio
1620 2887 1718 2926 vos
1769 2878 2006 2925 maneat.

444 2984 463 3017 ι
503 2964 1009 3018 Commovebuntur
1057 2978 1213 3032 aqua:
1260 2978 1290 3015 a
1335 2961 1475 3016 mari
1511 2974 1684 3030 usque
1710 2960 1774 3013 ad
1811 2974 1962 3014 mare
1996 2978 2009 3013 :

441 3071 471 3108 a
503 3055 668 3109 borea
703 3055 768 3108 ad
794 3055 1059 3110 orientem
1089 3055 1405 3109 discurrent
1447 3061 1756 3123 quaerentes
1784 3052 2010 3106 verbum

442 3233 662 3289 Israelis
697 3235 982 3288 innumera
1013 3234 1307 3288 multitudo
1352 3233 1585 3303 sparsim
1619 3233 1820 3302 ubique
1849 3233 2023 3302 agita-

445 3326 613 3390 bitur,
651 3342 904 3396 quzerens
960 3341 1029 3380 an
1064 3325 1278 3396 uspiam
1319 3326 1587 3396 propheta
1623 3325 1824 3394 aliquis
1855 3340 2024 3394 appa-

444 3428 583 3485 reat,
618 3417 710 3473 Dei
742 3420 1018 3473 voluntate
1050 3418 1315 3472 nuntians
1364 3417 1468 3474 sibi
1517 3424 1821 3483 eventura;
1859 3431 2022 3486 quem

446 3518 627 3566 tamen
675 3519 808 3566 tunc
840 3527 950 3566 non
985 3510 1289 3566 invenient.
1357 3509 1583 3576 Deinde,
1645 3509 1867 3578 peribit,
1927 3508 2023 3574 ait,

449 3603 695 3657 funditus
743 3603 1007 3674 quidquid
1081 3616 1230 3656 nunc
1289 3599 1812 3671 praestantissimum
1869 3598 2028 3654 vobis

449 3694 663 3747 videtur
692 3705 747 3748 et
766 3693 1135 3749 desiderabile
1158 3692 1440 3762 :peribunt
1475 3701 1670 3747 vestra:
1704 3705 1851 3744 nunc
1879 3691 2025 3745 omni

450 3801 584 3841 cura
619 3785 910 3840 custodita:
939 3785 1178 3856 virgines
1211 3803 1226 3839 :
1258 3784 1514 3854 peribunt
1544 3783 1707 3837 etiam
1741 3782 2030 3839 formosis-

451 3880 576 3936 simi
601 3878 848 3946 juvenes.
888 3875 1013 3930 Haec
1040 3885 1220 3930 autem
1251 3891 1414 3946 quam
1466 3875 1538 3929 ob
1580 3889 1804 3930 causam
1851 3874 2027 3944 patie-

455 3970 631 4024 mini?
674 3989 691 4021 ι
725 3969 828 4034 Qui
878 3967 1066 4038 jurant
1123 3982 1218 4038 per
1254 3966 1692 4036 propitiationem
1748 3965 2027 4029 Samaria},

454 4057 753 4128 dicuntque
789 4076 803 4112 :
842 4057 986 4112 Vivit
1022 4056 1166 4112 Deus
1217 4055 1367 4122 Dan;
1416 4063 1470 4110 et
1527 4056 1658 4109 vivit
1701 4055 1844 4110 Deus
1879 4063 2029 4119 tuus,

456 4147 727 4201 Bcrsahea
773 4165 786 4200 :
841 4155 895 4202 et
954 4147 1172 4210 cadent,
1231 4153 1284 4200 et
1344 4159 1452 4199 non
1499 4151 1808 4214 resurgent.
1839 4163 1856 4196 ι
1895 4144 2032 4209 Quia

460 4239 731 4291 derelicto
763 4237 871 4291 Deo
901 4239 1143 4291 omnium
1179 4235 1432 4300 Domino,
1465 4234 1727 4290 Samariae
1766 4236 1909 4289 idola
1943 4250 2035 4290 ve-

463 4329 643 4381 nerari
690 4332 1035 4390 studuerunt,
1083 4343 1254 4396 eaque
1294 4327 1522 4382 deorum
1573 4327 1889 4381 nominibus
1939 4341 2035 4396 ap-

2094 494 2344 557 άπαντας
2364 493 2508 562 ὑμᾶς
2526 488 2880 552 ἀπολλὺς,κα“ι
2896 486 2961 557 δὴ
2979 486 3072 540 καὶ
3093 483 3270 538 λαϐὼν
3287 482 3668 554 αἰχμαλώτους

2089 586 2184 638 ἐπὶ
2206 585 2304 655 τὴν
2325 583 2530 638 οἰκείαν
2550 582 2745 648 ἀπάξει
2775 578 2979 651 χώραν.
3004 577 3137 630 Τότε
3165 576 3249 646 δὴ,
3282 576 3466 646 φησὶν,
3503 577 3530 628 ὁ
3563 576 3664 646 μὲν

2088 679 2238 749 ἥλιος
2269 679 2344 747 (p.
2381 675 2510 742 2M)
2539 677 2594 726 ὲν
2627 672 2706 741 τῷ
2739 669 3048 742 μεσαιτάτῳ
3076 668 3176 737 τῆς
3207 667 3420 736 ἡμέρας
3450 667 3664 735 ἀφανὴς

2091 764 2230 822 εἰναι
2272 768 2413 838 δόξει
2453 769 2564 829 τοῖς
2609 767 2668 818 ὲν
2710 764 2974 832 ἀνάγκαις
3013 759 3346 814 καθεστῶσιο
3381 758 3568 820 σκότος
3608 758 3666 810 δὲ

2092 859 2336 921 ἅπαντας
2385 856 2511 920 τοὺς
2551 855 2644 908 ἐπὶ
2697 854 2797 923 τῆς
2841 853 2946 922 γῆς
2989 850 3128 916 δόξει
3162 849 3447 918 κατέχειν,
3488 846 3577 898 διὰ
3605 847 3669 898 τὸ

2093 950 2320 1017 μέγεθος
2347 949 2454 1002 τῶν
2480 946 2682 1001 κακῶν.
2714 946 2822 998 Καὶ
2846 944 2941 1006 τὰς
2969 943 3064 1013 μὲν
3091 939 3442 1011 παρανόμους
3473 936 3668 1008 ἑορτὰς

2091 1041 2340 1109 ἀφέντες,
2371 1038 2446 1109 τῷ
2479 1037 2664 1092 πένθει
2692 1035 2982 1107 προσέξετε
3008 1050 3020 1063 ’
3066 1033 3187 1084 ἀντὶ
3209 1031 3265 1084 δὲ
3291 1030 3398 1082 τῶν
3423 1028 3667 1082 παλαιῶν

2091 1107 2353 1202 ᾀσμάτων
2389 1107 2570 1199 θρήνῳ
2623 1124 2892 1197 χρήσεσθε
2949 1121 3129 1190 πολλῷ
3153 1139 3166 1152 ’
3201 1107 3406 1213 We
3431 1119 3531 1188 τῆς
3563 1135 3669 1187 μα-

2092 1224 2264 1294 λακῆς
2318 1223 2565 1292 ἐσθῆτος,
2617 1221 2817 1273 σάκκον
2858 1209 3450 1286 περιθήσεσθέὲπίτῷ
3482 1209 3672 1262 πένθει

2092 1312 2198 1366 τῶν
2252 1313 2536 1382 παρόντων
2573 1307 2791 1361 κακῶν·
2829 1304 2921 1357 τοῦ
2959 1303 3016 1357 δὲ
3064 1299 3293 1355 παλαιοῦ
3333 1299 3539 1368 κόσμου
3569 1295 3672 1364 τῆς

2093 1403 2338 1471 κεφαλῆς
2384 1400 2776 1472 ἀμελήσαντες,
2822 1398 2920 1464 τὴν
2967 1392 3254 1462 ἀφαίρεσιν
3291 1389 3399 1441 τῶν
3443 1387 3668 1458 τριχῶν,

2093 1498 2168 1559 ὡς
2199 1497 2255 1547 ὲν
2280 1493 2550 1553 τοσούτοις
2574 1491 2700 1559 ὑμῖν
2731 1485 2988 1558 ἁρμόζειν
3016 1481 3264 1553 οἰήσεσθε
3293 1483 3403 1541 τοῖς
3438 1480 3629 1540 κακοῖς
3655 1493 3668 1507 ο

2094 1587 2331 1649 ἅπαντές
2357 1603 2438 1651 τε,
2479 1582 2761 1651 συντόμως
2794 1579 2988 1636 εἰπεῖν,
3022 1575 3096 1637 ὼς
3128 1573 3220 1625 ἐπὶ
3234 1570 3418 1623 πένθει
3449 1583 3674 1639 μονογε-

2095 1681 2220 1744 νοῦς
2254 1679 2371 1733 υίοῦ
2405 1674 2766 1747 ήγαπημένου
2793 1668 3129 1724 διατελέσετε
3153 1665 3257 1717 ὑπὸ
3283 1663 3381 1733 τῆς
3415 1659 3676 1730 κατεχού-

2105 1791 2202 1843 σης
2228 1771 2440 1839 ὀδύνης,
2488 1769 2598 1822 τῶν
2657 1764 3018 1836 περιεχόντων
3065 1757 3289 1819 ἑαυτοὺς
3315 1753 3501 1807 κακῶν
3540 1751 3676 1822 θρη-

2103 1865 2318 1926 νοῦντες
2337 1864 2396 1914 τὸ
2434 1858 2688 1931 μέγεθος·
2716 1856 2811 1910 καὶ
2849 1854 2918 1907 τὰ
2961 1851 3087 1921 ἑξῆς
3123 1849 3178 1902 δὲ
3203 1847 3293 1899 ἐπὶ
3319 1845 3532 1906 τούτοις
3561 1843 3677 1896 ἐσό-

2123 1973 2283 2028 μενα,
2309 1955 2384 2018 ὼς
2405 1951 2678 2024 βαρύτερα
2701 1947 2874 2015 δηλῶν
2899 1948 2926 1998 ό
2953 1945 3253 2015 προφήτης,
3289 1958 3308 1990 ι
3337 1937 3676 2008 Παρέσονται

2106 2025 2233 2118 γὰρ,
2273 2046 2456 2116 φησὶν,
2489 2042 2714 2113 ἡμέραι,
2749 2041 2804 2092 ὲν
2824 2035 2911 2100 αἷς
2939 2036 3036 2088 ούκ
3075 2033 3251 2103 ἐνδείᾳ
3277 2029 3480 2101 τροφῆς
3509 2044 3569 2118 τε
3586 2025 3679 2079 καὶ

2108 2115 2272 2192 ποτοῦ
2302 2132 2686 2208 περιπεσεῖσθε
2725 2130 2903 2200 μόνον,
2935 2124 3069 2178 ἀλλά
3105 2123 3214 2193 γὰρ
3245 2121 3346 2189 τὴν
3375 2115 3679 2208 βαρυτάτην

2109 2227 2315 2280 ἔνδειαν
2374 2205 2717 2294 ῦπομενεῖτε,
2773 2217 2892 2270 οὐδὲ
2966 2214 3095 2286 μιᾶς
3149 2212 3331 2280 φωνῆς
3370 2205 3682 2274 ἀξιούμενοι

2111 2318 2283 2382 θείας,
2337 2316 2435 2387 τῆς
2488 2314 2574 2367 διὰ
2621 2307 2919 2382 προφητῶν
2982 2303 3234 2365 εἰωθυίας
3279 2297 3527 2368 γίνεσθαι

2109 2381 2434 2478 ψυχαγωγία
2456 2404 2562 2456 τῶν
2585 2404 2641 2456 ὲν
2671 2381 2873 2460 δεινοῖς
2903 2392 3264 2449 καθεστώτων
3286 2429 3299 2442 .
3317 2409 3334 2440 ι
3368 2388 3530 2454 Λέγει
3555 2381 3685 2437 δὲτὸ

2113 2477 2215 2552 καί
2235 2498 2385 2569 παρὰ
2403 2496 2478 2567 τῷ
2511 2493 2762 2566 μακαρίῳ
2789 2490 2952 2563 ῥηθὲν
2984 2485 3143 2555 Ὠσηὲ
3173 2482 3249 2552 τῷ
3271 2477 3670 2569 προφήτῃ-,ι-ὅὸ)

2113 2590 2200 2643 ὅτι
2236 2609 2253 2639 ι
2285 2587 2628 2658 Καθήσονται
2652 2586 2700 2637 οἱ
2725 2582 2827 2635 υἱοὶ
2872 2577 3084 2649 Ἰσραὴλ
3105 2575 3203 2628 ούκ
3223 2573 3372 2633 ὄντος
3400 2567 3684 2640 βασιλέως,

2114 2682 2234 2735 οὐδὲ
2273 2680 2423 2743 ὄντος
2467 2679 2746 2748 ἄρχοντος,
2777 2673 2897 2726 οὐδὲ
2941 2669 3106 2737 οὔσης
3133 2665 3345 2727 θυσίας,
3379 2660 3498 2714 οὐδὲ
3536 2660 3686 2722 ὄντος

2116 2771 2519 2842 θυσιαστηρίου,
2572 2768 2692 2821 ούδὶ
2720 2759 3147 2836 ἱερατεὶας,ούδὲ
3183 2757 3378 2827 δήλωνο
3408 2773 3427 2805 ι
3449 2754 3525 2822 (p.
3559 2751 3687 2821 902)

2117 2868 2173 2918 ὲν
2212 2860 2292 2928 οἷς
2322 2863 2574 2934 σημαίνει
2598 2860 2659 2912 τὸ
2692 2857 2827 2928 μετά
2850 2857 2949 2926 τὴν
2983 2849 3355 2923 αἰχμαλωσίαν
3379 2847 3476 2916 τὴν
3502 2848 3557 2897 ὲν
3582 2845 3690 2896 Ba—

2119 2956 2327 3010 συλῶνι
2349 2953 2646 3025 γενομένην
2671 2951 2884 3003 ἅπαντα
2909 2945 3088 3000 αὐτῶν
3116 2941 3477 3013 ἀφαιρεθῆναι
3497 2935 3686 2992 ταῦτα.

2120 3046 2193 3099 Τὸ
2219 3044 2349 3100 αὐτὸ
2385 3043 2448 3100 δὴ
2477 3042 2571 3094 καὶ
2595 3039 2688 3093 νῦν
2721 3040 2749 3091 ό
2771 3038 3055 3100 προφήτης
3076 3033 3246 3100 δηλοῖ,
3266 3031 3346 3082 ὅτι
3370 3025 3692 3100 Παραδοθή-

445 3071 471 3108 a
503 3055 668 3109 borea
703 3055 768 3108 ad
794 3055 1059 3110 orientem
1089 3055 1405 3109 discurrent
1447 3061 1756 3123 quaerentes
1784 3052 2010 3106 verbum

445 3145 681 3210 Domini,
729 3160 906 3214 neque
955 3146 1008 3199 id
1065 3145 1365 3199 invenient.
1408 3160 1429 3194 ι
1475 3142 1534 3195 Id
1576 3152 1682 3207 est,
1711 3142 1892 3196 omnis
1929 3143 2011 3196 illa

2120 3046 2193 3099 Τὸ
2219 3044 2349 3100 αύτὸ
2385 3043 2448 3112 δὴ
2477 3043 2571 3094 καὶ
2595 3043 2688 3093 νῦν
2721 3043 2749 3091 ό
2771 3043 3055 3108 προφήτης
3076 3043 3246 3102 δηλοῖ,
3266 3043 3346 3082 οτι
3371 3043 3656 3100 ιιαραοουη

2124 3135 2281 3187 σεσθε
2326 3135 2438 3196 τοῖς
2493 3129 2682 3188 κακοῖς
2705 3141 2718 3157 ·
2745 3126 2864 3180 τότε
2895 3127 3020 3187 τοὺς
3051 3123 3341 3193 προφήτας
3375 3118 3656 3187 ὲπιζητεῖτ

2124 3135 2281 3187 σεσθε
2326 3135 2438 3196 τοῖς
2493 3129 2682 3188 κακοῖς
2705 3141 2718 3157 ⁸
2745 3126 2864 3180 τότε
2895 3127 3020 3187 τοὺς
3051 3123 3341 3193 προφήτας
3375 3118 3692 3187 ἐπιζητεῖτε

2121 3221 2194 3280 ὧν
2227 3225 2320 3279 νῦν
2355 3224 2636 3294 ἀμελεῖτε·
2683 3220 2776 3271 καὶ
2819 3216 3210 3286 ἐπιθυμοῦντες
3265 3211 3455 3283 μαθεῖν
3498 3207 3551 3261 εί
3575 3224 3696 3262 τινα

2127 3318 2428 3390 μεταϐολὴν
2471 3317 2564 3369 επὶ
2608 3315 2668 3368 τὺ
2716 3316 2962 3385 κρεῖττον
3015 3309 3223 3372 δέξεται
3264 3305 3332 3358 τά
3372 3303 3493 3357 καθ’
3525 3304 3693 3373 ὑμᾶς.

2130 3431 2147 3462 ι
2187 3409 2586 3479 Σαλευθήσεται
2630 3407 2760 3477 γάρ,
2805 3405 2959 3473 φησί,
2986 3402 3056 3455 τά
3083 3400 3250 3453 ὕδατα
3289 3397 3395 3450 ἀπὸ
3421 3393 3698 3464 θαλάσσης

2124 3502 2230 3565 ’ἐως
2294 3500 2592 3568 θαλάσσης,
2648 3498 2740 3550 καλ⁸
2772 3495 2878 3548 ἀπὸ
2913 3494 3082 3566 βορρᾶ
3113 3491 3218 3554 ἓως
3247 3487 3520 3542 ἀνατολῶν
3542 3503 3700 3556 περι-

2125 3593 2456 3666 δραμοῦνται
2509 3590 2797 3662 ζητοῦντες
2847 3588 2938 3641 τὸν
2966 3586 3121 3653 λόγον
3147 3583 3374 3654 Κυρίου,
3403 3579 3496 3631 καὶ
3531 3577 3592 3630 ού
3625 3575 3705 3648 μὴ

2127 3684 2361 3756 εὕρωσιν
2389 3683 2573 3736 αὐτόν.
2607 3701 2624 3733 ›
2664 3683 2780 3735 Ἵνα
2805 3680 2932 3751 εἴπῃ
2965 3679 3046 3730 ὅτι
3070 3677 3177 3729 πᾶν
3201 3675 3259 3728 τὸ
3285 3672 3487 3742 πλῆθος
3524 3673 3710 3723 ἐκεῖνο

2129 3776 2222 3830 τοῦ
2275 3776 2492 3848 Ἰσραὴλ
2526 3776 2585 3828 τὸ
2615 3776 2839 3845 ἄπειρον
2898 3771 3156 3833 ποικίλως
3203 3764 3710 3836 διαταραχθήσεται

2129 3867 2467 3936 ἁπανταχοῦ,
2501 3866 2696 3936 ζητοῦν
2737 3865 2839 3918 ποῦ
2863 3882 2946 3927 τις
2967 3863 3251 3934 προφήτης
3285 3861 3533 3929 φανεῖται
3561 3856 3712 3909 κατά

2131 3958 2355 4029 γνώμην
2390 3956 2526 4011 Θεοῦ
2568 3957 2786 4028 μηνύων
2813 3940 2994 4019 αύτοῖς
3025 3954 3094 4007 τὰ
3127 3953 3358 4023 ἐσόμενα
3377 3969 3388 3981 ·
3415 3947 3585 4020 οὗπερ
3611 3946 3713 4004 οὖν

2131 4053 2192 4106 ού
2223 4051 2498 4118 τεύξονται
2531 4051 2670 4103 τότε.
2702 4047 2854 4112 Εἶτα,
2900 4034 3084 4117 φησὶν,
3113 4043 3539 4114 ἀφανισθήσεται
3571 4059 3715 4094 παν.

2132 4144 2302 4206 τελῶς
2325 4145 2432 4196 πᾶν
2456 4145 2483 4196 ὅ
2508 4160 2556 4195 τι
2581 4143 2862 4196 κάλλιστον
2879 4141 3006 4210 ύμῖν
3024 4138 3268 4208 φαίνεται
3297 4136 3390 4188 νῦν
3419 4137 3510 4190 καὶ
3541 4151 3716 4187 σπου-

2133 4235 2231 4305 δῆς
2251 4233 2419 4298 ἄξιον.
2463 4230 2810 4286 ’Λπολοῦνται
2843 4233 2940 4301 μὲν
2963 4230 3069 4299 γὰρ
3097 4232 3150 4282 αἰ
3193 4228 3329 4298 μετά
3363 4226 3558 4294 πολλῆς
3581 4227 3712 4277 ὲπι-

2141 4325 2360 4397 μελείας
2389 4324 2483 4377 νῦν
2537 4323 2998 4394 παρθενευόμεναι
3044 4321 3172 4390 παρ’
3208 4321 3355 4385 ὑμῖν,
3382 4315 3713 4370 ἀπολοῦνται

462 4419 834 4488 pellaverunt;
870 4417 992 4470 ideo
1015 4427 1273 4472 corruent
1314 4418 1469 4488 lapsu
1499 4433 1728 4487 prorsus
1763 4418 2007 4488 irrepara

2137 4418 2192 4470 δὲ
2211 4417 2304 4471 καὶ
2330 4419 2376 4470 οἱ
2396 4417 2486 4468 ἐπὶ
2507 4416 2717 4487 νεότητι
2741 4414 2975 4485 μάλιστα
3005 4411 3427 4486 θαυμαζόμενον
3455 4410 3714 4462 πείσεσθε

464 4507 579 4563 bili.
619 4505 820 4562 Deinde
854 4509 1014 4560 aliam
1053 4507 1245 4562 recitat
1277 4507 1664 4562 revelationem
1699 4522 1713 4558 :

2138 4509 2195 4561 δὲ
2221 4508 2391 4561 ταῦτα
2417 4507 2558 4578 ὑπὲρ
2583 4507 2749 4571 τίνος;
2775 4507 2864 4558 (Οἱ
2889 4504 3180 4574 ὀμνύοντες
3207 4505 3347 4556 κατά
3366 4503 3458 4556 τοῦ
3478 4500 3713 4572 ἱλασμοῦ

465 4599 795 4670 Σαμαρείας,
851 4600 946 4653 καὶ
996 4599 1245 4668 λέγοντες
1269 4616 1284 4630 ·
1311 4601 1385 4670 Ζῇ
1420 4602 1462 4653 ὀ¹
1481 4599 1601 4662 θεὸς
1629 4599 1756 4665 Δάν,
1791 4599 1885 4654 καὶ
1929 4599 1996 4671 ζῇ
2037 4600 2066 4652 ὁ
2105 4600 2225 4665 θεός
2253 4619 2355 4670 ,σου
2398 4600 2671 4671 Βερσαϐέε
2692 4615 2705 4629 ο
2737 4598 2830 4652 καὶ
2863 4596 3184 4658 πεσοῦνται,
3232 4598 3324 4649 καὶ
3357 4597 3417 4648 ού
3467 4596 3541 4664 μὴ
3576 4595 3718 4647 άναο

467 4693 664 4745 στῶσιν
691 4693 791 4746 ἔτι.
834 4711 852 4744 ι
885 4693 1054 4764 ’Υπὲρ
1081 4688 1155 4748 ὧν
1178 4693 1406 4762 ἀφέντες
1438 4693 1568 4746 Θεὸν
1597 4694 1685 4746 τὸν
1714 4693 1807 4746 τοῦ
1834 4694 2033 4757 παντὸς
2063 4695 2288 4767 Κύριον,
2318 4695 2385 4748 τὰ
2427 4697 2484 4747 ὲν
2521 4691 2805 4764 Σαμαρείᾳ
2841 4689 3031 4743 εἴδωλα
3065 4688 3388 4760 θεραπεύειν
3427 4687 3713 4748 ἔσπευδον,

464 4784 557 4837 καὶ
597 4781 771 4836 ταῦτα
816 4785 1040 4839 ἐκάλουν
1081 4787 1238 4851 θεούς
1264 4805 1278 4821 ·
1326 4787 1464 4858 ὑπὲρ
1503 4786 1706 4840 τούτων
1745 4786 2036 4842 πεσοῦνται
2072 4790 2274 4859 πτῶμα
2316 4789 2641 4860 ἀδιόρθωτον
2680 4785 2978 4848 παντελῶς.
3017 4782 3148 4837 Εἶτα
3189 4784 3348 4837 πάλιν
3375 4781 3720 4851 ἀποκάλυψιν

465 4877 658 4950 ἑτέραν
689 4877 837 4948 λέγει
860 4895 874 4910 ·

1113 4972 1262 5028 CAP.
1304 4972 1395 5029 1X.

543 5061 700 5134 134
723 5061 891 5118 Vsus.
939 5063 1052 5118 1-5.
1090 5093 1161 5102 -
1213 5084 1231 5116 ι
1292 5064 1414 5119 Vidi
1464 5064 1747 5120 Dominum
1798 5073 2036 5120 stantem

471 5169 634 5222 super
665 5155 853 5209 altare.
905 5153 968 5210 Et
1013 5156 1148 5210 dixit
1185 5175 1197 5210 :
1233 5155 1465 5212 Percute
1513 5173 1679 5226 super
1721 5159 2041 5228 propitiato-

474 5244 635 5307 rium,
662 5252 714 5295 et
760 5245 1247 5300 commovebuntur
1290 5247 1580 5302 vestibula.
1626 5247 1690 5300 Et
1733 5248 1867 5302 dixit
1906 5267 1917 5301 :
1955 5248 2043 5302 In-

475 5332 592 5383 cide
625 5331 677 5383 in
711 5335 886 5402 capita
913 5337 1156 5389 omnium
1195 5355 1206 5391 :
1240 5346 1292 5390 ct
1323 5337 1562 5407 reliquos
1594 5354 1656 5392 ex
1697 5338 1830 5407 ipsis
1865 5337 2044 5408 gladio

477 5422 740 5486 occidam,
791 5440 898 5478 non
955 5426 1174 5498 ell'ugiet
1207 5444 1271 5484 ex
1323 5431 1422 5495 eis,
1461 5431 1552 5500 qui
1591 5431 1828 5501 fugerit:
1872 5447 2048 5500 neque

478 5511 776 5566 salvabitur
818 5528 885 5568 ex
922 5516 1026 5583 eis,
1070 5520 1165 5586 qui
1214 5519 1506 5578 incolumis
1551 5525 1804 5578 evaserit.
1840 5541 1859 5575 ›
1898 5521 2046 5588 Vidi,

555 5686 604 5721 "
637 5686 764 5743 Ole.
806 5691 952 5746 nu.

2787 4968 2941 5020 ΚΕΦ.
2994 4964 3070 5020 Θ’.

2209 5067 2365 5132 Στ.χ.
2391 5060 2536 5132 α’-γ’.
2568 5091 2634 5104 -—-
2675 5081 2692 5112 ι
2731 5057 2885 5114 Ιεζὶδον
2937 5058 3026 5112 τὸν
3053 5058 3253 5129 Κύριον
3295 5059 3579 5127 ἐφεστῶτα
3630 5059 3727 5109 ἐπὶ

2139 5155 2234 5209 τοῦ
2264 5153 2649 5224 θυσιαστηρίου
2673 5171 2684 5182 ·
2713 5152 2807 5204 καὶ
2837 5147 2956 5205 εἷπε
2983 5167 2994 5180 °
3028 5150 3274 5214 Πάταξον
3303 5151 3393 5202 ἐπὶ
3414 5150 3474 5202 τὸ
3508 5149 3724 5217 ἱλαστή-

2149 5265 2283 5318 ριον,
2309 5251 2385 5316 (ρ.
2427 5246 2555 5317 205)
2589 5247 2682 5299 καὶ
2711 5245 3051 5313 σεισθήσεται
3081 5244 3148 5296 τὰ
3175 5242 3423 5313 πρόπυλα
3445 5261 3458 5272 ο
3496 5241 3588 5294 καὶ
3618 5240 3724 5292 διά-

2149 5339 2314 5408 κοψον
2355 5341 2434 5402 εἰς
2466 5337 2708 5407 κεφαλὰς
2757 5336 2994 5400 πάντων,
3039 5335 3132 5390 καὶ
3192 5336 3315 5396 τοὺς
3359 5333 3721 5394 καταλοζπους

2147 5430 2326 5484 αὐτῶν
2381 5431 2438 5481 ἐν
2495 5427 2737 5498 ῥομφαίᾳ
2803 5426 3110 5478 ἀποκτενῶ’
3161 5425 3219 5476 ού
3266 5421 3340 5493 μὴ
3390 5422 3628 5491 διαφύγῃ
3664 5421 3716 5485 ἐξ

2151 5521 2330 5575 αὐτῶν
2365 5519 2601 5592 φεύγων,
2634 5518 2724 5572 καὶ
2759 5518 2817 5570 ο)
2855 5518 2929 5589 μή
2963 5517 3106 5588 σωθῇ
3139 5515 3196 5583 ἐξ
3235 5514 3414 5569 αὐτῶν
3448 5511 3713 5578 ἀνασωζό-
