  <div class='ocr_page' id='page_1' title='image "/cluster/home/n/w/nwhite01/storage/ocr_20150623/66/mdp.39015008467477/159.png"; bbox 0 0 3966 6134; ppageno 0'>
   <div class='ocr_carea' id='block_1_1' title="bbox 347 305 453 365">
    <p class='ocr_par' dir='ltr' id='par_1_1' title="bbox 347 305 453 365">
     <span class='ocr_line' id='line_1_1' title="bbox 347 305 453 365; baseline -0.057 0"><span class='ocrx_word' id='word_1_1' title='bbox 347 305 453 365; x_wconf 73' lang='lat'><strong>305</strong></span> 
     </span>
    </p>
   </div>
   <div class='ocr_carea' id='block_1_2' title="bbox 1541 299 2409 362">
    <p class='ocr_par' dir='ltr' id='par_1_2' title="bbox 1541 299 2409 362">
     <span class='ocr_line' id='line_1_2' title="bbox 1541 299 2409 362; baseline 0.005 -6"><span class='ocrx_word' id='word_1_2' title='bbox 1541 301 1630 357; x_wconf 83' lang='grc' dir='ltr'><strong>ΤΗ</strong></span> <span class='ocrx_word' id='word_1_3' title='bbox 1641 299 1889 356; x_wconf 75' lang='lat' dir='ltr'><strong>EODOBI</strong></span> <span class='ocrx_word' id='word_1_4' title='bbox 1929 302 2409 362; x_wconf 57' lang='lat' dir='ltr'><strong>MOPSl’ESTENl</strong></span> 
     </span>
    </p>
   </div>
   <div class='ocr_carea' id='block_1_3' title="bbox 3482 299 3587 356">
    <p class='ocr_par' dir='ltr' id='par_1_3' title="bbox 3482 299 3587 356">
     <span class='ocr_line' id='line_1_3' title="bbox 3482 299 3587 356; baseline 0 0"><span class='ocrx_word' id='word_1_5' title='bbox 3482 299 3587 356; x_wconf 54' lang='lat'><strong>30%</strong></span> 
     </span>
    </p>
   </div>
   <div class='ocr_carea' id='block_1_4' title="bbox 351 392 1917 471">
    <p class='ocr_par' dir='ltr' id='par_1_4' title="bbox 351 395 1908 468">
     <span class='ocr_line' id='line_1_4' title="bbox 351 395 1908 468; baseline -0.001 -18"><span class='ocrx_word' id='word_1_6' title='bbox 351 411 509 468; x_wconf 85' lang='lat' dir='ltr'><strong>passe</strong></span> <span class='ocrx_word' id='word_1_7' title='bbox 537 396 841 466; x_wconf 81' lang='lat' dir='ltr'><strong>apparet&quot;,</strong></span> <span class='ocrx_word' id='word_1_8' title='bbox 895 396 1150 465; x_wconf 89' lang='lat' dir='ltr'><strong>quoniam</strong></span> <span class='ocrx_word' id='word_1_9' title='bbox 1187 409 1248 450; x_wconf 90' lang='lat' dir='ltr'><strong>ea</strong></span> <span class='ocrx_word' id='word_1_10' title='bbox 1296 408 1481 449; x_wconf 83' lang='lat' dir='ltr'><strong>verum</strong></span> <span class='ocrx_word' id='word_1_11' title='bbox 1529 395 1735 449; x_wconf 75' lang='lat' dir='ltr'><strong>exitum</strong></span> <span class='ocrx_word' id='word_1_12' title='bbox 1777 402 1908 449; x_wconf 91' lang='lat' dir='ltr'><strong>tunc</strong></span> 
     </span>
    </p>
   </div>
   <div class='ocr_carea' id='block_1_5' title="bbox 2021 392 3586 471">
    <p class='ocr_par' dir='ltr' id='par_1_5' title="bbox 2021 392 3586 471">
     <span class='ocr_line' id='line_1_5' title="bbox 2021 392 3586 471; baseline -0.003 -21"><span class='ocrx_word' id='word_1_13' title='bbox 2021 397 2121 451; x_wconf 84' lang='grc' dir='ltr'>τῶν</span> <span class='ocrx_word' id='word_1_14' title='bbox 2149 401 2318 469; x_wconf 80' lang='grc' dir='ltr'>ἁγίων</span> <span class='ocrx_word' id='word_1_15' title='bbox 2341 400 2651 454; x_wconf 79' lang='grc' dir='ltr'><strong>ἀποστόλων</strong></span> <span class='ocrx_word' id='word_1_16' title='bbox 2679 397 2792 471; x_wconf 81' lang='lat'><strong>(59)</strong></span> <span class='ocrx_word' id='word_1_17' title='bbox 2824 396 2916 450; x_wconf 69' lang='grc' dir='ltr'>ἐπὶ</span> <span class='ocrx_word' id='word_1_18' title='bbox 2944 393 3032 448; x_wconf 75' lang='grc' dir='ltr'>τοῦ</span> <span class='ocrx_word' id='word_1_19' title='bbox 3060 395 3327 447; x_wconf 82' lang='grc' dir='ltr'>Δεσπότου</span> <span class='ocrx_word' id='word_1_20' title='bbox 3348 392 3586 465; x_wconf 76' lang='grc' dir='ltr'><strong>Χριστοῦ</strong></span> 
     </span>
    </p>
   </div>
   <div class='ocr_carea' id='block_1_6' title="bbox 353 483 1906 555">
    <p class='ocr_par' dir='ltr' id='par_1_6' title="bbox 353 483 1906 555">
     <span class='ocr_line' id='line_1_6' title="bbox 353 483 1906 555; baseline -0.003 -12"><span class='ocrx_word' id='word_1_21' title='bbox 353 489 615 543; x_wconf 86' lang='lat' dir='ltr'><strong>nabuerat</strong></span> <span class='ocrx_word' id='word_1_22' title='bbox 661 500 786 541; x_wconf 90' lang='lat' dir='ltr'><strong>cum</strong></span> <span class='ocrx_word' id='word_1_23' title='bbox 836 501 1026 555; x_wconf 84' lang='lat' dir='ltr'><strong>reapse</strong></span> <span class='ocrx_word' id='word_1_24' title='bbox 1075 485 1375 554; x_wconf 86' lang='lat' dir='ltr'><strong>collapsum</strong></span> <span class='ocrx_word' id='word_1_25' title='bbox 1419 483 1642 540; x_wconf 79' lang='lat' dir='ltr'><strong>Davidis</strong></span> <span class='ocrx_word' id='word_1_26' title='bbox 1678 499 1906 554; x_wconf 78' lang='lat' dir='ltr'><strong>regnum</strong></span> 
     </span>
    </p>
   </div>
   <div class='ocr_carea' id='block_1_7' title="bbox 348 576 1908 648">
    <p class='ocr_par' dir='ltr' id='par_1_7' title="bbox 348 576 1908 648">
     <span class='ocr_line' id='line_1_7' title="bbox 348 576 1908 648; baseline -0.003 -16"><span class='ocrx_word' id='word_1_27' title='bbox 348 578 673 645; x_wconf 79' lang='lat' dir='ltr'><strong>resurrexit,</strong></span> <span class='ocrx_word' id='word_1_28' title='bbox 731 577 991 648; x_wconf 89' lang='lat' dir='ltr'><strong>omnique</strong></span> <span class='ocrx_word' id='word_1_29' title='bbox 1060 585 1244 632; x_wconf 82' lang='lat' dir='ltr'><strong>vetere</strong></span> <span class='ocrx_word' id='word_1_30' title='bbox 1295 577 1605 647; x_wconf 76' lang='lat' dir='ltr'><strong>corruptela</strong></span> <span class='ocrx_word' id='word_1_31' title='bbox 1674 576 1908 646; x_wconf 88' lang='lat' dir='ltr'><strong>abjecta,</strong></span> 
     </span>
    </p>
   </div>
   <div class='ocr_carea' id='block_1_8' title="bbox 349 667 1913 742">
    <p class='ocr_par' dir='ltr' id='par_1_8' title="bbox 349 667 1913 742">
     <span class='ocr_line' id='line_1_8' title="bbox 349 667 1913 742; baseline -0.002 -18"><span class='ocrx_word' id='word_1_32' title='bbox 349 669 647 742; x_wconf 82' lang='lat' dir='ltr'><strong>perfectum</strong></span> <span class='ocrx_word' id='word_1_33' title='bbox 670 678 866 724; x_wconf 86' lang='lat' dir='ltr'><strong>statum</strong></span> <span class='ocrx_word' id='word_1_34' title='bbox 894 669 1258 737; x_wconf 80' lang='lat' dir='ltr'><strong>recuperavit.</strong></span> <span class='ocrx_word' id='word_1_35' title='bbox 1314 667 1468 723; x_wconf 90' lang='lat' dir='ltr'><strong>Tunc</strong></span> <span class='ocrx_word' id='word_1_36' title='bbox 1508 669 1787 723; x_wconf 79' lang='lat' dir='ltr'><strong>enimvero</strong></span> <span class='ocrx_word' id='word_1_37' title='bbox 1823 682 1913 721; x_wconf 86' lang='lat' dir='ltr'><strong>ce-</strong></span> 
     </span>
    </p>
   </div>
   <div class='ocr_carea' id='block_1_9' title="bbox 350 761 1911 833">
    <p class='ocr_par' dir='ltr' id='par_1_9' title="bbox 350 761 1911 833">
     <span class='ocr_line' id='line_1_9' title="bbox 350 761 1911 833; baseline -0.003 -16"><span class='ocrx_word' id='word_1_38' title='bbox 350 765 429 833; x_wconf 90' lang='lat' dir='ltr'><strong>pit</strong></span> <span class='ocrx_word' id='word_1_39' title='bbox 457 778 679 833; x_wconf 80' lang='lat' dir='ltr'><strong>regnum</strong></span> <span class='ocrx_word' id='word_1_40' title='bbox 727 769 1072 832; x_wconf 83' lang='lat' dir='ltr'><strong>posterorum</strong></span> <span class='ocrx_word' id='word_1_41' title='bbox 1106 761 1327 818; x_wconf 81' lang='lat' dir='ltr'><strong>Davidis</strong></span> <span class='ocrx_word' id='word_1_42' title='bbox 1361 761 1691 825; x_wconf 83' lang='lat' dir='ltr'><strong>ﬁrmitatem,</strong></span> <span class='ocrx_word' id='word_1_43' title='bbox 1725 774 1911 829; x_wconf 88' lang='lat' dir='ltr'><strong>parem</strong></span> 
     </span>
    </p>
   </div>
   <div class='ocr_carea' id='block_1_10' title="bbox 348 852 1914 924">
    <p class='ocr_par' dir='ltr' id='par_1_10' title="bbox 348 852 1914 924">
     <span class='ocr_line' id='line_1_10' title="bbox 348 852 1914 924; baseline -0.001 -16"><span class='ocrx_word' id='word_1_44' title='bbox 348 855 539 909; x_wconf 90' lang='lat' dir='ltr'><strong>diebus</strong></span> <span class='ocrx_word' id='word_1_45' title='bbox 568 854 804 918; x_wconf 53' lang='lat' dir='ltr'><strong>a&#39;ternis,</strong></span> <span class='ocrx_word' id='word_1_46' title='bbox 839 853 996 923; x_wconf 79' lang='lat'><strong>139</strong></span> <span class='ocrx_word' id='word_1_47' title='bbox 1031 854 1159 923; x_wconf 86' lang='lat' dir='ltr'><strong>quia</strong></span> <span class='ocrx_word' id='word_1_48' title='bbox 1183 861 1504 924; x_wconf 85' lang='lat' dir='ltr'><strong>perpetuum</strong></span> <span class='ocrx_word' id='word_1_49' title='bbox 1541 861 1741 908; x_wconf 89' lang='lat' dir='ltr'><strong>statum</strong></span> <span class='ocrx_word' id='word_1_50' title='bbox 1770 852 1914 907; x_wconf 87' lang='lat' dir='ltr'><strong>obti—</strong></span> 
     </span>
    </p>
   </div>
   <div class='ocr_carea' id='block_1_11' title="bbox 249 944 1913 1020">
    <p class='ocr_par' dir='ltr' id='par_1_11' title="bbox 249 944 1913 1020">
     <span class='ocr_line' id='line_1_11' title="bbox 249 944 1913 1020; baseline -0.001 -19"><span class='ocrx_word' id='word_1_51' title='bbox 249 1018 252 1020; x_wconf 10' lang='grc' dir='ltr'><strong>γ</strong></span> <span class='ocrx_word' id='word_1_52' title='bbox 348 947 487 1001; x_wconf 90' lang='lat' dir='ltr'><strong>nuit.</strong></span> <span class='ocrx_word' id='word_1_53' title='bbox 515 945 780 1000; x_wconf 82' lang='lat' dir='ltr'><strong>Praeterea</strong></span> <span class='ocrx_word' id='word_1_54' title='bbox 801 954 855 1000; x_wconf 90' lang='lat' dir='ltr'><strong>et</strong></span> <span class='ocrx_word' id='word_1_55' title='bbox 887 945 977 1000; x_wconf 86' lang='lat' dir='ltr'><strong>Dei</strong></span> <span class='ocrx_word' id='word_1_56' title='bbox 996 961 1213 1017; x_wconf 86' lang='lat' dir='ltr'><strong>quoque</strong></span> <span class='ocrx_word' id='word_1_57' title='bbox 1241 945 1490 999; x_wconf 86' lang='lat' dir='ltr'><strong>notitiam</strong></span> <span class='ocrx_word' id='word_1_58' title='bbox 1511 945 1652 1015; x_wconf 89' lang='lat' dir='ltr'><strong>apud</strong></span> <span class='ocrx_word' id='word_1_59' title='bbox 1671 944 1913 1013; x_wconf 86' lang='lat' dir='ltr'><strong>reliquos</strong></span> 
     </span>
    </p>
   </div>
   <div class='ocr_carea' id='block_1_12' title="bbox 349 1035 1910 1108">
    <p class='ocr_par' dir='ltr' id='par_1_12' title="bbox 349 1035 1910 1108">
     <span class='ocr_line' id='line_1_12' title="bbox 349 1035 1910 1108; baseline 0.001 -17"><span class='ocrx_word' id='word_1_60' title='bbox 349 1037 599 1092; x_wconf 83' lang='lat' dir='ltr'><strong>homines</strong></span> <span class='ocrx_word' id='word_1_61' title='bbox 646 1045 990 1108; x_wconf 84' lang='lat' dir='ltr'><strong>cunctasque</strong></span> <span class='ocrx_word' id='word_1_62' title='bbox 1043 1047 1234 1108; x_wconf 83' lang='lat' dir='ltr'><strong>gentes</strong></span> <span class='ocrx_word' id='word_1_63' title='bbox 1281 1037 1686 1092; x_wconf 82' lang='lat' dir='ltr'><strong>ditl‘undendam</strong></span> <span class='ocrx_word' id='word_1_64' title='bbox 1723 1035 1910 1102; x_wconf 81' lang='lat' dir='ltr'><strong>fuisse,</strong></span> 
     </span>
    </p>
   </div>
   <div class='ocr_carea' id='block_1_13' title="bbox 348 1129 1910 1200">
    <p class='ocr_par' dir='ltr' id='par_1_13' title="bbox 348 1129 1910 1200">
     <span class='ocr_line' id='line_1_13' title="bbox 348 1129 1910 1200; baseline 0 -16"><span class='ocrx_word' id='word_1_65' title='bbox 348 1145 438 1184; x_wconf 89' lang='lat' dir='ltr'><strong>res</strong></span> <span class='ocrx_word' id='word_1_66' title='bbox 471 1129 602 1198; x_wconf 70' lang='lat' dir='ltr'><strong>ipsa:</strong></span> <span class='ocrx_word' id='word_1_67' title='bbox 634 1139 798 1200; x_wconf 67' lang='lat' dir='ltr'><strong>gesta:</strong></span> <span class='ocrx_word' id='word_1_68' title='bbox 825 1144 1013 1184; x_wconf 84' lang='lat' dir='ltr'><strong>verum</strong></span> <span class='ocrx_word' id='word_1_69' title='bbox 1036 1130 1501 1185; x_wconf 82' lang='lat' dir='ltr'><strong>demonstrarunt.</strong></span> <span class='ocrx_word' id='word_1_70' title='bbox 1543 1129 1910 1194; x_wconf 87' lang='lat' dir='ltr'><strong>Quamobrem</strong></span> 
     </span>
    </p>
   </div>
   <div class='ocr_carea' id='block_1_14' title="bbox 349 1221 1916 1292">
    <p class='ocr_par' dir='ltr' id='par_1_14' title="bbox 349 1221 1916 1292">
     <span class='ocr_line' id='line_1_14' title="bbox 349 1221 1916 1292; baseline 0.002 -17"><span class='ocrx_word' id='word_1_71' title='bbox 349 1221 626 1292; x_wconf 73' lang='lat' dir='ltr'><strong>propheta:</strong></span> <span class='ocrx_word' id='word_1_72' title='bbox 669 1221 887 1291; x_wconf 77' lang='lat' dir='ltr'><strong>quidem</strong></span> <span class='ocrx_word' id='word_1_73' title='bbox 913 1237 1016 1277; x_wconf 76' lang='lat' dir='ltr'><strong>vox</strong></span> <span class='ocrx_word' id='word_1_74' title='bbox 1042 1237 1129 1286; x_wconf 86' lang='lat' dir='ltr'><strong>res</strong></span> <span class='ocrx_word' id='word_1_75' title='bbox 1172 1229 1296 1292; x_wconf 90' lang='lat' dir='ltr'><strong>post</strong></span> <span class='ocrx_word' id='word_1_76' title='bbox 1337 1222 1572 1277; x_wconf 85' lang='lat' dir='ltr'><strong>reditum</strong></span> <span class='ocrx_word' id='word_1_77' title='bbox 1621 1233 1916 1278; x_wconf 74' lang='lat' dir='ltr'><strong>eventuras</strong></span> 
     </span>
    </p>
   </div>
   <div class='ocr_carea' id='block_1_15' title="bbox 350 1311 1917 1376">
    <p class='ocr_par' dir='ltr' id='par_1_15' title="bbox 350 1311 1917 1376">
     <span class='ocr_line' id='line_1_15' title="bbox 350 1311 1917 1376; baseline -0.002 -8"><span class='ocrx_word' id='word_1_78' title='bbox 350 1314 620 1368; x_wconf 80' lang='lat' dir='ltr'><strong>hactenus</strong></span> <span class='ocrx_word' id='word_1_79' title='bbox 648 1311 785 1372; x_wconf 79' lang='lat' dir='ltr'><strong>dixit</strong></span> <span class='ocrx_word' id='word_1_80' title='bbox 821 1329 834 1366; x_wconf 92' lang='lat'><strong>:</strong></span> <span class='ocrx_word' id='word_1_81' title='bbox 883 1321 1120 1367; x_wconf 84' lang='lat' dir='ltr'><strong>attamen</strong></span> <span class='ocrx_word' id='word_1_82' title='bbox 1166 1312 1438 1366; x_wconf 85' lang='lat' dir='ltr'><strong>dictorum</strong></span> <span class='ocrx_word' id='word_1_83' title='bbox 1478 1313 1701 1376; x_wconf 78' lang='lat' dir='ltr'><strong>veritas,</strong></span> <span class='ocrx_word' id='word_1_84' title='bbox 1743 1320 1797 1366; x_wconf 88' lang='lat' dir='ltr'><strong>et</strong></span> <span class='ocrx_word' id='word_1_85' title='bbox 1827 1312 1917 1366; x_wconf 86' lang='lat' dir='ltr'><strong>ﬁr-</strong></span> 
     </span>
    </p>
   </div>
   <div class='ocr_carea' id='block_1_16' title="bbox 351 1402 1916 1472">
    <p class='ocr_par' dir='ltr' id='par_1_16' title="bbox 351 1402 1916 1472">
     <span class='ocr_line' id='line_1_16' title="bbox 351 1402 1916 1472; baseline 0 -15"><span class='ocrx_word' id='word_1_86' title='bbox 351 1404 536 1466; x_wconf 91' lang='lat' dir='ltr'><strong>mitas,</strong></span> <span class='ocrx_word' id='word_1_87' title='bbox 575 1412 628 1457; x_wconf 90' lang='lat' dir='ltr'><strong>et</strong></span> <span class='ocrx_word' id='word_1_88' title='bbox 675 1402 1051 1466; x_wconf 87' lang='lat' dir='ltr'><strong>immobilitas,</strong></span> <span class='ocrx_word' id='word_1_89' title='bbox 1109 1416 1174 1455; x_wconf 88' lang='lat' dir='ltr'><strong>ac</strong></span> <span class='ocrx_word' id='word_1_90' title='bbox 1204 1403 1564 1472; x_wconf 82' lang='lat' dir='ltr'><strong>perpetuitas,</strong></span> <span class='ocrx_word' id='word_1_91' title='bbox 1600 1405 1656 1457; x_wconf 89' lang='lat' dir='ltr'><strong>in</strong></span> <span class='ocrx_word' id='word_1_92' title='bbox 1699 1403 1916 1458; x_wconf 85' lang='lat' dir='ltr'><strong>Christo</strong></span> 
     </span>
    </p>
   </div>
   <div class='ocr_carea' id='block_1_17' title="bbox 351 1493 1917 1565">
    <p class='ocr_par' dir='ltr' id='par_1_17' title="bbox 351 1493 1917 1565">
     <span class='ocr_line' id='line_1_17' title="bbox 351 1493 1917 1565; baseline 0.001 -17"><span class='ocrx_word' id='word_1_93' title='bbox 351 1494 581 1549; x_wconf 87' lang='lat' dir='ltr'><strong>Domino</strong></span> <span class='ocrx_word' id='word_1_94' title='bbox 622 1501 842 1550; x_wconf 89' lang='lat' dir='ltr'><strong>ostensa</strong></span> <span class='ocrx_word' id='word_1_95' title='bbox 870 1503 924 1549; x_wconf 91' lang='lat' dir='ltr'><strong>et</strong></span> <span class='ocrx_word' id='word_1_96' title='bbox 955 1493 1285 1560; x_wconf 86' lang='lat' dir='ltr'><strong>consistens,</strong></span> <span class='ocrx_word' id='word_1_97' title='bbox 1317 1495 1524 1565; x_wconf 82' lang='lat' dir='ltr'><strong>justam</strong></span> <span class='ocrx_word' id='word_1_98' title='bbox 1552 1495 1693 1550; x_wconf 81' lang='lat' dir='ltr'><strong>beati</strong></span> <span class='ocrx_word' id='word_1_99' title='bbox 1728 1493 1917 1550; x_wconf 83' lang='lat' dir='ltr'><strong>Jacobi</strong></span> 
     </span>
    </p>
   </div>
   <div class='ocr_carea' id='block_1_18' title="bbox 355 1586 1189 1664">
    <p class='ocr_par' dir='ltr' id='par_1_18' title="bbox 355 1586 1189 1664">
     <span class='ocr_line' id='line_1_18' title="bbox 355 1586 1189 1664; baseline -0.001 -23"><span class='ocrx_word' id='word_1_100' title='bbox 355 1587 504 1664; x_wconf 83' lang='lat' dir='ltr'><strong>dicto</strong></span> <span class='ocrx_word' id='word_1_101' title='bbox 533 1586 910 1642; x_wconf 86' lang='lat' dir='ltr'><strong>auctoritatem</strong></span> <span class='ocrx_word' id='word_1_102' title='bbox 943 1586 1189 1657; x_wconf 66' lang='lat' dir='ltr'><strong>praabuit.</strong></span> 
     </span>
    </p>
   </div>
   <div class='ocr_carea' id='block_1_19' title="bbox 2011 484 3588 566">
    <p class='ocr_par' dir='ltr' id='par_1_19' title="bbox 2011 484 3588 566">
     <span class='ocr_line' id='line_1_19' title="bbox 2011 484 3588 566; baseline -0.004 -23"><span class='ocrx_word' id='word_1_103' title='bbox 2011 491 2256 558; x_wconf 88' lang='grc' dir='ltr'>φαίνεται</span> <span class='ocrx_word' id='word_1_104' title='bbox 2274 496 2518 566; x_wconf 80' lang='grc' dir='ltr'>τῇφωνῇ</span> <span class='ocrx_word' id='word_1_105' title='bbox 2551 489 2992 564; x_wconf 82' lang='grc' dir='ltr'>συγκεχρημένος</span> <span class='ocrx_word' id='word_1_106' title='bbox 3018 485 3212 556; x_wconf 79' lang='grc' dir='ltr'>ταύτῃ,</span> <span class='ocrx_word' id='word_1_107' title='bbox 3237 484 3333 538; x_wconf 75' lang='grc' dir='ltr'><strong>ἅτε</strong></span> <span class='ocrx_word' id='word_1_108' title='bbox 3367 484 3462 538; x_wconf 73' lang='grc' dir='ltr'>καὶ</span> <span class='ocrx_word' id='word_1_109' title='bbox 3489 484 3588 555; x_wconf 78' lang='grc' dir='ltr'><strong>τὴν</strong></span> 
     </span>
    </p>
   </div>
   <div class='ocr_carea' id='block_1_20' title="bbox 2013 575 3588 656">
    <p class='ocr_par' dir='ltr' id='par_1_20' title="bbox 2013 575 3588 656">
     <span class='ocr_line' id='line_1_20' title="bbox 2013 575 3588 656; baseline -0.004 -22"><span class='ocrx_word' id='word_1_110' title='bbox 2013 582 2233 637; x_wconf 77' lang='grc' dir='ltr'>ἔκϐασιν</span> <span class='ocrx_word' id='word_1_111' title='bbox 2263 585 2436 656; x_wconf 83' lang='grc' dir='ltr'>ἀληθῆ</span> <span class='ocrx_word' id='word_1_112' title='bbox 2468 585 2706 655; x_wconf 79' lang='grc' dir='ltr'>λαϐούσῃ</span> <span class='ocrx_word' id='word_1_113' title='bbox 2732 581 2852 636; x_wconf 86' lang='grc' dir='ltr'>τότε</span> <span class='ocrx_word' id='word_1_114' title='bbox 2889 578 3122 650; x_wconf 79' lang='grc' dir='ltr'><strong>ὁπηνίκα</strong></span> <span class='ocrx_word' id='word_1_115' title='bbox 3169 577 3340 640; x_wconf 75' lang='grc' dir='ltr'>ὅντως</span> <span class='ocrx_word' id='word_1_116' title='bbox 3365 578 3400 648; x_wconf 80' lang='grc' dir='ltr'>ἡ</span> <span class='ocrx_word' id='word_1_117' title='bbox 3431 575 3588 646; x_wconf 86' lang='grc' dir='ltr'>βασι-</span> 
     </span>
    </p>
   </div>
   <div class='ocr_carea' id='block_1_21' title="bbox 2013 667 3589 739">
    <p class='ocr_par' dir='ltr' id='par_1_21' title="bbox 2013 667 3589 739">
     <span class='ocr_line' id='line_1_21' title="bbox 2013 667 3589 739; baseline -0.004 -15"><span class='ocrx_word' id='word_1_118' title='bbox 2013 672 2130 725; x_wconf 84' lang='grc' dir='ltr'>λεία</span> <span class='ocrx_word' id='word_1_119' title='bbox 2162 677 2480 728; x_wconf 88' lang='grc' dir='ltr'>πεπτωκυῖα</span> <span class='ocrx_word' id='word_1_120' title='bbox 2499 675 2592 730; x_wconf 83' lang='grc' dir='ltr'>τοῦ</span> <span class='ocrx_word' id='word_1_121' title='bbox 2619 673 2783 728; x_wconf 80' lang='grc' dir='ltr'>Δαυῒδ</span> <span class='ocrx_word' id='word_1_122' title='bbox 2809 672 3028 739; x_wconf 82' lang='grc' dir='ltr'><strong>ἀνέστη,</strong></span> <span class='ocrx_word' id='word_1_123' title='bbox 3055 669 3150 723; x_wconf 77' lang='grc' dir='ltr'><strong>καὶ</strong></span> <span class='ocrx_word' id='word_1_124' title='bbox 3176 670 3355 722; x_wconf 78' lang='grc' dir='ltr'>πᾶσαν</span> <span class='ocrx_word' id='word_1_125' title='bbox 3382 667 3589 720; x_wconf 78' lang='grc' dir='ltr'>ἀποϐα-</span> 
     </span>
    </p>
   </div>
   <div class='ocr_carea' id='block_1_22' title="bbox 2013 757 3590 839">
    <p class='ocr_par' dir='ltr' id='par_1_22' title="bbox 2013 757 3590 839">
     <span class='ocr_line' id='line_1_22' title="bbox 2013 757 3590 839; baseline -0.004 -21"><span class='ocrx_word' id='word_1_126' title='bbox 2013 765 2179 819; x_wconf 85' lang='grc' dir='ltr'>λοῦσα</span> <span class='ocrx_word' id='word_1_127' title='bbox 2225 767 2494 839; x_wconf 85' lang='grc' dir='ltr'>σάθρωσιν</span> <span class='ocrx_word' id='word_1_128' title='bbox 2516 769 2572 821; x_wconf 84' lang='grc' dir='ltr'>ὲν</span> <span class='ocrx_word' id='word_1_129' title='bbox 2599 765 2893 835; x_wconf 77' lang='grc' dir='ltr'><strong>τελειότητι</strong></span> <span class='ocrx_word' id='word_1_130' title='bbox 2917 762 3151 830; x_wconf 81' lang='grc' dir='ltr'><strong>κατέστη</strong></span> <span class='ocrx_word' id='word_1_131' title='bbox 3173 775 3186 789; x_wconf 93' lang='grc'><strong>·</strong></span> <span class='ocrx_word' id='word_1_132' title='bbox 3241 759 3362 812; x_wconf 84' lang='grc' dir='ltr'>τότε</span> <span class='ocrx_word' id='word_1_133' title='bbox 3397 758 3464 827; x_wconf 82' lang='grc' dir='ltr'>δὴ</span> <span class='ocrx_word' id='word_1_134' title='bbox 3492 757 3590 812; x_wconf 81' lang='grc' dir='ltr'>καὶ</span> 
     </span>
    </p>
   </div>
   <div class='ocr_carea' id='block_1_23' title="bbox 2013 848 3588 929">
    <p class='ocr_par' dir='ltr' id='par_1_23' title="bbox 2013 848 3588 929">
     <span class='ocr_line' id='line_1_23' title="bbox 2013 848 3588 929; baseline -0.007 -18"><span class='ocrx_word' id='word_1_135' title='bbox 2013 857 2110 928; x_wconf 80' lang='grc' dir='ltr'>τὴν</span> <span class='ocrx_word' id='word_1_136' title='bbox 2132 857 2417 928; x_wconf 78' lang='grc' dir='ltr'>βεϐαίωσιν</span> <span class='ocrx_word' id='word_1_137' title='bbox 2442 858 2660 929; x_wconf 83' lang='grc' dir='ltr'><strong>εἴληφεν</strong></span> <span class='ocrx_word' id='word_1_138' title='bbox 2680 859 2714 926; x_wconf 78' lang='grc' dir='ltr'><strong>ἡ</strong></span> <span class='ocrx_word' id='word_1_139' title='bbox 2739 855 2981 925; x_wconf 83' lang='grc' dir='ltr'>βασιλεία</span> <span class='ocrx_word' id='word_1_140' title='bbox 2995 854 3095 923; x_wconf 81' lang='grc' dir='ltr'>τῆς</span> <span class='ocrx_word' id='word_1_141' title='bbox 3111 851 3206 905; x_wconf 85' lang='grc' dir='ltr'>τοῦ</span> <span class='ocrx_word' id='word_1_142' title='bbox 3227 848 3388 904; x_wconf 81' lang='grc' dir='ltr'><strong>Δαυῖδ</strong></span> <span class='ocrx_word' id='word_1_143' title='bbox 3412 848 3588 902; x_wconf 82' lang='grc' dir='ltr'>διαδο-</span> 
     </span>
    </p>
   </div>
   <div class='ocr_carea' id='block_1_24' title="bbox 2017 941 3591 1022">
    <p class='ocr_par' dir='ltr' id='par_1_24' title="bbox 2017 941 3591 1022">
     <span class='ocr_line' id='line_1_24' title="bbox 2017 941 3591 1022; baseline -0.018 0"><span class='ocrx_word' id='word_1_144' title='bbox 2017 951 2139 1020; x_wconf 73' lang='grc' dir='ltr'><strong>Χῆςς</strong></span> <span class='ocrx_word' id='word_1_145' title='bbox 2172 950 2560 1022; x_wconf 81' lang='grc' dir='ltr'><strong>παραπλησίαν</strong></span> <span class='ocrx_word' id='word_1_146' title='bbox 2575 951 2695 1012; x_wconf 86' lang='grc' dir='ltr'>ταῖς</span> <span class='ocrx_word' id='word_1_147' title='bbox 2712 947 2805 1001; x_wconf 83' lang='grc' dir='ltr'>τοῦ</span> <span class='ocrx_word' id='word_1_148' title='bbox 2831 945 3022 1009; x_wconf 80' lang='grc' dir='ltr'>αἰῶνος</span> <span class='ocrx_word' id='word_1_149' title='bbox 3043 944 3300 1015; x_wconf 82' lang='grc' dir='ltr'>ἡμέραις,</span> <span class='ocrx_word' id='word_1_150' title='bbox 3323 943 3517 1011; x_wconf 76' lang='grc' dir='ltr'>ὅτεπερ</span> <span class='ocrx_word' id='word_1_151' title='bbox 3527 941 3591 994; x_wconf 72' lang='grc' dir='ltr'><strong>έν</strong></span> 
     </span>
    </p>
   </div>
   <div class='ocr_carea' id='block_1_25' title="bbox 2016 1033 3589 1114">
    <p class='ocr_par' dir='ltr' id='par_1_25' title="bbox 2016 1033 3589 1114">
     <span class='ocr_line' id='line_1_25' title="bbox 2016 1033 3589 1114; baseline -0.007 -18"><span class='ocrx_word' id='word_1_152' title='bbox 2016 1043 2254 1114; x_wconf 80' lang='grc' dir='ltr'>διηνεκεῖ</span> <span class='ocrx_word' id='word_1_153' title='bbox 2295 1044 2394 1114; x_wconf 84' lang='grc' dir='ltr'>τὴν</span> <span class='ocrx_word' id='word_1_154' title='bbox 2441 1043 2702 1096; x_wconf 74' lang='grc' dir='ltr'>σύστασιν</span> <span class='ocrx_word' id='word_1_155' title='bbox 2753 1036 2928 1110; x_wconf 71' lang='grc' dir='ltr'>εῖχεν*</span> <span class='ocrx_word' id='word_1_156' title='bbox 2982 1039 3076 1091; x_wconf 71' lang='grc' dir='ltr'>καὶ</span> <span class='ocrx_word' id='word_1_157' title='bbox 3119 1037 3217 1106; x_wconf 75' lang='grc' dir='ltr'>μὲν</span> <span class='ocrx_word' id='word_1_158' title='bbox 3258 1035 3354 1088; x_wconf 79' lang='grc' dir='ltr'><strong>καὶ</strong></span> <span class='ocrx_word' id='word_1_159' title='bbox 3385 1033 3446 1087; x_wconf 79' lang='grc' dir='ltr'>τὸ</span> <span class='ocrx_word' id='word_1_160' title='bbox 3488 1035 3589 1104; x_wconf 79' lang='grc' dir='ltr'>τὴν</span> 
     </span>
    </p>
   </div>
   <div class='ocr_carea' id='block_1_26' title="bbox 2021 1124 3590 1205">
    <p class='ocr_par' dir='ltr' id='par_1_26' title="bbox 2021 1124 3590 1205">
     <span class='ocr_line' id='line_1_26' title="bbox 2021 1124 3590 1205; baseline -0.006 -19"><span class='ocrx_word' id='word_1_161' title='bbox 2021 1134 2310 1203; x_wconf 86' lang='grc' dir='ltr'>ὲπίγνωσιν</span> <span class='ocrx_word' id='word_1_162' title='bbox 2340 1134 2440 1205; x_wconf 85' lang='grc' dir='ltr'>τὴν</span> <span class='ocrx_word' id='word_1_163' title='bbox 2471 1135 2618 1189; x_wconf 86' lang='grc' dir='ltr'>θείαν</span> <span class='ocrx_word' id='word_1_164' title='bbox 2648 1130 2967 1201; x_wconf 70' lang='grc' dir='ltr'>ἐγγενέσθαι</span> <span class='ocrx_word' id='word_1_165' title='bbox 2986 1131 3100 1191; x_wconf 87' lang='grc' dir='ltr'>τοῖς</span> <span class='ocrx_word' id='word_1_166' title='bbox 3128 1127 3332 1189; x_wconf 75' lang='grc' dir='ltr'><strong>λοιποῖς</strong></span> <span class='ocrx_word' id='word_1_167' title='bbox 3357 1124 3466 1178; x_wconf 79' lang='grc' dir='ltr'>τῶν</span> <span class='ocrx_word' id='word_1_168' title='bbox 3495 1125 3590 1177; x_wconf 88' lang='grc' dir='ltr'><strong>ἀν-</strong></span> 
     </span>
    </p>
   </div>
   <div class='ocr_carea' id='block_1_27' title="bbox 2014 1207 3589 1292">
    <p class='ocr_par' dir='ltr' id='par_1_27' title="bbox 2014 1207 3589 1292">
     <span class='ocr_line' id='line_1_27' title="bbox 2014 1207 3589 1292; baseline -0.006 -18"><span class='ocrx_word' id='word_1_169' title='bbox 2014 1221 2246 1292; x_wconf 83' lang='grc' dir='ltr'>θρώπων</span> <span class='ocrx_word' id='word_1_170' title='bbox 2289 1223 2381 1276; x_wconf 63' lang='grc' dir='ltr'><strong>καὶ¹</strong></span> <span class='ocrx_word' id='word_1_171' title='bbox 2424 1225 2560 1276; x_wconf 81' lang='grc' dir='ltr'>πᾶσι</span> <span class='ocrx_word' id='word_1_172' title='bbox 2592 1221 2648 1274; x_wconf 81' lang='grc' dir='ltr'>δὲ</span> <span class='ocrx_word' id='word_1_173' title='bbox 2682 1223 2794 1284; x_wconf 75' lang='grc' dir='ltr'>τοῖς</span> <span class='ocrx_word' id='word_1_174' title='bbox 2820 1218 3048 1281; x_wconf 77' lang='grc' dir='ltr'>ἔθνεσιν,</span> <span class='ocrx_word' id='word_1_175' title='bbox 3093 1217 3178 1268; x_wconf 73' lang='grc' dir='ltr'><strong>ἐπ’</strong></span> <span class='ocrx_word' id='word_1_176' title='bbox 3212 1215 3388 1268; x_wconf 73' lang='grc' dir='ltr'>αὐτῶν</span> <span class='ocrx_word' id='word_1_177' title='bbox 3409 1207 3589 1266; x_wconf 69' lang='grc' dir='ltr'>ὦπται</span> 
     </span>
    </p>
   </div>
   <div class='ocr_carea' id='block_1_28' title="bbox 2013 1302 3591 1384">
    <p class='ocr_par' dir='ltr' id='par_1_28' title="bbox 2013 1302 3591 1384">
     <span class='ocr_line' id='line_1_28' title="bbox 2013 1302 3591 1384; baseline -0.006 -18"><span class='ocrx_word' id='word_1_178' title='bbox 2013 1314 2120 1366; x_wconf 81' lang='grc' dir='ltr'><strong>τῶν</strong></span> <span class='ocrx_word' id='word_1_179' title='bbox 2149 1314 2489 1384; x_wconf 75' lang='grc' dir='ltr'>πραγμάτων</span> <span class='ocrx_word' id='word_1_180' title='bbox 2516 1312 2578 1366; x_wconf 83' lang='grc' dir='ltr'><strong>τὸ</strong></span> <span class='ocrx_word' id='word_1_181' title='bbox 2601 1311 2799 1382; x_wconf 79' lang='grc' dir='ltr'>ἀληθές</span> <span class='ocrx_word' id='word_1_182' title='bbox 2817 1327 2832 1342; x_wconf 74' lang='grc' dir='ltr'><strong><em>ο</em></strong></span> <span class='ocrx_word' id='word_1_183' title='bbox 2863 1309 3002 1363; x_wconf 83' lang='grc' dir='ltr'>ὥστε</span> <span class='ocrx_word' id='word_1_184' title='bbox 3028 1307 3276 1379; x_wconf 79' lang='grc' dir='ltr'>εἰρῆσθαι</span> <span class='ocrx_word' id='word_1_185' title='bbox 3310 1305 3408 1376; x_wconf 82' lang='grc' dir='ltr'>μὲν</span> <span class='ocrx_word' id='word_1_186' title='bbox 3437 1302 3591 1372; x_wconf 75' lang='grc' dir='ltr'>παρὰ</span> 
     </span>
    </p>
   </div>
   <div class='ocr_carea' id='block_1_29' title="bbox 2011 1395 3589 1478">
    <p class='ocr_par' dir='ltr' id='par_1_29' title="bbox 2011 1395 3589 1478">
     <span class='ocr_line' id='line_1_29' title="bbox 2011 1395 3589 1478; baseline -0.005 -22"><span class='ocrx_word' id='word_1_187' title='bbox 2011 1403 2107 1457; x_wconf 80' lang='grc' dir='ltr'>τοῦ</span> <span class='ocrx_word' id='word_1_188' title='bbox 2146 1407 2427 1478; x_wconf 82' lang='grc' dir='ltr'>προφήτου</span> <span class='ocrx_word' id='word_1_189' title='bbox 2455 1405 2553 1476; x_wconf 81' lang='grc' dir='ltr'>τὴν</span> <span class='ocrx_word' id='word_1_190' title='bbox 2587 1404 2769 1476; x_wconf 80' lang='grc' dir='ltr'>φωνὴν</span> <span class='ocrx_word' id='word_1_191' title='bbox 2797 1403 2864 1456; x_wconf 85' lang='grc' dir='ltr'>τὰ</span> <span class='ocrx_word' id='word_1_192' title='bbox 2896 1401 3038 1456; x_wconf 78' lang='grc' dir='ltr'>κατὰ</span> <span class='ocrx_word' id='word_1_193' title='bbox 3063 1399 3163 1469; x_wconf 82' lang='grc' dir='ltr'>τὴν</span> <span class='ocrx_word' id='word_1_194' title='bbox 3190 1397 3443 1452; x_wconf 71' lang='grc' dir='ltr'>ἐπάνοδον</span> <span class='ocrx_word' id='word_1_195' title='bbox 3467 1395 3589 1448; x_wconf 73' lang='grc' dir='ltr'>ἐσό-</span> 
     </span>
    </p>
   </div>
   <div class='ocr_carea' id='block_1_30' title="bbox 2017 1487 3592 1567">
    <p class='ocr_par' dir='ltr' id='par_1_30' title="bbox 2017 1487 3592 1567">
     <span class='ocr_line' id='line_1_30' title="bbox 2017 1487 3592 1567; baseline -0.005 -19"><span class='ocrx_word' id='word_1_196' title='bbox 2017 1514 2152 1566; x_wconf 90' lang='grc' dir='ltr'>μενα</span> <span class='ocrx_word' id='word_1_197' title='bbox 2197 1497 2489 1567; x_wconf 81' lang='grc' dir='ltr'>μηνύοντος</span> <span class='ocrx_word' id='word_1_198' title='bbox 2517 1497 2684 1560; x_wconf 70' lang='grc' dir='ltr'>τέωςσ</span> <span class='ocrx_word' id='word_1_199' title='bbox 2740 1495 2801 1549; x_wconf 82' lang='grc' dir='ltr'><strong>τὸ</strong></span> <span class='ocrx_word' id='word_1_200' title='bbox 2829 1495 2886 1548; x_wconf 82' lang='grc' dir='ltr'>δὲ</span> <span class='ocrx_word' id='word_1_201' title='bbox 2916 1493 3024 1547; x_wconf 84' lang='grc' dir='ltr'><strong>τῶν</strong></span> <span class='ocrx_word' id='word_1_202' title='bbox 3058 1491 3362 1563; x_wconf 78' lang='grc' dir='ltr'>εἰρημένων</span> <span class='ocrx_word' id='word_1_203' title='bbox 3393 1487 3592 1558; x_wconf 76' lang='grc' dir='ltr'>ἀληθὲς</span> 
     </span>
    </p>
   </div>
   <div class='ocr_carea' id='block_1_31' title="bbox 2016 1577 3590 1658">
    <p class='ocr_par' dir='ltr' id='par_1_31' title="bbox 2016 1577 3590 1658">
     <span class='ocr_line' id='line_1_31' title="bbox 2016 1577 3590 1658; baseline -0.006 -18"><span class='ocrx_word' id='word_1_204' title='bbox 2016 1588 2110 1642; x_wconf 72' lang='grc' dir='ltr'>καὶ</span> <span class='ocrx_word' id='word_1_205' title='bbox 2142 1588 2354 1658; x_wconf 78' lang='grc' dir='ltr'>βέϐαιον</span> <span class='ocrx_word' id='word_1_206' title='bbox 2389 1590 2482 1642; x_wconf 72' lang='grc' dir='ltr'>καὶ</span> <span class='ocrx_word' id='word_1_207' title='bbox 2507 1589 2799 1642; x_wconf 80' lang='grc' dir='ltr'>ἀσάλευτον</span> <span class='ocrx_word' id='word_1_208' title='bbox 2828 1586 2921 1640; x_wconf 72' lang='grc' dir='ltr'>ἐπὶ</span> <span class='ocrx_word' id='word_1_209' title='bbox 2944 1585 3035 1639; x_wconf 85' lang='grc' dir='ltr'>τοῦ</span> <span class='ocrx_word' id='word_1_210' title='bbox 3058 1584 3330 1636; x_wconf 85' lang='grc' dir='ltr'>Δεσπότου</span> <span class='ocrx_word' id='word_1_211' title='bbox 3352 1577 3590 1652; x_wconf 77' lang='grc' dir='ltr'>Χριστοῦ</span> 
     </span>
    </p>
   </div>
   <div class='ocr_carea' id='block_1_32' title="bbox 349 1665 3343 1754">
    <p class='ocr_par' dir='ltr' id='par_1_32' title="bbox 349 1665 3343 1754">
     <span class='ocr_line' id='line_1_32' title="bbox 349 1665 3343 1754; baseline -0.002 -22"><span class='ocrx_word' id='word_1_212' title='bbox 349 1679 690 1752; x_wconf 83' lang='grc' dir='ltr'>δεικνύμενόν</span> <span class='ocrx_word' id='word_1_213' title='bbox 712 1696 772 1732; x_wconf 87' lang='grc' dir='ltr'><strong>τε</strong></span> <span class='ocrx_word' id='word_1_214' title='bbox 804 1679 898 1731; x_wconf 74' lang='grc' dir='ltr'><strong>καὶ</strong></span> <span class='ocrx_word' id='word_1_215' title='bbox 937 1679 1136 1733; x_wconf 81' lang='grc' dir='ltr'>συστὰν</span> <span class='ocrx_word' id='word_1_216' title='bbox 1163 1675 1377 1734; x_wconf 86' lang='grc' dir='ltr'>δικαίαν</span> <span class='ocrx_word' id='word_1_217' title='bbox 1405 1679 1680 1750; x_wconf 74' lang='grc' dir='ltr'>εἰληφέναι</span> <span class='ocrx_word' id='word_1_218' title='bbox 1705 1682 1769 1734; x_wconf 85' lang='grc' dir='ltr'>ὲκ</span> <span class='ocrx_word' id='word_1_219' title='bbox 1796 1680 1890 1735; x_wconf 80' lang='grc' dir='ltr'>τοῦ</span> <span class='ocrx_word' id='word_1_220' title='bbox 1915 1681 2182 1754; x_wconf 82' lang='grc' dir='ltr'>μακαρίου</span> <span class='ocrx_word' id='word_1_221' title='bbox 2221 1680 2481 1734; x_wconf 81' lang='grc' dir='ltr'>Ἰακώϐου</span> <span class='ocrx_word' id='word_1_222' title='bbox 2516 1682 2616 1751; x_wconf 81' lang='grc' dir='ltr'>τῆς</span> <span class='ocrx_word' id='word_1_223' title='bbox 2650 1681 2835 1750; x_wconf 79' lang='grc' dir='ltr'>φωνῆς</span> <span class='ocrx_word' id='word_1_224' title='bbox 2861 1679 2962 1751; x_wconf 84' lang='grc' dir='ltr'>τὴν</span> <span class='ocrx_word' id='word_1_225' title='bbox 2997 1679 3191 1750; x_wconf 84' lang='grc' dir='ltr'>χρῆσιν</span> <span class='ocrx_word' id='word_1_226' title='bbox 3204 1665 3343 1740; x_wconf 62' lang='grc'><strong>’(51).</strong></span> 
     </span>
    </p>
   </div>
   <div class='ocr_carea' id='block_1_33' title="bbox 423 1770 1911 1840">
    <p class='ocr_par' dir='ltr' id='par_1_33' title="bbox 423 1770 1911 1840">
     <span class='ocr_line' id='line_1_33' title="bbox 423 1770 1911 1840; baseline 0 -15"><span class='ocrx_word' id='word_1_227' title='bbox 423 1772 621 1827; x_wconf 75' lang='lat' dir='ltr'><strong>Deinde</strong></span> <span class='ocrx_word' id='word_1_228' title='bbox 649 1779 701 1826; x_wconf 87' lang='lat' dir='ltr'><strong>et</strong></span> <span class='ocrx_word' id='word_1_229' title='bbox 731 1770 1055 1840; x_wconf 89' lang='lat' dir='ltr'><strong>generaliter</strong></span> <span class='ocrx_word' id='word_1_230' title='bbox 1083 1770 1381 1839; x_wconf 74' lang='lat' dir='ltr'><strong>praedicens</strong></span> <span class='ocrx_word' id='word_1_231' title='bbox 1415 1784 1535 1840; x_wconf 65' lang='lat' dir='ltr'><strong>qua:</strong></span> <span class='ocrx_word' id='word_1_232' title='bbox 1568 1780 1699 1824; x_wconf 87' lang='lat' dir='ltr'><strong>tunc</strong></span> <span class='ocrx_word' id='word_1_233' title='bbox 1730 1772 1911 1825; x_wconf 87' lang='lat' dir='ltr'><strong>Israe-</strong></span> 
     </span>
    </p>
   </div>
   <div class='ocr_carea' id='block_1_34' title="bbox 2087 1767 3594 1841">
    <p class='ocr_par' dir='ltr' id='par_1_34' title="bbox 2087 1767 3594 1841">
     <span class='ocr_line' id='line_1_34' title="bbox 2087 1767 3594 1841; baseline -0.005 -16"><span class='ocrx_word' id='word_1_234' title='bbox 2087 1770 2219 1825; x_wconf 81' lang='grc' dir='ltr'>Εἶτα</span> <span class='ocrx_word' id='word_1_235' title='bbox 2266 1772 2358 1825; x_wconf 79' lang='grc' dir='ltr'>καὶ</span> <span class='ocrx_word' id='word_1_236' title='bbox 2405 1769 2629 1825; x_wconf 80' lang='grc' dir='ltr'>καθόλου</span> <span class='ocrx_word' id='word_1_237' title='bbox 2679 1770 2896 1841; x_wconf 84' lang='grc' dir='ltr'>μηνύων</span> <span class='ocrx_word' id='word_1_238' title='bbox 2947 1769 3017 1821; x_wconf 83' lang='grc' dir='ltr'><strong>τὰ</strong></span> <span class='ocrx_word' id='word_1_239' title='bbox 3051 1769 3169 1822; x_wconf 89' lang='grc' dir='ltr'>τότε</span> <span class='ocrx_word' id='word_1_240' title='bbox 3219 1767 3401 1828; x_wconf 76' lang='grc' dir='ltr'>αὐτοῖς</span> <span class='ocrx_word' id='word_1_241' title='bbox 3437 1782 3594 1837; x_wconf 85' lang='grc' dir='ltr'>περι-</span> 
     </span>
    </p>
   </div>
   <div class='ocr_carea' id='block_1_35' title="bbox 351 1857 1917 1934">
    <p class='ocr_par' dir='ltr' id='par_1_35' title="bbox 351 1862 1914 1931">
     <span class='ocr_line' id='line_1_35' title="bbox 351 1862 1914 1931; baseline 0 -13"><span class='ocrx_word' id='word_1_242' title='bbox 351 1866 462 1920; x_wconf 89' lang='lat' dir='ltr'><strong>litis</strong></span> <span class='ocrx_word' id='word_1_243' title='bbox 490 1869 762 1919; x_wconf 72' lang='lat' dir='ltr'><strong>eventura:</strong></span> <span class='ocrx_word' id='word_1_244' title='bbox 793 1869 952 1916; x_wconf 87' lang='lat' dir='ltr'><strong>erant</strong></span> <span class='ocrx_word' id='word_1_245' title='bbox 995 1862 1411 1931; x_wconf 86' lang='lat' dir='ltr'><strong>prosperitates,</strong></span> <span class='ocrx_word' id='word_1_246' title='bbox 1446 1869 1773 1917; x_wconf 65' lang='lat' dir='ltr'><strong>cancrorum</strong></span> <span class='ocrx_word' id='word_1_247' title='bbox 1801 1863 1914 1918; x_wconf 86' lang='lat' dir='ltr'><strong>ritu</strong></span> 
     </span>
    </p>
   </div>
   <div class='ocr_carea' id='block_1_36' title="bbox 2021 1857 3592 1934">
    <p class='ocr_par' dir='ltr' id='par_1_36' title="bbox 2021 1857 3592 1934">
     <span class='ocr_line' id='line_1_36' title="bbox 2021 1857 3592 1934; baseline -0.006 -16"><span class='ocrx_word' id='word_1_248' title='bbox 2021 1859 2246 1934; x_wconf 81' lang='grc' dir='ltr'>εσόμενα</span> <span class='ocrx_word' id='word_1_249' title='bbox 2270 1862 2433 1926; x_wconf 73' lang='grc' dir='ltr'>καλὰ,</span> <span class='ocrx_word' id='word_1_250' title='bbox 2467 1861 2866 1933; x_wconf 82' lang='grc' dir='ltr'>παραπλησίως</span> <span class='ocrx_word' id='word_1_251' title='bbox 2908 1863 3018 1923; x_wconf 85' lang='grc' dir='ltr'>τοῖς</span> <span class='ocrx_word' id='word_1_252' title='bbox 3050 1857 3257 1921; x_wconf 76' lang='grc' dir='ltr'>λοιπαῖς</span> <span class='ocrx_word' id='word_1_253' title='bbox 3287 1858 3592 1928; x_wconf 79' lang='grc' dir='ltr'>προφήταις</span> 
     </span>
    </p>
   </div>
   <div class='ocr_carea' id='block_1_37' title="bbox 350 1947 1911 2026">
    <p class='ocr_par' dir='ltr' id='par_1_37' title="bbox 350 1947 1911 2026">
     <span class='ocr_line' id='line_1_37' title="bbox 350 1947 1911 2026; baseline -0.001 -17"><span class='ocrx_word' id='word_1_254' title='bbox 350 1947 734 2026; x_wconf 84' lang='lat' dir='ltr'><strong>prophetarum</strong></span> <span class='ocrx_word' id='word_1_255' title='bbox 762 1952 916 2016; x_wconf 89' lang='lat' dir='ltr'><strong>dicit,</strong></span> <span class='ocrx_word' id='word_1_256' title='bbox 942 1952 1132 2006; x_wconf 74' lang='lat' dir='ltr'><strong>adfore</strong></span> <span class='ocrx_word' id='word_1_257' title='bbox 1162 1952 1269 2006; x_wconf 87' lang='lat' dir='ltr'><strong>illis</strong></span> <span class='ocrx_word' id='word_1_258' title='bbox 1295 1952 1665 2008; x_wconf 89' lang='lat' dir='ltr'><strong>omnimodam</strong></span> <span class='ocrx_word' id='word_1_259' title='bbox 1695 1953 1911 2024; x_wconf 81' lang='lat' dir='ltr'><strong>frugum</strong></span> 
     </span>
    </p>
   </div>
   <div class='ocr_carea' id='block_1_38' title="bbox 351 2038 1916 2114">
    <p class='ocr_par' dir='ltr' id='par_1_38' title="bbox 351 2038 1916 2114">
     <span class='ocr_line' id='line_1_38' title="bbox 351 2038 1916 2114; baseline -0.002 -19"><span class='ocrx_word' id='word_1_260' title='bbox 351 2046 586 2114; x_wconf 78' lang='lat' dir='ltr'><strong>copiam,</strong></span> <span class='ocrx_word' id='word_1_261' title='bbox 639 2041 714 2094; x_wconf 88' lang='lat' dir='ltr'><strong>ita</strong></span> <span class='ocrx_word' id='word_1_262' title='bbox 749 2047 808 2093; x_wconf 90' lang='lat' dir='ltr'><strong>ut</strong></span> <span class='ocrx_word' id='word_1_263' title='bbox 839 2045 1190 2094; x_wconf 77' lang='lat' dir='ltr'><strong>coacervatas</strong></span> <span class='ocrx_word' id='word_1_264' title='bbox 1230 2053 1370 2094; x_wconf 67' lang='lat' dir='ltr'><strong>areae</strong></span> <span class='ocrx_word' id='word_1_265' title='bbox 1407 2038 1590 2110; x_wconf 83' lang='lat' dir='ltr'><strong>fruges</strong></span> <span class='ocrx_word' id='word_1_266' title='bbox 1621 2047 1916 2110; x_wconf 79' lang='lat' dir='ltr'><strong>exceptura</strong></span> 
     </span>
    </p>
   </div>
   <div class='ocr_carea' id='block_1_39' title="bbox 353 2129 1910 2199">
    <p class='ocr_par' dir='ltr' id='par_1_39' title="bbox 353 2129 1910 2199">
     <span class='ocr_line' id='line_1_39' title="bbox 353 2129 1910 2199; baseline -0.002 -10"><span class='ocrx_word' id='word_1_267' title='bbox 353 2136 421 2190; x_wconf 85' lang='lat' dir='ltr'><strong>sit</strong></span> <span class='ocrx_word' id='word_1_268' title='bbox 448 2131 744 2196; x_wconf 82' lang='lat' dir='ltr'><strong>vindemia,</strong></span> <span class='ocrx_word' id='word_1_269' title='bbox 779 2129 1011 2185; x_wconf 88' lang='lat' dir='ltr'><strong>maturis</strong></span> <span class='ocrx_word' id='word_1_270' title='bbox 1048 2143 1264 2199; x_wconf 87' lang='lat' dir='ltr'><strong>semper</strong></span> <span class='ocrx_word' id='word_1_271' title='bbox 1291 2130 1572 2184; x_wconf 83' lang='lat' dir='ltr'><strong>concessis</strong></span> <span class='ocrx_word' id='word_1_272' title='bbox 1601 2129 1910 2198; x_wconf 80' lang='lat' dir='ltr'><strong>fructibus;</strong></span> 
     </span>
    </p>
   </div>
   <div class='ocr_carea' id='block_1_40' title="bbox 352 2221 1914 2293">
    <p class='ocr_par' dir='ltr' id='par_1_40' title="bbox 352 2221 1914 2293">
     <span class='ocr_line' id='line_1_40' title="bbox 352 2221 1914 2293; baseline -0.003 -12"><span class='ocrx_word' id='word_1_273' title='bbox 352 2234 407 2281; x_wconf 91' lang='lat' dir='ltr'><strong>et</strong></span> <span class='ocrx_word' id='word_1_274' title='bbox 433 2225 567 2292; x_wconf 87' lang='lat' dir='ltr'><strong>ipsis</strong></span> <span class='ocrx_word' id='word_1_275' title='bbox 594 2221 982 2293; x_wconf 88' lang='lat' dir='ltr'><strong>propemodum</strong></span> <span class='ocrx_word' id='word_1_276' title='bbox 1023 2221 1300 2276; x_wconf 87' lang='lat' dir='ltr'><strong>montibus</strong></span> <span class='ocrx_word' id='word_1_277' title='bbox 1331 2221 1674 2292; x_wconf 86' lang='lat' dir='ltr'><strong>collibusque</strong></span> <span class='ocrx_word' id='word_1_278' title='bbox 1702 2222 1914 2292; x_wconf 91' lang='lat' dir='ltr'><strong>copiam</strong></span> 
     </span>
    </p>
   </div>
   <div class='ocr_carea' id='block_1_41' title="bbox 355 2310 1920 2387">
    <p class='ocr_par' dir='ltr' id='par_1_41' title="bbox 355 2310 1920 2387">
     <span class='ocr_line' id='line_1_41' title="bbox 355 2310 1920 2387; baseline -0.003 -16"><span class='ocrx_word' id='word_1_279' title='bbox 355 2313 850 2387; x_wconf 86' lang='lat' dir='ltr'><strong>suppeditantibus,</strong></span> <span class='ocrx_word' id='word_1_280' title='bbox 916 2321 972 2368; x_wconf 89' lang='lat' dir='ltr'><strong>et</strong></span> <span class='ocrx_word' id='word_1_281' title='bbox 999 2311 1148 2366; x_wconf 89' lang='lat' dir='ltr'><strong>omni</strong></span> <span class='ocrx_word' id='word_1_282' title='bbox 1213 2326 1272 2366; x_wconf 89' lang='lat' dir='ltr'><strong>re</strong></span> <span class='ocrx_word' id='word_1_283' title='bbox 1333 2311 1477 2367; x_wconf 89' lang='lat' dir='ltr'><strong>bona</strong></span> <span class='ocrx_word' id='word_1_284' title='bbox 1545 2310 1920 2367; x_wconf 75' lang='lat' dir='ltr'><strong>afﬂuentibus.</strong></span> 
     </span>
    </p>
   </div>
   <div class='ocr_carea' id='block_1_42' title="bbox 353 2401 1924 2476">
    <p class='ocr_par' dir='ltr' id='par_1_42' title="bbox 353 2401 1924 2476">
     <span class='ocr_line' id='line_1_42' title="bbox 353 2401 1924 2476; baseline -0.001 -16"><span class='ocrx_word' id='word_1_285' title='bbox 353 2406 732 2476; x_wconf 72' lang='lat' dir='ltr'><strong>Captivitatem</strong></span> <span class='ocrx_word' id='word_1_286' title='bbox 787 2403 971 2473; x_wconf 87' lang='lat' dir='ltr'><strong>populi</strong></span> <span class='ocrx_word' id='word_1_287' title='bbox 1018 2401 1340 2468; x_wconf 82' lang='lat' dir='ltr'><strong>dissolram,</strong></span> <span class='ocrx_word' id='word_1_288' title='bbox 1388 2410 1448 2456; x_wconf 81' lang='lat' dir='ltr'><strong>ut</strong></span> <span class='ocrx_word' id='word_1_289' title='bbox 1487 2403 1668 2458; x_wconf 77' lang='lat' dir='ltr'><strong>securi</strong></span> <span class='ocrx_word' id='word_1_290' title='bbox 1701 2404 1833 2468; x_wconf 90' lang='lat' dir='ltr'><strong>sint,</strong></span> <span class='ocrx_word' id='word_1_291' title='bbox 1871 2411 1924 2458; x_wconf 90' lang='lat' dir='ltr'><strong>et</strong></span> 
     </span>
    </p>
   </div>
   <div class='ocr_carea' id='block_1_43' title="bbox 356 2491 1923 2566">
    <p class='ocr_par' dir='ltr' id='par_1_43' title="bbox 356 2491 1923 2566">
     <span class='ocr_line' id='line_1_43' title="bbox 356 2491 1923 2566; baseline -0.002 -18"><span class='ocrx_word' id='word_1_292' title='bbox 356 2495 690 2566; x_wconf 83' lang='lat' dir='ltr'><strong>postliminio</strong></span> <span class='ocrx_word' id='word_1_293' title='bbox 733 2491 1007 2557; x_wconf 80' lang='lat' dir='ltr'><strong>fruantur,</strong></span> <span class='ocrx_word' id='word_1_294' title='bbox 1067 2499 1121 2546; x_wconf 89' lang='lat' dir='ltr'><strong>et</strong></span> <span class='ocrx_word' id='word_1_295' title='bbox 1160 2505 1290 2548; x_wconf 88' lang='lat' dir='ltr'><strong>suas</strong></span> <span class='ocrx_word' id='word_1_296' title='bbox 1340 2491 1506 2548; x_wconf 87' lang='lat' dir='ltr'><strong>urbes</strong></span> <span class='ocrx_word' id='word_1_297' title='bbox 1540 2492 1596 2546; x_wconf 90' lang='lat' dir='ltr'><strong>in</strong></span> <span class='ocrx_word' id='word_1_298' title='bbox 1642 2491 1923 2562; x_wconf 79' lang='lat' dir='ltr'><strong>antiquam</strong></span> 
     </span>
    </p>
   </div>
   <div class='ocr_carea' id='block_1_44' title="bbox 359 2583 1924 2654">
    <p class='ocr_par' dir='ltr' id='par_1_44' title="bbox 359 2583 1924 2654">
     <span class='ocr_line' id='line_1_44' title="bbox 359 2583 1924 2654; baseline -0.001 -15"><span class='ocrx_word' id='word_1_299' title='bbox 359 2591 587 2641; x_wconf 74' lang='lat' dir='ltr'><strong>I‘ormam</strong></span> <span class='ocrx_word' id='word_1_300' title='bbox 615 2591 948 2648; x_wconf 89' lang='lat' dir='ltr'><strong>restaurent,</strong></span> <span class='ocrx_word' id='word_1_301' title='bbox 1013 2590 1066 2638; x_wconf 92' lang='lat' dir='ltr'><strong>et</strong></span> <span class='ocrx_word' id='word_1_302' title='bbox 1095 2583 1348 2654; x_wconf 77' lang='lat' dir='ltr'><strong>agricolae</strong></span> <span class='ocrx_word' id='word_1_303' title='bbox 1373 2591 1534 2638; x_wconf 80' lang='lat' dir='ltr'><strong>terrae</strong></span> <span class='ocrx_word' id='word_1_304' title='bbox 1580 2597 1611 2637; x_wconf 89' lang='lat' dir='ltr'><strong>a</strong></span> <span class='ocrx_word' id='word_1_305' title='bbox 1648 2598 1708 2638; x_wconf 89' lang='lat' dir='ltr'><strong>se</strong></span> <span class='ocrx_word' id='word_1_306' title='bbox 1761 2583 1924 2638; x_wconf 66' lang='lat' dir='ltr'><strong>cultae</strong></span> 
     </span>
    </p>
   </div>
   <div class='ocr_carea' id='block_1_45' title="bbox 356 2673 1924 2750">
    <p class='ocr_par' dir='ltr' id='par_1_45' title="bbox 356 2673 1924 2750">
     <span class='ocr_line' id='line_1_45' title="bbox 356 2673 1924 2750; baseline -0.003 -15"><span class='ocrx_word' id='word_1_307' title='bbox 356 2679 569 2735; x_wconf 80' lang='lat' dir='ltr'><strong>fructus</strong></span> <span class='ocrx_word' id='word_1_308' title='bbox 600 2678 923 2750; x_wconf 89' lang='lat' dir='ltr'><strong>percipiant.</strong></span> <span class='ocrx_word' id='word_1_309' title='bbox 963 2673 1218 2731; x_wconf 83' lang='lat' dir='ltr'><strong>Firmiter</strong></span> <span class='ocrx_word' id='word_1_310' title='bbox 1243 2691 1336 2730; x_wconf 91' lang='lat' dir='ltr'><strong>eos</strong></span> <span class='ocrx_word' id='word_1_311' title='bbox 1366 2677 1423 2730; x_wconf 91' lang='lat' dir='ltr'><strong>in</strong></span> <span class='ocrx_word' id='word_1_312' title='bbox 1462 2689 1562 2730; x_wconf 87' lang='lat' dir='ltr'><strong>sua</strong></span> <span class='ocrx_word' id='word_1_313' title='bbox 1599 2674 1775 2745; x_wconf 87' lang='lat' dir='ltr'><strong>patria</strong></span> <span class='ocrx_word' id='word_1_314' title='bbox 1809 2683 1924 2730; x_wconf 88' lang='lat' dir='ltr'><strong>sta-</strong></span> 
     </span>
    </p>
   </div>
   <div class='ocr_carea' id='block_1_46' title="bbox 356 2766 1925 2838">
    <p class='ocr_par' dir='ltr' id='par_1_46' title="bbox 356 2766 1925 2838">
     <span class='ocr_line' id='line_1_46' title="bbox 356 2766 1925 2838; baseline -0.004 -10"><span class='ocrx_word' id='word_1_315' title='bbox 356 2774 575 2838; x_wconf 85' lang='lat' dir='ltr'><strong>biliam;</strong></span> <span class='ocrx_word' id='word_1_316' title='bbox 608 2771 661 2826; x_wconf 92' lang='lat' dir='ltr'><strong>id</strong></span> <span class='ocrx_word' id='word_1_317' title='bbox 692 2771 836 2826; x_wconf 89' lang='lat' dir='ltr'><strong>enim</strong></span> <span class='ocrx_word' id='word_1_318' title='bbox 866 2775 1025 2826; x_wconf 86' lang='lat' dir='ltr'><strong>sonat</strong></span> <span class='ocrx_word' id='word_1_319' title='bbox 1075 2769 1278 2824; x_wconf 90' lang='lat' dir='ltr'><strong>dictio:</strong></span> <span class='ocrx_word' id='word_1_320' title='bbox 1303 2767 1680 2837; x_wconf 65' lang='lat' dir='ltr'><strong>«Etplantabo</strong></span> <span class='ocrx_word' id='word_1_321' title='bbox 1719 2781 1817 2822; x_wconf 87' lang='lat' dir='ltr'><strong>eos</strong></span> <span class='ocrx_word' id='word_1_322' title='bbox 1869 2766 1925 2821; x_wconf 90' lang='lat' dir='ltr'><strong>in</strong></span> 
     </span>
    </p>
   </div>
   <div class='ocr_carea' id='block_1_47' title="bbox 2018 1949 3593 2024">
    <p class='ocr_par' dir='ltr' id='par_1_47' title="bbox 2018 1949 3593 2024">
     <span class='ocr_line' id='line_1_47' title="bbox 2018 1949 3593 2024; baseline -0.006 -16"><span class='ocrx_word' id='word_1_323' title='bbox 2018 1955 2163 2024; x_wconf 87' lang='grc' dir='ltr'>λέγει</span> <span class='ocrx_word' id='word_1_324' title='bbox 2192 1955 2253 2008; x_wconf 80' lang='grc' dir='ltr'><strong>τὸ</strong></span> <span class='ocrx_word' id='word_1_325' title='bbox 2285 1955 2377 2008; x_wconf 72' lang='grc' dir='ltr'>καὶ</span> <span class='ocrx_word' id='word_1_326' title='bbox 2408 1955 2515 2008; x_wconf 88' lang='grc' dir='ltr'>τῶν</span> <span class='ocrx_word' id='word_1_327' title='bbox 2547 1953 2770 2024; x_wconf 82' lang='grc' dir='ltr'>καρπῶν</span> <span class='ocrx_word' id='word_1_328' title='bbox 2799 1953 2898 2023; x_wconf 80' lang='grc' dir='ltr'><strong>τὴν</strong></span> <span class='ocrx_word' id='word_1_329' title='bbox 2931 1949 3188 2020; x_wconf 82' lang='grc' dir='ltr'>ἀφθονίαν</span> <span class='ocrx_word' id='word_1_330' title='bbox 3218 1949 3399 2011; x_wconf 71' lang='grc' dir='ltr'>αὐτοῖς</span> <span class='ocrx_word' id='word_1_331' title='bbox 3428 1965 3593 2020; x_wconf 87' lang='grc' dir='ltr'>προσ-</span> 
     </span>
    </p>
   </div>
   <div class='ocr_carea' id='block_1_48' title="bbox 2024 2040 3594 2112">
    <p class='ocr_par' dir='ltr' id='par_1_48' title="bbox 2024 2040 3594 2112">
     <span class='ocr_line' id='line_1_48' title="bbox 2024 2040 3594 2112; baseline -0.003 -14"><span class='ocrx_word' id='word_1_332' title='bbox 2024 2044 2242 2098; x_wconf 90' lang='grc' dir='ltr'>έσεσθαι</span> <span class='ocrx_word' id='word_1_333' title='bbox 2272 2045 2565 2109; x_wconf 79' lang='grc' dir='ltr'>παντελῶς,</span> <span class='ocrx_word' id='word_1_334' title='bbox 2589 2045 2665 2108; x_wconf 82' lang='grc' dir='ltr'>ὡς</span> <span class='ocrx_word' id='word_1_335' title='bbox 2696 2046 2819 2107; x_wconf 82' lang='grc' dir='ltr'>τοὺς</span> <span class='ocrx_word' id='word_1_336' title='bbox 2846 2044 2906 2108; x_wconf 74' lang='grc' dir='ltr'>ἐξ</span> <span class='ocrx_word' id='word_1_337' title='bbox 2938 2043 3142 2106; x_wconf 74' lang='grc' dir='ltr'>ἅλωνος</span> <span class='ocrx_word' id='word_1_338' title='bbox 3171 2040 3594 2112; x_wconf 81' lang='grc' dir='ltr'>συλλεγομένους</span> 
     </span>
    </p>
   </div>
   <div class='ocr_carea' id='block_1_49' title="bbox 2021 2130 3594 2207">
    <p class='ocr_par' dir='ltr' id='par_1_49' title="bbox 2021 2130 3594 2207">
     <span class='ocr_line' id='line_1_49' title="bbox 2021 2130 3594 2207; baseline -0.004 -20"><span class='ocrx_word' id='word_1_339' title='bbox 2021 2135 2268 2206; x_wconf 73' lang='grc' dir='ltr'>’καρποὺς</span> <span class='ocrx_word' id='word_1_340' title='bbox 2295 2134 2631 2206; x_wconf 86' lang='grc' dir='ltr'>διαδέχεσθαι</span> <span class='ocrx_word' id='word_1_341' title='bbox 2658 2135 2756 2207; x_wconf 76' lang='grc' dir='ltr'><strong>τὴν</strong></span> <span class='ocrx_word' id='word_1_342' title='bbox 2787 2134 3014 2207; x_wconf 86' lang='grc' dir='ltr'>τρύγην,</span> <span class='ocrx_word' id='word_1_343' title='bbox 3035 2134 3261 2205; x_wconf 81' lang='grc' dir='ltr'>ὼρίμων</span> <span class='ocrx_word' id='word_1_344' title='bbox 3285 2132 3382 2202; x_wconf 83' lang='grc' dir='ltr'>μὲν</span> <span class='ocrx_word' id='word_1_345' title='bbox 3410 2130 3594 2192; x_wconf 73' lang='grc' dir='ltr'>αὐτοῖς</span> 
     </span>
    </p>
   </div>
   <div class='ocr_carea' id='block_1_50' title="bbox 2024 2223 3595 2298">
    <p class='ocr_par' dir='ltr' id='par_1_50' title="bbox 2024 2223 3595 2298">
     <span class='ocr_line' id='line_1_50' title="bbox 2024 2223 3595 2298; baseline -0.003 -18"><span class='ocrx_word' id='word_1_346' title='bbox 2024 2227 2416 2298; x_wconf 79' lang='grc' dir='ltr'>ἀποδιδομένων</span> <span class='ocrx_word' id='word_1_347' title='bbox 2457 2226 2564 2280; x_wconf 84' lang='grc' dir='ltr'>τῶν</span> <span class='ocrx_word' id='word_1_348' title='bbox 2603 2226 2848 2298; x_wconf 81' lang='grc' dir='ltr'>καρπῶν,</span> <span class='ocrx_word' id='word_1_349' title='bbox 2896 2228 2971 2296; x_wconf 88' lang='lat' dir='ltr'><strong>(p.</strong></span> <span class='ocrx_word' id='word_1_350' title='bbox 3012 2225 3138 2295; x_wconf 71' lang='lat' dir='ltr'><strong>2H)</strong></span> <span class='ocrx_word' id='word_1_351' title='bbox 3184 2224 3343 2295; x_wconf 88' lang='grc' dir='ltr'>μόνον</span> <span class='ocrx_word' id='word_1_352' title='bbox 3380 2223 3436 2276; x_wconf 86' lang='grc' dir='ltr'>δὲ</span> <span class='ocrx_word' id='word_1_353' title='bbox 3473 2224 3595 2293; x_wconf 78' lang='grc' dir='ltr'><strong>ούχί</strong></span> 
     </span>
    </p>
   </div>
   <div class='ocr_carea' id='block_1_51' title="bbox 2020 2316 3595 2389">
    <p class='ocr_par' dir='ltr' id='par_1_51' title="bbox 2020 2316 3595 2389">
     <span class='ocr_line' id='line_1_51' title="bbox 2020 2316 3595 2389; baseline -0.002 -19"><span class='ocrx_word' id='word_1_354' title='bbox 2020 2318 2114 2371; x_wconf 72' lang='grc' dir='ltr'><strong>καὶ</strong></span> <span class='ocrx_word' id='word_1_355' title='bbox 2145 2318 2253 2372; x_wconf 86' lang='grc' dir='ltr'><strong>τῶν</strong></span> <span class='ocrx_word' id='word_1_356' title='bbox 2299 2317 2441 2389; x_wconf 84' lang='grc' dir='ltr'>όρῶν</span> <span class='ocrx_word' id='word_1_357' title='bbox 2489 2319 2581 2371; x_wconf 77' lang='grc' dir='ltr'><strong>καὶ</strong></span> <span class='ocrx_word' id='word_1_358' title='bbox 2623 2318 2730 2371; x_wconf 85' lang='grc' dir='ltr'><strong>τῶν</strong></span> <span class='ocrx_word' id='word_1_359' title='bbox 2763 2317 2965 2389; x_wconf 84' lang='grc' dir='ltr'>βουνῶν</span> <span class='ocrx_word' id='word_1_360' title='bbox 3007 2316 3205 2388; x_wconf 82' lang='grc' dir='ltr'>πολλὴν</span> <span class='ocrx_word' id='word_1_361' title='bbox 3238 2317 3418 2378; x_wconf 79' lang='grc' dir='ltr'>αὐτοῖς</span> <span class='ocrx_word' id='word_1_362' title='bbox 3449 2331 3595 2384; x_wconf 68' lang='grc' dir='ltr'>παρα</span> 
     </span>
    </p>
   </div>
   <div class='ocr_carea' id='block_1_52' title="bbox 2020 2406 3597 2482">
    <p class='ocr_par' dir='ltr' id='par_1_52' title="bbox 2020 2406 3597 2482">
     <span class='ocr_line' id='line_1_52' title="bbox 2020 2406 3597 2482; baseline -0.002 -20"><span class='ocrx_word' id='word_1_363' title='bbox 2020 2411 2250 2481; x_wconf 88' lang='grc' dir='ltr'>εχόντων</span> <span class='ocrx_word' id='word_1_364' title='bbox 2293 2411 2392 2482; x_wconf 82' lang='grc' dir='ltr'><strong>τὴν</strong></span> <span class='ocrx_word' id='word_1_365' title='bbox 2449 2411 2727 2480; x_wconf 77' lang='grc' dir='ltr'>ἀφθονίαν,</span> <span class='ocrx_word' id='word_1_366' title='bbox 2782 2410 3009 2464; x_wconf 83' lang='grc' dir='ltr'>πλεῖστά</span> <span class='ocrx_word' id='word_1_367' title='bbox 3048 2427 3108 2462; x_wconf 87' lang='grc' dir='ltr'><strong>τε</strong></span> <span class='ocrx_word' id='word_1_368' title='bbox 3151 2409 3249 2462; x_wconf 86' lang='grc' dir='ltr'>ὅσα</span> <span class='ocrx_word' id='word_1_369' title='bbox 3287 2406 3597 2477; x_wconf 76' lang='grc' dir='ltr'>ὲκφυόντων</span> 
     </span>
    </p>
   </div>
   <div class='ocr_carea' id='block_1_53' title="bbox 2021 2497 3597 2574">
    <p class='ocr_par' dir='ltr' id='par_1_53' title="bbox 2021 2497 3597 2574">
     <span class='ocr_line' id='line_1_53' title="bbox 2021 2497 3597 2574; baseline -0.004 -18"><span class='ocrx_word' id='word_1_370' title='bbox 2021 2503 2188 2557; x_wconf 59' lang='grc' dir='ltr'>καλάη.</span> <span class='ocrx_word' id='word_1_371' title='bbox 2224 2503 2334 2558; x_wconf 74' lang='grc' dir='ltr'><strong>Καὶ</strong></span> <span class='ocrx_word' id='word_1_372' title='bbox 2378 2503 2477 2574; x_wconf 82' lang='grc' dir='ltr'>τὴν</span> <span class='ocrx_word' id='word_1_373' title='bbox 2528 2503 2624 2574; x_wconf 76' lang='grc' dir='ltr'>μὲν</span> <span class='ocrx_word' id='word_1_374' title='bbox 2663 2502 3037 2574; x_wconf 83' lang='grc' dir='ltr'>αἰχμαλωσίαν</span> <span class='ocrx_word' id='word_1_375' title='bbox 3091 2501 3257 2567; x_wconf 82' lang='grc' dir='ltr'>λύσω,</span> <span class='ocrx_word' id='word_1_376' title='bbox 3295 2500 3476 2569; x_wconf 64' lang='grc' dir='ltr'>φησιν,</span> <span class='ocrx_word' id='word_1_377' title='bbox 3516 2497 3597 2568; x_wconf 80' lang='grc' dir='ltr'>τῷ</span> 
     </span>
    </p>
   </div>
   <div class='ocr_carea' id='block_1_54' title="bbox 2019 2587 3598 2663">
    <p class='ocr_par' dir='ltr' id='par_1_54' title="bbox 2019 2587 3598 2663">
     <span class='ocr_line' id='line_1_54' title="bbox 2019 2587 3598 2663; baseline -0.005 -17"><span class='ocrx_word' id='word_1_378' title='bbox 2019 2593 2154 2663; x_wconf 82' lang='grc' dir='ltr'>λαῷ.</span> <span class='ocrx_word' id='word_1_379' title='bbox 2183 2591 2322 2646; x_wconf 82' lang='grc' dir='ltr'>ὥστε</span> <span class='ocrx_word' id='word_1_380' title='bbox 2345 2592 2606 2654; x_wconf 80' lang='grc' dir='ltr'>λαὸόντας</span> <span class='ocrx_word' id='word_1_381' title='bbox 2631 2609 2692 2645; x_wconf 89' lang='grc' dir='ltr'><strong>τε</strong></span> <span class='ocrx_word' id='word_1_382' title='bbox 2720 2591 2922 2658; x_wconf 70' lang='grc' dir='ltr'>ἄδειαν,</span> <span class='ocrx_word' id='word_1_383' title='bbox 2955 2592 3049 2646; x_wconf 68' lang='grc' dir='ltr'><strong>καὶ</strong></span> <span class='ocrx_word' id='word_1_384' title='bbox 3077 2590 3368 2658; x_wconf 81' lang='grc' dir='ltr'>γεγονότας</span> <span class='ocrx_word' id='word_1_385' title='bbox 3397 2590 3454 2641; x_wconf 80' lang='grc' dir='ltr'><strong>έν</strong></span> <span class='ocrx_word' id='word_1_386' title='bbox 3485 2587 3598 2650; x_wconf 79' lang='grc' dir='ltr'>τοῖς</span> 
     </span>
    </p>
   </div>
   <div class='ocr_carea' id='block_1_55' title="bbox 2021 2679 3597 2750">
    <p class='ocr_par' dir='ltr' id='par_1_55' title="bbox 2021 2679 3597 2750">
     <span class='ocr_line' id='line_1_55' title="bbox 2021 2679 3597 2750; baseline -0.004 -12"><span class='ocrx_word' id='word_1_387' title='bbox 2021 2684 2264 2750; x_wconf 90' lang='grc' dir='ltr'>οἰκείοις,</span> <span class='ocrx_word' id='word_1_388' title='bbox 2290 2685 2385 2738; x_wconf 71' lang='grc' dir='ltr'>καὶ</span> <span class='ocrx_word' id='word_1_389' title='bbox 2415 2684 2514 2746; x_wconf 82' lang='grc' dir='ltr'>τὰς</span> <span class='ocrx_word' id='word_1_390' title='bbox 2544 2684 2721 2748; x_wconf 86' lang='grc' dir='ltr'>οἰκίας</span> <span class='ocrx_word' id='word_1_391' title='bbox 2765 2684 2904 2738; x_wconf 70' lang='grc' dir='ltr'>κατὰ</span> <span class='ocrx_word' id='word_1_392' title='bbox 2941 2683 3000 2736; x_wconf 87' lang='grc' dir='ltr'><strong>τὸ</strong></span> <span class='ocrx_word' id='word_1_393' title='bbox 3041 2681 3266 2735; x_wconf 77' lang='grc' dir='ltr'>παλαιὸν</span> <span class='ocrx_word' id='word_1_394' title='bbox 3290 2679 3597 2750; x_wconf 84' lang='grc' dir='ltr'>ἀνορθῶσαι</span> 
     </span>
    </p>
   </div>
   <div class='ocr_carea' id='block_1_56' title="bbox 2024 2769 3598 2847">
    <p class='ocr_par' dir='ltr' id='par_1_56' title="bbox 2024 2769 3598 2847">
     <span class='ocr_line' id='line_1_56' title="bbox 2024 2769 3598 2847; baseline -0.007 -16"><span class='ocrx_word' id='word_1_395' title='bbox 2024 2776 2232 2847; x_wconf 80' lang='grc' dir='ltr'>σχῆμα,</span> <span class='ocrx_word' id='word_1_396' title='bbox 2277 2777 2369 2829; x_wconf 73' lang='grc' dir='ltr'>καὶ</span> <span class='ocrx_word' id='word_1_397' title='bbox 2400 2775 2496 2847; x_wconf 83' lang='grc' dir='ltr'><strong>τὴν</strong></span> <span class='ocrx_word' id='word_1_398' title='bbox 2511 2776 2615 2845; x_wconf 83' lang='grc' dir='ltr'>γῆν</span> <span class='ocrx_word' id='word_1_399' title='bbox 2643 2774 3156 2847; x_wconf 78' lang='grc' dir='ltr'>κατεργασαμένους</span> <span class='ocrx_word' id='word_1_400' title='bbox 3201 2771 3292 2826; x_wconf 79' lang='grc' dir='ltr'><strong>τὸν</strong></span> <span class='ocrx_word' id='word_1_401' title='bbox 3333 2770 3393 2834; x_wconf 74' lang='grc' dir='ltr'>ἐξ</span> <span class='ocrx_word' id='word_1_402' title='bbox 3425 2769 3598 2840; x_wconf 82' lang='grc' dir='ltr'>αὐτῆς</span> 
     </span>
    </p>
   </div>
   <div class='ocr_carea' id='block_1_57' title="bbox 357 2857 1917 2936">
    <p class='ocr_par' dir='ltr' id='par_1_57' title="bbox 357 2857 1917 2928">
     <span class='ocr_line' id='line_1_57' title="bbox 357 2857 1917 2928; baseline -0.002 -12"><span class='ocrx_word' id='word_1_403' title='bbox 357 2872 506 2918; x_wconf 86' lang='lat' dir='ltr'><strong>terra</strong></span> <span class='ocrx_word' id='word_1_404' title='bbox 531 2875 721 2916; x_wconf 91' lang='lat' dir='ltr'><strong>eorum</strong></span> <span class='ocrx_word' id='word_1_405' title='bbox 743 2878 758 2926; x_wconf 90' lang='lat'><strong>;</strong></span> <span class='ocrx_word' id='word_1_406' title='bbox 781 2871 982 2918; x_wconf 70' lang='lat' dir='ltr'><strong>tetnon</strong></span> <span class='ocrx_word' id='word_1_407' title='bbox 1011 2857 1186 2914; x_wconf 88' lang='lat' dir='ltr'><strong>sinam</strong></span> <span class='ocrx_word' id='word_1_408' title='bbox 1236 2858 1465 2913; x_wconf 88' lang='lat' dir='ltr'><strong>ulterius</strong></span> <span class='ocrx_word' id='word_1_409' title='bbox 1497 2867 1652 2914; x_wconf 83' lang='lat' dir='ltr'><strong>extra</strong></span> <span class='ocrx_word' id='word_1_410' title='bbox 1690 2859 1917 2928; x_wconf 86' lang='lat' dir='ltr'><strong>patriam</strong></span> 
     </span>
    </p>
   </div>
   <div class='ocr_carea' id='block_1_58' title="bbox 2021 2857 3601 2936">
    <p class='ocr_par' dir='ltr' id='par_1_58' title="bbox 2021 2859 3601 2936">
     <span class='ocr_line' id='line_1_58' title="bbox 2021 2859 3601 2936; baseline -0.006 -16"><span class='ocrx_word' id='word_1_411' title='bbox 2021 2865 2340 2936; x_wconf 79' lang='grc' dir='ltr'>κομίζεσθαι</span> <span class='ocrx_word' id='word_1_412' title='bbox 2371 2865 2600 2936; x_wconf 86' lang='grc' dir='ltr'>καρπόν.</span> <span class='ocrx_word' id='word_1_413' title='bbox 2631 2860 2719 2917; x_wconf 90' lang='grc' dir='ltr'>Ἐν</span> <span class='ocrx_word' id='word_1_414' title='bbox 2734 2864 2931 2935; x_wconf 81' lang='grc' dir='ltr'>βεϐαίῳ</span> <span class='ocrx_word' id='word_1_415' title='bbox 2954 2879 3011 2917; x_wconf 91' lang='grc' dir='ltr'><strong>τε</strong></span> <span class='ocrx_word' id='word_1_416' title='bbox 3045 2863 3241 2924; x_wconf 79' lang='grc' dir='ltr'>αὐτοὺς</span> <span class='ocrx_word' id='word_1_417' title='bbox 3274 2859 3601 2930; x_wconf 79' lang='grc' dir='ltr'>καταστήσω</span> 
     </span>
    </p>
   </div>
   <div class='ocr_carea' id='block_1_59' title="bbox 357 2942 1917 3028">
    <p class='ocr_par' dir='ltr' id='par_1_59' title="bbox 357 2948 1917 3022">
     <span class='ocr_line' id='line_1_59' title="bbox 357 2948 1917 3022; baseline -0.001 -16"><span class='ocrx_word' id='word_1_418' title='bbox 357 2954 636 3022; x_wconf 81' lang='lat' dir='ltr'><strong>regionem</strong></span> <span class='ocrx_word' id='word_1_419' title='bbox 668 2950 812 3014; x_wconf 81' lang='lat' dir='ltr'><strong>ﬁeri,</strong></span> <span class='ocrx_word' id='word_1_420' title='bbox 841 2951 1000 3020; x_wconf 82' lang='lat' dir='ltr'><strong>cujus</strong></span> <span class='ocrx_word' id='word_1_421' title='bbox 1033 2948 1184 3020; x_wconf 86' lang='lat' dir='ltr'><strong>ipsos</strong></span> <span class='ocrx_word' id='word_1_422' title='bbox 1226 2951 1294 3003; x_wconf 90' lang='lat' dir='ltr'><strong>ab</strong></span> <span class='ocrx_word' id='word_1_423' title='bbox 1320 2949 1476 3004; x_wconf 91' lang='lat' dir='ltr'><strong>initio</strong></span> <span class='ocrx_word' id='word_1_424' title='bbox 1506 2949 1758 3005; x_wconf 88' lang='lat' dir='ltr'><strong>dominos</strong></span> <span class='ocrx_word' id='word_1_425' title='bbox 1794 2949 1917 3006; x_wconf 78' lang='lat' dir='ltr'><strong>feci.</strong></span> 
     </span>
    </p>
   </div>
   <div class='ocr_carea' id='block_1_60' title="bbox 2021 2942 3605 3028">
    <p class='ocr_par' dir='ltr' id='par_1_60' title="bbox 2022 2942 3605 3028">
     <span class='ocr_line' id='line_1_60' title="bbox 2022 2942 3605 3028; baseline -0.006 -17"><span class='ocrx_word' id='word_1_426' title='bbox 2022 2957 2122 3028; x_wconf 83' lang='grc' dir='ltr'>τῆς</span> <span class='ocrx_word' id='word_1_427' title='bbox 2148 2957 2353 3020; x_wconf 81' lang='grc' dir='ltr'>οἰκείας</span> <span class='ocrx_word' id='word_1_428' title='bbox 2381 2957 2482 3026; x_wconf 84' lang='grc' dir='ltr'>γῆς</span> <span class='ocrx_word' id='word_1_429' title='bbox 2501 2972 2517 2986; x_wconf 71' lang='grc' dir='ltr'><strong><em>ο</em></strong></span> <span class='ocrx_word' id='word_1_430' title='bbox 2545 2953 2702 3009; x_wconf 82' lang='grc' dir='ltr'>τοῦτο</span> <span class='ocrx_word' id='word_1_431' title='bbox 2729 2955 2838 3026; x_wconf 86' lang='grc' dir='ltr'>γὰρ</span> <span class='ocrx_word' id='word_1_432' title='bbox 2865 2942 3016 3022; x_wconf 80' lang='grc' dir='ltr'>λέγει</span> <span class='ocrx_word' id='word_1_433' title='bbox 3031 2954 3110 3020; x_wconf 82' lang='grc' dir='ltr'><strong>τὸ,</strong></span> <span class='ocrx_word' id='word_1_434' title='bbox 3141 2973 3158 3004; x_wconf 78' lang='grc' dir='ltr'><strong>ι</strong></span> <span class='ocrx_word' id='word_1_435' title='bbox 3193 2949 3605 3020; x_wconf 81' lang='grc' dir='ltr'>Καταφυτεύσω</span> 
     </span>
    </p>
   </div>
   <div class='ocr_carea' id='block_1_61' title="bbox 359 3039 1917 3116">
    <p class='ocr_par' dir='ltr' id='par_1_61' title="bbox 359 3041 1916 3107">
     <span class='ocr_line' id='line_1_61' title="bbox 359 3041 1916 3107; baseline -0.001 -10"><span class='ocrx_word' id='word_1_436' title='bbox 359 3043 496 3098; x_wconf 84' lang='lat' dir='ltr'><strong>Nam</strong></span> <span class='ocrx_word' id='word_1_437' title='bbox 528 3043 714 3106; x_wconf 86' lang='lat' dir='ltr'><strong>verba,</strong></span> <span class='ocrx_word' id='word_1_438' title='bbox 747 3061 766 3094; x_wconf 77' lang='grc' dir='ltr'><strong>ι</strong></span> <span class='ocrx_word' id='word_1_439' title='bbox 803 3041 869 3095; x_wconf 85' lang='lat' dir='ltr'><strong>Et</strong></span> <span class='ocrx_word' id='word_1_440' title='bbox 896 3055 1003 3096; x_wconf 90' lang='lat' dir='ltr'><strong>non</strong></span> <span class='ocrx_word' id='word_1_441' title='bbox 1037 3042 1339 3096; x_wconf 87' lang='lat' dir='ltr'><strong>evellentur</strong></span> <span class='ocrx_word' id='word_1_442' title='bbox 1369 3042 1512 3097; x_wconf 91' lang='lat' dir='ltr'><strong>ultra</strong></span> <span class='ocrx_word' id='word_1_443' title='bbox 1541 3041 1608 3097; x_wconf 91' lang='lat' dir='ltr'><strong>de</strong></span> <span class='ocrx_word' id='word_1_444' title='bbox 1624 3049 1769 3096; x_wconf 91' lang='lat' dir='ltr'><strong>terra</strong></span> <span class='ocrx_word' id='word_1_445' title='bbox 1795 3056 1916 3107; x_wconf 88' lang='lat' dir='ltr'><strong>sua,</strong></span> 
     </span>
    </p>
   </div>
   <div class='ocr_carea' id='block_1_62' title="bbox 2021 3039 3603 3116">
    <p class='ocr_par' dir='ltr' id='par_1_62' title="bbox 2024 3039 3603 3116">
     <span class='ocr_line' id='line_1_62' title="bbox 2024 3039 3603 3116; baseline -0.005 -16"><span class='ocrx_word' id='word_1_446' title='bbox 2024 3045 2221 3109; x_wconf 79' lang='grc' dir='ltr'>αὐτοὺς</span> <span class='ocrx_word' id='word_1_447' title='bbox 2245 3048 2302 3098; x_wconf 83' lang='grc' dir='ltr'><strong>έν</strong></span> <span class='ocrx_word' id='word_1_448' title='bbox 2341 3047 2408 3115; x_wconf 83' lang='grc' dir='ltr'>τῇ</span> <span class='ocrx_word' id='word_1_449' title='bbox 2432 3049 2501 3116; x_wconf 80' lang='grc' dir='ltr'><strong>γῇ</strong></span> <span class='ocrx_word' id='word_1_450' title='bbox 2546 3045 2743 3109; x_wconf 83' lang='grc' dir='ltr'>αὐτῶν,</span> <span class='ocrx_word' id='word_1_451' title='bbox 2770 3065 2790 3100; x_wconf 73' lang='grc' dir='ltr'><strong>ι</strong></span> <span class='ocrx_word' id='word_1_452' title='bbox 2815 3047 2910 3100; x_wconf 76' lang='grc' dir='ltr'><strong>καὶ</strong></span> <span class='ocrx_word' id='word_1_453' title='bbox 2930 3043 3030 3097; x_wconf 81' lang='grc' dir='ltr'><strong>οὐκ</strong></span> <span class='ocrx_word' id='word_1_454' title='bbox 3065 3044 3210 3096; x_wconf 79' lang='grc' dir='ltr'>ἐάσω</span> <span class='ocrx_word' id='word_1_455' title='bbox 3251 3041 3353 3110; x_wconf 80' lang='grc' dir='ltr'>τῆς</span> <span class='ocrx_word' id='word_1_456' title='bbox 3395 3039 3603 3101; x_wconf 83' lang='grc' dir='ltr'>οἰκείας</span> 
     </span>
    </p>
   </div>
   <div class='ocr_carea' id='block_1_63' title="bbox 361 3121 1917 3208">
    <p class='ocr_par' dir='ltr' id='par_1_63' title="bbox 361 3131 1917 3204">
     <span class='ocr_line' id='line_1_63' title="bbox 361 3131 1917 3204; baseline 0.002 -18"><span class='ocrx_word' id='word_1_457' title='bbox 361 3147 524 3204; x_wconf 86' lang='lat' dir='ltr'><strong>quam</strong></span> <span class='ocrx_word' id='word_1_458' title='bbox 545 3132 626 3188; x_wconf 90' lang='lat' dir='ltr'><strong>eis</strong></span> <span class='ocrx_word' id='word_1_459' title='bbox 645 3131 795 3196; x_wconf 85' lang='lat' dir='ltr'><strong>dedi,</strong></span> <span class='ocrx_word' id='word_1_460' title='bbox 821 3149 839 3182; x_wconf 76' lang='grc' dir='ltr'><strong>ι</strong></span> <span class='ocrx_word' id='word_1_461' title='bbox 863 3131 965 3185; x_wconf 90' lang='lat' dir='ltr'><strong>hoc</strong></span> <span class='ocrx_word' id='word_1_462' title='bbox 985 3131 1315 3200; x_wconf 77' lang='lat' dir='ltr'><strong>signiﬁcant;</strong></span> <span class='ocrx_word' id='word_1_463' title='bbox 1335 3131 1386 3183; x_wconf 88' lang='lat' dir='ltr'><strong>id</strong></span> <span class='ocrx_word' id='word_1_464' title='bbox 1407 3137 1490 3186; x_wconf 87' lang='lat' dir='ltr'><strong>est</strong></span> <span class='ocrx_word' id='word_1_465' title='bbox 1509 3133 1696 3201; x_wconf 90' lang='lat' dir='ltr'><strong>procul</strong></span> <span class='ocrx_word' id='word_1_466' title='bbox 1712 3133 1804 3186; x_wconf 91' lang='lat' dir='ltr'><strong>illa</strong></span> <span class='ocrx_word' id='word_1_467' title='bbox 1818 3147 1917 3189; x_wconf 85' lang='lat' dir='ltr'><strong>non</strong></span> 
     </span>
    </p>
   </div>
   <div class='ocr_carea' id='block_1_64' title="bbox 2021 3121 3605 3208">
    <p class='ocr_par' dir='ltr' id='par_1_64' title="bbox 2025 3121 3605 3208">
     <span class='ocr_line' id='line_1_64' title="bbox 2025 3121 3605 3208; baseline -0.004 -19"><span class='ocrx_word' id='word_1_468' title='bbox 2025 3137 2130 3203; x_wconf 66' lang='lat' dir='ltr'><strong>[Em</strong></span> <span class='ocrx_word' id='word_1_469' title='bbox 2162 3135 2411 3204; x_wconf 90' lang='grc' dir='ltr'>γενέσθαι</span> <span class='ocrx_word' id='word_1_470' title='bbox 2442 3121 2621 3208; x_wconf 82' lang='grc' dir='ltr'>χώρας</span> <span class='ocrx_word' id='word_1_471' title='bbox 2664 3135 2766 3200; x_wconf 73' lang='grc' dir='ltr'>ἔτι,</span> <span class='ocrx_word' id='word_1_472' title='bbox 2805 3129 2986 3206; x_wconf 84' lang='grc' dir='ltr'>ἧσπερ</span> <span class='ocrx_word' id='word_1_473' title='bbox 3017 3129 3110 3187; x_wconf 77' lang='grc' dir='ltr'><strong>οὖν</strong></span> <span class='ocrx_word' id='word_1_474' title='bbox 3149 3133 3345 3195; x_wconf 78' lang='grc' dir='ltr'>αὐτοὺς</span> <span class='ocrx_word' id='word_1_475' title='bbox 3381 3131 3605 3201; x_wconf 83' lang='grc' dir='ltr'>κυρίους</span> 
     </span>
    </p>
   </div>
   <div class='ocr_carea' id='block_1_65' title="bbox 362 3221 1917 3298">
    <p class='ocr_par' dir='ltr' id='par_1_65' title="bbox 362 3223 1917 3294">
     <span class='ocr_line' id='line_1_65' title="bbox 362 3223 1917 3294; baseline -0.003 -14"><span class='ocrx_word' id='word_1_476' title='bbox 362 3224 821 3288; x_wconf 84' lang='lat' dir='ltr'><strong>amandabuntur,</strong></span> <span class='ocrx_word' id='word_1_477' title='bbox 840 3231 1002 3292; x_wconf 86' lang='lat' dir='ltr'><strong>prout</strong></span> <span class='ocrx_word' id='word_1_478' title='bbox 1017 3229 1146 3276; x_wconf 90' lang='lat' dir='ltr'><strong>tunc</strong></span> <span class='ocrx_word' id='word_1_479' title='bbox 1160 3231 1414 3276; x_wconf 78' lang='lat' dir='ltr'><strong>evenerat</strong></span> <span class='ocrx_word' id='word_1_480' title='bbox 1427 3237 1548 3276; x_wconf 92' lang='lat' dir='ltr'><strong>cum</strong></span> <span class='ocrx_word' id='word_1_481' title='bbox 1560 3223 1780 3294; x_wconf 87' lang='lat' dir='ltr'><strong>propria</strong></span> <span class='ocrx_word' id='word_1_482' title='bbox 1796 3237 1917 3293; x_wconf 89' lang='lat' dir='ltr'><strong>cap-</strong></span> 
     </span>
    </p>
   </div>
   <div class='ocr_carea' id='block_1_66' title="bbox 2021 3221 3605 3298">
    <p class='ocr_par' dir='ltr' id='par_1_66' title="bbox 2027 3221 3605 3298">
     <span class='ocr_line' id='line_1_66' title="bbox 2027 3221 3605 3298; baseline -0.005 -20"><span class='ocrx_word' id='word_1_483' title='bbox 2027 3226 2279 3296; x_wconf 83' lang='grc' dir='ltr'>ἀπέφηνα</span> <span class='ocrx_word' id='word_1_484' title='bbox 2324 3227 2421 3298; x_wconf 79' lang='grc' dir='ltr'>τὴν</span> <span class='ocrx_word' id='word_1_485' title='bbox 2447 3228 2652 3297; x_wconf 77' lang='grc' dir='ltr'>ἀρχήνο</span> <span class='ocrx_word' id='word_1_486' title='bbox 2686 3225 2748 3279; x_wconf 81' lang='grc' dir='ltr'><strong>τὸ</strong></span> <span class='ocrx_word' id='word_1_487' title='bbox 2775 3226 2904 3296; x_wconf 79' lang='grc' dir='ltr'>γὰρ,</span> <span class='ocrx_word' id='word_1_488' title='bbox 2950 3243 2970 3276; x_wconf 81' lang='grc' dir='ltr'><strong>ι</strong></span> <span class='ocrx_word' id='word_1_489' title='bbox 3008 3226 3081 3278; x_wconf 76' lang='grc' dir='ltr'><strong>Οὐ</strong></span> <span class='ocrx_word' id='word_1_490' title='bbox 3115 3225 3189 3295; x_wconf 83' lang='grc' dir='ltr'>μὴ</span> <span class='ocrx_word' id='word_1_491' title='bbox 3227 3221 3605 3277; x_wconf 80' lang='grc' dir='ltr'>ὲκσπασθῶσιν</span> 
     </span>
    </p>
   </div>
   <div class='ocr_carea' id='block_1_67' title="bbox 361 3312 1917 3388">
    <p class='ocr_par' dir='ltr' id='par_1_67' title="bbox 361 3313 1917 3385">
     <span class='ocr_line' id='line_1_67' title="bbox 361 3313 1917 3385; baseline 0.001 -17"><span class='ocrx_word' id='word_1_492' title='bbox 361 3317 576 3371; x_wconf 81' lang='lat' dir='ltr'><strong>tivitate</strong></span> <span class='ocrx_word' id='word_1_493' title='bbox 592 3322 856 3385; x_wconf 85' lang='lat' dir='ltr'><strong>tanquam</strong></span> <span class='ocrx_word' id='word_1_494' title='bbox 874 3313 1420 3384; x_wconf 82' lang='lat' dir='ltr'><strong>velamineimpediti,</strong></span> <span class='ocrx_word' id='word_1_495' title='bbox 1446 3329 1514 3369; x_wconf 88' lang='lat' dir='ltr'><strong>ne</strong></span> <span class='ocrx_word' id='word_1_496' title='bbox 1536 3315 1778 3383; x_wconf 85' lang='lat' dir='ltr'><strong>aspicere</strong></span> <span class='ocrx_word' id='word_1_497' title='bbox 1801 3315 1917 3384; x_wconf 90' lang='lat' dir='ltr'><strong>qui-</strong></span> 
     </span>
    </p>
   </div>
   <div class='ocr_carea' id='block_1_68' title="bbox 2021 3312 3608 3388">
    <p class='ocr_par' dir='ltr' id='par_1_68' title="bbox 2027 3312 3608 3388">
     <span class='ocr_line' id='line_1_68' title="bbox 2027 3312 3608 3388; baseline -0.003 -19"><span class='ocrx_word' id='word_1_498' title='bbox 2027 3318 2209 3371; x_wconf 86' lang='grc' dir='ltr'>οὐκέτι</span> <span class='ocrx_word' id='word_1_499' title='bbox 2241 3319 2346 3371; x_wconf 84' lang='grc' dir='ltr'>ἀπὸ</span> <span class='ocrx_word' id='word_1_500' title='bbox 2384 3318 2480 3388; x_wconf 82' lang='grc' dir='ltr'>τῆς</span> <span class='ocrx_word' id='word_1_501' title='bbox 2513 3317 2617 3387; x_wconf 81' lang='grc' dir='ltr'>γῆς</span> <span class='ocrx_word' id='word_1_502' title='bbox 2647 3317 2824 3371; x_wconf 85' lang='grc' dir='ltr'>αὐτῶν</span> <span class='ocrx_word' id='word_1_503' title='bbox 2859 3313 2926 3388; x_wconf 79' lang='grc' dir='ltr'>ἧς</span> <span class='ocrx_word' id='word_1_504' title='bbox 2955 3315 3130 3369; x_wconf 83' lang='grc' dir='ltr'>ἔδωκα</span> <span class='ocrx_word' id='word_1_505' title='bbox 3164 3314 3365 3378; x_wconf 81' lang='grc' dir='ltr'>αὐτοῖς,</span> <span class='ocrx_word' id='word_1_506' title='bbox 3402 3331 3420 3364; x_wconf 75' lang='grc' dir='ltr'><strong>ι</strong></span> <span class='ocrx_word' id='word_1_507' title='bbox 3448 3312 3608 3367; x_wconf 80' lang='grc' dir='ltr'>τοῦτο</span> 
     </span>
    </p>
   </div>
   <div class='ocr_carea' id='block_1_69' title="bbox 359 3403 1917 3482">
    <p class='ocr_par' dir='ltr' id='par_1_69' title="bbox 359 3403 1917 3478">
     <span class='ocr_line' id='line_1_69' title="bbox 359 3403 1917 3478; baseline -0.001 -15"><span class='ocrx_word' id='word_1_508' title='bbox 359 3411 482 3463; x_wconf 90' lang='lat' dir='ltr'><strong>dem</strong></span> <span class='ocrx_word' id='word_1_509' title='bbox 503 3408 739 3478; x_wconf 88' lang='lat' dir='ltr'><strong>patriam</strong></span> <span class='ocrx_word' id='word_1_510' title='bbox 762 3420 920 3462; x_wconf 88' lang='lat' dir='ltr'><strong>suam</strong></span> <span class='ocrx_word' id='word_1_511' title='bbox 949 3412 1222 3474; x_wconf 90' lang='lat' dir='ltr'><strong>poterant.</strong></span> <span class='ocrx_word' id='word_1_512' title='bbox 1247 3403 1362 3459; x_wconf 82' lang='lat' dir='ltr'><strong>Hoc</strong></span> <span class='ocrx_word' id='word_1_513' title='bbox 1379 3413 1483 3472; x_wconf 87' lang='lat' dir='ltr'><strong>cst,</strong></span> <span class='ocrx_word' id='word_1_514' title='bbox 1509 3405 1706 3475; x_wconf 90' lang='lat' dir='ltr'><strong>inquit,</strong></span> <span class='ocrx_word' id='word_1_515' title='bbox 1733 3404 1917 3461; x_wconf 83' lang='lat' dir='ltr'><strong>decre-</strong></span> 
     </span>
    </p>
   </div>
   <div class='ocr_carea' id='block_1_70' title="bbox 2021 3403 3606 3482">
    <p class='ocr_par' dir='ltr' id='par_1_70' title="bbox 2029 3406 3606 3482">
     <span class='ocr_line' id='line_1_70' title="bbox 2029 3406 3606 3482; baseline -0.003 -20"><span class='ocrx_word' id='word_1_516' title='bbox 2029 3408 2206 3479; x_wconf 84' lang='grc' dir='ltr'>δηλοῖ·</span> <span class='ocrx_word' id='word_1_517' title='bbox 2241 3409 2325 3462; x_wconf 81' lang='grc' dir='ltr'><strong>ἵνα</strong></span> <span class='ocrx_word' id='word_1_518' title='bbox 2354 3410 2482 3482; x_wconf 73' lang='grc' dir='ltr'>εἴπῃ</span> <span class='ocrx_word' id='word_1_519' title='bbox 2513 3411 2593 3462; x_wconf 90' lang='grc' dir='ltr'>ὂτι</span> <span class='ocrx_word' id='word_1_520' title='bbox 2633 3409 2694 3461; x_wconf 89' lang='grc' dir='ltr'><strong>ού</strong></span> <span class='ocrx_word' id='word_1_521' title='bbox 2724 3410 3039 3479; x_wconf 84' lang='grc' dir='ltr'>γενήσονται</span> <span class='ocrx_word' id='word_1_522' title='bbox 3066 3407 3235 3477; x_wconf 81' lang='grc' dir='ltr'>αὐτῆς</span> <span class='ocrx_word' id='word_1_523' title='bbox 3269 3406 3348 3459; x_wconf 69' lang='grc' dir='ltr'>ἔτι</span> <span class='ocrx_word' id='word_1_524' title='bbox 3381 3406 3569 3474; x_wconf 71' lang='grc' dir='ltr'>πόρρω</span> <span class='ocrx_word' id='word_1_525' title='bbox 3594 3420 3606 3432; x_wconf 89' lang='grc'><strong>·</strong></span> 
     </span>
    </p>
   </div>
   <div class='ocr_carea' id='block_1_71' title="bbox 358 3494 1917 3572">
    <p class='ocr_par' dir='ltr' id='par_1_71' title="bbox 358 3494 1917 3570">
     <span class='ocr_line' id='line_1_71' title="bbox 358 3494 1917 3570; baseline -0.003 -15"><span class='ocrx_word' id='word_1_526' title='bbox 358 3509 474 3555; x_wconf 89' lang='lat' dir='ltr'><strong>tum</strong></span> <span class='ocrx_word' id='word_1_527' title='bbox 493 3514 741 3570; x_wconf 83' lang='lat' dir='ltr'><strong>opusque</strong></span> <span class='ocrx_word' id='word_1_528' title='bbox 760 3497 854 3553; x_wconf 88' lang='lat' dir='ltr'><strong>Dei</strong></span> <span class='ocrx_word' id='word_1_529' title='bbox 875 3511 1054 3553; x_wconf 88' lang='lat' dir='ltr'><strong>rerum</strong></span> <span class='ocrx_word' id='word_1_530' title='bbox 1071 3495 1312 3552; x_wconf 84' lang='lat' dir='ltr'><strong>omnium</strong></span> <span class='ocrx_word' id='word_1_531' title='bbox 1327 3497 1592 3552; x_wconf 89' lang='lat' dir='ltr'><strong>creatoris</strong></span> <span class='ocrx_word' id='word_1_532' title='bbox 1611 3511 1672 3552; x_wconf 89' lang='lat' dir='ltr'><strong>ac</strong></span> <span class='ocrx_word' id='word_1_533' title='bbox 1686 3494 1917 3552; x_wconf 77' lang='lat' dir='ltr'><strong>Domini.</strong></span> 
     </span>
    </p>
   </div>
   <div class='ocr_carea' id='block_1_72' title="bbox 2021 3494 3607 3572">
    <p class='ocr_par' dir='ltr' id='par_1_72' title="bbox 2033 3496 3607 3572">
     <span class='ocr_line' id='line_1_72' title="bbox 2033 3496 3607 3572; baseline -0.003 -19"><span class='ocrx_word' id='word_1_534' title='bbox 2033 3499 2171 3554; x_wconf 81' lang='grc' dir='ltr'>ὥστε</span> <span class='ocrx_word' id='word_1_535' title='bbox 2197 3504 2262 3572; x_wconf 78' lang='grc' dir='ltr'>τῇ</span> <span class='ocrx_word' id='word_1_536' title='bbox 2287 3501 2632 3572; x_wconf 78' lang='grc' dir='ltr'>αἰχμαλωσίᾳ</span> <span class='ocrx_word' id='word_1_537' title='bbox 2673 3501 2859 3570; x_wconf 84' lang='grc' dir='ltr'>ὥσπερ</span> <span class='ocrx_word' id='word_1_538' title='bbox 2885 3501 2992 3553; x_wconf 80' lang='grc' dir='ltr'>τινὶ</span> <span class='ocrx_word' id='word_1_539' title='bbox 3021 3498 3373 3569; x_wconf 82' lang='grc' dir='ltr'>κατεχόμενοι</span> <span class='ocrx_word' id='word_1_540' title='bbox 3408 3496 3607 3566; x_wconf 82' lang='grc' dir='ltr'>σκέπῃ,</span> 
     </span>
    </p>
   </div>
   <div class='ocr_carea' id='block_1_73' title="bbox 370 3588 3611 3666">
    <p class='ocr_par' dir='ltr' id='par_1_73' title="bbox 370 3588 3611 3666">
     <span class='ocr_line' id='line_1_73' title="bbox 370 3588 3611 3666; baseline -0.002 -17"><span class='ocrx_word' id='word_1_541' title='bbox 370 3595 502 3666; x_wconf 75' lang='grc' dir='ltr'>μηδὲ</span> <span class='ocrx_word' id='word_1_542' title='bbox 537 3595 668 3664; x_wconf 74' lang='grc' dir='ltr'>όρᾷν</span> <span class='ocrx_word' id='word_1_543' title='bbox 692 3591 945 3646; x_wconf 84' lang='grc' dir='ltr'>δύνασθαι</span> <span class='ocrx_word' id='word_1_544' title='bbox 976 3588 1076 3662; x_wconf 76' lang='grc' dir='ltr'>τὴν</span> <span class='ocrx_word' id='word_1_545' title='bbox 1101 3590 1308 3646; x_wconf 74' lang='grc' dir='ltr'>οἰκείαν</span> <span class='ocrx_word' id='word_1_546' title='bbox 1341 3589 1467 3661; x_wconf 85' lang='grc' dir='ltr'>γῆν,</span> <span class='ocrx_word' id='word_1_547' title='bbox 1515 3590 1703 3646; x_wconf 80' lang='grc' dir='ltr'>Ταῦτα</span> <span class='ocrx_word' id='word_1_548' title='bbox 1743 3593 2010 3663; x_wconf 78' lang='grc' dir='ltr'>δὲ,φησ”ιν,</span> <span class='ocrx_word' id='word_1_549' title='bbox 2053 3595 2323 3665; x_wconf 79' lang='grc' dir='ltr'>ἀπόφασίς</span> <span class='ocrx_word' id='word_1_550' title='bbox 2349 3613 2408 3648; x_wconf 89' lang='grc' dir='ltr'><strong>τε</strong></span> <span class='ocrx_word' id='word_1_551' title='bbox 2438 3595 2532 3649; x_wconf 73' lang='grc' dir='ltr'><strong>καὶ</strong></span> <span class='ocrx_word' id='word_1_552' title='bbox 2567 3594 2724 3666; x_wconf 74' lang='grc' dir='ltr'>ἔργον</span> <span class='ocrx_word' id='word_1_553' title='bbox 2749 3594 2883 3648; x_wconf 87' lang='grc' dir='ltr'><strong>Θεοῦ</strong></span> <span class='ocrx_word' id='word_1_554' title='bbox 2920 3593 3013 3648; x_wconf 82' lang='grc' dir='ltr'>τοῦ</span> <span class='ocrx_word' id='word_1_555' title='bbox 3045 3591 3268 3663; x_wconf 88' lang='grc' dir='ltr'>ποιητοῦ</span> <span class='ocrx_word' id='word_1_556' title='bbox 3297 3608 3355 3644; x_wconf 80' lang='grc' dir='ltr'><strong>τε</strong></span> <span class='ocrx_word' id='word_1_557' title='bbox 3389 3588 3611 3642; x_wconf 82' lang='grc' dir='ltr'>πάντων</span> 
     </span>
    </p>
   </div>
   <div class='ocr_carea' id='block_1_74' title="bbox 367 3689 718 3760">
    <p class='ocr_par' dir='ltr' id='par_1_74' title="bbox 367 3689 718 3760">
     <span class='ocr_line' id='line_1_74' title="bbox 367 3689 718 3760; baseline -0.009 -15"><span class='ocrx_word' id='word_1_558' title='bbox 367 3691 462 3745; x_wconf 76' lang='grc' dir='ltr'><strong>καὶ</strong></span> <span class='ocrx_word' id='word_1_559' title='bbox 492 3689 718 3760; x_wconf 82' lang='grc' dir='ltr'>Κυρίου.</span> 
     </span>
    </p>
   </div>
   <div class='ocr_carea' id='block_1_75' title="bbox 439 3803 868 3869">
    <p class='ocr_par' dir='ltr' id='par_1_75' title="bbox 439 3803 868 3869">
     <span class='ocr_line' id='line_1_75' title="bbox 439 3803 868 3869; baseline -0.002 -11"><span class='ocrx_word' id='word_1_560' title='bbox 439 3807 482 3838; x_wconf 84' lang='grc'><strong>⁸⁹</strong></span> <span class='ocrx_word' id='word_1_561' title='bbox 507 3807 630 3860; x_wconf 84' lang='lat' dir='ltr'><strong>Act.</strong></span> <span class='ocrx_word' id='word_1_562' title='bbox 661 3820 752 3869; x_wconf 82' lang='lat' dir='ltr'><strong>xv,</strong></span> <span class='ocrx_word' id='word_1_563' title='bbox 788 3803 868 3858; x_wconf 79' lang='lat'><strong>16.</strong></span> 
     </span>
    </p>
   </div>
   <div class='ocr_carea' id='block_1_76' title="bbox 460 3914 1938 3988">
    <p class='ocr_par' dir='ltr' id='par_1_76' title="bbox 460 3914 1938 3988">
     <span class='ocr_line' id='line_1_76' title="bbox 460 3914 1938 3988; baseline -0.002 -15"><span class='ocrx_word' id='word_1_564' title='bbox 460 3919 550 3988; x_wconf 76' lang='lat' dir='ltr'><strong>5i)</strong></span> <span class='ocrx_word' id='word_1_565' title='bbox 581 3916 702 3980; x_wconf 82' lang='lat' dir='ltr'><strong>Hic,</strong></span> <span class='ocrx_word' id='word_1_566' title='bbox 723 3923 777 3970; x_wconf 90' lang='lat' dir='ltr'><strong>et</strong></span> <span class='ocrx_word' id='word_1_567' title='bbox 811 3915 960 3988; x_wconf 81' lang='lat' dir='ltr'><strong>al_ibi,</strong></span> <span class='ocrx_word' id='word_1_568' title='bbox 989 3922 1043 3988; x_wconf 81' lang='lat' dir='ltr'><strong>et</strong></span> <span class='ocrx_word' id='word_1_569' title='bbox 1062 3915 1359 3985; x_wconf 70' lang='lat' dir='ltr'><strong>praesertim</strong></span> <span class='ocrx_word' id='word_1_570' title='bbox 1401 3916 1456 3970; x_wconf 91' lang='lat' dir='ltr'><strong>in</strong></span> <span class='ocrx_word' id='word_1_571' title='bbox 1484 3914 1714 3988; x_wconf 69' lang='lat' dir='ltr'><strong>Prologo</strong></span> <span class='ocrx_word' id='word_1_572' title='bbox 1747 3915 1818 3969; x_wconf 85' lang='lat' dir='ltr'><strong>ad</strong></span> <span class='ocrx_word' id='word_1_573' title='bbox 1830 3919 1938 3988; x_wconf 57' lang='grc' dir='ltr'>,Ιο-</span> 
     </span>
    </p>
   </div>
   <div class='ocr_carea' id='block_1_77' title="bbox 369 3985 1938 4054">
    <p class='ocr_par' dir='ltr' id='par_1_77' title="bbox 369 3985 1938 4054">
     <span class='ocr_line' id='line_1_77' title="bbox 369 3985 1938 4054; baseline -0.004 -11"><span class='ocrx_word' id='word_1_574' title='bbox 369 3985 800 4054; x_wconf 52' lang='lat' dir='ltr'><strong>nam,&#39;videmus</strong></span> <span class='ocrx_word' id='word_1_575' title='bbox 842 3985 1184 4040; x_wconf 88' lang='lat' dir='ltr'><strong>Theodorum</strong></span> <span class='ocrx_word' id='word_1_576' title='bbox 1219 3993 1466 4040; x_wconf 81' lang='lat' dir='ltr'><strong>nostrum</strong></span> <span class='ocrx_word' id='word_1_577' title='bbox 1511 3986 1655 4040; x_wconf 89' lang='lat' dir='ltr'><strong>haud</strong></span> <span class='ocrx_word' id='word_1_578' title='bbox 1697 3987 1772 4040; x_wconf 88' lang='lat' dir='ltr'><strong>ita</strong></span> <span class='ocrx_word' id='word_1_579' title='bbox 1828 3987 1938 4038; x_wconf 83' lang='grc' dir='ltr'>ἰου-</span> 
     </span>
    </p>
   </div>
   <div class='ocr_carea' id='block_1_78' title="bbox 369 4054 1944 4129">
    <p class='ocr_par' dir='ltr' id='par_1_78' title="bbox 369 4054 1944 4129">
     <span class='ocr_line' id='line_1_78' title="bbox 369 4054 1944 4129; baseline 0.004 -17"><span class='ocrx_word' id='word_1_580' title='bbox 369 4059 660 4129; x_wconf 82' lang='grc' dir='ltr'>δαιόφρονα</span> <span class='ocrx_word' id='word_1_581' title='bbox 683 4071 822 4119; x_wconf 88' lang='lat' dir='ltr'><strong>esse,</strong></span> <span class='ocrx_word' id='word_1_582' title='bbox 849 4062 906 4110; x_wconf 91' lang='lat' dir='ltr'><strong>ut</strong></span> <span class='ocrx_word' id='word_1_583' title='bbox 935 4054 1262 4125; x_wconf 88' lang='lat' dir='ltr'><strong>quibusdam</strong></span> <span class='ocrx_word' id='word_1_584' title='bbox 1310 4055 1581 4110; x_wconf 89' lang='lat' dir='ltr'><strong>interdum</strong></span> <span class='ocrx_word' id='word_1_585' title='bbox 1627 4056 1788 4126; x_wconf 21' lang='lat' dir='ltr'><strong>‘visus</strong></span> <span class='ocrx_word' id='word_1_586' title='bbox 1821 4062 1944 4126; x_wconf 76' lang='lat' dir='ltr'><strong>fuit,</strong></span> 
     </span>
    </p>
   </div>
   <div class='ocr_carea' id='block_1_79' title="bbox 2041 3913 3615 4041">
    <p class='ocr_par' dir='ltr' id='par_1_79' title="bbox 2041 3913 3615 4041">
     <span class='ocr_line' id='line_1_79' title="bbox 2041 3913 3615 4041; baseline -0.004 -67"><span class='ocrx_word' id='word_1_587' title='bbox 2041 3917 2136 3974; x_wconf 84' lang='lat' dir='ltr'><strong>sed</strong></span> <span class='ocrx_word' id='word_1_588' title='bbox 2181 3916 2570 4041; x_wconf 65' lang='lat' dir='ltr'><strong>prloplietarum</strong></span> <span class='ocrx_word' id='word_1_589' title='bbox 2621 3916 2690 3972; x_wconf 90' lang='lat' dir='ltr'><strong>de</strong></span> <span class='ocrx_word' id='word_1_590' title='bbox 2724 3913 2943 3971; x_wconf 85' lang='lat' dir='ltr'><strong>Christo</strong></span> <span class='ocrx_word' id='word_1_591' title='bbox 2996 3913 3255 3970; x_wconf 73' lang='lat' dir='ltr'><strong>vaticinia</strong></span> <span class='ocrx_word' id='word_1_592' title='bbox 3313 3923 3615 3982; x_wconf 79' lang='lat' dir='ltr'><strong>agnoscere</strong></span> 
     </span>
     <span class='ocr_line' id='line_1_80' title="bbox 2041 3997 2425 4041; baseline -0.003 0"><span class='ocrx_word' id='word_1_593' title='bbox 2041 3997 2092 4041; x_wconf 90' lang='lat' dir='ltr'><strong>et</strong></span> <span class='ocrx_word' id='word_1_594' title='bbox 2129 4003 2234 4041; x_wconf 82' lang='lat' dir='ltr'><strong>exn</strong></span> <span class='ocrx_word' id='word_1_595' title='bbox 2259 4002 2425 4041; x_wconf 76' lang='lat' dir='ltr'><strong>icare.</strong></span> 
     </span>
    </p>
   </div>
   <div class='ocr_carea' id='block_1_80' title="bbox 2039 3997 2425 4058">
    <p class='ocr_par' dir='ltr' id='par_1_80' title="bbox 2039 3997 2425 4058">
     <span class='ocr_line' id='line_1_81' title="bbox 2039 3997 2425 4058; baseline -0.008 -15"><span class='ocrx_word' id='word_1_596' title='bbox 2039 3997 2092 4043; x_wconf 91' lang='lat' dir='ltr'><strong>et</strong></span> <span class='ocrx_word' id='word_1_597' title='bbox 2129 3997 2425 4058; x_wconf 80' lang='lat' dir='ltr'><strong>explicare.</strong></span> 
     </span>
    </p>
   </div>
   <div class='ocr_carea' id='block_1_81' title="bbox 384 4354 3604 4389">
    <p class='ocr_par' dir='ltr' id='par_1_81' title="bbox 384 4354 3604 4389">
     <span class='ocr_line' id='line_1_82' title="bbox 384 4354 3604 4389; baseline -0.008 -8"><span class='ocrx_word' id='word_1_598' title='bbox 384 4354 2507 4389; x_wconf 27' lang='lat' dir='ltr'><strong>;_.___.:--—-———---—___.________--———-—————-——ﬁ._____._,_.__________.___._______v—W~~wi</strong></span> <span class='ocrx_word' id='word_1_599' title='bbox 2395 4354 2424 4355; x_wconf 56' lang='grc' dir='ltr'><em>η</em></span> <span class='ocrx_word' id='word_1_600' title='bbox 2511 4354 2716 4371; x_wconf 50' lang='grc' dir='ltr'>-η,,,ν,,,,,,</span> <span class='ocrx_word' id='word_1_601' title='bbox 2736 4359 2755 4369; x_wconf 91' lang='grc'><strong>,,</strong></span> <span class='ocrx_word' id='word_1_602' title='bbox 2771 4358 2779 4370; x_wconf 90' lang='grc'><strong>,</strong></span> <span class='ocrx_word' id='word_1_603' title='bbox 2822 4359 2846 4371; x_wconf 89' lang='lat'>_</span> <span class='ocrx_word' id='word_1_604' title='bbox 2895 4354 2983 4370; x_wconf 87' lang='grc'>,.,,,,</span> <span class='ocrx_word' id='word_1_605' title='bbox 2998 4356 3105 4369; x_wconf 87' lang='lat'>___</span> <span class='ocrx_word' id='word_1_606' title='bbox 3125 4354 3220 4369; x_wconf 87' lang='lat'><em>__</em></span> <span class='ocrx_word' id='word_1_607' title='bbox 3315 4354 3328 4367; x_wconf 83' lang='grc'><strong>,</strong></span> <span class='ocrx_word' id='word_1_608' title='bbox 3353 4355 3365 4367; x_wconf 84' lang='grc'><strong>,</strong></span> <span class='ocrx_word' id='word_1_609' title='bbox 3401 4354 3414 4367; x_wconf 87' lang='grc'><strong>,</strong></span> <span class='ocrx_word' id='word_1_610' title='bbox 3437 4354 3446 4366; x_wconf 87' lang='grc'><strong>,</strong></span> <span class='ocrx_word' id='word_1_611' title='bbox 3536 4354 3604 4372; x_wconf 67' lang='grc'><strong>,-</strong></span> 
     </span>
    </p>
   </div>
   <div class='ocr_carea' id='block_1_82' title="bbox 991 4336 3606 4381">
    <p class='ocr_par' dir='ltr' id='par_1_82' title="bbox 991 4336 3606 4381">
     <span class='ocr_line' id='line_1_83' title="bbox 991 4336 3606 4381; baseline -0.005 0"><span class='ocrx_word' id='word_1_612' title='bbox 991 4336 3606 4381; x_wconf 59' lang='lat' dir='ltr'><em>W</em></span> 
     </span>
    </p>
   </div>
   <div class='ocr_carea' id='block_1_83' title="bbox 967 4479 1917 4629">
    <p class='ocr_par' dir='ltr' id='par_1_83' title="bbox 967 4530 1914 4629">
     <span class='ocr_line' id='line_1_84' title="bbox 967 4530 1914 4629; baseline -0.007 -1"><span class='ocrx_word' id='word_1_613' title='bbox 967 4533 1528 4629; x_wconf 82' lang='grc' dir='ltr'><strong>ΕΡΜΗΝΕΙΑ</strong></span> <span class='ocrx_word' id='word_1_614' title='bbox 1590 4530 1914 4621; x_wconf 86' lang='grc' dir='ltr'><strong>ΑΒΔΙΟ</strong></span> 
     </span>
    </p>
   </div>
   <div class='ocr_carea' id='block_1_84' title="bbox 2021 4479 3000 4629">
    <p class='ocr_par' dir='ltr' id='par_1_84' title="bbox 2061 4479 3000 4618">
     <span class='ocr_line' id='line_1_85' title="bbox 2061 4479 3000 4618; baseline -0.007 -1"><span class='ocrx_word' id='word_1_615' title='bbox 2061 4531 2287 4618; x_wconf 78' lang='grc' dir='ltr'><strong>ΤΟΥ</strong></span> <span class='ocrx_word' id='word_1_616' title='bbox 2353 4479 3000 4616; x_wconf 74' lang='grc' dir='ltr'><strong>ΠΡΟΦΗΤΟΥ.</strong></span> 
     </span>
    </p>
   </div>
   <div class='ocr_carea' id='block_1_85' title="bbox 507 4947 3476 5085">
    <p class='ocr_par' dir='ltr' id='par_1_85' title="bbox 507 4947 3476 5085">
     <span class='ocr_line' id='line_1_86' title="bbox 507 4947 3476 5085; baseline -0.008 -2"><span class='ocrx_word' id='word_1_617' title='bbox 507 4954 1632 5085; x_wconf 81' lang='lat' dir='ltr'><strong>COMMENTARIUS</strong></span> <span class='ocrx_word' id='word_1_618' title='bbox 1715 4957 1858 5070; x_wconf 86' lang='grc' dir='ltr'>ΙΝ</span> <span class='ocrx_word' id='word_1_619' title='bbox 1935 4950 2478 5070; x_wconf 85' lang='lat' dir='ltr'><strong>ABDIAM</strong></span> <span class='ocrx_word' id='word_1_620' title='bbox 2567 4947 3476 5069; x_wconf 81' lang='lat' dir='ltr'><strong>PROPHETAM.</strong></span> 
     </span>
    </p>
   </div>
   <div class='ocr_carea' id='block_1_86' title="bbox 456 5385 1917 5482">
    <p class='ocr_par' dir='ltr' id='par_1_86' title="bbox 456 5399 1912 5482">
     <span class='ocr_line' id='line_1_87' title="bbox 456 5399 1912 5482; baseline -0.008 -19"><span class='ocrx_word' id='word_1_621' title='bbox 456 5408 834 5482; x_wconf 63' lang='lat' dir='ltr'><strong>lulnimici</strong></span> <span class='ocrx_word' id='word_1_622' title='bbox 864 5405 1072 5477; x_wconf 83' lang='lat' dir='ltr'><strong>jamdiu</strong></span> <span class='ocrx_word' id='word_1_623' title='bbox 1104 5403 1472 5459; x_wconf 87' lang='lat' dir='ltr'><strong>lsraelitarum</strong></span> <span class='ocrx_word' id='word_1_624' title='bbox 1501 5399 1724 5455; x_wconf 75' lang='lat' dir='ltr'><strong>Idumaei</strong></span> <span class='ocrx_word' id='word_1_625' title='bbox 1755 5407 1912 5455; x_wconf 88' lang='lat' dir='ltr'><strong>erant</strong></span> 
     </span>
    </p>
   </div>
   <div class='ocr_carea' id='block_1_87' title="bbox 2021 5385 3626 5482">
    <p class='ocr_par' dir='ltr' id='par_1_87' title="bbox 2133 5385 3626 5464">
     <span class='ocr_line' id='line_1_88' title="bbox 2133 5385 3626 5464; baseline -0.006 -18"><span class='ocrx_word' id='word_1_626' title='bbox 2133 5393 2408 5464; x_wconf 86' lang='grc' dir='ltr'>Ἀπεχθῶς</span> <span class='ocrx_word' id='word_1_627' title='bbox 2453 5392 2656 5448; x_wconf 80' lang='grc' dir='ltr'>ἄνωθεν</span> <span class='ocrx_word' id='word_1_628' title='bbox 2690 5391 2972 5460; x_wconf 83' lang='grc' dir='ltr'>Ἰδουμαῖοι</span> <span class='ocrx_word' id='word_1_629' title='bbox 3033 5387 3170 5458; x_wconf 82' lang='grc' dir='ltr'>πρὸς</span> <span class='ocrx_word' id='word_1_630' title='bbox 3199 5386 3323 5447; x_wconf 73' lang='grc' dir='ltr'>τοὺς</span> <span class='ocrx_word' id='word_1_631' title='bbox 3359 5385 3626 5454; x_wconf 86' lang='grc' dir='ltr'>Ἰσραηλί-</span> 
     </span>
    </p>
   </div>
   <div class='ocr_carea' id='block_1_88' title="bbox 380 5475 1917 5568">
    <p class='ocr_par' dir='ltr' id='par_1_88' title="bbox 380 5475 1917 5568">
     <span class='ocr_line' id='line_1_89' title="bbox 380 5475 1917 5568; baseline -0.008 -11"><span class='ocrx_word' id='word_1_632' title='bbox 380 5475 643 5568; x_wconf 53' lang='lat' dir='ltr'><strong>valde—que</strong></span> <span class='ocrx_word' id='word_1_633' title='bbox 705 5499 759 5552; x_wconf 89' lang='lat' dir='ltr'><strong>hi</strong></span> <span class='ocrx_word' id='word_1_634' title='bbox 821 5475 1075 5566; x_wconf 85' lang='lat' dir='ltr'><strong>optabant</strong></span> <span class='ocrx_word' id='word_1_635' title='bbox 1140 5496 1356 5550; x_wconf 89' lang='lat' dir='ltr'><strong>illorum</strong></span> <span class='ocrx_word' id='word_1_636' title='bbox 1411 5491 1704 5555; x_wconf 77' lang='lat' dir='ltr'><strong>excidium,</strong></span> <span class='ocrx_word' id='word_1_637' title='bbox 1777 5501 1917 5560; x_wconf 37' lang='lat' dir='ltr'><strong>atqui</strong></span> 
     </span>
    </p>
   </div>
   <div class='ocr_carea' id='block_1_89' title="bbox 2021 5475 3631 5568">
    <p class='ocr_par' dir='ltr' id='par_1_89' title="bbox 2046 5475 3631 5554">
     <span class='ocr_line' id='line_1_90' title="bbox 2046 5475 3631 5554; baseline -0.006 -16"><span class='ocrx_word' id='word_1_638' title='bbox 2046 5502 2144 5549; x_wconf 81' lang='grc' dir='ltr'><strong>τας</strong></span> <span class='ocrx_word' id='word_1_639' title='bbox 2198 5485 2372 5554; x_wconf 70' lang='grc' dir='ltr'>ἔσχον,</span> <span class='ocrx_word' id='word_1_640' title='bbox 2415 5483 2544 5554; x_wconf 75' lang='grc' dir='ltr'>περὶ</span> <span class='ocrx_word' id='word_1_641' title='bbox 2597 5481 2790 5534; x_wconf 86' lang='grc' dir='ltr'>πολλοῦ</span> <span class='ocrx_word' id='word_1_642' title='bbox 2838 5498 2895 5532; x_wconf 89' lang='grc' dir='ltr'><strong>τε</strong></span> <span class='ocrx_word' id='word_1_643' title='bbox 2936 5479 3114 5533; x_wconf 82' lang='grc' dir='ltr'>αὐτῶν</span> <span class='ocrx_word' id='word_1_644' title='bbox 3169 5475 3481 5545; x_wconf 86' lang='grc' dir='ltr'>ποιούμενοι</span> <span class='ocrx_word' id='word_1_645' title='bbox 3529 5477 3631 5544; x_wconf 75' lang='grc' dir='ltr'>τὴν</span> 
     </span>
    </p>
   </div>
   <div class='ocr_carea' id='block_1_90' title="bbox 379 5564 1917 5648">
    <p class='ocr_par' dir='ltr' id='par_1_90' title="bbox 379 5564 1917 5648">
     <span class='ocr_line' id='line_1_91' title="bbox 379 5564 1917 5648; baseline -0.007 -7"><span class='ocrx_word' id='word_1_646' title='bbox 379 5564 693 5648; x_wconf 75' lang='lat' dir='ltr'><strong>earumdem</strong></span> <span class='ocrx_word' id='word_1_647' title='bbox 735 5564 976 5638; x_wconf 75' lang='lat' dir='ltr'><strong>adversis</strong></span> <span class='ocrx_word' id='word_1_648' title='bbox 1002 5583 1222 5638; x_wconf 80' lang='lat' dir='ltr'><strong>casibus</strong></span> <span class='ocrx_word' id='word_1_649' title='bbox 1267 5583 1630 5636; x_wconf 64' lang='lat' dir='ltr'><strong>laetabantur:</strong></span> <span class='ocrx_word' id='word_1_650' title='bbox 1663 5581 1772 5634; x_wconf 89' lang='lat' dir='ltr'><strong>imo</strong></span> <span class='ocrx_word' id='word_1_651' title='bbox 1817 5594 1917 5633; x_wconf 82' lang='lat' dir='ltr'><strong>cun</strong></span> 
     </span>
    </p>
   </div>
   <div class='ocr_carea' id='block_1_91' title="bbox 2021 5564 3629 5648">
    <p class='ocr_par' dir='ltr' id='par_1_91' title="bbox 2050 5564 3629 5642">
     <span class='ocr_line' id='line_1_92' title="bbox 2050 5564 3629 5642; baseline -0.008 -12"><span class='ocrx_word' id='word_1_652' title='bbox 2050 5576 2343 5636; x_wconf 78' lang='grc' dir='ltr'>ἀπώλειαν,</span> <span class='ocrx_word' id='word_1_653' title='bbox 2379 5574 2472 5626; x_wconf 77' lang='grc' dir='ltr'><strong>καὶ</strong></span> <span class='ocrx_word' id='word_1_654' title='bbox 2506 5574 2598 5626; x_wconf 76' lang='grc' dir='ltr'>ἐπὶ</span> <span class='ocrx_word' id='word_1_655' title='bbox 2623 5576 2742 5636; x_wconf 83' lang='grc' dir='ltr'>ταῖς</span> <span class='ocrx_word' id='word_1_656' title='bbox 2771 5571 3262 5642; x_wconf 79' lang='grc' dir='ltr'>προσγιγνομέναις</span> <span class='ocrx_word' id='word_1_657' title='bbox 3293 5567 3476 5628; x_wconf 80' lang='grc' dir='ltr'>αὐτοῖς</span> <span class='ocrx_word' id='word_1_658' title='bbox 3503 5564 3629 5634; x_wconf 77' lang='grc' dir='ltr'>ἡδό-</span> 
     </span>
    </p>
   </div>
   <div class='ocr_carea' id='block_1_92' title="bbox 381 5652 1917 5753">
    <p class='ocr_par' dir='ltr' id='par_1_92' title="bbox 381 5669 1917 5753">
     <span class='ocr_line' id='line_1_93' title="bbox 381 5669 1917 5753; baseline -0.01 -15"><span class='ocrx_word' id='word_1_659' title='bbox 381 5688 620 5753; x_wconf 84' lang='lat' dir='ltr'><strong>ipsorum</strong></span> <span class='ocrx_word' id='word_1_660' title='bbox 671 5685 887 5746; x_wconf 77' lang='lat' dir='ltr'><strong>quoque</strong></span> <span class='ocrx_word' id='word_1_661' title='bbox 935 5674 1182 5730; x_wconf 82' lang='lat' dir='ltr'><strong>hostibus</strong></span> <span class='ocrx_word' id='word_1_662' title='bbox 1230 5681 1491 5743; x_wconf 87' lang='lat' dir='ltr'><strong>perpetuo</strong></span> <span class='ocrx_word' id='word_1_663' title='bbox 1535 5669 1917 5741; x_wconf 81' lang='lat' dir='ltr'><strong>conspirabant</strong></span> 
     </span>
    </p>
   </div>
   <div class='ocr_carea' id='block_1_93' title="bbox 2021 5652 3630 5753">
    <p class='ocr_par' dir='ltr' id='par_1_93' title="bbox 2055 5652 3630 5736">
     <span class='ocr_line' id='line_1_94' title="bbox 2055 5652 3630 5736; baseline -0.01 -16"><span class='ocrx_word' id='word_1_664' title='bbox 2055 5684 2202 5736; x_wconf 83' lang='grc' dir='ltr'>μενοι</span> <span class='ocrx_word' id='word_1_665' title='bbox 2254 5666 2576 5736; x_wconf 78' lang='grc' dir='ltr'>συμφοραῖς,</span> <span class='ocrx_word' id='word_1_666' title='bbox 2631 5663 2770 5715; x_wconf 77' lang='grc' dir='ltr'>ὥστε</span> <span class='ocrx_word' id='word_1_667' title='bbox 2825 5662 2916 5713; x_wconf 71' lang='grc' dir='ltr'><strong>καὶ</strong></span> <span class='ocrx_word' id='word_1_668' title='bbox 2970 5658 3342 5729; x_wconf 76' lang='grc' dir='ltr'>συμπράττειν</span> <span class='ocrx_word' id='word_1_669' title='bbox 3387 5657 3465 5724; x_wconf 86' lang='lat' dir='ltr'><strong>(p.</strong></span> <span class='ocrx_word' id='word_1_670' title='bbox 3499 5652 3630 5725; x_wconf 71' lang='lat' dir='ltr'><strong>9J2)</strong></span> 
     </span>
    </p>
   </div>
  </div>
