3966 6134
393 386 491 443 607

386 609 529 663 mala
574 612 961 681 prophetarum
1010 624 1105 668 ore
1156 626 1301 684 sape
1350 615 1718 684 praedixerat,
1768 617 1949 688 primo

382 696 605 766 quidem
638 699 707 754 ab
739 699 979 771 Assyriis
1010 701 1337 772 imponenda
1360 748 1375 774 ,
1414 704 1612 761 iterum
1643 721 1675 760 a
1715 706 1949 779 Babylo.

385 788 494 843 niis
509 804 632 844 cum
662 791 951 849 universus
980 790 1157 850 Israel
1172 795 1405 867 migrare
1428 797 1606 867 patria
1620 798 1809 867 jussus
1832 807 1947 865 est;

384 888 438 934 et
460 880 763 952 quia'valde
785 924 800 950 ,
824 891 885 938 ut
934 884 1047 941 disi
1071 927 1087 953 ,
1114 901 1213 957 per
1235 887 1290 943 id
1327 896 1541 958 tempus
1571 888 1794 944 Idumaei
1822 903 1950 943 cum

385 969 633 1027 hostibus
675 984 1100 1043 consenserunt,
1142 978 1273 1034 dum
1310 979 1559 1036 idoneam
1615 980 1759 1041 nacti,
1791 993 1952 1035 occa-

324 1124 330 1132 ,
384 1060 596 1117 sionem
659 1078 720 1120 se
772 1067 1061 1124 crederent
1129 1071 1397 1139 perdendi
1464 1071 1712 1128 funditus
1761 1086 1950 1128 omnes

385 1151 699 1224 quicunque
726 1154 798 1210 de
829 1155 1126 1213 Israelitica
1159 1160 1328 1229 stirpe
1353 1168 1539 1216 essent
1566 1161 1709 1232 (qua
1730 1162 1787 1216 in
1816 1176 1878 1216 re
1892 1168 1951 1217 et

386 1239 606 1298 Idumaei
654 1244 774 1300 sine
798 1245 966 1302 dubio
1006 1248 1115 1305 Deo
1152 1248 1584 1306 adversabantur
1606 1290 1623 1316 ,
1663 1251 1756 1322 qui
1790 1249 1953 1306 Jaco-

386 1331 515 1384 bum
553 1331 779 1402 majoris
806 1343 936 1390 natu
983 1338 1269 1410 privilegio
1297 1338 1555 1409 dignatus
1583 1339 1761 1395 fuerat
1793 1338 1950 1413 142

383 1429 720 1491 cunctosque
736 1424 898 1495 hujus
919 1435 1170 1497 posteros
1190 1429 1457 1499 peculiari
1480 1445 1786 1502 magnaque
1819 1445 1952 1486 cura

382 1514 883 1585 complectebatur;
942 1527 997 1573 et
1064 1521 1220 1592 ipsos
1286 1520 1567 1579 lsraelitas
1625 1536 1953 1596 magnopere

383 1616 618 1660 rnatu-ere
666 1620 767 1676 par
806 1615 944 1674 erat,
981 1611 1113 1680 quia
1190 1612 1396 1680 posteri
1448 1613 1571 1682 ejus
1625 1614 1719 1684 qui
1767 1613 1952 1669 divino

385 1694 606 1750 decreto
657 1697 1006 1769 primogeniti
1065 1701 1268 1757 tulerat
1328 1703 1786 1767 benedictionem,
1837 1704 1952 1758 haec

385 1787 731 1857 patiebantur
749 1791 818 1844 ab
840 1791 908 1847 iis
932 1792 1027 1861 qui
1052 1807 1183 1848 cum
1194 1787 1297 1849 suo
1332 1804 1556 1863 parente
1577 1793 1953 1849 benedictione

382 1878 571 1934 divina
625 1880 987 1950 exciderant),
1028 1883 1102 1938 ob
1155 1882 1292 1948 hanc,
1333 1884 1578 1955 inquam,
1641 1884 1952 1940 necessario
1982 1878 2025 1934 Β

386 1967 531 2024 Deus
582 1969 801 2026 beatum
846 1971 1166 2040 prophetam
1218 1973 1476 2029 excitavit
1531 1973 1798 2039 Abdiam,
1853 1975 1948 2045 qui

386 2060 647 2115 universo
677 2074 778 2116 suo
799 2061 1063 2117 vaticinio
1091 2069 1413 2119 eventuram
1442 2063 1694 2120 ldumaeis
1731 2079 1948 2135 pcenam

388 2140 741 2218 signiﬁcaret,
780 2163 905 2205 cum
956 2148 1067 2206 Deo
1105 2151 1403 2222 aliquando
1446 2152 1627 2208 visum
1676 2152 1816 2209 foret
1859 2169 1950 2210 res

388 2237 847 2296 lsraelitarum-in
876 2241 1166 2312 pristinam
1191 2244 1612 2314 prosperitatem
1648 2244 1949 2312 vindicare;

387 2348 421 2389 a
460 2333 687 2389 servitio
733 2334 945 2390 scilicet
995 2334 1273 2405 expedire,
1320 2350 1545 2407 suaeque
1586 2337 1776 2406 patriae
1830 2338 1953 2393 red-

387 2423 540 2489 dere,
598 2432 658 2479 ut
722 2424 1096 2498 Hierosolyma
1149 2427 1524 2484 instaurarent
1581 2429 1953 2500 templumque

387 2516 677 2572 reﬁcerent
702 2534 716 2571 :
752 2516 810 2573 in
841 2533 952 2588 quo
980 2521 1221 2574 maxime
1251 2519 1483 2575 decebat
1506 2520 1708 2575 iterum
1727 2534 1955 2590 congre-

388 2606 508 2676 gari
541 2620 659 2673 eos,
699 2615 761 2662 ut
800 2608 876 2664 ibi
907 2610 1164 2680 legitimis
1204 2625 1336 2681 erga
1374 2609 1547 2667 Deum
1598 2611 1955 2682 religionibus

389 2704 768 2767 operarentu‘r.
805 2697 871 2754 Et
899 2701 1117 2770 quidem
1154 2716 1302 2756 nunc
1330 2701 1478 2756 haud
1503 2700 1702 2770 exiguo
1726 2715 1958 2756 mceren-

386 2790 540 2847 tibus
588 2791 786 2847 solatio
852 2798 971 2847 erat
1033 2792 1233 2848 horum
1301 2801 1594 2849 eventuum
1643 2791 1955 2861 praedictio;

390 2890 510 2935 tum
535 2897 671 2938 vero
721 2890 845 2953 post
880 2883 1266 2939 vaticiniorum
1314 2883 1525 2939 exitum
1567 2884 1741 2939 multo
1785 2886 1959 2955 magis

393 2970 655 3025 credituri
692 2981 851 3031 erant
870 3011 885 3033 ,
913 2972 1029 3027 hac
1058 2972 1189 3028 olim
1226 2970 1320 3027 Dei
1356 2972 1636 3029 voluntate
1665 2973 1922 3044 praedicta
1943 3018 1957 3038 ,

394 3072 449 3115 et
490 3060 688 3117 deinde
727 3062 895 3118 verba
952 3064 1013 3119 in
1062 3078 1177 3119 rem
1222 3063 1423 3119 collata
1470 3063 1659 3120 fuisse.
1703 3064 1835 3130 Quae
1873 3081 1961 3122 res

394 3159 629 3222 utraque
671 3153 1059 3223 comprobabat
1092 3152 1190 3209 Dei
1218 3168 1351 3224 erga
1391 3169 1489 3211 eos
1519 3157 1957 3229 providentiam;

394 3243 767 3314 certioresque
796 3244 1019 3305 eosdem
1046 3243 1283 3301 faciebat
1301 3282 1319 3308 ,
1347 3246 1466 3303 haec
1492 3261 1524 3301 a
1558 3246 1670 3304 Deo
1688 3250 1956 3309 ,vaticinia

396 3333 570 3390 fuisse
603 3334 753 3391 edita
800 3334 981 3407 gentis
1024 3335 1222 3405 gratia,
1259 3337 1327 3392 de
1372 3337 1534 3408 cujus
1583 3339 1958 3401 incolumitate

394 3439 668 3497 magnam,
702 3434 763 3481 ut
790 3440 934 3497 saepe
959 3426 1091 3491 dixi,
1127 3443 1314 3489 curam
1343 3430 1585 3499 gerebat.

1538 404 1887 466 resonos:
1913 409 2391 483 uorsussrsm
3046 388 3071 425 θ

455 512 909 593 Quandoquidem
945 537 1077 595 ergo
1122 522 1269 580 Deus
1308 533 1626 596 correptum
1668 525 1938 608 Israelitas
1967 532 2022 590 Δ

3531 407 3641 464 εοε

2129 529 2345 599 Ἐπειδὴ
2369 528 2547 580 τοίνυν
2577 525 2831 589 πολλάκις
2866 526 2954 578 διὰ
2987 524 3094 578 τῶν
3122 522 3420 594 προφητῶν
3448 523 3479 575 6
3504 523 3640 586 Θεὸς

2056 619 2125 672 τὰ
2158 618 2579 689 καταληψόμενα
2615 618 2739 680 τοὺς
2776 614 3111 687 Ἰσραηλίτας
3157 612 3260 684 ἔφη
3305 612 3469 678 κακὰ,
3500 614 3638 685 πρό·

2055 725 2211 781 τερον
2250 708 2351 780 μὲν
2386 709 2492 761 ὑπὸ
2525 707 2838 776 Ἀσσυρίων,
2889 706 2996 761 ὑπὸ
3037 704 3391 758 Βαϐυλωνίων
3424 703 3481 756 δὲ
3523 705 3638 774 μετ’

2055 802 2251 865 ἐκεῖνο,
2295 799 2377 852 ὅτι
2429 813 2488 852 τε
2541 796 2885 870 αἰχμάλωτος.
2934 795 3081 858 ἅπας
3122 797 3155 847 6
3197 791 3411 863 Ἰσραὴλ
3450 792 3640 847 τοῦτον

2056 889 2433 961 ἀπαχθήσεται
2477 889 2568 943 τδν
2618 887 2852 959 τρόπον⁹
2885 884 3086 956 πολλὴν
3129 884 3206 947 δὲ,
3244 882 3321 946 ὡς
3358 883 3515 953 ἔφην,
3546 881 3639 936 ἐπὶ

2054 980 2164 1036 τῶν
2207 981 2413 1054 καιρῶν
2453 981 2675 1035 ἐκείνων
2696 980 2795 1049 τὴν
2832 976 3040 1031 οἰκείαν
3082 974 3421 1041 ἐπεδείξαντο
3450 990 3640 1044 συνερ-

2055 1074 2179 1142 γίαν
2214 1073 2528 1143 Ἰδουμαῖοι,
2568 1071 2759 1142 καιρὸν
2813 1068 3114 1139 ἐπιτήδειον
3152 1066 3430 1136 εἰληφέναι
3482 1065 3637 1134 νομί-

2057 1181 2247 1228 σαντες
2291 1165 2371 1227 εις
2406 1164 2469 1217 τδ
2517 1160 2823 1232 πανωλεθρλ⁵
2853 1160 3059 1223 πάντας
3099 1157 3357 1214 ἀπολέσαι
3403 1156 3531 1219 τοὺς
3575 1157 3641 1209 ἐκ

2054 1253 2153 1323 τῆς
2212 1251 2606 1323 Ἰσραηλιτικῆς
2669 1250 3030 1321 ὡρμημένους
3087 1244 3441 1315 συγγενείας·
3496 1246 3635 1315 ὅπερ

2053 1340 2121 1415 ἦν
2152 1344 2269 1415 Θεῷ
2298 1333 2672 1414 πολεμούντων
2702 1338 3002 1411 προδήλως,
3029 1337 3087 1400 ὃς
3109 1336 3201 1390 τόν
3229 1352 3287 1389 τε
3321 1332 3521 1388 Ἰακὼϐ
3536 1332 3637 1401 τῆς

2054 1437 2163 1489 τῶν
2193 1435 2570 1505 πρωτοτοκίων
2599 1432 2828 1502 ἠξίωσεν
2862 1429 3130 1498 εὐλογίας,
3166 1427 3260 1482 καὶ
3289 1427 3505 1481 πάντων
3527 1424 3638 1477 τῶν

2056 1527 2262 1581 ἐκεῖθεν
2316 1524 2699 1594 καταγομένων
2761 1521 2960 1592 πολλήν
3029 1536 3153 1573 τινα
3210 1518 3304 1571 καὶ
3364 1516 3639 1587 ἐξαίρετον

2057 1616 2423 1689 πεποιημένος
2449 1614 2783 1669 διατετέλεκε
2799 1612 2894 1683 τὴν
2925 1610 3243 1681 ἐπιμέλειαν
3260 1626 3274 1640 ’
3319 1608 3546 1679 ἀθυμεῖν
3573 1620 3638 1659 τε

2057 1710 2150 1764 ἐπὶ
2177 1709 2384 1772 τούτοις
2407 1708 2551 1771 εἰκὸς
2588 1702 2656 1778 ἦν
2695 1707 2823 1768 τοὺς
2860 1701 3216 1773 Ἰσραηλίτας,
3246 1701 3297 1753 εί
3327 1701 3390 1752 ἐκ
3423 1698 3515 1752 τοῦ
3537 1699 3639 1769 τὴν

2058 1802 2305 1869 εὐλογίαν
2336 1799 2443 1853 τῶν
2477 1795 2858 1869 πρωτοτοκίων
2896 1793 3037 1848 κατὰ
3083 1792 3235 1845 θείαν
3266 1788 3637 1860 κομισαμένου

2052 1892 2229 1962 ψῆφον
2261 1890 2638 1960 καταγόμενοι,
2674 1887 2749 1959 (p.
2772 1886 2899 1953 215)
2941 1882 3167 1939 τοιαῦτα
3209 1881 3464 1951 πάσχοιεν
3490 1879 3639 1949 παρὰ

2055 1983 2159 2037 τῶν
2196 1984 2261 2036 ἐκ
2300 1981 2394 2034 τοῦ
2437 1979 2776 2050 προπάτορος
2816 1974 3015 2030 οἰκείου
3053 1973 3152 2043 τῆς
3191 1972 3451 2039 εὐλογίας
3501 1971 3634 2023 ἀπο-

2051 2069 2357 2139 σληθέντων
2378 2067 2477 2137 τῆς
2516 2065 2664 2129 θείας
2684 2082 2695 2095 ’
2726 2064 3039 2132 ἀναγκαίως
3078 2061 3172 2116 τὸν
3209 2060 3473 2130 μακάριον
3501 2075 3637 2127 προ-

2051 2162 2228 2231 φήτην
2267 2158 2476 2213 ’Δϐδίαν
2525 2157 2618 2209 ἐπὶ
2661 2155 2832 2224 τούτῳ
2878 2153 3166 2224 κεκίνηκεν
3201 2152 3230 2203 6
3255 2150 3407 2214 Θεὸς,
3447 2149 3522 2212 ὡς
3572 2147 3639 2202 ἂν

2051 2251 2140 2306 διά
2183 2252 2362 2321 πάσης
2402 2246 2564 2303 αὑτοῦ
2602 2247 2704 2315 τῆς
2741 2245 3095 2317 προρρήσεως
3125 2242 3225 2313 τὴν
3250 2238 3635 2310 καταληψομέ-

2053 2360 2149 2414 νην
2183 2340 2508 2411 Ἰδουμαίους
2540 2338 2829 2410 μηνύσειεν
2860 2335 3159 2407 τιμωρίανο
3187 2335 3422 2405 ὁπηνίκα
3443 2333 3508 2387 ἂν
3537 2335 3629 2385 ἐπι

2052 2436 2115 2489 τὸ
2165 2437 2409 2505 κρεῖττον
2468 2432 2793 2502 μεταγαγεῖν
2858 2428 2927 2482 τὰ
2967 2427 3313 2498 Ἰσραηλιτῶν
3362 2426 3635 2497 δοκιμάσῃ

2053 2527 2205 2590 Θεὸς,
2230 2522 2587 2592 ἐπαναγαγὼν
2605 2539 2663 2575 τε
2698 2520 2893 2583 αὐτοὺς
2918 2521 2982 2575 ἐκ
3021 2521 3118 2589 τῆς
3142 2518 3516 2589 αἰχμαλωσίας
3540 2517 3635 2570 καὶ

2055 2622 2120 2690 τῇ
2156 2617 2307 2689 χώρᾳ
2338 2615 2499 2670 πάλιν
2543 2613 2827 2674 ἀποδιδοὺς
2867 2614 2955 2682 τῇ·
2983 2610 3176 2680 οἰκείᾳ,
3224 2609 3365 2662 ὥστε
3406 2608 3500 2662 καὶ
3540 2608 3640 2677 τὴν

2066 2706 2417 2781 Ἰερουσαλὴμ
2457 2704 2894 2773 ἀνοικοδομῆσαι,
2935 2702 3031 2757 καὶ
3073 2702 3165 2755 τὸν
3215 2700 3339 2754 ναὸν
3390 2701 3449 2752 ἐν
3497 2698 3636 2769 αὐτῇ

2059 2798 2482 2859 κατασκευάσαι,
2529 2798 2587 2848 ἐν
2634 2791 2680 2862 ᾧ
2723 2793 2787 2865 δὴ
2836 2793 3068 2864 μάλιστα
3121 2790 3399 2860 προσῆκεν
3441 2789 3640 2852 αὐτοὺς

2061 2891 2295 2945 συνιέναι
2347 2888 2541 2950 πάλιν,
2598 2876 2703 2956 τὴν
2754 2885 3099 2957 καθήκουσαν
3147 2883 3213 2933 ἐκ
3259 2881 3358 2949 τῆς
3410 2880 3640 2949 νομικῆς

2058 2980 2349 3048 διατάξεως
2380 2975 2830 3048 ἀποπληροῦντας
2855 2973 3041 3028 αὐτόθι
3073 2970 3151 3042 τῷ
3183 2970 3300 3041 Θεῷ
3323 2968 3642 3042 θρησκείαν·

2060 3072 2154 3126 νῦν
2184 3090 2242 3125 τε
2282 3071 2389 3141 γὰρ
2417 3070 2478 3123 οὐ
2524 3066 2726 3139 μικρὰν
2755 3068 2788 3133 ἡ
2824 3065 3031 3118 τούτων
3072 3065 3303 3135 μήνυσις
3338 3059 3437 3131 τὴν
3464 3060 3642 3130 ψυχα-

2062 3163 2265 3232 γωγίαν
2304 3159 2593 3231 παρείχετο
2637 3160 2749 3220 τοῖς
2794 3154 3196 3225 ἀδικουμένοιςο
3237 3152 3332 3206 καὶ
3370 3150 3507 3221 μετά
3540 3150 3641 3219 τὴν

2060 3256 2168 3310 τῶν
2219 3251 2558 3325 μηνυθέντων
2606 3248 2826 3302 ἔκϐασιν
2847 3284 2863 3310 ,
2912 3246 2991 3300 ἔτι
3027 3244 3224 3316 μᾶλλον
3260 3240 3535 3295 ἐπείθοντο
3579 3239 3641 3293 τὸ

2063 3344 2253 3414 γνώμῃ
2275 3341 2412 3397 Θεοῦ
2434 3339 2596 3394 πάλαι
2637 3355 2697 3390 τε
2743 3336 2909 3390 ταῦτα
2941 3333 3225 3406 εἰρῆσθαι·
3259 3331 3353 3384 καὶ
3390 3328 3523 3400 πρὸς
3550 3327 3639 3399 ἐρ-

2063 3453 2159 3504 γον
2200 3433 2423 3503 ὕστερον
2475 3427 2850 3497 ἐκϐεϐηκέναι,
2898 3425 3042 3495 άπερ
3079 3419 3146 3494 ἦν
3186 3422 3352 3492 ἄμφω
3384 3420 3479 3489 τῆς
3513 3419 3638 3489 περὶ

393 3516 590 3580 αὐτοὺς
616 3515 936 3588 κηδεμονίας
965 3516 1181 3588 ἐλεγχος
1208 3519 1302 3573 τοῦ
1335 3518 1471 3575 Θεοῦ
1489 3538 1507 3557 ο
1531 3520 1672 3576 ὥστε
1700 3524 1800 3579 οὐκ
1834 3525 2026 3597 ἄδηλον
2055 3521 2191 3578 εἶναι
2220 3523 2301 3575 ὅτι
2325 3518 2636 3591 προμηθείην⁴
2659 3516 2752 3570 τοῗδ
2782 3513 2911 3569 λαοῦ
2934 3515 3027 3570 καὶ
3054 3513 3255 3582 ταύτην
3283 3511 3515 3564 ἐποιεῖτο
3539 3509 3636 3578 τὴν

399 3611 626 3681 μήνυσιν
645 3626 659 3640 ·
698 3604 761 3667 οὗ
802 3610 867 3680 δὴ
901 3610 1096 3682 πολλὴν
1128 3613 1268 3685 ὑπὲρ
1303 3617 1403 3686 τῆς
1433 3618 1724 3689 σωτηρίας,
1764 3620 1839 3685 ὡς
1872 3621 2129 3684 πολλάκις
2154 3618 2310 3688 ἐφην,
2342 3616 2577 3668 ἐποιεῖτο
2607 3612 2706 3682 τὴν
2734 3610 3049 3682 ἐπιμέλειαν
3077 3610 3105 3662 6
3137 3606 3291 3668 Θεός.

466 3703 637 3760 Vens.
663 3706 714 3758 l.
739 3733 808 3749 --
826 3723 847 3757 ι
880 3703 1033 3762 Visio
1058 3707 1268 3764 Abdiaz.
1302 3727 1323 3761 ι
1341 3707 1486 3765 Nihil
1512 3706 1685 3782 bujus'
1704 3716 1957 3772 vocabuli

357 3870 364 3877 .
394 3797 482 3852 vis
506 3794 685 3852 (ἥσθη
712 3812 743 3849 a
770 3796 1010 3853 dictione
1051 3817 1065 3852 :
1111 3817 1131 3853 ι
1164 3799 1362 3861 Sermo
1394 3799 1631 3860 Domini.
1672 3822 1693 3856 ι
1722 3826 1725 3833 ·
1750 3804 1961 3876 Quippe

396 3900 721 3945 sermonem
752 3885 1039 3959 Scriptum
1087 3890 1324 3960 appellat
1365 3906 1486 3948 eam
1533 3895 1831 3963 virtutem,
1866 3913 1960 3968 per

396 3992 559 4050 quam
600 3980 829 4050 spiritali
866 3994 1095 4038 munere
1135 3983 1386 4039 notitiam
1422 3999 1606 4041 rerum
1650 3986 1959 4044 futurarum

398 4070 676 4140 prophetat
712 4073 1080 4142 excipiebant.
1123 4073 1406 4129 Visionem
1449 4075 1662 4133 scilicet
1690 4078 1825 4133 dicit
1864 4095 1962 4149 pro

396 4159 582 4214 divina
622 4161 988 4227 melatione,
1017 4163 1179 4233 cuius
1206 4179 1312 4235 ope
1344 4164 1454 4220 illis
1484 4166 1828 4236 contingebat
1856 4206 1871 4229 .
1904 4176 1963 4221 ut

402 4263 729 4308 arcanorum
761 4255 1046 4310 scientiam
1074 4266 1561 4327 consequerentur.
1592 4255 1726 4311 Nam
1755 4259 1883 4328 quia
1907 4266 1961 4314 et

402 4340 647 4398 theorias
669 4343 936 4413 quaedam
968 4345 1415 4403 inenarrabiliter
1442 4347 1675 4418 spiritali
1709 4361 1877 4419 opera
1903 4349 1956 4402 in

401 4432 640 4486 animam
670 4432 1019 4505 excipiebant
1055 4436 1368 4508 prophetas,
1407 4445 1522 4493 tum
1553 4437 1719 4494 etiam
1755 4438 1957 4501 doctri-

400 4536 528 4577 nam
562 4520 868 4579 futurarum
893 4538 1074 4580 rerum
1103 4534 1362 4597 tanquam
1387 4527 1458 4583 ab
1492 4527 1676 4597 aliquo
1710 4528 1963 4597 loquente

2132 3712 2279 3782 Στίχ.
2307 3716 2374 3764 α’.
2411 3735 2482 3747 -—
2519 3725 2537 3758 ι
2579 3706 2806 3777 Ὄρασις
2847 3702 3081 3756 ’Δὸδιοῦ.
3120 3720 3137 3753 ι
3166 3700 3334 3755 Οὐδὲν
3371 3698 3514 3755 κατά
3542 3699 3641 3770 τήν

2061 3803 2286 3874 δύναμιν
2332 3797 2636 3854 διαλλάττει
2693 3792 2870 3861 τοῦτο,
2923 3794 3000 3865 (p.
3057 3792 3185 3863 216)
3237 3793 3357 3859 τοῦ,
3400 3812 3422 3846 ε
3468 3791 3644 3858 Λόγος

2064 3893 2290 3965 Κυρίου.
2340 3909 2360 3945 ι
2398 3890 2569 3958 Λόγον
2595 3887 2701 3957 γάρ
2736 3902 2796 3940 τε
2828 3885 3032 3955 Κυρίου
3076 3885 3176 3955 τὴν
3213 3885 3489 3956 ἐνέργειαν
3526 3883 3646 3935 ὀνο-

2070 3982 2229 4055 μάζει
2258 3980 2352 4034 τοῦ
2393 3978 2550 4043 Θεοῦ,
2576 3977 2697 4032 καθ’
2738 3976 2808 4048 ῆν
2837 3978 2904 4046 τῇ
2950 3978 3289 4046 πνευματικῇ
3335 3975 3516 4045 χάριτι
3542 3972 3646 4035 τάς

2065 4072 2430 4141 ἀποκαλύψεις
2472 4071 2522 4123 οἱ
2569 4069 2843 4140 προφῆται
2881 4066 2991 4120 τῶν
3045 4067 3315 4137 ἐσομένων
3366 4065 3641 4134 ἐδέχοντοι

2066 4164 2158 4217 καὶ
2193 4163 2380 4233 ὅρασιν
2405 4159 2467 4212 τὸ
2509 4156 2645 4211 αὐτὸ
2678 4156 2743 4226 δὴ
2775 4154 2934 4210 τοῦτο
2974 4154 3128 4209 καλεῖ
3174 4157 3271 4225 τὴν
3300 4153 3648 4221 ἀποκάλυψιν

2064 4255 2164 4325 τὴν
2201 4251 2371 4315 θείαν,
2424 4249 2547 4305 καθ’
2591 4247 2658 4319 ἢν
2701 4246 2920 4314 ἐγένετο
2962 4247 3145 4309 αὐτοῖς
3170 4245 3281 4301 τῶν
3305 4245 3516 4315 ἀδήλων
3558 4242 3649 4297 δι-

2066 4344 2250 4417 χεσθαι
2288 4342 2387 4413 τὴν
2423 4340 2656 4409 γνῶσινο
2691 4336 2877 4408 ἐπειδὴ
2916 4336 3023 4406 γὰρ
3067 4337 3162 4391 καὶ
3208 4335 3438 4406 θεωρίας
3482 4332 3643 4397 τινὰς

2065 4437 2389 4509 ἀπορρήτως
2424 4433 2515 4488 διά
2550 4433 2649 4503 τῆς
2678 4429 3048 4499 πνευματικῆς
3089 4427 3363 4499 ἐνεργείας
3404 4428 3498 4480 ἐπὶ
3533 4426 3639 4496 τῆς

2064 4529 2242 4600 ψυχῆς
2288 4526 2530 4596 ἐδέχοντο
2573 4523 2672 4593 τῆς
2719 4522 2927 4583 οἰκείας
2972 4521 3023 4573 οἱ
3071 4520 3366 4589 προφῆται,
3393 4519 3487 4570 καὶ
3534 4519 3637 4589 τὴν

400 4612 717 4681 audiebant,
764 4629 868 4685 pro
910 4617 1087 4672 sancti
1138 4615 1380 4687 Spiritus
1410 4626 1602 4687 agente
1642 4618 1699 4673 in
1738 4616 1804 4674 iis
1845 4616 1960 4673 vir-

2063 4616 2404 4675 διδασκαλίαν
2426 4614 2533 4673 τῶν
2559 4613 2831 4684 ἐρομένων
2873 4609 2948 4673 ὡς
2982 4611 3133 4681 παρά
3172 4625 3316 4672 τινος
3355 4605 3641 4671 λαλοῦντος

397 4712 556 4772 tate;
583 4705 791 4762 idcirco
815 4714 870 4767 et
896 4708 1163 4765 visionem
1187 4709 1323 4765 dicit
1354 4708 1637 4778 Scriptura
1672 4718 1727 4765 et
1753 4722 1961 4766 sermo-

402 4810 526 4850 nem
550 4793 764 4850 Domini
786 4812 805 4862 ς
826 4795 1144 4859 imoetiam,
1171 4803 1232 4851 ut
1260 4796 1392 4853 mihi
1414 4796 1651 4862 videtur,
1672 4798 1915 4854 auditum
1944 4816 1957 4851 :

401 4893 690 4956 propterea
712 4885 861 4955 quod
894 4885 1052 4961 ιω
1104 4885 1371 4956 spiritalis
1393 4886 1661 4945 doctrina:
1691 4890 1961 4957 notitiam,

399 4976 697 5033 auditionis
737 4976 1028 5045 cujusdam
1082 4977 1261 5033 instar
1281 5018 1301 5045 ,
1378 4978 1731 5049 recipiebant.
1783 4979 1964 5047 Quare

400 5066 594 5123 beatus
618 5081 839 5138 quoque
871 5065 1041 5125 lsaias
1070 5067 1337 5138 propheta
1366 5069 1443 5123 ait
1474 5085 1489 5121 :
1527 5089 1549 5122 ι
1576 5074 1822 5144 nomine,
1837 5073 1965 5142 quis

401 5156 635 5214 credidit
664 5156 880 5213 aeditui
909 5165 1104 5215 nostro
1133 5158 1219 5212 “?
1254 5177 1275 5214 ι
1318 5173 1513 5229 nempe
1541 5161 1748 5216 notitiae
1779 5176 1964 5217 rerum

402 5247 563 5304 nobis
619 5248 1151 5314 demonstratarum,
1197 5257 1252 5306 et
1293 5265 1434 5321 quas
1469 5249 1738 5309 divinitus
1785 5251 1963 5307 edocti

403 5353 615 5395 sumus.
642 5339 1171 5400 Convenientissime
1201 5342 1331 5399 item
1370 5342 1565 5399 beatus
1596 5340 1802 5399 Paulus
1820 5344 1966 5400 hanc

404 5426 667 5485 divinitus
704 5428 929 5498 protulit
973 5433 1345 5491 locutionem:
1391 5450 1412 5483 ι
1452 5431 1613 5489 Fides
1640 5448 1706 5489 ex
1752 5434 1962 5499 auditu,

405 5514 629 5573 auditus
677 5524 857 5574 autem
897 5524 1261 5589 perverbum
1303 5522 1395 5577 Dei
1443 5521 1532 5576 “:
1572 5541 1592 5574 ι
1635 5522 1961 5594 signiﬁcans

407 5605 552 5667 haud
599 5605 757 5662 aliter
800 5608 1045 5664 accidere
1099 5627 1259 5681 posse
1305 5613 1584 5681 prophetis
1635 5614 1965 5670 auditionem

479 5788 522 5825 ιτ
561 5787 662 5844 lsa.
703 5802 818 5852 ιιιι,
860 5787 907 5840 1.
985 5788 1025 5818 ⁸⁸
1059 5786 1212 5839 Rom.
1261 5803 1308 5847 π.
1354 5788 1434 5840 17.

2068 4713 2359 4782 ὑπήκουον,
2408 4705 2555 4761 κατά
2591 4705 2691 4776 τὴν
2739 4703 3092 4773 ἐγγινομένην
3132 4701 3316 4764 αὐτοῖς
3361 4698 3647 4767 ἐνέργειαν

2070 4803 2173 4857 ὑπὸ
2202 4801 2297 4855 τοῦ
2325 4799 2638 4869 Πνεύματος
2665 4795 2759 4850 τοῦ
2787 4795 2943 4863 ἁγίου
2962 4811 2977 4825 ο
3006 4794 3094 4848 διὰ
3134 4793 3291 4846 τοῦτο
3332 4793 3424 4846 καὶ
3452 4792 3648 4860 ὅρασιν

2068 4893 2202 4949 αὐτὸ
2230 4891 2326 4945 καὶ
2349 4890 2505 4959 λόγον
2533 4887 2739 4958 Κυρίου
2765 4884 2949 4941 καλεῖ·
2980 4883 3075 4937 καὶ
3098 4882 3265 4954 ἀκοὴν
3293 4883 3350 4936 δὲ
3372 4882 3447 4946 ὡς
3473 4880 3644 4950 είκδς,

2070 4980 2166 5035 ἅτε
2194 4981 2292 5051 τῆς
2322 4976 2692 5049 πνευματικῆς
2728 4972 3094 5038 διδασκαλίας,
3121 4972 3309 5042 ὥσπερ
3513 4987 3642 5034 τινι,

2069 5070 2370 5143 δεχομένων
2396 5068 2492 5140 τὴν
2519 5066 2720 5135 γνῶσιν
2740 5080 2754 5095 ³
2783 5064 2905 5119 ὅθεν
2928 5065 3021 5117 καὶ
3048 5066 3078 5118 6
3111 5061 3374 5133 μακάριος
3413 5062 3645 5123 Ἡσαῑας

2070 5162 2100 5215 6
2168 5162 2449 5236 προφήτης
2491 5160 2661 5234 φησί’
2710 5180 2730 5216 a
2774 5159 2992 5231 Κύριε,
3022 5156 3105 5218 τίς
3121 5155 3484 5222 ἐπίστευσετῇ
3502 5154 3644 5223 ἀκοῇ

2070 5251 2260 5320 ήμῶνς
2284 5268 2302 5301 ι
2328 5248 2416 5301 ἵνα
2435 5247 2584 5316 εἴπῃ,
2611 5249 2677 5317 τῇ
2707 5245 2903 5315 γνώσει
2918 5245 3024 5299 τῶν
3044 5244 3360 5315 δειχθέντων
3375 5246 3529 5314 ἡμῖν,
3547 5243 3649 5295 καὶ¹

2070 5334 2146 5396 ὧν
2177 5340 2530 5410 ἐδιδάχθημεν
2577 5334 2790 5390 θεόθεν·
2836 5334 3228 5391 ἀκολουθότατα
3261 5333 3316 5387 δέ
3360 5334 3451 5388 καλ⁵
3481 5334 3512 5385 6
3538 5348 3643 5403 μαο

2072 5429 2262 5501 κάριος
2293 5421 2500 5488 Παῦλος
2527 5424 2729 5497 ταύτην
2765 5441 2824 5479 τε
2856 5424 3050 5487 θεῐκῶς
3076 5423 3176 5493 τὴν
3219 5420 3403 5492 φωνὴν
3429 5420 3649 5490 ἐπήγα-

2070 5538 2186 5590 γεν·
2232 5542 2253 5577 ¢
2290 5521 2435 5590 ’Δρα
2469 5513 2713 5583 ἡιπίστις
2754 5515 2814 5581 ἐξ
2844 5518 3039 5589 ἀκοῆς,
3082 5512 3186 5582 ἠδὲ
3203 5507 3651 5580 ἀκοὴδιὰρήμα-

2072 5629 2161 5675 τος
2191 5609 2324 5665 Θεοῦ
2341 5626 2387 5662 ⁸)
2429 5607 2641 5672 δεικνὺς
2670 5606 2753 5661 ὅτι
2778 5605 2879 5660 οὐκ
2897 5603 3072 5666 ἄλλως
3096 5597 3319 5657 δυνατὸν
3343 5595 3442 5670 τὴν
3458 5590 3650 5655 τοιαύ-
