3966 6134
293 247 390 302 δη

1462 249 1551 304 ΤΗ
1561 250 1808 308 EODORI
1849 251 2330 310 MOPSUESTENI

3443 250 3545 306 3H

295 368 438 423 bello
466 368 634 425 veluti
664 367 890 433 indicto,
934 367 1108 441 pergit
1151 370 1296 438 loqui
1333 377 1525 423 contra
1553 370 1862 426 ldumzeam.

1974 369 2062 428 οὖν
2105 372 2381 427 κάνταῦθα
2425 371 2606 439 λέγει’
2657 388 2676 421 ι
2743 371 2866 424 Ὅτι
2904 368 3180 433 συνέλεξεν
3231 369 3259 420 ὁ
3303 367 3434 430 Θεὸς
3478 368 3549 422 τά

297 458 421 526 ἔθνη
443 500 458 523 ,
481 459 697 533 »ὥσπερ
729 462 835 514 τινί⁸
871 463 1020 530 φωνῇ
1060 459 1139 528 τῷ
1182 460 1510 531 ὲπιτάγματι
1554 462 1632 532 τῷ
1669 463 1854 533 οἰκείῳ
1883 462 2161 534 διεγείρων
2184 462 2380 524 αὐτοὺς
2409 464 2489 524 εἰς
2515 462 2604 515 τὸν
2634 459 2776 512 κατὰ
2817 460 2914 530 τῆς
2955 457 3253 529 Ἰδουμαίας
3290 457 3542 527 πόλεμον·

294 545 416 604 εἶτα
448 549 524 614 ὡς
552 551 646 603 τὸν
676 550 909 622 πόλεμον
943 549 1208 620 δηλώσας,
1241 552 1434 620 ἐπάγει
1462 553 1598 625 πρὸς
1623 554 1720 625 τὴν
1761 554 2064 624 Ἰδουμαίαν
2099 555 2290 624 αὐτήν.

373 645 538 701 Vens.
568 647 687 700 2-4.
716 677 784 686 —
817 664 836 696 ι
877 643 1017 700 Ecce
1045 647 1326 700 minimam
1351 647 1475 701 dedi
1521 649 1660 701 tein
1691 648 1868 717 genti-

299 738 432 804 bus;
472 738 820 793 vehementer
862 744 1172 805 contempta
1208 752 1290 792 es.
1339 757 1358 790 ι
1390 736 1580 809 Magna
1629 739 1744 801 tui,
1781 739 1868 794 iu-

297 831 453 897 quit,
480 827 627 882 caede
659 826 835 891 edita,
873 827 942 880 ad
975 827 1242 883 modicam
1277 838 1328 884 te
1354 843 1567 900 gentem
1603 829 1864 899 redigam,

298 921 374 973 ita
415 925 473 973 ut
511 919 754 973 omnium
809 919 1036 974 minima
1091 919 1209 983 llas,
1255 921 1532 990 multaque
1569 921 1866 992 ignominia

301 1010 544 1074 noteris;
579 1010 820 1065 hostium
849 1025 1078 1065 numero
1108 1026 1388 1080 oppressa,
1421 1020 1582 1081 atque
1614 1013 1865 1068 innume-

298 1103 376 1155 ris
419 1103 579 1158 malis
611 1102 828 1157 obruta.
867 1101 1124 1168 Quasnam
1168 1118 1330 1173 porro
1385 1105 1465 1158 rei
1513 1118 1680 1158 causa
1725 1103 1868 1157 fuit?

304 1214 321 1241 ς
361 1193 624 1263 Superbia
652 1194 833 1248 cordis
873 1195 952 1248 tui
981 1203 1035 1248 te
1065 1194 1257 1248 extulit
1285 1194 1610 1249 incolentem
1645 1196 1862 1266 rupium

302 1281 458 1353 145
498 1299 720 1354 specus,
754 1285 810 1339 in
849 1285 1070 1340 sublimi
1096 1283 1412 1339 habitaculo
1447 1291 1706 1348 stantem,
1743 1286 1862 1340 ani-

299 1389 496 1443 moque
535 1383 628 1429 tuo
665 1377 1015 1430 volutantem.
1046 1373 1182 1441 Quis
1223 1391 1310 1429 me
1346 1375 1402 1429 in
1435 1383 1636 1430 terram
1677 1375 1861 1430 detra-

299 1465 428 1520 het?
453 1483 470 1516 ι
519 1464 972 1535 Quandoquidem
1004 1465 1220 1521 Idumaei
1254 1474 1514 1521 montana
1549 1466 1604 1520 in
1642 1466 1862 1537 regione

298 1556 587 1626 degebant,
617 1557 717 1611 hoc
743 1556 858 1612 fere
879 1557 1050 1612 dicit:
1084 1557 1334 1629 Ingentes
1364 1558 1655 1613 adniodum
1697 1557 1863 1627 spiri-

298 1656 388 1702 tus
407 1647 572 1717 geris,
596 1648 722 1717 quia
744 1649 1092 1718 scepulorum
1123 1663 1375 1702 recessus
1398 1662 1656 1717 occupas,
1683 1649 1867 1716 ibique

301 1736 600 1803 spatiosam
635 1749 698 1789 ac
723 1735 1038 1798 maximam,
1073 1743 1132 1786 ut
1161 1740 1309 1788 certe
1335 1733 1644 1798 arbitraris,
1677 1737 1867 1789 statio-

301 1841 426 1881 nem
483 1834 678 1881 tenes:
725 1835 778 1880 et
821 1840 954 1880 sane
988 1825 1262 1879 neminem
1308 1823 1424 1879 fore
1462 1825 1640 1880 credis
1680 1826 1774 1895 qui
1817 1836 1868 1881 tc

308 1916 563 1984 praesenti
602 1915 968 1985 prosperitate
997 1914 1233 1983 dejicere
1271 1921 1456 1982 queat.
1501 1914 1866 1979 Quamobrem

300 2024 422 2076 qum
474 2008 616 2060 dicta
655 2017 804 2069 sunt,
854 2003 1106 2075 patieris;
1140 2016 1198 2059 ut
1228 2004 1432 2061 sentias
1474 2003 1674 2059 frustra
1705 2014 1868 2060 temet

304 2097 512 2167 aliquid
537 2109 659 2152 esse
688 2104 928 2166 putasse,
954 2095 1122 2148 invita
1146 2094 1241 2148 Dei
1266 2096 1564 2150 voluntate.
1594 2115 1612 2145 σ
1643 2095 1866 2152 Etiamsi

303 2189 497 2258 aquila
527 2188 698 2242 instar
724 2187 832 2241 alta
871 2195 1026 2256 petas
1049 2225 1064 2250 ,
1100 2193 1154 2240 et
1188 2185 1234 2239 si
1263 2184 1456 2240 mediis
1501 2185 1557 2239 in
1585 2185 1750 2240 astris
1780 2186 1866 2239 ui-

301 2278 432 2332 dum
463 2285 708 2342 statuas,
743 2278 892 2331 illinc
927 2291 1025 2347 ego
1075 2285 1128 2331 te
1167 2275 1482 2340 detraham,
1524 2274 1658 2329 dicit
1689 2275 1868 2330 Domi-

303 2385 426 2424 nus.
471 2389 491 2420 ι
527 2369 787 2425 Sublimis
846 2368 1040 2423 feraris
1090 2369 1238 2431 licet,
1298 2369 1493 2438 aquilae
1539 2382 1691 2422 more
1746 2383 1868 2437 quae

304 2467 515 2515 montes
542 2459 896 2528 supervolare
926 2457 1116 2528 procul
1145 2457 1316 2523 solet;
1355 2458 1409 2512 in
1441 2455 1636 2513 mediis
1673 2472 1867 2526 quam-

305 2551 388 2605 vis
415 2551 690 2606 sideribus
719 2549 904 2622 glorias
932 2557 1038 2604 tuae
1069 2547 1387 2618 magnitudo
1429 2555 1481 2601 te
1504 2547 1754 2611 collocet,
1783 2548 1866 2600 vi-

303 2642 456 2696 ribus
479 2641 616 2696 meis
652 2641 875 2696 minime
903 2639 1164 2703 obsistcs,
1191 2638 1376 2694 statim
1409 2652 1471 2691 ac
1502 2637 1867 2694 tedeturbare

302 2733 542 2786 voluero.

376 2918 541 2975 Vens.
576 2919 694 2975 5-7.
718 2947 788 2958 —
821 2934 840 2970 ‹
884 2913 942 2972 Si
983 2915 1131 2972 fures
1153 2915 1219 2971 ad
1260 2923 1312 2971 te
1333 2914 1611 2971 venissent
1645 2921 1871 2969 not-tur—

305 3014 430 3067 uive
484 3013 756 3073 latrones,
817 3008 1038 3062 ubinam
1089 3007 1330 3076 proiecta
1397 3006 1638 3062 fuisses?
1691 3021 1870 3060 nonne

305 3102 469 3156 furati
508 3107 693 3155 essent
741 3097 1066 3154 sufﬁcientia
1089 3098 1236 3153 sibi?
1268 3097 1331 3151 Et
1369 3097 1417 3152 si
1447 3097 1870 3152 viudemiatores

307 3194 373 3246 ad
409 3201 462 3248 te
495 3190 729 3262 ingressi
775 3190 1039 3253 fuissent,
1072 3205 1253 3244 nonne
1287 3189 1384 3243 tibi
1434 3204 1710 3244 racemum
1745 3189 1872 3243 reli-

305 3286 555 3355 quisscnt
574 3283 600 3337 ?.
619 3281 904 3349 Quomodo
925 3281 1187 3334 lustratus
1203 3288 1288 3334 est
1314 3279 1478 3345 Esau,
1504 3279 1870 3348 deprehensa-

305 3393 411 3445 que
468 3383 597 3430 sunt
642 3374 858 3427 occulta
896 3370 1108 3440 ejus?»
1146 3369 1204 3423 Si
1267 3369 1417 3425 fures
1470 3368 1674 3440 aliqui,
1731 3371 1868 3423 clam

306 3477 468 3522 noctu
519 3465 690 3520 furari
742 3462 890 3519 soliti
931 3462 986 3514 in
1039 3459 1262 3514 domum
1314 3468 1463 3514 tuam
1519 3461 1868 3530 irrupissem,

306 3557 497 3623 paucis
541 3553 770 3625 direptis
826 3552 1062 3606 fortasse
1107 3551 1530 3619 discessissent;
1581 3559 1639 3605 tu
1689 3558 1870 3605 tamen

307 3647 728 3717 haudquaquam
757 3643 965 3698 aedibus
1009 3641 1200 3711 pulsus
1235 3641 1468 3708 fuisses;
1503 3641 1610 3697 tuis
1643 3640 1788 3695 enim
1819 3649 1873 3695 te

307 3739 513 3793 laribus
557 3738 593 3790 ii
642 3736 735 3806 qui
787 3734 934 3789 furto
966 3733 1325 3788 tumultuario
1369 3733 1578 3804 aliquid
1607 3732 1874 3802 diripiunt

308 3831 546 3901 spoliare
583 3845 693 3884 non
739 3836 982 3898 possent.
1032 3826 1163 3882 Item
1205 3826 1351 3894 siqui
1387 3825 1674 3881 vindemia:
1705 3839 1872 3880 causa

308 3925 522 3977 vineam
570 3921 916 3982 introissent,
965 3918 1326 3974 nihilominus
1373 3924 1583 3987 partem
1632 3917 1870 3985 aliquam

309 4015 520 4068 fructus
554 4013 610 4067 in
646 4011 753 4066 vite
781 4011 1156 4082 reliquissent.
1207 4007 1592 4063 Verumtamen
1618 4007 1696 4061 rei
1725 4019 1875 4060 nunc

311 4107 406 4159 tibi
445 4115 719 4160 eventum
760 4104 866 4157 alia
915 4103 1054 4158 ratio
1096 4109 1181 4157 est
1221 4120 1235 4154 :
1282 4099 1668 4169 supervenient
1727 4099 1874 4153 enim

309 4202 528 4262 hostes,
559 4199 654 4268 qui
690 4206 973 4268 tantopere
1019 4196 1102 4249 tui
1143 4196 1454 4266 potientur,
1483 4203 1544 4247 ut
1566 4191 1751 4246 omnia
1783 4200 1874 4244 tua

311 4290 564 4351 scrutati,
589 4289 727 4342 nihil
751 4288 871 4351 tibi,
898 4286 1242 4342 reconditum
1271 4285 1416 4348 licet,
1446 4285 1722 4338 incolume
1748 4297 1875 4338 esse

311 4383 514 4437 sinant.
569 4379 717 4434 Adeo
763 4386 961 4434 cuncta
1005 4378 1061 4432 in
1103 4391 1292 4431 eorum
1339 4383 1662 4445 potestatem
1711 4375 1876 4430 deve-

313 4473 483 4538 nient,
515 4472 609 4543 qui
644 4470 907 4541 quidquid
936 4469 1151 4524 libitum
1187 4467 1349 4524 fuerit
1376 4468 1723 4539 depopulati,
1758 4477 1873 4522 tum

311 4567 528 4621 demum
597 4562 913 4619 abscedunt.
969 4559 1176 4616 Deinde
1243 4564 1315 4615 ob
1367 4561 1496 4615 mali
1553 4560 1876 4630 gravitatem

310 4656 690 4712 declarandam
715 4658 791 4710 ait
825 4673 841 4710 :
877 4673 897 4706 ι
928 4654 1118 4722 Usque
1147 4652 1216 4707 ad
1251 4653 1520 4707 terminos
1552 4659 1679 4706 tuos
1715 4652 1879 4706 dimi-

311 4756 500 4802 serunt
527 4754 578 4800 te
603 4746 708 4799 viri
743 4759 936 4800 omnes
970 4743 1193 4798 fmderis
1229 4743 1349 4808 tui;
1378 4743 1715 4796 obstiterunt
1748 4742 1875 4805 tibi;

311 4841 457 4894 vires
481 4853 612 4894 suas
643 4844 839 4891 contra
870 4843 924 4891 te
962 4834 1338 4889 intenderunt.
1378 4850 1397 4884 ›
1431 4830 1533 4897 Qui
1565 4831 1688 4899 jure
1722 4829 1881 4901 ιω

313 4931 565 4986 amicitia:
612 4927 898 4996 mutuique
937 4923 1178 4995 praesidii
1231 4931 1411 4978 tecum
1446 4929 1604 4976 antea
1643 4923 1878 4990 cepulati

312 5032 491 5087 erant,
523 5022 707 5078 statim
742 5035 810 5074 ac
833 5018 1164 5073 calamitatis
1199 5024 1306 5070 tua:
1333 5015 1650 5085 gravitatem
1693 5030 1878 5068 seuse-

315 5115 446 5175 riut,
493 5102 846 5168 aid-hostium
895 5117 1081 5180 partes
1122 5107 1466 5172 transibunt;
1512 5119 1748 5175 cumque
1795 5105 1880 5158 his

315 5203 698 5271 conspirantes
724 5201 926 5257 finibus
957 5199 1070 5255 tuis
1097 5207 1152 5255 te
1179 5198 1485 5269 propellent
1503 5237 1518 5260 ,
1546 5197 1675 5252 dum
1713 5195 1883 5251 hosti-

317 5293 422 5344 bus
457 5292 851 5360 gratificantur,
881 5301 1047 5362 atque
1079 5290 1136 5346 in
1157 5290 1527 5360 captivitatem
1557 5289 1877 5344 extrudent.

321 5383 385 5434 lli
415 5384 544 5438 totis
567 5384 776 5438 viribus
800 5385 1258 5446 adversabuntur,
1289 5391 1454 5452 atque
1479 5381 1732 5436 hostibus
1756 5396 1882 5449 sup-

320 5476 494 5542 petias
519 5471 714 5527 ferent.
750 5474 807 5528 ld
832 5476 1007 5542 ipsum
1046 5474 1175 5528 alibi
1208 5473 1391 5528 denuo
1427 5472 1597 5525 dicit:
1637 5490 1654 5522 ι
1688 5470 1877 5524 llomi-

322 5583 420 5618 nes
471 5566 547 5618 tui
592 5565 838 5633 paciﬁci,
895 5565 987 5633 qui
1031 5572 1208 5617 tecum
1247 5565 1425 5634 epulis
1464 5562 1880 5624 accumbehant,

323 5654 554 5709 insidias
613 5653 708 5706 tibi
767 5652 1190 5705 collocaverunt.
1246 5652 1400 5706 Nulla
1457 5662 1538 5705 est
1572 5652 1880 5723 [prudentia

2046 650 2191 720 Στίχ.
2223 649 2364 718 β’-δ’.
2391 677 2463 688 --
2497 666 2516 698 ι
2570 645 2699 699 Ἰδοὺ
2734 645 3007 712 ὀλιγοστὸν
3026 643 3233 703 δέδωκά
3253 659 3312 695 σε
3340 644 3398 696 ὲν
3430 644 3546 708 τοῖς

1973 742 2216 796 Εθνεσιν·
2259 740 2600 812 ἠτιμωμένος
2635 734 2685 792 εἶ
2738 739 2802 789 σὺ
2847 736 3068 806 σφόδρα.
3119 755 3135 788 ι
3181 735 3386 805 Πολλήν
3425 753 3542 799 σου,

1975 833 2127 903 φησι,
2166 829 2253 884 διὰ
2293 831 2400 883 τῶν
2440 827 2713 898 πολεμίων
2757 825 2855 897 τὴν
2899 825 3112 894 σφαγὴν
3149 824 3542 894 ἐργασάμενος,

1973 926 2052 987 εἰς
2091 923 2301 992 ὀλίγους
2345 937 2438 974 σου
2477 919 2791 991 περιστήσω
2824 916 2886 968 τὺ
2927 915 3110 978 ἔθνος·
3150 914 3290 968 ὥστε
3328 916 3544 968 πάντων

1973 1017 2258 1078 ἐλάττονας
2303 1011 2442 1068 εἶναι
2487 1015 2581 1066 καὶ
2617 1015 2674 1064 ἐν
2718 1011 2912 1082 ἀτιμίᾳ
2964 1009 3292 1062 καθεστάναι
3339 1009 3539 1080 πολλῇ·

1969 1107 2045 1170 ὡς
2072 1107 2175 1159 ὑπὸ
2206 1105 2416 1160 πολλῶν
2444 1123 2503 1158 τε
2541 1102 3040 1173 πεπολιορκημένον
3079 1102 3171 1153 καὶ
3197 1100 3410 1171 μυρίοις
3446 1118 3545 1153 πε-

1974 1194 2294 1265 ριϐληθέντα
2333 1198 2554 1259 κακοῖςο
2600 1189 2716 1246 εἶτα
2757 1191 2841 1256 τίς
2899 1193 2932 1260 ή
2970 1190 3150 1266 ait-ia;
3191 1208 3209 1239 ι
3259 1189 3323 1241 ἸΙ
3375 1189 3543 1256 ὑπερ-

1970 1287 2174 1357 ηφανία
2205 1285 2306 1357 τῆς
2330 1283 2556 1354 καρδίας
2587 1300 2681 1335 σου
2729 1281 2897 1350 ἐπῆρέ
2923 1296 2979 1332 σε
3004 1275 3448 1346 κατασκηνούντα
3485 1277 3542 1328 ὲν

1969 1380 2088 1441 ταῖς
2115 1377 2273 1438 ὀπαῖς
2292 1374 2398 1429 τῶν
2425 1374 2658 1445 πετρῶν,
2696 1371 2844 1442 ὑψῶν
2882 1371 2981 1442 τὴν
3019 1368 3296 1422 κατοικίαν
3337 1365 3500 1420 αὑτοῦ
3523 1383 3537 1395 ·

1969 1469 2140 1537 λέγων
2174 1469 2231 1521 ὲν
2261 1471 2329 1538 τῇ
2366 1465 2560 1536 καρδίᾳ
2591 1463 2783 1518 αὐτοῦ’
2814 1462 2909 1526 Τίς
2948 1478 3016 1531 με
3053 1459 3275 1524 κατάξει
3313 1457 3406 1512 ἐπὶ
3441 1458 3541 1528 τὴν

1969 1560 2107 1629 γῆν;
2142 1576 2164 1612 ι
2195 1557 2407 1626 Ἐπειδὴ
2427 1556 2533 1626 γὰρ
2557 1555 2731 1624 ὄρειον
2750 1553 2926 1623 ᾤκουν
2951 1551 3133 1623 χώραν
3158 1553 3207 1604 οἰ
3235 1550 3538 1619 Ἰδουμαῖοι,

1971 1649 2169 1720 μᾶλλον
2201 1648 2356 1701 τοῦτο
2375 1648 2538 1714 λέγει,
2579 1648 2658 1700 ὅτι
2690 1646 2968 1715 Ἀμέτρως
3000 1642 3249 1713 ἐπήρθης
3283 1640 3379 1711 τὴν
3415 1639 3536 1692 διά⁹

1968 1757 2134 1803 νοιαν,
2174 1740 2230 1791 ὲν
2260 1738 2584 1792 καταδύσεσι
2621 1737 2716 1806 μὲν
2753 1733 2918 1788 οἰκῶν
2956 1734 3191 1802 πετρῶν,
3239 1731 3434 1802 πολλὴν
3482 1731 3540 1783 δέ

1968 1820 2063 1884 σου
2096 1830 2191 1883 καὶ
2233 1829 2513 1899 μεγίστην,
2545 1828 2621 1891 ὡς
2649 1828 2781 1898 ᾤου,
2808 1824 3121 1895 πεποιηκὼς
3159 1824 3256 1894 τὴν
3285 1824 3495 1890 οἴκησιν
3521 1838 3536 1853 ο

1967 1924 2061 1978 καὶ
2080 1923 2144 1992 δὴ
2173 1923 2265 1974 καὶ
2283 1922 2527 1991 οἰόμενος
2555 1921 2651 1973 οὐκ
2685 1921 2750 1974 ἄν
2785 1935 2922 1972 ποτε
2954 1916 3170 1970 ἔσεσθαι
3193 1916 3284 1994 τὸν
3310 1913 3541 1984 δυνάμε-

1968 2015 2056 2067 νόν
2083 2030 2142 2066 σε
2174 2015 2270 2084 τῆς
2290 2012 2599 2082 προσούσης
2632 2010 2879 2063 ἐκϐαλεῖν
2905 2006 3207 2076 εὐπραγίας
3227 2022 3241 2036 ’
3289 2005 3428 2075 ὑπὲρ
3465 1996 3540 2057 ὧν

1965 2105 2030 2176 δὴ
2051 2105 2214 2176 πείσῃ
2238 2103 2308 2157 τά
2326 2102 2614 2174 εἰρημένα,
2639 2102 2723 2153 ἵνα
2744 2100 2906 2172 αἴσθῃ
2931 2099 3105 2169 μάτην
3140 2098 3381 2166 οἰόμενος
3401 2090 3540 2148 εἶναί

1966 2214 2018 2249 τι
2056 2195 2204 2258 θείας
2243 2195 2711 2266 ἀντιπραττούσης
2760 2192 2974 2262 βουλῆς.
3022 2190 3097 2260 (p.
3146 2189 3269 2258 220)
3325 2207 3341 2238 ι
3413 2187 3540 2240 Ἐἀν

1971 2284 2338 2357 μετεωρισθῇς
2395 2286 2471 2348 ὡς
2525 2285 2699 2348 ἀετὸς,
2761 2283 2854 2336 καὶ
2903 2281 2996 2334 ἐὰν
3057 2281 3157 2333 ἀνὰ
3219 2281 3378 2348 μέσον
3429 2277 3539 2328 τῶν

1966 2378 2180 2449 ἄστρων
2219 2377 2317 2447 θῇς
2360 2375 2578 2430 νοσσιάν
2611 2393 2727 2438 σου,
2767 2373 2974 2426 ἐκεῖθεν
3023 2370 3239 2437 κατάξω
3273 2386 3352 2433 σε,
3393 2368 3540 2435 λέγει

1966 2468 2188 2539 Κύριος.
2228 2488 2246 2519 ›
2280 2468 2441 2521 Ὥστε
2475 2466 2576 2520 κᾶν
2605 2465 2760 2520 ἀετοῦ
2781 2465 2935 2534 δίκην
2973 2453 3051 2526 εἰς
3081 2463 3211 2531 ὕψος
3247 2461 3440 2531 ἀρθῇς,
3481 2460 3542 2518 ὃς

1969 2560 2102 2614 πολὺ
2139 2559 2247 2612 τῶν
2282 2557 2424 2628 ὀρῶν
2464 2555 2865 2628 ύπερίπτασθαι
2900 2555 3129 2622 πέφυκε,
3162 2554 3255 2606 καὶ
3285 2555 3342 2605 έν
3388 2551 3538 2621 μέσῳ

1967 2651 2074 2706 τῶν
2093 2651 2305 2724 ἄστρων
2325 2650 2411 2704 διὰ
2428 2649 2526 2722 τήν
2543 2649 2845 2721 ὑπερϐολὴν
2860 2648 2957 2717 τῆς
2974 2643 3324 2716 περιφανείας
3346 2641 3539 2696 σαυτὸν

1968 2743 2345 2814 καταστήσῃς,
2392 2743 2492 2796 οὐκ
2540 2742 2794 2811 ἀρκέσεις
2842 2738 2978 2807 πρὸς
3024 2738 3124 2807 τὴν
3173 2735 3401 2803 δύναμιν
3440 2732 3538 2801 τὴν

1968 2835 2126 2906 ἐμὴν,
2157 2835 2230 2888 ὅτ’
2257 2835 2321 2888 ἄν
2351 2849 2409 2886 σε
2439 2833 2724 2902 κατασπᾷν
2763 2829 2948 2884 ὲθέλω.

1895 2943 1936 3000 C
2039 2927 2186 2995 Στιχ.
2224 2923 2363 2987 ε’-ζ⁹.
2403 2953 2474 2962 -
2512 2941 2531 2972 ‹
2583 2924 2646 2974 Ei
2675 2921 2900 2975 κλέπται
2937 2916 3180 2988 εἰσῆλθον
3221 2915 3354 2986 πρὸς
3382 2913 3459 2977 σὲ,
3491 2916 3540 2965 εἰ

1970 3017 2164 3088 λῃσταὶ
2202 3016 2414 3081 νυκτὸς,
2456 3014 2556 3067 ποῦ
2593 3012 2658 3067 ἂν
2698 3011 3042 3083 ἀπερῤίφηςς
3084 3009 3184 3062 οὐκ
3211 3007 3276 3061 ἂν
3309 3005 3540 3075 ἔκλεψαν

1969 3109 2039 3161 τὰ
2062 3107 2221 3160 ἰκανά
2254 3106 2472 3171 αύτοῖς;
2502 3105 2595 3157 καὶ
2631 3106 2680 3156 εἰ
2711 3101 2978 3174 τρυγηταὶ
3015 3097 3261 3166 εἰσῆλθον
3284 3096 3418 3167 πρὸς
3457 3096 3539 3155 σὲ,

1970 3202 2070 3254 οὐκ
2123 3199 2190 3252 ἂν
2247 3198 2569 3252 ὑπελίποντο
2635 3194 2982 3262 ἐπιφυλλίδας
3041 3192 3158 3254 πῶς
3219 3187 3542 3260 έξερευνήθη

1982 3291 2175 3350 Ἡσαῦ,
2202 3293 2296 3345 καὶ
2335 3288 2646 3360 κατελήφθη
2686 3288 2851 3341 αὐτοῦ
2889 3286 2956 3339 τὰ
2993 3283 3384 3356 κεκρυμμένα;
3427 3299 3446 3331 ι
3479 3280 3542 3332 Εἰ

1975 3383 2072 3453 μὲν
2103 3378 2194 3435 οὖν
2225 3381 2451 3435 κλέπται
2486 3381 2630 3443 τινὲς
2658 3381 2707 3432 oi.
2730 3377 3026 3449 λεληθότως
3052 3379 3109 3429 ὲν
3134 3378 3253 3439 ταῖς
3289 3373 3408 3436 νυξὶ
3446 3372 3542 3442 λῃ-

1973 3474 2181 3527 στεύειν
2220 3473 2464 3535 εἰωθότες
2489 3475 2568 3534 εἰς
2599 3470 2696 3541 τὴν
2751 3469 2925 3522 οἰκίαν
2964 3466 3281 3535 ἐπεισῆλθον
3301 3463 3397 3534 τὴν
3422 3462 3541 3532 σὴν,

1974 3565 2180 3636 βραχέα
2213 3563 2335 3616 τινὰ
2375 3562 2650 3625 λαϐόντες,
2687 3561 2848 3630 τυχὸν
2878 3558 3098 3628 ἐξῆλθον
3131 3557 3196 3612 ἄν
3217 3574 3231 3587 ·
3273 3556 3336 3608 σὺ
3359 3554 3417 3606 δὲ
3443 3555 3544 3606 οὐκ

1974 3656 2041 3711 ἂν
2076 3656 2387 3727 ἀπερρίφης
2422 3654 2518 3722 τῆς
2558 3653 2754 3718 οἰκίας,
2803 3649 2989 3720 ἐπειδὴ
3024 3649 3120 3718 τῆς
3169 3644 3435 3716 οἰκήσεώς
3481 3661 3545 3697 σε

1973 3749 2292 3819 ἀποστερεῖν
2332 3747 2379 3800 οἰ
2413 3746 2500 3800 διὰ
2544 3744 2792 3816 λῃστείας
2829 3728 2908 3796 τὰ
2943 3739 3313 3812 προστυχόντα
3353 3736 3542 3806 ἀφελό-

1977 3855 2128 3911 μενοι
2177 3840 2280 3892 ούκ
2319 3837 2612 3908 ἠδύναντοο
2654 3835 2749 3888 κςιί¹
2791 3834 2883 3886 ἐπὶ
2924 3830 3129 3903 τρύγην
3188 3829 3239 3882 δέ
3280 3845 3422 3902 τινες
3465 3829 3549 3890 εἰς

1975 3931 2276 4002 ἀμπελῶνα
2320 3928 2748 3999 εἰσεληλυθότες,
2797 3927 3012 3988 πάντως
3063 3925 3128 3979 ἄν
3183 3939 3302 3976 τινα
3333 3918 3551 3990 καρπὸν

1976 4023 2265 4078 κατέλιπον
2297 4026 2356 4076 ὲν
2382 4025 2502 4084 ταῖς
2524 4002 2786 4091 ἀμπέλοις
2805 4032 2821 4048 ⁸
2850 4019 2911 4072 τὸ
2937 4018 2994 4072 δέ
3020 4034 3082 4083 γε
3103 4015 3198 4069 νῦν
3219 4009 3300 4068 σοι
3329 4012 3550 4083 συμϐη-

1979 4112 2204 4182 σόμενον
2245 4112 2306 4164 ού
2352 4110 2592 4164 τοιοῦτον
2621 4109 2806 4162 ἔσται·
2834 4106 3211 4160 ὲπελεύσονται
3247 4102 3353 4174 γάρ
3387 4102 3550 4154 πολέ-

1983 4221 2094 4274 μιοι
2121 4203 2170 4256 οἳ
2196 4200 2450 4256 τοσοῦτόν
2479 4218 2572 4254 σου
2603 4199 3130 4270 κατακρατήσουσιν,
3164 4195 3304 4248 ὥστε
3330 4193 3555 4247 ἅπαντα.

1978 4295 2428 4364 έξερευνήσαντες
2453 4291 2522 4345 τὰ
2547 4291 2817 4363 προσόντα
2846 4307 2948 4354 σοι,
3001 4288 3132 4358 μηδὲ
3166 4287 3272 4340 τῶν
3299 4301 3548 4354 κεκρυμ-

1983 4385 2158 4455 μένων
2197 4386 2450 4454 ἀκέραιον
2486 4381 2703 4452 ἀφεῖναί
2743 4399 2796 4433 τι
2845 4381 2996 4450 παρὰ
3045 4380 3156 4432 σοί·
3194 4377 3336 4431 οὕτω
3367 4377 3551 4430 πάντα.

1979 4478 2085 4530 ὑπὸ
2115 4477 2216 4548 τὴν
2264 4475 2512 4543 ἐξουσίαν
2547 4475 2698 4526 ἔσται
2741 4472 2839 4543 τὴν
2883 4473 3125 4531 ἐκείνων.
3169 4470 3243 4540 (p.
3290 4467 3416 4537 εει)
3451 4467 3551 4520 καὶ
3621 4490 3626 4494 τ

1980 4568 2158 4622 πάντα
2204 4566 2464 4621 δοκοῦντα
2525 4563 2914 4618 ἀπελεύσονται
2964 4563 3249 4624 λαϐόντες·
3301 4556 3418 4612 εἶτα
3467 4561 3550 4622 εἰς

1977 4660 2198 4730 ἔλεγχον
2241 4658 2341 4727 τῆς
2390 4657 2694 4719 ὲπιτάσεως
2751 4654 2847 4708 τοῦ
2905 4652 3108 4708 κακοῦ·
3164 4671 3184 4703 ι
3240 4651 3386 4714 Ἕως
3439 4649 3554 4702 τῶν

1981 4751 2144 4820 ὁρίων
2172 4767 2264 4802 σου
2299 4747 2682 4814 ἐξαπέστειλαν
2713 4762 2773 4797 σε
2800 4744 2998 4807 πάντες
3021 4745 3068 4796 οἰ
3101 4741 3289 4811 ἄνδρες
3314 4740 3410 4810 τῆς
3428 4739 3556 4794 δια-

1984 4837 2156 4908 θήκης
2189 4855 2280 4890 σου
2301 4851 2314 4864 ⁸
2351 4835 2684 4906 ἀντέστησάν
2719 4850 2820 4897 σοι,
2860 4831 3201 4902 ἠδυνήθησαν
3238 4829 3373 4900 πρὸς
3395 4829 3474 4881 σέ.
3526 4847 3549 4879 ι

1983 4931 2095 4983 Καὶ
2142 4929 2249 4997 γὰρ
2288 4929 2380 4981 καὶ
2425 4930 2473 4981 οἱ
2518 4927 2779 4997 πρότερον
2817 4924 3106 4994 συνθήκας,
3131 4923 3309 4992 φιλίας
3355 4938 3415 4974 τε
3458 4923 3560 4978 καὶ

1987 5019 2298 5088 συμμαχίας
2317 5017 2528 5087 ἔχοντες
2548 5017 2684 5087 πρὸς
2712 5017 2790 5079 σὲ,
2813 5013 3135 5085 θεασάμενοί
3166 5031 3259 5065 σου
3279 5013 3376 5081 τῆς
3406 5027 3554 5080 συμ-

1986 5110 2158 5176 φορᾶς
2182 5107 2242 5160 τὺ
2278 5107 2524 5177 μέγεθος,
2571 5107 2712 5159 οὕτω
2741 5107 2841 5176 τῆς
2888 5105 2998 5158 τῶν
3041 5103 3292 5157 ἐναντίων
3336 5102 3556 5155 ἔσονται

1988 5201 2203 5270 μοίρας,
2234 5199 2372 5252 ὥστε
2421 5216 2480 5252 σε
2512 5200 2608 5252 σὺν
2641 5198 2870 5260 ἐκείνοις
2898 5197 3115 5250 πάντων
3147 5195 3412 5264 ὲξωθῆναι
3443 5194 3556 5247 τῶν

1983 5292 2146 5360 ὁρίων
2175 5291 2283 5344 τῶν
2309 5291 2438 5352 σῶν,
2459 5293 2642 5362 χάριτι
2672 5288 3072 5358 τῶνπολεμίων
3099 5289 3194 5342 ἐπὶ
3223 5289 3321 5358 τὴν
3351 5289 3557 5358 αἰχμα-

1985 5383 2184 5437 λωσίαν
2234 5382 2539 5444 ὠθοῦνταςο
2598 5382 2647 5435 οἳ
2703 5384 2797 5435 καὶ
2848 5381 3256 5450 ἀντιστήσονταί
3297 5397 3407 5444 σοι,
3461 5381 3554 5434 καὶ

1985 5474 2303 5542 δυνήσονται
2333 5476 2441 5535 τοῖς
2480 5473 2754 5542 πολεμίοις
2783 5471 3223 5541 συμπράττοντες
3264 5467 3381 5531 τοῖς
3405 5471 3553 5532 σοῖς·

1991 5566 2081 5616 καὶ
2111 5564 2168 5615 τὸ
2197 5564 2328 5616 αὐτὸ
2362 5563 2521 5615 πάλιν
2550 5566 2752 5633 ἑτέρως
2797 5562 2994 5630 λέγων·
3035 5582 3054 5614 ‹
3100 5561 3323 5629 ’Ἄνδρες
3349 5559 3556 5627 είρηνι-

1991 5653 2076 5706 κοί
2110 5671 2201 5705 σου
2231 5656 2276 5705 oi
2309 5653 2675 5716 συνεσθίοντές
2706 5671 2805 5717 σοι,
2844 5654 3044 5722 ἔθηκαν
3083 5651 3269 5718 ἕνεδρα
3297 5648 3557 5700 ὑποκάτω
