3966 6134
175 251 286 307 313

1389 259 1940 316 COMMENTARIUS
1975 259 2043 315 IN
2075 260 2353 317 ABDIAM.

3356 273 3465 330 51b

172 387 272 425 σου
298 388 314 400 ⁶
351 369 461 424 οὐκ
492 367 615 424 ἔστι
659 371 915 437 σύνθεσις
943 373 1002 426 ἐν
1033 373 1202 446 αὐτῷ.
1253 396 1270 427 ι
1307 377 1368 428 Οί
1400 379 1580 446 φιλίαν
1618 382 1786 433 ἀιιτπα⁴

1893 378 2037 448 ejus.
2076 399 2094 430 ι
2128 379 2231 445 Qui
2263 389 2442 435 tecum
2474 379 2715 436 amicitia
2737 382 2938 452 juncti,
2963 387 3240 440 communi
3275 402 3462 445 mensa

167 462 402 534 ζόμενοι
419 464 564 534 πρὸς
587 463 651 517 σέ
681 465 778 518 καὶ
808 465 953 519 ἀλῶν
975 483 1058 520 σοι
1087 468 1486 534 κοινωνοῦντες,
1521 473 1673 524 αὐτοί
1709 491 1789 526 σοι

170 557 375 626 λόχους
407 556 739 625 ὑφανοῦσιν,
793 559 874 620 εἰς
912 558 1184 614 ἀπώλειαν
1223 559 1466 629 ἄγοντες,
1504 565 1689 634 ἐπειδὴ
1722 565 1790 618 δι’

177 647 647 716 ὑπερϐάλλουσαν
693 649 878 702 ἄνοιαν
923 651 1044 703 ούδέ
1085 653 1379 723 διακρίνειν
1440 657 1567 720 τοὺς
1621 657 1789 722 ὅντως

180 739 376 808 ςῦιους
411 739 719 793 ἐπίστασαι
755 739 866 793 τῶν
900 741 1132 812 ἐχθρῶν.

248 831 410 901 Στίχ.
457 834 847 901 ﬂeat—(Eu
897 834 1080 906 ἐκείνῃ
1117 837 1183 906 τῇ
1229 837 1433 909 ἡμέρᾳ,
1481 839 1629 908 λέγει
1675 843 1788 894 Κύ-

187 938 320 989 ρεος,
351 921 556 974 ἀπολῶ
603 925 802 990 σοφοὺς
832 924 900 976 ἐκ
945 924 1044 994 τῆς
1077 925 1399 995 Ἰδουμαίας,
1442 931 1537 983 καὶ
1571 930 1787 986 σύνεσιν

186 1013 240 1077 ἐξ
270 1012 444 1081 ὅρους
500 1013 715 1066 Ἠσαῦο
768 1015 864 1068 καὶ
892 1017 1287 1087 πτοηθὴσονται
1325 1021 1377 1072 οἱ
1412 1024 1651 1092 μαχηταί
1693 1041 1786 1078 σου

187 1105 247 1155 ἐκ
280 1103 535 1174 Θαιμάν,
563 1105 716 1167 ὅπως
744 1106 946 1177 ἐξαρθῇ
977 1107 1258 1178 ἄνθρωπος
1291 1111 1352 1176 ἐξ
1387 1113 1548 1183 ὅρους
1589 1114 1784 1179 Ἠσαῦ,

186 1193 268 1246 διὰ
308 1193 411 1266 τὴν
445 1196 672 1265 σφαγὴν
712 1197 802 1250 xai.
830 1199 929 1267 τὴν
959 1199 1210 1253 ἀσέϐειαν
1251 1201 1351 1274 τὴν
1386 1206 1466 1268 εἰς
1509 1205 1601 1258 τὸν
1633 1207 1787 1260 ἀδελ-

191 1284 288 1352 ei»
319 1301 418 1337 σου
470 1284 709 1338 Ἰακώσυ
744 1287 838 1339 καὶ
873 1287 1102 1357 καλύψει
1143 1307 1202 1341 σε
1244 1291 1496 1361 αἰσχύνη,
1545 1293 1621 1358 (p.
1657 1294 1785 1364 2‘23)

189 1378 287 1429 καὶ
315 1376 614 1450 ἐξαρθήσῃ
643 1380 724 1439 είς
753 1378 845 1432 τὸν
872 1379 1061 1434 αἰῶνα.
1106 1401 1126 1433 ι
1177 1381 1524 1438 Ἀτυολοῦνται
1550 1385 1614 1456 δὴ
1649 1385 1786 1440 πάν-

190 1468 342 1530 τεςοί
372 1469 436 1520 ὲν
472 1469 610 1538 ὑμῖν
639 1469 772 1539 περὶ
796 1470 863 1524 τά
895 1471 1164 1543 πολεμικά
1191 1475 1344 1544 σοφοί
1375 1493 1434 1529 τε
1456 1477 1549 1529 καὶ
1569 1476 1785 1530 δυνατοί

190 1575 333 1624 τινες
369 1558 680 1629 αὐχοῦντες
719 1557 892 1614 εῖναιο
947 1563 1000 1616 οἵ
1044 1581 1103 1616 τε
1151 1565 1293 1634 μέγα
1331 1565 1652 1636 φρονοῦντες
1694 1569 1786 1620 ἐπὶ

196 1652 313 1713 ταῖς
345 1652 558 1719 μάχαις
597 1651 654 1702 ἐν
681 1650 920 1721 Θαιμάν,
944 1655 977 1722 ἥ
1015 1655 1240 1725 μεγίστη
1275 1656 1384 1709 τῶν
1412 1657 1616 1710 πολεων
1645 1654 1784 1713 εἶναι

1895 471 2209 532 utebantur,
2268 470 2699 529 machinationes
2741 475 2838 528 tibi
2885 484 3204 532 struxerunt
3246 493 3368 544 qua:
3407 481 3462 532 in

1893 563 2190 632 perniciem
2215 562 2638 636 ducerent,quia
2654 581 2752 634 pro
2774 574 2867 621 tua
2895 583 3106 622 summa
3136 570 3366 623 stultitia
3395 586 3464 624 ne

1890 670 2188 727 germanos
2241 656 2462 726 quidem
2507 658 2713 714 amicos
2758 660 2826 713 ab
2871 660 3112 715 inimicis
3152 660 3465 719 discernere

1891 749 2055 804 nosti.

1963 838 2127 895 Vens.
2157 839 2309 894 8-H.
2334 869 2406 881 —
2440 858 2458 890 ι
2503 839 2597 896 Illa
2641 840 2750 906 die,
2799 841 2979 913 inquit
3027 840 3315 906 Dominus,
3341 858 3464 912 pes-

1889 946 2011 985 sum
2063 931 2204 985 dabo
2255 930 2528 1000 sapientes
2576 932 2629 985 in
2677 932 2952 998 Idumam,
3009 935 3346 988 intellectum
3409 936 3461 986 in

1889 1032 2072 1079 monte
2107 1023 2248 1077 Esau
2281 1042 2292 1076 :
2325 1023 2517 1078 cadent
2547 1026 2840 1081 bellatores
2879 1027 2958 1080 tui
3003 1044 3034 1082 e
3081 1027 3358 1088 Tbaeman,
3392 1029 3463 1080 ita

1889 1121 1950 1168 ut
2001 1114 2398 1168 exterminetur
2452 1115 2615 1168 homo
2660 1132 2726 1171 ex
2779 1126 2964 1173 monte
3023 1117 3191 1180 Esau,
3243 1127 3464 1187 propter

1888 1206 2090 1261 eadem
2142 1215 2306 1274 atque
2346 1207 2645 1277 nequitiam
2698 1223 2860 1277 quam
2915 1211 2968 1263 in
3016 1207 3189 1263 Jaeob
3239 1208 3462 1262 fratrem

1889 1309 2042 1354 tuum
2092 1301 2384 1356 exseruisti
2419 1319 2432 1354 :
2473 1300 2768 1370 ignominia
2817 1301 3126 1370 oppleberis
3151 1340 3166 1364 ,
3212 1309 3375 1368 atque
3407 1301 3461 1354 in

1887 1397 2154 1444 aeternum
2201 1389 2491 1445 deleberis.
2539 1410 2558 1442 ι
2608 1389 2741 1444 Leto
2786 1391 3116 1445 occumbent
3153 1392 3466 1460 quicunque

1888 1481 2030 1549 apud
2058 1496 2156 1536 vos
2184 1483 2260 1537 rei
2294 1483 2501 1537 bellicae
2540 1478 2700 1547 periti
2727 1477 2974 1535 feruntur
2987 1481 3068 1536 vel
3092 1481 3462 1538 fortitudinem

1885 1573 2132 1640 iactant;
2181 1575 2383 1645 quique
2433 1574 2634 1644 puellis
2675 1572 2729 1626 in
2764 1571 3023 1627 Tha-man
3063 1573 3316 1642 pugnatis
3354 1573 3468 1641 glo-

1888 1665 2136 1731 riantur,
2169 1681 2291 1736 qua-
2333 1667 2568 1720 maxima
2613 1665 2829 1719 videtur
2865 1664 3083 1719 urbium
3123 1673 3464 1723 vestrarum;

194 1744 338 1794 ὣκεί
361 1743 477 1795 τῶν
513 1743 835 1815 ὑμετέρων·
884 1747 1195 1815 νικηθέντες
1249 1749 1326 1819 τῷ
1352 1751 1502 1821 φόόῳ
1543 1751 1650 1804 τῶν
1689 1754 1786 1806 ἐπ-

1893 1756 1942 1809 bi
1988 1763 2133 1812 metu
2172 1727 2495 1812 instantium
2531 1756 2798 1809 malorum
2843 1754 3040 1818 fracti,
3073 1757 3288 1810 animos
3322 1757 3467 1809 ultro

199 1830 537 1898 εληλυθότων
600 1832 788 1886 κακῶν
833 1837 913 1898 εἰς
943 1837 1169 1906 πτόησιν
1215 1841 1647 1910 καταστήσονται
1693 1846 1788 1898 καὶ

200 1921 391 1975 δειλίαν
413 1940 427 1952 ’
462 1923 710 1995 τοσαύτη
742 1925 852 1979 τῶν
883 1927 1184 1998 ἀνθρώπων
1225 1931 1469 1986 ἀπώλεια
1499 1937 1786 2006 γενήσεται

203 2012 301 2066 τῶν
329 2015 651 2086 ὑμετέρων,
702 2018 843 2088 ὑπὲρ
880 2011 955 2071 ὧν
1003 2020 1154 2073 αὐτοὶ
1186 2025 1311 2086 τοὺς
1360 2025 1620 2094 ἀδελφοὺς
1663 2031 1787 2091 τοὺς

204 2101 355 2167 £61203;
388 2107 454 2156 ἐκ
482 2105 588 2158 τοῦ
638 2107 836 2159 Ἰακὼϐ
875 2109 1212 2178 κατάγοντας
1244 2113 1306 2165 τὸ
1345 2114 1517 2181 γένος,
1546 2117 1604 2179 ὃς
1631 2117 1785 2170 ἀδελ-

202 2195 292 2262 ςὸς
312 2191 381 2266 ἦν
409 2197 509 2250 τοῦ
547 2199 837 2276 ὑμετέρου.
861 2203 1148 2272 προγόνου,
1189 2206 1523 2276 παρανόμοις
1563 2208 1788 2262 ἐκδεδὼ-

202 2305 320 2341 κατε
384 2294 505 2352 ταῖς
558 2295 829 2361 σφαγαῖςο
890 2294 1029 2366 ὑπὲρ
1076 2295 1140 2366 δὴ
1195 2298 1398 2351 τούτων
1455 2301 1681 2372 αἰσχύνη
1727 2320 1784 2354 τε

200 2379 617 2452 περιεληθήσῃ,
679 2383 774 2436 καὶ
819 2383 1056 2455 παντελῆ
1104 2385 1204 2455 τὴν
1262 2386 1538 2440 ἀπώλειαν
1579 2390 1787 2457 ὑπομε-

200 2473 322 2536 νεῖς.
376 2492 396 2524 ι
465 2475 590 2543 Ἀφ’
636 2471 707 2546 ἧς
749 2476 963 2547 ἡμέρας
1011 2477 1272 2549 ἀντέστης
1315 2479 1374 2546 ἐξ
1424 2481 1670 2544 ἐναντίας
1725 2481 1784 2532 ἐν

202 2564 377 2636 ἡμέρα
421 2567 950 2636 αἰχμαλωτευὸντων
981 2569 1283 2638 ἀλλογενῶν
1311 2570 1538 2642 δύναμιν
1582 2571 1746 2625 αὑτοῦ
1767 2587 1782 2602 ο

202 2657 288 2707 καὶ
328 2657 610 2728 ἀλλότριοι
633 2659 884 2730 εἰσῆλθον
905 2663 984 2724 εἰς
1019 2661 1192 2722 πύλας
1219 2661 1404 2730 αὐτοῦ,
1442 2663 1535 2719 ἐπὶ
1589 2664 1786 2735 Ἰερουτ

205 2747 379 2818 πλὴμ
414 2749 613 2802 ἔϐαλον
644 2753 903 2823 κλήρους,
935 2756 1024 2809 καὶ
1050 2755 1112 2808 σὺ
1135 2751 1202 2824 ἧς
1225 2755 1303 2816 ὡς
1332 2753 1413 2818 τίς
1438 2756 1498 2822 ἐξ
1529 2756 1727 2810 αὐτῶν.
1760 2776 1778 2807 ι

204 2838 318 2891 τῶν
348 2840 410 2892 δὲ
442 2841 898 2912 ἐπελευσομένων
917 2860 1000 2896 σοι
1021 2845 1204 2898 κακῶν
1238 2845 1298 2910 ἐξ
1327 2846 1537 2901 ἐκείνου
1576 2846 1784 2912 δέδεξαι

209 2932 295 3003 τίςν
317 2934 623 3004 ἀπόφασιν,
664 2936 814 3002 ἐξότε
839 2953 947 3008 περ
973 2937 1191 2990 τοιαῦτα
1230 2939 1370 2992 κατά
1394 2938 1501 2992 τῶν
1540 2939 1784 3007 ἀδελφῶν

207 3027 544 3096 τετόλμηκας
578 3027 689 3080 τῶν
730 3029 948 3081 οἰκείων
971 3047 984 3060 ·
1019 3030 1108 3083 ὅτε
1141 3029 1242 3098 μὲν
1281 3030 1548 3100 ἀλλότριοι
1589 3032 1783 3093 αὐτοὺς
1811 3070 1853 3126 C

208 3118 583 3186 αἰχμαλώτους
602 3117 929 3188 ἐλάμϐανον,
951 3119 1015 3172 σὺ
1041 3119 1097 3171 δὲ
1124 3121 1386 3192 ἀντέστης
1414 3121 1475 3185 ἐξ
1500 3123 1747 3184 ἐναντίας
1767 3139 1779 3151 ·

212 3210 286 3260 ἵνα
315 3210 469 3280 εἴπῃ·
527 3207 619 3261 Ἐν
648 3213 718 3279 τῇ
761 3208 870 3262 τῶν
891 3209 1098 3282 ἐχθρῶν
1126 3209 1321 3278 ἔταξας
1353 3213 1547 3265 σαυτὸν
1570 3213 1746 3283 μερίδι
1769 3227 1784 3240 ’

207 3303 292 3351 καὶ
324 3300 643 3368 ἀλλογενεϊς
681 3300 782 3370 μὲν
814 3300 994 3353 αὐτῶν
1027 3301 1106 3366 εἷς
1135 3320 1193 3356 τε
1232 3303 1330 3367 τὰς
1376 3303 1569 3366 λοιπὰς
1607 3304 1786 3366 πόλεις

205 3392 477 3463 εἰσῄεσαν,
521 3393 619 3446 καὶ
649 3393 786 3464 πρὸς
825 3397 946 3457 ταῖς
977 3394 1213 3459 λοιπαῖς,
1245 3397 1340 3450 καί⁵
1385 3395 1484 3468 τὴν
1527 3399 1789 3469 Ἰερουσα-

207 3485 348 3554 λήμ·
421 3487 517 3538 καὶ
569 3485 635 3555 δὴ
686 3485 779 3538 καὶ
827 3484 1014 3556 κλήρῳ
1069 3486 1138 3539 τὰ
1196 3487 1384 3541 ἐνόντα
1452 3488 1787 3560 διενείμαντο

208 3576 416 3628 πάντα·
451 3576 522 3628 σὺ
550 3575 608 3628 δὲ
636 3574 942 3638 ἐκοινώνεις
976 3579 1088 3639 τοῖς
1122 3576 1346 3631 τοιαῦτα
1386 3577 1676 3648 τολμῶσιν.

269 3669 422 3739 Στίχ.
456 3668 642 3738 ιβ’-ιδ.
671 3698 743 3708 -
773 3688 792 3720 ι
834 3669 944 3722 Καὶ
973 3669 1046 3740 μὴ
1081 3669 1270 3742 ἐπίδῃς
1310 3671 1525 3742 ἡμέραν
1555 3670 1784 3742 ἀδελφοῦ

1887 1847 2319 1916 despondebunt.
2375 1846 2550 1901 Tanta
2609 1847 2700 1902 fiet
2751 1848 2952 1902 civium
2992 1855 3300 1903 vestrorum
3347 1847 3466 1900 cla-

1886 1941 2022 1997 desl
2057 1950 2342 2013 propterea
2376 1943 2521 2012 quod
2558 1943 2660 2013 ipsi
2707 1943 2907 1997 fratres
2929 1949 3172 2005 vestros,
3207 1955 3271 1994 ex
3296 1937 3466 1994 Jacob

1888 2035 2222 2105 progenitos,
2257 2033 2353 2104 qui
2387 2035 2556 2088 vestri
2605 2033 2975 2104 progenitoris
3015 2047 3308 2101 germanus
3340 2030 3462 2090 fuit,

1889 2124 2178 2179 immeritis
2207 2123 2458 2178 cladibus
2484 2122 2763 2177 affecistis.
2793 2122 3025 2184 Idcirco,
3055 2123 3301 2190 inquam,
3338 2136 3465 2189 pro-

1889 2215 1988 2269 bro
2019 2213 2435 2278 suffundemini,
2467 2231 2896 2285 supremumque
2926 2215 3153 2269 exitium
3217 2211 3461 2268 adibitis.

1893 2323 1912 2353 ι
1968 2303 2044 2356 lix
2094 2321 2204 2373 quo
2257 2304 2345 2358 die
2402 2305 2750 2361 adversarius
2803 2304 3145 2368 constitisti;
3211 2317 3322 2373 quo
3376 2303 3466 2357 die

1887 2395 2204 2464 alienigena:
2265 2395 2320 2449 in
2372 2397 2740 2466 captivitatem
2802 2397 3119 2467 redigebant
3164 2395 3462 2466 potentiam

1884 2487 2054 2556 ejus;
2117 2487 2474 2556 extraneique
2539 2487 2988 2558 ingrediebantur
3055 2496 3242 2558 portas
3310 2486 3462 2556 ejus.

1887 2593 2160 2647 superque
2190 2576 2568 2650 Hierosolyma
2599 2589 2778 2634 sortes
2801 2579 3125 2645 mittebant;
3159 2587 3220 2633 tu
3243 2594 3466 2650 quoque

1885 2685 2008 2725 eras
2063 2677 2326 2739 tanquam
2368 2687 2514 2725 unus
2560 2686 2625 2726 ex
2671 2671 2802 2726 illis.
2858 2689 2876 2723 ι
2914 2670 3312 2726 Eventurorum
3365 2671 3465 2724 tibi

1887 2762 2155 2814 malorum
2195 2777 2263 2816 eo
2317 2771 2564 2831 tempore
2603 2777 2828 2817 causam
2877 2763 2975 2817 tibi
3019 2761 3348 2822 conciliasti,
3395 2776 3461 2815 ex

1885 2868 1996 2922 quo
2039 2852 2304 2909 adversus
2345 2851 2545 2909 fratres
2599 2861 2728 2908 tuos
2769 2854 2895 2907 talia
2931 2852 3111 2908 facere
3149 2867 3318 2907 ausus
3352 2866 3414 2906 es
3447 2871 3459 2904 :

1886 2961 2011 3000 cum
2049 2947 2299 3001 extranei
2337 2946 2564 3000 servitio
2609 2961 2706 3000 eos
2757 2945 3164 3015 mancipabant,
3204 2943 3360 3015 147
3405 2953 3462 2997 tu

1886 3051 1952 3091 ex
1978 3035 2209 3090 adverso
2237 3036 2567 3091 constiteras
2587 3077 2600 3099 ,
2634 3037 2686 3089 id
2716 3043 2801 3090 est
2829 3042 2883 3090 te
2913 3036 2968 3088 in
3007 3035 3249 3090 hostium
3282 3040 3464 3104 partes

1885 3129 2228 3198 conjeceras.
2263 3128 2465 3196 Utique
2491 3128 2811 3198 alienigena:
2833 3136 3062 3183 cunctas
3091 3129 3277 3190 urbes,
3301 3136 3465 3196 atque

1887 3221 1942 3274 in
1985 3220 2070 3275 his
2119 3219 2524 3292 Hierosolyma.
2573 3228 3012 3290 occupaverunt;
3065 3215 3464 3285 manubiasquc

1889 3312 2137 3367 sortibus
2158 3313 2502 3378 diviserunt;
2537 3320 2594 3366 tu
2623 3326 2751 3366 vero
2781 3311 2912 3365 talia
2943 3311 3262 3365 audentium
3295 3309 3466 3378 parti-

1886 3417 2015 3473 ceps
2039 3417 2183 3458 eras.

3006 3494 3034 3518 κ

1963 3675 2128 3731 Vsus.
2185 3673 2372 3730 12-14.
2404 3702 2476 3714 —
2509 3690 2528 3724 ι
2565 3670 2752 3741 Neque
2810 3669 3084 3740 despicias
3126 3665 3334 3722 ‘fratris
3385 3667 3464 3721 tui

203 3776 294 3812 σου
325 3762 388 3812 ἰν
415 3759 606 3831 ἡμέρᾳ
648 3759 961 3831 ἀλλοτρίων·
1019 3773 1102 3831 (p.
1127 3761 1260 3831 ἥδ)
1295 3765 1390 3816 καὶ
1425 3761 1499 3834 μὴ
1533 3764 1784 3835 ἐπίχαιρε

1893 3771 2058 3833 diem,
2112 3769 2168 3822 in
2202 3767 2290 3821 die
2329 3765 2802 3836 alienigenarum;
2835 3776 3016 3831 neque
3053 3759 3253 3815 lateris
3297 3774 3464 3829 super

202 3850 293 3901 ἐπὶ
314 3850 447 3911 τοὺς
478 3849 632 3911 υἱοὺς
667 3849 838 3904 Ἰούδα
865 3851 925 3904 ἐν
952 3851 1134 3922 ἡμέρᾳ
1160 3850 1433 3913 ἀπωλείας
1462 3852 1662 3905 αὐτῶν·
1694 3854 1786 3906 καὶ

1893 3861 2040 3917 Iuda:
2108 3859 2234 3914 filiis
2271 3858 2327 3911 in
2360 3857 2451 3912 die
2489 3854 2644 3911 ferali
2669 3869 2883 3918 eorum;
2915 3868 3092 3922 neque
3113 3851 3349 3920 superbe
3385 3851 3465 3904 lo-

205 3941 279 4012 μὴ
331 3940 901 4016 μγαλορῤημονήστις
961 3944 1020 3994 εν
1076 3942 1261 4014 ήιιιέριιι
1307 3943 1536 4013 θλίψεως
1585 3944 1786 3997 αὐτῶν·

1893 3952 2080 4023 quaris
2110 3951 2165 4004 in
2195 3949 2285 4002 die
2315 3947 2650 4002 calamitatis
2671 3960 2898 4010 eorum;
2933 3960 3111 4014 neque
3141 3941 3470 4013 ingrediaris

205 4034 341 4104 μηδὲ
363 4033 618 4107 εἰσέλθῃς
646 4036 720 4098 εἰς
753 4034 928 4096 πύλας
946 4034 1088 4088 λαῶν
1109 4036 1166 4087 ἐν
1184 4035 1366 4106 ἡμέρα
1390 4035 1567 4088 πόνων
1585 4037 1786 4090 αὐτῶν*

1893 4051 2083 4114 portas
2123 4041 2450 4112 populorum
2482 4039 2539 4092 in
2569 4037 2660 4094 die
2698 4037 2872 4092 cladis
2909 4051 3133 4102 eorum;
3170 4047 3347 4103 neque
3381 4031 3470 4087 de-

203 4127 296 4178 καὶ
333 4127 414 4196 μὴ
441 4126 638 4199 ἐπίδῃς
681 4128 776 4180 καὶ
802 4129 868 4181 σὺ
899 4128 992 4179 ἐπὶ
1033 4127 1132 4198 τὴν
1160 4127 1482 4196 συναγωγὴν
1517 4128 1696 4180 αὐτῶν
1728 4129 1786 4181 ἐν

1893 4135 2096 4205 spicias
2123 4131 2626 4203 congregationem
2668 4145 2861 4186 eorum
2901 4131 2957 4183 in
2997 4127 3087 4182 die
3133 4141 3246 4196 quo
3281 4125 3469 4179 interi-

201 4218 392 4288 ἡμέρα
411 4216 640 4288 ὀλέθρου
667 4217 867 4280 αὐτῶν,
912 4216 1047 4287 μηδὲ
1100 4216 1359 4288 συνεπιθῇ
1392 4217 1484 4268 ἐπὶ
1515 4217 1608 4287 τὴν
1629 4217 1786 4270 δύνα-

1895 4228 2066 4290 bunt;
2108 4240 2288 4292 neque
2324 4224 2603 4278 inveharis
2643 4223 2698 4276 in
2739 4222 3038 4292 potentiam
3067 4234 3257 4275 eorum
3287 4219 3343 4272 in
3377 4217 3468 4273 die

207 4326 296 4376 μιν
324 4307 510 4360 αὑτῶν
535 4309 594 4359 ἐν
613 4307 796 4378 ἡμέρα
819 4307 1092 4371 ἀπωλείας
1117 4307 1296 4361 αὐτῶν
1320 4325 1334 4338 ⁸
1375 4309 1509 4378 μηδὲ
1558 4310 1786 4379 ἐπιστῇς

1893 4335 2003 4390 quo
2034 4318 2324 4388 peribunt;
2361 4333 2538 4386 neque
2567 4318 2787 4372 steteris
2816 4320 2870 4371 in
2897 4317 3135 4372 exitibus
3163 4329 3375 4376 eorum,
3407 4319 3469 4366 ut

203 4402 295 4451 ἐπὶ
339 4399 440 4462 τάς
475 4399 759 4462 διεκϐολὰς
799 4398 980 4452 αὐτῶν
1012 4399 1384 4470 ἐξολοθρεῦσαι
1416 4401 1541 4463 τοὺς
1578 4402 1786 4455 ἀνασω-

1893 4410 2188 4465 evadentes
2217 4407 2447 4474 perdas;
2478 4421 2654 4475 neque
2683 4405 2864 4475 fugam
2894 4419 3083 4460 eorum
3117 4403 3385 4473 impedias
3412 4402 3468 4454 in

207 4491 467 4558 ζομένους
489 4490 551 4555 ἐξ
573 4489 774 4553 αὐτῶν,
803 4490 938 4560 μηδὲ
987 4490 1311 4562 συγκλείσῃς
1337 4492 1464 4553 τοὺς
1491 4491 1786 4559 φεύγοντας

1893 4498 1982 4552 die
2013 4496 2334 4551 calamitoso
2358 4510 2571 4548 eorum.
2611 4514 2628 4542 ι
2666 4494 2900 4548 Verbum
2932 4513 2951 4545 ι
2985 4494 3257 4562 despicias
3289 4511 3308 4543 ι
3345 4506 3467 4559 pro,

210 4582 388 4634 αὐτῶν
425 4585 485 4634 ἐν
523 4581 708 4653 ἡμέρα
741 4581 992 4652 θλίψεως.
1035 4599 1055 4634 ›
1101 4582 1177 4635 Τὸ
1223 4600 1242 4632 ι
1283 4582 1357 4653 μὴ
1389 4582 1577 4654 ἐπίδῃς
1613 4601 1630 4631 ι
1669 4583 1790 4634 ἀντὶ

211 4675 325 4738 τοῦ,
354 4674 468 4728 Ἰνα
500 4676 576 4744 μὴ
610 4674 882 4744 ἐφησθῇς,
914 4674 1062 4742 λέγει
1082 4691 1094 4705 ”
1129 4674 1245 4727 Ἵνα
1280 4675 1354 4744 μὴ
1388 4673 1582 4734 ταῦτα,
1615 4675 1780 4744 φησὶ,

215 4770 388 4837 ποιῇς·
409 4765 718 4830 ἀκολούθως
742 4766 851 4838 γὰρ
869 4769 981 4829 τοῖς
1006 4767 1294 4837 amem
1321 4768 1496 4820 εἰπεῖν
1523 4765 1786 4833 βούλεται,

219 4860 294 4910 ὅτι
340 4859 512 4930 Ὑπὲρ
545 4857 750 4912 τούτων
780 4856 976 4921 δώσεις
998 4857 1171 4927 δίκην,
1201 4859 1295 4911 καὶ
1321 4858 1420 4928 τὴν
1446 4855 1789 4927 μηνυομένην

223 4950 501 5020 ὑπομενεῖς
516 4949 786 5021 τιμωρίαν
807 4966 818 4977 ·
852 4949 1041 5019 ἐπειδὴ
1064 4949 1354 5020 ἐπέχαιρες
1376 4950 1496 5010 ταῖς
1514 4946 1608 4999 τοῦ
1635 4946 1791 5000 ἀδελ-

225 5042 316 5107 φοῦ
347 5045 671 5114 αυμφοραῖςο
703 5042 830 5095 καθ’
860 5041 921 5094 ὃν
948 5041 1145 5093 ἐκεῖνοι
1183 5039 1372 5110 καιρὸν
1408 5039 1507 5109 τὴν
1546 5039 1650 5090 ὑπὸ
1681 5039 1788 5091 τῶν

227 5133 503 5203 ἀλλοτρίων
532 5135 806 5205 ὑπέμενον
846 5132 1142 5186 ἀπώλειαν
1178 5133 1272 5185 καὶ
1305 5133 1362 5184 ἐν
1395 5133 1656 5200 ἀνάγκαις
1689 5132 1787 5183 αύ-

229 5224 322 5275 τῶν
348 5225 743 5298 ἐξεταζομένων
769 5225 1044 5295 ἐφθέγγου
1074 5228 1313 5296 ῥήματα,
1330 5219 1417 5278 οἷα
1444 5225 1589 5286 εἰκὸς
1611 5225 1702 5276 ἐπὶ
1721 5226 1786 5294 τῇ

231 5316 384 5370 αὐτῶν
411 5321 671 5393 ἡδόμενος
721 5317 997 5388 ἀπωλείᾳκ
1058 5319 1119 5370 τὸ
1156 5317 1263 5388 γὰρ
1313 5337 1331 5366 ι
1377 5318 1790 5389 μεγαλορρημο-

233 5408 367 5483 ’δήσῃς
396 5433 414 5466 ι
447 5414 608 5468 τοῦτο
641 5412 820 5480 λέγει·
853 5409 952 5462 καὶ
979 5408 1037 5460 ἐν
1070 5409 1335 5477 ἀνάγκαις
1365 5409 1532 5460 ὄντων
1566 5409 1790 5460 ἐκείνων

225 5502 392 5577 είσῄεις
426 5508 521 5561 καὶ
546 5505 718 5568 αὐτὸς
761 5503 846 5564 εἰς
879 5499 981 5570 τὴν
1001 5500 1154 5552 πόλιν
1181 5500 1319 5570 μετά
1341 5500 1449 5552 τῶν
1476 5500 1699 5564 λοιπῶν,
1723 5501 1790 5550 τὰ

216 5598 499 5676 ἐνδεχόμενα
545 5598 703 5655 κακὰ
753 5594 1038 5664 διαθήσων
1084 5593 1296 5656 αὐτούς·
1334 5591 1434 5644 κᾶν
1474 5592 1526 5643 εἴ
1563 5610 1705 5654 τινες
1734 5592 1788 5642 δὲ

206 5696 348 5752 αἰτῶν
367 5695 668 5766 διαφυγεῖν
699 5704 828 5750 πως
861 5685 1144 5756 ἠδύναντο,
1183 5685 1279 5755 τὴν
1322 5683 1588 5752 σωτηρίαν
1618 5683 1789 5751 τούτῳ

1895 4589 1972 4644 Ne
2008 4585 2319 4650 delecteris,
2351 4593 2603 4654 usurpat,
2657 4585 2709 4638 id
2751 4593 2870 4639 est:
2913 4584 3057 4637 Cave
3098 4583 3230 4636 talia
3274 4580 3466 4633 facias.

1897 4679 2290 4748 Superioribus
2317 4678 2462 4733 enim
2496 4691 2810 4732 consonans
2838 4674 3021 4738 dictis,
3051 4672 3327 4744 significat
3352 4671 3468 4724 fore

1895 4780 1955 4825 ut
2006 4787 2199 4840 poenas
2247 4786 2347 4840 pro
2400 4771 2487 4824 his
2540 4769 2824 4824 maleficiis
2871 4766 2993 4824 des.
3044 4763 3470 4835 praedictamque

1894 4861 2427 4916 animadversionem
2457 4861 2724 4930 perferas,
2747 4858 2876 4928 quia
2903 4858 3117 4910 Iatatus
3139 4871 3200 4910 es
3234 4854 3468 4908 fratrum

1893 4961 2115 5008 tuorum
2149 4953 2399 5007 adversis
2427 4952 2676 5016 casibus,
2711 4965 2822 5020 quo
2853 4957 3098 5019 tempore
3122 4947 3176 5000 bi
3207 4947 3276 4999 ab
3303 4944 3472 4998 hosti-

1895 5046 1998 5100 bus
2045 5047 2410 5098 vastabantur
2453 5062 2468 5098 :
2517 5043 2758 5114 dumque
2805 5041 3075 5112 angustiis
3115 5043 3466 5094 vexarentur.

1894 5137 2058 5192 verba
2098 5136 2408 5202 ell‘utiebas,
2452 5151 2574 5204 quae
2609 5138 2788 5191 solent
2829 5136 2866 5188 ii
2921 5135 3014 5204 qui
3071 5133 3252 5185 alieno
3299 5129 3470 5184 exitio

1896 5229 2152 5297 gaudent.
2213 5226 2328 5280 Hoc
2381 5227 2526 5280 enim
2571 5227 2845 5295 signiﬁcat
2896 5243 2914 5274 ι
2952 5222 3190 5293 superbe
3238 5221 3406 5290 loqui.
3445 5239 3463 5272 ι

1897 5319 2073 5387 Atque
2103 5318 2160 5371 in
2194 5330 2386 5371 eorum
2434 5316 2713 5385 pressuris
2747 5323 2806 5368 tu
2838 5315 3028 5367 urbem
3059 5328 3184 5366 cum
3219 5313 3469 5368 hostibus

1899 5408 2318 5479 ingrediebaris,
2351 5417 2411 5460 ut
2441 5406 2672 5460 fratrum
2705 5406 2915 5460 cladem
2951 5420 3201 5475 augeres.
3231 5404 3387 5470 Quod
3420 5407 3466 5460 si

1898 5502 1990 5569 qui
2037 5501 2176 5554 forte
2207 5501 2348 5552 viam
2386 5498 2523 5566 fuga:
2560 5498 3033 5562 nanciscerentur,
3063 5498 3117 5550 in
3159 5512 3265 5566 qua
3303 5496 3467 5551 unice

1899 5607 2048 5659 sporn
2088 5591 2280 5642 salutis
2323 5589 2690 5653 collocabant,
2737 5590 2836 5644 hos
2877 5599 2934 5643 tu
2983 5607 3200 5661 quoque
3240 5589 3466 5660 perdere

1899 5682 2183 5750 satagebas
2214 5698 2224 5744 ;
2255 5681 2478 5749 capiens
2515 5683 2770 5736 ninurum
2819 5683 3103 5752 profugus,
3142 5698 3205 5736 ac
3237 5681 3470 5750 puniet:-
