3966 6134
434 263 543 322 319

1588 256 1940 314 THEODOBI
2015 251 2496 312 MOPSUESTENI

3579 245 3700 304 320

441 379 604 436 hamo
648 380 950 453 Davidique
989 379 1154 436 editis
1187 374 1601 440 conﬁciebatur,
1647 373 1847 443 quibus
1879 387 2004 442 pro-

2125 369 2227 422 rOat
2273 368 2494 439 ταύτην·
2529 364 2739 428 οὐδενὸς
2782 362 2839 416 δὲ
2873 357 3036 433 ἦττον
3065 358 3130 414 ἐκ
3178 377 3237 412 τε
3267 360 3374 414 τῶν
3423 359 3569 414 κατά
3597 360 3701 414 τὸν

443 471 700 538 miserat;
746 472 823 526 illi
863 471 1106 541 quidem,
1141 467 1256 524 fore
1298 473 1360 520 ut
1392 479 1583 519 omnes
1609 469 1802 533 gentes
1841 463 1895 515 in
1930 477 2012 517 se-

444 562 591 616 mine
634 562 756 629 ejus
813 561 1305 623 benedicerentur;
1348 557 1479 611 huic
1516 564 1722 619 autem,
1778 553 1897 608 fore
1952 559 2010 607 ut

443 651 677 716 posteris
736 651 857 720 ejus
921 657 1243 721 perpetuum
1305 662 1533 718 regnum
1593 645 2008 700 attribueretur.

442 738 575 805 Quae
615 741 802 811 itaque
853 741 1156 797 secundum
1192 739 1376 809 populi
1429 737 1892 792 existimationem
1939 735 2017 788 si-

445 829 774 896 gniﬁcabant
825 832 1001 894 illum,
1049 830 1208 898 cujus
1251 843 1416 883 causa
1462 827 1544 881 hac
1593 841 1680 880 res
1723 823 2014 880 efﬁcienda:

444 929 623 982 erant,
673 936 736 975 ea
787 937 981 990 reapse
1022 921 1076 974 in
1131 920 1333 975 Christi
1377 916 1589 971 Domini
1641 915 2017 970 incarnatione

445 1017 727 1077 comperta
755 1018 883 1063 sunt
919 1009 1128 1064 exitum
1152 1009 1354 1064 habere
1380 1023 1393 1059 :
1432 1006 1486 1060 in
1516 1020 1625 1074 quo
1651 1004 1816 1058 etiam
1844 1003 2015 1074 genti-

447 1099 552 1154 bus
592 1115 718 1154 vere
763 1100 993 1169 contigit
1029 1099 1299 1159 benedici,
1355 1105 1411 1152 et
1460 1103 1782 1165 perpetuum
1825 1095 2017 1148 incon—

447 1202 783 1258 cussumque
818 1189 1034 1258 generis
1072 1203 1298 1258 regnum
1347 1186 1485 1241 ﬁeri.
1523 1186 1818 1255 Propterea
1852 1185 2014 1240 etiam

450 1277 546 1333 Dei
577 1281 917 1350 providentia
948 1280 1094 1334 circa
1117 1277 1377 1350 populum
1407 1277 1578 1331 multa
1604 1275 1730 1339 fuit,
1757 1275 2016 1345 quoniam

450 1383 640 1423 omnes
673 1369 1107 1439 promissionum
1141 1368 1412 1423 dictarunt
1455 1381 1749 1432 memores,
1795 1373 2019 1436 empta-

449 1467 568 1514 tum
621 1458 824 1516 Christi
889 1459 1106 1514 Domini
1178 1458 1636 1530 praestolabantur
1704 1457 2015 1514 adventum.

448 1550 628 1619 Atque
659 1549 774 1605 haec
815 1564 982 1605 causa
1024 1549 1147 1614 fuit,
1185 1565 1285 1604 cur
1317 1550 1552 1620 plurima
1598 1549 1652 1603 in
1680 1548 1876 1604 Vetere
1912 1549 2019 1604 Te-

449 1647 722 1697 stamento
747 1641 894 1698 Deus
921 1641 1224 1696 secundum
1254 1641 1525 1710 ejusmodi
1551 1641 2020 1696 administraverit

449 1732 717 1787 rationem

453 1819 607 1892 151
636 1822 950 1878 hominibus
1000 1823 1294 1876 maximam
1342 1823 1655 1890 praeberent
1706 1823 2017 1887 utilitatem,

451 1917 570 1965 tum
631 1914 795 1967 etiam
850 1913 1302 1984 signiﬁcationem
1358 1913 1622 1968 haberent
1660 1913 2018 1983 gerendarum

452 2011 639 2073 postea
685 2020 868 2059 rerum
913 2024 928 2060 :
981 2013 1335 2075 praeterquam
1384 2005 1530 2074 quod
1573 2006 1894 2061 excellentia
1947 2007 2020 2059 si-

453 2094 567 2146 mul
615 2108 777 2163 quam
822 2095 1056 2163 plurima
1098 2093 1234 2148 Novi
1284 2109 1395 2163 prae
1441 2092 1636 2149 Vetere
1673 2093 2020 2148 Testamento

453 2184 766 2251 apparitura
798 2192 935 2237 erat.
981 2183 1329 2253 Compertum
1375 2191 1460 2239 est
1501 2184 1670 2254 igitur
1703 2185 1806 2239 hoc
1835 2185 2017 2249 modo,

455 2279 644 2326 vetera
675 2288 796 2330 esse
821 2280 1006 2344 typum
1038 2275 1330 2342 quemdam
1354 2275 1737 2344 posteriorum,
1772 2290 1879 2330 non
1901 2274 2021 2330 sine

455 2362 636 2432 aliqua
683 2365 998 2420 eorumdem
1040 2364 1364 2428 imitatione,
1411 2371 1628 2420 etcum
1659 2365 1859 2420 idoneo
1899 2367 2018 2422 suis

454 2453 795 2522 temporibus
839 2471 942 2510 usu
977 2475 989 2508 :
1021 2455 1115 2510 sed
1159 2463 1343 2511 tamen
1379 2471 1436 2510 re
1475 2455 1594 2525 ipsa
1637 2455 2019 2518 demonstran-

454 2542 553 2606 tia,
577 2553 912 2615 quantopere
944 2545 1034 2599 illa
1063 2547 1426 2615 prmsentibus
1458 2545 1671 2603 minora
1703 2547 1934 2605 iuerint.

522 2827 666 2885 Deus
696 2828 862 2900 igitur
887 2845 949 2885 ex
980 2829 1212 2902 zEgyplo
1245 2831 1496 2888 lsraelem
1527 2831 1737 2898 eduxit,
1769 2835 2038 2905 omnique

455 2919 548 2973 illa
573 2921 764 2978 acerba
791 2922 1064 2977 servitute
1079 2924 1384 2994 expedivit;
1407 2926 1661 2994 editaque
1679 2927 1885 2997 ingenti
1912 2930 2025 2997 pri-

455 3013 852 3080 mogenitorum
883 3014 1064 3079 cardo,
1110 3015 1238 3068 hinc
1267 3031 1380 3070 rem
1411 3016 1764 3072 Israeliticam
1805 3019 2028 3088 integrae

455 3099 619 3153 saluti
656 3101 925 3157 restituit:
963 3119 1103 3173 quos
1137 3105 1369 3174 populos
1411 3107 1678 3161 miraculo
1721 3107 1886 3163 etiam
1917 3110 2032 3164 dis—

455 3191 801 3256 criminavit,
841 3193 970 3248 dum
1005 3193 1289 3259 Hebraeos,
1339 3197 1477 3251 nihil
1526 3198 1702 3254 simile
1751 3198 2031 3272 Egyptiis

457 3284 570 3351 pati
600 3282 806 3338 voluit:
841 3284 892 3339 id
926 3287 1072 3356 quod
1104 3288 1306 3343 accidit
1337 3289 1407 3343 ob
1440 3291 1657 3347 cruoris
1691 3291 1747 3346 in
1782 3293 2032 3361 postibus

453 3374 846 3443 aspersionem.
902 3374 1058 3443 Haec,
1112 3379 1363 3450 inquam,
1409 3382 1640 3437 multum
1685 3384 1807 3449 eius
1854 3389 2031 3442 :etatis

453 3466 717 3522 lsraelitis
737 3469 1164 3526 emolumentum
1181 3474 1758 3548 exhibuerunt,quibus
1778 3480 2027 3551 ejusmo-

447 3552 974 3614 dibcnofrnidatum
1009 3561 1130 3618 fuit.
1176 3562 1228 3618 Id
1272 3571 1450 3620 autem
1496 3567 1884 3634 portendebat,
1917 3569 2030 3640 typi

453 3645 664 3700 scilicet
712 3648 907 3712 instar,
942 3649 1057 3705 fore
1089 3659 1148 3704 ut
1174 3651 1424 3707 Christus
1467 3651 1731 3711 Dominus
1775 3657 2038 3713 liberaret,

453 3748 554 3788 nos
583 3733 724 3789 haud
753 3752 815 3790 ex
847 3736 1061 3809 Egypti
1099 3739 1347 3801 servitio,
1376 3740 1472 3796 sed
1498 3742 1688 3798 mortis
1719 3751 1883 3813 atque
1903 3759 2030 3813 pec-

453 3821 594 3876 cati:
626 3824 771 3893 quod
804 3825 1022 3894 quidem
1063 3827 1222 3883 nobis
1261 3823 1511 3884 Christus
1543 3830 1797 3900 praestitit
1825 3833 2026 3902 proprii

451 3915 736 3985 sanguinis
769 3918 1107 3987 aspersione.
1156 3917 1268 3973 [Ioc
1316 3921 1462 3974 enim
1495 3921 1586 3975 ille
1625 3936 1726 3990 pro
1771 3923 2028 3979 omnibus

452 4000 598 4067 fuso,
630 4015 684 4060 et
712 4022 845 4062 nece
874 4023 971 4072 pro
1000 4009 1158 4065 nobis
1178 4009 1348 4074 obita,
1378 4019 1721 4067 mortuorum
1747 4028 2028 4069 resurrec-

452 4092 652 4148 tionem
684 4097 950 4163 patravit;
984 4095 1226 4168 l'ecitque
1250 4106 1310 4153 ut
1337 4114 1438 4155 nos
1461 4101 1608 4155 omni
1639 4102 1741 4155 hac
1769 4103 2035 4159 servitute

452 4184 638 4249 soluti,
665 4185 1091 4247 immortalitatis
1111 4201 1164 4246 et
1185 4192 1725 4262 incorruptibilitatis
1750 4203 1804 4250 et
1833 4196 2030 4266 impec-

2125 454 2370 530 Ἀϐραὰμ
2405 459 2498 516 καὶ
2533 458 2626 510 τὸν
2670 453 2835 509 Δαυῒδ
2865 453 3154 526 εἴργασται
3191 448 3371 516 τοῦτο,
3414 451 3552 521 πρὸς
3593 448 3702 513 οὓς

2109 549 2434 619 ἐπαγγελίας
2465 548 2777 618 ἐποιήσατο,
2815 545 2906 598 τὸν
2938 544 3168 615 μὲν,,ὅτι
3253 541 3698 611 ἐνευλογηθήσε·

2111 659 2200 696 ται
2229 643 2286 695 ἐν
2314 640 2400 712 τῷ.
2420 641 2690 710 σπέρματι
2718 636 2882 691 αὑτοῦ
2909 636 3087 690 πάντα
3105 633 3173 687 τά
3201 632 3348 704 ἔθνη·
3385 631 3476 686 τὸν
3499 633 3577 695 δὲ,
3605 633 3700 685 ὃτι

2111 733 2334 804 διηνεκῆ
2367 730 2596 802 παρέξει
2621 732 2730 792 τοῖς
2759 728 2819 794 ἐξ
2864 725 3028 780 αὐτοῦ
3065 723 3497 796 τὴν-βασιλείαν·
3539 723 3696 792 άπερ

2112 816 2205 874 οὖν
2239 819 2315 890 τῷ
2351 820 2448 891 μὲν
2481 820 2655 873 δοκεῖν
2705 818 2795 871 τὸν
2837 817 2964 872 λαὸν
3013 815 3214 884 ἐμήνυε
3254 813 3345 868 τὸν
3399 813 3483 881 ἐφ’
3521 808 3708 882 οὗπερ

2113 907 2292 962 ταῦτα
2331 907 2668 981 πληροῦσθαι
2715 905 2968 976 ἤμελλεν·
3021 904 3055 972 ἠ
3105 902 3162 954 δὲ
3201 900 3308 953 τῶν
3349 903 3703 972 πραγμάτων

2117 999 2341 1071 ἀλήθεια
2367 1001 2460 1052 ἐπὶ
2487 998 2594 1050 τῶν
2623 995 2765 1050 κατά
2802 995 2892 1052 τὸν
2918 993 3194 1063 Δεσπότην
3216 991 3455 1063 Χριστὸν
3485 996 3703 1047 οἰκονο-

2120 1093 2404 1163 μηθέντωνι
2439 1090 2709 1144 ἐδείκνυτο
2753 1086 2994 1139 λαϐοῦσα
3035 1084 3096 1138 τὸ
3145 1083 3339 1155 πέρας,
3383 1085 3466 1152 ἐφ’
3515 1076 3697 1154 οὗπερ

2117 1185 2212 1238 καὶ
2253 1183 2314 1237 τὸ
2343 1180 2762 1250 ἐνευλογηθῆναι
2804 1177 2874 1232 τὰ
2900 1177 3027 1248 ἔθνη
3056 1176 3281 1246 γέγονεν
3311 1175 3527 1247 ἀληθῶς
3549 1217 3563 1239 ,
3596 1176 3706 1230 καὶ

2115 1273 2335 1345 διηνεκῆ
2360 1273 2416 1326 δὲ
2452 1273 2544 1325 καί⁹
2566 1271 2862 1325 ἀσάλευτον
2885 1265 3023 1322 εἶναι
3053 1267 3130 1339 τῷ
3161 1268 3440 1338 σπέρματι
3467 1267 3566 1338 τὴν
3606 1268 3708 1336 βαι

2121 1365 2346 1423 σιλείαν·
2387 1364 2474 1418 διὰ
2507 1363 2571 1423 δέ
2588 1363 2742 1432 τοῦτο
2781 1363 2876 1416 καὶ
2911 1355 3107 1433 η’περὶ
3131 1360 3222 1413 τὸν
3255 1359 3384 1414 λαὸν
3410 1359 3708 1430 ἐπιμέλεια

2118 1457 2211 1511 τοῦ
2242 1456 2376 1510 Θεοῦ
2411 1455 2578 1526 πολλή
2608 1472 2691 1518 τις
2715 1453 2956 1523 γέγονεν,
2989 1454 3066 1524 (p.
3100 1452 3228 1522 229)
3276 1451 3460 1522 ἐπειδὴ
3501 1452 3715 1515 πάντες

2121 1549 2213 1604 ἐπὶ
2236 1549 2368 1610 ταῖς¹
2389 1545 2741 1615 ἐπαγγελίαις
2776 1544 3168 1614 φυλαττόμενοι
3195 1545 3317 1606 ταῖς
3359 1543 3713 1615 εἰρημέναις,

2123 1643 2222 1712 τὴν
2254 1640 2705 1712 προσδοκωμένην
2731 1637 3034 1711 παρουσίαν
3075 1637 3344 1707 ἀνέμενον.
3372 1635 3467 1691 τοῦ
3494 1637 3712 1690 Δεσπό-

765 1751 780 1787 :
825 1732 899 1787 ita
954 1741 1014 1787 ut
1062 1740 1215 1801 gesta
1269 1707 1364 1786 illa
1423 1740 1538 1785 tum
1591 1733 1710 1801 ejus
1765 1735 2022 1801 temporis

2125 1707 2218 1786 του
2267 1707 2715 1801 Χριστοῦάλλά,
2748 1707 2866 1800 γάρ
2905 1729 3110 1798 ταύτης
3149 1727 3335 1782 ἕνεκεν
3383 1729 3484 1798 τῆς
3521 1727 3715 1791 αἰτίας

2127 1825 2354 1877 πλεῖστα
2386 1823 2486 1875 ὅσα
2514 1822 2606 1874 ἐπὶ
2633 1823 2730 1892 τῆς
2759 1823 3000 1883 ﬂanti;
3022 1820 3297 1891 Διαθήκης
3330 1819 3476 1876 κατά,
3499 1820 3701 1872 τοῦτον

2127 1915 2445 1986 ᾡκονόμησε
2469 1914 2559 1966 τὸν
2584 1913 2803 1983 τρόπον,
2831 1913 2907 1976 ὡς
2930 1913 2996 1967 ἂν
3018 1913 3114 1966 καὶ
3142 1915 3264 1976 τοῖς·
3285 1913 3406 1966 τότε
3443 1914 3717 1983 μεγίστην

2126 2006 2196 2058 τὰ
2236 2005 2498 2075 γινόμενα
2530 2004 2822 2074 παρέχοιτο
2860 2003 2957 2074 τὴν
2996 2003 3284 2071 ὠφέλειαν,
3325 2003 3422 2057 καὶ
3469 2003 3716 2075 μήνυσίν

2126 2113 2248 2150 τινα
2266 2096 2372 2148 τῶν
2398 2095 2738 2165 πραγμάτων
2761 2094 2859 2166 ἔχῃ
2874 2094 2981 2150 τῶν
3005 2094 3228 2166 ὕστερον
3247 2094 3714 2165 δειχθησομένων·

2122 2187 2259 2256 μετά
2301 2184 2394 2239 τοῦ
2421 2188 2514 2240 καὶ
2556 2187 2656 2256 τὴν
2706 2186 2980 2258 ὑπεροχὴν
3019 2185 3128 2238 τῶν
3173 2185 3440 2256 δευτέρων
3475 2185 3612 2256 πρὸς
3636 2187 3716 2238 τὰ

2117 2281 2358 2351 πρότερα
2385 2278 2637 2349 πλείστην
2663 2277 2784 2330 τινὰ
2816 2276 3149 2347 φανήσεσθαι
3185 2274 3374 2330 οὖσαν·
3423 2275 3719 2348 εὸρίσκετό

2113 2389 2174 2425 τε
2201 2372 2340 2425 κατὰ
2366 2372 2554 2425 τοῦτον
2583 2370 2675 2424 τὸν
2708 2371 2906 2441 τρόπον
2931 2369 3101 2431 τύπος
3136 2387 3227 2432 τις
3272 2371 3342 2421 τά
3370 2370 3575 2423 παλαιά
3596 2369 3720 2422 τῶν

2117 2464 2365 2537 ὕστερον,
2405 2463 2598 2536 ἔχοντα
2646 2463 2746 2534 μέν
2768 2481 2886 2518 τινα
2921 2463 3154 2534 μίμησιν
3183 2462 3318 2533 πρὸς
3351 2461 3543 2525 ταῦτα,
3569 2462 3720 2534 μετά

2125 2557 2220 2608 τοῦ
2249 2555 2344 2609 καὶ
2383 2555 2570 2626 χρείαν
2601 2555 2659 2607 ἐν
2685 2557 2802 2618 τοῖς
2834 2553 3056 2616 οἰκείοις
3102 2553 3440 2623 παρέχεσθαι
3466 2557 3711 2626 καιροῖς·

2126 2644 2428 2717 δηλούμενα
2452 2645 2509 2698 δὲ
2539 2642 2598 2708 ἐξ
2625 2643 2800 2698 αὐτῶν
2831 2643 2938 2697 τῶν
2964 2643 3308 2714 πραγμάτων
3327 2643 3523 2697 ὁπόσον
3542 2645 3718 2716 ἠλάτ-

2133 2754 2328 2794 τωνται
2355 2736 2546 2790 ταῦτα.

2214 2829 2480 2901 Ἐξήγαγε
2535 2827 2633 2900 μὲν
2685 2823 2778 2881 οὖν
2821 2827 2920 2899 τῆς
2967 2828 3247 2896 Αἰγύπτου
3293 2827 3384 2884 τὸν
3434 2829 3654 2900 Ἰσραὴλ
3683 2831 3718 2882 ὁ

2131 2921 2263 2985 Θεὸς
2291 2922 2386 2974 καὶ
2418 2921 2597 2990 πάσης
2625 2923 2724 2990 τῆς
2763 2922 2966 2992 πικρᾶς
3011 2921 3227 2993 ἐκείνης
3273 2921 3549 2993 ἀπήλλαξε
3585 2922 3716 2977 δου-

2132 3013 2301 3076 λείας·
2327 3013 2696 3084 ἐργασάμενος
2720 3013 2776 3066 δέ
2817 3013 3046 3066 θάνατον
3085 3013 3195 3066 τῶν
3223 3014 3582 3086 πρωτοτόκων
3617 3033 3720 3068 πυ-

2132 3104 2249 3169 λὺν,
2275 3102 2363 3156 διὰ
2389 3101 2547 3156 τοῦτο
2567 3102 2633 3157 τὰ
2654 3102 2771 3154 τῶν.
2801 3101 3154 3174 Ἰσραηλιτῶν
3184 3103 3487 3174 περιέσωσε
3511 3120 3718 3158 παντε-

2131 3196 2259 3260 λῶς·
2304 3195 2446 3266 ἆπερ
2485 3189 2576 3248 οὖν
2616 3193 2708 3248 καὶ
2749 3194 2959 3266 σημείῳ
2991 3194 3223 3264 διέκρινε
3267 3195 3403 3266 πρὸς
3439 3195 3502 3248 τὸ
3540 3196 3716 3268 μηδὲν

2133 3288 2520 3360 παραπλήσιον
2547 3288 2660 3350 τοῖς
2687 3286 3006 3354 Αἰγυπτίοις
3037 3286 3250 3341 παθεῖν·
3280 3282 3348 3357 ἦν
3392 3287 3450 3340 δὲ
3482 3288 3642 3341 τοῦτο
3673 3289 3714 3359 ἡ

2131 3375 2224 3429 ἐπὶ
2251 3375 2360 3427 τῶν
2396 3372 2566 3442 φλιῶν
2596 3373 2691 3425 τοῦ
2730 3373 2963 3443 αἵματος
2991 3374 3188 3445 χρίσις·
3217 3375 3392 3430 ταῦτα
3420 3376 3476 3429 δὲ
3507 3376 3714 3447 πολλὴν

2135 3465 2235 3537 μὲν
2261 3468 2370 3528 τοῖς
2422 3463 2782 3536 Ἰσραηλίταις
2826 3465 3085 3536 γινόμενα
3135 3467 3256 3519 τότε
3289 3469 3579 3540 παρείχετο
3606 3469 3714 3538 τὴν
3765 3504 3768 3508 η

2131 3557 2428 3629 ὠφέλειαν»
2456 3560 2567 3622 τοῖς
2598 3574 2661 3626 γε
2692 3556 2786 3611 καὶ
2827 3557 2884 3609 ἐν
2925 3557 3220 3611 ἀπολαύσει
3257 3559 3514 3614 τοιούτων
3573 3563 3705 3614 καθ.

2133 3650 2462 3721 ισταμένοις·
2483 3666 2687 3721 προεση
2697 3649 2917 3720 μαίνετο
2937 3650 2994 3703 δέ
3012 3667 3129 3714 πως
3148 3650 3223 3714 ὼς
3246 3653 3303 3704 ἐν
3328 3651 3520 3716 τύποις
3538 3652 3600 3706 τὸ
3618 3653 3717 3708 καὶ

2128 3743 2221 3796 τὸν
2275 3741 2550 3811 Δεσπότην
2593 3739 2825 3812 Χριστὸν
2882 3739 3056 3805 οὕτως
3100 3742 3250 3812 ἡμᾶς
3299 3742 3713 3814 ἀφαιρήσεσθαι

2129 3831 2190 3884 οὐ
2220 3832 2318 3901 τῆς
2345 3830 2622 3900 Αἰγύπτου
2654 3830 2921 3896 δουλείας,
2953 3829 3088 3884 ἀλλά
3127 3831 3228 3901 τῆς
3264 3849 3323 3886 τε
3349 3833 3445 3886 τοῦ
3473 3833 3713 3888 θανάτου

2131 3922 2224 3976 καὶ
2255 3922 2356 3992 τῆς
2385 3921 2678 3993 ἁμαρτίας·
2711 3921 2787 3992 (p.
2820 3921 2949 3990 250)
2983 3922 3127 3993 ἅπερ
3157 3917 3252 3976 οὖν
3293 3924 3426 3994 ἡμῖν
3463 3925 3714 3996 παρέσχε

2127 4016 2194 4084 τῇ
2237 4012 2414 4084 χρίσει
2451 4012 2546 4066 τοῦ
2589 4013 2823 4084 αἵματος
2852 4011 2946 4066 τοῦ
2980 4013 3201 4066 οἰκείου·
3238 4013 3396 4067 τοῦτο
3423 4015 3533 4085 γὰρ
3568 4017 3714 4087 ὑπὲρ

2127 4105 2386 4158 ἁπάντων
2415 4104 2631 4175 ἐκχέας,
2662 4105 2756 4157 καὶ
2787 4104 2878 4158 τὸν
2905 4103 3132 4159 θάνατον
3162 4105 3403 4169 ύποστάς
3433 4106 3524 4158 τὸν
3567 4107 3714 4180 ὑπὲρ

2129 4193 2308 4264 ἡμῶν,
2341 4194 2635 4266 εἰργάσατὸ
2663 4211 2724 4247 τε
2759 4193 2865 4248 τῶν
2897 4194 3105 4266 νεκρῶν
3132 4195 3229 4265 τὴν
3269 4195 3582 4263 ἀνάστασιν,
3614 4199 3714 4251 καὶ

451 4273 649 4327 eantiae
683 4274 882 4331 bonum
923 4280 1331 4350 reciperemus:
1375 4298 1485 4353 quo
1525 4285 1834 4355 impetrato,
1881 4289 2022 4344 haud

2130 4283 2404 4356 παρέσχεν
2431 4285 2632 4338 ἅπασιν
2659 4286 2794 4354 ἡμῖν
2838 4284 2922 4348 τὸ,
2959 4285 3139 4356 πάσης
3179 4286 3279 4356 τῆς
3307 4286 3542 4340 ἐνταῦθα
3585 4286 3718 4341 δουο

447 4363 560 4432 jam
593 4367 917 4434 promissam
947 4379 1172 4441 terram,
1209 4383 1268 4430 ut
1298 4377 1398 4444 illi,
1427 4378 1814 4446 incoleremus,
1846 4384 1941 4438 sed
1969 4384 2022 4439 in

2131 4374 2281 4439 λείας
2313 4375 2724 4444 ἀπαλλαγεῖσιν,
2755 4375 3152 4447 ἀπεκδέχεσθαι
3177 4377 3276 4448 τῆς
3306 4395 3366 4432 τε
3405 4378 3713 4444 ἀθανασίας

448 4473 619 4532 regno
645 4479 990 4521 versaremur
1021 4468 1304 4524 cmlorum.
1337 4470 1457 4527 Iam
1495 4482 1762 4544 quantum
1803 4476 1917 4533 haec
1952 4480 2021 4534 ab

2125 4466 2218 4520 καὶ
2259 4467 2358 4538 τῆς
2384 4466 2693 4536 ἀφθαρσίας
2732 4467 2828 4520 καὶ
2859 4466 2962 4536 τῆς
2989 4469 3408 4538 ἀναμαρτησίας
3448 4469 3546 4540 τὴν
3576 4470 3712 4525 ἀπό-

449 4553 558 4609 illis
589 4554 879 4610 dilI'erunt!
910 4555 1178 4615 Israelita?
1209 4561 1277 4615 ad
1300 4561 1463 4618 breve
1492 4565 1754 4633 temporis
1784 4567 2017 4636 spatium

2125 4559 2333 4612 λαυσιν·
2362 4557 2479 4629 μεθ’
2523 4552 2596 4611 ὧν
2637 4558 2698 4610 οὐ
2746 4561 2849 4629 γῆν
2890 4559 3223 4627 ἐπαγγελίας
3262 4561 3580 4632 οἰκήσομεν,
3627 4562 3708 4627 ὡς

447 4645 589 4699 bona
624 4646 714 4700 illa
735 4650 1244 4719 consequebantur;
1269 4667 1370 4704 nos
1396 4652 1530 4714 haec,
1557 4670 1678 4722 quae
1701 4657 1866 4708 multa
1890 4665 2021 4712 sunt

2125 4651 2342 4713 ἐκεῖνοι,
2381 4649 2494 4702 ἀλλ’
2525 4651 2582 4701 ἐν
2611 4651 2678 4719 τῇ
2716 4649 2826 4702 τῶν
2867 4650 3113 4721 οὐρανῶν
3153 4651 3392 4722 ἐσόμεθα
3431 4652 3706 4724 βασιλεία·

445 4745 501 4792 et
526 4737 784 4804 maxima,
809 4754 933 4794 eum
963 4750 1166 4795 aeterna
1197 4732 1432 4796 utilitate
1461 4750 1745 4798 tenemus:
1783 4745 1834 4799 id
1873 4749 2017 4816 quod

2125 4742 2316 4794 ὁπόσον
2343 4741 2398 4794 δὲ
2428 4740 2631 4793 τούτων
2662 4741 2799 4811 πρὸς
2827 4741 3004 4794 ἐκεῖνο
3051 4741 3112 4796 τὸ
3149 4742 3428 4815 διάφορον,
3476 4746 3570 4797 καὶ
3617 4746 3705 4800 ὅτι

445 4843 512 4884 ex
543 4829 690 4884 omni
717 4845 899 4884 rerum
929 4831 1172 4901 ipsarum
1204 4841 1399 4886 natura
1427 4844 1762 4903 compertum
1786 4845 1890 4892 est.
1924 4839 2017 4894 Sic

2125 4833 2346 4885 ἐκείνων
2374 4832 2470 4902 μὲν
2496 4833 2583 4884 ἐπ’
2616 4832 2794 4900 ὀλίγον
2823 4833 3041 4902 ἐγένετο
3077 4831 3136 4886 τὺ
3157 4833 3369 4902 κέρδος,
3401 4833 3606 4890 τούτων
3643 4835 3706 4888 δὲ

445 4920 608 4974 etiam
641 4928 932 4992 peccantes
972 4921 1028 4976 in
1066 4937 1250 4978 eremo
1283 4921 1556 4980 lsraelitas
1575 4939 1749 4995 poenae
1787 4929 2022 4998 subjecit

2126 4923 2396 4993 μεγίστων
2439 4940 2499 4976 τε
2541 4923 2707 4977 ὄντων
2737 4925 2831 4977 καὶ
2861 4924 3073 4978 πολλῶν
3100 4925 3352 4997 διηνεκὴς
3395 4929 3428 4998 ἡ
3462 4926 3705 4996 ὠφέλεια

445 5009 611 5077 Deus,
647 5021 706 5067 ut
741 5011 828 5068 his
859 5012 1026 5067 veluti
1065 5000 1476 5083 exemplaribus
1515 5026 1866 5086 peccatorum
1908 5021 2020 5075 for-

2125 5018 2231 5078 τοῖς
2259 5014 2506 5068 λαϐοῦσιν
2535 5015 2852 5086 προσέσται,
2884 5017 2943 5081 ἐξ
2971 5016 3148 5070 αὐτῶν
3186 5018 3357 5072 ἅπασι
3384 5019 3538 5090 δῆλον
3569 5021 3704 5075 καθα

447 5103 706 5158 midinem
735 5103 894 5160 nobis
916 5104 1210 5170 incuteret,
1245 5120 1476 5175 quorum
1506 5122 1673 5164 causa
1704 5110 2020 5168 in-deterio—

2125 5109 2318 5178 ἕστηκε
2367 5106 2474 5159 τῶν
2506 5108 2870 5178 πραγμάτων·
2903 5107 3046 5160 οὕτω
3081 5109 3175 5162 καὶ
3204 5110 3330 5173 τοὺς
3369 5112 3703 5178 ἐπταικότας

447 5206 560 5246 rem
591 5195 830 5250 solemus
868 5195 1234 5250 conditionem
1269 5195 1531 5254 incidere.

2125 5199 2229 5253 τῶν
2274 5198 2622 5271 Ἰσραηλιτῶν
2653 5199 2947 5272 τιμωρίαις
2985 5199 3251 5253 ἐπέϐαλεν
3296 5202 3388 5254 ἐπὶ
3429 5203 3526 5273 τῆς
3569 5205 3705 5275 ἐρή-

450 5305 571 5356 μου·
601 5289 676 5354 ὡς
710 5292 776 5344 ἂν
803 5291 860 5345 ἐν
887 5309 994 5346 τισι
1024 5292 1216 5356 τύποις
1240 5293 1510 5347 παιδεύων
1541 5296 1691 5366 ἡμᾶς
1726 5296 2020 5352 δεδοικέναι
2056 5295 2156 5367 τὴν
2176 5296 2471 5368 ἁμαρτίαν,
2495 5295 2570 5360 ὡς
2596 5296 2790 5366 ἱκανήν
2813 5311 2872 5348 τε
2929 5290 3094 5349 οὖσαν
3131 5297 3242 5359 τοῖς
3265 5296 3506 5366 Χείροσιν
3548 5298 3703 5368 ἡμᾶς

446 5395 512 5431 πε
523 5379 779 5449 ριδαλεῖν.
2371 5423 2383 5432 .

521 5468 678 5539 152
716 5469 772 5525 Id
812 5474 957 5541 quod
1004 5474 1195 5532 beatus
1246 5477 1406 5534 docet
1459 5478 1662 5534 Paulus
1718 5479 1845 5536 dum
1899 5483 2009 5536 ait:

2189 5473 2360 5528 Τοῦτο
2383 5471 2439 5524 δὲ
2467 5472 2496 5525 ὁ
2521 5470 2788 5542 μακάριος
2812 5469 2961 5542 δηλοῖ
2987 5470 3194 5533 Παῦλος
3214 5469 3413 5536 λέγων·
3458 5487 3478 5518 ι
3509 5467 3700 5522 Ταῦτα

453 5578 472 5610 ι
503 5559 628 5614 Ilaec
673 5561 854 5614 omnia
917 5564 1022 5618 illis
1061 5566 1115 5618 in
1160 5567 1395 5635 imagine
1431 5571 1853 5642 contingebant;
1887 5575 2016 5626 scri-

2125 5568 2178 5622 Ξέ
2205 5567 2376 5619 πάντα
2405 5563 2564 5618 τύποι
2591 5562 2901 5616 συνέϐαινον
2925 5563 3176 5624 ἐκείνοις·
3217 5559 3428 5630 ἐγράφη
3467 5560 3524 5612 δέ
3559 5560 3698 5630 πρὸς

449 5661 538 5720 pta
587 5657 766 5706 autem
810 5659 938 5706 sunt
979 5651 1045 5706 ad
1089 5655 1448 5711 eruditionem
1496 5670 1759 5726 nostram,
1802 5662 1856 5716 in
1879 5678 2015 5725 quos

2125 5658 2396 5712 νουθεσίαν
2430 5656 2606 5725 ἡμῶν,
2643 5656 2722 5718 είς
2748 5654 2840 5716 οὓς
2868 5654 2936 5706 τὰ
2963 5653 3089 5724 τέλη
3114 5653 3219 5705 τῶν
3254 5648 3462 5702 αἰώνων
3492 5652 3702 5722 κατήν-
