3966 6134
171 245 276 301 321

1407 235 1953 295 COMMENTARIUS
1987 237 2053 291 IN
2089 237 2333 295 JONAM.

3366 251 3469 309 522

167 377 374 432 τησεν.
416 377 438 410 ι
489 359 655 414 Οὕτω
697 360 782 414 διά
820 361 926 430 τῆς
957 359 1186 430 νομικῆς
1215 357 1540 424 διατάξεως,
1569 359 1689 419 ταῖς
1728 372 1788 407 τε

1913 357 2105 411 ermini
2137 358 2459 412 saeculorum
2485 356 2822 414 devenerunt
2840 359 2911 413 ".
2940 377 2958 412 ι
2984 359 3159 430 Atque
3187 360 3261 414 ita
3286 360 3467 431 legali-

171 452 409 515 θυσίαις
441 452 544 504 καὶ
571 451 651 520 τῷ
677 451 876 520 αἵματι
903 450 1014 503 τῶν
1035 450 1242 518 ἀλόγων
1265 448 1421 511 ζώων
1445 447 1632 512 ἔταξεν
1653 447 1795 515 ὠφε-

173 543 400 597 λεῖσθαι
425 542 565 606 τοὺς
593 541 940 611 χρωμένους·
972 541 1046 611 (p.
1081 540 1205 609 εδι)
1233 540 1298 591 ἵν’
1332 540 1397 591 ὲκ
1441 537 1796 609 παραθέσεως

174 637 315 706 ἡμῖν
359 634 433 686 τὸ
479 633 772 685 πιστεύειν
821 631 1089 702 μειζόνως
1133 633 1344 700 προσῇ.
1392 629 1472 681 ὅτι
1525 629 1796 698 μεγίστων

176 727 418 795 ἀγαθῶν
452 728 513 778 ὲν
545 724 632 794 τῷ
667 725 867 793 αἵματι
893 722 1196 792 τευξόμεθα
1222 721 1328 773 ’τοῦ
1359 719 1629 772 Δεσπότου
1665 719 1797 787 Χρι-

183 819 338 871 στοῦ·
371 816 507 869 ὅθεν
548 816 582 867 ὁ
632 815 909 885 μακάριος
952 815 1102 882 λέγει
1155 813 1365 876 Παῦλος
1388 830 1403 843 ·
1441 831 1460 862 ι
1507 812 1570 864 Εἰ
1599 809 1706 880 γάρ
1735 810 1796 863 τὸ

184 903 328 976 αἷμα
367 906 611 976 ταύρων
642 908 739 959 καὶ
770 906 991 975 τράγων
1029 903 1123 955 καὶ
1149 901 1341 962 σποδὸς
1369 899 1649 968 δαμάλεως
1672 901 1798 967 ῥαν-

187 1000 428 1064 τίζουσα
457 1000 599 1060 τοὺς
644 996 1082 1066 κεκοινωμένους
1123 992 1337 1061 ἁγιάζει
1384 992 1518 1061 πρὸς
1557 991 1655 1060 τὴν
1698 991 1797 1059 τῆς

192 1092 404 1160 σαρκὸς
437 1090 826 1160 καθαρότητα,
853 1088 1004 1155 πόσῳ
1033 1084 1227 1156 μᾶλλον
1259 1083 1319 1134 τὸ
1357 1079 1494 1151 αἷμα
1520 1081 1614 1134 τοῦ
1665 1080 1797 1152 Χρι-

197 1183 348 1247 στοῦ,
384 1183 451 1244 ὃς
479 1182 579 1234 διὰ
604 1181 914 1250 πνεύματος
938 1175 1154 1230 αἰωνίου
1170 1174 1396 1244 ἄμωμον
1419 1172 1606 1226 ἑαυτὸν
1627 1188 1796 1244 προσ-

193 1278 406 1346 ἡνεγκε
452 1272 538 1344 τῷ
581 1270 728 1342 Θεῷ,
760 1270 1023 1342 καθαριεῖ
1052 1269 1148 1339 τὴν
1177 1267 1478 1336 συνείδησιν
1512 1265 1667 1334 ήμῶν
1691 1262 1800 1318 ἀπὸ

195 1363 417 1434 νεκρῶν
454 1362 677 1432 ἐργων;
699 1357 827 1414 »Ἐκ
851 1361 960 1430 γὰρ
998 1358 1097 1428 τῆς
1126 1357 1220 1411 τοῦ
1254 1357 1522 1409 Δεσπότου
1562 1351 1796 1424 Χριστοῦ

197 1455 476 1524 διαφορᾶς
514 1453 660 1523 πρὸς
695 1451 765 1504 τά
801 1450 968 1518 ἄλογα
999 1449 1132 1516 ζῶα,
1165 1447 1478 1518 ἀρκούντως
1501 1448 1648 1516 ἡμᾶς
1681 1445 1802 1498 ἔπι-

206 1545 493 1609 στώσατο,
547 1546 635 1596 ὅτι
687 1541 868 1612 πολλῷ
921 1541 1083 1594 πλέον
1123 1541 1269 1611 ἡμᾶς
1295 1538 1506 1600 τούτοις
1555 1535 1800 1607 προσῆκε

206 1634 495 1687 πιστεύειν
523 1633 560 1702 ἦ
586 1633 676 1684 ἐπ’
706 1631 937 1693 ἐκείνοις
967 1629 1247 1681 ἐπίστευον
1280 1627 1328 1679 oi
1353 1626 1473 1678 τότε
1496 1643 1509 1655 ο
1545 1624 1638 1677 καὶ
1660 1623 1799 1676 κατά

1891 447 1998 500 bus
2020 447 2288 501 institutis
2311 448 2542 510 curavit,
2574 455 2631 501 ut
2659 449 2733 501 illi
2765 463 2888 502 cum
2915 449 3117 515 fructu,
3152 451 3387 507 victimis
3413 463 3468 506 et

1893 535 2181 590 brutorum
2206 537 2558 591 animantium
2577 541 2842 607 sanguine
2867 549 3181 598 uterentur:
3208 551 3370 612 atque
3403 555 3461 596 ut

1891 639 1958 677 eo
1986 626 2235 695 exemplo
2262 626 2396 681 ﬁdes
2431 637 2617 681 nostra
2651 629 3026 693 roboraretur,
3063 631 3173 685 fore
3200 631 3456 686 nimirum

1894 724 1952 767 ut
2004 715 2148 768 bona
2201 716 2434 769 maxima
2486 732 2580 786 per
2622 716 2828 771 Christi
2871 719 3082 773 Domini
3141 723 3462 791 sanguinem

1893 820 2378 878 consequeremur.
2405 808 2584 874 Quare
2607 809 2799 864 beatus
2828 811 2904 864 ait
2929 810 3160 867 Paulus:
3201 831 3219 863 ι
3246 812 3301 866 Si
3323 814 3466 868 enim

1894 897 2122 966 sanguis
2153 906 2433 951 taurorum
2462 907 2515 952 et
2555 898 2852 963 hircorum,
2887 906 2941 952 et
2979 899 3121 954 cinis
3156 900 3338 955 vitula:
3375 916 3466 956 as-

1895 1000 2114 1055 persus,
2147 986 2240 1055 qui
2275 1001 2340 1039 eo
2377 994 2603 1039 utuntur
2633 986 2937 1041 sanctiﬁcat
2965 986 3030 1040 ad
3066 988 3248 1042 carnis
3278 1003 3471 1044 emun-

1899 1076 2211 1132 dationem:
2245 1084 2451 1145 quanto
2494 1075 2666 1145 magis
2701 1077 2922 1146 sanguis
2965 1075 3209 1142 Christi,
3247 1079 3338 1146 qui
3375 1093 3470 1148 per

1898 1175 2160 1221 aeternum
2212 1167 2461 1236 spiritum
2501 1163 2612 1219 Deo
2659 1181 2718 1220 se
2769 1167 2966 1221 obtulit
3019 1167 3464 1231 immaculatum,

1897 1257 2285 1312 conscientiam
2324 1265 2566 1312 nostram
2606 1271 2637 1310 a
2675 1257 2905 1311 mortuis
2943 1257 3201 1325 operibus
3239 1272 3471 1326 perpur-

1896 1344 2144 1418 gabit"?
2175 1367 2194 1398 ι
2239 1347 2372 1401 Nam
2413 1347 2557 1402 Deus
2599 1364 2691 1417 per
2727 1347 2932 1402 Christi
2973 1347 3185 1402 Domini
3225 1365 3256 1403 a
3297 1349 3470 1406 brutis

1900 1439 2268 1494 animantibus
2306 1439 2666 1494 differentiam
2701 1441 2836 1493 satis
2867 1455 2966 1494 nos
3007 1439 3137 1494 facit
3177 1441 3468 1505 certiores,

1900 1530 2075 1583 multo
2108 1544 2211 1584 nos
2246 1531 2415 1601 magis
2443 1533 2600 1585 novis
2629 1530 2714 1584 his
2751 1531 2948 1585 debere
2977 1531 3270 1593 confidere,
3303 1546 3470 1600 quam

1905 1618 1982 1672 illi
2029 1618 2302 1673 veteribus
2359 1618 2722 1673 conﬁdebant.
2769 1617 2888 1671 Jam
2939 1632 3064 1671 cum
3112 1617 3369 1674 Israelita:
3415 1617 3498 1670 in.

208 1727 304 1795 τὴν
339 1691 560 1794 ἔρημον
599 1723 658 1776 δὲ
702 1721 811 1776 τῶν
871 1691 1219 1791 Ἰσραηλιτῶν
1255 1718 1322 1771 δι’
1367 1715 1650 1769 ἀπείθειαν
1678 1716 1796 1778 ταῖς

1913 1725 2083 1765 tremo
2138 1717 2359 1780 propter
2412 1723 2566 1764 suam
2626 1708 3060 1764 incredulitatem
3114 1708 3470 1761 colubrorum

213 1816 319 1869 τῶν
355 1818 542 1883 θρεων
582 1812 975 1882 ἀπολλυμένων
1005 1811 1258 1881 πληγαῖς,
1287 1808 1570 1861 ἐκέλευσεν
1601 1807 1630 1860 ό
1665 1805 1798 1867 Θεὸς

215 1906 291 1975 τῷ
322 1903 591 1976 μακαρίῳ
621 1903 796 1972 Μωσῇ
831 1899 1065 1970 χαλκοῦν
1092 1896 1505 1968 ἀπεργάσασθαι
1543 1895 1687 1962 ὅφιν,
1719 1893 1796 1957 ὡς

216 1995 280 2048 ἂν
306 1995 397 2048 ἐπ’
438 1995 610 2047 αὑτὸν
638 1992 1044 2054 ἀποϐλέποντες
1075 1995 1129 2047 oi
1159 1988 1513 2058 πληττόμενοι
1536 1987 1636 2054 τῆς
1675 1984 1800 2054 βλά-

217 2086 316 2154 σης
349 2085 469 2138 τῶν
502 2083 863 2154 πληττόντων
900 2081 1084 2152 ῥᾳδίαν
1117 2080 1350 2149 δέχοιντο
1377 2077 1477 2148 τὴν
1507 2075 1679 2128 λύσιν·
1710 2075 1801 2129 δυ-

219 2175 454 2245 ναμένου
490 2174 595 2244 μὲν
631 2171 732 2225 τοῦ
761 2169 897 2223 Θεοῦ
929 2170 1024 2223 καὶ
1050 2167 1141 2221 τοῦ
1168 2165 1498 2236 πλήττεσθαι
1525 2162 1800 2227 παντελῶς

221 2269 322 2333 ἔξω
350 2267 611 2335 ποιῆσαι,
640 2265 677 2336 ἢ
714 2263 908 2333 ἑτέραν
936 2261 1066 2331 γοῦν
1092 2277 1216 2314 τινα
1245 2258 1506 2330 εὑρέσθαι
1531 2257 1633 2326 τῆς
1661 2256 1800 2325 πλη-

221 2359 318 2428 γῆς
357 2356 640 2427 ἰατρείαν·
681 2355 1030 2426 βουληθέντος
1067 2352 1126 2406 δὲ
1167 2353 1226 2404 ὲν
1253 2349 1668 2419 ἀπεικονίσματι
1695 2347 1806 2402 τῶν

223 2450 575 2521 πληττόντων
601 2447 706 2516 τῆς
740 2444 940 2514 βλάϐης
979 2441 1225 2511 δέχεσθαι
1259 2441 1456 2503 αὐτοὺς
1488 2439 1586 2509 τὴν
1629 2439 1801 2491 λύσιν⁸

223 2544 305 2596 ῖνα
334 2543 412 2612 μὴ
447 2539 665 2608 σφόδρα
713 2533 1083 2606 θαυμάζωμεν
1124 2533 1172 2585 εί
1204 2531 1282 2601 τῷ
1319 2531 1534 2601 θανάτῳ
1566 2530 1660 2582 τοῦ
1711 2535 1806 2581 Δε-

237 2635 434 2687 σπότου
483 2627 733 2701 Χριστοῦ
764 2627 906 2679 λύων
940 2625 1030 2678 τὸν
1060 2622 1285 2676 θάνατον
1317 2623 1344 2674 ό
1377 2621 1540 2685 Θεὸς,
1572 2622 1650 2690 (ρ.
1678 2619 1804 2688 232)

228 2724 494 2790 ἀθάνατον
530 2723 670 2791 ἡμῖν
711 2717 800 2771 διὰ
834 2717 933 2785 τῆς
982 2713 1327 2775 ἀναστάσεως
1373 2711 1669 2783 παρέχεται
1708 2710 1807 2782 τὴν

231 2812 395 2882 ζωήν·
421 2812 550 2866 ὅθεν
578 2809 678 2863 καὶ
719 2809 748 2861 ὁ
778 2805 980 2876 Κύριός
1014 2818 1166 2873 φησί’
1199 2823 1218 2855 ι
1262 2803 1369 2856 Καὶ
1399 2801 1578 2864 καθὼς
1605 2801 1808 2869 Μωσῆς

236 2903 410 2974 ﬁdius;
432 2903 532 2956 τὸν
561 2903 692 2970 ὅφιν
732 2901 794 2952 ὲν
818 2901 886 2969 τῇ
921 2896 1134 2968 ἐρήμῳ,
1197 2894 1368 2958 οὕτως
1412 2894 1688 2964 ὑψωθῆναι
1731 2893 1810 2946 δεῖ

235 2994 318 3049 τὸν
336 2995 468 3054 Tib:
493 2992 594 3046 τοῦ
618 2987 934 3060 ἀνθρώπου,
966 2988 1052 3039 ἵνα
1073 2987 1221 3049 πᾶςὸ
1242 2985 1512 3038 πιστεύων
1541 2985 1628 3036 ἐπ’
1649 2982 1808 3036 αὐτὸν

328 3036 628 3154 ἀπόληται,
677 3036 794 3137 ἀλλ’
830 3036 934 3153 ἔχη
963 3036 1394 3151 ζωήν
1413 3036 1691 3138 *ιῃδεικνὺς
1728 3075 1808 3127 ὅτι
1837 3036 1878 3093 c

237 3178 398 3247 δνπερ
444 3174 655 3246 τρόπον
684 3172 808 3225 τότε
836 3171 947 3224 τῶν
980 3169 1319 3240 πληττόντων
1347 3167 1408 3219 τὸ
1458 3166 1682 3236 μίμημα
1713 3164 1813 3234 τὴν

237 3265 340 3318 ἀπὸ
377 3265 480 3334 τῆς
529 3262 750 3332 πληγῆς
782 3260 898 3313 ἰᾶτο
932 3259 1154 3330 βλάϐην,
1197 3257 1288 3312 τὸν
1317 3255 1478 3309 αὐτὸν
1519 3254 1583 3324 δὴ
1615 3253 1815 3324 τρόπον

239 3357 328 3408 καὶ
360 3355 458 3408 νῦν
482 3357 513 3407 ὁ
543 3355 753 3414 πάντας
788 3349 1114 3420 ἀνθρώπους
1145 3347 1536 3418 ἑπινεμόμενος
1561 3345 1810 3410 θάνατος,

240 3449 332 3502 ἐπὶ
359 3445 454 3498 τοῦ
487 3443 765 3496 Δεσπότου
792 3440 1029 3512 Χριστοῦ
1053 3439 1312 3509 γεγονὼς,
1337 3439 1437 3491 οὐκ
1461 3435 1608 3505 αὐτῷ
1634 3435 1814 3505 μόνον,

401 3538 514 3608 γάρ
541 3535 640 3589 καὶ
670 3535 836 3588 πᾶσιν
860 3531 1170 3603 ἀνθρώποις
1201 3530 1294 3584 τοῦ
1325 3529 1553 3585 θανάτου
1593 3527 1817 3599 παρέξει

241 3629 338 3699 τὴν
359 3627 541 3680 λύσιν.

308 3718 470 3770 υῦτω
493 3717 553 3769 δὲ
585 3714 683 3768 καὶ
713 3714 782 3768 τά
808 3714 950 3767 κατά
977 3713 1067 3767 τὸν
1096 3714 1360 3784 μακάριον
1383 3713 1603 3782 γέγονεν
1636 3713 1821 3766 Ἰωνᾶν

238 3809 333 3863 τὸν
357 3809 675 3880 προφήτην,
703 3805 789 3870 ὃν,
823 3805 1090 3859 Ἰουδαίων
1103 3805 1468 3858 ἀπειθούντων
1491 3806 1582 3858 καὶ
1605 3804 1824 3875 προσίε-

242 3901 371 3955 σθαι
401 3901 504 3963 τάς
561 3897 895 3970 προφητείας
947 3897 1048 3950 οὑκ
1098 3897 1410 3960 ἐθελόντων,
1455 3897 1548 3949 ἐπὶ
1593 3897 1661 3949 τὰ
1697 3896 1823 3965 ἔθνη

246 3990 532 4059 μετελθεῖν
566 3987 980 4058 παρεσκεύασεν
1020 3986 1048 4038 ὁ
1075 3986 1204 4049 Θεός
1232 4004 1246 4017 ο
1289 3981 1406 4038 εἶτα
1435 3986 1522 4038 διὰ
1566 3985 1733 4055 τριῶν
1766 4001 1823 4037 τε

244 4083 474 4153 ἡμερῶν
495 4083 594 4135 καὶ
615 4079 826 4133 νυκτῶν
845 4077 1160 4149 παραδόξως
1181 4078 1273 4130 ἐπὶ
1300 4077 1392 4130 τοῦ
1428 4080 1628 4148 κήτους
1665 4077 1825 4130 αὑτὸν

241 4172 549 4236 διασώσας,
583 4171 760 4241 ἧγαγέ
779 4187 839 4222 τε
864 4172 944 4232 είς
968 4169 1068 4238 τὴν
1095 4168 1245 4221 πόλιν
1271 4167 1368 4236 τὴν
1412 4168 1616 4239 μυρίων
1645 4168 1824 4240 πλήρη

244 4263 438 4316 κακῶν
460 4278 472 4290 ·
499 4261 598 4314 καὶ
637 4258 1012 4330 παρεσκεύασε
1042 4255 1352 4327 κηρύξαντα
1375 4258 1474 4326 τὴν
1520 4256 1824 4326 μετάνοιαν,

1897 1802 2171 1857 morsibus
2205 1801 2521 1865 interirent,
2556 1800 2831 1854 mandavit
2871 1799 3013 1855 Deus
3047 1800 3204 1854 beato
3252 1798 3420 1868 διογεί
3455 1839 3471 1859 ,
3510 1823 3522 1834 ·

1897 1906 1958 1947 ιιι
1986 1906 2193 1948 anteum
2225 1890 2484 1948 conﬂaret
2515 1891 2834 1955 colubrum;
2867 1904 3025 1959 quem
3065 1889 3160 1958 qui
3194 1889 3463 1943 vulnerati

1898 1981 2255 2050 respicerent,
2287 1980 2470 2034 damni
2496 1980 2579 2034 sui
2607 1979 2929 2033 medicinam
2959 1975 3174 2032 facilem
3197 1978 3471 2046 recepturi

1895 2081 2074 2129 erant.
2109 2072 2273 2142 Atqui
2317 2087 2441 2126 cum
2476 2073 2589 2125 Deo
2621 2071 2812 2126 liceret
2841 2070 2926 2125 vel
2958 2068 3234 2125 lsraelitas
3265 2083 3296 2121 a
3331 2083 3476 2121 mor-

1898 2165 2052 2219 sibus
2075 2163 2299 2218 omnino
2324 2161 2637 2225 del’endere,
2664 2162 2747 2216 vel
2768 2161 2930 2214 aliam
2952 2159 3250 2230 quamlibet
3276 2173 3476 2228 suppe-

1900 2256 2075 2311 ditare
2133 2255 2277 2310 ictus
2327 2253 2626 2319 medelam;
2682 2251 3037 2306 nihilominus
3081 2266 3178 2306 eos
3229 2251 3399 2304 voluit
3445 2266 3475 2303 a

1902 2345 2266 2400 mordentium
2285 2345 2521 2414 imagine
2542 2341 2840 2398 remedium
2865 2341 3070 2396 referre
3091 2359 3103 2395 :
3127 2355 3236 2411 quo
3256 2340 3478 2395 minime

1903 2436 2255 2498 miraremur,
2287 2436 2332 2490 si
2375 2442 2546 2488 morte
2577 2433 2782 2488 Christi
2815 2432 3029 2486 Domini
3063 2429 3206 2487 Deus
3241 2438 3476 2485 mortem

1903 2527 2210 2591 destruens,
2243 2525 2604 2580 immortalem
2644 2524 2804 2578 nobis
2834 2538 2929 2592 per
2961 2536 3250 2591 corporum
3287 2536 3476 2576 resur-

1905 2621 2205 2675 rectionem
2283 2625 2629 2688 compararet
2673 2617 2862 2670 vitam.
2894 2614 3075 2680 Quare
3120 2624 3173 2670 et
3218 2613 3478 2668 Dominus

1907 2709 2022 2762 ait:
2068 2727 2086 2760 ι
2115 2708 2290 2762 Sicuti
2336 2707 2550 2778 Moyses
2577 2705 2838 2760 exaltavit
2864 2712 3170 2774 serpentem
3201 2703 3258 2758 in
3289 2703 3480 2758 solitu-

1907 2801 2056 2864 dine,
2087 2801 2158 2854 ita
2184 2800 2411 2854 exaltari
2443 2805 2658 2868 oportet
2685 2796 2880 2850 Filium
2915 2795 3173 2860 hominis,
3212 2802 3274 2848 ut
3298 2794 3480 2850 omnis

1909 2892 2000 2961 qui
2031 2892 2206 2947 credit
2233 2892 2286 2945 in
2328 2891 2480 2944 illum
2525 2904 2634 2944 non
2680 2897 2884 2958 pereat,
2929 2888 3024 2943 sed
3072 2888 3267 2941 habeat
3314 2886 3480 2941 vitam

1909 2976 2240 3038 aeternam".
2275 3000 2293 3033 ι
2329 2981 2539 3047 Quibus
2570 2980 2752 3034 verbis
2779 2979 2958 3042 docet,
2991 2980 3135 3034 sicut
3166 2979 3295 3032 olim
3329 2992 3482 3031 mor-

1913 3072 2155 3126 dentium
2204 3071 2383 3140 imago
2405 3070 2664 3125 damnum
2694 3069 2937 3124 vulneris
2985 3068 3348 3138 persanabat,
3403 3067 3482 3121 sic

1915 3177 2060 3216 nunc
2090 3169 2340 3226 mortem,
2373 3175 2494 3231 quae
2526 3175 2716 3214 omnes
2747 3159 2998 3214 homines
3034 3157 3188 3227 153
3221 3157 3482 3226 depasce-

1915 3254 2093 3319 batur,
2127 3261 2413 3322 postquam
2447 3267 2508 3307 ea
2555 3249 2778 3306 Christo
2827 3249 3058 3304 Domino
3109 3249 3325 3311 accidit,
3375 3264 3482 3302 non

1917 3343 2044 3398 huic
2065 3343 2260 3408 solum,
2289 3342 2385 3396 sed
2401 3342 2616 3398 cunctis
2635 3340 2948 3396 hominibus
2973 3337 3164 3393 mortis
3187 3337 3482 3392 remedium

1918 3451 2038 3492 esse
2073 3435 2382 3490 allaturam.

1995 3717 2087 3771 Sic
2117 3716 2279 3771 etiam
2314 3714 2541 3783 contigit
2577 3713 2736 3766 beato
2782 3709 3058 3780 prophetae
3100 3705 3271 3774 Jonze,
3325 3723 3484 3778 quem

1922 3805 2125 3860 Iudaeis
2149 3801 2468 3864 incredulis,
2496 3814 2672 3869 neque
2695 3798 2813 3866 ejus
2835 3797 3052 3852 oracula
3081 3795 3484 3864 recipientibus,

1925 3896 1990 3950 ad
2006 3905 2191 3967 gentes
2210 3891 2512 3962 transgredi
2529 3891 2695 3960 jussit
2710 3890 2848 3945 Deus
2863 3907 2880 3955 ;
2894 3886 3088 3944 deinde
3107 3889 3281 3942 tribus
3297 3886 3488 3942 diebus

1925 3987 2262 4055 totidemque
2301 3983 2558 4038 noctibus
2597 3981 2916 4035 mirabiliter
2960 3980 3101 4033 intra
3138 3986 3316 4032 cetum
3354 3993 3488 4033 con-

1927 4079 2162 4136 servavit
2196 4077 2522 4131 incolumem
2545 4111 2561 4139 ,
2606 4070 2965 4142 perduxitque
3007 4069 3062 4123 in
3097 4069 3284 4123 urbem
3329 4067 3485 4122 innu-

1928 4170 2094 4224 meris
2132 4165 2429 4222 sceleribus
2475 4160 2866 4217 redundantem
2905 4179 2916 4212 :
2957 4171 3148 4226 nempe
3187 4164 3247 4210 ut
3297 4156 3344 4210 is
3372 4168 3485 4225 Ρω-

1928 4261 2211 4314 nitentiam
2270 4254 2600 4326 praedicans,
2677 4248 2997 4304 conciliator
3051 4247 3241 4302 salutis
3296 4245 3489 4300 incolis

247 4351 532 4423 σωτηρίας
577 4351 750 4403 ἅπασι
780 4350 892 4412 τοῖς
925 4346 1111 4400 αὐτόθι
1143 4346 1402 4416 πρόξενον
1439 4345 1691 4413 γενέσθαι
1721 4362 1734 4375 ·
1760 4346 1812 4398 ἵν

1935 4351 2084 4405 ﬂeret
2111 4367 2125 4413 ;
2157 4362 2258 4402 nos
2292 4354 2472 4400 autem
2509 4345 2612 4399 hoc
2645 4341 2892 4410 exemplo
2924 4337 3121 4395 eruditi
3148 4337 3372 4392 minimo
3402 4352 3492 4391 ne-

248 4445 318 4496 ὲκ
347 4443 712 4513 παραθέσεως
747 4440 821 4510 μὴ
853 4438 1211 4508 ἀπιστοίημεν
1231 4477 1246 4500 ,
1278 4438 1326 4490 εί
1360 4437 1454 4489 καὶ
1493 4439 1521 4489 ὁ
1551 4437 1824 4506 Δεσπότης

251 4536 490 4606 Χριστὸς
517 4533 608 4587 διὰ
641 4534 748 4586 τῶν
772 4532 901 4586 ἴσων
927 4530 1134 4603 καιρῶν
1162 4529 1486 4599 ἀδιάφθορος
1512 4528 1822 4597 φυλαχθεὶς,

253 4628 352 4680 καὶ
409 4629 477 4679 ὲκ
530 4623 741 4694 νεκρῶν
775 4621 1041 4685 ἀναστὰς,
1075 4621 1132 4675 ὲν
1187 4619 1438 4688 ἀθανάτῳ
1485 4618 1595 4687 ζωῇ
1644 4618 1826 4685 κοινὴν

261 4720 428 4771 ἅπασι
458 4718 572 4780 τοῖς
615 4715 820 4777 ἔθνεσι,
855 4715 948 4767 καὶ
976 4710 1149 4767 ταῦτά
1193 4727 1256 4778 γε
1299 4707 1664 4762 ἀπειθούντων
1701 4707 1831 4758 Ἰου-

259 4808 442 4874 δαίων,
460 4805 561 4876 τὴν
578 4807 643 4857 ἐκ
656 4803 756 4872 τῆς
775 4801 1062 4873 μετανοίας
1080 4799 1378 4870 παρέχεται
1398 4795 1690 4866 σωτηρίανο
1708 4793 1830 4847 ὅθεν

263 4900 352 4952 καὶ
370 4901 400 4952 ὁ
419 4897 627 4968 Κύριος
662 4894 792 4948 ποτὲ
821 4894 917 4963 μέν
945 4909 1108 4962 φησιν
1133 4905 1148 4921 ο
1180 4908 1198 4942 ι
1229 4890 1438 4958 Ὥσπερ
1459 4888 1564 4957 γὰρ
1592 4889 1620 4940 ό
1649 4887 1831 4948 Ἰωνᾶς

263 4992 319 5045 ὲν
347 4994 411 5062 τῇ
447 4989 628 5059 κοιλίᾳ
658 4985 753 5040 τοῦ
786 4987 987 5054 κήτους
1032 4984 1180 5053 τρεῖς
1213 4981 1426 5051 ἡμέρας
1463 4978 1684 5048 ἐποίησε
1735 4977 1828 5029 καὶ

266 5085 405 5152 τρεῖς
418 5082 640 5144 νύκτας,
661 5079 739 5150 (p.
758 5078 886 5145 255)
909 5075 1048 5128 οὕτω
1068 5074 1147 5126 δεῖ
1162 5073 1252 5126 τὸν
1276 5071 1400 5125 Υίὸν
1419 5069 1510 5122 τοῦ
1543 5069 1828 5139 ἀνθρώπου

268 5175 322 5226 ἐν
341 5176 404 5244 τῇ
436 5173 629 5244 καρδίᾳ
648 5172 753 5240 τῆς
789 5167 895 5238 γῆς
930 5168 1148 5235 ποιῆσαι
1172 5167 1319 5235 τρεῖς
1340 5163 1550 5232 ἡμέρας
1578 5162 1667 5214 καὶ
1687 5163 1834 5230 τρεῖς

274 5265 453 5329 νύκτας
474 5285 518 5319 Ὶ
545 5266 676 5319 ποτὲ
701 5263 762 5316 δέ
792 5276 808 5291 ·
841 5278 862 5310 ι
879 5257 1100 5326 Ἄνδρες
1132 5254 1408 5308 Νινευῖται
1445 5254 1836 5323 ἀναστήσονται

275 5356 351 5409 καὶ
370 5353 754 5430 κατακρινοῦσι
790 5349 895 5420 τὴν
915 5347 1103 5414 γενεὰν
1124 5345 1347 5415 ταύτην,
1379 5345 1458 5396 ὅτι
1489 5345 1721 5412 ἥκουσαν
1741 5342 1832 5394 τοῦ

272 5453 590 5527 κηρύγματος
650 5444 822 5500 Ἰωνᾶ
864 5454 879 5466 ⁸
913 5439 1005 5490 καὶ
1039 5439 1140 5489 ἰδοὺ
1202 5437 1380 5489 πλεῖον
1432 5436 1582 5487 Ἰωνᾶ
1631 5430 1730 5488 ὦδε
1756 5452 1770 5467 θ
1811 5453 1829 5486 ι

309 5656 551 5713 alcon
621 5663 683 5714 ς,
735 5639 842 5694 Η.
931 5633 974 5662 ⁷⁸
1010 5631 1166 5688 Hebr.
1217 5650 1291 5696 ιχ,
1346 5635 1434 5688 15.
1509 5635 1550 5664 τί

1933 4451 2210 4508 garemus,
2241 4433 2522 4488 Christum
2541 4430 2836 4485 Dominum
2867 4428 2982 4497 pari
3014 4427 3278 4494 temporis
3313 4425 3489 4492 spatio

1933 4532 2052 4586 sine
2077 4526 2430 4594 corruptione
2461 4529 2779 4584 servatum;
2813 4518 2907 4586 qui
2939 4529 3061 4569 mox
3096 4529 3126 4568 e
3161 4513 3392 4568 mortuis
3425 4514 3493 4567 ad

1933 4617 2297 4674 immortalem
2343 4614 2510 4667 vitam
2561 4619 2871 4673 revocatus,
2905 4619 3248 4662 communem
3279 4604 3494 4658 cunctis

1931 4707 2172 4764 ethnicis
2220 4703 2446 4768 (Judaeis
2479 4701 2697 4757 interim
2732 4698 3166 4754 incredulitatem
3206 4696 3493 4751 retinenti-

1935 4800 2056 4866 bus)
2087 4795 2418 4867 pmnitentia:
2459 4791 2656 4846 merito
2688 4794 2920 4847 salutem
2945 4788 3217 4844 exhibuit.
3249 4783 3404 4841 Unde
3441 4793 3496 4840 et

1935 4889 2198 4944 Dominus
2231 4883 2526 4955 aliquando
2561 4883 2698 4938 dixit
2729 4900 2742 4937 :
2805 4901 2821 4932 ι
2872 4879 3027 4934 Sicut
3066 4878 3211 4934 enim
3238 4875 3406 4932 Jonas
3442 4875 3496 4927 in

1934 4989 2123 5036 ventre
2149 4980 2253 5034 ceti
2301 4985 2414 5031 tres
2440 4975 2558 5030 dies
2600 4972 2934 5042 totidemque
2977 4978 3168 5025 noctes
3199 4967 3496 5036 transegit:

1898 5123 1902 5126 .
1936 5071 2011 5124 ita
2050 5063 2468 5138 oportetFilium
2499 5061 2739 5116 hominis
2775 5069 2886 5114 tres
2921 5059 3038 5114 dies
3077 5057 3129 5110 in
3154 5054 3314 5110 corde
3343 5064 3500 5108 terr-ae

1937 5159 2274 5227 totidemque
2316 5161 2506 5210 noctes
2545 5166 2764 5205 manere
2797 5152 2863 5201 ".
2915 5167 2934 5198 ι
2969 5144 3277 5215 Aliquando
3317 5159 3446 5199 vero
3481 5162 3495 5197 :

1944 5271 1963 5303 ι
1998 5250 2113 5304 Viri
2162 5246 2418 5301 Ninivita:
2450 5249 2806 5311 consurgent,
2839 5247 2893 5292 et
2919 5236 3324 5308 generationem
3361 5234 3499 5288 hanc

1940 5340 2418 5400 condemnabunt;
2464 5345 2751 5406 propterea
2791 5330 2936 5399 quod
2965 5329 3068 5397 ipsi
3111 5341 3311 5397 pronas
3341 5337 3502 5400 aures

1941 5431 2256 5506 praedicanti
2303 5427 2453 5483 Iona:
2503 5423 2848 5492 prazbuerunt
2893 5439 2904 5474 :
2971 5434 3100 5474 ecce
3152 5425 3328 5471 autem
3380 5417 3503 5485 plus

1625 5633 1781 5689 Joan.
1848 5651 1929 5702 ιιι,
1969 5635 2021 5687 4.
2095 5632 2141 5663 ’θ’
2178 5627 2366 5682 Matth.
2395 5641 2492 5691 xu,
2527 5627 2613 5678 40.
