3966 6134
524 281 634 336 323

1684 263 2031 321 TllEODORl
2072 259 2304 316 MOFSU
2316 255 2561 315 ESTENl

3679 249 3786 311 32$

530 408 697 465 quam
733 391 903 447 Jonas
950 388 1041 442 hic
1092 394 1197 441 cst.
1237 402 1255 434 ι
1303 381 1474 436 Porro
1506 394 1688 434 rerum
1726 377 1958 433 imitatio
1991 376 2104 431 evi-

2224 372 2367 442 Βῆλον
2394 371 2475 425 ὅτι
2497 369 2612 421 ἐστι
2649 366 2749 437 μέν
2770 380 2852 430 τις
2874 366 3107 436 μίμησις
3136 363 3242 417 τῶν
3271 364 3632 436 πραγμάτων,
3652 366 3787 420 πολὺ

530 488 723 543 denter
751 489 999 547 constat;
1033 490 1346 550 quanquam
1393 473 1564 529 multa
1609 481 1694 528 est
1730 470 2039 542 priscarum
2073 481 2104 521 a

534 578 692 633 novis
715 571 1106 643 discrepantia.
1137 568 1388 625 Profecto
1413 564 1589 622 Judaei
1612 570 1930 634 praesentes,
1959 558 2103 614 haud

534 683 694 726 secus
741 680 903 736 quam
937 664 1014 718 illi
1057 670 1290 726 veteres,
1330 660 1386 714 in
1431 655 1815 713 incredulitate
1852 665 2107 723 perseve-

535 771 690 825 rant;
719 756 849 812 dum
903 754 1196 810 salutarem
1228 757 1420 821 gentes
1455 745 1727 817 recipiunt
1756 740 2105 813 praedicatio—

532 863 680 905 nem.
726 845 824 901 His
864 843 1151 900 evidenter
1181 841 1249 896 de
1278 838 1465 894 causis
1509 834 1654 892 benti
1685 832 1838 900 Jonm
1875 843 2108 901 persona
2148 902 2155 906 ’

532 938 767 993 excitata
820 941 927 989 est.
984 930 1207 1001 Alioqui
1257 928 1403 983 enim
1460 939 1569 980 non
1627 933 1738 977 tam
1794 918 2110 975 incredulus

534 1030 648 1086 Deo
690 1028 1027 1101 perstitisset
1067 1021 1358 1095 propheta,
1400 1026 1459 1072 ut
1496 1016 1635 1070 nihil
1672 1028 1865 1070 eorum
1907 1010 2113 1066 faceret

2207 464 2355 518 δὲίτὸ
2379 462 2636 532 διάφορον
2676 459 2878 515 τούτων
2935 457 3069 528 πρὸς
3121 457 3306 510 ἐκεῖνα
3339 471 3353 486 ⁸
3387 456 3482 510 καὶ
3509 456 3782 530 ὅτιπαρα-

2214 558 2459 629 πλησίως
2493 554 2593 626 μὲν
2615 546 2763 607 οῦτοι
2795 553 2911 614 τοῖς
2953 550 3075 603 τότε
3117 547 3391 612 Ἰουδαίοις
3435 548 3789 612 ἀπιστοῦντες

2208 648 2449 721 μενοῦσι,
2493 645 2704 712 δέξεται
2733 643 2790 697 δὲ
2813 642 2881 696 τὰ
2905 640 3030 712 ἔθνη
3076 639 3176 711 τὴν
3208 641 3273 693 ἐκ
3313 639 3409 693 τοῦ
3438 639 3792 711 κηρύγματος

2206 737 2510 810 σωτηρίαν.
2557 735 2683 790 Ἐπὶ
2726 733 2790 805 δὴ
2830 733 3039 795 τούτοις
3071 729 3258 799 σαφῶς
3288 731 3316 783 ό
3356 731 3625 800 μακάριος
3660 746 3768 801 προ

2209 830 2470 901 ϐέϐληται
2515 828 2701 890 Ἰωνᾶς
2728 842 2742 857 ο
2775 824 2897 878 οὐδὲ
2942 823 3053 894 γὰρ
3105 821 3172 876 ἂν
3205 822 3234 875 ό
3282 822 3570 893 προφήτης
3617 820 3793 884 οὕτως

2209 921 2421 993 ἔμεινεν
2443 918 2674 989 ἀπειθὴς
2707 916 2787 987 τῷ
2813 914 2955 986 Θεῷ.
2984 915 3059 980 ὡς
3097 913 3172 985 μὴ
3218 914 3437 968 ἑλέσθαι
3466 931 3520 967 τι
3565 915 3793 985 ποιῆσαι

2209 1011 2317 1066 τῶν
2343 1009 2650 1085 εἰρημένων
2674 1006 2823 1077 αύτῷ
2843 1023 2857 1038 ο
2884 1006 2980 1061 καὶ
3003 1005 3179 1061 ταῦτα
3200 1005 3294 1059 ἐπὶ
3316 1005 3560 1076 σωτηρίᾳ
3579 1021 3645 1073 γε
3670 1021 3794 1059 τοσ-

532 1137 657 1192 ιιιιιε
684 1094 1004 1189 jubebatur,
1043 1094 1348 1184 praisertim
1394 1122 1563 1179 quum
1596 1104 1663 1160 ad
1706 1110 1788 1159 tot
1826 1100 2108 1158 hominum

2224 1100 2381 1155 ιύτων
2414 1098 2766 1169 πεμπόμενος
2797 1094 3128 1167 ἀνθρώπιον·
3162 1095 3280 1149 ἀλλ’
3306 1094 3430 1149 οὐδὲ
3468 1094 3796 1149 ἀπειθοῦντα

536 1215 834 1270 curandam
863 1210 1095 1266 salutem
1124 1206 1454 1260 mitteretur.
1491 1199 1598 1255 Sed
1631 1211 1808 1267 neque
1836 1195 1911 1249 ita
1942 1193 2114 1247 incre-

536 1301 725 1357 dnlum
757 1297 993 1368 experiri
1025 1309 1148 1351 eum
1182 1306 1319 1363 opus
1346 1298 1466 1347 erat
1494 1288 1763 1343 marinam
1792 1284 1938 1339 illam
1965 1282 2113 1337 cala-

536 1391 811 1453 mitatem,
867 1394 990 1443 ceto
1043 1385 1303 1440 nimirum
1361 1380 1551 1448 objici,
1605 1375 1922 1447 prodigiose
1961 1375 2108 1427 intra

538 1480 685 1535 hunc
710 1478 941 1544 servari,
974 1475 1149 1530 multo
1177 1487 1308 1527 vero
1329 1466 1880 1541 prodigiosius-illinc
1902 1464 2113 1520 exitum

534 1571 814 1628 nancisci.
849 1568 1065 1637 Quippe
1104 1564 1215 1620 Deo
1243 1562 1445 1619 licebat
1472 1561 1631 1615 aliter
1663 1558 1730 1613 ad
1763 1556 2116 1612 ofﬁciumco-

495 1679 666 1738 'gere
709 1671 1029 1719 renuentem
1074 1657 1536 1726 incredulamque
1569 1652 1890 1723 prophetam
1917 1648 2115 1704 :rsicut

2212 1190 2538 1263 πειραθῆναι
2559 1188 2780 1250 πάντως
2795 1186 2905 1239 τῶν
2924 1185 3069 1239 κατά
3085 1185 3184 1256 τὴν
3201 1184 3475 1238 θάλατταν
3493 1181 3562 1255 ἦν
3576 1184 3792 1255 ἀνάγκη

2211 1282 2417 1338 κακῶν·
2436 1280 2577 1334 ὥστε
2593 1279 2687 1333 καὶ
2702 1276 3039 1350 ἐμϐληθῆναι
3063 1277 3239 1347 κήτει,
3271 1275 3367 1330 καὶ
3391 1276 3478 1328 ἐπ’
3498 1275 3617 1345 (55)
3632 1275 3794 1328 αὑτοῦ

2212 1372 2531 1445 παραδόξως
2549 1370 2810 1441 σωθῆναι,
2835 1370 2929 1423 καὶ
2948 1366 3383 1440 παραδοξότερον
3412 1366 3492 1419 ἔτι
3524 1365 3625 1437 τὴν
3655 1368 3795 1419 ἐκεῖ·

2213 1467 2305 1521 θεν
2329 1466 2585 1520 ἀνάδυσιν
2608 1464 2929 1535 ὑπομεῖναι·
2958 1461 3259 1532 δυναμένου
3290 1476 3355 1528 γε
3385 1459 3481 1513 τοῦ
3511 1457 3651 1513 Θεοῦ
3681 1458 3794 1511 ἐτέ-

2216 1573 2324 1629 ρως
2358 1554 2622 1608 ὀκνοῦντα
2651 1553 2748 1607 καὶ
2775 1551 3104 1607 ἀπειθοῦντα
3145 1549 3239 1603 τὸν
3272 1549 3561 1620 προφήτην
3594 1548 3697 1601 ἐπὶ
3737 1547 3797 1600 τὸ

2212 1646 2332 1701 δέον
2360 1647 2567 1715 ἐγείραι
2598 1661 2615 1675 ο
2651 1642 2842 1715 ῶσπερ
2870 1638 2964 1697 οῦν
3011 1639 3174 1696 αὑτὸν
3210 1638 3303 1694 ἐπί
3330 1655 3393 1691 τε
3429 1637 3524 1691 τοῦ
3549 1637 3795 1699 Μωσέως

538 1716 663 1738 υ--τ
954 1716 965 1717 κ
1444 1716 1462 1726 ,
1569 1716 1588 1723 -
1672 1716 1691 1723 -

538 1758 608 1813 ab
632 1772 697 1813 eo
726 1753 1035 1809 factitatum
1066 1750 1321 1806 novimus
1353 1747 1422 1813 ⁷³,
1466 1758 1577 1815 quo
1611 1752 1856 1813 tempore
1904 1739 2116 1809 Moyses

2224 1738 2464 1808 ἔγνωμεν
2496 1736 2750 1789 ποιοῦντα
2769 1733 3063 1797 ὀκνοῦντος
3081 1731 3219 1804 πρὸς
3245 1731 3347 1801 τὴν
3371 1728 3679 1800 ὑπουργίαν
3699 1728 3794 1797 τῆς

538 1849 881 1921 apostolatus
905 1841 1275 1898 ministerium
1297 1836 1459 1908 155
1483 1835 1797 1898 devitabat;
1824 1832 2121 1900 itidemque

540 1955 666 1996 cum
696 1936 965 1993 Jeremias
994 1931 1242 2002 ejusdem
1295 1927 1477 2000 operis
1511 1922 1949 1998 magnitudinem
1983 1922 2124 1976 exti-

541 2031 822 2088 mescebat
868 2028 938 2081 7‘.
980 2026 1149 2079 Plane
1199 2021 1365 2093 igitur
1406 2024 1644 2082 constat,
1697 2015 1912 2071 libitum
1954 2011 2125 2069 fuisse

544 2124 656 2180 Deo
712 2122 825 2178 tam
884 2117 1127 2174 insolitis
1179 2122 1400 2184 tamque
1455 2110 1615 2166 miris
1656 2108 1880 2164 casibus
1922 2103 2118 2160 Jonam

544 2227 823 2276 exercere,
850 2223 986 2280 quo
1020 2214 1205 2277 typum
1253 2217 1377 2260 eum
1426 2200 1708 2257 exhiberet
1758 2195 2114 2267 gerendarum

542 2308 601 2361 in
627 2304 847 2360 Christo
888 2298 1122 2354 Domino
1154 2308 1361 2355 rerum,
1400 2292 1475 2346 ita
1506 2297 1568 2346 ut
1607 2289 1751 2344 hanc
1790 2286 1863 2342 ob
1892 2296 2114 2340 causam

544 2410 641 2467 per
677 2402 787 2448 tam
831 2386 1208 2445 incredibilem
1251 2382 1551 2437 novitatem
1590 2377 1883 2438 deductus,
1917 2372 2115 2442 dignus

546 2486 652 2540 fide
688 2481 963 2546 evaderet,
990 2484 1281 2549 preptcrea
1312 2472 1458 2544 quod
1493 2469 1633 2525 tanti
1672 2468 1857 2539 operis
1882 2467 2111 2537 ﬁguram

544 2582 601 2636 in
630 2575 923 2646 semetipso
952 2572 1191 2645 gerebat.

614 2665 951 2735 Praecipuam
983 2662 1168 2730 itaque
1198 2654 1594 2728 prodigiorum,
1628 2664 1751 2722 qua;
1776 2649 1936 2704 beato
1967 2646 2116 2702 Jonas

547 2759 889 2819 acciderunt,
936 2750 1334 2808 causam-hanc
1376 2746 1562 2801 dicere
1594 2745 1761 2798 licet:
1810 2739 2113 2810 proximam

546 2851 795 2912 alteram,
820 2859 941 2918 quae
963 2844 1028 2898 de
1050 2851 1180 2913 typo
1203 2836 1455 2894 similiter
1481 2839 1690 2889 manat.
1716 2828 1952 2885 Necesse
1971 2827 2113 2883 enim

546 2949 668 2997 erat
695 2916 1219 2993 haudimediocriter
1249 2928 1493 2982 animum
1522 2921 1864 2993 despondere
1884 2918 2116 2990 prophe-
2144 2916 2151 2921 ’

2214 1828 2558 1899 ἀποστολῆς·
2592 1827 2687 1881 ἐπί
2724 1841 2783 1881 τε
2826 1824 2917 1880 τοῦ
2967 1825 3229 1896 Ἱερεμίου
3265 1822 3558 1892 φεύγοντος
3596 1820 3797 1891 ὁμοίως

2217 1920 2473 1976 κάκείνου
2502 1916 2604 1987 τῆς
2646 1915 2947 1988 ὑπουργίας
2975 1915 3038 1968 τὸ
3098 1912 3328 1985 μέγεθος
3350 1928 3364 1945 ·
3398 1914 3472 1982 (p.
3503 1909 3641 1981 254)
3668 1908 3798 1962 ἀλλά

2219 2011 2327 2084 γὰρ
2358 2008 2447 2065 διὰ
2471 2007 2814 2079 πραγμάτων
2853 2006 2997 2060 οὕτω
3033 2004 3239 2060 καινῶν
3265 2020 3328 2057 τε
3353 2005 3450 2057 καὶ
3478 2000 3799 2072 παραδόξων

2221 2102 2502 2175 προδήλως
2546 2098 2641 2153 τὸν
2694 2097 2966 2169 μακάριον
3000 2096 3186 2149 Ἰωνᾶν
3226 2095 3475 2163 ἀγαγεῖν·
3504 2090 3795 2161 ἐϐουλήθη,

2218 2193 2405 2263 ἐπειδὴ
2441 2191 2609 2245 τύπον
2638 2189 2803 2244 αὑτὸν
2827 2186 2941 2241 τῶν
2974 2187 3118 2241 κατὰ
3147 2185 3239 2239 τὸν
3269 2184 3546 2254 Δεσπότην
3564 2182 3799 2254 Χριστὸν

2216 2284 2450 2359 ἤμελλεν
2466 2280 2786 2351 ἀποφαίνειν
2813 2296 2827 2310 ·
2850 2279 2926 2342 ὡς
2952 2278 3162 2347 »ταύτης
3186 2276 3377 2330 ἕνεκεν
3392 2274 3493 2345 τῆς
3512 2273 3698 2335 αἰτίας
3716 2269 3799 2325 διὰ

2188 2375 2487 2443 ’τοσαύτης
2537 2374 2766 2427 ἀπίστου
2812 2372 3128 2442 καινότητος
3172 2368 3449 2440 ἐνεχθεὶς,
3482 2367 3800 2434 ἀξιόπιστος

2218 2469 2450 2538 γένοιτο,
2470 2466 2565 2521 τοῦ
2586 2464 2840 2519 τοσούτου
2865 2462 3189 2534 πράγματος
3215 2461 3308 2514 τὸν
3333 2460 3503 2514 τύπον
3521 2458 3802 2528 ἐκφαίνων

2221 2562 2279 2612 ἐν
2300 2556 2467 2628 αὐτῷ.

2289 2648 2715 2719 Βροηγουμένην
2750 2645 2847 2716 μὲν
2899 2637 2993 2698 οῦν
3037 2641 3146 2696 τῶν
3197 2643 3339 2695 κατά
3384 2640 3479 2694 τὸν
3534 2638 3802 2710 μακάριον

2234 2740 2417 2794 Ἰωνᾶν
2461 2736 2635 2803 οὕτως
2668 2733 2986 2808 παραδόξων
3037 2732 3340 2802 γεγονότων
3382 2730 3594 2801 ταύτην
3630 2730 3798 2803 αἰτίαν

2221 2832 2365 2886 είποι
2390 2847 2474 2894 τις
2508 2829 2573 2883 ἄν
2590 2845 2605 2860 ο
2641 2827 2916 2898 ἑπομένην
2932 2825 2994 2878 δὲ
3018 2824 3278 2893 κάκείνην
3298 2824 3364 2876 ἐκ
3391 2821 3487 2876 τοῦ
3511 2820 3689 2875 τύπου
3709 2821 3798 2890 τὴν

2223 2921 2394 2994 ἀρχὴν
2412 2919 2710 2975 λαϐοῦσαν·
2742 2919 2971 2988 ἀθυμεῖν
3000 2915 3110 2988 γὰρ
3142 2917 3239 2985 οὐχ
3260 2914 3338 2978 ὡς
3363 2914 3556 2984 ἔτυχεν
3594 2912 3795 2980 ἀνάγκη

549 3040 656 3093 tas,
689 3028 780 3096 qui
809 3024 1154 3080 continenter
1189 3018 1254 3071 ad
1278 3015 1535 3085 populum
1562 3026 1594 3065 a
1617 3011 1727 3066 Deo
1748 3008 1901 3063 missi
1937 3005 2118 3060 futura

2224 3016 2348 3078 τοὺς
2372 3015 2655 3085 προφήτας
2684 3005 2753 3082 ἦν
2773 3048 2786 3073 ,
2815 3011 2899 3063 ὅτι
2942 3008 3179 3079 συνεχῶς
3204 3005 3341 3078 πρὸς
3366 3005 3460 3060 τὸν
3490 3003 3625 3058 λαὸν
3658 3003 3797 3073 παρὰ

548 3118 840 3178 canebant,
881 3108 1347 3180 imponendasque
1385 3116 1576 3174 prunas
1608 3098 2021 3164 minitabantur,
2065 3102 2119 3151 et

549 3208 820 3283 quidquid
854 3206 1074 3261 demum
1113 3196 1471 3256 emendandis
1494 3194 1738 3250 moribus
1765 3189 2116 3255 conduceret,

554 3279 749 3365 magna
780 3292 1070 3349 sedulitate
1102 3286 1474 3359 praestabant:
1506 3282 1800 3352 caeteroqui
1833 3279 1966 3335 nihil
1988 3291 2120 3349 pro-

558 3388 848 3452 ﬁciebant,
874 3383 1157 3439 obtinente
1200 3377 1569 3435 lsraeiitarum
1615 3374 1823 3430 malitia
1857 3371 2121 3428 adversus

550 3498 613 3536 ea
645 3478 825 3536 studia
874 3475 1286 3547 prophetarum,
1335 3484 1474 3542 quos
1505 3468 1650 3524 Deus
1698 3467 1916 3522 illorum
1955 3476 2122 3519 causa

551 3571 905 3627 excitaverat.
956 3562 1322 3632 Quamobrem
1372 3560 1429 3615 hi
1488 3557 1686 3614 merito
1733 3555 1844 3626 jam
1875 3553 2121 3609 inutilem

551 3659 939 3720 existimabant
971 3657 1211 3712 laborem
1245 3666 1425 3713 suum,
1470 3664 1534 3704 ac
1566 3648 1633 3703 de
1674 3646 1839 3702 rebus
1868 3641 2124 3699 humanis

555 3766 783 3825 prorsus
813 3747 1198 3820 desperabant,
1239 3757 1452 3814 nempe,
1495 3740 1624 3812 quia
1666 3734 1871 3793 ethnici
1902 3732 2123 3805 quidem

556 3848 613 3901 in
648 3844 779 3899 vitia
827 3847 1146 3896 constanter
1185 3844 1449 3897 ruerent;
1499 3832 1590 3887 ille
1639 3837 1821 3884 autem
1863 3825 2122 3896 populus,

554 3936 649 4008 qui
681 3935 747 3989 ad
781 3932 1019 3988 divinam
1055 3928 1345 3985 videbatur
1383 3924 1630 3980 delectus
1674 3920 1986 3985 scientiam,
2017 3916 2122 3971 im-
2165 3955 2169 3960 .

534 4007 757 4101 pietate
787 4034 841 4080 et
871 4036 1087 4079 morum
1133 4017 1369 4073 colluvie
1411 4012 1559 4069 haud
1601 4012 1837 4068 ethnicis
1883 4007 2122 4063 cederet.

557 4095 782 4173 hiwstos
828 4116 1012 4185 itaque
1059 4110 1203 4168 Deus
1246 4107 1544 4181 prophetas
1590 4113 1649 4160 ut
1696 4106 1991 4163 recrearet,
2030 4095 2121 4167 qui

557 4207 805 4264 omnium
844 4205 1031 4274 utique
1050 4201 1334 4256 hominum
1361 4196 1587 4253 multam
1624 4195 1763 4265 gerit
1798 4204 2011 4255 curam,
2040 4202 2129 4258 pc-

561 4296 824 4352 culiarcm
855 4301 1040 4349 tamen
1067 4287 1465 4362 providentiam
1495 4286 1684 4342 electis
1709 4280 1992 4353 impendit,
2027 4294 2159 4335 sat--

2224 3104 2319 3158 τοῦ
2350 3104 2484 3157 Θεοῦ
2520 3102 2884 3173 πεμπόμενοι,
2901 3099 3134 3171 ἐμήνυόν
3156 3112 3217 3151 τε
3242 3097 3427 3161 αὐτοῖς
3446 3094 3517 3149 τὰ
3550 3096 3797 3164 ἐσόμενα,

2227 3197 2341 3251 καὶ·
2374 3194 2474 3258 τὰς
2528 3192 2976 3264 ἐπαχθησομένας
3042 3189 3313 3263 τιμωρίας
3368 3186 3635 3257 ἠπείλουν
3666 3201 3681 3216 ο
3716 3183 3801 3238 καὶ

2227 3285 2403 3340 πάντα
2423 3284 2487 3356 δὴ
2521 3285 2587 3338 τὰ
2618 3284 2751 3356 πρὸς
2774 3283 3056 3355 διόρθωσιν
3075 3281 3258 3335 αὐτῶν
3285 3277 3643 3334 συντελοῦντα
3670 3275 3799 3332 κατὰ

2229 3376 2430 3448 πολλῆς
2470 3376 2858 3447 διεπράττοντο
2900 3374 3000 3445 τῆς
3048 3372 3318 3442 σπουδῆς·
3350 3372 3515 3441 ήνυον
3547 3370 3609 3424 δέ
3649 3367 3804 3423 πλέον

2227 3469 2398 3534 οὐδὲν,
2420 3468 2522 3537 τῆς
2565 3466 2673 3520 τῶν
2719 3464 3065 3538 Ἰσραηλιτῶν
3097 3463 3296 3527 κακίας
3337 3459 3799 3533 ἀντιπραττούσης
3861 3448 3867 3453 ’

2228 3565 2295 3633 τῇ
2326 3561 2414 3614 διὰ
2441 3558 2550 3613 τῶν
2585 3558 2881 3630 προφητῶν
2910 3555 3198 3626 ἐπιμελείᾳ
3224 3555 3376 3626 παρά
3398 3555 3493 3608 τοῦ
3516 3552 3663 3607 Θεοῦ
3683 3550 3802 3623 περὶ

2230 3652 2427 3714 αὐτοὺς
2455 3650 2739 3722 γινομένῃ·
2785 3649 2879 3717 ἀφ’
2904 3639 2966 3701 οῦ
2993 3648 3058 3718 δὴ
3099 3647 3195 3699 καὶ
3236 3645 3492 3712 περιττὸν
3542 3645 3621 3707 ὡς
3663 3643 3805 3700 εἰκὸς

2228 3741 2397 3815 ᾤοντο
2447 3740 2537 3794 τὸν
2581 3740 2788 3793 ἑαυτῶν
2837 3735 2977 3791 εἶναι
3028 3736 3188 3790 πόνον
3222 3752 3236 3766 ·
3269 3736 3361 3789 καὶ
3411 3733 3476 3805 δὴ
3529 3736 3628 3789 καὶ
3677 3734 3806 3803 πρὸς

2229 3833 2537 3902 ἀπόγνωσιν
2570 3830 2806 3900 παντελῆ
2840 3828 2952 3883 τῶν
2998 3824 3351 3899 ἀνθρωπείων
3384 3824 3628 3897 ἐχώρουν
3669 3837 3805 3892 πρα-

2230 3925 2488 3995 γμάτων·
2519 3921 2594 3987 ῶς
2631 3920 2738 3974 τῶν
2786 3919 2883 3989 μὲν
2940 3916 3107 3971 ἐθνῶν
3160 3915 3297 3986 πρὸς
3333 3914 3399 3968 τὺ
3434 3918 3622 3986 χεῖρον
3660 3912 3803 3965 ﬁmi

2231 4015 2514 4076 νευόντων,
2567 4012 2676 4064 τῶν
2723 4010 3018 4064 δοκούντων
3064 4009 3121 4061 δέ
3159 4008 3241 4070 εἰς
3285 4007 3386 4077 τὴν
3418 4005 3625 4072 γνῶσιν
3668 4001 3808 4064 ἐξει-

2230 4107 2419 4177 λέχθαι
2442 4106 2542 4173 τὴν
2574 4104 2744 4167 θείαν,
2768 4106 2844 4172 (p.
2873 4101 3002 4166 €55)
3028 4101 3187 4153 ὀὐδὲν
3227 4096 3638 4167 ἐλαττουμένων
3658 4096 3722 4164 τῇ
3746 4108 3800 4143 τε

2234 4197 2456 4269 ἀσεϐείᾳ
2493 4196 2587 4249 καὶ
2612 4198 2675 4265 τῇ
2701 4194 2809 4247 τῶν
2839 4194 3055 4265 τρόπων
3088 4191 3359 4264 μοχθηρία
3384 4190 3609 4243 ἐκείνων
3627 4205 3645 4219 ·
3665 4184 3800 4239 οὗτοι

2233 4291 2299 4363 δὴ
2324 4288 2699 4359 διακειμένους
2740 4286 2936 4348 αὐτοὺς
2981 4283 3378 4354 ψυχαγωγῆσαι
3428 4280 3752 4353 βουλόμενος
3780 4275 3807 4326 ὁ

562 4398 859 4459 penumero
901 4382 1228 4454 significavit
1262 4382 1371 4436 illis
1418 4378 1658 4433 futuram
1686 4376 1744 4430 in
1788 4373 1989 4428 Christi
2021 4370 2122 4424 Do-

2230 4382 2395 4445 Θεὸς,
2430 4382 2459 4435 ό
2492 4378 2690 4449 πολλὴν
2729 4377 2826 4448 μὲν
2874 4375 3092 4428 πάντων
3142 4372 3445 4444 ἀνθρώπων
3492 4367 3802 4439 ἐπιμέλειαν

562 4476 695 4531 mini
740 4475 973 4531 adventu
1008 4474 1421 4529 conversionem
1464 4469 1828 4525 humanorum
1871 4477 2124 4519 morum:

560 4581 671 4640 quo
703 4577 945 4637 tempore
968 4579 1162 4622 onmes
1193 4565 1391 4620 divina:
1423 4562 1613 4634 gratiae
1640 4558 1906 4615 instinctu
1944 4570 1975 4610 a
1997 4556 2131 4610 vitio

560 4658 630 4715 ad
670 4658 928 4714 virtutem
958 4655 1269 4727 respecturi
1315 4660 1494 4709 erant.
1530 4650 1669 4706 Tum
1715 4648 1783 4703 ad
1824 4654 2129 4702 extremum

561 4755 665 4808 hoc
706 4765 923 4822 quoque
970 4749 1290 4805 admirabile
1321 4747 1377 4799 in
1425 4745 1687 4815 propheta
1727 4741 1867 4795 lena
1890 4736 2131 4809 patravit

560 4856 700 4913 opus
743 4841 810 4895 ad
846 4840 1089 4895 omnium
1121 4837 1514 4910 prophetarum
1562 4831 1929 4889 eruditionem
1968 4835 2130 4897 atque

561 4934 818 4994 solatium
849 4950 863 4987 :
894 4946 1034 5002 quos
1064 4946 1124 4985 re
1168 4932 1286 5000 ipsa
1329 4926 1592 4983 certiores
1631 4923 1758 4979 fecit
1793 4920 1861 4977 de
1900 4920 2131 4976 indubia

562 5020 951 5092 Christi'155
978 5019 1235 5083 adventu,
1268 5025 1323 5074 et
1350 5016 1418 5071 de
1446 5017 1690 5070 omnium
1726 5013 2009 5069 hominum
2038 5025 2134 5081 per

566 5113 617 5170 id
650 5126 867 5186 tempus
901 5112 969 5167 ad
1011 5112 1209 5166 bonam
1250 5110 1459 5181 frugem
1490 5108 1702 5175 reditu;
1739 5104 1942 5160 Judais
1988 5104 2130 5158 inte-

569 5208 667 5261 rim
695 5205 853 5260 valde
877 5206 945 5261 ad
978 5205 1111 5259 vitia
1145 5201 1609 5267 incumbentibus,
1657 5199 1767 5254 Deo
1803 5198 1876 5253 ita
1913 5195 2134 5266 permit:

567 5304 712 5351 tente
735 5297 804 5352 ob
846 5294 1334 5351 demonstrandum
1377 5292 1575 5347 mentis
1614 5291 1871 5346 humana:
1898 5290 2130 5343 liberum

571 5388 853 5443 arbitrium
892 5405 955 5443 ac
983 5386 1331 5459 fragilitatem
1357 5403 1371 5448 ς
1410 5384 1505 5440 sed
1532 5382 1770 5455 denique
1803 5384 1908 5440 ‘sub
1932 5381 2133 5438 Christi

641 5520 688 5551 "
716 5520 981 5587 Exod.'tt,
1024 5530 1048 5577 t
1163 5527 1208 5556 ⁷⁸
1244 5525 1354 5581 Jer.
1398 5540 1437 5590 ι,
1478 5508 1532 5580 0.

648 5651 757 5721 (35)
798 5651 872 5706 ita
911 5657 1028 5709 cod.
1056 5671 1161 5712 non
1190 5658 1299 5713 ὑπ’.

2233 4471 2572 4543 ποιούμενος,
2613 4468 2889 4539 ἐξαίρετον
2915 4465 2973 4520 δέ
3010 4481 3131 4518 τινα
3169 4464 3349 4535 νέμων
3371 4464 3485 4525 τοῖς
3515 4458 3678 4515 αὑτοῦ
3708 4455 3803 4527 τὴν

2232 4562 2578 4633 κηδεμονίαν,
2615 4558 2872 4619 πολλάκις
2894 4555 3007 4626 μὲν
3048 4553 3316 4625 ἐδήλωσεν
3354 4552 3538 4614 αὐτοῖς
3585 4548 3684 4619 τὴν
3716 4544 3802 4597 ἐπὶ

2230 4654 2330 4723 τῆς
2349 4651 2565 4715 δείξεως
2594 4648 2690 4703 τοῦ
2725 4648 2995 4701 Δεσπότου
3033 4644 3272 4718 Χριστοῦ
3299 4642 3677 4713 γενησομένην
3704 4652 3797 4708 με-

2231 4742 2462 4815 ταϐολὴν
2493 4741 2602 4794 τῶν
2624 4739 2977 4811 ἀνθρωπείων
3007 4737 3485 4810 πραγμάτωνώτε
3520 4733 3587 4803 δὴ
3611 4731 3801 4788 πάντες

2233 4837 2464 4909 ἤμελλον
2503 4836 2568 4889 ἐκ
2610 4833 2704 4889 τοῦ
2754 4832 2993 4905 χείρονος
3035 4833 3155 4904 θεία
3188 4833 3369 4902 χάριτι
3412 4828 3588 4883 νεύειν
3632 4825 3723 4877 ἐπὶ
3748 4821 3804 4873 τὸ

2234 4930 2480 4999 κρεῖττον
2518 4944 2531 4957 ·
2573 4927 2877 4978 τελευταῖον
2906 4924 2961 4976 δέ
3000 4924 3093 4977 καὶ
3124 4924 3223 4993 τὴν
3271 4919 3573 4991 παράδοξον
3604 4914 3801 4979 ταύτην

2235 5018 2496 5089 ἐργασίαν
2528 5018 2626 5087 τὴν
2665 5017 2804 5069 κατά
2826 5016 2916 5068 τὸν
2950 5014 3236 5084 προφήτην
3285 5012 3466 5065 Ἰωνᾶν
3494 5006 3803 5072 πεποίηται,

2238 5111 2316 5172 είς
2353 5108 2698 5161 διδασκαλίαν
2750 5124 2809 5159 τε
2867 5107 2959 5159 καὶ
3014 5103 3374 5175 ψυχαγωγίαν
3430 5101 3649 5153 πάντων
3701 5093 3805 5172 τῶν

2238 5168 2533 5272 προφητῶν
2573 5200 2642 5252 δι’
2674 5193 2748 5252 ὧν
2794 5198 2976 5269 ἔργοις
3026 5168 3238 5249 ἐπειθεν
3262 5168 3499 5251 αὐτοὺς,
3533 5187 3607 5249 ὡς
3634 5168 3805 5249 ἀληθῆ

2244 5292 2339 5361 μὲν
2372 5290 2522 5344 ἔσται
2564 5289 2633 5343 τὰ
2664 5289 2804 5342 κατά
2847 5287 2939 5340 τὸν
2978 5287 3254 5356 Δεσπότην
3293 5279 3525 5354 Χριστόν
3550 5295 3562 5306 “
3591 5273 3683 5328 καὶ
3729 5272 3808 5361 af"

2242 5359 2443 5447 πάντες
2468 5383 2741 5453 ἄνθρωποι
2762 5380 2880 5452 θείᾳ
2902 5380 3083 5457 χάριτι
3105 5378 3223 5430 τότε
3248 5370 3658 5447 μετελεύσονται
3675 5359 3807 5432 πρῦς
