3966 6134
230 238 351 295 ΕΞ

1421 232 1967 297 COMMENTARIUS
2006 236 2073 291 IN
2116 236 2358 293 JONAM.

3400 250 3507 310 39‘}

230 352 297 404 τὸ
344 350 469 404 δέον
492 367 508 380 ’
541 348 639 403 νῦν
673 350 774 419 μὲν
814 347 1078 402 Ἰουδαίων
1102 346 1390 412 ἁνενδότως
1433 349 1662 419 ἐχόντων
1716 368 1816 421 περ

1941 351 2251 413 adventum,
2281 367 2389 421 quo
2420 360 2669 423 tempore
2703 370 2857 413 suam
2898 355 3041 415 Deus
3081 360 3313 431 gratiam
3357 372 3508 432 pate-

233 442 340 509 τὴν
372 439 468 497 τοῦ
506 440 754 511 χείρονος
778 439 1014 508 αἵρεσιν,
1044 436 1132 490 διὰ
1158 437 1218 490 τὴ
1245 440 1548 508 συγχωρεῖν
1575 437 1719 491 οὕτω
1742 439 1831 491 τὸν

234 530 414 589 Θεὸν,
442 531 526 592 είς
557 529 785 599 ἔλεγχον
818 528 916 599 τῆς
968 527 1311 598 ἀνθρωπίνης
1366 526 1735 599 προαιρέσεώς
1771 545 1830 581 τε

236 620 341 674 καὶ
376 618 701 682 ἀσθενείας·
752 620 850 672 ἐπὶ
900 619 958 671 δὲ
1008 620 1105 689 τῆς
1142 618 1236 673 τοῦ
1284 620 1557 672 Δεσπότω
1593 619 1831 690 Χριστοῦ

237 715 557 785 παρουσίας
602 715 691 768 ὃτι
745 714 814 768 ἂν
866 715 965 784 τὴν
997 714 1202 766 οἰκείαν
1254 712 1510 784 βούληται
1560 712 1831 767 δεικνύναι

238 807 405 877 χάριν
443 807 475 860 ό
504 805 665 872 Θεὸς,
721 806 979 859 ἁπάντων
1030 804 1331 873 ἀνθρώπων
1374 806 1485 859 τῶν
1540 804 1833 866 διαπαντὸς

240 898 380 969 πρὸς
427 897 693 951 ἀσέϐειαν
745 897 1033 960 νευόντων,
1060 895 1159 965 τὴν
1192 896 1288 948 ἐπὶ
1325 895 1389 947 τὸ
1420 898 1669 965 κρεῖττον
1701 895 1833 963 λαμο

238 987 518 1040 θανόντων
555 989 770 1059 ῥοπήν
807 987 884 1051 ὡς
936 988 1029 1043 καὶ
1060 989 1089 1040 ό
1122 989 1391 1059 μακάριος
1406 982 1617 1047 Παῦλός
1643 1000 1831 1055 φησιν,

238 1079 321 1130 ὅτι
364 1096 383 1128 ι
433 1077 799 1131 Συνέκλεισεν
831 1080 864 1149 ή
892 1077 1082 1150 Γραφὴ
1110 1080 1179 1133 τὰ
1204 1080 1382 1133 πάντα
1403 1079 1507 1132 ὑπὸ
1534 1078 1828 1146 ἁμαρτίαν,

1936 440 2183 497 tacturus
2225 453 2361 505 erat,
2392 447 2576 499 cuncti
2627 446 2897 513 homines,
2946 449 3038 519 qui
3084 465 3229 505 nunc
3276 466 3506 522 prorsus

1937 531 2202 601 impietati
2223 532 2392 587 dediti
2413 542 2593 599 erant,
2624 535 2692 589 ad
2717 538 2969 593 virtutem
2997 554 3220 594 cursum
3242 541 3503 598 directuri

1934 632 2109 680 erant.
2146 622 2328 690 Quare
2369 627 2533 680 etiam
2568 627 2761 683 beatus
2794 628 3001 688 Paulus
3029 633 3126 698 ait,
3166 634 3505 691 conclusisse

1934 713 2102 768 Deum
2147 717 2330 770 omnia
2369 716 2473 772 sub
2518 728 2762 787 peccato,
2803 729 2862 776 ut
2906 722 3009 776 iide
3044 722 3410 792 justiﬁcemur
3432 726 3502 790 ⁷⁸,

1925 807 2244 877 signiﬁcans
2291 811 2748 876 quemadmodum
2775 827 2807 865 a
2852 813 3159 883 majoribus
3191 817 3399 873 nostris
3430 817 3501 874 ad

1928 896 2186 952 sectanda
2217 898 2350 952 vitia
2390 899 2635 955 inclinati
2676 901 2980 971 fuerimus;
3011 919 3123 974 quo
3164 906 3375 961 scilicet
3402 922 3500 961 co-

1931 1002 2325 1057 gaosceremus
2348 992 2528 1059 gratia
2559 992 2718 1049 nobis
2745 1008 2883 1063 opus
2914 1009 3037 1051 esse
3076 996 3144 1050 ad
3177 996 3499 1054 discernen-

1932 1075 2057 1130 dam
2086 1085 2250 1146 atque
2282 1082 2721 1151 anteponendam
2755 1086 2931 1141 cuivis
2967 1086 3043 1141 rei
3075 1087 3356 1142 virtutem.

238 1172 327 1225 ἵνα
348 1173 414 1225 ὲκ
440 1174 687 1236 πίστεως
710 1174 1089 1244 δικαιωθῶμεν
1117 1189 1134 1204 ο
1172 1192 1191 1225 ι
1225 1173 1302 1243 (p.
1332 1173 1457 1241 236)
1478 1175 1692 1235 δεικνὺς
1714 1173 1799 1225 ὅτι
1840 1174 1904 1225 ὲκ
1934 1172 2041 1225 τῶν
2080 1173 2482 1245 προειληφότων
2517 1177 2616 1248 τὴν
2642 1179 2734 1231 ἐπὶ
2763 1179 2825 1231 τὸ
2843 1182 3023 1250 χεῖρον
3056 1181 3164 1234 τῶν
3200 1180 3501 1251 ἀνθρώπων

236 1263 645 1334 ἐπαιδεύθημεν
677 1264 870 1335 ῥοπὴν,
898 1266 984 1319 ἵνα
1010 1263 1267 1336 μάθωμεν
1309 1266 1391 1318 ὅτι
1424 1265 1576 1328 ,θείας
1616 1266 1834 1335 χάριτος
1880 1263 2111 1334 δεόμεθα
2142 1266 2279 1335 πρὸς
2329 1267 2390 1320 τὸ
2420 1267 2710 1339 διαγνῶναί
2744 1287 2802 1324 τε
2846 1272 2941 1326 καὶ
2977 1270 3498 1342 προθεῖναιοπάντων

236 1356 299 1410 τὸ
331 1360 601 1411 κρεῖττον.

434 1374 601 1411 ιττον.

309 1374 517 1500 ’ῗιῗτου
546 1464 613 1516 γε
636 1448 913 1514 ἀπόδειξιν
943 1447 1189 1519 αὐτάρκη
1223 1445 1529 1518 παρόσχετο
1554 1448 1667 1509 τοῖς
1686 1463 1820 1518 προ-

240 1539 438 1607 φήταις
462 1537 532 1589 τὰ
566 1539 837 1609 παρόντα,
866 1540 923 1590 ἐν
954 1542 1066 1601 τοῖς
1082 1538 1222 1591 κατὰ
1242 1538 1334 1590 τὸν
1370 1537 1553 1590 Ἰωνᾶν
1587 1537 1820 1607 μάλιστα

1993 1447 2237 1512 Quarum
2264 1462 2449 1501 rerum
2476 1446 2725 1500 idoneam
2757 1446 2811 1501 in
2855 1446 3111 1516 pmsenti
3152 1445 3497 1500 demonstra-

1922 1539 2124 1594 tionem
2152 1538 2430 1607 prophetis
2444 1539 2711 1601 exhibuit,
2731 1553 2851 1595 eam
2884 1539 3094 1593 scilicet
3122 1553 3285 1605 quam
3314 1538 3370 1592 in
3398 1536 3495 1591 Jo-

239 1626 397 1680 τοῦτο
425 1627 628 1696 χρῆναι
656 1626 935 1698 δειχθῆναι
960 1626 1219 1697 νομίζωνι
1248 1626 1307 1689 ὃς
1350 1627 1521 1678 τύπον
1555 1627 1615 1679 εν
1641 1625 1817 1696 ἑαυτῷ

1924 1644 2009 1685 ηαξ
2058 1630 2332 1700 praecipue
2382 1630 2607 1685 casibus
2653 1629 3065 1698 exprimendam
3107 1630 3351 1692 curavit,
3400 1629 3496 1696 qui

243 1733 361 1769 τινα
392 1718 501 1770 τῶν
536 1718 675 1787 περὶ
703 1717 796 1770 τὸν
832 1717 1106 1787 Δεσπότην
1145 1717 1418 1789 ὲσομένων
1463 1717 1702 1789 παρέσχε
1730 1717 1823 1770 τὸν

236 1808 483 1878 Χριστόν
504 1823 517 1839 ⁸
550 1807 877 1861 ἀποστέλλει
910 1809 1009 1879 μὲν
1041 1809 1148 1878 γὰρ
1177 1808 1343 1863 αὐτὸν
1384 1811 1466 1871 εις
1495 1809 1694 1880 Νινευὴ
1725 1808 1822 1877 τὴν

245 1903 415 1963 πόλιν,
459 1902 710 1972 μεγάλην
764 1897 927 1956 οὖσαν
963 1900 1058 1954 καὶ
1111 1900 1683 1972 πολυανθρωποτάτην,
1727 1902 1822 1954 καὶ

239 1994 346 2047 τῶν
368 1994 429 2045 ὲν
474 1993 785 2063 ’Δσσυρίοις
841 1992 1086 2062 βασιλίδα
1119 1993 1495 2061 τυγχάνουσαν
1512 2011 1527 2027 ο
1551 1988 1664 2065 ινῇ
1692 1993 1822 2046 πάνυ

240 2100 327 2147 τες
355 2083 499 2154 πρὸς
547 2083 809 2137 ἀσέὸειάν
838 2100 901 2136 τε
936 2082 1155 2153 ἐώρων,
1189 2084 1283 2137 καὶ
1328 2082 1586 2155 μοχθηρῷ
1644 2101 1815 2155 προσ·

249 2179 467 2246 ανεῖχον
520 2176 646 2247 βίῳ,
678 2178 909 2247 τρυφαῖς
934 2192 995 2229 τε
1027 2176 1119 2229 καὶ
1143 2175 1360 2230 ἀνέσεσι
1385 2177 1477 2229 καὶ
1508 2176 1819 2241 ἀκολασίαις

242 2265 335 2316 καὶ
379 2265 533 2336 πάσῃ
566 2264 837 2329 συξῶντες
890 2265 1202 2337 παρανομίᾳ
1224 2283 1238 2297 ·
1275 2266 1482 2320 κελεύει
1517 2268 1573 2320 δὲ
1595 2266 1693 2336 τὴν
1719 2268 1819 2337 τῆς

244 2356 451 2419 πόλεως
477 2356 720 2426 μηνῦσαι
747 2357 1091 2429 καθαίρεσιν,
1126 2361 1177 2412 εί
1208 2359 1283 2428 μὴ
1311 2358 1561 2412 νεύσειαν
1590 2359 1724 2429 πρὸς
1756 2358 1819 2411 τὸ

243 2447 355 2501 δέον
379 2467 393 2479 ’
425 2445 548 2503 εἶτα
578 2449 956 2519 παρεσκεύασε
988 2451 1195 2514 πάντας
1219 2450 1461 2514 ἐκείνους
1493 2450 1685 2522 ἀθρόον
1705 2468 1817 2518 φω-

246 2538 337 2607 νῆς
358 2538 669 2606 ἀκηκοότας
700 2537 793 2591 τοῦ
824 2540 1122 2610 προφήτου,
1158 2539 1217 2592 ὃν
1260 2540 1357 2610 οὐχ
1398 2540 1542 2601 ὅστις
1580 2535 1646 2609 ἦν
1684 2540 1815 2609 ἡπί-

249 2645 457 2689 σταντο,
480 2628 603 2681 ἀλλ’
660 2627 781 2681 οὐδὲ
829 2630 967 2697 μετὰ
1021 2628 1311 2699 θαυμάτων
1363 2629 1600 2699 φανέντα
1655 2626 1813 2695 εἶδον,

247 2718 379 2772 ὥστε
406 2718 672 2788 ἔκπληξιν
711 2719 877 2772 αὐτοῦ
925 2732 1050 2773 τινα
1078 2720 1263 2774 λαϐεῖν
1284 2737 1296 2749 ·
1322 2721 1568 2775 ἐντεῦθεν
1591 2723 1816 2792 μεταθεο

252 2808 445 2876 μένους
467 2809 573 2877 τῆς
618 2809 852 2879 πρόσθεν
878 2808 1103 2880 γνώμης
1128 2810 1238 2864 ἀπὸ
1269 2811 1438 2881 μόνης
1462 2812 1561 2882 τῆς
1588 2813 1817 2882 ἀπειλῆς

251 2900 376 2969 epis;
410 2901 472 2953 τὸ
502 2902 758 2970 κρεῖττον
792 2901 940 2964 ίδεῐν,
970 2900 1212 2964 ἐθνικούς
1238 2918 1299 2953 τε
1338 2901 1499 2965 ὄντας
1528 2903 1620 2955 καὶ
1665 2904 1816 2956 οὐδὲν

1924 1722 2216 1791 quamdam
2256 1736 2439 1775 rerum
2478 1722 2530 1775 in
2559 1721 2780 1776 Christo
2829 1720 3060 1773 Domino
3091 1720 3493 1774 eiiicic‘ndarum

1923 1814 2211 1883 imaginem
2255 1813 2309 1866 in
2360 1826 2420 1866 se
2464 1811 2584 1881 ipso
2634 1812 2889 1880 gestavit.
2942 1810 3111 1865 Mittit
3166 1813 3313 1867 enim
3368 1829 3491 1867 eum

1922 1902 2065 1957 Deus
2094 1904 2148 1957 in
2178 1915 2447 1970 magnam
2484 1901 2674 1956 urbem
2708 1900 2958 1967 Ninivcn,
2993 1903 3194 1972 populo
3223 1904 3494 1972 cupiosis-

1922 1993 2141 2056 simam,
2182 1992 2533 2063 Assyriorum
2579 1991 2782 2061 regiam
2829 1990 3053 2057 sedem;
3106 1990 3265 2059 cujus
3306 1993 3491 2046 cuncti

1920 2083 2069 2137 cives
2110 2096 2218 2137 non
2257 2084 2375 2137 sine
2424 2082 2711 2149 religionis
2749 2088 3063 2152 contemptu
3104 2097 3332 2152 pravum
3366 2083 3493 2139 vitm

1920 2188 2092 2243 genus
2115 2174 2415 2242 agitabant,
2438 2173 2573 2233 otio,
2599 2173 2832 2239 luntria,
2857 2174 3302 2244 intemperantia,
3327 2183 3493 2245 atque

1919 2265 2250 2320 omnimodis
2302 2264 2459 2320 vitiis
2505 2264 2861 2321 dimuentes:
2914 2266 3177 2336 jubetque
3225 2276 3285 2321 ut
3337 2269 3493 2322 urbis

1918 2357 2188 2410 excidium
2234 2358 2473 2419 nuntiet,
2505 2356 2611 2411 nisi
2646 2356 2839 2413 incolae
2878 2356 2945 2410 ad
2990 2357 3226 2412 oliicium
3258 2374 3493 2415 conver-

1918 2452 2127 2500 tantur.
2176 2444 2313 2500 Exin
2366 2443 2580 2499 curavit
2628 2442 2790 2507 Deus,
2825 2450 2883 2498 ut
2926 2444 2965 2499 ii
3019 2454 3240 2515 repente
3295 2462 3487 2503 omnes

1917 2537 2103 2591 audita
2148 2536 2429 2605 propheta:
2474 2549 2605 2588 voce
2640 2534 2821 2602 (quem
2849 2543 3006 2588 antea
3052 2537 3276 2592 minime
3322 2553 3488 2595 nove-

1917 2638 2062 2693 rant,
2086 2644 2264 2697 neque
2293 2642 2438 2685 nunc
2463 2626 2726 2696 prodigiis
2749 2628 3139 2683 communitum
3166 2629 3484 2689 cernebant.

1914 2721 1989 2773 ita
2018 2728 2079 2773 ut
2101 2720 2223 2789 ejus
2250 2719 2612 2775 admiratione
2637 2719 2820 2787 aliqua
2850 2720 3487 2789 percellerentur),curao

1914 2811 2012 2874 vit,
2046 2812 2287 2880 inquam,
2324 2810 2467 2865 Deus
2490 2816 2551 2863 ut
2583 2809 2768 2879 priore
2796 2808 3018 2880 ingenio
3055 2817 3283 2875 mutato,
3311 2811 3487 2865 mina-

1917 2917 2150 2970 rumque
2193 2901 2242 2955 vi
2298 2900 2540 2970 inmulsi,
2598 2901 2665 2954 ad
2709 2900 2931 2955 saniora
2982 2900 3211 2955 consilia
3250 2909 3485 2957 mentem

250 2990 586 3053 διδασκαλίας
625 2986 766 3052 εἶδος
799 2992 880 3053 είς
929 2990 1238 3044 θεοσέὸειαν
1270 2992 1510 3063 ἡκούσης
1550 2994 1811 3064 πρότερον

1922 2994 2260 3048 intenderent
2282 2990 2635 3061 quantumvis
2661 2990 2885 3057 ethnici,
2912 3000 2968 3047 et
3004 2992 3095 3061 qui
3140 2992 3346 3047 nullam
3388 3007 3483 3045 ve-

248 3080 614 3149 δεδειγμένους
652 3098 666 3111 ’
698 3082 774 3144 ὡς
802 3080 868 3134 ἂν
917 3081 1209 3151 δηλώσειεν
1251 3084 1315 3135 ὲκ
1360 3082 1468 3135 τῶν
1510 3083 1812 3155 παρόντων,

249 3170 321 3241 (p.
347 3173 476 3242 257)
521 3173 607 3226 ὅτι
663 3172 808 3226 κατὰ
859 3174 1046 3225 τοῦτον
1082 3174 1172 3225 τδν
1214 3173 1413 3244 τρόπον
1442 3175 1536 3228 ἐπὶ
1576 3175 1676 3245 τῆς
1719 3175 1813 3229 τοῦ

249 3263 511 3316 Δεσπότου
565 3263 806 3334 Χριστοῦ
858 3265 1161 3334 παρουσίας
1205 3266 1419 3320 ἅπαντα
1469 3268 1538 3321 τὰ
1574 3268 1698 3339 ἔθνη
1746 3273 1813 3341 τῇ

249 3352 412 3422 οἰκείᾳ
432 3353 619 3422 χάριτι
652 3352 837 3406 νεῦσαι
874 3358 1287 3426 παρασκευάσει
1314 3358 1446 3430 πρὸς
1469 3358 1528 3411 τὸ
1548 3363 1811 3427 κρεῖττον,

250 3443 345 3496 κᾶν
390 3444 642 3496 ἀπειθεῖν
692 3444 950 3499 ἐθέλωσιν
995 3448 1232 3501 Ἰουδαῖοι
1273 3451 1338 3519 τῇ
1393 3450 1491 3512 riu;
1536 3450 1813 3515 εὐσεϐείας

249 3536 570 3605 διὲασκαλία.

326 3627 605 3681 Ἐντεῦθεν
638 3628 667 3681 ὁ
701 3628 969 3700 μακάριος
998 3630 1282 3701 προφήτης
1306 3630 1369 3684 ἐκ
1396 3647 1456 3684 τε
1475 3630 1583 3683 τῶν
1609 3632 1813 3703 παρόν-

248 3736 349 3772 των
382 3719 639 3783 συνειδὼς
667 3720 742 3783 ὡς
770 3722 868 3792 τῆς
912 3722 1146 3792 ἐσχάτης
1167 3723 1302 3786 ἄξιοι
1339 3722 1627 3791 φανοῦνται
1652 3740 1814 3791 τιμω-

252 3812 365 3880 ρίας
408 3811 675 3876 Ἰουδαῖοι,
718 3812 786 3865 ὲκ
832 3814 1100 3883 τοσαύτης
1151 3814 1495 3877 διδασκαλίας
1547 3815 1813 3885 μηδεμίαν

248 3902 521 3973 δεξάμενοι
554 3903 860 3974 διόρθωσιν,
901 3906 949 3958 εί
990 3904 1265 3959 Νινευῗται
1292 3906 1513 3976 ἀσεϐείᾳ
1546 3904 1813 3969 συζῶντες

249 3994 337 4047 καὶ
365 3995 758 4064 στρεφόμενοι,
793 3995 989 4066 ἀθρόον
1023 3997 1086 4049 ἐκ
1128 3996 1411 4066 μηνύσεως
1442 3997 1607 4066 μόνης
1644 4013 1806 4065 μετα-

249 4084 454 4155 θέμενοι
493 4085 768 4154 φαίνοιντο
812 4085 948 4157 πρὸς
975 4086 1034 4139 τὸ
1059 4088 1304 4157 κρεῖττον
1334 4103 1348 4117 ⁶
1373 4087 1465 4139 καὶ
1499 4087 1579 4140 ὅτι
1609 4088 1810 4141 τούτων

248 4175 310 4244 δὴ
332 4177 466 4245 πρὸς
491 4175 767 4240 ἀπόδειξιν
793 4176 1127 4246 γιγνομένων
1162 4177 1272 4232 τῶν
1312 4177 1450 4230 κατὰ
1489 4177 1578 4230 τὸν
1604 4179 1809 4230 Δεσπό-

1917 3102 1989 3139 ra:
2032 3083 2247 3153 pietatis
2286 3084 2523 3152 speciem
2555 3081 2819 3137 hactenus
2850 3097 2959 3152 prae
2998 3097 3056 3138 se
3086 3083 3342 3136 tulerant.
3377 3081 3484 3137 Res

1914 3189 2049 3244 ergo
2078 3188 2316 3244 praesens
2342 3173 2593 3237 docebat,
2626 3172 2745 3227 {ore
2786 3180 2846 3226 ut
2871 3172 3057 3227 eadem
3102 3174 3312 3227 ratione
3335 3173 3483 3226 circa

1917 3263 2128 3319 Domini
2154 3263 2358 3319 Christi
2398 3263 2690 3317 adventuum
2736 3263 2920 3333 populi
2959 3278 3173 3325 omnes,
3216 3265 3265 3317 vi
3296 3264 3485 3333 gratia:

1913 3356 2050 3426 ejus,
2109 3356 2178 3411 de
2231 3356 2449 3411 virtutis
2495 3356 2677 3409 studio
2733 3357 3066 3425 cogitarent:
3121 3354 3322 3410 ludatis
3357 3356 3486 3410 licet

1912 3448 2190 3503 obstinata
2220 3446 2604 3501 incredulitate
2635 3444 2938 3499 doctrinam
2969 3445 3187 3514 pietatis
3221 3459 3482 3513 respuen-

1913 3539 2080 3592 tibus.

1991 3628 2152 3698 156
2194 3627 2561 3693 Quamobrem
2606 3626 2799 3680 beatus
2826 3626 3085 3694 prephcta
3118 3639 3183 3679 ex
3228 3626 3480 3694 praesenti

1913 3737 1970 3775 re
1998 3721 2381 3787 cognoscebat,
2426 3718 2542 3774 lore
2568 3728 2630 3773 ut
2660 3726 2903 3773 extremo
2932 3716 3244 3770 viderentur
3272 3716 3481 3787 suppli-

1913 3814 1999 3866 cio
2028 3810 2178 3880 digni
2201 3809 2394 3874 Judmi,
2426 3811 2521 3879 qui
2558 3819 2711 3863 tanto
2733 3822 2761 3860 a
2789 3807 3103 3877 magisterio
3128 3806 3329 3861 nullam
3359 3808 3483 3873 vim:

1912 3901 2345 3956 emendationem
2375 3907 2796 3963 contraxerant;
2826 3898 2954 3952 dum
2987 3897 3203 3951 interim
3228 3895 3480 3953 Ninivitze

1911 3992 2058 4045 omni
2099 3991 2375 4061 quondam
2422 3990 2769 4058 improbitate
2816 3986 3008 4057 polluti
3043 4002 3106 4041 ac
3145 3986 3478 4049 volutantes,

1912 4087 2094 4141 statim
2127 4084 2244 4140 solo
2277 4080 2684 4153 pmdicationis
2709 4088 2918 4134 terrore
2956 4077 3021 4132 ad
3060 4078 3336 4132 meliorem
3365 4076 3480 4133 tru-

1911 4191 2028 4247 gem
2088 4173 2326 4229 traducti
2383 4172 2639 4227 fuissent.
2702 4168 2949 4240 Cumque
2995 4169 3108 4224 haec
3150 4168 3480 4239 intelligeret

248 4282 343 4335 την
397 4267 679 4338 ἐσομένων
738 4267 1004 4337 Χριστὸν,
1034 4268 1095 4320 τὸ
1139 4269 1271 4322 αὐτὸ
1323 4268 1379 4321 δὲ
1426 4269 1578 4322 τοῦτο
1628 4269 1811 4341 πολλῷ

1922 4268 2053 4332 ﬁeri,
2079 4266 2149 4321 ob
2181 4280 2244 4320 ea
2274 4261 2632 4331 signiﬁcanda
2669 4277 2792 4331 quae
2834 4261 2978 4315 circa
3018 4257 3223 4314 Christi
3265 4258 3478 4315 Domini

252 4356 401 4411 πλέον
423 4356 957 4427 συμϐήσεται,όπότ’
975 4357 1043 4411 ἂν
1067 4358 1135 4412 τὰ
1171 4357 1269 4426 μὲν
1298 4357 1429 4428 ἔθνη
1458 4361 1522 4429 τῇ
1559 4359 1675 4430 θείᾳ
1710 4376 1810 4413 κα-

253 4446 479 4519 λούμενα
528 4448 711 4521 χάριτι
750 4449 892 4517 ῥέπῃ
921 4447 1055 4520 πρὸς
1083 4448 1179 4519 τὴν
1231 4448 1530 4511 εὐσέϐειαν,
1575 4449 1815 4503 Ἰουδαῖοι

252 4539 306 4593 δὲ
333 4541 568 4610 μένωσιν
593 4537 839 4602 ἀπειθεῖς
873 4539 964 4594 καὶ
1003 4540 1076 4609 μὴ
1112 4529 1386 4609 δεχόμενοι
1411 4539 1503 4592 τὸν
1540 4541 1812 4611 Δεσπότην

252 4630 494 4702 Χριστὸν,
513 4623 577 4683 οῦ
605 4629 708 4701 τὴν
735 4631 967 4700 μήνυσιν
993 4630 1085 4683 καὶ⁸
1113 4629 1211 4700 τὴν
1238 4629 1586 4685 διδασκαλίαν
1611 4631 1814 4686 ἄνωθεν

255 4726 551 4795 φερομένην
578 4720 727 4793 εἶχον
758 4723 890 4793 παρ’
921 4724 1163 4787 ἐαυτοῖς’
1186 4725 1269 4776 ὅτι
1301 4740 1359 4776 τε
1407 4723 1654 4777 ἐντεῦθεν
1688 4725 1814 4795 κλη-

258 4816 459 4887 ρονόμοι
499 4816 601 4887 μὲν
645 4814 1124 4886 ἀποφανθήσονται
1163 4818 1259 4883 τῆς
1291 4814 1563 4884 βασιλείας
1588 4814 1695 4868 τῶν
1724 4816 1811 4868 ού-

258 4911 417 4980 ρανῶν
447 4911 500 4964 ei
545 4908 828 4979 πανταχοῦ
868 4909 972 4978 γῆς
1016 4907 1292 4969 οἰκοῦντες
1335 4908 1643 4979 ἄνθρωποι,
1681 4907 1811 4974 ἐξω-

259 5003 527 5072 σθήσονται
576 5003 636 5056 δὲ
679 5002 779 5072 τῆς
824 5002 1032 5071 δωρεᾶς
1079 5001 1281 5071 ταύτης
1329 5001 1414 5054 διὰ
1462 5000 1557 5070 τὴν
1608 4999 1811 5054 οἰκείαν

258 5091 516 5145 ἀπείθειάν
534 5108 595 5143 τε
622 5091 719 5142 καὶ⁹
752 5088 1011 5142 ἀσέϐειαν
1043 5090 1301 5152 Ἰουδαῖοι,
1332 5090 1506 5142 καίτοι
1533 5106 1594 5157 γε
1623 5089 1808 5155 δόξαν·

256 5195 334 5242 τες
361 5183 414 5231 ἐν
452 5178 694 5249 τοσαύτῃ
729 5177 1051 5247 διδασκαλίᾳ
1093 5177 1187 5229 τοῦ
1237 5178 1541 5247 κρείττονος
1588 5178 1810 5246 γεγενῆ-

259 5270 381 5333 σθαι,
411 5270 732 5337 ἀναγκαίως
769 5266 994 5337 ἠθύμει,
1026 5267 1253 5329 πένθους
1282 5268 1429 5331 ἄξιον
1476 5267 1810 5337 πανταχόθεν

257 5361 375 5431 ὁρῶν
396 5361 456 5414 τὸ
488 5363 751 5432 πρᾶγμα,
781 5359 878 5412 καὶ¹
909 5359 1192 5427 συναλγῶν
1228 5364 1324 5430 μὲν
1358 5361 1630 5423 Ἰουδαίοις
1671 5360 1811 5412 εἰκό-

258 5465 368 5515 τως,
396 5452 473 5522 (p.
530 5452 664 5520 258)
705 5449 973 5511 τοιούτοις
1025 5467 1083 5502 τε
1120 5445 1236 5502 οὖσι
1274 5450 1367 5501 καὶ
1405 5449 1638 5502 τοσαῦτα
1690 5450 1813 5520 μέλ-

314 5619 350 5654 ²⁵
387 5627 539 5683 Rom,
588 5644 668 5693 ιι,
704 5624 798 5682 52.

1916 4360 2203 4413 adventum
2233 4356 2416 4409 futura
2435 4361 2624 4418 erant;
2651 4370 2759 4407 rem
2787 4354 2959 4409 multo
2983 4352 3285 4423 graviorem
3315 4367 3479 4406 even-

1916 4459 2092 4503 turam
2140 4446 2384 4510 videbat,
2428 4460 2552 4497 cum
2603 4445 2809 4497 ethnici
2851 4443 3034 4495 divina
3076 4443 3251 4513 gratia
3304 4440 3479 4515 vocati

1917 4542 1982 4595 ad
2012 4541 2264 4609 pietatem
2295 4534 2665 4594 conﬂuerent;
2694 4532 2898 4586 Judaais
2920 4531 3277 4585 nihilominus
3300 4530 3478 4583 incre-

1916 4632 2196 4686 dulitatem
2225 4641 2377 4683 suam
2428 4624 2815 4688 retinentibus,
2848 4634 3024 4689 neque
3056 4619 3333 4673 Christum
3376 4621 3481 4673 Do-

1919 4724 2126 4777 minum
2154 4718 2563 4788 recipientibus,
2606 4715 2765 4784 cujus
2802 4710 3093 4780 caeteroqui
3123 4709 3478 4778 signiﬁcatio-

1920 4830 2040 4869 nem
2075 4820 2239 4883 atque
2287 4810 2591 4866 doctrinam
2642 4808 2857 4862 cmlitus
2897 4804 3195 4857 immissam
3240 4802 3379 4871 apud
3420 4816 3481 4859 se

1920 4905 2226 4970 habebant,
2278 4909 2440 4971 atque
2479 4899 2607 4953 hinc
2636 4897 2789 4967 regni
2837 4895 3070 4951 rmlrstis
3108 4893 3347 4947 hrerecles
3380 4892 3478 4946 de-

1919 4997 2185 5051 claratum
2223 4994 2286 5046 iri
2320 4992 2592 5053 homines,
2622 4990 2714 5058 qui
2747 4988 2946 5056 ubique
2974 4995 3239 5038 terrarum
3270 4983 3481 5036 habita-

1919 5092 2078 5153 rent;
2125 5085 2405 5138 exclusum
2442 5089 2619 5135 autem
2657 5080 2721 5133 iri
2774 5080 2841 5132 ab
2881 5079 2981 5130 hac
3021 5074 3310 5129 donatione
3356 5089 3480 5141 pro-

1921 5186 2039 5247 pter
2073 5190 2224 5228 suam
2270 5172 2702 5225 incredulitatem
2752 5167 3192 5233 impietatemque
3242 5162 3478 5228 Judmos,

1919 5267 2011 5337 qui
2052 5275 2232 5318 tamen
2266 5263 2591 5315 videbantur
2640 5261 2693 5311 in
2739 5267 2845 5310 tam
2884 5257 3083 5325 inclyte
3113 5256 3328 5309 virtutis
3366 5270 3481 5307 ma-
3588 5297 3594 5301 .

1919 5357 2142 5428 gislcrio
2175 5352 2404 5409 versari.
2438 5350 2563 5404 Haec
2595 5348 2909 5402 necessario
2939 5346 3210 5413 pmpbctaa
3241 5346 3480 5400 animum

1920 5448 2282 5519 torquebant,
2358 5444 2660 5497 luctuosum
2746 5453 3134 5517 usquequaque
3204 5436 3480 5508 negotium
