  <div class='ocr_page' id='page_1' title='image "/cluster/home/n/w/nwhite01/storage/ocr_20150623/66/mdp.39015008467477/171.png"; bbox 0 0 3966 6134; ppageno 0'>
   <div class='ocr_carea' id='block_1_1' title="bbox 409 299 514 360">
    <p class='ocr_par' dir='ltr' id='par_1_1' title="bbox 409 299 514 360">
     <span class='ocr_line' id='line_1_1' title="bbox 409 299 514 360; baseline -0.076 0"><span class='ocrx_word' id='word_1_1' title='bbox 409 299 514 360; x_wconf 64' lang='lat'><strong>327</strong></span> 
     </span>
    </p>
   </div>
   <div class='ocr_carea' id='block_1_2' title="bbox 1595 291 2462 350">
    <p class='ocr_par' dir='ltr' id='par_1_2' title="bbox 1595 291 2462 350">
     <span class='ocr_line' id='line_1_2' title="bbox 1595 291 2462 350; baseline -0.001 -3"><span class='ocrx_word' id='word_1_2' title='bbox 1595 291 1948 348; x_wconf 77' lang='lat' dir='ltr'><strong>TllEODORl</strong></span> <span class='ocrx_word' id='word_1_3' title='bbox 1984 293 2462 350; x_wconf 52' lang='lat' dir='ltr'><strong>MOPSUI‘LSTEM</strong></span> 
     </span>
    </p>
   </div>
   <div class='ocr_carea' id='block_1_3' title="bbox 3546 296 3654 353">
    <p class='ocr_par' dir='ltr' id='par_1_3' title="bbox 3546 296 3654 353">
     <span class='ocr_line' id='line_1_3' title="bbox 3546 296 3654 353; baseline 0 -1"><span class='ocrx_word' id='word_1_4' title='bbox 3546 296 3654 353; x_wconf 80' lang='lat'><strong>328</strong></span> 
     </span>
    </p>
   </div>
   <div class='ocr_carea' id='block_1_4' title="bbox 409 408 1995 486">
    <p class='ocr_par' dir='ltr' id='par_1_4' title="bbox 409 409 1977 482">
     <span class='ocr_line' id='line_1_4' title="bbox 409 409 1977 482; baseline -0.007 -10"><span class='ocrx_word' id='word_1_5' title='bbox 409 414 706 478; x_wconf 75' lang='lat' dir='ltr'><strong>cernentis,</strong></span> <span class='ocrx_word' id='word_1_6' title='bbox 747 414 1027 482; x_wconf 79' lang='lat' dir='ltr'><strong>vicemque</strong></span> <span class='ocrx_word' id='word_1_7' title='bbox 1059 411 1369 466; x_wconf 66' lang='lat' dir='ltr'><strong>Judazorum</strong></span> <span class='ocrx_word' id='word_1_8' title='bbox 1400 418 1458 462; x_wconf 90' lang='lat' dir='ltr'><strong>ut</strong></span> <span class='ocrx_word' id='word_1_9' title='bbox 1493 424 1588 477; x_wconf 78' lang='lat' dir='ltr'><strong>pitt&#39;</strong></span> <span class='ocrx_word' id='word_1_10' title='bbox 1630 419 1748 462; x_wconf 88' lang='lat' dir='ltr'><strong>crat</strong></span> <span class='ocrx_word' id='word_1_11' title='bbox 1785 409 1977 462; x_wconf 81' lang='lat' dir='ltr'><strong>dolen-</strong></span> 
     </span>
    </p>
   </div>
   <div class='ocr_carea' id='block_1_5' title="bbox 2097 408 3659 486">
    <p class='ocr_par' dir='ltr' id='par_1_5' title="bbox 2097 408 3659 486">
     <span class='ocr_line' id='line_1_5' title="bbox 2097 408 3659 486; baseline 0.004 -26"><span class='ocrx_word' id='word_1_12' title='bbox 2097 424 2232 461; x_wconf 74' lang='grc' dir='ltr'>ιουσι</span> <span class='ocrx_word' id='word_1_13' title='bbox 2295 410 2617 478; x_wconf 75' lang='grc' dir='ltr'>ὑπομένεινο</span> <span class='ocrx_word' id='word_1_14' title='bbox 2647 408 2964 482; x_wconf 79' lang='grc' dir='ltr'><strong>ὀδυρόμενος</strong></span> <span class='ocrx_word' id='word_1_15' title='bbox 3013 412 3068 463; x_wconf 82' lang='grc' dir='ltr'>δὲ</span> <span class='ocrx_word' id='word_1_16' title='bbox 3125 413 3172 464; x_wconf 91' lang='grc' dir='ltr'>εἰ</span> <span class='ocrx_word' id='word_1_17' title='bbox 3206 412 3300 464; x_wconf 68' lang='grc' dir='ltr'><strong>καὶ</strong></span> <span class='ocrx_word' id='word_1_18' title='bbox 3330 411 3425 466; x_wconf 81' lang='grc' dir='ltr'><strong>νῦν</strong></span> <span class='ocrx_word' id='word_1_19' title='bbox 3453 413 3519 466; x_wconf 84' lang='grc' dir='ltr'>ὲκ</span> <span class='ocrx_word' id='word_1_20' title='bbox 3555 418 3659 486; x_wconf 86' lang='grc' dir='ltr'>τῆς</span> 
     </span>
    </p>
   </div>
   <div class='ocr_carea' id='block_1_6' title="bbox 412 499 1986 576">
    <p class='ocr_par' dir='ltr' id='par_1_6' title="bbox 412 499 1986 576">
     <span class='ocr_line' id='line_1_6' title="bbox 412 499 1986 576; baseline -0.008 -15"><span class='ocrx_word' id='word_1_21' title='bbox 412 509 508 570; x_wconf 88' lang='lat' dir='ltr'><strong>tis,</strong></span> <span class='ocrx_word' id='word_1_22' title='bbox 547 508 640 576; x_wconf 88' lang='lat' dir='ltr'><strong>qui</strong></span> <span class='ocrx_word' id='word_1_23' title='bbox 687 514 835 558; x_wconf 89' lang='lat' dir='ltr'><strong>tanta</strong></span> <span class='ocrx_word' id='word_1_24' title='bbox 870 504 1135 574; x_wconf 90' lang='lat' dir='ltr'><strong>dignitate</strong></span> <span class='ocrx_word' id='word_1_25' title='bbox 1177 515 1304 557; x_wconf 89' lang='lat' dir='ltr'><strong>cum</strong></span> <span class='ocrx_word' id='word_1_26' title='bbox 1349 510 1556 563; x_wconf 83' lang='lat' dir='ltr'><strong>essent,</strong></span> <span class='ocrx_word' id='word_1_27' title='bbox 1603 499 1658 550; x_wconf 93' lang='lat' dir='ltr'><strong>in</strong></span> <span class='ocrx_word' id='word_1_28' title='bbox 1706 499 1837 551; x_wconf 87' lang='lat' dir='ltr'><strong>talia</strong></span> <span class='ocrx_word' id='word_1_29' title='bbox 1873 499 1986 551; x_wconf 90' lang='lat' dir='ltr'><strong>rui-</strong></span> 
     </span>
    </p>
   </div>
   <div class='ocr_carea' id='block_1_7' title="bbox 415 589 1987 664">
    <p class='ocr_par' dir='ltr' id='par_1_7' title="bbox 415 589 1987 664">
     <span class='ocr_line' id='line_1_7' title="bbox 415 589 1987 664; baseline -0.008 -11"><span class='ocrx_word' id='word_1_30' title='bbox 415 598 525 653; x_wconf 87' lang='lat' dir='ltr'><strong>turi</strong></span> <span class='ocrx_word' id='word_1_31' title='bbox 566 605 743 652; x_wconf 88' lang='lat' dir='ltr'><strong>erant.</strong></span> <span class='ocrx_word' id='word_1_32' title='bbox 793 595 1005 649; x_wconf 82' lang='lat' dir='ltr'><strong>Rursus</strong></span> <span class='ocrx_word' id='word_1_33' title='bbox 1037 592 1304 664; x_wconf 83' lang='lat' dir='ltr'><strong>propheta</strong></span> <span class='ocrx_word' id='word_1_34' title='bbox 1353 589 1635 652; x_wconf 77' lang='lat' dir='ltr'><strong>mmrebat,</strong></span> <span class='ocrx_word' id='word_1_35' title='bbox 1683 589 1812 658; x_wconf 86' lang='lat' dir='ltr'><strong>quia</strong></span> <span class='ocrx_word' id='word_1_36' title='bbox 1851 604 1987 658; x_wconf 60' lang='lat' dir='ltr'><strong>prat-</strong></span> 
     </span>
    </p>
   </div>
   <div class='ocr_carea' id='block_1_8' title="bbox 417 679 1986 754">
    <p class='ocr_par' dir='ltr' id='par_1_8' title="bbox 417 679 1986 754">
     <span class='ocr_line' id='line_1_8' title="bbox 417 679 1986 754; baseline -0.01 -9"><span class='ocrx_word' id='word_1_37' title='bbox 417 688 558 745; x_wconf 89' lang='lat' dir='ltr'><strong>scnti</strong></span> <span class='ocrx_word' id='word_1_38' title='bbox 604 685 966 741; x_wconf 84' lang='lat' dir='ltr'><strong>Ninivitarum</strong></span> <span class='ocrx_word' id='word_1_39' title='bbox 1031 683 1438 754; x_wconf 86' lang='lat' dir='ltr'><strong>comparatione</strong></span> <span class='ocrx_word' id='word_1_40' title='bbox 1491 679 1766 750; x_wconf 82' lang='lat' dir='ltr'><strong>digniores</strong></span> <span class='ocrx_word' id='word_1_41' title='bbox 1827 694 1986 749; x_wconf 75' lang='lat' dir='ltr'><strong>pmna</strong></span> 
     </span>
    </p>
   </div>
   <div class='ocr_carea' id='block_1_9' title="bbox 418 770 1988 844">
    <p class='ocr_par' dir='ltr' id='par_1_9' title="bbox 418 770 1988 844">
     <span class='ocr_line' id='line_1_9' title="bbox 418 770 1988 844; baseline -0.006 -12"><span class='ocrx_word' id='word_1_42' title='bbox 418 779 615 832; x_wconf 76' lang='lat' dir='ltr'><strong>ﬁebant</strong></span> <span class='ocrx_word' id='word_1_43' title='bbox 639 775 811 831; x_wconf 65' lang='lat' dir='ltr'><strong>Judaei</strong></span> <span class='ocrx_word' id='word_1_44' title='bbox 845 794 857 829; x_wconf 93' lang='lat'>:</span> <span class='ocrx_word' id='word_1_45' title='bbox 899 785 1014 830; x_wconf 93' lang='lat' dir='ltr'><strong>tum</strong></span> <span class='ocrx_word' id='word_1_46' title='bbox 1057 775 1112 828; x_wconf 90' lang='lat' dir='ltr'><strong>in</strong></span> <span class='ocrx_word' id='word_1_47' title='bbox 1146 783 1424 844; x_wconf 87' lang='lat' dir='ltr'><strong>posterum</strong></span> <span class='ocrx_word' id='word_1_48' title='bbox 1472 771 1723 825; x_wconf 86' lang='lat' dir='ltr'><strong>districto</strong></span> <span class='ocrx_word' id='word_1_49' title='bbox 1760 770 1988 838; x_wconf 92' lang='lat' dir='ltr'><strong>repudio</strong></span> 
     </span>
    </p>
   </div>
   <div class='ocr_carea' id='block_1_10' title="bbox 415 861 1986 935">
    <p class='ocr_par' dir='ltr' id='par_1_10' title="bbox 415 861 1986 935">
     <span class='ocr_line' id='line_1_10' title="bbox 415 861 1986 935; baseline -0.006 -14"><span class='ocrx_word' id='word_1_50' title='bbox 415 865 726 921; x_wconf 87' lang='lat' dir='ltr'><strong>dimittendi</strong></span> <span class='ocrx_word' id='word_1_51' title='bbox 785 873 963 927; x_wconf 87' lang='lat' dir='ltr'><strong>erant,</strong></span> <span class='ocrx_word' id='word_1_52' title='bbox 1014 880 1125 935; x_wconf 60' lang='lat' dir='ltr'><strong>prae</strong></span> <span class='ocrx_word' id='word_1_53' title='bbox 1171 863 1399 932; x_wconf 85' lang='lat' dir='ltr'><strong>reliquis</strong></span> <span class='ocrx_word' id='word_1_54' title='bbox 1457 861 1657 929; x_wconf 91' lang='lat' dir='ltr'><strong>ubique</strong></span> <span class='ocrx_word' id='word_1_55' title='bbox 1717 868 1986 914; x_wconf 88' lang='lat' dir='ltr'><strong>terrarum</strong></span> 
     </span>
    </p>
   </div>
   <div class='ocr_carea' id='block_1_11' title="bbox 414 949 1988 1026">
    <p class='ocr_par' dir='ltr' id='par_1_11' title="bbox 414 949 1988 1026">
     <span class='ocr_line' id='line_1_11' title="bbox 414 949 1988 1026; baseline -0.006 -14"><span class='ocrx_word' id='word_1_56' title='bbox 414 956 805 1012; x_wconf 81' lang='lat' dir='ltr'><strong>exsistentibus</strong></span> <span class='ocrx_word' id='word_1_57' title='bbox 841 956 1060 1026; x_wconf 85' lang='lat' dir='ltr'><strong>populis</strong></span> <span class='ocrx_word' id='word_1_58' title='bbox 1100 955 1168 1008; x_wconf 88' lang='lat' dir='ltr'><strong>ad</strong></span> <span class='ocrx_word' id='word_1_59' title='bbox 1198 953 1478 1023; x_wconf 79' lang='lat' dir='ltr'><strong>religionis</strong></span> <span class='ocrx_word' id='word_1_60' title='bbox 1505 966 1646 1006; x_wconf 74' lang='lat' dir='ltr'><strong>verae</strong></span> <span class='ocrx_word' id='word_1_61' title='bbox 1679 949 1988 1004; x_wconf 87' lang='lat' dir='ltr'><strong>doctrinam</strong></span> 
     </span>
    </p>
   </div>
   <div class='ocr_carea' id='block_1_12' title="bbox 416 1039 1990 1110">
    <p class='ocr_par' dir='ltr' id='par_1_12' title="bbox 416 1039 1990 1110">
     <span class='ocr_line' id='line_1_12' title="bbox 416 1039 1990 1110; baseline -0.004 -13"><span class='ocrx_word' id='word_1_62' title='bbox 416 1044 744 1100; x_wconf 78' lang='lat' dir='ltr'><strong>accesseris.</strong></span> <span class='ocrx_word' id='word_1_63' title='bbox 775 1043 911 1096; x_wconf 85' lang='lat' dir='ltr'><strong>Nam</strong></span> <span class='ocrx_word' id='word_1_64' title='bbox 941 1043 989 1096; x_wconf 92' lang='lat' dir='ltr'><strong>si</strong></span> <span class='ocrx_word' id='word_1_65' title='bbox 1035 1044 1227 1102; x_wconf 88' lang='lat' dir='ltr'><strong>beatus</strong></span> <span class='ocrx_word' id='word_1_66' title='bbox 1271 1039 1475 1094; x_wconf 85' lang='lat' dir='ltr'><strong>Paulus</strong></span> <span class='ocrx_word' id='word_1_67' title='bbox 1505 1040 1651 1110; x_wconf 86' lang='lat' dir='ltr'><strong>luget</strong></span> <span class='ocrx_word' id='word_1_68' title='bbox 1678 1054 1867 1092; x_wconf 90' lang='lat' dir='ltr'><strong>eorum</strong></span> <span class='ocrx_word' id='word_1_69' title='bbox 1898 1053 1990 1092; x_wconf 87' lang='lat' dir='ltr'><strong>re-</strong></span> 
     </span>
    </p>
   </div>
   <div class='ocr_carea' id='block_1_13' title="bbox 410 1131 1990 1205">
    <p class='ocr_par' dir='ltr' id='par_1_13' title="bbox 410 1131 1990 1205">
     <span class='ocr_line' id='line_1_13' title="bbox 410 1131 1990 1205; baseline -0.004 -15"><span class='ocrx_word' id='word_1_70' title='bbox 410 1135 724 1205; x_wconf 81' lang='lat' dir='ltr'><strong>jectionem,</strong></span> <span class='ocrx_word' id='word_1_71' title='bbox 777 1149 841 1189; x_wconf 90' lang='lat' dir='ltr'><strong>ac</strong></span> <span class='ocrx_word' id='word_1_72' title='bbox 880 1149 1138 1204; x_wconf 89' lang='lat' dir='ltr'><strong>supremo</strong></span> <span class='ocrx_word' id='word_1_73' title='bbox 1188 1149 1248 1188; x_wconf 90' lang='lat' dir='ltr'><strong>se</strong></span> <span class='ocrx_word' id='word_1_74' title='bbox 1299 1147 1660 1187; x_wconf 90' lang='lat' dir='ltr'><strong>occursurum</strong></span> <span class='ocrx_word' id='word_1_75' title='bbox 1719 1131 1990 1201; x_wconf 85' lang='lat' dir='ltr'><strong>supplicio</strong></span> 
     </span>
    </p>
   </div>
   <div class='ocr_carea' id='block_1_14' title="bbox 415 1221 1991 1287">
    <p class='ocr_par' dir='ltr' id='par_1_14' title="bbox 415 1221 1991 1287">
     <span class='ocr_line' id='line_1_14' title="bbox 415 1221 1991 1287; baseline -0.003 -8"><span class='ocrx_word' id='word_1_76' title='bbox 415 1226 651 1280; x_wconf 86' lang='lat' dir='ltr'><strong>libenter</strong></span> <span class='ocrx_word' id='word_1_77' title='bbox 692 1241 882 1280; x_wconf 90' lang='lat' dir='ltr'><strong>eorum</strong></span> <span class='ocrx_word' id='word_1_78' title='bbox 929 1237 1096 1280; x_wconf 88' lang='lat' dir='ltr'><strong>causa</strong></span> <span class='ocrx_word' id='word_1_79' title='bbox 1127 1225 1224 1287; x_wconf 93' lang='lat' dir='ltr'><strong>ait,</strong></span> <span class='ocrx_word' id='word_1_80' title='bbox 1265 1231 1324 1277; x_wconf 83' lang='lat' dir='ltr'><strong>ut</strong></span> <span class='ocrx_word' id='word_1_81' title='bbox 1353 1223 1440 1278; x_wconf 91' lang='lat' dir='ltr'><strong>his</strong></span> <span class='ocrx_word' id='word_1_82' title='bbox 1466 1223 1533 1277; x_wconf 88' lang='lat' dir='ltr'><strong>ad</strong></span> <span class='ocrx_word' id='word_1_83' title='bbox 1570 1221 1808 1277; x_wconf 75' lang='lat' dir='ltr'><strong>ollicium</strong></span> <span class='ocrx_word' id='word_1_84' title='bbox 1835 1236 1991 1276; x_wconf 86' lang='lat' dir='ltr'><strong>revo-</strong></span> 
     </span>
    </p>
   </div>
   <div class='ocr_carea' id='block_1_15' title="bbox 415 1313 1992 1384">
    <p class='ocr_par' dir='ltr' id='par_1_15' title="bbox 415 1313 1992 1384">
     <span class='ocr_line' id='line_1_15' title="bbox 415 1313 1992 1384; baseline -0.003 -11"><span class='ocrx_word' id='word_1_85' title='bbox 415 1319 553 1374; x_wconf 86' lang='lat' dir='ltr'><strong>catis</strong></span> <span class='ocrx_word' id='word_1_86' title='bbox 593 1317 829 1372; x_wconf 71' lang='lat' dir='ltr'><strong>elliceret</strong></span> <span class='ocrx_word' id='word_1_87' title='bbox 867 1332 976 1371; x_wconf 92' lang='lat' dir='ltr'><strong>non</strong></span> <span class='ocrx_word' id='word_1_88' title='bbox 1016 1316 1266 1370; x_wconf 86' lang='lat' dir='ltr'><strong>inutilem</strong></span> <span class='ocrx_word' id='word_1_89' title='bbox 1311 1326 1520 1368; x_wconf 89' lang='lat' dir='ltr'><strong>tantam</strong></span> <span class='ocrx_word' id='word_1_90' title='bbox 1561 1314 1653 1370; x_wconf 89' lang='lat' dir='ltr'><strong>Dei</strong></span> <span class='ocrx_word' id='word_1_91' title='bbox 1701 1313 1992 1384; x_wconf 85' lang='lat' dir='ltr'><strong>providen-</strong></span> 
     </span>
    </p>
   </div>
   <div class='ocr_carea' id='block_1_16' title="bbox 415 1403 1988 1467">
    <p class='ocr_par' dir='ltr' id='par_1_16' title="bbox 415 1403 1988 1467">
     <span class='ocr_line' id='line_1_16' title="bbox 415 1403 1988 1467; baseline -0.004 -5"><span class='ocrx_word' id='word_1_92' title='bbox 415 1410 589 1463; x_wconf 87' lang='lat' dir='ltr'><strong>tiam:</strong></span> <span class='ocrx_word' id='word_1_93' title='bbox 633 1427 651 1457; x_wconf 77' lang='grc' dir='ltr'><strong>ι</strong></span> <span class='ocrx_word' id='word_1_94' title='bbox 687 1407 825 1462; x_wconf 75' lang='lat' dir='ltr'><strong>Vere</strong></span> <span class='ocrx_word' id='word_1_95' title='bbox 872 1409 1018 1461; x_wconf 76' lang='lat' dir='ltr'><strong>etiim</strong></span> <span class='ocrx_word' id='word_1_96' title='bbox 1070 1408 1126 1460; x_wconf 91' lang='lat' dir='ltr'><strong>in</strong></span> <span class='ocrx_word' id='word_1_97' title='bbox 1159 1405 1380 1460; x_wconf 88' lang='lat' dir='ltr'><strong>Christo</strong></span> <span class='ocrx_word' id='word_1_98' title='bbox 1413 1405 1556 1467; x_wconf 85' lang='lat' dir='ltr'><strong>dico,</strong></span> <span class='ocrx_word' id='word_1_99' title='bbox 1591 1419 1700 1459; x_wconf 91' lang='lat' dir='ltr'><strong>non</strong></span> <span class='ocrx_word' id='word_1_100' title='bbox 1732 1403 1988 1466; x_wconf 90' lang='lat' dir='ltr'><strong>mentior,</strong></span> 
     </span>
    </p>
   </div>
   <div class='ocr_carea' id='block_1_17' title="bbox 421 1493 1990 1568">
    <p class='ocr_par' dir='ltr' id='par_1_17' title="bbox 421 1493 1990 1568">
     <span class='ocr_line' id='line_1_17' title="bbox 421 1493 1990 1568; baseline -0.003 -18"><span class='ocrx_word' id='word_1_101' title='bbox 421 1498 794 1553; x_wconf 89' lang='lat' dir='ltr'><strong>testimonium</strong></span> <span class='ocrx_word' id='word_1_102' title='bbox 837 1498 1153 1568; x_wconf 87' lang='lat' dir='ltr'><strong>perhibente</strong></span> <span class='ocrx_word' id='word_1_103' title='bbox 1203 1497 1336 1550; x_wconf 91' lang='lat' dir='ltr'><strong>mihi</strong></span> <span class='ocrx_word' id='word_1_104' title='bbox 1389 1494 1725 1552; x_wconf 89' lang='lat' dir='ltr'><strong>conscientia</strong></span> <span class='ocrx_word' id='word_1_105' title='bbox 1770 1509 1891 1549; x_wconf 90' lang='lat' dir='ltr'><strong>mea</strong></span> <span class='ocrx_word' id='word_1_106' title='bbox 1935 1493 1990 1547; x_wconf 92' lang='lat' dir='ltr'><strong>in</strong></span> 
     </span>
    </p>
   </div>
   <div class='ocr_carea' id='block_1_18' title="bbox 419 1585 1990 1658">
    <p class='ocr_par' dir='ltr' id='par_1_18' title="bbox 419 1585 1990 1658">
     <span class='ocr_line' id='line_1_18' title="bbox 419 1585 1990 1658; baseline -0.004 -14"><span class='ocrx_word' id='word_1_107' title='bbox 419 1587 625 1658; x_wconf 87' lang='lat' dir='ltr'><strong>Spiritu</strong></span> <span class='ocrx_word' id='word_1_108' title='bbox 656 1598 868 1651; x_wconf 82' lang='lat' dir='ltr'><strong>sancto.</strong></span> <span class='ocrx_word' id='word_1_109' title='bbox 918 1591 1175 1658; x_wconf 90' lang='lat' dir='ltr'><strong>quoniam</strong></span> <span class='ocrx_word' id='word_1_110' title='bbox 1231 1589 1456 1644; x_wconf 87' lang='lat' dir='ltr'><strong>tristitia</strong></span> <span class='ocrx_word' id='word_1_111' title='bbox 1505 1594 1589 1641; x_wconf 89' lang='lat' dir='ltr'><strong>est</strong></span> <span class='ocrx_word' id='word_1_112' title='bbox 1622 1585 1754 1640; x_wconf 89' lang='lat' dir='ltr'><strong>mihi</strong></span> <span class='ocrx_word' id='word_1_113' title='bbox 1795 1599 1990 1654; x_wconf 85' lang='lat' dir='ltr'><strong>magna</strong></span> 
     </span>
    </p>
   </div>
   <div class='ocr_carea' id='block_1_19' title="bbox 419 1676 1990 1747">
    <p class='ocr_par' dir='ltr' id='par_1_19' title="bbox 419 1676 1990 1747">
     <span class='ocr_line' id='line_1_19' title="bbox 419 1676 1990 1747; baseline -0.005 -11"><span class='ocrx_word' id='word_1_114' title='bbox 419 1690 474 1736; x_wconf 91' lang='lat' dir='ltr'><strong>et</strong></span> <span class='ocrx_word' id='word_1_115' title='bbox 502 1681 796 1736; x_wconf 88' lang='lat' dir='ltr'><strong>continuus</strong></span> <span class='ocrx_word' id='word_1_116' title='bbox 825 1681 978 1735; x_wconf 91' lang='lat' dir='ltr'><strong>dolor</strong></span> <span class='ocrx_word' id='word_1_117' title='bbox 1022 1679 1174 1735; x_wconf 87' lang='lat' dir='ltr'><strong>cordi</strong></span> <span class='ocrx_word' id='word_1_118' title='bbox 1215 1693 1358 1736; x_wconf 89' lang='lat' dir='ltr'><strong>meo.</strong></span> <span class='ocrx_word' id='word_1_119' title='bbox 1405 1677 1670 1747; x_wconf 89' lang='lat' dir='ltr'><strong>Optabam</strong></span> <span class='ocrx_word' id='word_1_120' title='bbox 1709 1676 1854 1730; x_wconf 89' lang='lat' dir='ltr'><strong>enim</strong></span> <span class='ocrx_word' id='word_1_121' title='bbox 1890 1689 1990 1744; x_wconf 87' lang='lat' dir='ltr'><strong>ego</strong></span> 
     </span>
    </p>
   </div>
   <div class='ocr_carea' id='block_1_20' title="bbox 417 1769 1988 1846">
    <p class='ocr_par' dir='ltr' id='par_1_20' title="bbox 417 1769 1988 1846">
     <span class='ocr_line' id='line_1_20' title="bbox 417 1769 1988 1846; baseline -0.004 -17"><span class='ocrx_word' id='word_1_122' title='bbox 417 1775 535 1846; x_wconf 90' lang='lat' dir='ltr'><strong>ipse</strong></span> <span class='ocrx_word' id='word_1_123' title='bbox 567 1777 859 1831; x_wconf 85' lang='lat' dir='ltr'><strong>anathema</strong></span> <span class='ocrx_word' id='word_1_124' title='bbox 899 1792 1021 1832; x_wconf 89' lang='lat' dir='ltr'><strong>esse</strong></span> <span class='ocrx_word' id='word_1_125' title='bbox 1059 1792 1087 1829; x_wconf 92' lang='lat' dir='ltr'><strong>a</strong></span> <span class='ocrx_word' id='word_1_126' title='bbox 1121 1775 1344 1830; x_wconf 83' lang='lat' dir='ltr'><strong>Christo</strong></span> <span class='ocrx_word' id='word_1_127' title='bbox 1392 1788 1490 1844; x_wconf 91' lang='lat' dir='ltr'><strong>pro</strong></span> <span class='ocrx_word' id='word_1_128' title='bbox 1537 1772 1800 1826; x_wconf 82' lang='lat' dir='ltr'><strong>fratribus</strong></span> <span class='ocrx_word' id='word_1_129' title='bbox 1831 1769 1988 1835; x_wconf 87' lang='lat' dir='ltr'><strong>meis,</strong></span> 
     </span>
    </p>
   </div>
   <div class='ocr_carea' id='block_1_21' title="bbox 416 1862 1990 1939">
    <p class='ocr_par' dir='ltr' id='par_1_21' title="bbox 416 1862 1990 1939">
     <span class='ocr_line' id='line_1_21' title="bbox 416 1862 1990 1939; baseline -0.007 -15"><span class='ocrx_word' id='word_1_130' title='bbox 416 1871 512 1938; x_wconf 89' lang='lat' dir='ltr'><strong>qui</strong></span> <span class='ocrx_word' id='word_1_131' title='bbox 549 1881 678 1925; x_wconf 91' lang='lat' dir='ltr'><strong>sunt</strong></span> <span class='ocrx_word' id='word_1_132' title='bbox 703 1869 920 1939; x_wconf 75' lang='lat' dir='ltr'><strong>cognati</strong></span> <span class='ocrx_word' id='word_1_133' title='bbox 967 1867 1073 1922; x_wconf 90' lang='lat' dir='ltr'><strong>mei</strong></span> <span class='ocrx_word' id='word_1_134' title='bbox 1111 1865 1414 1922; x_wconf 87' lang='lat' dir='ltr'><strong>secundum</strong></span> <span class='ocrx_word' id='word_1_135' title='bbox 1449 1878 1694 1926; x_wconf 89' lang='lat' dir='ltr'><strong>carnem,</strong></span> <span class='ocrx_word' id='word_1_136' title='bbox 1737 1862 1831 1931; x_wconf 91' lang='lat' dir='ltr'><strong>qui</strong></span> <span class='ocrx_word' id='word_1_137' title='bbox 1859 1868 1990 1916; x_wconf 90' lang='lat' dir='ltr'><strong>sunt</strong></span> 
     </span>
    </p>
   </div>
   <div class='ocr_carea' id='block_1_22' title="bbox 416 1951 1993 2028">
    <p class='ocr_par' dir='ltr' id='par_1_22' title="bbox 416 1951 1993 2028">
     <span class='ocr_line' id='line_1_22' title="bbox 416 1951 1993 2028; baseline -0.005 -16"><span class='ocrx_word' id='word_1_138' title='bbox 416 1957 709 2020; x_wconf 60' lang='lat' dir='ltr'><strong>Israelita;</strong></span> <span class='ocrx_word' id='word_1_139' title='bbox 759 1973 990 2028; x_wconf 87' lang='lat' dir='ltr'><strong>quorum</strong></span> <span class='ocrx_word' id='word_1_140' title='bbox 1029 1956 1186 2026; x_wconf 79' lang='lat'><strong>157</strong></span> <span class='ocrx_word' id='word_1_141' title='bbox 1234 1954 1454 2024; x_wconf 88' lang='lat' dir='ltr'><strong>adoptio</strong></span> <span class='ocrx_word' id='word_1_142' title='bbox 1501 1961 1586 2008; x_wconf 85' lang='lat' dir='ltr'><strong>est</strong></span> <span class='ocrx_word' id='word_1_143' title='bbox 1623 1954 1678 2006; x_wconf 91' lang='lat' dir='ltr'><strong>in</strong></span> <span class='ocrx_word' id='word_1_144' title='bbox 1729 1951 1890 2014; x_wconf 87' lang='lat' dir='ltr'><strong>lilios,</strong></span> <span class='ocrx_word' id='word_1_145' title='bbox 1938 1957 1993 2005; x_wconf 93' lang='lat' dir='ltr'><strong>et</strong></span> 
     </span>
    </p>
   </div>
   <div class='ocr_carea' id='block_1_23' title="bbox 418 2041 1994 2119">
    <p class='ocr_par' dir='ltr' id='par_1_23' title="bbox 418 2041 1994 2119">
     <span class='ocr_line' id='line_1_23' title="bbox 418 2041 1994 2119; baseline -0.004 -19"><span class='ocrx_word' id='word_1_146' title='bbox 418 2049 590 2119; x_wconf 80' lang='lat' dir='ltr'><strong>gloria</strong></span> <span class='ocrx_word' id='word_1_147' title='bbox 638 2058 693 2102; x_wconf 93' lang='lat' dir='ltr'><strong>et</strong></span> <span class='ocrx_word' id='word_1_148' title='bbox 742 2053 1127 2102; x_wconf 89' lang='lat' dir='ltr'><strong>testamentum</strong></span> <span class='ocrx_word' id='word_1_149' title='bbox 1179 2053 1234 2101; x_wconf 86' lang='lat' dir='ltr'><strong>et</strong></span> <span class='ocrx_word' id='word_1_150' title='bbox 1283 2044 1550 2116; x_wconf 88' lang='lat' dir='ltr'><strong>legislatio</strong></span> <span class='ocrx_word' id='word_1_151' title='bbox 1595 2051 1649 2098; x_wconf 87' lang='lat' dir='ltr'><strong>et</strong></span> <span class='ocrx_word' id='word_1_152' title='bbox 1697 2041 1882 2096; x_wconf 87' lang='lat' dir='ltr'><strong>cultus</strong></span> <span class='ocrx_word' id='word_1_153' title='bbox 1939 2049 1994 2095; x_wconf 86' lang='lat' dir='ltr'><strong>et</strong></span> 
     </span>
    </p>
   </div>
   <div class='ocr_carea' id='block_1_24' title="bbox 420 2131 1992 2208">
    <p class='ocr_par' dir='ltr' id='par_1_24' title="bbox 420 2131 1992 2208">
     <span class='ocr_line' id='line_1_24' title="bbox 420 2131 1992 2208; baseline -0.006 -15"><span class='ocrx_word' id='word_1_154' title='bbox 420 2139 858 2208; x_wconf 81' lang='lat' dir='ltr'><strong>promissiones;</strong></span> <span class='ocrx_word' id='word_1_155' title='bbox 907 2152 1140 2208; x_wconf 91' lang='lat' dir='ltr'><strong>quorum</strong></span> <span class='ocrx_word' id='word_1_156' title='bbox 1199 2143 1401 2206; x_wconf 88' lang='lat' dir='ltr'><strong>patres,</strong></span> <span class='ocrx_word' id='word_1_157' title='bbox 1442 2144 1497 2189; x_wconf 89' lang='lat' dir='ltr'><strong>et</strong></span> <span class='ocrx_word' id='word_1_158' title='bbox 1544 2148 1610 2188; x_wconf 75' lang='lat' dir='ltr'><strong>ex</strong></span> <span class='ocrx_word' id='word_1_159' title='bbox 1663 2131 1862 2201; x_wconf 88' lang='lat' dir='ltr'><strong>quibus</strong></span> <span class='ocrx_word' id='word_1_160' title='bbox 1911 2137 1992 2183; x_wconf 87' lang='lat' dir='ltr'><strong>est</strong></span> 
     </span>
    </p>
   </div>
   <div class='ocr_carea' id='block_1_25' title="bbox 421 2220 1987 2296">
    <p class='ocr_par' dir='ltr' id='par_1_25' title="bbox 421 2220 1987 2296">
     <span class='ocr_line' id='line_1_25' title="bbox 421 2220 1987 2296; baseline -0.006 -14"><span class='ocrx_word' id='word_1_161' title='bbox 421 2231 672 2285; x_wconf 80' lang='lat' dir='ltr'><strong>Christus</strong></span> <span class='ocrx_word' id='word_1_162' title='bbox 711 2229 1007 2286; x_wconf 88' lang='lat' dir='ltr'><strong>secundum</strong></span> <span class='ocrx_word' id='word_1_163' title='bbox 1044 2243 1286 2292; x_wconf 89' lang='lat' dir='ltr'><strong>carnem,</strong></span> <span class='ocrx_word' id='word_1_164' title='bbox 1328 2226 1421 2296; x_wconf 92' lang='lat' dir='ltr'><strong>qui</strong></span> <span class='ocrx_word' id='word_1_165' title='bbox 1469 2233 1554 2280; x_wconf 88' lang='lat' dir='ltr'><strong>est</strong></span> <span class='ocrx_word' id='word_1_166' title='bbox 1599 2238 1764 2293; x_wconf 89' lang='lat' dir='ltr'><strong>super</strong></span> <span class='ocrx_word' id='word_1_167' title='bbox 1802 2220 1987 2275; x_wconf 91' lang='lat' dir='ltr'><strong>omnia</strong></span> 
     </span>
    </p>
   </div>
   <div class='ocr_carea' id='block_1_26' title="bbox 421 2309 1990 2384">
    <p class='ocr_par' dir='ltr' id='par_1_26' title="bbox 421 2309 1990 2384">
     <span class='ocr_line' id='line_1_26' title="bbox 421 2309 1990 2384; baseline -0.006 -11"><span class='ocrx_word' id='word_1_168' title='bbox 421 2320 564 2376; x_wconf 79' lang='lat' dir='ltr'><strong>Deus</strong></span> <span class='ocrx_word' id='word_1_169' title='bbox 622 2321 944 2378; x_wconf 90' lang='lat' dir='ltr'><strong>benedictus</strong></span> <span class='ocrx_word' id='word_1_170' title='bbox 993 2320 1050 2374; x_wconf 92' lang='lat' dir='ltr'><strong>in</strong></span> <span class='ocrx_word' id='word_1_171' title='bbox 1113 2319 1352 2384; x_wconf 71' lang='lat' dir='ltr'><strong>saecula,</strong></span> <span class='ocrx_word' id='word_1_172' title='bbox 1399 2331 1556 2372; x_wconf 88' lang='lat' dir='ltr'><strong>amen</strong></span> <span class='ocrx_word' id='word_1_173' title='bbox 1601 2316 1669 2368; x_wconf 84' lang='lat'><strong>&quot;.</strong></span> <span class='ocrx_word' id='word_1_174' title='bbox 1722 2330 1742 2365; x_wconf 71' lang='grc' dir='ltr'><strong>ι</strong></span> <span class='ocrx_word' id='word_1_175' title='bbox 1796 2309 1990 2367; x_wconf 83' lang='lat' dir='ltr'><strong>Nonne</strong></span> 
     </span>
    </p>
   </div>
   <div class='ocr_carea' id='block_1_27' title="bbox 421 2399 1990 2484">
    <p class='ocr_par' dir='ltr' id='par_1_27' title="bbox 421 2399 1990 2484">
     <span class='ocr_line' id='line_1_27' title="bbox 421 2399 1990 2484; baseline -0.008 -18"><span class='ocrx_word' id='word_1_176' title='bbox 421 2413 551 2467; x_wconf 86' lang='lat' dir='ltr'><strong>hinc</strong></span> <span class='ocrx_word' id='word_1_177' title='bbox 585 2421 820 2479; x_wconf 80' lang='lat' dir='ltr'><strong>constat,</strong></span> <span class='ocrx_word' id='word_1_178' title='bbox 868 2411 1161 2484; x_wconf 82' lang='lat' dir='ltr'><strong>prophetas</strong></span> <span class='ocrx_word' id='word_1_179' title='bbox 1190 2421 1409 2479; x_wconf 86' lang='lat' dir='ltr'><strong>quoque</strong></span> <span class='ocrx_word' id='word_1_180' title='bbox 1441 2405 1631 2462; x_wconf 88' lang='lat' dir='ltr'><strong>eadem</strong></span> <span class='ocrx_word' id='word_1_181' title='bbox 1660 2402 1827 2458; x_wconf 87' lang='lat' dir='ltr'><strong>animi</strong></span> <span class='ocrx_word' id='word_1_182' title='bbox 1859 2399 1990 2454; x_wconf 68' lang='lat' dir='ltr'><strong>alle-</strong></span> 
     </span>
    </p>
   </div>
   <div class='ocr_carea' id='block_1_28' title="bbox 423 2492 2060 2573">
    <p class='ocr_par' dir='ltr' id='par_1_28' title="bbox 423 2492 2060 2573">
     <span class='ocr_line' id='line_1_28' title="bbox 423 2492 2060 2573; baseline -0.007 -15"><span class='ocrx_word' id='word_1_183' title='bbox 423 2505 600 2558; x_wconf 83' lang='lat' dir='ltr'><strong>ctione</strong></span> <span class='ocrx_word' id='word_1_184' title='bbox 630 2504 903 2573; x_wconf 68' lang='lat' dir='ltr'><strong>praeditos,</strong></span> <span class='ocrx_word' id='word_1_185' title='bbox 944 2503 1274 2572; x_wconf 71' lang='lat' dir='ltr'><strong>ingemuisse</strong></span> <span class='ocrx_word' id='word_1_186' title='bbox 1303 2516 1467 2571; x_wconf 87' lang='lat' dir='ltr'><strong>super</strong></span> <span class='ocrx_word' id='word_1_187' title='bbox 1500 2499 1588 2554; x_wconf 93' lang='lat' dir='ltr'><strong>his</strong></span> <span class='ocrx_word' id='word_1_188' title='bbox 1629 2503 1795 2566; x_wconf 90' lang='lat' dir='ltr'><strong>atque</strong></span> <span class='ocrx_word' id='word_1_189' title='bbox 1829 2492 2060 2556; x_wconf 81' lang='lat' dir='ltr'><strong>luxisse,</strong></span> 
     </span>
    </p>
   </div>
   <div class='ocr_carea' id='block_1_29' title="bbox 423 2593 721 2648">
    <p class='ocr_par' dir='ltr' id='par_1_29' title="bbox 423 2593 721 2648">
     <span class='ocr_line' id='line_1_29' title="bbox 423 2593 721 2648; baseline -0.01 0"><span class='ocrx_word' id='word_1_190' title='bbox 423 2593 721 2648; x_wconf 82' lang='lat' dir='ltr'><strong>debantur?</strong></span> 
     </span>
    </p>
   </div>
   <div class='ocr_carea' id='block_1_30' title="bbox 493 2675 1986 2756">
    <p class='ocr_par' dir='ltr' id='par_1_30' title="bbox 493 2675 1986 2756">
     <span class='ocr_line' id='line_1_30' title="bbox 493 2675 1986 2756; baseline -0.009 -16"><span class='ocrx_word' id='word_1_191' title='bbox 493 2686 719 2756; x_wconf 84' lang='lat' dir='ltr'><strong>Propter</strong></span> <span class='ocrx_word' id='word_1_192' title='bbox 753 2685 855 2740; x_wconf 88' lang='lat' dir='ltr'><strong>hoc</strong></span> <span class='ocrx_word' id='word_1_193' title='bbox 899 2683 1079 2756; x_wconf 75' lang='lat' dir='ltr'><strong>fugam</strong></span> <span class='ocrx_word' id='word_1_194' title='bbox 1110 2698 1329 2756; x_wconf 86' lang='lat' dir='ltr'><strong>quoque</strong></span> <span class='ocrx_word' id='word_1_195' title='bbox 1369 2680 1632 2753; x_wconf 90' lang='lat' dir='ltr'><strong>propheta</strong></span> <span class='ocrx_word' id='word_1_196' title='bbox 1667 2675 1986 2738; x_wconf 81' lang='lat' dir='ltr'><strong>maturavit,</strong></span> 
     </span>
    </p>
   </div>
   <div class='ocr_carea' id='block_1_31' title="bbox 425 2765 1989 2848">
    <p class='ocr_par' dir='ltr' id='par_1_31' title="bbox 425 2765 1989 2848">
     <span class='ocr_line' id='line_1_31' title="bbox 425 2765 1989 2848; baseline -0.01 -14"><span class='ocrx_word' id='word_1_197' title='bbox 425 2791 656 2848; x_wconf 88' lang='lat' dir='ltr'><strong>sperans</strong></span> <span class='ocrx_word' id='word_1_198' title='bbox 683 2792 746 2832; x_wconf 85' lang='lat' dir='ltr'><strong>se</strong></span> <span class='ocrx_word' id='word_1_199' title='bbox 774 2777 1156 2833; x_wconf 85' lang='lat' dir='ltr'><strong>necessitatem</strong></span> <span class='ocrx_word' id='word_1_200' title='bbox 1183 2777 1482 2832; x_wconf 83' lang='lat' dir='ltr'><strong>vitaturum</strong></span> <span class='ocrx_word' id='word_1_201' title='bbox 1513 2768 1776 2826; x_wconf 77' lang='lat' dir='ltr'><strong>facienda:</strong></span> <span class='ocrx_word' id='word_1_202' title='bbox 1805 2767 1872 2821; x_wconf 86' lang='lat' dir='ltr'><strong>ad</strong></span> <span class='ocrx_word' id='word_1_203' title='bbox 1890 2765 1989 2820; x_wconf 83' lang='lat' dir='ltr'><strong>Ni-</strong></span> 
     </span>
    </p>
   </div>
   <div class='ocr_carea' id='block_1_32' title="bbox 424 2863 1992 2941">
    <p class='ocr_par' dir='ltr' id='par_1_32' title="bbox 424 2863 1992 2941">
     <span class='ocr_line' id='line_1_32' title="bbox 424 2863 1992 2941; baseline -0.008 -16"><span class='ocrx_word' id='word_1_204' title='bbox 424 2871 623 2926; x_wconf 88' lang='lat' dir='ltr'><strong>nivitas</strong></span> <span class='ocrx_word' id='word_1_205' title='bbox 659 2869 1049 2941; x_wconf 69' lang='lat' dir='ltr'><strong>praedictionis,</strong></span> <span class='ocrx_word' id='word_1_206' title='bbox 1079 2879 1243 2939; x_wconf 91' lang='lat' dir='ltr'><strong>atque</strong></span> <span class='ocrx_word' id='word_1_207' title='bbox 1278 2868 1403 2922; x_wconf 86' lang='lat' dir='ltr'><strong>hinc</strong></span> <span class='ocrx_word' id='word_1_208' title='bbox 1439 2863 1826 2934; x_wconf 82' lang='lat' dir='ltr'><strong>impediturum</strong></span> <span class='ocrx_word' id='word_1_209' title='bbox 1854 2872 1992 2928; x_wconf 84' lang='lat' dir='ltr'><strong>quo-</strong></span> 
     </span>
    </p>
   </div>
   <div class='ocr_carea' id='block_1_33' title="bbox 424 2951 2068 3048">
    <p class='ocr_par' dir='ltr' id='par_1_33' title="bbox 424 2951 2068 3048">
     <span class='ocr_line' id='line_1_33' title="bbox 424 2951 2068 3048; baseline -0.009 -31"><span class='ocrx_word' id='word_1_210' title='bbox 424 2962 608 3017; x_wconf 80' lang='lat' dir='ltr'><strong>minus</strong></span> <span class='ocrx_word' id='word_1_211' title='bbox 641 2976 705 3015; x_wconf 88' lang='lat' dir='ltr'><strong>ca</strong></span> <span class='ocrx_word' id='word_1_212' title='bbox 753 2961 1152 3032; x_wconf 85' lang='lat' dir='ltr'><strong>contingerent,</strong></span> <span class='ocrx_word' id='word_1_213' title='bbox 1185 2974 1306 3029; x_wconf 69' lang='lat' dir='ltr'><strong>qua:</strong></span> <span class='ocrx_word' id='word_1_214' title='bbox 1350 2957 1706 3028; x_wconf 75' lang='lat' dir='ltr'><strong>manifestam</strong></span> <span class='ocrx_word' id='word_1_215' title='bbox 1759 2951 1994 3006; x_wconf 68' lang='lat' dir='ltr'><strong>Iudaicae</strong></span> <span class='ocrx_word' id='word_1_216' title='bbox 2019 2984 2068 3048; x_wconf 68' lang='grc' dir='ltr'>ο</span> 
     </span>
    </p>
   </div>
   <div class='ocr_carea' id='block_1_34' title="bbox 425 3044 1998 3121">
    <p class='ocr_par' dir='ltr' id='par_1_34' title="bbox 425 3044 1998 3121">
     <span class='ocr_line' id='line_1_34' title="bbox 425 3044 1998 3121; baseline -0.008 -14"><span class='ocrx_word' id='word_1_217' title='bbox 425 3053 645 3108; x_wconf 70' lang='lat' dir='ltr'><strong>malitiae</strong></span> <span class='ocrx_word' id='word_1_218' title='bbox 669 3051 1087 3121; x_wconf 79' lang='lat' dir='ltr'><strong>patelactionem</strong></span> <span class='ocrx_word' id='word_1_219' title='bbox 1117 3049 1350 3104; x_wconf 86' lang='lat' dir='ltr'><strong>allatura</strong></span> <span class='ocrx_word' id='word_1_220' title='bbox 1379 3054 1553 3102; x_wconf 88' lang='lat' dir='ltr'><strong>erant.</strong></span> <span class='ocrx_word' id='word_1_221' title='bbox 1584 3044 1702 3098; x_wconf 80' lang='lat' dir='ltr'><strong>Jam</strong></span> <span class='ocrx_word' id='word_1_222' title='bbox 1730 3057 1851 3114; x_wconf 70' lang='lat' dir='ltr'><strong>quae</strong></span> <span class='ocrx_word' id='word_1_223' title='bbox 1869 3056 1998 3095; x_wconf 87' lang='lat' dir='ltr'><strong>con—</strong></span> 
     </span>
    </p>
   </div>
   <div class='ocr_carea' id='block_1_35' title="bbox 425 3129 1998 3208">
    <p class='ocr_par' dir='ltr' id='par_1_35' title="bbox 425 3129 1998 3208">
     <span class='ocr_line' id='line_1_35' title="bbox 425 3129 1998 3208; baseline -0.01 -9"><span class='ocrx_word' id='word_1_224' title='bbox 425 3152 612 3199; x_wconf 87' lang='lat' dir='ltr'><strong>secuta</strong></span> <span class='ocrx_word' id='word_1_225' title='bbox 644 3151 793 3206; x_wconf 89' lang='lat' dir='ltr'><strong>sunt,</strong></span> <span class='ocrx_word' id='word_1_226' title='bbox 838 3140 1004 3196; x_wconf 89' lang='lat' dir='ltr'><strong>dictis</strong></span> <span class='ocrx_word' id='word_1_227' title='bbox 1052 3140 1188 3196; x_wconf 91' lang='lat' dir='ltr'><strong>meis</strong></span> <span class='ocrx_word' id='word_1_228' title='bbox 1213 3139 1530 3208; x_wconf 79' lang='lat' dir='ltr'><strong>suﬂ‘ragium</strong></span> <span class='ocrx_word' id='word_1_229' title='bbox 1566 3133 1793 3189; x_wconf 88' lang='lat' dir='ltr'><strong>addunt.</strong></span> <span class='ocrx_word' id='word_1_230' title='bbox 1833 3129 1998 3185; x_wconf 84' lang='lat' dir='ltr'><strong>Nam-</strong></span> 
     </span>
    </p>
   </div>
   <div class='ocr_carea' id='block_1_36' title="bbox 426 3226 2001 3304">
    <p class='ocr_par' dir='ltr' id='par_1_36' title="bbox 426 3226 2001 3304">
     <span class='ocr_line' id='line_1_36' title="bbox 426 3226 2001 3304; baseline -0.007 -18"><span class='ocrx_word' id='word_1_231' title='bbox 426 3249 532 3304; x_wconf 90' lang='lat' dir='ltr'><strong>que</strong></span> <span class='ocrx_word' id='word_1_232' title='bbox 569 3232 838 3298; x_wconf 69' lang='lat' dir='ltr'><strong>Ninivitaz,</strong></span> <span class='ocrx_word' id='word_1_233' title='bbox 869 3230 964 3300; x_wconf 91' lang='lat' dir='ltr'><strong>qui</strong></span> <span class='ocrx_word' id='word_1_234' title='bbox 998 3237 1148 3284; x_wconf 88' lang='lat' dir='ltr'><strong>tanta</strong></span> <span class='ocrx_word' id='word_1_235' title='bbox 1176 3230 1458 3284; x_wconf 87' lang='lat' dir='ltr'><strong>alacritate</strong></span> <span class='ocrx_word' id='word_1_236' title='bbox 1484 3227 1551 3282; x_wconf 90' lang='lat' dir='ltr'><strong>ad</strong></span> <span class='ocrx_word' id='word_1_237' title='bbox 1572 3226 1827 3280; x_wconf 84' lang='lat' dir='ltr'><strong>virtutem</strong></span> <span class='ocrx_word' id='word_1_238' title='bbox 1855 3237 2001 3276; x_wconf 90' lang='lat' dir='ltr'><strong>men-</strong></span> 
     </span>
    </p>
   </div>
   <div class='ocr_carea' id='block_1_37' title="bbox 427 3313 1998 3390">
    <p class='ocr_par' dir='ltr' id='par_1_37' title="bbox 427 3313 1998 3390">
     <span class='ocr_line' id='line_1_37' title="bbox 427 3313 1998 3390; baseline -0.008 -12"><span class='ocrx_word' id='word_1_239' title='bbox 427 3334 536 3380; x_wconf 87' lang='lat' dir='ltr'><strong>tem</strong></span> <span class='ocrx_word' id='word_1_240' title='bbox 568 3329 975 3387; x_wconf 87' lang='lat' dir='ltr'><strong>converterant,</strong></span> <span class='ocrx_word' id='word_1_241' title='bbox 1023 3321 1275 3376; x_wconf 88' lang='lat' dir='ltr'><strong>bellicam</strong></span> <span class='ocrx_word' id='word_1_242' title='bbox 1306 3317 1707 3390; x_wconf 82' lang='lat' dir='ltr'><strong>expeditionem</strong></span> <span class='ocrx_word' id='word_1_243' title='bbox 1735 3313 1998 3368; x_wconf 84' lang='lat' dir='ltr'><strong>adversus</strong></span> 
     </span>
    </p>
   </div>
   <div class='ocr_carea' id='block_1_38' title="bbox 426 3402 1999 3482">
    <p class='ocr_par' dir='ltr' id='par_1_38' title="bbox 426 3402 1999 3482">
     <span class='ocr_line' id='line_1_38' title="bbox 426 3402 1999 3482; baseline -0.007 -16"><span class='ocrx_word' id='word_1_244' title='bbox 426 3413 702 3468; x_wconf 85' lang='lat' dir='ltr'><strong>lsraelitas</strong></span> <span class='ocrx_word' id='word_1_245' title='bbox 759 3410 921 3482; x_wconf 86' lang='lat' dir='ltr'><strong>paulo</strong></span> <span class='ocrx_word' id='word_1_246' title='bbox 989 3418 1117 3480; x_wconf 88' lang='lat' dir='ltr'><strong>post</strong></span> <span class='ocrx_word' id='word_1_247' title='bbox 1181 3415 1584 3480; x_wconf 89' lang='lat' dir='ltr'><strong>susceperunt;</strong></span> <span class='ocrx_word' id='word_1_248' title='bbox 1665 3402 1999 3472; x_wconf 81' lang='lat' dir='ltr'><strong>reliquisque</strong></span> 
     </span>
    </p>
   </div>
   <div class='ocr_carea' id='block_1_39' title="bbox 424 3495 1996 3574">
    <p class='ocr_par' dir='ltr' id='par_1_39' title="bbox 424 3495 1996 3574">
     <span class='ocr_line' id='line_1_39' title="bbox 424 3495 1996 3574; baseline -0.009 -14"><span class='ocrx_word' id='word_1_249' title='bbox 424 3507 586 3561; x_wconf 89' lang='lat' dir='ltr'><strong>etiam</strong></span> <span class='ocrx_word' id='word_1_250' title='bbox 619 3504 675 3558; x_wconf 89' lang='lat' dir='ltr'><strong>in</strong></span> <span class='ocrx_word' id='word_1_251' title='bbox 702 3503 1076 3574; x_wconf 80' lang='lat' dir='ltr'><strong>captivitatem</strong></span> <span class='ocrx_word' id='word_1_252' title='bbox 1105 3501 1335 3567; x_wconf 88' lang='lat' dir='ltr'><strong>abactis,</strong></span> <span class='ocrx_word' id='word_1_253' title='bbox 1362 3513 1579 3555; x_wconf 86' lang='lat' dir='ltr'><strong>summa</strong></span> <span class='ocrx_word' id='word_1_254' title='bbox 1607 3497 1658 3550; x_wconf 76' lang='lat' dir='ltr'><strong>vi</strong></span> <span class='ocrx_word' id='word_1_255' title='bbox 1687 3495 1996 3550; x_wconf 84' lang='lat' dir='ltr'><strong>vastitatem</strong></span> 
     </span>
    </p>
   </div>
   <div class='ocr_carea' id='block_1_40' title="bbox 427 3584 1996 3666">
    <p class='ocr_par' dir='ltr' id='par_1_40' title="bbox 427 3584 1996 3666">
     <span class='ocr_line' id='line_1_40' title="bbox 427 3584 1996 3666; baseline -0.007 -18"><span class='ocrx_word' id='word_1_256' title='bbox 427 3594 820 3666; x_wconf 81' lang='lat' dir='ltr'><strong>Hierosolymis</strong></span> <span class='ocrx_word' id='word_1_257' title='bbox 861 3594 997 3664; x_wconf 90' lang='lat' dir='ltr'><strong>ipsis</strong></span> <span class='ocrx_word' id='word_1_258' title='bbox 1051 3590 1256 3647; x_wconf 81' lang='lat' dir='ltr'><strong>inferre</strong></span> <span class='ocrx_word' id='word_1_259' title='bbox 1288 3589 1471 3645; x_wconf 89' lang='lat' dir='ltr'><strong>conati</strong></span> <span class='ocrx_word' id='word_1_260' title='bbox 1513 3596 1644 3644; x_wconf 89' lang='lat' dir='ltr'><strong>sunt</strong></span> <span class='ocrx_word' id='word_1_261' title='bbox 1679 3605 1692 3642; x_wconf 87' lang='lat'><strong>:</strong></span> <span class='ocrx_word' id='word_1_262' title='bbox 1730 3600 1890 3656; x_wconf 87' lang='lat' dir='ltr'><strong>quam</strong></span> <span class='ocrx_word' id='word_1_263' title='bbox 1927 3584 1996 3638; x_wconf 91' lang='lat' dir='ltr'><strong>ob</strong></span> 
     </span>
    </p>
   </div>
   <div class='ocr_carea' id='block_1_41' title="bbox 425 3674 1994 3757">
    <p class='ocr_par' dir='ltr' id='par_1_41' title="bbox 425 3674 1994 3757">
     <span class='ocr_line' id='line_1_41' title="bbox 425 3674 1994 3757; baseline -0.008 -17"><span class='ocrx_word' id='word_1_264' title='bbox 425 3703 536 3743; x_wconf 89' lang='lat' dir='ltr'><strong>rem</strong></span> <span class='ocrx_word' id='word_1_265' title='bbox 566 3702 757 3757; x_wconf 73' lang='lat' dir='ltr'><strong>ptenas</strong></span> <span class='ocrx_word' id='word_1_266' title='bbox 785 3701 1004 3757; x_wconf 87' lang='lat' dir='ltr'><strong>quoque</strong></span> <span class='ocrx_word' id='word_1_267' title='bbox 1028 3683 1295 3739; x_wconf 86' lang='lat' dir='ltr'><strong>maximas</strong></span> <span class='ocrx_word' id='word_1_268' title='bbox 1325 3681 1434 3738; x_wconf 90' lang='lat' dir='ltr'><strong>Deo</strong></span> <span class='ocrx_word' id='word_1_269' title='bbox 1463 3681 1704 3745; x_wconf 90' lang='lat' dir='ltr'><strong>luerunt,</strong></span> <span class='ocrx_word' id='word_1_270' title='bbox 1743 3691 1880 3748; x_wconf 89' lang='lat' dir='ltr'><strong>quas</strong></span> <span class='ocrx_word' id='word_1_271' title='bbox 1901 3674 1994 3746; x_wconf 90' lang='lat' dir='ltr'><strong>qui</strong></span> 
     </span>
    </p>
   </div>
   <div class='ocr_carea' id='block_1_42' title="bbox 426 3772 1996 3851">
    <p class='ocr_par' dir='ltr' id='par_1_42' title="bbox 426 3772 1996 3851">
     <span class='ocr_line' id='line_1_42' title="bbox 426 3772 1996 3851; baseline -0.009 -16"><span class='ocrx_word' id='word_1_272' title='bbox 426 3779 746 3851; x_wconf 69' lang='lat' dir='ltr'><strong>praedixerat</strong></span> <span class='ocrx_word' id='word_1_273' title='bbox 771 3777 1054 3833; x_wconf 81' lang='lat' dir='ltr'><strong>Nahumus</strong></span> <span class='ocrx_word' id='word_1_274' title='bbox 1079 3772 1585 3847; x_wconf 86' lang='lat' dir='ltr'><strong>propheta,scriptis</strong></span> <span class='ocrx_word' id='word_1_275' title='bbox 1604 3783 1821 3841; x_wconf 90' lang='lat' dir='ltr'><strong>quoque</strong></span> <span class='ocrx_word' id='word_1_276' title='bbox 1845 3783 1996 3823; x_wconf 90' lang='lat' dir='ltr'><strong>com-</strong></span> 
     </span>
    </p>
   </div>
   <div class='ocr_carea' id='block_1_43' title="bbox 425 3857 1998 3938">
    <p class='ocr_par' dir='ltr' id='par_1_43' title="bbox 425 3857 1998 3938">
     <span class='ocr_line' id='line_1_43' title="bbox 425 3857 1998 3938; baseline -0.008 -13"><span class='ocrx_word' id='word_1_277' title='bbox 425 3869 722 3926; x_wconf 85' lang='lat' dir='ltr'><strong>mendavit.</strong></span> <span class='ocrx_word' id='word_1_278' title='bbox 772 3868 942 3938; x_wconf 84' lang='lat' dir='ltr'><strong>Igitur</strong></span> <span class='ocrx_word' id='word_1_279' title='bbox 981 3868 1133 3923; x_wconf 71' lang='lat' dir='ltr'><strong>Jonas</strong></span> <span class='ocrx_word' id='word_1_280' title='bbox 1185 3864 1486 3938; x_wconf 87' lang='lat' dir='ltr'><strong>prophetia,</strong></span> <span class='ocrx_word' id='word_1_281' title='bbox 1531 3857 1751 3918; x_wconf 80' lang='lat' dir='ltr'><strong>necnon</strong></span> <span class='ocrx_word' id='word_1_282' title='bbox 1783 3876 1846 3915; x_wconf 89' lang='lat' dir='ltr'><strong>ca</strong></span> <span class='ocrx_word' id='word_1_283' title='bbox 1875 3873 1998 3930; x_wconf 71' lang='lat' dir='ltr'><strong>qua:</strong></span> 
     </span>
    </p>
   </div>
   <div class='ocr_carea' id='block_1_44' title="bbox 426 3951 1994 4034">
    <p class='ocr_par' dir='ltr' id='par_1_44' title="bbox 426 3951 1994 4034">
     <span class='ocr_line' id='line_1_44' title="bbox 426 3951 1994 4034; baseline -0.008 -17"><span class='ocrx_word' id='word_1_284' title='bbox 426 3978 522 4034; x_wconf 89' lang='lat' dir='ltr'><strong>per</strong></span> <span class='ocrx_word' id='word_1_285' title='bbox 559 3961 612 4016; x_wconf 89' lang='lat' dir='ltr'><strong>id</strong></span> <span class='ocrx_word' id='word_1_286' title='bbox 645 3973 859 4031; x_wconf 89' lang='lat' dir='ltr'><strong>tempus</strong></span> <span class='ocrx_word' id='word_1_287' title='bbox 904 3959 1161 4015; x_wconf 80' lang='lat' dir='ltr'><strong>Ninivitis</strong></span> <span class='ocrx_word' id='word_1_288' title='bbox 1187 3959 1522 4024; x_wconf 84' lang='lat' dir='ltr'><strong>acciderunt.</strong></span> <span class='ocrx_word' id='word_1_289' title='bbox 1570 3951 1994 4024; x_wconf 82' lang='lat' dir='ltr'><strong>signiﬁcationes</strong></span> 
     </span>
    </p>
   </div>
   <div class='ocr_carea' id='block_1_45' title="bbox 426 4041 1992 4123">
    <p class='ocr_par' dir='ltr' id='par_1_45' title="bbox 426 4041 1992 4123">
     <span class='ocr_line' id='line_1_45' title="bbox 426 4041 1992 4123; baseline -0.008 -15"><span class='ocrx_word' id='word_1_290' title='bbox 426 4052 628 4108; x_wconf 76' lang='lat' dir='ltr'><strong>divina:</strong></span> <span class='ocrx_word' id='word_1_291' title='bbox 655 4054 844 4123; x_wconf 63' lang='lat' dir='ltr'><strong>gratiae</strong></span> <span class='ocrx_word' id='word_1_292' title='bbox 884 4051 1126 4119; x_wconf 82' lang='lat' dir='ltr'><strong>fuerunt,</strong></span> <span class='ocrx_word' id='word_1_293' title='bbox 1169 4049 1330 4120; x_wconf 87' lang='lat' dir='ltr'><strong>cujus</strong></span> <span class='ocrx_word' id='word_1_294' title='bbox 1377 4046 1616 4116; x_wconf 90' lang='lat' dir='ltr'><strong>impulsu</strong></span> <span class='ocrx_word' id='word_1_295' title='bbox 1645 4053 1754 4123; x_wconf 85' lang='lat' dir='ltr'><strong>tam</strong></span> <span class='ocrx_word' id='word_1_296' title='bbox 1794 4041 1992 4112; x_wconf 85' lang='lat' dir='ltr'><strong>procli-</strong></span> 
     </span>
    </p>
   </div>
   <div class='ocr_carea' id='block_1_46' title="bbox 427 4121 1990 4203">
    <p class='ocr_par' dir='ltr' id='par_1_46' title="bbox 427 4121 1990 4203">
     <span class='ocr_line' id='line_1_46' title="bbox 427 4121 1990 4203; baseline -0.006 -9"><span class='ocrx_word' id='word_1_297' title='bbox 427 4157 546 4198; x_wconf 89' lang='lat' dir='ltr'><strong>vem</strong></span> <span class='ocrx_word' id='word_1_298' title='bbox 569 4121 749 4198; x_wconf 81' lang='lat' dir='ltr'><strong>cuncti</strong></span> <span class='ocrx_word' id='word_1_299' title='bbox 783 4142 850 4196; x_wconf 93' lang='lat' dir='ltr'><strong>ad</strong></span> <span class='ocrx_word' id='word_1_300' title='bbox 875 4142 1132 4196; x_wconf 87' lang='lat' dir='ltr'><strong>virtutem</strong></span> <span class='ocrx_word' id='word_1_301' title='bbox 1160 4137 1576 4196; x_wconf 88' lang='lat' dir='ltr'><strong>conversionem</strong></span> <span class='ocrx_word' id='word_1_302' title='bbox 1603 4121 1815 4203; x_wconf 80' lang='lat' dir='ltr'><strong>experti</strong></span> <span class='ocrx_word' id='word_1_303' title='bbox 1841 4139 1990 4187; x_wconf 92' lang='lat' dir='ltr'><strong>sunt.</strong></span> 
     </span>
    </p>
   </div>
   <div class='ocr_carea' id='block_1_47' title="bbox 427 4222 1992 4304">
    <p class='ocr_par' dir='ltr' id='par_1_47' title="bbox 427 4222 1992 4304">
     <span class='ocr_line' id='line_1_47' title="bbox 427 4222 1992 4304; baseline -0.006 -18"><span class='ocrx_word' id='word_1_304' title='bbox 427 4232 660 4287; x_wconf 76' lang='lat' dir='ltr'><strong>Nahumi</strong></span> <span class='ocrx_word' id='word_1_305' title='bbox 695 4249 822 4288; x_wconf 77' lang='lat' dir='ltr'><strong>vero</strong></span> <span class='ocrx_word' id='word_1_306' title='bbox 859 4233 1144 4304; x_wconf 88' lang='lat' dir='ltr'><strong>prophetia</strong></span> <span class='ocrx_word' id='word_1_307' title='bbox 1180 4231 1525 4286; x_wconf 88' lang='lat' dir='ltr'><strong>demonstrat</strong></span> <span class='ocrx_word' id='word_1_308' title='bbox 1553 4224 1871 4282; x_wconf 86' lang='lat' dir='ltr'><strong>eorumdem</strong></span> <span class='ocrx_word' id='word_1_309' title='bbox 1897 4222 1992 4278; x_wconf 86' lang='lat' dir='ltr'><strong>Ni-</strong></span> 
     </span>
    </p>
   </div>
   <div class='ocr_carea' id='block_1_48' title="bbox 2085 499 3660 572">
    <p class='ocr_par' dir='ltr' id='par_1_48' title="bbox 2085 499 3660 572">
     <span class='ocr_line' id='line_1_48' title="bbox 2085 499 3660 572; baseline 0.006 -22"><span class='ocrx_word' id='word_1_310' title='bbox 2085 499 2192 551; x_wconf 89' lang='grc' dir='ltr'>τῶν</span> <span class='ocrx_word' id='word_1_311' title='bbox 2214 499 2506 551; x_wconf 86' lang='grc' dir='ltr'>Νινευῖτῶν</span> <span class='ocrx_word' id='word_1_312' title='bbox 2522 500 2890 570; x_wconf 78' lang='grc' dir='ltr'><strong>παραθέσεως,</strong></span> <span class='ocrx_word' id='word_1_313' title='bbox 2909 503 3176 572; x_wconf 81' lang='grc' dir='ltr'><strong>τιμωρίας</strong></span> <span class='ocrx_word' id='word_1_314' title='bbox 3199 501 3336 566; x_wconf 78' lang='grc' dir='ltr'>ἄξιοι</span> <span class='ocrx_word' id='word_1_315' title='bbox 3360 504 3660 572; x_wconf 78' lang='grc' dir='ltr'><strong>φαίνοιντο·</strong></span> 
     </span>
    </p>
   </div>
   <div class='ocr_carea' id='block_1_49' title="bbox 2088 587 3661 664">
    <p class='ocr_par' dir='ltr' id='par_1_49' title="bbox 2088 587 3661 664">
     <span class='ocr_line' id='line_1_49' title="bbox 2088 587 3661 664; baseline 0.006 -25"><span class='ocrx_word' id='word_1_316' title='bbox 2088 589 2180 639; x_wconf 84' lang='grc' dir='ltr'><strong>καί</strong></span> <span class='ocrx_word' id='word_1_317' title='bbox 2208 588 2344 657; x_wconf 77' lang='grc' dir='ltr'>μετὰ</span> <span class='ocrx_word' id='word_1_318' title='bbox 2373 587 2530 640; x_wconf 80' lang='grc' dir='ltr'>τοῦτό</span> <span class='ocrx_word' id='word_1_319' title='bbox 2554 605 2616 656; x_wconf 93' lang='grc' dir='ltr'>γε</span> <span class='ocrx_word' id='word_1_320' title='bbox 2642 589 2875 660; x_wconf 83' lang='grc' dir='ltr'>παντελῆ</span> <span class='ocrx_word' id='word_1_321' title='bbox 2899 589 2993 661; x_wconf 81' lang='grc' dir='ltr'>τὴν</span> <span class='ocrx_word' id='word_1_322' title='bbox 3019 591 3290 660; x_wconf 77' lang='grc' dir='ltr'>ἀποϐολὴν</span> <span class='ocrx_word' id='word_1_323' title='bbox 3311 593 3661 664; x_wconf 80' lang='grc' dir='ltr'><strong>ὑπομένοιεν,</strong></span> 
     </span>
    </p>
   </div>
   <div class='ocr_carea' id='block_1_50' title="bbox 2089 677 3667 755">
    <p class='ocr_par' dir='ltr' id='par_1_50' title="bbox 2089 677 3667 755">
     <span class='ocr_line' id='line_1_50' title="bbox 2089 677 3667 755; baseline 0.006 -26"><span class='ocrx_word' id='word_1_324' title='bbox 2089 677 2384 747; x_wconf 76' lang='grc' dir='ltr'><strong>παραθέσει</strong></span> <span class='ocrx_word' id='word_1_325' title='bbox 2407 677 2516 732; x_wconf 86' lang='grc' dir='ltr'><strong>τῶν</strong></span> <span class='ocrx_word' id='word_1_326' title='bbox 2546 695 2604 730; x_wconf 93' lang='grc' dir='ltr'>τε</span> <span class='ocrx_word' id='word_1_327' title='bbox 2633 681 2939 750; x_wconf 77' lang='grc' dir='ltr'>ἁπανταχοῦ</span> <span class='ocrx_word' id='word_1_328' title='bbox 2971 682 3069 751; x_wconf 90' lang='grc' dir='ltr'><strong>γῆς</strong></span> <span class='ocrx_word' id='word_1_329' title='bbox 3090 681 3259 735; x_wconf 81' lang='grc' dir='ltr'>όντων</span> <span class='ocrx_word' id='word_1_330' title='bbox 3291 684 3459 737; x_wconf 77' lang='grc' dir='ltr'>ἐθνῶν</span> <span class='ocrx_word' id='word_1_331' title='bbox 3488 702 3667 755; x_wconf 88' lang='grc' dir='ltr'>προσ-</span> 
     </span>
    </p>
   </div>
   <div class='ocr_carea' id='block_1_51' title="bbox 2093 767 3666 844">
    <p class='ocr_par' dir='ltr' id='par_1_51' title="bbox 2093 767 3666 844">
     <span class='ocr_line' id='line_1_51' title="bbox 2093 767 3666 844; baseline 0.004 -24"><span class='ocrx_word' id='word_1_332' title='bbox 2093 767 2230 820; x_wconf 86' lang='grc' dir='ltr'>ιέναι</span> <span class='ocrx_word' id='word_1_333' title='bbox 2257 770 2324 839; x_wconf 80' lang='grc' dir='ltr'>τῇ</span> <span class='ocrx_word' id='word_1_334' title='bbox 2365 769 2465 838; x_wconf 89' lang='grc' dir='ltr'>τῆς</span> <span class='ocrx_word' id='word_1_335' title='bbox 2517 769 2798 832; x_wconf 84' lang='grc' dir='ltr'>εὐσεϐείας</span> <span class='ocrx_word' id='word_1_336' title='bbox 2857 771 3157 840; x_wconf 82' lang='grc' dir='ltr'><strong>μελλόντων</strong></span> <span class='ocrx_word' id='word_1_337' title='bbox 3209 773 3530 844; x_wconf 72' lang='grc' dir='ltr'><strong>διδασκαλίᾳ</strong></span> <span class='ocrx_word' id='word_1_338' title='bbox 3559 791 3574 806; x_wconf 85' lang='grc'><strong>·</strong></span> <span class='ocrx_word' id='word_1_339' title='bbox 3611 777 3666 827; x_wconf 88' lang='grc' dir='ltr'>εἰ</span> 
     </span>
    </p>
   </div>
   <div class='ocr_carea' id='block_1_52' title="bbox 2087 859 3662 936">
    <p class='ocr_par' dir='ltr' id='par_1_52' title="bbox 2087 859 3662 936">
     <span class='ocr_line' id='line_1_52' title="bbox 2087 859 3662 936; baseline 0.004 -24"><span class='ocrx_word' id='word_1_340' title='bbox 2087 859 2196 928; x_wconf 83' lang='grc' dir='ltr'><strong>γὰρ</strong></span> <span class='ocrx_word' id='word_1_341' title='bbox 2222 861 2250 912; x_wconf 90' lang='lat'><strong>6</strong></span> <span class='ocrx_word' id='word_1_342' title='bbox 2290 860 2556 930; x_wconf 85' lang='grc' dir='ltr'>μακάριος</span> <span class='ocrx_word' id='word_1_343' title='bbox 2602 860 2812 925; x_wconf 83' lang='grc' dir='ltr'>Παῦλος</span> <span class='ocrx_word' id='word_1_344' title='bbox 2847 861 3099 934; x_wconf 81' lang='grc' dir='ltr'><strong>ὀδύρεται</strong></span> <span class='ocrx_word' id='word_1_345' title='bbox 3153 864 3330 918; x_wconf 81' lang='grc' dir='ltr'>αὐτῶν</span> <span class='ocrx_word' id='word_1_346' title='bbox 3361 865 3662 936; x_wconf 80' lang='grc' dir='ltr'>ἀποϐολὴν,</span> 
     </span>
    </p>
   </div>
   <div class='ocr_carea' id='block_1_53' title="bbox 2089 950 3663 1028">
    <p class='ocr_par' dir='ltr' id='par_1_53' title="bbox 2089 950 3663 1028">
     <span class='ocr_line' id='line_1_53' title="bbox 2089 950 3663 1028; baseline 0.006 -26"><span class='ocrx_word' id='word_1_347' title='bbox 2089 950 2185 1002; x_wconf 74' lang='grc' dir='ltr'>καὶ</span> <span class='ocrx_word' id='word_1_348' title='bbox 2211 950 2310 1011; x_wconf 77' lang='grc' dir='ltr'>τὴν</span> <span class='ocrx_word' id='word_1_349' title='bbox 2340 952 2573 1020; x_wconf 74' lang='grc' dir='ltr'>ἐσχάτην</span> <span class='ocrx_word' id='word_1_350' title='bbox 2603 951 2807 1020; x_wconf 78' lang='grc' dir='ltr'>ἔφασκε</span> <span class='ocrx_word' id='word_1_351' title='bbox 2837 953 3106 1025; x_wconf 81' lang='grc' dir='ltr'><strong>τιμωρίαν</strong></span> <span class='ocrx_word' id='word_1_352' title='bbox 3135 956 3431 1026; x_wconf 81' lang='grc' dir='ltr'>ὑπομενεῖν</span> <span class='ocrx_word' id='word_1_353' title='bbox 3464 957 3663 1028; x_wconf 79' lang='grc' dir='ltr'>ἡδέως,</span> 
     </span>
    </p>
   </div>
   <div class='ocr_carea' id='block_1_54' title="bbox 2087 1039 3667 1116">
    <p class='ocr_par' dir='ltr' id='par_1_54' title="bbox 2087 1039 3667 1116">
     <span class='ocr_line' id='line_1_54' title="bbox 2087 1039 3667 1116; baseline 0.003 -22"><span class='ocrx_word' id='word_1_354' title='bbox 2087 1040 2230 1094; x_wconf 82' lang='grc' dir='ltr'>ὥστε</span> <span class='ocrx_word' id='word_1_355' title='bbox 2257 1039 2481 1104; x_wconf 85' lang='grc' dir='ltr'><strong>τούτους</strong></span> <span class='ocrx_word' id='word_1_356' title='bbox 2518 1042 2654 1112; x_wconf 86' lang='grc' dir='ltr'>πρὸς</span> <span class='ocrx_word' id='word_1_357' title='bbox 2680 1042 2741 1095; x_wconf 81' lang='grc' dir='ltr'>τὸ</span> <span class='ocrx_word' id='word_1_358' title='bbox 2760 1043 2879 1095; x_wconf 85' lang='grc' dir='ltr'>δέον</span> <span class='ocrx_word' id='word_1_359' title='bbox 2912 1043 3138 1108; x_wconf 86' lang='grc' dir='ltr'>ἰδόντας,</span> <span class='ocrx_word' id='word_1_360' title='bbox 3169 1045 3242 1115; x_wconf 82' lang='grc' dir='ltr'>μὴ</span> <span class='ocrx_word' id='word_1_361' title='bbox 3263 1046 3362 1116; x_wconf 81' lang='grc' dir='ltr'><strong>τὴν</strong></span> <span class='ocrx_word' id='word_1_362' title='bbox 3389 1046 3667 1115; x_wconf 83' lang='grc' dir='ltr'>τοσαύτην</span> 
     </span>
    </p>
   </div>
   <div class='ocr_carea' id='block_1_55' title="bbox 2088 1131 3664 1204">
    <p class='ocr_par' dir='ltr' id='par_1_55' title="bbox 2088 1131 3664 1204">
     <span class='ocr_line' id='line_1_55' title="bbox 2088 1131 3664 1204; baseline 0.003 -22"><span class='ocrx_word' id='word_1_363' title='bbox 2088 1131 2176 1184; x_wconf 72' lang='grc' dir='ltr'><strong>ἐπ’</strong></span> <span class='ocrx_word' id='word_1_364' title='bbox 2220 1131 2401 1194; x_wconf 81' lang='grc' dir='ltr'>αὐτοῖς</span> <span class='ocrx_word' id='word_1_365' title='bbox 2455 1133 2822 1202; x_wconf 81' lang='grc' dir='ltr'><strong>γεγενημένην</strong></span> <span class='ocrx_word' id='word_1_366' title='bbox 2859 1133 3175 1204; x_wconf 72' lang='grc' dir='ltr'>ἐπιμέλειαν</span> <span class='ocrx_word' id='word_1_367' title='bbox 3204 1135 3356 1204; x_wconf 84' lang='grc' dir='ltr'>παρὰ</span> <span class='ocrx_word' id='word_1_368' title='bbox 3387 1135 3481 1188; x_wconf 83' lang='grc' dir='ltr'><strong>τοῦ</strong></span> <span class='ocrx_word' id='word_1_369' title='bbox 3521 1136 3664 1189; x_wconf 77' lang='grc' dir='ltr'>Θεοῦ</span> 
     </span>
    </p>
   </div>
   <div class='ocr_carea' id='block_1_56' title="bbox 2091 1221 3665 1300">
    <p class='ocr_par' dir='ltr' id='par_1_56' title="bbox 2091 1221 3665 1300">
     <span class='ocr_line' id='line_1_56' title="bbox 2091 1221 3665 1300; baseline 0.006 -27"><span class='ocrx_word' id='word_1_370' title='bbox 2091 1221 2349 1291; x_wconf 86' lang='grc' dir='ltr'>περιττὴν</span> <span class='ocrx_word' id='word_1_371' title='bbox 2391 1222 2729 1293; x_wconf 79' lang='grc' dir='ltr'>ἀποφῆναι-ι</span> <span class='ocrx_word' id='word_1_372' title='bbox 2773 1224 3054 1296; x_wconf 76' lang='grc' dir='ltr'>Ἀλήθειαν</span> <span class='ocrx_word' id='word_1_373' title='bbox 3100 1227 3207 1297; x_wconf 85' lang='grc' dir='ltr'>γὰρ</span> <span class='ocrx_word' id='word_1_374' title='bbox 3254 1229 3394 1296; x_wconf 81' lang='grc' dir='ltr'>λέγω</span> <span class='ocrx_word' id='word_1_375' title='bbox 3434 1231 3489 1282; x_wconf 82' lang='grc' dir='ltr'><strong>ὲν</strong></span> <span class='ocrx_word' id='word_1_376' title='bbox 3525 1230 3665 1300; x_wconf 86' lang='grc' dir='ltr'>Χρι-</span> 
     </span>
    </p>
   </div>
   <div class='ocr_carea' id='block_1_57' title="bbox 2093 1311 3664 1389">
    <p class='ocr_par' dir='ltr' id='par_1_57' title="bbox 2093 1311 3664 1389">
     <span class='ocr_line' id='line_1_57' title="bbox 2093 1311 3664 1389; baseline 0.005 -25"><span class='ocrx_word' id='word_1_377' title='bbox 2093 1311 2222 1382; x_wconf 84' lang='grc' dir='ltr'>στῷ,</span> <span class='ocrx_word' id='word_1_378' title='bbox 2257 1313 2318 1366; x_wconf 88' lang='grc' dir='ltr'>ού</span> <span class='ocrx_word' id='word_1_379' title='bbox 2369 1312 2652 1385; x_wconf 75' lang='grc' dir='ltr'>ψεύδομαι,</span> <span class='ocrx_word' id='word_1_380' title='bbox 2689 1317 3184 1388; x_wconf 89' lang='grc' dir='ltr'>συμμαρτυρούσης</span> <span class='ocrx_word' id='word_1_381' title='bbox 3225 1335 3313 1388; x_wconf 90' lang='grc' dir='ltr'>μοι</span> <span class='ocrx_word' id='word_1_382' title='bbox 3341 1319 3442 1389; x_wconf 92' lang='grc' dir='ltr'><strong>τῆς</strong></span> <span class='ocrx_word' id='word_1_383' title='bbox 3480 1337 3664 1372; x_wconf 80' lang='grc' dir='ltr'>συνει-</span> 
     </span>
    </p>
   </div>
   <div class='ocr_carea' id='block_1_58' title="bbox 2091 1393 3668 1480">
    <p class='ocr_par' dir='ltr' id='par_1_58' title="bbox 2091 1393 3668 1480">
     <span class='ocr_line' id='line_1_58' title="bbox 2091 1393 3668 1480; baseline 0.006 -25"><span class='ocrx_word' id='word_1_384' title='bbox 2091 1402 2295 1474; x_wconf 83' lang='grc' dir='ltr'>δήσεώς</span> <span class='ocrx_word' id='word_1_385' title='bbox 2327 1422 2428 1475; x_wconf 89' lang='grc' dir='ltr'><strong>μου</strong></span> <span class='ocrx_word' id='word_1_386' title='bbox 2478 1407 2534 1458; x_wconf 83' lang='grc' dir='ltr'>ὲν</span> <span class='ocrx_word' id='word_1_387' title='bbox 2587 1406 2862 1476; x_wconf 87' lang='grc' dir='ltr'>Πνεύματι</span> <span class='ocrx_word' id='word_1_388' title='bbox 2895 1409 3056 1478; x_wconf 84' lang='grc' dir='ltr'>ἁγίῳ,</span> <span class='ocrx_word' id='word_1_389' title='bbox 3081 1410 3162 1462; x_wconf 85' lang='grc' dir='ltr'><strong>ὅτι</strong></span> <span class='ocrx_word' id='word_1_390' title='bbox 3210 1409 3355 1480; x_wconf 90' lang='grc' dir='ltr'>λύπη</span> <span class='ocrx_word' id='word_1_391' title='bbox 3407 1428 3495 1480; x_wconf 88' lang='grc' dir='ltr'><strong>μοι</strong></span> <span class='ocrx_word' id='word_1_392' title='bbox 3542 1393 3668 1465; x_wconf 67' lang='grc' dir='ltr'><strong>ἐστὶ</strong></span> 
     </span>
    </p>
   </div>
   <div class='ocr_carea' id='block_1_59' title="bbox 2095 1494 3669 1573">
    <p class='ocr_par' dir='ltr' id='par_1_59' title="bbox 2095 1494 3669 1573">
     <span class='ocr_line' id='line_1_59' title="bbox 2095 1494 3669 1573; baseline 0.004 -26"><span class='ocrx_word' id='word_1_393' title='bbox 2095 1494 2306 1566; x_wconf 81' lang='grc' dir='ltr'><strong>μεγάλη</strong></span> <span class='ocrx_word' id='word_1_394' title='bbox 2334 1497 2427 1550; x_wconf 77' lang='grc' dir='ltr'>καὶ</span> <span class='ocrx_word' id='word_1_395' title='bbox 2456 1497 2795 1562; x_wconf 80' lang='grc' dir='ltr'><strong>ἀδιάλειπτος</strong></span> <span class='ocrx_word' id='word_1_396' title='bbox 2824 1499 2997 1572; x_wconf 76' lang='grc' dir='ltr'>ὀδύνη·</span> <span class='ocrx_word' id='word_1_397' title='bbox 3015 1503 3080 1571; x_wconf 79' lang='grc' dir='ltr'><strong>τῇ</strong></span> <span class='ocrx_word' id='word_1_398' title='bbox 3103 1501 3298 1572; x_wconf 77' lang='grc' dir='ltr'>καρδίᾳ</span> <span class='ocrx_word' id='word_1_399' title='bbox 3331 1519 3432 1571; x_wconf 88' lang='grc' dir='ltr'><strong>μου</strong></span> <span class='ocrx_word' id='word_1_400' title='bbox 3457 1516 3470 1529; x_wconf 90' lang='grc'><strong>·</strong></span> <span class='ocrx_word' id='word_1_401' title='bbox 3496 1503 3669 1573; x_wconf 80' lang='grc' dir='ltr'>ηὐχό-</span> 
     </span>
    </p>
   </div>
   <div class='ocr_carea' id='block_1_60' title="bbox 2097 1585 3665 1665">
    <p class='ocr_par' dir='ltr' id='par_1_60' title="bbox 2097 1585 3665 1665">
     <span class='ocr_line' id='line_1_60' title="bbox 2097 1585 3665 1665; baseline 0.006 -27"><span class='ocrx_word' id='word_1_402' title='bbox 2097 1603 2200 1656; x_wconf 85' lang='grc' dir='ltr'><strong>μην</strong></span> <span class='ocrx_word' id='word_1_403' title='bbox 2218 1587 2327 1657; x_wconf 82' lang='grc' dir='ltr'><strong>γὰρ</strong></span> <span class='ocrx_word' id='word_1_404' title='bbox 2357 1588 2604 1659; x_wconf 81' lang='grc' dir='ltr'>ἀνάθεμα</span> <span class='ocrx_word' id='word_1_405' title='bbox 2635 1585 2773 1644; x_wconf 73' lang='grc' dir='ltr'>εἶναι</span> <span class='ocrx_word' id='word_1_406' title='bbox 2818 1591 2978 1656; x_wconf 78' lang='grc' dir='ltr'>αὐτὸς</span> <span class='ocrx_word' id='word_1_407' title='bbox 3016 1591 3127 1660; x_wconf 69' lang='grc' dir='ltr'><strong>ἐγὼ</strong></span> <span class='ocrx_word' id='word_1_408' title='bbox 3154 1592 3263 1646; x_wconf 82' lang='grc' dir='ltr'><strong>ἀπὸ</strong></span> <span class='ocrx_word' id='word_1_409' title='bbox 3297 1593 3392 1646; x_wconf 82' lang='grc' dir='ltr'>τοῦ</span> <span class='ocrx_word' id='word_1_410' title='bbox 3424 1594 3665 1665; x_wconf 74' lang='grc' dir='ltr'>Χριστοῦ</span> 
     </span>
    </p>
   </div>
   <div class='ocr_carea' id='block_1_61' title="bbox 2093 1674 3664 1755">
    <p class='ocr_par' dir='ltr' id='par_1_61' title="bbox 2093 1674 3664 1755">
     <span class='ocr_line' id='line_1_61' title="bbox 2093 1674 3664 1755; baseline 0.008 -29"><span class='ocrx_word' id='word_1_411' title='bbox 2093 1674 2232 1744; x_wconf 81' lang='grc' dir='ltr'>ὑπὲρ</span> <span class='ocrx_word' id='word_1_412' title='bbox 2248 1675 2354 1728; x_wconf 93' lang='grc' dir='ltr'>τῶν</span> <span class='ocrx_word' id='word_1_413' title='bbox 2374 1677 2616 1745; x_wconf 80' lang='grc' dir='ltr'>ἀδελφῶν</span> <span class='ocrx_word' id='word_1_414' title='bbox 2634 1696 2734 1748; x_wconf 88' lang='grc' dir='ltr'><strong>μου</strong></span> <span class='ocrx_word' id='word_1_415' title='bbox 2754 1679 2863 1732; x_wconf 91' lang='grc' dir='ltr'><strong>τῶν</strong></span> <span class='ocrx_word' id='word_1_416' title='bbox 2882 1681 3158 1750; x_wconf 85' lang='grc' dir='ltr'>συγγενῶν</span> <span class='ocrx_word' id='word_1_417' title='bbox 3182 1699 3282 1752; x_wconf 89' lang='grc' dir='ltr'>μου</span> <span class='ocrx_word' id='word_1_418' title='bbox 3301 1683 3441 1737; x_wconf 81' lang='grc' dir='ltr'>κατὰ</span> <span class='ocrx_word' id='word_1_419' title='bbox 3457 1685 3664 1755; x_wconf 83' lang='grc' dir='ltr'>σάρκα,</span> 
     </span>
    </p>
   </div>
   <div class='ocr_carea' id='block_1_62' title="bbox 2091 1763 3666 1843">
    <p class='ocr_par' dir='ltr' id='par_1_62' title="bbox 2091 1763 3666 1843">
     <span class='ocr_line' id='line_1_62' title="bbox 2091 1763 3666 1843; baseline 0.006 -27"><span class='ocrx_word' id='word_1_420' title='bbox 2091 1764 2283 1828; x_wconf 81' lang='grc' dir='ltr'>οἵτινές</span> <span class='ocrx_word' id='word_1_421' title='bbox 2310 1766 2446 1819; x_wconf 90' lang='grc' dir='ltr'>εἰσιν</span> <span class='ocrx_word' id='word_1_422' title='bbox 2491 1768 2816 1838; x_wconf 82' lang='grc' dir='ltr'>Ἰσραηλῖται</span> <span class='ocrx_word' id='word_1_423' title='bbox 2848 1785 2861 1798; x_wconf 90' lang='grc'><strong>·</strong></span> <span class='ocrx_word' id='word_1_424' title='bbox 2900 1763 2975 1825; x_wconf 83' lang='grc' dir='ltr'><strong>ὧν</strong></span> <span class='ocrx_word' id='word_1_425' title='bbox 3016 1773 3048 1841; x_wconf 80' lang='grc' dir='ltr'>ἡ</span> <span class='ocrx_word' id='word_1_426' title='bbox 3076 1771 3314 1825; x_wconf 86' lang='grc' dir='ltr'>υἱοθεσία</span> <span class='ocrx_word' id='word_1_427' title='bbox 3345 1774 3497 1843; x_wconf 81' lang='grc' dir='ltr'>καὶὴ</span> <span class='ocrx_word' id='word_1_428' title='bbox 3533 1773 3666 1838; x_wconf 75' lang='grc' dir='ltr'>δόξα</span> 
     </span>
    </p>
   </div>
   <div class='ocr_carea' id='block_1_63' title="bbox 2092 1855 3665 1938">
    <p class='ocr_par' dir='ltr' id='par_1_63' title="bbox 2092 1855 3665 1938">
     <span class='ocr_line' id='line_1_63' title="bbox 2092 1855 3665 1938; baseline 0.012 -34"><span class='ocrx_word' id='word_1_429' title='bbox 2092 1855 2184 1906; x_wconf 76' lang='grc' dir='ltr'>καὶ</span> <span class='ocrx_word' id='word_1_430' title='bbox 2209 1855 2242 1924; x_wconf 77' lang='grc' dir='ltr'><strong>ἡ</strong></span> <span class='ocrx_word' id='word_1_431' title='bbox 2273 1855 2502 1928; x_wconf 82' lang='grc' dir='ltr'>διαθήκη</span> <span class='ocrx_word' id='word_1_432' title='bbox 2532 1862 2626 1912; x_wconf 75' lang='grc' dir='ltr'><strong>καὶ</strong></span> <span class='ocrx_word' id='word_1_433' title='bbox 2654 1862 2687 1932; x_wconf 76' lang='grc' dir='ltr'>ἡ</span> <span class='ocrx_word' id='word_1_434' title='bbox 2712 1864 3002 1934; x_wconf 85' lang='grc' dir='ltr'>νομοθεσία</span> <span class='ocrx_word' id='word_1_435' title='bbox 3031 1867 3180 1936; x_wconf 83' lang='grc' dir='ltr'>καὶὴ</span> <span class='ocrx_word' id='word_1_436' title='bbox 3222 1867 3446 1938; x_wconf 87' lang='grc' dir='ltr'>λατρεία</span> <span class='ocrx_word' id='word_1_437' title='bbox 3476 1871 3568 1923; x_wconf 80' lang='grc' dir='ltr'><strong>καὶ</strong></span> <span class='ocrx_word' id='word_1_438' title='bbox 3601 1871 3665 1923; x_wconf 85' lang='grc' dir='ltr'>οἰ</span> 
     </span>
    </p>
   </div>
   <div class='ocr_carea' id='block_1_64' title="bbox 2093 1945 3667 2031">
    <p class='ocr_par' dir='ltr' id='par_1_64' title="bbox 2093 1945 3667 2031">
     <span class='ocr_line' id='line_1_64' title="bbox 2093 1945 3667 2031; baseline 0.01 -33"><span class='ocrx_word' id='word_1_439' title='bbox 2093 1945 2411 2014; x_wconf 78' lang='grc' dir='ltr'>ἐπαγγελίαι</span> <span class='ocrx_word' id='word_1_440' title='bbox 2431 1964 2444 1977; x_wconf 92' lang='grc'><strong>·</strong></span> <span class='ocrx_word' id='word_1_441' title='bbox 2472 1945 2546 2006; x_wconf 83' lang='grc' dir='ltr'><strong>ὧν</strong></span> <span class='ocrx_word' id='word_1_442' title='bbox 2579 1953 2628 2005; x_wconf 79' lang='grc' dir='ltr'><strong>οἱ</strong></span> <span class='ocrx_word' id='word_1_443' title='bbox 2667 1955 2923 2027; x_wconf 84' lang='grc' dir='ltr'><strong>πατέρες,</strong></span> <span class='ocrx_word' id='word_1_444' title='bbox 2953 1958 3046 2010; x_wconf 83' lang='grc' dir='ltr'><strong>καί</strong></span> <span class='ocrx_word' id='word_1_445' title='bbox 3077 1957 3138 2023; x_wconf 71' lang='grc' dir='ltr'><strong>ἐξ</strong></span> <span class='ocrx_word' id='word_1_446' title='bbox 3165 1954 3239 2014; x_wconf 81' lang='grc' dir='ltr'>ὧν</span> <span class='ocrx_word' id='word_1_447' title='bbox 3265 1961 3294 2012; x_wconf 97' lang='lat'><strong>6</strong></span> <span class='ocrx_word' id='word_1_448' title='bbox 3337 1963 3566 2031; x_wconf 81' lang='grc' dir='ltr'>Χριστὸς</span> <span class='ocrx_word' id='word_1_449' title='bbox 3597 1962 3667 2014; x_wconf 77' lang='grc' dir='ltr'>τὸ</span> 
     </span>
    </p>
   </div>
   <div class='ocr_carea' id='block_1_65' title="bbox 2094 2037 3667 2122">
    <p class='ocr_par' dir='ltr' id='par_1_65' title="bbox 2094 2037 3667 2122">
     <span class='ocr_line' id='line_1_65' title="bbox 2094 2037 3667 2122; baseline 0.011 -34"><span class='ocrx_word' id='word_1_450' title='bbox 2094 2037 2234 2090; x_wconf 80' lang='grc' dir='ltr'>κατὰ</span> <span class='ocrx_word' id='word_1_451' title='bbox 2276 2039 2487 2109; x_wconf 82' lang='grc' dir='ltr'>σάρκα,</span> <span class='ocrx_word' id='word_1_452' title='bbox 2513 2045 2542 2096; x_wconf 90' lang='lat'><strong>6</strong></span> <span class='ocrx_word' id='word_1_453' title='bbox 2569 2043 2645 2098; x_wconf 86' lang='grc' dir='ltr'>ὢν</span> <span class='ocrx_word' id='word_1_454' title='bbox 2686 2046 2778 2099; x_wconf 80' lang='grc' dir='ltr'><strong>ἐπὶ</strong></span> <span class='ocrx_word' id='word_1_455' title='bbox 2831 2047 3050 2102; x_wconf 85' lang='grc' dir='ltr'>πάντων</span> <span class='ocrx_word' id='word_1_456' title='bbox 3097 2050 3228 2114; x_wconf 85' lang='grc' dir='ltr'><strong>Θεὸς</strong></span> <span class='ocrx_word' id='word_1_457' title='bbox 3260 2050 3548 2122; x_wconf 75' lang='grc' dir='ltr'>εὐλογητὸς</span> <span class='ocrx_word' id='word_1_458' title='bbox 3579 2055 3667 2116; x_wconf 89' lang='grc' dir='ltr'><strong>εἰς</strong></span> 
     </span>
    </p>
   </div>
   <div class='ocr_carea' id='block_1_66' title="bbox 2091 2128 3668 2214">
    <p class='ocr_par' dir='ltr' id='par_1_66' title="bbox 2091 2128 3668 2214">
     <span class='ocr_line' id='line_1_66' title="bbox 2091 2128 3668 2214; baseline 0.011 -36"><span class='ocrx_word' id='word_1_459' title='bbox 2091 2128 2217 2190; x_wconf 74' lang='grc' dir='ltr'>τοὺς</span> <span class='ocrx_word' id='word_1_460' title='bbox 2241 2129 2615 2203; x_wconf 82' lang='grc' dir='ltr'>αἰῶνας,ἀμήν</span> <span class='ocrx_word' id='word_1_461' title='bbox 2637 2153 2648 2165; x_wconf 88' lang='grc'><strong>·</strong></span> <span class='ocrx_word' id='word_1_462' title='bbox 2689 2155 2707 2186; x_wconf 72' lang='grc' dir='ltr'><strong>ι</strong></span> <span class='ocrx_word' id='word_1_463' title='bbox 2744 2137 2861 2202; x_wconf 88' lang='grc' dir='ltr'>πῶς</span> <span class='ocrx_word' id='word_1_464' title='bbox 2897 2141 2956 2192; x_wconf 86' lang='grc' dir='ltr'>ού</span> <span class='ocrx_word' id='word_1_465' title='bbox 3005 2142 3270 2214; x_wconf 90' lang='grc' dir='ltr'>πρόδηλον</span> <span class='ocrx_word' id='word_1_466' title='bbox 3302 2146 3384 2198; x_wconf 79' lang='grc' dir='ltr'>ὅτι</span> <span class='ocrx_word' id='word_1_467' title='bbox 3420 2143 3518 2214; x_wconf 79' lang='grc' dir='ltr'>τὴν</span> <span class='ocrx_word' id='word_1_468' title='bbox 3562 2145 3668 2196; x_wconf 82' lang='grc' dir='ltr'><strong>αύ-</strong></span> 
     </span>
    </p>
   </div>
   <div class='ocr_carea' id='block_1_67' title="bbox 2093 2216 3667 2307">
    <p class='ocr_par' dir='ltr' id='par_1_67' title="bbox 2093 2216 3667 2307">
     <span class='ocr_line' id='line_1_67' title="bbox 2093 2216 3667 2307; baseline 0.015 -39"><span class='ocrx_word' id='word_1_469' title='bbox 2093 2216 2192 2287; x_wconf 81' lang='grc' dir='ltr'>τὴν</span> <span class='ocrx_word' id='word_1_470' title='bbox 2229 2218 2441 2289; x_wconf 74' lang='grc' dir='ltr'>ἔχοντες</span> <span class='ocrx_word' id='word_1_471' title='bbox 2471 2225 2564 2276; x_wconf 59' lang='grc' dir='ltr'><strong>καὶ⁷</strong></span> <span class='ocrx_word' id='word_1_472' title='bbox 2595 2227 2641 2278; x_wconf 86' lang='grc' dir='ltr'><strong>οί</strong></span> <span class='ocrx_word' id='word_1_473' title='bbox 2691 2229 2965 2300; x_wconf 77' lang='grc' dir='ltr'><strong>προφῆται</strong></span> <span class='ocrx_word' id='word_1_474' title='bbox 3009 2233 3254 2304; x_wconf 85' lang='grc' dir='ltr'>γνώμην,</span> <span class='ocrx_word' id='word_1_475' title='bbox 3291 2235 3559 2307; x_wconf 85' lang='grc' dir='ltr'>ὠδύροντό</span> <span class='ocrx_word' id='word_1_476' title='bbox 3599 2253 3667 2290; x_wconf 72' lang='grc' dir='ltr'><strong>τι</strong></span> 
     </span>
    </p>
   </div>
   <div class='ocr_carea' id='block_1_68' title="bbox 2094 2309 3666 2400">
    <p class='ocr_par' dir='ltr' id='par_1_68' title="bbox 2094 2309 3666 2400">
     <span class='ocr_line' id='line_1_68' title="bbox 2094 2309 3666 2400; baseline 0.015 -40"><span class='ocrx_word' id='word_1_477' title='bbox 2094 2309 2186 2400; x_wconf 60' lang='grc' dir='ltr'>έπὶ</span> <span class='ocrx_word' id='word_1_478' title='bbox 2210 2310 2416 2377; x_wconf 73' lang='grc' dir='ltr'>τούτοις</span> <span class='ocrx_word' id='word_1_479' title='bbox 2441 2316 2534 2369; x_wconf 74' lang='grc' dir='ltr'><strong>καὶ</strong></span> <span class='ocrx_word' id='word_1_480' title='bbox 2556 2318 2814 2389; x_wconf 78' lang='grc' dir='ltr'>ἐθρήνουν</span> <span class='ocrx_word' id='word_1_481' title='bbox 2833 2362 2848 2381; x_wconf 88' lang='grc'><strong>,</strong></span> <span class='ocrx_word' id='word_1_482' title='bbox 2896 2325 3007 2377; x_wconf 79' lang='grc' dir='ltr'>εἴτε</span> <span class='ocrx_word' id='word_1_483' title='bbox 3043 2327 3152 2380; x_wconf 89' lang='grc' dir='ltr'>τῶν</span> <span class='ocrx_word' id='word_1_484' title='bbox 3172 2328 3292 2380; x_wconf 89' lang='grc' dir='ltr'>τότε</span> <span class='ocrx_word' id='word_1_485' title='bbox 3329 2330 3666 2400; x_wconf 86' lang='grc' dir='ltr'>γιγνομένων</span> 
     </span>
    </p>
   </div>
   <div class='ocr_carea' id='block_1_69' title="bbox 2094 2397 3608 2490">
    <p class='ocr_par' dir='ltr' id='par_1_69' title="bbox 2094 2397 3608 2490">
     <span class='ocr_line' id='line_1_69' title="bbox 2094 2397 3608 2490; baseline 0.015 -40"><span class='ocrx_word' id='word_1_486' title='bbox 2094 2397 2298 2466; x_wconf 68' lang='grc' dir='ltr'>ἕνεκεν,</span> <span class='ocrx_word' id='word_1_487' title='bbox 2330 2403 2437 2458; x_wconf 79' lang='grc' dir='ltr'>εἴτε</span> <span class='ocrx_word' id='word_1_488' title='bbox 2471 2407 2694 2462; x_wconf 78' lang='grc' dir='ltr'>καὶτῶν</span> <span class='ocrx_word' id='word_1_489' title='bbox 2726 2414 3076 2482; x_wconf 80' lang='grc' dir='ltr'>μηνυομένων</span> <span class='ocrx_word' id='word_1_490' title='bbox 3103 2415 3320 2470; x_wconf 78' lang='grc' dir='ltr'>ἔσεσθαι</span> <span class='ocrx_word' id='word_1_491' title='bbox 3351 2397 3608 2490; x_wconf 74' lang='grc' dir='ltr'>ὕστερονς</span> 
     </span>
    </p>
   </div>
   <div class='ocr_carea' id='block_1_70' title="bbox 2095 2491 3668 2582">
    <p class='ocr_par' dir='ltr' id='par_1_70' title="bbox 2095 2491 3668 2582">
     <span class='ocr_line' id='line_1_70' title="bbox 2095 2491 3668 2582; baseline 0.014 -36"><span class='ocrx_word' id='word_1_492' title='bbox 2095 2491 2210 2548; x_wconf 86' lang='lat' dir='ltr'><strong>sive</strong></span> <span class='ocrx_word' id='word_1_493' title='bbox 2241 2495 2310 2550; x_wconf 89' lang='lat' dir='ltr'><strong>ob</strong></span> <span class='ocrx_word' id='word_1_494' title='bbox 2342 2512 2406 2553; x_wconf 88' lang='lat' dir='ltr'><strong>ea</strong></span> <span class='ocrx_word' id='word_1_495' title='bbox 2445 2515 2564 2570; x_wconf 73' lang='lat' dir='ltr'><strong>qua:</strong></span> <span class='ocrx_word' id='word_1_496' title='bbox 2595 2513 2908 2570; x_wconf 88' lang='lat' dir='ltr'><strong>evenerant,</strong></span> <span class='ocrx_word' id='word_1_497' title='bbox 2959 2507 3074 2562; x_wconf 80' lang='lat' dir='ltr'><strong>sive</strong></span> <span class='ocrx_word' id='word_1_498' title='bbox 3101 2509 3170 2564; x_wconf 87' lang='lat' dir='ltr'><strong>ob</strong></span> <span class='ocrx_word' id='word_1_499' title='bbox 3199 2525 3263 2565; x_wconf 86' lang='lat' dir='ltr'><strong>ea</strong></span> <span class='ocrx_word' id='word_1_500' title='bbox 3289 2525 3410 2581; x_wconf 84' lang='lat' dir='ltr'><strong>quae</strong></span> <span class='ocrx_word' id='word_1_501' title='bbox 3438 2519 3668 2582; x_wconf 87' lang='lat' dir='ltr'><strong>porten-</strong></span> 
     </span>
    </p>
   </div>
   <div class='ocr_carea' id='block_1_71' title="bbox 2175 2673 3670 2758">
    <p class='ocr_par' dir='ltr' id='par_1_71' title="bbox 2175 2673 3670 2758">
     <span class='ocr_line' id='line_1_71' title="bbox 2175 2673 3670 2758; baseline 0.009 -32"><span class='ocrx_word' id='word_1_502' title='bbox 2175 2673 2346 2746; x_wconf 88' lang='grc' dir='ltr'>Ὑπὲρ</span> <span class='ocrx_word' id='word_1_503' title='bbox 2378 2676 2486 2749; x_wconf 87' lang='grc' dir='ltr'>γὰρ</span> <span class='ocrx_word' id='word_1_504' title='bbox 2527 2678 2714 2734; x_wconf 92' lang='grc' dir='ltr'>τούτου</span> <span class='ocrx_word' id='word_1_505' title='bbox 2762 2685 2856 2736; x_wconf 79' lang='grc' dir='ltr'>καὶ</span> <span class='ocrx_word' id='word_1_506' title='bbox 2898 2684 2994 2755; x_wconf 76' lang='grc' dir='ltr'><strong>τὴν</strong></span> <span class='ocrx_word' id='word_1_507' title='bbox 3023 2685 3199 2754; x_wconf 82' lang='grc' dir='ltr'>φυγὴν</span> <span class='ocrx_word' id='word_1_508' title='bbox 3221 2688 3249 2740; x_wconf 91' lang='lat'><strong>6</strong></span> <span class='ocrx_word' id='word_1_509' title='bbox 3276 2687 3558 2758; x_wconf 82' lang='grc' dir='ltr'>προφήτης</span> <span class='ocrx_word' id='word_1_510' title='bbox 3586 2689 3670 2742; x_wconf 81' lang='grc' dir='ltr'><strong>εἴ-</strong></span> 
     </span>
    </p>
   </div>
   <div class='ocr_carea' id='block_1_72' title="bbox 2094 2765 3669 2846">
    <p class='ocr_par' dir='ltr' id='par_1_72' title="bbox 2094 2765 3669 2846">
     <span class='ocr_line' id='line_1_72' title="bbox 2094 2765 3669 2846; baseline 0.01 -28"><span class='ocrx_word' id='word_1_511' title='bbox 2094 2765 2236 2831; x_wconf 88' lang='grc' dir='ltr'>λετο,</span> <span class='ocrx_word' id='word_1_512' title='bbox 2265 2768 2506 2839; x_wconf 88' lang='grc' dir='ltr'>οἰόμενος</span> <span class='ocrx_word' id='word_1_513' title='bbox 2528 2769 2909 2839; x_wconf 80' lang='grc' dir='ltr'>διαφεύξεσθαι</span> <span class='ocrx_word' id='word_1_514' title='bbox 2936 2792 2991 2827; x_wconf 88' lang='grc' dir='ltr'>τε</span> <span class='ocrx_word' id='word_1_515' title='bbox 3011 2775 3110 2846; x_wconf 76' lang='grc' dir='ltr'><strong>τὴν</strong></span> <span class='ocrx_word' id='word_1_516' title='bbox 3133 2777 3267 2846; x_wconf 83' lang='grc' dir='ltr'>πρὸς</span> <span class='ocrx_word' id='word_1_517' title='bbox 3296 2778 3419 2841; x_wconf 83' lang='grc' dir='ltr'>τοὺς</span> <span class='ocrx_word' id='word_1_518' title='bbox 3449 2779 3669 2832; x_wconf 82' lang='grc' dir='ltr'><strong>Νινευῖ-</strong></span> 
     </span>
    </p>
   </div>
   <div class='ocr_carea' id='block_1_73' title="bbox 2095 2859 3663 2938">
    <p class='ocr_par' dir='ltr' id='par_1_73' title="bbox 2095 2859 3663 2938">
     <span class='ocr_line' id='line_1_73' title="bbox 2095 2859 3663 2938; baseline 0.01 -30"><span class='ocrx_word' id='word_1_519' title='bbox 2095 2873 2192 2920; x_wconf 84' lang='grc' dir='ltr'>τας</span> <span class='ocrx_word' id='word_1_520' title='bbox 2221 2859 2469 2928; x_wconf 83' lang='grc' dir='ltr'>μήνυσιν,</span> <span class='ocrx_word' id='word_1_521' title='bbox 2501 2859 2595 2912; x_wconf 80' lang='grc' dir='ltr'><strong>καί</strong></span> <span class='ocrx_word' id='word_1_522' title='bbox 2633 2861 2894 2915; x_wconf 86' lang='grc' dir='ltr'>κωλύσειν</span> <span class='ocrx_word' id='word_1_523' title='bbox 2935 2862 3002 2916; x_wconf 83' lang='grc' dir='ltr'>τὰ</span> <span class='ocrx_word' id='word_1_524' title='bbox 3033 2865 3279 2919; x_wconf 77' lang='grc' dir='ltr'>ἐντεῦθεν</span> <span class='ocrx_word' id='word_1_525' title='bbox 3302 2867 3550 2937; x_wconf 72' lang='grc' dir='ltr'>ἐσόμενα,</span> <span class='ocrx_word' id='word_1_526' title='bbox 3581 2870 3663 2938; x_wconf 84' lang='lat' dir='ltr'><strong>(p.</strong></span> 
     </span>
    </p>
   </div>
   <div class='ocr_carea' id='block_1_74' title="bbox 2095 2941 3669 3023">
    <p class='ocr_par' dir='ltr' id='par_1_74' title="bbox 2095 2941 3669 3023">
     <span class='ocr_line' id='line_1_74' title="bbox 2095 2941 3669 3023; baseline 0.008 -24"><span class='ocrx_word' id='word_1_527' title='bbox 2095 2945 2224 3018; x_wconf 75' lang='lat'><strong>239)</strong></span> <span class='ocrx_word' id='word_1_528' title='bbox 2256 2949 2348 3018; x_wconf 78' lang='grc' dir='ltr'><strong>ἀφ’</strong></span> <span class='ocrx_word' id='word_1_529' title='bbox 2379 2941 2452 3001; x_wconf 82' lang='grc' dir='ltr'><strong>ὧν</strong></span> <span class='ocrx_word' id='word_1_530' title='bbox 2473 2949 2536 3020; x_wconf 79' lang='grc' dir='ltr'>δὴ</span> <span class='ocrx_word' id='word_1_531' title='bbox 2569 2951 2755 3020; x_wconf 82' lang='grc' dir='ltr'>σαφῶς</span> <span class='ocrx_word' id='word_1_532' title='bbox 2795 2955 2826 3023; x_wconf 81' lang='grc' dir='ltr'>ἡ</span> <span class='ocrx_word' id='word_1_533' title='bbox 2857 2953 2963 3006; x_wconf 92' lang='grc' dir='ltr'><strong>τῶν</strong></span> <span class='ocrx_word' id='word_1_534' title='bbox 3009 2955 3279 3009; x_wconf 82' lang='grc' dir='ltr'>Ἰουδαίων</span> <span class='ocrx_word' id='word_1_535' title='bbox 3320 2957 3669 3013; x_wconf 73' lang='grc' dir='ltr'>ἐπεδείκνυτο</span> 
     </span>
    </p>
   </div>
   <div class='ocr_carea' id='block_1_75' title="bbox 2100 3041 3664 3121">
    <p class='ocr_par' dir='ltr' id='par_1_75' title="bbox 2100 3041 3664 3121">
     <span class='ocr_line' id='line_1_75' title="bbox 2100 3041 3664 3121; baseline 0.01 -28"><span class='ocrx_word' id='word_1_536' title='bbox 2100 3041 2266 3094; x_wconf 89' lang='grc' dir='ltr'>κακία</span> <span class='ocrx_word' id='word_1_537' title='bbox 2288 3057 2301 3071; x_wconf 91' lang='grc'><strong>·</strong></span> <span class='ocrx_word' id='word_1_538' title='bbox 2327 3041 2544 3113; x_wconf 74' lang='grc' dir='ltr'>ἐλεγχος</span> <span class='ocrx_word' id='word_1_539' title='bbox 2571 3045 2629 3097; x_wconf 83' lang='grc' dir='ltr'>δὲ</span> <span class='ocrx_word' id='word_1_540' title='bbox 2666 3046 2772 3099; x_wconf 90' lang='grc' dir='ltr'>τῶν</span> <span class='ocrx_word' id='word_1_541' title='bbox 2807 3049 3109 3119; x_wconf 81' lang='grc' dir='ltr'>εἰρημένων</span> <span class='ocrx_word' id='word_1_542' title='bbox 3144 3050 3214 3104; x_wconf 85' lang='grc' dir='ltr'><strong>τὰ</strong></span> <span class='ocrx_word' id='word_1_543' title='bbox 3259 3052 3395 3121; x_wconf 85' lang='grc' dir='ltr'>μετὰ</span> <span class='ocrx_word' id='word_1_544' title='bbox 3441 3053 3615 3108; x_wconf 80' lang='grc' dir='ltr'>ταῦτα</span> <span class='ocrx_word' id='word_1_545' title='bbox 3651 3071 3664 3082; x_wconf 89' lang='grc'>·</span> 
     </span>
    </p>
   </div>
   <div class='ocr_carea' id='block_1_76' title="bbox 2099 3130 3669 3212">
    <p class='ocr_par' dir='ltr' id='par_1_76' title="bbox 2099 3130 3669 3212">
     <span class='ocr_line' id='line_1_76' title="bbox 2099 3130 3669 3212; baseline 0.007 -28"><span class='ocrx_word' id='word_1_546' title='bbox 2099 3130 2373 3184; x_wconf 80' lang='grc' dir='ltr'>Νινευῖται</span> <span class='ocrx_word' id='word_1_547' title='bbox 2401 3133 2508 3202; x_wconf 81' lang='grc' dir='ltr'>γὰρ</span> <span class='ocrx_word' id='word_1_548' title='bbox 2541 3136 2588 3186; x_wconf 92' lang='grc' dir='ltr'><strong>οί</strong></span> <span class='ocrx_word' id='word_1_549' title='bbox 2623 3135 2756 3204; x_wconf 84' lang='grc' dir='ltr'>μετὰ</span> <span class='ocrx_word' id='word_1_550' title='bbox 2783 3137 3048 3206; x_wconf 88' lang='grc' dir='ltr'>τοσαύτης</span> <span class='ocrx_word' id='word_1_551' title='bbox 3083 3139 3425 3210; x_wconf 79' lang='grc' dir='ltr'>ἑτοιμότητος</span> <span class='ocrx_word' id='word_1_552' title='bbox 3449 3142 3546 3212; x_wconf 81' lang='grc' dir='ltr'><strong>τὴν</strong></span> <span class='ocrx_word' id='word_1_553' title='bbox 3570 3143 3669 3195; x_wconf 83' lang='grc' dir='ltr'><strong>ὲπὶ</strong></span> 
     </span>
    </p>
   </div>
   <div class='ocr_carea' id='block_1_77' title="bbox 2097 3222 3668 3303">
    <p class='ocr_par' dir='ltr' id='par_1_77' title="bbox 2097 3222 3668 3303">
     <span class='ocr_line' id='line_1_77' title="bbox 2097 3222 3668 3303; baseline 0.006 -27"><span class='ocrx_word' id='word_1_554' title='bbox 2097 3223 2159 3276; x_wconf 84' lang='grc' dir='ltr'>τὸ</span> <span class='ocrx_word' id='word_1_555' title='bbox 2185 3226 2432 3296; x_wconf 87' lang='grc' dir='ltr'>κρεῖττον</span> <span class='ocrx_word' id='word_1_556' title='bbox 2469 3222 2752 3294; x_wconf 82' lang='grc' dir='ltr'>δεξάμενοι</span> <span class='ocrx_word' id='word_1_557' title='bbox 2785 3227 3105 3299; x_wconf 77' lang='grc' dir='ltr'>μεταϐολὴν,</span> <span class='ocrx_word' id='word_1_558' title='bbox 3141 3231 3576 3303; x_wconf 79' lang='grc' dir='ltr'>ὲπεστράτευσάν</span> <span class='ocrx_word' id='word_1_559' title='bbox 3604 3250 3668 3286; x_wconf 89' lang='grc' dir='ltr'>τε</span> 
     </span>
    </p>
   </div>
   <div class='ocr_carea' id='block_1_78' title="bbox 2101 3315 3671 3389">
    <p class='ocr_par' dir='ltr' id='par_1_78' title="bbox 2101 3315 3671 3389">
     <span class='ocr_line' id='line_1_78' title="bbox 2101 3315 3671 3389; baseline 0.009 -25"><span class='ocrx_word' id='word_1_560' title='bbox 2101 3315 2217 3384; x_wconf 86' lang='grc' dir='ltr'>μετ’</span> <span class='ocrx_word' id='word_1_561' title='bbox 2241 3315 2303 3368; x_wconf 88' lang='grc' dir='ltr'>ού</span> <span class='ocrx_word' id='word_1_562' title='bbox 2339 3315 2469 3368; x_wconf 82' lang='grc' dir='ltr'>πολὺ</span> <span class='ocrx_word' id='word_1_563' title='bbox 2502 3319 2616 3380; x_wconf 87' lang='grc' dir='ltr'>τοῖς</span> <span class='ocrx_word' id='word_1_564' title='bbox 2659 3317 3036 3389; x_wconf 88' lang='grc' dir='ltr'>Ἰσραηλίταις,</span> <span class='ocrx_word' id='word_1_565' title='bbox 3055 3321 3148 3373; x_wconf 74' lang='lat' dir='ltr'><strong>xal.</strong></span> <span class='ocrx_word' id='word_1_566' title='bbox 3181 3324 3304 3385; x_wconf 81' lang='grc' dir='ltr'>τοὺς</span> <span class='ocrx_word' id='word_1_567' title='bbox 3329 3322 3545 3386; x_wconf 77' lang='grc' dir='ltr'>λοιποὺς</span> <span class='ocrx_word' id='word_1_568' title='bbox 3581 3327 3671 3377; x_wconf 54' lang='grc' dir='ltr'><strong>αἱ-</strong></span> 
     </span>
    </p>
   </div>
   <div class='ocr_carea' id='block_1_79' title="bbox 2099 3405 3666 3486">
    <p class='ocr_par' dir='ltr' id='par_1_79' title="bbox 2099 3405 3666 3486">
     <span class='ocr_line' id='line_1_79' title="bbox 2099 3405 3666 3486; baseline 0.008 -29"><span class='ocrx_word' id='word_1_569' title='bbox 2099 3405 2413 3474; x_wconf 70' lang='grc' dir='ltr'>χμαλώτους</span> <span class='ocrx_word' id='word_1_570' title='bbox 2461 3407 2732 3473; x_wconf 81' lang='grc' dir='ltr'>λαϐόντες,</span> <span class='ocrx_word' id='word_1_571' title='bbox 2774 3410 3032 3482; x_wconf 86' lang='grc' dir='ltr'>πλείστην</span> <span class='ocrx_word' id='word_1_572' title='bbox 3059 3412 3215 3482; x_wconf 76' lang='grc' dir='ltr'>ἔσχον</span> <span class='ocrx_word' id='word_1_573' title='bbox 3263 3415 3456 3468; x_wconf 75' lang='grc' dir='ltr'>καὶτὰ</span> <span class='ocrx_word' id='word_1_574' title='bbox 3496 3416 3666 3486; x_wconf 88' lang='grc' dir='ltr'>Ἰερο-</span> 
     </span>
    </p>
   </div>
   <div class='ocr_carea' id='block_1_80' title="bbox 2099 3495 3668 3574">
    <p class='ocr_par' dir='ltr' id='par_1_80' title="bbox 2099 3495 3668 3574">
     <span class='ocr_line' id='line_1_80' title="bbox 2099 3495 3668 3574; baseline 0.004 -26"><span class='ocrx_word' id='word_1_575' title='bbox 2099 3495 2304 3567; x_wconf 91' lang='grc' dir='ltr'>σόλυμα</span> <span class='ocrx_word' id='word_1_576' title='bbox 2347 3497 2616 3568; x_wconf 82' lang='grc' dir='ltr'>πορθῆσαι</span> <span class='ocrx_word' id='word_1_577' title='bbox 2667 3499 2930 3571; x_wconf 83' lang='grc' dir='ltr'>σπουδήν·</span> <span class='ocrx_word' id='word_1_578' title='bbox 2967 3501 3105 3573; x_wconf 81' lang='grc' dir='ltr'>ὑπὲρ</span> <span class='ocrx_word' id='word_1_579' title='bbox 3137 3499 3211 3555; x_wconf 85' lang='grc' dir='ltr'>ῶν</span> <span class='ocrx_word' id='word_1_580' title='bbox 3261 3502 3324 3574; x_wconf 79' lang='grc' dir='ltr'>δὴ</span> <span class='ocrx_word' id='word_1_581' title='bbox 3359 3503 3451 3556; x_wconf 80' lang='grc' dir='ltr'>καὶ</span> <span class='ocrx_word' id='word_1_582' title='bbox 3492 3521 3668 3572; x_wconf 81' lang='grc' dir='ltr'>τιμω-</span> 
     </span>
    </p>
   </div>
   <div class='ocr_carea' id='block_1_81' title="bbox 2101 3586 3670 3664">
    <p class='ocr_par' dir='ltr' id='par_1_81' title="bbox 2101 3586 3670 3664">
     <span class='ocr_line' id='line_1_81' title="bbox 2101 3586 3670 3664; baseline 0.004 -24"><span class='ocrx_word' id='word_1_583' title='bbox 2101 3587 2218 3656; x_wconf 88' lang='grc' dir='ltr'>ρίαν</span> <span class='ocrx_word' id='word_1_584' title='bbox 2269 3586 2514 3652; x_wconf 81' lang='grc' dir='ltr'>ὲδὲξαντο</span> <span class='ocrx_word' id='word_1_585' title='bbox 2545 3591 2694 3661; x_wconf 80' lang='grc' dir='ltr'>παρὰ</span> <span class='ocrx_word' id='word_1_586' title='bbox 2716 3590 2810 3643; x_wconf 79' lang='grc' dir='ltr'><strong>τοῦ</strong></span> <span class='ocrx_word' id='word_1_587' title='bbox 2866 3591 3000 3645; x_wconf 83' lang='grc' dir='ltr'>Θεοῦ</span> <span class='ocrx_word' id='word_1_588' title='bbox 3032 3593 3324 3664; x_wconf 83' lang='grc' dir='ltr'>μεγίστην,</span> <span class='ocrx_word' id='word_1_589' title='bbox 3357 3595 3424 3664; x_wconf 73' lang='grc' dir='ltr'><strong>ἢν</strong></span> <span class='ocrx_word' id='word_1_590' title='bbox 3467 3594 3670 3664; x_wconf 70' lang='grc' dir='ltr'>Ναούμ,</span> 
     </span>
    </p>
   </div>
   <div class='ocr_carea' id='block_1_82' title="bbox 2095 3666 3666 3752">
    <p class='ocr_par' dir='ltr' id='par_1_82' title="bbox 2095 3666 3666 3752">
     <span class='ocr_line' id='line_1_82' title="bbox 2095 3666 3666 3752; baseline 0.004 -21"><span class='ocrx_word' id='word_1_591' title='bbox 2095 3681 2124 3732; x_wconf 90' lang='lat'><strong>6</strong></span> <span class='ocrx_word' id='word_1_592' title='bbox 2173 3680 2456 3751; x_wconf 78' lang='grc' dir='ltr'>προφήτης</span> <span class='ocrx_word' id='word_1_593' title='bbox 2503 3681 2830 3751; x_wconf 80' lang='grc' dir='ltr'>μεμηνυκὼς</span> <span class='ocrx_word' id='word_1_594' title='bbox 2875 3682 3257 3736; x_wconf 87' lang='grc' dir='ltr'>καταλέλοιπεν</span> <span class='ocrx_word' id='word_1_595' title='bbox 3297 3685 3354 3736; x_wconf 84' lang='grc' dir='ltr'><strong>ὲν</strong></span> <span class='ocrx_word' id='word_1_596' title='bbox 3394 3666 3618 3752; x_wconf 79' lang='grc' dir='ltr'>βιϐλίοις</span> <span class='ocrx_word' id='word_1_597' title='bbox 3649 3698 3666 3714; x_wconf 80' lang='grc'><strong>⁸</strong></span> 
     </span>
    </p>
   </div>
   <div class='ocr_carea' id='block_1_83' title="bbox 2095 3769 3667 3847">
    <p class='ocr_par' dir='ltr' id='par_1_83' title="bbox 2095 3769 3667 3847">
     <span class='ocr_line' id='line_1_83' title="bbox 2095 3769 3667 3847; baseline 0.004 -24"><span class='ocrx_word' id='word_1_598' title='bbox 2095 3769 2235 3826; x_wconf 83' lang='grc' dir='ltr'>ὥστε</span> <span class='ocrx_word' id='word_1_599' title='bbox 2282 3772 2381 3841; x_wconf 79' lang='grc' dir='ltr'><strong>τὴν</strong></span> <span class='ocrx_word' id='word_1_600' title='bbox 2426 3771 2523 3842; x_wconf 88' lang='grc' dir='ltr'>μὲν</span> <span class='ocrx_word' id='word_1_601' title='bbox 2569 3772 2665 3824; x_wconf 81' lang='grc' dir='ltr'><strong>τοῦ</strong></span> <span class='ocrx_word' id='word_1_602' title='bbox 2712 3774 2866 3827; x_wconf 78' lang='grc' dir='ltr'>Ἰωνᾶ</span> <span class='ocrx_word' id='word_1_603' title='bbox 2907 3775 3278 3847; x_wconf 87' lang='grc' dir='ltr'>προφητείαν,</span> <span class='ocrx_word' id='word_1_604' title='bbox 3309 3777 3404 3828; x_wconf 71' lang='grc' dir='ltr'>καὶ</span> <span class='ocrx_word' id='word_1_605' title='bbox 3441 3777 3510 3828; x_wconf 88' lang='grc' dir='ltr'>τά</span> <span class='ocrx_word' id='word_1_606' title='bbox 3541 3775 3667 3829; x_wconf 70' lang='grc' dir='ltr'>τότε</span> 
     </span>
    </p>
   </div>
   <div class='ocr_carea' id='block_1_84' title="bbox 2095 3864 3667 3938">
    <p class='ocr_par' dir='ltr' id='par_1_84' title="bbox 2095 3864 3667 3938">
     <span class='ocr_line' id='line_1_84' title="bbox 2095 3864 3667 3938; baseline 0.003 -23"><span class='ocrx_word' id='word_1_607' title='bbox 2095 3864 2225 3932; x_wconf 77' lang='grc' dir='ltr'>περὶ</span> <span class='ocrx_word' id='word_1_608' title='bbox 2277 3865 2402 3927; x_wconf 74' lang='grc' dir='ltr'>τοὺς</span> <span class='ocrx_word' id='word_1_609' title='bbox 2446 3865 2738 3931; x_wconf 78' lang='grc' dir='ltr'>Νινευῒτας</span> <span class='ocrx_word' id='word_1_610' title='bbox 2789 3867 3067 3935; x_wconf 84' lang='grc' dir='ltr'>γεγονότα,</span> <span class='ocrx_word' id='word_1_611' title='bbox 3114 3869 3340 3938; x_wconf 83' lang='grc' dir='ltr'>μήνυσιν</span> <span class='ocrx_word' id='word_1_612' title='bbox 3376 3869 3474 3938; x_wconf 81' lang='grc' dir='ltr'><strong>τῆς</strong></span> <span class='ocrx_word' id='word_1_613' title='bbox 3514 3867 3667 3930; x_wconf 75' lang='grc' dir='ltr'>θείας</span> 
     </span>
    </p>
   </div>
   <div class='ocr_carea' id='block_1_85' title="bbox 2095 3950 3669 4030">
    <p class='ocr_par' dir='ltr' id='par_1_85' title="bbox 2095 3950 3669 4030">
     <span class='ocr_line' id='line_1_85' title="bbox 2095 3950 3669 4030; baseline 0.001 -22"><span class='ocrx_word' id='word_1_614' title='bbox 2095 3955 2312 4024; x_wconf 85' lang='grc' dir='ltr'>χάριτος</span> <span class='ocrx_word' id='word_1_615' title='bbox 2343 3950 2499 4018; x_wconf 82' lang='grc' dir='ltr'>εἶναι,</span> <span class='ocrx_word' id='word_1_616' title='bbox 2528 3956 2648 4009; x_wconf 76' lang='grc' dir='ltr'>καθ’</span> <span class='ocrx_word' id='word_1_617' title='bbox 2671 3959 2736 4028; x_wconf 77' lang='grc' dir='ltr'><strong>ἣν</strong></span> <span class='ocrx_word' id='word_1_618' title='bbox 2766 3957 2907 4010; x_wconf 74' lang='grc' dir='ltr'>οὕτω</span> <span class='ocrx_word' id='word_1_619' title='bbox 2932 3958 3118 4029; x_wconf 78' lang='grc' dir='ltr'>ῥᾳδίαν</span> <span class='ocrx_word' id='word_1_620' title='bbox 3142 3959 3240 4030; x_wconf 84' lang='grc' dir='ltr'>τὴν</span> <span class='ocrx_word' id='word_1_621' title='bbox 3262 3959 3354 4011; x_wconf 80' lang='grc' dir='ltr'>ἐπὶ</span> <span class='ocrx_word' id='word_1_622' title='bbox 3385 3957 3444 4011; x_wconf 82' lang='grc' dir='ltr'>τὸ</span> <span class='ocrx_word' id='word_1_623' title='bbox 3481 3960 3669 4029; x_wconf 83' lang='grc' dir='ltr'>κρεῖτ-</span> 
     </span>
    </p>
   </div>
   <div class='ocr_carea' id='block_1_86' title="bbox 2091 4047 3666 4120">
    <p class='ocr_par' dir='ltr' id='par_1_86' title="bbox 2091 4047 3666 4120">
     <span class='ocr_line' id='line_1_86' title="bbox 2091 4047 3666 4120; baseline 0.002 -22"><span class='ocrx_word' id='word_1_624' title='bbox 2091 4062 2183 4099; x_wconf 93' lang='grc' dir='ltr'>τον</span> <span class='ocrx_word' id='word_1_625' title='bbox 2223 4047 2522 4118; x_wconf 84' lang='grc' dir='ltr'>μεταϐολὴν</span> <span class='ocrx_word' id='word_1_626' title='bbox 2564 4048 2808 4113; x_wconf 76' lang='grc' dir='ltr'>ἐδέξαντο</span> <span class='ocrx_word' id='word_1_627' title='bbox 2856 4051 3053 4114; x_wconf 85' lang='grc' dir='ltr'>πάντες</span> <span class='ocrx_word' id='word_1_628' title='bbox 3075 4069 3088 4080; x_wconf 80' lang='lat'><strong>&#39;</strong></span> <span class='ocrx_word' id='word_1_629' title='bbox 3129 4052 3227 4120; x_wconf 82' lang='grc' dir='ltr'>τὴν</span> <span class='ocrx_word' id='word_1_630' title='bbox 3254 4051 3310 4104; x_wconf 86' lang='grc' dir='ltr'>δὲ</span> <span class='ocrx_word' id='word_1_631' title='bbox 3344 4050 3436 4104; x_wconf 81' lang='grc' dir='ltr'><strong>τοῦ</strong></span> <span class='ocrx_word' id='word_1_632' title='bbox 3467 4050 3666 4118; x_wconf 69' lang='grc' dir='ltr'>Ναούμ</span> 
     </span>
    </p>
   </div>
   <div class='ocr_carea' id='block_1_87' title="bbox 2092 4137 3663 4212">
    <p class='ocr_par' dir='ltr' id='par_1_87' title="bbox 2092 4137 3663 4212">
     <span class='ocr_line' id='line_1_87' title="bbox 2092 4137 3663 4212; baseline 0.003 -22"><span class='ocrx_word' id='word_1_633' title='bbox 2092 4138 2319 4202; x_wconf 80' lang='grc' dir='ltr'>δήλωσιν</span> <span class='ocrx_word' id='word_1_634' title='bbox 2375 4139 2519 4209; x_wconf 77' lang='grc' dir='ltr'>ἔχειν</span> <span class='ocrx_word' id='word_1_635' title='bbox 2572 4141 2669 4210; x_wconf 85' lang='grc' dir='ltr'><strong>τῆς</strong></span> <span class='ocrx_word' id='word_1_636' title='bbox 2707 4143 2884 4194; x_wconf 68' lang='grc' dir='ltr'>αὐτῶν</span> <span class='ocrx_word' id='word_1_637' title='bbox 2918 4142 3138 4196; x_wconf 76' lang='grc' dir='ltr'>ἐκείνων</span> <span class='ocrx_word' id='word_1_638' title='bbox 3191 4141 3525 4212; x_wconf 86' lang='grc' dir='ltr'>μοχθηρίας,</span> <span class='ocrx_word' id='word_1_639' title='bbox 3565 4137 3663 4210; x_wconf 77' lang='grc' dir='ltr'><strong>ἀφ’</strong></span> 
     </span>
    </p>
   </div>
   <div class='ocr_carea' id='block_1_88' title="bbox 2091 4225 3664 4306">
    <p class='ocr_par' dir='ltr' id='par_1_88' title="bbox 2091 4225 3664 4306">
     <span class='ocr_line' id='line_1_88' title="bbox 2091 4225 3664 4306; baseline 0.004 -24"><span class='ocrx_word' id='word_1_640' title='bbox 2091 4225 2158 4303; x_wconf 82' lang='grc' dir='ltr'><strong>ἦς</strong></span> <span class='ocrx_word' id='word_1_641' title='bbox 2179 4233 2622 4304; x_wconf 80' lang='grc' dir='ltr'>ὲπικεχειρήκασί</span> <span class='ocrx_word' id='word_1_642' title='bbox 2644 4252 2702 4286; x_wconf 87' lang='grc' dir='ltr'>τε</span> <span class='ocrx_word' id='word_1_643' title='bbox 2730 4235 3003 4300; x_wconf 81' lang='grc' dir='ltr'>τοσούτοις</span> <span class='ocrx_word' id='word_1_644' title='bbox 3031 4239 3241 4301; x_wconf 82' lang='grc' dir='ltr'>κακοῖς,</span> <span class='ocrx_word' id='word_1_645' title='bbox 3274 4237 3368 4288; x_wconf 88' lang='grc' dir='ltr'><strong>καί</strong></span> <span class='ocrx_word' id='word_1_646' title='bbox 3390 4234 3664 4306; x_wconf 85' lang='grc' dir='ltr'>τιμωρίαν</span> 
     </span>
    </p>
   </div>
   <div class='ocr_carea' id='block_1_89' title="bbox 429 4314 1995 4398">
    <p class='ocr_par' dir='ltr' id='par_1_89' title="bbox 429 4316 1990 4392">
     <span class='ocr_line' id='line_1_89' title="bbox 429 4316 1990 4392; baseline -0.004 -15"><span class='ocrx_word' id='word_1_647' title='bbox 429 4323 723 4377; x_wconf 85' lang='lat' dir='ltr'><strong>nivitarum</strong></span> <span class='ocrx_word' id='word_1_648' title='bbox 754 4323 1178 4392; x_wconf 87' lang='lat' dir='ltr'><strong>improbitatem,</strong></span> <span class='ocrx_word' id='word_1_649' title='bbox 1205 4325 1363 4392; x_wconf 80' lang='lat' dir='ltr'><strong>cujus</strong></span> <span class='ocrx_word' id='word_1_650' title='bbox 1392 4320 1648 4375; x_wconf 90' lang='lat' dir='ltr'><strong>instinctu</strong></span> <span class='ocrx_word' id='word_1_651' title='bbox 1675 4328 1820 4372; x_wconf 89' lang='lat' dir='ltr'><strong>tanta</strong></span> <span class='ocrx_word' id='word_1_652' title='bbox 1849 4316 1990 4372; x_wconf 88' lang='lat' dir='ltr'><strong>mala</strong></span> 
     </span>
    </p>
   </div>
   <div class='ocr_carea' id='block_1_90' title="bbox 2097 4314 3664 4398">
    <p class='ocr_par' dir='ltr' id='par_1_90' title="bbox 2097 4324 3664 4398">
     <span class='ocr_line' id='line_1_90' title="bbox 2097 4324 3664 4398; baseline 0.003 -22"><span class='ocrx_word' id='word_1_653' title='bbox 2097 4324 2234 4394; x_wconf 77' lang='grc' dir='ltr'>ὑπὲρ</span> <span class='ocrx_word' id='word_1_654' title='bbox 2274 4325 2524 4379; x_wconf 85' lang='grc' dir='ltr'>ἁπάντων</span> <span class='ocrx_word' id='word_1_655' title='bbox 2575 4326 2817 4390; x_wconf 75' lang='grc' dir='ltr'>ἐδέξαντο</span> <span class='ocrx_word' id='word_1_656' title='bbox 2851 4328 2946 4396; x_wconf 81' lang='grc' dir='ltr'><strong>τὴν</strong></span> <span class='ocrx_word' id='word_1_657' title='bbox 2997 4327 3152 4391; x_wconf 83' lang='grc' dir='ltr'>ἀξίαν</span> <span class='ocrx_word' id='word_1_658' title='bbox 3183 4345 3197 4361; x_wconf 77' lang='grc' dir='ltr'>ο</span> <span class='ocrx_word' id='word_1_659' title='bbox 3231 4329 3327 4381; x_wconf 78' lang='grc' dir='ltr'>καὶ</span> <span class='ocrx_word' id='word_1_660' title='bbox 3359 4326 3531 4381; x_wconf 82' lang='grc' dir='ltr'>ταῦτα</span> <span class='ocrx_word' id='word_1_661' title='bbox 3563 4327 3664 4398; x_wconf 80' lang='grc' dir='ltr'><strong>μὲν</strong></span> 
     </span>
    </p>
   </div>
   <div class='ocr_carea' id='block_1_91' title="bbox 428 4410 1992 4486">
    <p class='ocr_par' dir='ltr' id='par_1_91' title="bbox 428 4410 1992 4486">
     <span class='ocr_line' id='line_1_91' title="bbox 428 4410 1992 4486; baseline -0.003 -18"><span class='ocrx_word' id='word_1_662' title='bbox 428 4414 864 4485; x_wconf 82' lang='lat' dir='ltr'><strong>eapessiverunt,</strong></span> <span class='ocrx_word' id='word_1_663' title='bbox 893 4413 1180 4486; x_wconf 73' lang='lat' dir='ltr'><strong>Justasque</strong></span> <span class='ocrx_word' id='word_1_664' title='bbox 1201 4415 1416 4470; x_wconf 89' lang='lat' dir='ltr'><strong>demum</strong></span> <span class='ocrx_word' id='word_1_665' title='bbox 1446 4413 1712 4470; x_wconf 87' lang='lat' dir='ltr'><strong>scelerum</strong></span> <span class='ocrx_word' id='word_1_666' title='bbox 1748 4410 1992 4465; x_wconf 90' lang='lat' dir='ltr'><strong>omnium</strong></span> 
     </span>
    </p>
   </div>
   <div class='ocr_carea' id='block_1_92' title="bbox 426 4493 1995 4576">
    <p class='ocr_par' dir='ltr' id='par_1_92' title="bbox 426 4493 1995 4576">
     <span class='ocr_line' id='line_1_92' title="bbox 426 4493 1995 4576; baseline -0.004 -14"><span class='ocrx_word' id='word_1_667' title='bbox 426 4493 619 4576; x_wconf 73' lang='lat' dir='ltr'><strong>pmnas</strong></span> <span class='ocrx_word' id='word_1_668' title='bbox 653 4506 1051 4561; x_wconf 89' lang='lat' dir='ltr'><strong>sustinuerunt.</strong></span> <span class='ocrx_word' id='word_1_669' title='bbox 1092 4505 1272 4576; x_wconf 82' lang='lat' dir='ltr'><strong>Atque</strong></span> <span class='ocrx_word' id='word_1_670' title='bbox 1303 4507 1438 4571; x_wconf 60' lang='lat' dir='ltr'><strong>haec,</strong></span> <span class='ocrx_word' id='word_1_671' title='bbox 1479 4520 1602 4576; x_wconf 72' lang='lat' dir='ltr'><strong>qua:</strong></span> <span class='ocrx_word' id='word_1_672' title='bbox 1646 4503 1808 4559; x_wconf 89' lang='lat' dir='ltr'><strong>beato</strong></span> <span class='ocrx_word' id='word_1_673' title='bbox 1843 4500 1995 4556; x_wconf 66' lang='lat' dir='ltr'><strong>Jonas</strong></span> 
     </span>
    </p>
   </div>
   <div class='ocr_carea' id='block_1_93' title="bbox 415 4593 1990 4660">
    <p class='ocr_par' dir='ltr' id='par_1_93' title="bbox 415 4593 1990 4660">
     <span class='ocr_line' id='line_1_93' title="bbox 415 4593 1990 4660; baseline -0.003 -9"><span class='ocrx_word' id='word_1_674' title='bbox 415 4598 555 4652; x_wconf 77' lang='lat' dir='ltr'><strong>olim</strong></span> <span class='ocrx_word' id='word_1_675' title='bbox 584 4598 921 4660; x_wconf 90' lang='lat' dir='ltr'><strong>acciderunt,</strong></span> <span class='ocrx_word' id='word_1_676' title='bbox 956 4599 1038 4652; x_wconf 90' lang='lat' dir='ltr'><strong>vel</strong></span> <span class='ocrx_word' id='word_1_677' title='bbox 1077 4598 1145 4653; x_wconf 89' lang='lat' dir='ltr'><strong>de</strong></span> <span class='ocrx_word' id='word_1_678' title='bbox 1167 4598 1357 4653; x_wconf 90' lang='lat' dir='ltr'><strong>eodem</strong></span> <span class='ocrx_word' id='word_1_679' title='bbox 1402 4597 1548 4652; x_wconf 89' lang='lat' dir='ltr'><strong>dicta</strong></span> <span class='ocrx_word' id='word_1_680' title='bbox 1589 4603 1737 4656; x_wconf 90' lang='lat' dir='ltr'><strong>sunt,</strong></span> <span class='ocrx_word' id='word_1_681' title='bbox 1777 4608 1868 4660; x_wconf 91' lang='lat' dir='ltr'><strong>ea,</strong></span> <span class='ocrx_word' id='word_1_682' title='bbox 1903 4593 1990 4647; x_wconf 80' lang='lat' dir='ltr'><strong>in-</strong></span> 
     </span>
    </p>
   </div>
   <div class='ocr_carea' id='block_1_94' title="bbox 424 4684 1992 4756">
    <p class='ocr_par' dir='ltr' id='par_1_94' title="bbox 424 4684 1992 4756">
     <span class='ocr_line' id='line_1_94' title="bbox 424 4684 1992 4756; baseline -0.002 -18"><span class='ocrx_word' id='word_1_683' title='bbox 424 4699 610 4754; x_wconf 86' lang='lat' dir='ltr'><strong>quam,</strong></span> <span class='ocrx_word' id='word_1_684' title='bbox 641 4687 819 4740; x_wconf 84' lang='lat' dir='ltr'><strong>omnia</strong></span> <span class='ocrx_word' id='word_1_685' title='bbox 839 4686 892 4740; x_wconf 92' lang='lat' dir='ltr'><strong>in</strong></span> <span class='ocrx_word' id='word_1_686' title='bbox 913 4684 1062 4740; x_wconf 75' lang='lat' dir='ltr'><strong>Novo</strong></span> <span class='ocrx_word' id='word_1_687' title='bbox 1082 4693 1269 4756; x_wconf 87' lang='lat' dir='ltr'><strong>postea</strong></span> <span class='ocrx_word' id='word_1_688' title='bbox 1300 4688 1650 4740; x_wconf 88' lang='lat' dir='ltr'><strong>Testamento</strong></span> <span class='ocrx_word' id='word_1_689' title='bbox 1668 4684 1992 4746; x_wconf 90' lang='lat' dir='ltr'><strong>instaurata,</strong></span> 
     </span>
    </p>
   </div>
   <div class='ocr_carea' id='block_1_95' title="bbox 426 4775 1996 4844">
    <p class='ocr_par' dir='ltr' id='par_1_95' title="bbox 426 4775 1996 4844">
     <span class='ocr_line' id='line_1_95' title="bbox 426 4775 1996 4844; baseline -0.001 -15"><span class='ocrx_word' id='word_1_690' title='bbox 426 4775 589 4830; x_wconf 90' lang='lat' dir='ltr'><strong>sicuti</strong></span> <span class='ocrx_word' id='word_1_691' title='bbox 620 4775 732 4843; x_wconf 86' lang='lat' dir='ltr'><strong>jam</strong></span> <span class='ocrx_word' id='word_1_692' title='bbox 793 4775 928 4840; x_wconf 77' lang='lat' dir='ltr'><strong>dixi,</strong></span> <span class='ocrx_word' id='word_1_693' title='bbox 980 4775 1103 4844; x_wconf 84' lang='lat' dir='ltr'><strong>jure</strong></span> <span class='ocrx_word' id='word_1_694' title='bbox 1137 4775 1442 4844; x_wconf 86' lang='lat' dir='ltr'><strong>meritoque</strong></span> <span class='ocrx_word' id='word_1_695' title='bbox 1492 4775 1681 4830; x_wconf 89' lang='lat' dir='ltr'><strong>videre</strong></span> <span class='ocrx_word' id='word_1_696' title='bbox 1727 4782 1833 4829; x_wconf 85' lang='lat' dir='ltr'><strong>est.</strong></span> <span class='ocrx_word' id='word_1_697' title='bbox 1884 4775 1996 4844; x_wconf 84' lang='lat' dir='ltr'><strong>Age</strong></span> 
     </span>
    </p>
   </div>
   <div class='ocr_carea' id='block_1_96' title="bbox 428 4865 1996 4935">
    <p class='ocr_par' dir='ltr' id='par_1_96' title="bbox 428 4865 1996 4935">
     <span class='ocr_line' id='line_1_96' title="bbox 428 4865 1996 4935; baseline -0.001 -15"><span class='ocrx_word' id='word_1_698' title='bbox 428 4882 558 4921; x_wconf 78' lang='lat' dir='ltr'><strong>vero</strong></span> <span class='ocrx_word' id='word_1_699' title='bbox 592 4881 683 4920; x_wconf 90' lang='lat' dir='ltr'><strong>res</strong></span> <span class='ocrx_word' id='word_1_700' title='bbox 717 4865 864 4932; x_wconf 85' lang='lat' dir='ltr'><strong>illas,</strong></span> <span class='ocrx_word' id='word_1_701' title='bbox 904 4881 1024 4935; x_wconf 80' lang='lat' dir='ltr'><strong>qnze</strong></span> <span class='ocrx_word' id='word_1_702' title='bbox 1053 4875 1182 4920; x_wconf 90' lang='lat' dir='ltr'><strong>tunc</strong></span> <span class='ocrx_word' id='word_1_703' title='bbox 1213 4875 1380 4934; x_wconf 68' lang='lat' dir='ltr'><strong>gestae</strong></span> <span class='ocrx_word' id='word_1_704' title='bbox 1402 4867 1688 4934; x_wconf 89' lang='lat' dir='ltr'><strong>libelloque</strong></span> <span class='ocrx_word' id='word_1_705' title='bbox 1718 4880 1996 4918; x_wconf 87' lang='lat' dir='ltr'><strong>commen-</strong></span> 
     </span>
    </p>
   </div>
   <div class='ocr_carea' id='block_1_97' title="bbox 425 4956 1996 5028">
    <p class='ocr_par' dir='ltr' id='par_1_97' title="bbox 425 4956 1996 5028">
     <span class='ocr_line' id='line_1_97' title="bbox 425 4956 1996 5028; baseline -0.001 -17"><span class='ocrx_word' id='word_1_706' title='bbox 425 4957 565 5014; x_wconf 67' lang='lat' dir='ltr'><strong>datae</strong></span> <span class='ocrx_word' id='word_1_707' title='bbox 596 4956 840 5024; x_wconf 79' lang='lat' dir='ltr'><strong>fuerunt,</strong></span> <span class='ocrx_word' id='word_1_708' title='bbox 876 4965 929 5012; x_wconf 89' lang='lat' dir='ltr'><strong>et</strong></span> <span class='ocrx_word' id='word_1_709' title='bbox 958 4973 1077 5027; x_wconf 66' lang='lat' dir='ltr'><strong>quae</strong></span> <span class='ocrx_word' id='word_1_710' title='bbox 1113 4958 1163 5012; x_wconf 88' lang='lat' dir='ltr'><strong>ei</strong></span> <span class='ocrx_word' id='word_1_711' title='bbox 1201 4956 1431 5026; x_wconf 90' lang='lat' dir='ltr'><strong>tempori</strong></span> <span class='ocrx_word' id='word_1_712' title='bbox 1460 4957 1754 5028; x_wconf 91' lang='lat' dir='ltr'><strong>plurimum</strong></span> <span class='ocrx_word' id='word_1_713' title='bbox 1789 4957 1996 5010; x_wconf 59' lang='lat' dir='ltr'><strong>emolu-</strong></span> 
     </span>
    </p>
   </div>
   <div class='ocr_carea' id='block_1_98' title="bbox 427 5045 1995 5120">
    <p class='ocr_par' dir='ltr' id='par_1_98' title="bbox 427 5045 1995 5120">
     <span class='ocr_line' id='line_1_98' title="bbox 427 5045 1995 5120; baseline -0.001 -18"><span class='ocrx_word' id='word_1_714' title='bbox 427 5057 666 5105; x_wconf 85' lang='lat' dir='ltr'><strong>mentum</strong></span> <span class='ocrx_word' id='word_1_715' title='bbox 703 5057 867 5120; x_wconf 91' lang='lat' dir='ltr'><strong>atque</strong></span> <span class='ocrx_word' id='word_1_716' title='bbox 900 5063 1060 5104; x_wconf 88' lang='lat' dir='ltr'><strong>usum</strong></span> <span class='ocrx_word' id='word_1_717' title='bbox 1095 5047 1482 5117; x_wconf 87' lang='lat' dir='ltr'><strong>exhibuerunt,</strong></span> <span class='ocrx_word' id='word_1_718' title='bbox 1532 5064 1597 5103; x_wconf 80' lang='lat' dir='ltr'><strong>ex</strong></span> <span class='ocrx_word' id='word_1_719' title='bbox 1631 5047 1836 5103; x_wconf 88' lang='lat' dir='ltr'><strong>eisdem</strong></span> <span class='ocrx_word' id='word_1_720' title='bbox 1879 5045 1995 5102; x_wconf 89' lang='lat' dir='ltr'><strong>sin-</strong></span> 
     </span>
    </p>
   </div>
   <div class='ocr_carea' id='block_1_99' title="bbox 427 5137 1996 5210">
    <p class='ocr_par' dir='ltr' id='par_1_99' title="bbox 427 5137 1996 5210">
     <span class='ocr_line' id='line_1_99' title="bbox 427 5137 1996 5210; baseline -0.003 -15"><span class='ocrx_word' id='word_1_721' title='bbox 427 5139 660 5195; x_wconf 70' lang='lat' dir='ltr'><strong>aillatim</strong></span> <span class='ocrx_word' id='word_1_722' title='bbox 713 5153 1128 5210; x_wconf 75' lang='lat' dir='ltr'><strong>cognoscemus,</strong></span> <span class='ocrx_word' id='word_1_723' title='bbox 1178 5153 1409 5209; x_wconf 89' lang='lat' dir='ltr'><strong>quarum</strong></span> <span class='ocrx_word' id='word_1_724' title='bbox 1441 5140 1552 5210; x_wconf 84' lang='lat' dir='ltr'><strong>jam</strong></span> <span class='ocrx_word' id='word_1_725' title='bbox 1594 5137 1996 5207; x_wconf 83' lang='lat' dir='ltr'><strong>interpretatio-</strong></span> 
     </span>
    </p>
   </div>
   <div class='ocr_carea' id='block_1_100' title="bbox 429 5227 1384 5299">
    <p class='ocr_par' dir='ltr' id='par_1_100' title="bbox 429 5227 1384 5299">
     <span class='ocr_line' id='line_1_100' title="bbox 429 5227 1384 5299; baseline 0.004 -21"><span class='ocrx_word' id='word_1_726' title='bbox 429 5242 549 5280; x_wconf 82' lang='lat' dir='ltr'><strong>nem</strong></span> <span class='ocrx_word' id='word_1_727' title='bbox 585 5227 693 5282; x_wconf 91' lang='lat' dir='ltr'><strong>Deo</strong></span> <span class='ocrx_word' id='word_1_728' title='bbox 726 5229 950 5298; x_wconf 86' lang='lat' dir='ltr'><strong>auspice</strong></span> <span class='ocrx_word' id='word_1_729' title='bbox 982 5227 1384 5299; x_wconf 81' lang='lat' dir='ltr'><strong>aggrediemur.</strong></span> 
     </span>
    </p>
   </div>
   <div class='ocr_carea' id='block_1_101' title="bbox 1095 5318 1330 5374">
    <p class='ocr_par' dir='ltr' id='par_1_101' title="bbox 1095 5318 1330 5374">
     <span class='ocr_line' id='line_1_101' title="bbox 1095 5318 1330 5374; baseline 0 -1"><span class='ocrx_word' id='word_1_730' title='bbox 1095 5319 1247 5373; x_wconf 81' lang='lat' dir='ltr'><strong>CAP.</strong></span> <span class='ocrx_word' id='word_1_731' title='bbox 1290 5318 1330 5374; x_wconf 93' lang='grc' dir='ltr'><strong>Ι.</strong></span> 
     </span>
    </p>
   </div>
   <div class='ocr_carea' id='block_1_102' title="bbox 503 5405 1996 5476">
    <p class='ocr_par' dir='ltr' id='par_1_102' title="bbox 503 5405 1996 5476">
     <span class='ocr_line' id='line_1_102' title="bbox 503 5405 1996 5476; baseline 0.002 -15"><span class='ocrx_word' id='word_1_732' title='bbox 503 5405 663 5476; x_wconf 73' lang='lat'><strong>158</strong></span> <span class='ocrx_word' id='word_1_733' title='bbox 690 5406 852 5462; x_wconf 70' lang='lat' dir='ltr'><strong>Vsus.</strong></span> <span class='ocrx_word' id='word_1_734' title='bbox 907 5409 956 5472; x_wconf 67' lang='grc' dir='ltr'><strong>ἰ,</strong></span> <span class='ocrx_word' id='word_1_735' title='bbox 992 5413 1045 5462; x_wconf 69' lang='lat'><strong>2.</strong></span> <span class='ocrx_word' id='word_1_736' title='bbox 1083 5440 1153 5450; x_wconf 87' lang='lat'><strong>--</strong></span> <span class='ocrx_word' id='word_1_737' title='bbox 1206 5429 1224 5461; x_wconf 73' lang='grc' dir='ltr'><strong>ι</strong></span> <span class='ocrx_word' id='word_1_738' title='bbox 1275 5409 1340 5464; x_wconf 87' lang='lat' dir='ltr'><strong>Et</strong></span> <span class='ocrx_word' id='word_1_739' title='bbox 1387 5409 1586 5466; x_wconf 77' lang='lat' dir='ltr'><strong>factum</strong></span> <span class='ocrx_word' id='word_1_740' title='bbox 1636 5423 1719 5466; x_wconf 87' lang='lat' dir='ltr'><strong>est</strong></span> <span class='ocrx_word' id='word_1_741' title='bbox 1773 5411 1996 5466; x_wconf 86' lang='lat' dir='ltr'><strong>verbum</strong></span> 
     </span>
    </p>
   </div>
   <div class='ocr_carea' id='block_1_103' title="bbox 431 5494 1997 5573">
    <p class='ocr_par' dir='ltr' id='par_1_103' title="bbox 431 5494 1997 5573">
     <span class='ocr_line' id='line_1_103' title="bbox 431 5494 1997 5573; baseline 0.006 -28"><span class='ocrx_word' id='word_1_742' title='bbox 431 5494 642 5549; x_wconf 79' lang='lat' dir='ltr'><strong>Domini</strong></span> <span class='ocrx_word' id='word_1_743' title='bbox 684 5499 749 5550; x_wconf 88' lang='lat' dir='ltr'><strong>ad</strong></span> <span class='ocrx_word' id='word_1_744' title='bbox 781 5497 973 5553; x_wconf 82' lang='lat' dir='ltr'><strong>Jonam</strong></span> <span class='ocrx_word' id='word_1_745' title='bbox 1007 5502 1225 5556; x_wconf 83' lang='lat' dir='ltr'><strong>Amathi</strong></span> <span class='ocrx_word' id='word_1_746' title='bbox 1257 5500 1426 5556; x_wconf 77' lang='lat' dir='ltr'><strong>tilium</strong></span> <span class='ocrx_word' id='word_1_747' title='bbox 1461 5503 1652 5558; x_wconf 89' lang='lat' dir='ltr'><strong>dicens</strong></span> <span class='ocrx_word' id='word_1_748' title='bbox 1684 5521 1697 5556; x_wconf 91' lang='lat'>:</span> <span class='ocrx_word' id='word_1_749' title='bbox 1734 5501 1906 5573; x_wconf 86' lang='lat' dir='ltr'><strong>Surge</strong></span> <span class='ocrx_word' id='word_1_750' title='bbox 1945 5512 1997 5556; x_wconf 92' lang='lat' dir='ltr'><strong>et</strong></span> 
     </span>
    </p>
   </div>
   <div class='ocr_carea' id='block_1_104' title="bbox 430 5586 1998 5664">
    <p class='ocr_par' dir='ltr' id='par_1_104' title="bbox 430 5586 1998 5664">
     <span class='ocr_line' id='line_1_104' title="bbox 430 5586 1998 5664; baseline 0.008 -29"><span class='ocrx_word' id='word_1_751' title='bbox 430 5586 566 5642; x_wconf 74' lang='lat' dir='ltr'><strong>vade</strong></span> <span class='ocrx_word' id='word_1_752' title='bbox 598 5586 825 5641; x_wconf 82' lang='lat' dir='ltr'><strong>Niniven</strong></span> <span class='ocrx_word' id='word_1_753' title='bbox 847 5589 900 5642; x_wconf 92' lang='lat' dir='ltr'><strong>in</strong></span> <span class='ocrx_word' id='word_1_754' title='bbox 924 5592 1112 5646; x_wconf 82' lang='lat' dir='ltr'><strong>urbem</strong></span> <span class='ocrx_word' id='word_1_755' title='bbox 1147 5607 1420 5664; x_wconf 85' lang='lat' dir='ltr'><strong>magnam,</strong></span> <span class='ocrx_word' id='word_1_756' title='bbox 1443 5603 1605 5664; x_wconf 84' lang='lat' dir='ltr'><strong>atque</strong></span> <span class='ocrx_word' id='word_1_757' title='bbox 1636 5594 1706 5648; x_wconf 92' lang='lat' dir='ltr'><strong>ihi</strong></span> <span class='ocrx_word' id='word_1_758' title='bbox 1736 5593 1998 5663; x_wconf 61' lang='lat' dir='ltr'><strong>praedica-</strong></span> 
     </span>
    </p>
   </div>
   <div class='ocr_carea' id='block_1_105' title="bbox 499 5700 1052 5775">
    <p class='ocr_par' dir='ltr' id='par_1_105' title="bbox 499 5700 1052 5775">
     <span class='ocr_line' id='line_1_105' title="bbox 499 5700 1052 5775; baseline -0.005 -19"><span class='ocrx_word' id='word_1_759' title='bbox 499 5700 546 5734; x_wconf 81' lang='grc'><strong>⁷⁸</strong></span> <span class='ocrx_word' id='word_1_760' title='bbox 572 5700 730 5756; x_wconf 76' lang='lat' dir='ltr'><strong>Rom.</strong></span> <span class='ocrx_word' id='word_1_761' title='bbox 763 5716 842 5764; x_wconf 74' lang='lat' dir='ltr'><strong>XI,</strong></span> <span class='ocrx_word' id='word_1_762' title='bbox 870 5704 890 5754; x_wconf 78' lang='grc' dir='ltr'><strong>ἰ</strong></span> <span class='ocrx_word' id='word_1_763' title='bbox 932 5718 1052 5775; x_wconf 84' lang='lat' dir='ltr'><strong>sqq.</strong></span> 
     </span>
    </p>
   </div>
   <div class='ocr_carea' id='block_1_106' title="bbox 2100 4414 3666 4490">
    <p class='ocr_par' dir='ltr' id='par_1_106' title="bbox 2100 4414 3666 4490">
     <span class='ocr_line' id='line_1_106' title="bbox 2100 4414 3666 4490; baseline 0.001 -22"><span class='ocrx_word' id='word_1_764' title='bbox 2100 4414 2160 4480; x_wconf 77' lang='grc' dir='ltr'><strong>ἐξ</strong></span> <span class='ocrx_word' id='word_1_765' title='bbox 2184 4416 2436 4469; x_wconf 82' lang='grc' dir='ltr'>ἁπάντων</span> <span class='ocrx_word' id='word_1_766' title='bbox 2470 4416 2578 4469; x_wconf 87' lang='grc' dir='ltr'>τῶν</span> <span class='ocrx_word' id='word_1_767' title='bbox 2616 4418 2744 4488; x_wconf 71' lang='grc' dir='ltr'>περὶ</span> <span class='ocrx_word' id='word_1_768' title='bbox 2785 4417 2876 4470; x_wconf 79' lang='grc' dir='ltr'>τὸν</span> <span class='ocrx_word' id='word_1_769' title='bbox 2927 4419 3194 4490; x_wconf 89' lang='grc' dir='ltr'>μακάριον</span> <span class='ocrx_word' id='word_1_770' title='bbox 3239 4420 3422 4472; x_wconf 79' lang='grc' dir='ltr'>Ἰωνᾶν</span> <span class='ocrx_word' id='word_1_771' title='bbox 3450 4418 3666 4486; x_wconf 77' lang='grc' dir='ltr'>γεγονόο</span> 
     </span>
    </p>
   </div>
   <div class='ocr_carea' id='block_1_107' title="bbox 2097 4505 3666 4578">
    <p class='ocr_par' dir='ltr' id='par_1_107' title="bbox 2097 4505 3666 4578">
     <span class='ocr_line' id='line_1_107' title="bbox 2097 4505 3666 4578; baseline 0.001 -21"><span class='ocrx_word' id='word_1_772' title='bbox 2097 4522 2204 4558; x_wconf 92' lang='grc' dir='ltr'>των</span> <span class='ocrx_word' id='word_1_773' title='bbox 2255 4521 2313 4557; x_wconf 89' lang='grc' dir='ltr'><strong>τε</strong></span> <span class='ocrx_word' id='word_1_774' title='bbox 2365 4505 2627 4576; x_wconf 87' lang='grc' dir='ltr'>πρότερον</span> <span class='ocrx_word' id='word_1_775' title='bbox 2672 4507 2764 4558; x_wconf 74' lang='grc' dir='ltr'>καὶ</span> <span class='ocrx_word' id='word_1_776' title='bbox 2805 4507 3129 4578; x_wconf 88' lang='grc' dir='ltr'>εἰρημένων,</span> <span class='ocrx_word' id='word_1_777' title='bbox 3161 4507 3384 4577; x_wconf 76' lang='grc' dir='ltr'>ὕστερον</span> <span class='ocrx_word' id='word_1_778' title='bbox 3417 4507 3510 4559; x_wconf 74' lang='grc' dir='ltr'><strong>ἐπὶ</strong></span> <span class='ocrx_word' id='word_1_779' title='bbox 3564 4505 3666 4574; x_wconf 87' lang='grc' dir='ltr'>τῆς</span> 
     </span>
    </p>
   </div>
   <div class='ocr_carea' id='block_1_108' title="bbox 2098 4595 3666 4668">
    <p class='ocr_par' dir='ltr' id='par_1_108' title="bbox 2098 4595 3666 4668">
     <span class='ocr_line' id='line_1_108' title="bbox 2098 4595 3666 4668; baseline 0 -20"><span class='ocrx_word' id='word_1_780' title='bbox 2098 4597 2304 4666; x_wconf 82' lang='grc' dir='ltr'>Καινῆς</span> <span class='ocrx_word' id='word_1_781' title='bbox 2339 4596 2632 4667; x_wconf 79' lang='grc' dir='ltr'>Διαθήκης,</span> <span class='ocrx_word' id='word_1_782' title='bbox 2651 4596 2790 4650; x_wconf 84' lang='grc' dir='ltr'>καθὰ</span> <span class='ocrx_word' id='word_1_783' title='bbox 2825 4597 3056 4668; x_wconf 88' lang='grc' dir='ltr'>πρόσθεν</span> <span class='ocrx_word' id='word_1_784' title='bbox 3080 4597 3412 4666; x_wconf 67' lang='grc' dir='ltr'>ἐδείκνυμεν,</span> <span class='ocrx_word' id='word_1_785' title='bbox 3442 4595 3666 4657; x_wconf 83' lang='grc' dir='ltr'>εἰκότως</span> 
     </span>
    </p>
   </div>
   <div class='ocr_carea' id='block_1_109' title="bbox 2098 4685 3666 4758">
    <p class='ocr_par' dir='ltr' id='par_1_109' title="bbox 2098 4685 3666 4758">
     <span class='ocr_line' id='line_1_109' title="bbox 2098 4685 3666 4758; baseline -0.001 -18"><span class='ocrx_word' id='word_1_786' title='bbox 2098 4687 2249 4758; x_wconf 88' lang='grc' dir='ltr'>γνοίη</span> <span class='ocrx_word' id='word_1_787' title='bbox 2279 4704 2362 4750; x_wconf 90' lang='grc' dir='ltr'>τις</span> <span class='ocrx_word' id='word_1_788' title='bbox 2394 4687 2459 4740; x_wconf 79' lang='grc' dir='ltr'>ἄν</span> <span class='ocrx_word' id='word_1_789' title='bbox 2478 4704 2492 4718; x_wconf 74' lang='grc' dir='ltr'>ο</span> <span class='ocrx_word' id='word_1_790' title='bbox 2519 4688 2588 4741; x_wconf 84' lang='grc' dir='ltr'><strong>τὰ</strong></span> <span class='ocrx_word' id='word_1_791' title='bbox 2620 4688 2678 4741; x_wconf 88' lang='grc' dir='ltr'><strong>δέ</strong></span> <span class='ocrx_word' id='word_1_792' title='bbox 2705 4705 2767 4756; x_wconf 88' lang='grc' dir='ltr'><strong>γε</strong></span> <span class='ocrx_word' id='word_1_793' title='bbox 2793 4689 2908 4742; x_wconf 86' lang='grc' dir='ltr'>τότε</span> <span class='ocrx_word' id='word_1_794' title='bbox 2935 4690 3193 4757; x_wconf 89' lang='grc' dir='ltr'>γεγονότα</span> <span class='ocrx_word' id='word_1_795' title='bbox 3227 4705 3284 4742; x_wconf 90' lang='grc' dir='ltr'><strong>τε</strong></span> <span class='ocrx_word' id='word_1_796' title='bbox 3317 4689 3411 4741; x_wconf 74' lang='grc' dir='ltr'><strong>καὶ</strong></span> <span class='ocrx_word' id='word_1_797' title='bbox 3442 4685 3529 4740; x_wconf 78' lang='grc' dir='ltr'><strong>διὰ</strong></span> <span class='ocrx_word' id='word_1_798' title='bbox 3565 4689 3666 4755; x_wconf 82' lang='grc' dir='ltr'><strong>τῆς</strong></span> 
     </span>
    </p>
   </div>
   <div class='ocr_carea' id='block_1_110' title="bbox 2097 4776 3667 4850">
    <p class='ocr_par' dir='ltr' id='par_1_110' title="bbox 2097 4776 3667 4850">
     <span class='ocr_line' id='line_1_110' title="bbox 2097 4776 3667 4850; baseline -0.001 -21"><span class='ocrx_word' id='word_1_799' title='bbox 2097 4776 2190 4830; x_wconf 80' lang='grc' dir='ltr'><strong>τοῦ</strong></span> <span class='ocrx_word' id='word_1_800' title='bbox 2239 4777 2442 4848; x_wconf 83' lang='grc' dir='ltr'>βιϐλίου</span> <span class='ocrx_word' id='word_1_801' title='bbox 2483 4777 2783 4850; x_wconf 87' lang='grc' dir='ltr'>δηλούμενα</span> <span class='ocrx_word' id='word_1_802' title='bbox 2838 4778 3184 4848; x_wconf 86' lang='grc' dir='ltr'>συγγραφῆς,</span> <span class='ocrx_word' id='word_1_803' title='bbox 3222 4779 3258 4831; x_wconf 78' lang='grc' dir='ltr'><strong>ὃ.</strong></span> <span class='ocrx_word' id='word_1_804' title='bbox 3296 4779 3358 4848; x_wconf 78' lang='grc' dir='ltr'>δὴ</span> <span class='ocrx_word' id='word_1_805' title='bbox 3397 4777 3491 4832; x_wconf 67' lang='lat' dir='ltr'><strong>xui.</strong></span> <span class='ocrx_word' id='word_1_806' title='bbox 3526 4777 3667 4830; x_wconf 75' lang='grc' dir='ltr'>κατὰ</span> 
     </span>
    </p>
   </div>
   <div class='ocr_carea' id='block_1_111' title="bbox 2099 4866 3666 4939">
    <p class='ocr_par' dir='ltr' id='par_1_111' title="bbox 2099 4866 3666 4939">
     <span class='ocr_line' id='line_1_111' title="bbox 2099 4866 3666 4939; baseline -0.002 -19"><span class='ocrx_word' id='word_1_807' title='bbox 2099 4867 2190 4921; x_wconf 81' lang='grc' dir='ltr'>τὸν</span> <span class='ocrx_word' id='word_1_808' title='bbox 2219 4867 2407 4938; x_wconf 79' lang='grc' dir='ltr'>καιρὸν</span> <span class='ocrx_word' id='word_1_809' title='bbox 2455 4869 2657 4922; x_wconf 72' lang='grc' dir='ltr'>ἐκεῖνον</span> <span class='ocrx_word' id='word_1_810' title='bbox 2693 4869 2954 4939; x_wconf 76' lang='grc' dir='ltr'>μεγίστην</span> <span class='ocrx_word' id='word_1_811' title='bbox 3001 4871 3111 4930; x_wconf 86' lang='grc' dir='ltr'>τοῖς</span> <span class='ocrx_word' id='word_1_812' title='bbox 3147 4868 3267 4920; x_wconf 84' lang='grc' dir='ltr'>τότε</span> <span class='ocrx_word' id='word_1_813' title='bbox 3292 4869 3391 4936; x_wconf 86' lang='grc' dir='ltr'><strong>τήν</strong></span> <span class='ocrx_word' id='word_1_814' title='bbox 3423 4883 3481 4919; x_wconf 90' lang='grc' dir='ltr'>τε</span> <span class='ocrx_word' id='word_1_815' title='bbox 3519 4866 3666 4933; x_wconf 86' lang='grc' dir='ltr'>ὠφέ-</span> 
     </span>
    </p>
   </div>
   <div class='ocr_carea' id='block_1_112' title="bbox 2100 4956 3665 5031">
    <p class='ocr_par' dir='ltr' id='par_1_112' title="bbox 2100 4956 3665 5031">
     <span class='ocr_line' id='line_1_112' title="bbox 2100 4956 3665 5031; baseline -0.001 -21"><span class='ocrx_word' id='word_1_816' title='bbox 2100 4957 2249 5011; x_wconf 90' lang='grc' dir='ltr'>λειαν</span> <span class='ocrx_word' id='word_1_817' title='bbox 2280 4960 2580 5030; x_wconf 84' lang='grc' dir='ltr'>παρέσχετο</span> <span class='ocrx_word' id='word_1_818' title='bbox 2612 4962 2703 5014; x_wconf 83' lang='grc' dir='ltr'><strong>καὶ</strong></span> <span class='ocrx_word' id='word_1_819' title='bbox 2738 4960 2947 5031; x_wconf 77' lang='grc' dir='ltr'>χρείαν,</span> <span class='ocrx_word' id='word_1_820' title='bbox 2979 4959 3036 5025; x_wconf 80' lang='grc' dir='ltr'>ἐξ</span> <span class='ocrx_word' id='word_1_821' title='bbox 3067 4959 3244 5012; x_wconf 80' lang='grc' dir='ltr'>αὐτῶν</span> <span class='ocrx_word' id='word_1_822' title='bbox 3267 4957 3529 5028; x_wconf 87' lang='grc' dir='ltr'>εἰσόμεθα</span> <span class='ocrx_word' id='word_1_823' title='bbox 3556 4956 3665 5010; x_wconf 91' lang='grc' dir='ltr'><strong>τῶν</strong></span> 
     </span>
    </p>
   </div>
   <div class='ocr_carea' id='block_1_113' title="bbox 2101 5046 3664 5122">
    <p class='ocr_par' dir='ltr' id='par_1_113' title="bbox 2101 5046 3664 5122">
     <span class='ocr_line' id='line_1_113' title="bbox 2101 5046 3664 5122; baseline -0.003 -18"><span class='ocrx_word' id='word_1_824' title='bbox 2101 5050 2240 5104; x_wconf 72' lang='grc' dir='ltr'>κατὰ</span> <span class='ocrx_word' id='word_1_825' title='bbox 2271 5051 2453 5122; x_wconf 85' lang='grc' dir='ltr'>μέρος,</span> <span class='ocrx_word' id='word_1_826' title='bbox 2475 5046 2658 5122; x_wconf 85' lang='grc' dir='ltr'>ὧνπερ</span> <span class='ocrx_word' id='word_1_827' title='bbox 2678 5048 2767 5104; x_wconf 80' lang='grc' dir='ltr'>οὖν</span> <span class='ocrx_word' id='word_1_828' title='bbox 2794 5051 2884 5104; x_wconf 73' lang='grc' dir='ltr'>καὶ</span> <span class='ocrx_word' id='word_1_829' title='bbox 2921 5051 3209 5121; x_wconf 77' lang='grc' dir='ltr'>ἑρμηνείας</span> <span class='ocrx_word' id='word_1_830' title='bbox 3249 5049 3495 5119; x_wconf 62' lang='grc' dir='ltr'>ἁψόμεθα</span> <span class='ocrx_word' id='word_1_831' title='bbox 3528 5047 3664 5100; x_wconf 83' lang='grc' dir='ltr'><strong>Θεοῦ</strong></span> 
     </span>
    </p>
   </div>
   <div class='ocr_carea' id='block_1_114' title="bbox 2101 5143 2352 5205">
    <p class='ocr_par' dir='ltr' id='par_1_114' title="bbox 2101 5143 2352 5205">
     <span class='ocr_line' id='line_1_114' title="bbox 2101 5143 2352 5205; baseline 0 -9"><span class='ocrx_word' id='word_1_832' title='bbox 2101 5143 2352 5205; x_wconf 80' lang='grc' dir='ltr'>διδόντος.</span> 
     </span>
    </p>
   </div>
   <div class='ocr_carea' id='block_1_115' title="bbox 2750 5321 3017 5372">
    <p class='ocr_par' dir='ltr' id='par_1_115' title="bbox 2750 5321 3017 5372">
     <span class='ocr_line' id='line_1_115' title="bbox 2750 5321 3017 5372; baseline 0.004 -1"><span class='ocrx_word' id='word_1_833' title='bbox 2750 5321 2906 5372; x_wconf 73' lang='grc' dir='ltr'><strong>ΚΕΦ.</strong></span> <span class='ocrx_word' id='word_1_834' title='bbox 2941 5321 3017 5372; x_wconf 81' lang='lat' dir='ltr'><strong>A&#39;.</strong></span> 
     </span>
    </p>
   </div>
   <div class='ocr_carea' id='block_1_116' title="bbox 2173 5405 3666 5481">
    <p class='ocr_par' dir='ltr' id='par_1_116' title="bbox 2173 5405 3666 5481">
     <span class='ocr_line' id='line_1_116' title="bbox 2173 5405 3666 5481; baseline -0.003 -20"><span class='ocrx_word' id='word_1_835' title='bbox 2173 5410 2318 5479; x_wconf 84' lang='grc' dir='ltr'>Στίχ.</span> <span class='ocrx_word' id='word_1_836' title='bbox 2343 5416 2408 5473; x_wconf 84' lang='grc' dir='ltr'><strong>α’,</strong></span> <span class='ocrx_word' id='word_1_837' title='bbox 2438 5410 2577 5480; x_wconf 82' lang='grc' dir='ltr'><strong>β’.--</strong></span> <span class='ocrx_word' id='word_1_838' title='bbox 2606 5410 2679 5479; x_wconf 83' lang='lat' dir='ltr'><strong>(p.</strong></span> <span class='ocrx_word' id='word_1_839' title='bbox 2711 5409 2838 5481; x_wconf 70' lang='grc'><strong>240)</strong></span> <span class='ocrx_word' id='word_1_840' title='bbox 2867 5430 2883 5461; x_wconf 79' lang='grc' dir='ltr'><strong>ι</strong></span> <span class='ocrx_word' id='word_1_841' title='bbox 2910 5410 3018 5463; x_wconf 77' lang='grc' dir='ltr'><strong>Καὶ</strong></span> <span class='ocrx_word' id='word_1_842' title='bbox 3039 5409 3250 5477; x_wconf 76' lang='grc' dir='ltr'>ἐγένετο</span> <span class='ocrx_word' id='word_1_843' title='bbox 3282 5407 3435 5474; x_wconf 86' lang='grc' dir='ltr'>λόγος</span> <span class='ocrx_word' id='word_1_844' title='bbox 3460 5405 3666 5475; x_wconf 74' lang='grc' dir='ltr'>Κυρίου</span> 
     </span>
    </p>
   </div>
   <div class='ocr_carea' id='block_1_117' title="bbox 2101 5495 3669 5570">
    <p class='ocr_par' dir='ltr' id='par_1_117' title="bbox 2101 5495 3669 5570">
     <span class='ocr_line' id='line_1_117' title="bbox 2101 5495 3669 5570; baseline -0.004 -18"><span class='ocrx_word' id='word_1_845' title='bbox 2101 5501 2237 5570; x_wconf 86' lang='grc' dir='ltr'>πρὸς</span> <span class='ocrx_word' id='word_1_846' title='bbox 2279 5501 2459 5553; x_wconf 83' lang='grc' dir='ltr'>Ἰωνᾶν</span> <span class='ocrx_word' id='word_1_847' title='bbox 2493 5501 2582 5552; x_wconf 83' lang='grc' dir='ltr'>τὸν</span> <span class='ocrx_word' id='word_1_848' title='bbox 2619 5501 2712 5553; x_wconf 84' lang='grc' dir='ltr'><strong>τοῦ</strong></span> <span class='ocrx_word' id='word_1_849' title='bbox 2759 5499 2952 5570; x_wconf 72' lang='grc' dir='ltr'>Ἀμαθὶ</span> <span class='ocrx_word' id='word_1_850' title='bbox 2987 5499 3190 5566; x_wconf 85' lang='grc' dir='ltr'>λέγων·</span> <span class='ocrx_word' id='word_1_851' title='bbox 3239 5495 3526 5566; x_wconf 80' lang='grc' dir='ltr'>’Λνάστηθι</span> <span class='ocrx_word' id='word_1_852' title='bbox 3575 5498 3669 5548; x_wconf 76' lang='grc' dir='ltr'>καὶ</span> 
     </span>
    </p>
   </div>
   <div class='ocr_carea' id='block_1_118' title="bbox 2104 5587 3670 5664">
    <p class='ocr_par' dir='ltr' id='par_1_118' title="bbox 2104 5587 3670 5664">
     <span class='ocr_line' id='line_1_118' title="bbox 2104 5587 3670 5664; baseline -0.004 -20"><span class='ocrx_word' id='word_1_853' title='bbox 2104 5591 2393 5664; x_wconf 82' lang='grc' dir='ltr'>πορεύθητι</span> <span class='ocrx_word' id='word_1_854' title='bbox 2441 5593 2518 5654; x_wconf 86' lang='grc' dir='ltr'>εἰς</span> <span class='ocrx_word' id='word_1_855' title='bbox 2571 5589 2771 5660; x_wconf 77' lang='grc' dir='ltr'>Νινευὴ</span> <span class='ocrx_word' id='word_1_856' title='bbox 2826 5590 2923 5661; x_wconf 75' lang='grc' dir='ltr'><strong>τὴν</strong></span> <span class='ocrx_word' id='word_1_857' title='bbox 2956 5590 3107 5643; x_wconf 84' lang='grc' dir='ltr'>πόλιν</span> <span class='ocrx_word' id='word_1_858' title='bbox 3137 5590 3235 5659; x_wconf 70' lang='grc' dir='ltr'>τὴν</span> <span class='ocrx_word' id='word_1_859' title='bbox 3282 5587 3544 5658; x_wconf 59' lang='grc' dir='ltr'>μεγάλην.</span> <span class='ocrx_word' id='word_1_860' title='bbox 3576 5587 3670 5642; x_wconf 80' lang='grc' dir='ltr'>καὶ</span> 
     </span>
    </p>
   </div>
  </div>
