3966 6134
317 359 416 416 351

1469 361 1559 417 ΤΗ
1570 361 1821 419 EODORI
1849 365 2078 425 MOPSU
2091 367 2331 424 ES'I‘ENI

3353 407 3378 416 ~-
3459 380 3568 439 532

317 475 509 547 (quare
553 483 606 532 et
648 475 1023 547 Hierosolyma
1075 481 1128 528 et
1175 473 1324 546 regio
1382 475 1562 532 omnis
1610 478 1883 547 promissa

1993 479 2142 550 ᾤετο,
2172 482 2388 536 πάντων
2427 479 2588 535 αὐτὸν
2617 483 2890 555 Δεσπότην
2923 486 3016 540 καὶ
3051 487 3276 559 ποιητὴν
3314 487 3451 546 εἶναι
3475 512 3567 548 νο-

316 567 604 626 dicehatur
649 569 722 623 ob
761 583 878 622 eam
933 579 1158 621 causam
1214 566 1507 620 tentorium
1548 565 1660 629 Dei,
1710 583 1808 621 ceu
1842 568 1887 623 si

318 661 462 718 hanc
493 661 802 714 universam
831 668 1124 729 occuparet
1148 659 1385 713 incolatu
1413 673 1514 712 suo
1551 657 1712 722 Deus,
1741 674 1891 714 eam-

316 751 548 820 demque
578 750 754 806 oculis
825 750 1244 821 perlustraret);
1287 750 1494 805 ideirco
1536 765 1565 804 a
1601 749 1740 807 facie
1783 750 1893 807 Do-

321 843 448 897 -nini
492 842 696 914 fugisse
734 842 1051 912 prophetam
1082 843 1156 896 ait
1191 842 1493 912 Scriptura,
1525 847 1620 913 qui
1649 859 1892 901 excesse-

316 941 402 986 rat
462 948 526 988 ea
596 934 837 1004 regione,
900 934 952 987 in
1012 949 1120 1004 qua
1185 941 1357 989 semet
1403 933 1546 990 Deus
1593 935 1888 992 revelahat.

313 1024 517 1098 Nempe
551 1026 633 1080 his
670 1025 852 1082 verbis
896 1026 950 1079 in
990 1026 1150 1079 aliam
1197 1024 1445 1094 quamvis
1486 1034 1750 1082 remotam
1783 1036 1892 1083 ter-

316 1133 431 1172 ram
466 1120 766 1174 secessisse
803 1117 1064 1187 prepheta
1098 1116 1300 1171 dicitur
1335 1134 1346 1171 :
1381 1117 1472 1186 qui
1504 1133 1694 1189 reapse
1726 1119 1799 1173 ita
1832 1135 1892 1176 se

315 1215 581 1278 gesserat,
610 1223 708 1262 ceu
739 1207 783 1262 si
819 1208 873 1260 in
900 1207 1119 1276 judaica
1154 1209 1377 1277 regione
1407 1211 1646 1264 manenti
1673 1212 1893 1280 appari-

316 1307 475 1355 turus
499 1300 724 1357 omnino
773 1298 912 1355 Deus
951 1306 1116 1363 esset,
1152 1311 1318 1368 seque
1356 1299 1422 1353 ad
1461 1300 1614 1368 jussa
1645 1298 1890 1355 facienda

314 1392 915 1446 cxcitaturus:contra
962 1390 1006 1445 si
1051 1390 1238 1459 procul
1284 1391 1453 1453 fieret,
1498 1392 1797 1446 cariturum
1832 1407 1892 1448 se

316 1482 566 1537 molestia
613 1482 866 1550 sperabat
912 1499 925 1536 :
967 1481 1128 1550 160
1163 1481 1320 1550 quasi
1376 1469 1650 1535 nimirum.
1678 1483 1891 1544 aliisin

317 1573 454 1628 locis
489 1571 632 1628 Deus
655 1580 827 1628 semet
851 1572 1095 1627 revelare
1127 1586 1234 1626 non
1272 1578 1570 1641 pateretur.
1607 1573 1784 1642 Atque
1815 1573 1891 1627 ita

312 1659 507 1726 Judaei,
543 1663 671 1717 dum
713 1663 910 1733 captivi
955 1662 1351 1726 detinerentur,
1383 1662 1731 1717 victimarum
1755 1677 1892 1732 quo-

314 1769 420 1824 que
443 1754 527 1810 vel
555 1753 803 1824 cujusvis
843 1754 1123 1824 religionis
1175 1753 1287 1808 Deo
1319 1753 1637 1809 exhibendae
1680 1755 1889 1809 nullum

317 1847 556 1902 fructum
597 1861 720 1901 esse
756 1847 1022 1916 putabant
1055 1863 1067 1898 :
1111 1860 1210 1899 ceu
1260 1845 1306 1899 si
1352 1843 1495 1900 Deus
1529 1845 1636 1900 illis
1667 1846 1722 1900 in
1756 1846 1889 1899 locis

314 1951 491 2007 neque
539 1951 804 2006 apparere
860 1951 1039 2006 neque
1089 1935 1346 1990 honorem
1409 1935 1725 2005 religiosum
1782 1937 1888 1992 sibi

315 2027 618 2089 adhibitum
647 2027 845 2082 soleret
876 2026 1179 2081 admittere.
1227 2025 1586 2096 Perspicuum
1615 2043 1782 2097 porro
1804 2037 1889 2084 est

314 2118 634 2188 praphetam
699 2117 766 2172 ad
815 2117 870 2172 id
928 2119 1203 2188 negotium
1255 2119 1544 2189 torpuisse,
1598 2127 1886 2190 propterea

314 2208 462 2278 quod
494 2225 616 2264 eum
649 2209 791 2268 Deus
823 2210 1043 2280 quidem
1076 2225 1184 2265 non
1207 2210 1325 2266 sine
1351 2212 1613 2280 praeclara
1642 2227 1739 2282 spe
1761 2212 1890 2266 mit-

315 2301 464 2358 tebat
497 2301 696 2371 (neque
740 2302 886 2357 enim
924 2302 1088 2357 unius
1131 2302 1332 2358 excidii
1387 2317 1553 2358 causa
1608 2303 1894 2358 nuntiandi

315 2391 582 2456 misisset,
622 2393 729 2448 nisi
779 2393 907 2448 hinc
945 2408 1164 2464 quoque
1209 2393 1336 2448 boni
1373 2395 1578 2464 aliquid
1613 2395 1897 2449 moliretur

315 2483 672 2552 extundere);
715 2485 810 2541 sed
853 2494 1032 2540 tamen
1068 2485 1185 2555 ipse
1221 2485 1376 2540 valde
1410 2468 1709 2541 absurdum
1738 2493 1898 2555 puta-

315 2575 431 2638 bat,
465 2575 511 2630 si
546 2575 683 2632 forte
733 2576 896 2632 homo
936 2576 1122 2633 subito
1163 2577 1554 2647 superveniens
1588 2576 1674 2632 his
1701 2579 1794 2648 qui
1831 2593 1891 2633 se

317 2675 474 2721 antea
506 2682 615 2722 non
659 2678 943 2733 noverant,
977 2670 1237 2724 continuo
1272 2669 1562 2725 nebulonis
1603 2669 1889 2738 cujusdam

315 2764 370 2811 et
401 2757 750 2813 circulatoris
801 2757 998 2812 famam
1031 2757 1423 2814 contraheret:
1472 2757 1524 2811 id
1571 2756 1716 2827 quod
1749 2757 1898 2826 ipse-

316 2854 426 2904 met
482 2848 536 2902 in
601 2849 1069 2920 consequentibus
1140 2863 1265 2904 mox
1341 2848 1692 2904 sermonibus
1755 2849 1893 2903 satis

316 2937 576 2992 ostendit.

1995 572 2186 642 μίζων,
2218 574 2312 627 καὶ
2343 575 2618 645 πανταχοῦ
2655 578 2908 647 παρεῖναι
2942 579 3212 635 πιστεύων
3232 598 3246 612 ο
3292 583 3475 656 ἐπειδὴ
3509 586 3567 639 δέ

1991 663 2082 716 ἐπὶ
2114 662 2208 716 τοῦ
2240 663 2378 718 Σιὼν
2427 665 2587 736 ὅρους
2631 665 2847 721 ἃπασαν
2876 668 3022 740 αὐτῷ
3055 671 3425 741 προσάγεσθαι
3470 677 3572 745 τὴν

1991 755 2246 827 λατρείαν
2281 757 2612 828 προσέταξεν
2639 760 2668 812 6
2698 759 2850 825 Θεὸς,
2886 761 3138 817 ὑπόνοιαν
3180 764 3454 831 Ἰουδαίοις
3481 769 3571 822 ἐν⁶

1990 845 2252 911 τεθεικὼς
2278 847 2353 912 ὼς
2382 849 2569 902 αὐτόθι
2596 867 2660 918 γε
2692 851 2786 905 καὶ
2811 853 2976 907 οἰκῶν
3006 855 3098 908 καὶ
3126 855 3224 927 τὴν
3247 858 3575 926 ἐπιφάνειαν

1991 938 2310 1008 ποιούμενος
2332 940 2431 1011 τὴν
2460 943 2681 996 οἰκείαψ
2712 944 2804 996 καὶ
2836 947 3097 1016 σκήνωμα
3119 947 3174 1000 δὲ
3202 948 3296 1001 τοῦ
3326 949 3459 1004 Θεοῦ
3484 950 3577 1006 διὰ

1992 1031 2193 1103 ταύτην
2226 1033 2323 1104 τὴν
2367 1035 2546 1088 αἰτίαν
2580 1037 2614 1106 ἢ
2648 1053 2706 1088 τε
2739 1037 2891 1101 πόλις
2935 1039 3289 1112 Ἰερουσαλὴμ
3330 1043 3571 1112 ἐλέγετο,

1993 1120 2084 1175 καὶ
2115 1123 2148 1192 ἡ
2175 1122 2246 1191 γῆ
2275 1123 2330 1176 δὲ
2361 1125 2509 1181 πᾶσα
2541 1125 2641 1195 τῆς
2667 1123 3016 1195 ἐπαγγελίας,
3088 1128 3164 1191 ὡς
3193 1129 3258 1183 ἂν
3285 1129 3343 1183 ἐν
3382 1131 3578 1205 ἁπάσῃ

1991 1228 2050 1264 τε
2077 1212 2354 1276 οἰκοῦντος
2372 1214 2476 1288 τοῦ
2511 1214 2647 1267 Θεοῦ
2679 1217 2772 1268 καὶ
2806 1217 2985 1269 πᾶσαν
3014 1216 3184 1287 αὐτὴν
3230 1217 3537 1288 ἐφορῶντος
3556 1237 3571 1249 ο

1990 1303 2078 1355 διὰ
2103 1302 2260 1355 τοῦτο
2289 1285 2676 1374 ἐκ’προσώπου
2709 1304 2802 1358 τοῦ
2831 1304 3036 1375 Κυρίου
3065 1305 3396 1374 πεφευγέναι
3425 1307 3578 1374 λέγει

1990 1393 2082 1445 τὸν
2141 1394 2446 1466 προφήτην,
2499 1395 2590 1447 τὸν
2648 1395 2746 1465 τῆς
2801 1396 2985 1466 χώρας
3049 1397 3265 1467 ἐκείνης
3315 1397 3372 1448 ἐν
3428 1391 3618 1470 ᾗπερ⁴

1992 1485 2226 1537 ἐποιεῖτο
2262 1484 2359 1554 τὴν
2388 1485 2594 1539 οἰκείαν
2627 1486 2949 1555 ἐπιφάνειαν
2981 1488 3008 1539 6
3038 1485 3170 1551 Θεὸς
3199 1488 3458 1550 ἐκϐάντα,
3493 1489 3577 1551 εἰς

1993 1575 2184 1646 ἑτέραν
2216 1575 2337 1628 τινὰ
2366 1576 2459 1629 καὶ
2500 1577 2895 1648 ἀπῳκισμένην
2928 1575 3112 1649 χώραν
3142 1578 3398 1631 ἀπελθεῖν
3431 1578 3580 1632 οὕτω

1992 1667 2164 1739 δηλῶν
2201 1687 2214 1698 ·
2260 1667 2418 1721 τοῦτο
2452 1668 2562 1740 γὰρ
2590 1670 2617 1721 6
2647 1669 2933 1740 προφήτης
2967 1669 3160 1722 ἐποίει·
3194 1668 3269 1733 ὡς
3313 1670 3439 1739 ἄχρι
3473 1668 3578 1738 μὲν

1992 1761 2052 1812 ἐν
2117 1758 2297 1830 ἐκείνῃ
2353 1758 2504 1829 διῆγε
2550 1763 2619 1830 τῇ
2677 1760 2851 1831 χώρᾳ·
2884 1759 3304 1830 ἐπιφαινομένου
3354 1761 3575 1823 πάντως

1995 1847 2052 1917 (p
2096 1847 2223 1918 245)
2270 1847 2421 1918 αὐτῷ
2456 1847 2550 1902 τοῦ
2582 1848 2715 1902 Θεοῦ
2759 1851 2851 1903 καί
2881 1849 3236 1920 διεγείροντος
3283 1849 3444 1903 αὐτὸν
3485 1851 3576 1918 ἐφ’

1993 1939 2129 2011 ὅπερ
2167 1940 2415 1994 ἐϐούλετο
2436 1957 2448 1970 ⁸
2493 1943 2541 1995 εἰ
2569 1941 2624 1994 δὲ
2658 1943 2847 2014 πόῤῥω
2873 1942 3101 2010 γένοιτο,
3133 1941 3431 2012 κερδαίνων
3471 1942 3579 2012 τὴν

1995 2028 2271 2098 ἐνόχλησιν
2301 2030 2546 2100 ἐκείνηψ
2580 2030 2654 2093 ὼς
2689 2031 2754 2084 ἂν
2790 2031 2920 2100 μηδέ
2957 2030 3337 2098 ἐπιφαίνεσθαι
3364 2033 3421 2082 ἐν
3449 2032 3574 2085 ἐτέ-

1996 2137 2112 2190 ροις
2134 2121 2319 2182 τόποις
2348 2122 2672 2192 ἀνεχομένου
2702 2122 2794 2174 τοῦ
2821 2123 2996 2175 Θείου·
3025 2121 3167 2176 οὕτω
3198 2123 3292 2176 καὶ
3329 2123 3574 2176 Ἰουδαῖοι

1993 2213 2087 2264 ἐπὶ
2130 2213 2229 2281 τῆς
2272 2213 2650 2283 αἰχμαλωσίας
2681 2215 2834 2277 ὄντες
2855 2253 2872 2280 ,
2924 2215 3184 2292 περιττὰς
3219 2217 3447 2287 ἡγοῦντο
3474 2217 3576 2270 καὶ

1992 2301 2090 2365 τὰς
2138 2302 2328 2366 θυσίας
2377 2305 2470 2357 καὶ
2516 2305 2614 2377 τὴν
2643 2305 2898 2376 λατρείαν
2929 2306 3147 2360 ἃπασαν
3193 2308 3293 2377 τὴν
3329 2308 3408 2378 τῷ
3450 2308 3573 2379 Θεῷ

1993 2393 2432 2465 προσαγομένην,
2467 2395 2541 2459 ὼς
2581 2396 2746 2450 αὑτοῦ
2803 2398 2877 2468 μὴ
2923 2398 3304 2466 ἐπιφαίνεσθαι
3353 2400 3410 2450 ἐν
3457 2403 3575 2465 τοῖς

1994 2486 2109 2536 ἐκεῖ
2133 2484 2337 2550 τόποις,
2377 2488 2511 2559 μηδέ
2547 2488 2798 2559 δέχεσθαι
2834 2489 2904 2542 τὰ
2934 2489 3120 2543 αὐτόοι
3165 2493 3245 2554 εἰς
3273 2492 3371 2562 τὴν
3405 2489 3576 2544 αὐτοῦ

1993 2574 2342 2648 πληρούμενα
2368 2578 2534 2648 τιμὴν
2565 2580 2908 2650 ἀνεχομένου·
2943 2582 3100 2650 δῆλος
3126 2581 3181 2636 δὲ
3209 2579 3276 2652 ἦν
3303 2583 3331 2634 6
3361 2584 3577 2652 προφή-

1992 2683 2090 2737 της
2118 2666 2254 2737 πρὸς
2281 2665 2341 2718 τὸ
2375 2669 2605 2738 πρᾶγμα
2643 2669 2814 2721 ὀκνῶν
2837 2711 2851 2736 ,
2900 2671 2988 2724 διά
3017 2673 3077 2725 τὸ
3111 2675 3341 2744 συνορᾷν
3374 2673 3469 2743 μὲν
3497 2671 3580 2736 ὡς

1993 2751 2084 2804 ἐπί
2105 2769 2243 2805 τισιν
2275 2754 2434 2808 αὐτὸν
2455 2756 2774 2811 ἀποστέλλει
2805 2759 3022 2825 πάντως
3051 2765 3315 2834 χρησταῖς
3336 2762 3572 2816 ἐλπίσιν’

1997 2843 2096 2897 οὐκ
2129 2845 2193 2899 ἄν
2219 2864 2282 2915 γε
2311 2847 2402 2900 ἐπὶ
2434 2847 2497 2918 δὴ
2535 2849 2701 2919 μόνης
2731 2852 2949 2920 πέμψας
2981 2853 3141 2926 αὐτὸν
3169 2855 3582 2925 καταστροφῆς,

1999 2938 2046 2990 εἰ
2083 2937 2156 3008 μή
2185 2954 2240 2990 τι
2274 2939 2368 2993 καὶ
2412 2940 2614 3008 ἀγαθὸν
2645 2941 2895 2998 ἐντεῦθεν
2931 2946 3234 3015 οἰκονομεῖν
3281 2947 3534 2998 ἐϐούλετο
3557 2963 3572 2977 ο

315 3029 423 3082 τῶν
460 3028 598 3096 ἄγαν
633 3031 690 3084 δέ
752 3030 968 3084 ἀτόπων
1017 3025 1155 3082 εἶναι
1230 3028 1458 3100 νομίσας
1503 3029 1552 3081 εί
1604 3025 1818 3097 πρῶτον
1891 3025 2200 3098 ἀνθρώποις
2244 3028 2428 3098 ὀφθεὶς
2469 3032 2579 3095 τοῖς
2638 3033 2697 3086 οὐ
2751 3033 3014 3106 πρότερον
3077 3036 3239 3088 αὑτὸν
3281 3035 3580 3106 ἐπισταμέ-

316 3139 448 3187 νοις,
481 3123 609 3178 εύθύ
643 3139 786 3186 τινος
811 3121 1045 3191 ψεύστου
1076 3123 1170 3175 καί
1192 3120 1504 3186 ἀπατεῶνος
1529 3120 1888 3189 ἀπενέγκοιτο
1915 3121 2089 3187 δόξαν·
2119 3125 2276 3178 τοῦτο
2318 3125 2372 3178 δὲ
2414 3127 2505 3181 καὶ
2533 3128 2693 3192 αὐτὸς
2735 3131 2792 3182 ἐν
2827 3131 2938 3192 τώς
2996 3129 3287 3201 μετέπειτα
3328 3133 3416 3186 διά
3467 3134 3581 3186 τῶν

316 3213 532 3266 οἰκείων
564 3212 738 3284 δηλῶν
767 3212 1017 3282 φαίνεται
1047 3212 1328 3284 ῥημάτων.

389 3303 556 3362 Vens.
603 3306 721 3359 4-6.
750 3336 822 3346 ——
858 3303 973 3360 [lac
1023 3305 1090 3361 de
1131 3319 1301 3361 causa
1353 3305 1639 3361 descendit
1684 3305 1890 3375 Joppen

2069 3305 2216 3375 Στίχ.
2249 3305 2388 3369 ιε’-ς’,
2439 3333 2505 3343 ——
2533 3304 2755 3373 Κατέϐη
2787 3305 2885 3372 μὲν
2914 3301 3007 3359 οὖν
3034 3306 3113 3368 είς
3149 3306 3246 3377 τὴν
3292 3307 3514 3378 Ἰόππην
3549 3312 3582 3363 6

318 3398 607 3470 propheta,
633 3398 1082 3469 deprehensaque
1110 3399 1234 3454 navi
1275 3399 1504 3456 Tharsis
1543 3415 1737 3456 versus
1771 3407 1892 3454 ten-

232 3480 235 3483 ’
316 3493 496 3557 dente,
537 3492 760 3545 naulum
813 3492 1044 3547 exsolvit
1097 3492 1458 3547 contumaciae
1497 3506 1629 3556 suae,
1670 3497 1726 3545 et
1769 3505 1890 3544 cum

318 3582 528 3651 reliqua
560 3582 717 3636 turba
766 3581 1141 3638 conscendens
1179 3581 1407 3639 Tharsis
1449 3582 1760 3652 navigabat,
1783 3589 1890 3636 'ceu

321 3674 365 3727 si
397 3673 471 3727 ibi
497 3673 678 3728 divina
707 3674 958 3729 molestia
990 3674 1124 3728 liber
1152 3683 1299 3730 esset
1326 3673 1565 3738 futurus,
1591 3673 1721 3744 quia
1749 3671 1893 3726 Deus

321 3765 516 3819 alienis
537 3764 592 3818 in
621 3765 936 3836 regionibus
967 3766 1192 3821 minime
1229 3766 1333 3823 sibi
1360 3779 1695 3821 occursurus
1724 3774 1890 3830 esset,

318 3873 496 3928 neque
521 3859 906 3914 necessitatem
946 3859 1077 3914 certi
1116 3858 1221 3914 loci
1245 3859 1478 3914 adeundi
1510 3859 1890 3928 impositurus.

316 3946 436 4002 Jam
473 3948 564 4003 ubi
608 3949 665 4002 in
716 3949 888 4003 altum
937 3963 1264 4019 progressus
1314 3947 1432 4014 fuit,
1486 3946 1783 4002 declaravit
1815 3947 1890 4001 illi

318 4039 462 4095 Deus
501 4055 662 4110 quam
712 4040 959 4095 inutilem
998 4055 1274 4110 quamque
1321 4040 1542 4094 stultam
1585 4037 1767 4107 fugam
1800 4052 1893 4090 ca-

295 4132 670 4200 rpessivisset;
708 4132 1013 4202 graviorem
1061 4133 1204 4187 enim
1259 4144 1612 4185 commovens
1647 4134 1887 4192 ventum,

319 4230 526 4276 tantam
559 4225 612 4276 in
657 4223 792 4276 mari
821 4223 1079 4278 conflavit
1112 4220 1429 4292 procellam,
1458 4228 1517 4274 ut
1544 4216 1767 4288 infringi
1794 4233 1893 4272 na-

316 4315 404 4368 vis
427 4313 852 4384 periclitaretur,
901 4329 1022 4384 qua:
1055 4315 1162 4369 vim
1197 4313 1460 4368 fluctuum
1506 4327 1614 4367 non
1661 4309 1887 4366 ferebat.

316 4405 459 4460 Hinc
488 4419 656 4475 pavor
689 4406 1027 4476 navigantes,
1080 4413 1138 4461 ut
1183 4422 1281 4477 par
1329 4412 1467 4471 erat,
1511 4403 1808 4474 corripuit;
1838 4409 1892 4457 et

317 4498 460 4569 apud
490 4513 652 4555 suum
697 4499 930 4570 quisque
973 4498 1239 4555 creditum
1296 4498 1475 4563 deum,
1520 4512 1681 4568 quem
1715 4494 1888 4566 patria

317 4589 582 4658 religione
633 4592 883 4656 colebat,
931 4605 1174 4661 praesens
1219 4592 1341 4645 vitae
1384 4590 1682 4645 discrimen
1729 4586 1892 4642 elatis

231 4693 252 4702 ‘
315 4681 653 4737 clamoribus
680 4683 1096 4752 deprecabatur.
1130 4679 1267 4734 Tum
1317 4695 1376 4734 se
1419 4680 1732 4734 intendente
1763 4693 1892 4748 pro—

316 4770 477 4840 cella,
509 4773 760 4828 sarcinas
793 4787 1012 4842 quoque
1043 4779 1313 4841 quotquot
1360 4770 1632 4839 imposita:
1674 4767 1890 4823 fuerant

315 4861 384 4918 de
416 4877 568 4917 more
596 4863 652 4917 in
678 4878 828 4918 mare
871 4862 1171 4933 iaciebant,
1216 4861 1263 4916 si
1313 4859 1453 4915 forte
1494 4876 1662 4914 onere
1719 4861 1891 4914 levata

277 4954 471 5012 .navis
518 4955 826 5025 periculum
880 4954 1156 5009 evaderet.
1208 4951 1307 5008 llis
1350 4952 1500 5007 addit
1558 4951 1889 5023 Scriptura:

302 5030 341 5097 ῖι
371 5044 541 5102 Jonas
595 5057 778 5102 autem
835 5046 891 5100 in
951 5045 1223 5100 sentinam
1283 5045 1437 5100 navis
1485 5044 1890 5108 descenderat,

316 5132 504 5204 ibique
549 5135 826 5192 dormiens
854 5135 1007 5207 ιω
1045 5135 1326 5189 stertebat.
1368 5153 1385 5187 ι
1421 5133 1538 5188 Νοιι
1578 5134 1722 5204 quod
1768 5142 1891 5203 post

317 5235 648 5282 commotam
693 5235 1074 5298 tempestatem
1109 5228 1164 5280 in
1200 5226 1457 5281 inferiora
1490 5227 1645 5281 navis
1685 5225 1890 5281 dormi-

317 5325 434 5368 tum
478 5319 863 5374 descenderit:
898 5326 1048 5375 esset
1099 5319 1245 5373 enim
1294 5317 1610 5380 ridiculum,
1657 5317 1702 5372 si
1735 5325 1886 5370 tanta

318 5388 728 5474 perturbatione
778 5417 985 5470 coorta,
1037 5409 1367 5478 cunctisque
1404 5407 1472 5462 de
1519 5408 1697 5462 salute
1738 5408 1884 5478 peri-

316 5496 657 5559 clitantibus,
704 5499 822 5566 ipse
869 5513 1064 5556 somno
1103 5515 1163 5554 se
1219 5499 1581 5553 tradidisset:
1615 5509 1885 5551 verumta-

317 5603 443 5642 men
497 5583 546 5640 id
601 5597 788 5656 egerat
842 5589 1022 5642 statim
1075 5603 1138 5642 ac
1179 5590 1360 5644 navim
1429 5589 1788 5654 conscendit;
1836 5599 1890 5644 at

389 5769 500 5840 (σε)
524 5767 598 5822 Ita
636 5765 770 5822 Cod.

1998 3398 2279 3468 προφήτης
2310 3395 2512 3466 ταύτης
2540 3395 2702 3448 ἕνεκα
2734 3395 2831 3465 τῆς
2861 3396 3059 3460 αἰτίας
3097 3397 3281 3450 αὐτόθι
3311 3397 3366 3450 δέ
3392 3398 3580 3452 πλοῖον
3649 3469 3652 3472 γ

1996 3489 2089 3541 ἐπὶ
2126 3487 2359 3559 Θαρσεῖς
2398 3487 2559 3540 ἀπιὸν
2592 3485 2785 3558 εὑρὼν,
2817 3487 2910 3540 τόν
2940 3505 2999 3540 τε
3033 3487 3222 3558 μισθὸν
3248 3488 3444 3542 δέδωκε
3474 3489 3579 3558 τῆς

1994 3579 2251 3642 ἀπονοίας
2275 3618 2290 3642 ,
2326 3579 2420 3631 καὶ
2459 3577 2634 3648 ἐμϐάς
2669 3579 2806 3648 μετὰ
2831 3578 2938 3631 τῶν
2969 3578 3169 3633 λοιπῶν
3217 3581 3292 3649 (p.
3315 3581 3442 3647 2M)
3479 3581 3578 3634 ἐπὶ

1994 3669 2228 3740 Θαρσεῖς
2273 3667 2520 3732 ἐξέπλει·
2564 3669 2638 3733 ὡς
2676 3668 2743 3722 ἂν
2771 3669 2954 3722 αὐτόθι
3001 3669 3097 3740 τὴν
3133 3670 3412 3741 ἐνόχλησιν
3446 3672 3576 3740 μέλ-

1993 3760 2099 3815 λων
2128 3759 2393 3814 ἐκκλίνειν
2423 3759 2520 3829 τὴν
2548 3759 2717 3825 θείαν,
2756 3761 2855 3812 οὐκ
2889 3760 3310 3831 ἐπιφαινομένου
3336 3779 3392 3815 τε
3423 3761 3578 3832 αὐτῷ

1995 3855 2054 3906 ἐν
2096 3853 2392 3924 ἀλλοτρίοις
2437 3854 2621 3916 τόποις
2666 3852 2760 3906 τοῦ
2815 3852 2971 3916 Θεοῦ,
3011 3855 3102 3906 καί
3133 3854 3444 3922 ἐπείγοντος
3475 3855 3578 3908 ἐπὶ

1993 3945 2054 3997 τὸ
2083 3944 2440 4018 προκείμενον
2466 3943 2739 3997 ἀπελθεῖν⁸
2773 3943 2959 4014 ἐπειδὴ
2985 3943 3040 3996 δέ
3077 3944 3218 3998 κατά
3245 3944 3344 4015 τὴν
3371 3944 3574 3999 θάλατ-

1993 4053 2090 4090 ταν
2120 4037 2335 4105 ἐγένετο
2363 4036 2562 4099 πλέων,
2591 4034 2747 4106 δῆλον
2774 4035 2936 4088 αὐτὸν
2974 4035 3084 4088 οῖον
3124 4035 3237 4107 (55)
3276 4038 3302 4088 6
3328 4035 3458 4098 Θεὸς
3489 4037 3576 4091 ὅτι

1995 4128 2251 4197 περιττήν
2283 4143 2407 4180 τινα
2433 4127 2524 4180 καὶ
2557 4125 2788 4196 ματαίαν
2820 4125 3057 4196 ὑπέμενε
3090 4126 3189 4197 τὴν
3217 4126 3410 4196 φυγὴν,
3442 4142 3576 4195 σφο-

1991 4218 2119 4289 δρὸν
2167 4217 2384 4288 πνεῦμα
2431 4219 2678 4286 κινήσας,
2722 4216 2972 4271 τοσοῦτον
3005 4216 3098 4270 ἐπὶ
3149 4217 3246 4288 τῆς
3296 4217 3574 4288 θαλάσσης

1993 4312 2287 4382 εἰργάσατο
2327 4311 2418 4364 τὸν
2453 4310 2718 4373 κλύδωνα,
2755 4310 2894 4363 ὥστε
2929 4311 3022 4364 καὶ
3063 4309 3411 4381 συντριϐῆναι
3456 4329 3577 4365 κιν-

1991 4403 2232 4456 δυνεύειν
2267 4402 2326 4455 τὸ
2353 4401 2533 4455 πλοῖον
2563 4402 2621 4454 οὐ
2665 4402 2830 4473 φέρον
2857 4400 2967 4454 τῶν
2996 4401 3257 4471 κυμάτων
3280 4401 3378 4472 τὴν
3405 4401 3530 4470 βίαν
3553 4417 3577 4436 ·

1995 4493 2156 4563 φόϐος
2200 4495 2264 4545 ἐκ
2307 4491 2496 4545 τούτου
2546 4493 2669 4555 τοὺς
2711 4494 2768 4544 ἐν
2814 4490 2962 4562 αὐτῷ
2993 4490 3215 4560 εἴληφεν
3262 4490 3338 4554 ὡς
3382 4491 3575 4553 εἰκόςο

1993 4585 2219 4647 ἔκαστός
2245 4601 2305 4637 τε
2333 4584 2466 4655 πρὸς
2498 4583 2558 4637 ὃν
2587 4585 2770 4653 ἡγεῖτο
2810 4583 2947 4648 θεὸν,
2985 4583 3078 4637 καὶ
3121 4577 3274 4655 ᾧπερ
3303 4583 3574 4655 θρησκεύ-

1995 4695 2075 4730 ειν
2107 4676 2306 4743 εἰώθει,
2334 4679 2400 4746 τῇ
2432 4677 2581 4746 φωνῇ
2617 4674 2952 4746 κεχρημένος
2980 4674 3300 4746 ἀπαλλαγὴν
3328 4675 3447 4745 ᾔτει
3475 4673 3575 4727 τοῦ

1991 4769 2253 4840 παρόντος
2300 4766 2551 4836 γενέσθαι
2598 4765 2843 4820 κινδύνου
2869 4784 2882 4798 ο
2936 4767 3341 4836 ἐπιτεινομένου
3375 4766 3432 4819 δὲ
3470 4767 3570 4820 τοῦ

1990 4859 2257 4922 κλύδωνος
2279 4900 2292 4922 ,
2342 4859 2434 4912 καὶ
2461 4858 2530 4912 τὰ
2561 4858 2750 4912 ἐνόντα
2781 4857 2858 4927 τῷ
2893 4858 3061 4928 πλοίῳ
3093 4857 3231 4910 κατὰ
3263 4857 3330 4909 τὺ
3376 4857 3573 4921 εἰωθὸς

1989 4953 2100 5012 τοῖς
2129 4949 2547 5019 χειμαζομένοις
2585 4947 2897 5019 ἀπέρριψαν
2937 4950 3016 5010 εἰς
3053 4949 3152 5019 τὴν
3183 4948 3475 5012 θάλασσαν,
3521 4947 3580 5002 el

1992 5057 2107 5103 πως
2130 5039 2418 5108 κουφισθέν
2443 5039 2692 5108 διαφύγοι
2721 5039 2812 5092 τὸν
2839 5037 3081 5092 κίνδυνον
3110 5039 3170 5093 τὸ
3201 5039 3401 5094 πλοῖον.
3434 5040 3572 5093 Τού-

1996 5150 2110 5196 τοις
2149 5131 2365 5199 ἐπάγεισ
2426 5149 2443 5181 ι
2484 5129 2660 5193 Ἰωνᾶς
2691 5130 2746 5183 δέ
2779 5129 2980 5200 κατέϐη
3014 5131 3092 5194 εἰς
3124 5130 3220 5202 τὴν
3266 5130 3452 5200 κοίλην
3474 5130 3573 5182 τοῦ

1996 5225 2203 5288 πλοίου,
2232 5223 2325 5274 καί
2350 5220 2636 5274 ἐκάθευδεν
2679 5222 2796 5273 ἐκεῖ
2836 5222 2928 5273 καὶ
2968 5221 3212 5291 έρεγχεν.
3253 5239 3271 5271 ι
3335 5221 3448 5289 Οὐχ
3487 5220 3577 5272 ὅτι

1998 5317 2135 5388 μετά
2162 5314 2222 5368 τὸ
2252 5315 2432 5367 ἐκεῖνα
2461 5312 2712 5380 γενέσθαι
2736 5315 2814 5374 εἰς
2844 5312 2904 5364 τὸ
2937 5311 3118 5365 πλοῖον
3143 5309 3416 5366 κατελθὼν
3441 5312 3577 5364 ἐκά-

1994 5406 2199 5460 θευδεν·
2235 5404 2439 5474 γελοῖον
2477 5403 2587 5473 γάρ
2618 5404 2666 5456 εἰ
2700 5404 2944 5475 ταραχῆς
2977 5403 3244 5473 τοσαύτης
3273 5400 3576 5472 γενομένης

1998 5498 2091 5552 καί⁸
2126 5499 2340 5551 πάντων
2385 5497 2512 5568 περί
2554 5497 2650 5566 τῆς
2693 5498 2966 5568 σωτηρίας
3007 5496 3421 5550 κινδυνευόντων
3467 5493 3575 5556 τῆς

1996 5589 2220 5654 οἰκείας,
2255 5591 2333 5651 εἰς
2373 5587 2538 5642 ὕπνον
2571 5588 2762 5642 ἐαυτὸν
2793 5591 2998 5652 ἐκεῖνος
3029 5586 3193 5640 ἐδίδου
3220 5601 3232 5614 ·
3289 5583 3422 5638 ἀλλά
3463 5591 3576 5655 γὰρ
