3966 6134
276 347 391 406 333

1334 351 1884 410 COBIHENTARIUS
1922 353 1988 409 IN
2016 352 2209 411 IGNE
2248 355 2401 413 CAP.
2443 370 2482 414 ι.

3425 363 3537 420 354

279 465 438 521 τοῦτο
467 465 567 537 μὶν
597 463 763 528 εὐθὺς
811 464 1008 529 ἐπιϐάς
1047 466 1312 539 πεποίηκε
1342 469 1438 522 τοῦ
1480 471 1664 525 πλοίου
1690 487 1703 502 ·
1738 473 1772 543 ἡ
1804 471 1857 525 δέ

1965 469 2250 544 Scriptura
2295 481 2585 546 postquam
2616 477 2914 547 procellam
2947 479 3213 548 narravit,
3255 489 3535 552 postremo

282 554 475 627 Ρραφὴ
515 554 585 608 τά
612 553 753 608 κατὰ
781 554 872 608 τὸν
906 554 1148 610 κλύδωνα
1179 557 1559 631 διηγησαμένη
1578 600 1595 625 ,
1638 559 1860 632 ὕστερον

283 647 529 716 ἐπήγαγε
559 646 627 699 τά
658 646 809 717 παρὰ
834 646 929 700 τοῦ
957 649 1235 719 προφήτου
1265 652 1383 704 κατ’
1412 652 1618 706 ἐκεῖνον
1639 652 1860 723 (p.245)

284 738 547 806 γενόμενα
569 737 662 789 τὸν
689 737 902 807 καιρόν·
929 738 1011 791 ὅτι
1040 754 1101 792 τε
1129 742 1158 794 ὁ
1190 742 1444 813 πρωρεὺς
1464 743 1539 807 ὡς
1571 745 1629 797 ἐν
1648 748 1860 818 ταραχῇ

281 826 517 898 τοσαύτῃ
538 826 875 883 καθεύδοντα
900 829 994 882 τὸν
1023 818 1308 905 προφήτην
1332 834 1461 887 ίδεῖν
1487 835 1860 906 ἀπεληλυθὼς,

281 917 526 989 διήγειρέ
558 934 615 970 τε
645 917 831 985 αὑτὸν,
860 921 957 973 καὶ
982 920 1288 992 ἐθαύμαζεν
1317 923 1399 976 δτί
1432 924 1686 979 τοσούτου
1714 943 1862 995 γινο-

282 1005 448 1078 μένου
509 1006 685 1060 κακοῦ
708 1047 725 1071 ,
786 1008 1053 1080 μηδεμίαν
1114 1011 1365 1082 αἴσθησιν
1420 1012 1533 1083 ἔχοι
1576 1013 1685 1068 τῶν
1725 1031 1860 1070 κατ-

282 1097 514 1168 εχόντων
535 1098 737 1162 αὐτοὺς
760 1100 970 1164 κακῶν,
1000 1100 1114 1156 ἀλλ’
1141 1103 1216 1168 ὡς
1244 1104 1397 1177 ἀδείᾳ
1425 1105 1590 1177 πολλῇ
1614 1107 1861 1162 καθεύδει

282 1203 338 1238 τε
372 1185 469 1239 καί
497 1189 708 1257 ῥέγχει·
744 1188 1132 1261 ὑπεμίμνησκε
1164 1193 1221 1246 δὲ
1250 1193 1412 1249 αύτδν
1441 1196 1748 1252 ἀναστάντα
1770 1198 1863 1252 τὸν

282 1277 403 1331 θεὸν
427 1277 616 1331 καλεῖν
644 1280 737 1333 τὸν
773 1280 927 1347 ῐδιον,
961 1283 1013 1335 εί
1038 1301 1154 1347 πως
1178 1285 1271 1338 ὑπ’
1309 1287 1475 1341 αὐτοῦ
1503 1288 1631 1357 γοῦν
1658 1290 1861 1344 διασω-

288 1369 450 1423 θεῖεν.

349 1462 498 1532 Στίχ.
545 1462 687 1528 ζ’-θ¹.
725 1492 799 1505 -
827 1456 929 1517 Ὧν
973 1465 1029 1518 δὲ
1069 1469 1097 1520 ὁ
1136 1466 1235 1537 μὲν
1270 1474 1552 1541 rgo-amr};
1592 1472 1746 1525 οὐδὲν
1784 1473 1863 1527 δι-

280 1553 615 1624 επράττετο·
655 1553 865 1608 τοιοῦτο
904 1555 1168 1627 σφαλερὸν
1216 1553 1354 1612 εἶναι
1393 1561 1626 1630 νομίζων
1650 1562 1862 1633 δεήσεις

284 1645 577 1712 προσάγειν
606 1644 782 1715 τούτῳ
811 1639 982 1717 οὗπερ
1009 1648 1291 1716 πεφεύγει.
1332 1650 1665 1706 Ἐπετείνετο
1687 1654 1743 1707 δὲ
1767 1653 1862 1707 τοῦ

283 1731 548 1796 κλύδωνος
595 1734 657 1785 τὸ
700 1734 872 1787 κακόν
899 1751 912 1763 ·
943 1735 1271 1806 ἐδοκίμασαν
1300 1737 1484 1791 λοιπὸν
1529 1739 1713 1811 κλήρῳ
1747 1742 1863 1795 δια-

1960 564 2083 619 loco
2120 564 2282 631 dixit,
2327 581 2449 637 quae
2493 569 2762 641 propheta
2792 571 2976 640 priere
3016 580 3263 644 tempore
3304 572 3532 629 fecerat.

1960 654 2145 726 Pergit
2185 671 2351 726 porro
2386 658 2595 725 dicere,
2639 667 2698 716 ut
2733 662 3069 733 gubernator
3095 665 3164 721 ad
3209 665 3535 737 prophetam

1960 747 2256 803 videndum
2294 751 2528 817 venerit,
2570 751 2666 823 qui
2708 752 2765 807 in
2813 761 2965 809 tanta
3009 755 3254 812 omnium
3293 757 3535 827 trepida-

1961 838 2112 892 tione
2143 837 2491 908 dormiebat;
2529 856 2768 914 eumque
2808 844 3154 909 excitaverit,
3196 846 3537 917 miratusque

1963 927 2149 993 fuerit,
2178 929 2325 1000 quod
2361 931 2416 986 in
2446 947 2513 987 eo
2549 934 2838 1001 procinctu
2874 937 3087 991 nullum
3124 938 3243 1007 ipse
3275 938 3537 1009 ingruen-

1964 1019 2101 1074 tium
2141 1020 2414 1076 tnalorum
2443 1036 2666 1079 sensum
2698 1026 3040 1096 perciperet;
3091 1026 3188 1082 sed
3220 1027 3385 1081 veluti
3407 1041 3537 1097 pro.

1968 1110 2136 1167 funda
2197 1113 2500 1169 securitate
2554 1122 2794 1172 stertens
2841 1117 3126 1173 dormiret.
3190 1118 3334 1189 Ergo
3380 1120 3539 1175 illam

1959 1203 2268 1269 admonuit,
2310 1213 2370 1259 ut
2398 1206 2790 1277 expergiscens
2825 1208 2989 1263 deum
3030 1222 3192 1265 suum
3232 1210 3536 1277 invocaret,

1963 1295 2010 1352 si
2037 1296 2176 1351 forte
2205 1296 2280 1352 ab
2309 1311 2378 1353 eo
2403 1305 2778 1354 servarentur.

2035 1470 2205 1529 Vens.
2238 1474 2353 1528 7-9.
2378 1503 2441 1515 —
2472 1473 2579 1531 Sed
2607 1475 2753 1531 enim
2781 1491 2904 1531 cum
2933 1476 3197 1548 propheta
3227 1478 3364 1534 nihil
3384 1479 3538 1548 ejus-

1964 1562 2113 1617 modi
2163 1571 2366 1634 ageret,
2422 1565 2553 1635 quia
2598 1566 2839 1620 intutum
2889 1567 3236 1623 existimabat
3277 1570 3536 1639 precibus

1964 1669 2090 1711 cum
2135 1656 2441 1712 obtundere
2485 1672 2514 1710 a
2556 1671 2668 1728 quo
2705 1656 2981 1727 fugiebat;
3012 1673 3249 1730 cumque
3290 1663 3373 1717 vis
3406 1668 3539 1716 tem-

1966 1748 2193 1814 pestatis
2230 1756 2581 1820 augesceret,
2630 1749 2992 1807 decreverunt
3034 1760 3232 1817 nautae,
3283 1755 3537 1822 quisnam

282 1822 477 1889 γνῶναι
507 1823 602 1876 τὸν
625 1822 722 1877 τοῦ
743 1824 1007 1895 παρόντος
1034 1827 1206 1879 αἴτιον
1242 1827 1434 1881 κακοῦ·
1464 1828 1623 1883 τοῦτο
1653 1831 1711 1883 δὲ
1742 1832 1857 1903 ἐδή-

1965 1845 2115 1893 esset
2141 1838 2263 1909 ejus
2295 1839 2425 1894 mali
2455 1848 2671 1904 auctor,
2708 1842 2903 1897 sortito
2928 1844 3240 1912 exquirere.
3271 1843 3410 1900 Hinc
3442 1859 3535 1901 sa-

282 1914 368 1966 λου
411 1912 490 1985 μὴ
532 1914 712 1969 κοινὸν
741 1915 887 1968 κατὰ
921 1917 1101 1987 πάσης
1140 1916 1414 1989 θαλάσσης
1445 1914 1585 1974 εἶναι
1626 1921 1715 1974 τὸν
1748 1939 1860 1991 χειο

280 2005 448 2074 μῶνα,
471 2004 611 2058 ἀλλὰ
626 2007 757 2078 περὶ
774 2007 905 2059 αὑτό
938 2024 1001 2075 γε
1033 2008 1189 2079 μόνον
1216 2008 1276 2062 τὸ
1308 2009 1488 2063 πλοῖον
1517 2011 1616 2084 τὴν
1643 2012 1860 2082 σύμπα-

280 2114 372 2150 σαν
400 2098 651 2170 ταραχὴν
682 2100 970 2154 κινεῖσθαι·
998 2101 1091 2170 ἀφ’
1119 2097 1287 2174 οῦπερ
1312 2103 1363 2156 oi
1388 2104 1446 2157 ἐν
1472 2103 1620 2174 αὐτῷ
1646 2104 1858 2173 λογιζό-

278 2204 426 2256 μενοι
453 2188 555 2259 τὴν
577 2190 781 2253 αἰτίαν,
803 2190 990 2262 κλήρῳ
1012 2190 1387 2260 διαγινώσκειν
1413 2192 1503 2246 τὸν
1524 2195 1691 2248 αττιον
1710 2195 1860 2249 ἐδού-

278 2280 424 2349 λοντο
447 2281 557 2334 τῶν
578 2281 785 2335 κακῶν·
807 2284 968 2353 τυχὸν
988 2284 1192 2338 καὶτοῦ
1210 2284 1478 2339 Δεστεότου
1501 2285 1635 2340 Θεοῦ
1656 2287 1859 2360 ταύτην

278 2373 453 2436 αὐτοῖς
485 2372 891 2443 ἐμϐεϐληκότος
931 2374 1029 2446 τὴν
1064 2375 1331 2443 διάνοιαν,
1363 2376 1438 2441 ὡς
1464 2378 1530 2432 ἂν
1555 2379 1860 2445 ἀκολούθως

279 2462 344 2515 τὰ
370 2465 535 2517 λοιπά
557 2480 620 2532 γε
648 2463 940 2537 πραχθείηο
962 2466 1012 2519 oi
1035 2467 1132 2537 μὲν
1150 2467 1258 2539 γὰρ
1280 2469 1582 2541 ἐχρήσαντο
1601 2474 1712 2535 τοῖς
1736 2472 1861 2544 κλή-

282 2571 411 2622 ροις·
443 2555 721 2609 ἐδείκνυτο
752 2557 808 2610 δὲ
836 2559 866 2610 ὁ
902 2558 1169 2629 μακάριος
1209 2559 1392 2622 Ἰωνᾶς
1419 2560 1530 2614 τῶν
1559 2562 1858 2630 γεγονότων

282 2648 464 2710 αἰτιοςο
498 2647 587 2716 ἐφ’
617 2641 664 2716 ᾧ
684 2647 749 2719 δὴ
774 2648 868 2702 καὶ
889 2647 1266 2720 θαυμάσαντες
1294 2651 1345 2703 οί
1374 2655 1616 2706 ναυτικοὶ
1648 2652 1855 2718 λοιπὸν,

281 2739 328 2789 εἰ
359 2736 568 2790 τοιοῦτό
602 2757 657 2791 τι
693 2739 1080 2810 πεπραγμένον
1112 2740 1263 2812 αύτῷ
1303 2742 1557 2812 τυγχάνοι
1595 2742 1734 2798 ὥστε
1764 2746 1859 2798 καὶ

283 2830 525 2884 τοσοῦτον
553 2830 817 2901 γεννῆσαι
850 2832 1039 2895 κακὸν,
1082 2833 1222 2904 μετὰ
1266 2820 1499 2904 σφοδρᾶς
1544 2835 1641 2906 τῆς
1683 2838 1858 2890 ἐπιτι-

287 2924 495 2992 μήσεως
522 2922 621 2975 καὶ
667 2923 949 2992 μονονουχὶ
979 2922 1278 2994 δικαστικῷ
1309 2925 1493 2979 λοιπὸν
1526 2928 1855 2998 κεχρημένοι

166 3003 177 3015 ’
282 3014 353 3084 τῷ
382 3018 644 3085 σχήματι,
683 3019 760 3084 (p.
789 3014 917 3084 με)
959 3015 1034 3079 ὡς
1059 3015 1125 3070 ἂν
1159 3016 1291 3087 πρὸς
1319 3016 1601 3087 ἄνθρωπον
1631 3018 1857 3071 καταδε-

283 3101 600 3174 δικασμένον
647 3104 748 3176 ἢδη
799 3103 877 3175 τῷ
925 3104 1110 3177 κλήρῳ
1154 3105 1562 3177 διαλεγόμενοι,
1610 3109 1853 3181 ἀπῄτουν

285 3195 467 3264 μαθεῖν
495 3196 525 3249 ὅ
542 3196 596 3249 τί
622 3212 728 3265 περ
757 3196 905 3267 αὐτῷ
929 3198 1315 3269 πεπραγμένον
1335 3200 1441 3269 εἴη,
1469 3199 1521 3252 τί
1542 3200 1596 3254 δὲ
1618 3201 1710 3256 καὶ
1732 3203 1853 3254 ἐπι-

283 3286 515 3357 τήδευμα
543 3286 757 3357 μετῄει,
785 3286 903 3341 ὅθεν
927 3304 985 3341 τε
1018 3288 1247 3360 ἔρχοιτο,
1279 3290 1373 3343 καὶ
1410 3291 1535 3344 ὅποι
1570 3308 1675 3364 περ
1702 3294 1857 3348 άπει-

287 3394 382 3442 σιν,
427 3379 491 3431 ἐκ
536 3380 698 3442 ποίας
742 3396 802 3433 τε
839 3382 1074 3452 ὁρμᾶται
1119 3380 1332 3451 χώρας,
1379 3384 1472 3437 καὶ
1517 3376 1665 3451 ᾧτινι
1713 3385 1855 3439 ἔθνει

286 3472 521 3541 προσῆκε
542 3470 651 3525 τῶν
672 3471 994 3541 ἀνθρώπωνο
1024 3472 1158 3543 πρὸς
1181 3472 1275 3537 οὓς
1303 3475 1487 3542 σαφῶς
1508 3475 1852 3546 ἀπεκρίνετο·

286 3564 517 3627 «Δοῦλος
554 3564 764 3634 Κυρίου
802 3562 912 3632 ἐγώ
944 3566 1074 3634 εἰμι,
1114 3565 1207 3617 καὶ
1238 3566 1443 3637 Κύριον
1470 3566 1560 3622 τὸν
1594 3566 1725 3621 Θεὸν
1760 3568 1854 3622 τοῦ

281 3653 508 3724 ούρανοῦ
539 3653 655 3722 ἐγὼ
687 3653 941 3723 σέϐομαι,
970 3654 1027 3718 ὃς
1061 3654 1283 3728 ἐποίησε
1329 3655 1427 3727 τὴν
1456 3656 1730 3711 θάλασσαν
1761 3660 1856 3711 καὶ

283 3745 373 3813 τὴν
399 3746 592 3816 ξηράν.
621 3764 643 3798 ι
688 3744 776 3807 Ὠς
801 3744 910 3815 γὰρ
949 3745 1171 3798 ἐκείνων
1206 3746 1335 3819 περὶ
1378 3747 1571 3801 εἴδωλα
1600 3749 1852 3818 ἐχόντων,

282 3837 432 3902 αὐτὸς
474 3838 537 3891 τὸ
569 3836 671 3907 τῆς
711 3839 917 3902 οἰκείας
947 3838 1243 3911 θρησκείας
1271 3838 1545 3911 ἐξαίρετον
1584 3840 1853 3910 ἐδήλωσεν

283 3928 445 3983 εἰπὼν
485 3931 571 3983 ὅτι
617 3930 800 3994 δοῦλος
844 3929 929 4000 εἴη
975 3930 1069 3983 τοῦ
1115 3929 1249 3983 Θεοῦ
1277 3930 1559 3995 ,τουτέστι
1604 3930 1855 4001 φροντίδα

282 4021 414 4089 ἔχων
443 4023 629 4075 πᾶσαν
652 4022 749 4091 τῆς
779 4021 1074 4092 θεραπείας
1104 4022 1479 4092 ἐπιμελεῖσθαι
1512 4020 1606 4076 τοῦ
1648 4022 1812 4076 αὐτοῦ
1839 4038 1852 4052 ·

281 4110 338 4162 οὐ
365 4111 473 4182 γὰρ
500 4110 566 4182 δὴ
602 4110 746 4164 κατά
779 4110 840 4164 τὺ
869 4111 1045 4165 κοινὸν
1086 4107 1227 4178 εἷπε,
1263 4112 1510 4180 Δοῦλος,
1541 4113 1662 4168 καθ’
1700 4115 1728 4167 ὃ
1761 4115 1854 4168 καὶ

282 4204 399 4266 τοὺς
437 4199 642 4266 ναύτας
671 4198 739 4272 ἦν
784 4203 997 4272 ἀνάγκη
1040 4202 1258 4266 δούλους
1307 4198 1445 4257 εἶναι
1474 4205 1567 4258 τοῦ
1600 4205 1735 4260 Θεοῦ
1764 4208 1853 4261 ὑπ’

284 4294 440 4348 αὐτοῦ
474 4293 789 4363 γεγονόταςο
818 4289 939 4348 εἶτα
964 4295 1057 4347 καὶ
1081 4295 1143 4349 τὸ
1175 4294 1373 4359 ἰδιάζον
1393 4294 1565 4365 λέγων
1595 4298 1689 4351 τοῦ
1719 4298 1852 4352 Θεοῦ

281 4384 338 4437 δν
372 4383 674 4456 ἐθρήσκευε
700 4424 717 4446 ,
765 4384 870 4437 Τὸν
902 4384 994 4438 τοῦ
1036 4385 1258 4452 παντὸς,
1303 4387 1455 4457 φησὶ.
1487 4388 1713 4459 ποιητὴν
1744 4388 1855 4455 ἐγὼ

1960 1926 2034 1982 tis
2074 1926 2430 1999 intelligimus
2471 1928 2618 1984 haud
2658 1932 2978 2001 generalem
3022 1933 3193 1990 fuisse
3233 1942 3347 1989 toto
3395 1936 3537 1990 mari

1960 2018 2278 2088 procellam,
2324 2019 2418 2077 sed
2456 2023 2606 2079 circa
2649 2024 2783 2083 illud
2827 2039 2996 2080 unum
3046 2024 3323 2098 navigium
3363 2025 3536 2080 unda-

1960 2125 2083 2165 rum
2124 2112 2416 2181 strepitum
2438 2114 2733 2175 desaeviase
2769 2135 2783 2172 :
2819 2133 2927 2189 qua
2957 2132 3016 2173 re
3050 2116 3119 2172 ad
3144 2118 3533 2189 suspicandam

1960 2212 2185 2254 causam
2246 2204 2505 2259 commoti
2569 2214 2771 2270 nautae,
2825 2206 3156 2263 calamitatis
3212 2208 3334 2277 ejus
3380 2222 3535 2263 reum

1960 2289 2064 2346 sibi
2115 2289 2541 2350 discernendum
2591 2298 2835 2353 sortibus
2875 2306 3202 2369 putaverunt
3250 2318 3266 2355 :
3304 2298 3539 2356 Domino

1961 2380 2198 2440 fortasse
2240 2383 2353 2441 Deo
2392 2387 2531 2444 hanc
2571 2390 2681 2446 illis
2709 2392 3094 2460 cogitationem
3136 2391 3439 2463 ingerente,
3476 2400 3536 2447 ut

1958 2486 2368 2547 consequenter
2393 2480 2605 2550 reliqua
2632 2490 3044 2553 peragerentur.
3077 2481 3220 2555 Ergo
3248 2498 3372 2539 cum
3401 2500 3537 2539 nau.

1959 2571 2028 2618 ue
2058 2574 2237 2621 sortes
2267 2568 2558 2636 iecissent,
2591 2571 2784 2627 beatus
2820 2569 2989 2629 Jonas
3032 2574 3321 2643 praesentis
3347 2573 3538 2629 advero

1959 2655 2140 2714 sitatis
2194 2673 2365 2715 causa
2419 2660 2831 2718 demonstratus
2887 2673 2991 2719 est.
3040 2662 3097 2719 ld
3150 2665 3292 2735 quod
3339 2664 3537 2722 deinde

1958 2752 2139 2800 nauta:
2175 2748 2463 2811 mirantes,
2514 2749 2792 2821 quodnam
2840 2753 3051 2807 scilicet
3087 2753 3178 2809 ille
3224 2760 3335 2810 tam
3369 2769 3538 2825 gravo

1961 2833 2180 2893 facinus
2205 2837 2543 2905 admisisset,
2580 2849 2638 2896 ut
2664 2842 2800 2896 tanti
2836 2842 2966 2897 mali
2997 2851 3193 2900 auctor
3220 2848 3533 2912 exsisteret,

1956 2933 2010 2978 et
2042 2923 2156 2994 jam
2192 2926 2500 2983 vehementi
2549 2929 2932 2999 objurgatione
2964 2947 3029 2988 ac
3069 2948 3238 3005 prope
3282 2934 3535 3004 iudiciali

1957 3013 2200 3072 formula
2253 3026 2488 3086 utentes,
2537 3030 2701 3091 atque
2752 3021 3029 3078 hominem
3088 3040 3188 3079 ceu
3229 3026 3342 3096 jam
3384 3036 3536 3084 sorte

1955 3106 2275 3164 damnatum
2344 3124 2672 3182 arguentes,
2743 3116 3007 3170 certiores
3069 3115 3184 3173 fieri
3241 3120 3532 3187 volebant,

1960 3200 2223 3269 quidnam
2254 3202 2370 3273 ipse
2411 3211 2703 3274 patrasset,
2749 3221 2912 3277 quam
2944 3217 3116 3263 artem
3160 3210 3532 3280 profiteretur,

1960 3290 2104 3346 unde
2151 3291 2834 3366 digrederetur,.quonam
2889 3299 3156 3365 tenderet,
3196 3317 3302 3371 qua
3356 3305 3534 3374 patria

1958 3382 2229 3438 oriundus
2260 3394 2426 3451 esset,
2464 3387 2549 3442 vel
2577 3388 2667 3442 cui
2699 3388 2981 3445 hominum
3004 3393 3150 3462 genti
3172 3392 3370 3448 affinis.
3401 3393 3534 3461 Qui-

1957 3472 2061 3528 bus
2106 3474 2196 3530 ille
2243 3484 2429 3545 aperte
2472 3477 2758 3548 respondit
2798 3498 2811 3534 :
2852 3497 2871 3531 ι
2908 3479 3112 3536 Servus
3167 3481 3383 3537 Domini
3433 3500 3535 3555 ego

1957 3579 2100 3628 sum,
2130 3564 2418 3622 Dominum
2453 3567 2621 3623 Deum
2644 3572 2767 3625 caeli
2796 3572 2937 3636 colo,
2981 3572 3073 3640 qui
3300 3587 3451 3629 mare
3476 3587 3533 3631 et

1960 3655 2171 3707 aridam
2205 3655 2352 3712 fecit.
2386 3677 2407 3710 ι
2440 3657 2577 3712 Nam
2611 3661 2740 3730 quia
2774 3661 2853 3715 illi
2886 3660 3191 3718 idololatra:
3215 3672 3395 3733 erant,
3437 3682 3532 3737 pe-

1959 3743 2224 3797 culiarem
2252 3744 2370 3813 ipse
2396 3745 2715 3816 religionem
2758 3763 2916 3803 suam
2946 3749 3269 3820 declaravit,
3307 3752 3438 3810 dum
3470 3772 3533 3812 se

1962 3831 2056 3886 Dei
2115 3847 2333 3888 servum
2378 3833 2552 3901 dixit;
2604 3838 2911 3894 studiosum
2956 3855 3150 3912 nempe
3185 3858 3535 3917 summopere

1959 3924 2163 3988 cultus,
2199 3925 2292 3995 qui
2329 3941 2452 3981 eum
2502 3926 2770 3995 decebat,_
2800 3932 3118 4000 praestandi.
3153 3932 3339 4005 Neque
3386 3942 3533 3992 enim

1959 4013 2197 4081 generali
2231 4015 2468 4085 quadam
2521 4018 2735 4074 ratione
2783 4036 2842 4076 se
2879 4021 3016 4077 dixit
3048 4040 3067 4075 ι
3106 4038 3346 4092 servum,
3384 4046 3404 4079 ι
3441 4043 3537 4084 cu-

1953 4101 2195 4171 jusmodi
2245 4105 2381 4160 alios
2426 4120 2644 4176 quoque
2683 4116 2880 4166 nautas
2929 4125 3067 4181 opus
3100 4121 3219 4168 erat
3267 4113 3362 4171 Dei
3408 4132 3534 4173 esse

1959 4208 2169 4260 servos,
2196 4210 2224 4249 a
2263 4212 2371 4267 quo
2399 4196 2616 4253 fuerant
2649 4201 2843 4257 creati.
2875 4201 3081 4261 Deinde
3106 4212 3161 4261 et
3199 4206 3530 4279 singularem

1961 4285 2237 4340 notionem
2261 4287 2432 4343 edidit
2457 4288 2579 4359 ejus
2606 4288 2697 4345 Dei
2720 4292 2811 4347 cui
2839 4303 2957 4350 erat
2978 4296 3238 4367 devotus;
3269 4301 3529 4358 nimirum

1959 4378 2032 4431 ait
2083 4394 2142 4433 se
2202 4381 2381 4436 colere
2423 4381 2590 4436 Deum
2652 4398 2681 4437 a
2717 4401 2828 4457 quo
2877 4391 3098 4457 caelum,
3142 4400 3310 4457 terra,
3355 4408 3530 4459 mare,

287 4475 531 4546 σέϐομαι,
581 4474 642 4540 δς
687 4468 782 4529 καὶ
822 4474 1051 4547 ούρανοῦ
1080 4477 1172 4531 καὶ
1201 4476 1475 4549 Θαλάσσης
1507 4479 1602 4531 καὶ
1636 4480 1854 4534 πάντων

1963 4483 2157 4537 resque
2183 4485 2374 4526 omnes
2404 4483 2600 4528 creatae
2628 4474 2868 4532 fuerunt.

285 4572 505 4642 ποιητής
533 4571 706 4623 ἐστιν.

351 4668 496 4738 Στίχ.
532 4673 689 4736 ι’-ιγ⁴.
735 4698 803 4708 —
840 4668 1213 4741 Ἐφοὸήθησαν
1243 4671 1293 4724 oi
1338 4672 1528 4743 ἄνδρες
1561 4673 1858 4742 ἀκηκοότες

287 4755 467 4821 ταῦτα,
491 4756 568 4821 ὡς
592 4756 660 4809 ἂν
683 4756 781 4809 τοῦ
805 4756 1021 4811 πάντων
1047 4758 1270 4828 ποιητοῦ
1297 4761 1417 4812 κατ’
1440 4760 1619 4813 αὐτῶν
1643 4778 1858 4832 κεκινη-

290 4847 441 4917 μένου
467 4865 482 4878 ·
516 4846 642 4901 ὅθεν
687 4848 785 4901 καὶ
827 4849 920 4901 τὸν
968 4851 1248 4922 προφήτην
1295 4851 1555 4921 ἠρώτων*
1592 4851 1655 4904 Τί
1702 4852 1858 4905 τοῦτο

289 4939 575 5011 ἔποίησαςς
608 4941 704 4994 καὶ
729 4940 1027 5013 ἐπειδήπερ
1052 4941 1294 5011 ἔγνωσαν
1325 4942 1484 4997 αὑτὸν
1512 4944 1577 4996 ἐκ
1604 4941 1696 4997 τοῦ
1722 4942 1856 4996 Θεοῦ

289 5032 604 5101 πεφευγέναι
662 5033 764 5105 τὴν
813 5032 1117 5104 ὑπόμνησιν
1159 5033 1473 5087 ἐκκλίνοντα
1501 5034 1601 5106 τὴν
1630 5035 1856 5099 ἐκεῖθεν,

290 5117 399 5176 εἶτα
435 5123 514 5193 τῷ
563 5124 792 5195 παρόντι
824 5124 924 5177 σὺν
951 5124 1131 5187 αὐτοῖς
1163 5126 1639 5197 περιπεπτωκέναι
1681 5126 1855 5197 κακῷ,

291 5211 359 5279 (ρ.
382 5212 507 5285 ΞΠ)
537 5214 614 5278 ὡς
647 5215 713 5268 ἂν
746 5214 900 5284 γνοίη
935 5215 1206 5285 πανταχοῦ
1241 5216 1481 5287 παρόντα
1508 5235 1567 5270 τε
1592 5218 1681 5270 τὸν
1705 5218 1855 5280 Θεὸν,

290 5301 375 5354 καὶ
395 5304 594 5374 ὁμοίιος
629 5304 945 5377 ἁπανταχοῦ
972 5304 1039 5359 τὰ
1066 5303 1325 5360 δοκοῦντα
1352 5308 1733 5379 ἐργαζόμενον,
1766 5308 1860 5361 καὶ

288 5394 415 5464 μηδὲ
456 5391 567 5451 οἶόν
608 5414 669 5451 τε
698 5392 840 5451 εἶναι
869 5399 1060 5466 φυγεῖν
1089 5398 1178 5451 τὸν
1209 5398 1450 5452 τοιοῦτον
1477 5416 1490 5431 ·
1535 5400 1669 5470 πρὸς
1700 5401 1859 5453 αὑτὸν

285 5480 342 5552 δὴ
366 5485 548 5542 λοιπὸν
576 5487 672 5542 τὸν
708 5489 1002 5560 προφήτην
1036 5487 1198 5557 φασίν
1217 5506 1231 5519 ο
1290 5506 1309 5540 t
1338 5488 1403 5541 Τί
1430 5505 1509 5541 σοι
1539 5491 1856 5560 ποιήσομεν,

288 5576 371 5628 καὶ
398 5579 628 5634 κοπάσει
665 5579 707 5651 ή
734 5578 982 5633 θάλασσα
1016 5579 1105 5647 ἀφ’
1140 5577 1332 5648 ἡμῶνς
1368 5598 1386 5629 ι
1457 5578 1549 5632 Ἐκ
1594 5580 1698 5650 γὰρ
1751 5582 1859 5634 τῶν

288 5667 576 5740 εἰρημένων
610 5672 679 5725 τά
716 5670 849 5742 περὶ
878 5668 1041 5722 αὐτὸν
1076 5669 1395 5735 ἐγνωκότες.
1426 5670 1519 5722 καὶ
1542 5671 1620 5723 ὅτι
1652 5672 1861 5741 ὑπηρέ-

283 5768 371 5826 της
401 5776 457 5813 τε
491 5762 586 5815 καὶ
638 5760 936 5832 προφήτης
984 5759 1096 5810 ἐστὶ
1124 5757 1217 5810 τοῦ
1261 5757 1417 5823 Θεοῦ,
1450 5759 1541 5811 καὶ
1576 5760 1637 5830 δὴ
1670 5763 1759 5814 καὶ
1793 5761 1860 5814 τὰ

2031 4662 2196 4719 Vsns.
2245 4667 2431 4725 lO-l3.
2456 4700 2520 4709 —
2543 4668 2662 4736 Quo
2701 4671 2908 4740 audito,
2982 4686 3320 4745 expaverunt
3353 4678 3534 4736 homi-

1959 4772 2096 4823 nes,
2159 4760 2305 4828 quod
2367 4762 2624 4816 nimirum
2680 4765 2950 4821 universa
3009 4776 3219 4825 natura!
3278 4773 3531 4829 conditor

1960 4861 2159 4905 contra
2190 4865 2253 4906 se
2286 4862 2598 4910 commotus
2638 4855 2854 4912 fuisset.
2889 4857 3255 4925 Quamobrem
3292 4866 3531 4935 prophe-

1960 4949 2069 4997 tam
2121 4944 2566 5013 sciscitabantur,
2612 4950 2888 5018 quodnam
2931 4953 3138 5008 crimen
3183 4957 3532 5023 patravisset.

1967 5032 2087 5087 Mox
2128 5035 2218 5089 ubi
2256 5036 2401 5091 hunc
2432 5037 2616 5108 fugere
2646 5056 2675 5093 a
2709 5041 2819 5097 Deo
2840 5050 3231 5114 cognoverunt,
3272 5054 3436 5116 atque
3461 5050 3533 5104 ab

1960 5123 2079 5193 ejus
2112 5126 2573 5185 admonitionibus
2598 5131 2905 5199 declinare;
2946 5134 3177 5202 ideoque
3207 5135 3260 5189 in
3292 5152 3533 5206 praesen—

1965 5222 2074 5268 tcm
2126 5229 2250 5269 cum
2287 5215 2427 5286 ipsis
2466 5220 2831 5276 calamitatem
2874 5224 3195 5288 incurrisse,
3230 5235 3288 5279 ut
3328 5243 3535 5299 cogno-

1963 5315 2141 5360 sceret
2187 5306 2355 5361 Deum
2399 5309 2599 5379 ubique
2639 5310 2925 5378 interesse,
2969 5315 3231 5385 nulloque
3273 5316 3397 5373 loco
3420 5335 3530 5377 non

1963 5411 2061 5450 sua
2110 5397 2308 5466 placita
2360 5399 2559 5463 facere,
2588 5416 2764 5471 neque
2798 5402 2909 5458 fieri
2961 5421 3144 5476 posse,
3189 5417 3248 5464 ut
3282 5413 3534 5467 mortalis

1962 5489 2250 5558 quisquam
2303 5492 2371 5546 ab
2412 5493 2533 5561 ejus
2572 5502 2843 5563 potestate
2886 5496 3165 5567 discedat;
3206 5504 3528 5574 prophetam

1962 5580 2158 5635 deinde
2203 5590 2379 5638 nauta:
2426 5586 2727 5655 rogabant:
2773 5606 2791 5639 ι
2821 5586 2959 5654 Quid
3010 5590 3107 5646 tibi
3160 5592 3422 5649 faciemus
3475 5603 3535 5648 ut

1961 5685 2109 5724 mare
2164 5672 2320 5727 nobis
2379 5674 2639 5730 sedetur?
2686 5697 2703 5728 ι
2767 5677 2901 5732 Nam
2962 5696 3025 5735 ex
3092 5681 3257 5738 dictis
3312 5688 3532 5753 cognita

1966 5763 2199 5821 hominis
2227 5781 2478 5834 persona,
2525 5785 2715 5840 nempe
2742 5773 2885 5842 quod
2919 5773 3154 5829 famulus
3182 5783 3234 5829 et
3268 5775 3533 5844 propheta
