3966 6134
368 361 473 395 τῖε

1514 438 1521 446 ι
1555 359 1903 418 τιιεοοοιιι
1943 366 1945 416 ς

2052 360 2428 421 PSUESTENI

3520 361 3628 421 336

373 475 463 530 Dei
507 484 683 537 esset:
736 476 858 531 cum
891 477 1032 530 laeta
1087 488 1308 545 quoque
1353 476 1534 533 verbis
1582 487 1945 535 consentanea

2058 481 2353 552 πράγματα
2377 478 2665 548 συνᾴδοντα
2687 480 2798 544 τοῖς
2822 480 3133 552 λεγομένοις
3153 480 3473 550 ἐγνωκότες,
3498 487 3630 553 παρ’

371 569 792 641 comperissent,
836 570 904 623 ab
930 583 997 623 eo
1033 566 1248 623 discere
1277 569 1591 632 voluerunt,
1638 571 1773 639 quid
1819 586 1849 624 a
1892 586 1951 626 se

373 660 486 715 fieri
519 667 792 730 oporteret
822 660 894 714 ob
922 659 1316 729 impetrandam
1365 661 1654 731 praesentis
1692 661 1816 715 mali
1868 660 1952 715 fu-

370 767 514 822 gam.
558 748 729 803 Porro
776 748 928 803 addit
986 748 1311 819 Scriptura,
1364 764 1513 803 mare
1569 749 1949 803 vehementius

372 842 661 904 ferbuisse,
696 838 1007 909 ﬂuctusque
1038 840 1278 909 majores
1309 841 1612 905 extulisse;
1649 848 1949 910 tempesta-

371 933 439 986 tis
483 931 693 986 scilicet
739 930 1134 985 incrementum
1185 929 1525 999 signiﬁcans,
1577 930 1738 999 cujus
1781 945 1949 986 causa

369 1036 484 1074 rem
530 1020 809 1090 negligere
837 1026 1016 1073 nautae
1051 1034 1157 1072 non
1195 1026 1470 1088 poterant.
1505 1019 1711 1074 Deinde
1750 1020 1901 1074 addit
1930 1040 1944 1075 :

375 1128 393 1160 ι
428 1108 681 1178 Dixitque
715 1109 796 1163 eis
827 1104 1229 1162 Jona’s:'l‘o|lite
1254 1124 1338 1161 me
1374 1117 1428 1161 et
1465 1107 1635 1176 jacite
1674 1109 1732 1162 in
1774 1124 1944 1173 mare,

369 1198 515 1265 quod
548 1197 696 1251 illico
732 1196 890 1251 vobis
935 1195 1251 1251 sedabitur:
1299 1197 1425 1249 novi
1464 1197 1609 1251 enim
1649 1199 1944 1268 procellam

372 1288 647 1359 ingentem
689 1286 830 1341 hanc
859 1287 966 1342 mei
997 1301 1164 1342 causa
1207 1285 1362 1342 vobis
1399 1289 1713 1343 excitatam.
1750 1309 1769 1342 ι
1817 1290 1944 1361 Ego,

369 1379 571 1449 inquit,
609 1379 808 1434 borum
855 1378 1012 1434 vobis
1061 1378 1216 1447 origo
1266 1381 1533 1433 malorum
1581 1396 1745 1436 sum:
1781 1398 1949 1452 quare

369 1469 575 1524 suadeo
621 1478 680 1524 ut
721 1484 806 1524 me
856 1470 914 1523 in
953 1467 1284 1538 profundum
1335 1471 1629 1541 mergatis,
1672 1487 1783 1541 quo
1828 1487 1946 1542 pa:-

370 1576 468 1614 nas
501 1559 621 1614 dcm
661 1561 835 1630 culpae
885 1575 1019 1614 mea:
1068 1561 1122 1614 in
1174 1560 1364 1627 Deum,
1418 1577 1623 1632 vosque
1661 1563 1813 1619 necis
1862 1565 1947 1617 la-

367 1666 511 1719 queo
555 1650 941 1721 expediat-uini.
1001 1649 1386 1706 Verumtamen
1444 1653 1523 1706 illi
1578 1652 1946 1723 periculosum

372 1740 529 1813 163
554 1741 933 1796 existimantes
967 1740 1130 1795 talem
1174 1741 1351 1794 virum
1386 1741 1591 1810 Deique
1620 1741 1946 1796 familiarem

2051 572 2217 626 αὑτοῦ
2267 572 2458 645 μαθεῖν
2503 570 2871 643 ἐϐουλήθησαν
2914 573 2967 627 τί
3010 573 3075 644 δὴ
3123 577 3397 645 προσῆκεν
3432 573 3631 637 αὐτοὺς

2051 662 2450 734 διαπράξασθαι
2478 663 2573 716 καὶ
2599 663 2976 735 ἀπαλλαγῆναι
3009 664 3102 718 τοῦ
3139 665 3404 736 παρόντος
3431 664 3628 720 κακοῦ.

2051 759 2157 811 Kal.
2180 757 2393 827 ἐπάγειο
2425 757 2504 811 ὅτι
2535 775 2554 809 ‹
2592 756 2652 811 ἸΙ
2673 756 2917 812 θάλασσα
2943 755 3232 828 ἐπορεύετο
3260 758 3353 811 καὶ
3379 756 3630 827 ἐξήγειρε

2057 849 2256 917 μᾶλλον
2292 847 2553 901 κλύδωνα·
2584 867 2603 901 ι
2634 835 2846 911 δεικνὺς
2878 848 2959 900 ὅτι
2986 845 3301 917 προσθήκην
3334 847 3420 899 ἀεὶ
3444 847 3511 899 τά
3534 845 3628 899 τοῦ

2049 939 2316 1009 χειμῶνος
2363 939 2594 1009 ἐδέχετο,
2622 938 2696 1001 ὡς
2742 938 2807 992 ἂν
2860 937 2932 1009 μὴ
2978 936 3033 991 ἐν
3067 937 3295 1008 ἀμελείᾳ
3325 937 3373 988 οἱ
3403 936 3541 989 κατὰ
3568 936 3630 989 τὸ

2050 1029 2231 1082 πλοῖον
2265 1029 2405 1083 θεῖεν
2445 1029 2506 1082 τὸ
2538 1029 2838 1099 γινόμενον.
2894 1022 3026 1083 Εἶτά
3068 1045 3200 1099 φησι
3225 1044 3239 1057 '
3281 1047 3299 1078 ι
3331 1028 3441 1081 Καὶ
3475 1025 3632 1103 εἶπεν

2063 1122 2248 1186 Ἰωνᾶς
2273 1122 2408 1193 πρὸς
2441 1123 2655 1185 αὐτούς·
2688 1124 2890 1193 Ἀρατε
2922 1120 3015 1173 καλ⁸
3041 1118 3302 1190 ἐμϐάλετέ
3334 1137 3400 1189 με
3427 1120 3505 1182 είς
3530 1118 3630 1188 τῆν

2050 1212 2324 1267 θάλασσαν
2344 1254 2358 1277 ,
2406 1213 2500 1266 καὶ
2533 1214 2760 1267 κοπάσει
2792 1211 2825 1282 ἡ
2858 1211 3098 1266 θάλασσα
3129 1213 3220 1280 ἀφ’
3253 1210 3405 1280 ὑμῶν
3433 1227 3446 1240 ·
3495 1209 3629 1262 διότι

2049 1303 2260 1372 ἔγνωκα
2289 1302 2397 1373 ἐγὼ
2428 1305 2509 1356 ὅτι
2537 1303 2601 1357 δι’
2632 1303 2730 1373 ἐμὲ
2764 1306 2791 1356 ὁ
2816 1301 3020 1355 κλύδων
3046 1295 3202 1364 οὗτος
3229 1300 3256 1355 ό
3286 1300 3458 1370 μέγας
3479 1300 3629 1352 ἐστὶν

2048 1395 2132 1462 ἐφ’
2166 1396 2329 1466 ὑμᾶς.
2356 1414 2374 1447 ›
2424 1394 2566 1463 Ἐγὼ
2594 1396 2691 1465 μὲν
2720 1393 2849 1463 γὰρ,
2887 1393 3042 1463 φησὶ.
3077 1392 3280 1445 τούτων
3308 1391 3479 1453 αἴτιος
3499 1390 3629 1459 ὑμῖν

2049 1487 2165 1555 είμι
2194 1485 2302 1537 τῶν
2331 1485 2516 1540 κακῶν
2543 1504 2555 1517 ·
2609 1484 2960 1556 συμϐουλεύω
2991 1485 3046 1537 δὲ
3079 1484 3209 1556 ὑμῖν
3255 1484 3410 1553 ῥῖψαί
3445 1502 3511 1555 με
3547 1486 3629 1546 είς

2048 1574 2144 1646 τὴν
2169 1574 2465 1641 Θάλασσαν,
2501 1575 2576 1637 ὡς
2613 1575 2677 1628 ἂν
2707 1576 2817 1643 ἐγὼ
2842 1576 2992 1646 δοίην
3021 1576 3176 1638 δίκας
3204 1574 3343 1644 ὺπέρ
3376 1575 3411 1629 δι
3440 1576 3626 1646 ἦμαρ·-

2047 1685 2138 1720 τον
2165 1668 2244 1731 είς
2271 1667 2424 1731 Θεὸν,
2454 1668 2605 1721 αὐτοί
2632 1684 2690 1720 τε
2727 1666 2879 1720 λύσιν
2902 1667 3013 1720 ’τῶν
3042 1666 3377 1736 κατεχόντων
3409 1665 3626 1719 λάϐοιτε

2049 1759 2234 1814 κακῶν
2260 1776 2273 1790 ·
2330 1760 2445 1813 ἀλλ’
2489 1760 2686 1813 ἐκεῖνοί
2725 1776 2790 1828 γε
2841 1753 3106 1829 σφαλερὸν
3144 1753 3282 1811 εἶναι
3311 1757 3627 1828 νομίζοντες
3700 1802 3704 1806 ,

369 1840 426 1890 in
462 1850 613 1890 mare
656 1843 862 1891 temere
903 1834 1165 1902 abjicere,
1205 1834 1412 1887 dabant
1444 1841 1667 1889 strenue
1695 1848 1940 1904 operam,

2052 1850 2212 1921 ivdpa
2254 1849 2504 1904 τοσοῦτον
2549 1849 2644 1903 καὶ
2689 1847 2806 1921 Θεῷ
2843 1849 3185 1921 προσήκοντα
3231 1850 3309 1911 είς
3354 1847 3626 1903 θάλατταν

368 1928 414 1981 si
463 1925 576 1980 lieri
609 1934 795 1995 posset
827 1932 886 1978 ut
934 1924 1000 1978 ad
1041 1924 1171 1979 litus
1207 1925 1385 1978 navim
1433 1925 1790 1994 appelleutes,
1819 1940 1945 1995 pro-

368 2016 582 2085 plietam
620 2024 978 2086 exponerent.
1037 2013 1142 2068 Sed
1197 2031 1322 2069 cum
1375 2015 1428 2070 id
1484 2017 1704 2087 assequi
1743 2017 1942 2087 nequi-

371 2108 598 2173 vissent,
631 2105 961 2177 graviorque
984 2105 1153 2161 maris
1171 2113 1339 2161 aestus
1362 2106 1534 2172 ﬁeret,
1560 2107 1771 2177 praefati
1797 2108 1942 2180 apud

371 2199 539 2253 Deum
581 2197 683 2263 rei,
730 2211 894 2266 quam
931 2196 1111 2251 acturi
1159 2204 1338 2260 erant,
1390 2199 1825 2263 excusationem,
1867 2199 1941 2254 ita

368 2290 585 2344 denmm
608 2287 928 2359 prophetam
963 2286 1018 2341 in
1042 2301 1191 2343 mare
1212 2286 1549 2357 deiecerunt.

440 2579 608 2637 Vens.
645 2581 836 2635 {4-16.
871 2609 939 2620 -ο
976 2580 1189 2650 Quippe
1212 2579 1288 2633 ait
1319 2577 1640 2645 Scriptura:
1685 2594 1702 2626 ι
1741 2576 1939 2631 Excla-

368 2677 658 2725 maverunt
685 2669 752 2724 ad
784 2667 1070 2722 Dominum
1107 2687 1119 2722 :
1145 2665 1223 2722 Ne
1253 2681 1556 2737 pereamus,
1589 2664 1837 2732 Domine,
1872 2667 1941 2722 ob

368 2760 532 2829 hujus
562 2759 797 2815 hominis
827 2759 1014 2824 vitam,
1053 2773 1230 2827 neque
1273 2757 1592 2827 sanguinem
1644 2756 1940 2811 innocuum

368 2853 528 2908 nobis
558 2852 815 2922 imputes,
844 2852 972 2921 quia
986 2860 1081 2913 ‘tu,
1117 2849 1366 2913 Domine,
1397 2858 1559 2920 prout
1592 2848 1687 2904 tibi
1724 2849 1940 2904 libitum

369 2945 470 2997 fuit
504 2959 616 2998 rem
640 2943 878 3012 gessisti.
918 2960 936 2994 ι
972 2941 1049 2996 Ne
1090 2955 1304 3011 paruas,
1343 2942 1619 3010 inquiunt,
1672 2938 1739 2994 de
1780 2940 1941 2996 nobis

368 3045 579 3093 sumas,
605 3030 757 3098 quasi
799 3029 1069 3083 hominem
1099 3029 1308 3097 justum
1351 3029 1471 3083 sine
1494 3043 1661 3082 causa
1693 3029 1746 3081 in
1793 3043 1942 3083 mare

366 3123 697 3196 jecerimus;
738 3121 896 3175 nobis
925 3121 1069 3174 ertim
1088 3135 1416 3191 magnopere
1443 3122 1498 3175 in
1523 3121 1667 3176 votis
1698 3130 1811 3176 erat
1846 3122 1942 3176 ho-

2052 1941 2236 2004 ἁπλῶς
2267 1943 2565 2013 ἐκρίπτειν,
2598 1941 2958 2011 ἐφιλονείκουν
2988 1940 3041 1993 εί
3065 1954 3180 2004 πως
3206 1933 3315 1993 οἷόν
3334 1957 3392 1993 τε
3415 1940 3506 1994 ἐπὶ
3524 1939 3625 2010 τὴν

2049 2033 2152 2103 γῆν
2188 2033 2588 2097 ἐπανελθόντες,
2634 2014 2807 2095 οὕτως
2837 2030 2929 2084 τοῦ
2981 2031 3167 2085 πλοίου
3202 2032 3290 2084 τὸν
3342 2031 3626 2104 προφήτην

2049 2118 2363 2187 ἐξαγαγεῖν·
2427 2120 2446 2175 ί
2469 2135 2520 2189 p.
2556 2119 2702 2190 248)
2754 2119 2940 2191 ἐπειδὴ
2991 2119 3048 2172 δέ
3100 2118 3259 2173 τοῦτο
3301 2123 3472 2173 ποιεῖν
3519 2122 3623 2173 οὐκ

2046 2210 2309 2282 ἠδύναντο
2353 2210 2728 2282 ἐπιτεινούσης
2769 2212 2953 2274 αὐτοῖς
2996 2210 3084 2264 τὸν
3121 2211 3363 2281 χειμῶνα
3393 2211 3492 2281 τῆς
3524 2212 3625 2265 θα-

2048 2304 2284 2375 λάσσης,
2335 2302 2802 2374 ἀπολογησάμενοι
2843 2303 2919 2372 τῷ
2959 2302 3078 2373 Θεῷ
3105 2303 3246 2375 ὑπὲρ
3274 2297 3333 2357 οὗ
3361 2304 3422 2375 δὴ
3453 2308 3626 2375 πράτ-

2047 2412 2162 2448 τειν
2205 2394 2468 2467 ἤμελλον,
2519 2392 2661 2447 οὕτω
2692 2396 2757 2465 τῇ
2802 2393 3047 2470 θαλάσσῃ
3089 2394 3182 2448 τὸν
3220 2397 3503 2468 προφήτην
3535 2399 3622 2449 ἐν-

2022 2512 2023 2515 η
2049 2487 2259 2541 ἔϐαλον.

2119 2576 2265 2646 Στίχ.
2294 2575 2487 2640 ιδ’-ις’.
2514 2608 2583 2616 -
2604 2575 2765 2644 Λέγει
2791 2577 2899 2650 γάρ
2928 2575 3119 2641 οὕτως·
3157 2577 3296 2631 «Kal.
3323 2577 3625 2648 ἀνεϐόησαν

2048 2667 2183 2738 πρὸς
2213 2667 2415 2739 Κύριον
2462 2668 2555 2721 καὶ
2600 2664 2778 2721 εἶπαν·
2814 2669 3116 2740 Μηδαμῶς.
3151 2669 3341 2741 Κύριε,
3382 2671 3454 2741 μὴ
3488 2671 3624 2723 ἀπο-

2047 2755 2263 2826 λώμεθα
2296 2756 2479 2808 ἕνεκεν
2507 2759 2606 2826 τῆς
2634 2756 2811 2827 ψυχῆς
2840 2757 2930 2810 τοῦ
2960 2757 3246 2829 ἀνθρώπου
3276 2758 3483 2823 τούτου,
3526 2758 3624 2811 καὶ

2051 2847 2124 2918 μὴ
2148 2846 2290 2917 δῴης
2322 2848 2404 2915 ἐφ’
2435 2848 2583 2917 ἡμᾶς
2612 2842 2749 2917 αἷμα
2775 2848 2980 2902 δίκαιον
3003 2867 3015 2880 υ
3055 2849 3187 2902 διότι
3223 2850 3307 2913 σὺ,
3341 2848 3527 2919 Κύριε,
3561 2849 3625 2902 εν

2046 2940 2243 3008 τρόπον
2271 2938 2490 2992 ἐϐούλου
2519 2940 2840 3010 πεποίηκας.
2870 2961 2887 2993 ο
2925 2941 3016 3011 Μὴ
3038 2942 3145 3011 γάρ
3168 2941 3253 3011 δὴ,
3284 2942 3437 3011 φησι,
3458 2959 3626 3011 τιμω-

2052 3029 2171 3100 ρίαν
2200 3031 2330 3100 ἡμῖν
2358 3030 2669 3101 ἐπαγάγῃς,
2700 3031 2775 3094 ὡς
2806 3030 2871 3085 ἂν
2899 3032 3104 3085 δίκαιον
3133 3032 3308 3102 μάτην
3339 3033 3624 3101 dim-ouem

2049 3124 2127 3184 είς
2157 3121 2450 3186 θάλασσαν,
2480 3123 2666 3193 ἐπειδὴ
2691 3125 2821 3194 ἡμῖν
2851 3124 2947 3193 μὲν
2976 3119 3042 3195 ἦν
3076 3124 3203 3194 περὶ
3233 3125 3485 3177 πλείστου
3516 3141 3619 3176 σω-

368 3215 569 3269 minem
592 3227 917 3267 conservare
942 3230 957 3266 :
999 3212 1093 3268 sed
1134 3212 1291 3267 aliter
1318 3212 1415 3266 tibi
1446 3213 1621 3267 visum
1663 3213 1788 3268 inde
1809 3228 1941 3267 con-

2052 3212 2203 3283 θῆναι
2229 3212 2320 3266 τὸν
2346 3214 2530 3285 ἄνδρα·
2566 3215 2624 3267 ού
2653 3215 2841 3284 γέγονε
2868 3216 2925 3269 δέ
2953 3215 3129 3280 τοῦτο,
3162 3217 3236 3279 ὡς
3261 3215 3405 3269 ἐοικέ
3433 3233 3513 3268 σοι
3545 3214 3622 3286 μὴ

367 3312 498 3369 stat,
532 3305 676 3375 quod
725 3313 885 3358 aucta
919 3304 1180 3374 procella,
1210 3302 1357 3357 baud
1408 3319 1509 3358 nos
1551 3305 1726 3360 sivisti
1780 3305 1945 3361 saluti

367 3396 606 3453 hominis
636 3395 941 3450 consulere.
976 3394 1072 3450 llis
1101 3411 1198 3466 pro
1233 3410 1291 3450 se
1324 3395 1467 3464 apud
1494 3394 1663 3450 Deum
1704 3411 1946 3466 perora-

366 3489 458 3549 tis,
487 3485 683 3542 Jonam
729 3487 866 3557 mari
903 3494 1244 3552 merserunt;
1282 3495 1444 3556 atque
1504 3488 1649 3541 illico
1693 3490 1947 3558 procellae

367 3578 549 3632 omnis
566 3575 748 3632 fervor
772 3578 1013 3647 quievit:
1039 3577 1186 3632 unde
1215 3585 1268 3631 ct
1297 3578 1445 3647 gravi
1476 3586 1687 3633 terrore
1708 3578 1945 3649 correpti

368 3679 494 3725 sunt
527 3675 793 3735 vectores,
823 3670 1061 3740 supremi
1098 3668 1308 3721 Domini
1360 3669 1600 3737 potentia
1620 3671 1824 3741 agnita,
1852 3671 1944 3741 qui

369 3776 519 3815 mare
544 3775 644 3830 pro
675 3759 829 3816 libito
854 3769 1258 3825 commoverat,
1299 3760 1598 3832 eodemque
1633 3777 1754 3815 mox
1791 3756 1945 3818 libito

368 3854 615 3923 quietum
649 3838 998 3923 praestiterat.
1050 3851 1187 3907 Exin
1223 3853 1462 3920 additur,
1498 3850 1643 3923 quod
1683 3870 1700 3903 ι
1748 3859 1801 3907 et
1835 3852 1944 3906 Do-

368 3947 518 4000 mino
574 3942 1022 4007 sacriﬁcaverint,
1072 3953 1127 4000 et
1177 3955 1299 4001 vota
1348 3947 1722 4015 conceperint.
1754 3963 1772 3996 ι
1824 3942 1945 3998 Non

370 4037 514 4107 quod
543 4036 614 4092 ibi
647 4038 830 4092 statim
854 4036 1089 4091 Domino
1116 4052 1272 4092 sacra
1302 4035 1565 4101 fecerint;
1594 4051 1771 4106 neque
1799 4036 1943 4091 enim

373 4128 429 4181 in
464 4126 592 4180 navi
626 4126 839 4182 hostias
877 4127 1112 4182 oblaturi
1140 4136 1295 4183 erant
1333 4146 1347 4181 :
1390 4127 1484 4181 sed
1532 4124 1814 4196 Scriptura
1866 4126 1944 4181 si-

370 4217 610 4287 gniﬁcat,
643 4227 888 4272 vectores
925 4217 1049 4274 illos
1070 4218 1229 4288 plane
1267 4219 1333 4272 ab
1356 4216 1516 4273 idolis
1537 4214 1827 4281 defecisse,
1863 4233 1947 4273 sc-

370 4323 480 4376 quo
508 4306 602 4362 Dei
634 4308 804 4361 cultui
837 4305 1150 4375 addixisse;
1185 4309 1288 4365 tide
1323 4308 1471 4374 data,
1506 4323 1566 4363 se
1595 4308 1850 4378 deinceps
1890 4308 1943 4364 iu

369 4402 492 4470 rjus
519 4397 782 4454 famulatu
824 4400 1061 4465 futuros,
1088 4400 1409 4472 debitasque
1451 4399 1701 4456 victimas
1745 4401 1944 4458 immo-

371 4496 600 4550 laturos.
635 4493 689 4549 ld
720 4495 864 4549 enirn
899 4493 1172 4565 significat
1198 4503 1324 4549 vota
1347 4492 1659 4564 concipere.

2046 3304 2236 3359 δοκοῦν
2256 3344 2272 3369 ,
2307 3306 2399 3375 ἀφ’
2431 3297 2505 3360 ὧν
2529 3307 2934 3378 ἐπιτεινόμενος
2968 3310 2996 3360 ό
3029 3307 3235 3361 κλύδων
3264 3309 3437 3361 ποιεῖν
3468 3309 3621 3378 ἡμᾶς

2045 3396 2114 3450 τὰ
2142 3399 2222 3460 είς
2253 3399 2525 3468 σωτηρίαν
2551 3398 2644 3452 τοῦ
2675 3399 2962 3470 ἀνθρώπου
2989 3401 3089 3453 οὐκ
3117 3401 3203 3453 εἴα
3226 3417 3238 3431 ο
3272 3400 3413 3453 οὕτω
3446 3417 3504 3452 τε
3532 3401 3622 3453 διά

2046 3487 2253 3539 τούτων
2303 3488 2827 3559 ἀπο.ίο)ηῖσάμενοι
2872 3490 2952 3555 τῷ
3001 3489 3122 3555 Θεῷ
3177 3491 3283 3544 τῶν
3336 3490 3622 3560 ῥημάτων,

2047 3576 2299 3633 ἐνέϐαλον
2341 3579 2430 3631 τὸν
2476 3579 2656 3633 Ἰωνᾶν
2705 3583 2785 3645 είς
2811 3582 2906 3652 τὴν
2943 3582 3246 3636 θάλασσαν’
3279 3581 3371 3634 καὶ
3406 3581 3566 3644 εὐθὺς
3592 3582 3625 3633 ὁ

2047 3667 2252 3721 κλύδων
2279 3670 2422 3732 ἄπας
2450 3670 2724 3725 ἐπαύσατο
2747 3689 2760 3703 ·
2803 3672 2942 3725 ὥστε
2978 3674 3071 3726 καὶ
3102 3674 3249 3744 φόϐῳ
3275 3674 3495 3744 μεγάλῳ
3521 3690 3623 3726 κα-

2046 3761 2372 3831 τασχεθῆναι
2411 3763 2533 3825 τοὺς
2565 3763 2793 3834 ἄνδρας,
2837 3764 3204 3835 θεασαμένους
3238 3766 3336 3837 τὴν
3371 3766 3625 3829 ἐξουσίαν

2045 3851 2139 3904 τοῦ
2171 3854 2384 3906 πάντων
2416 3856 2641 3926 Κυρίου,
2666 3856 2723 3919 ὃς
2754 3856 2845 3908 καὶ
2875 3857 3193 3931 συνεκίνησε
3220 3857 3318 3927 τὴν
3345 3856 3621 3910 θάλασσαν

2046 3943 2121 4006 ὡς
2150 3944 2398 3998 ἐϐούλετο
2422 3985 2435 4008 ,
2483 3948 2577 3998 καὶ
2609 3946 2887 4017 βουληθεὶς
2917 3949 3086 4018 αὐτὴν
3132 3949 3258 4001 εὐθὺ
3301 3949 3394 4002 καὶ
3441 3964 3625 4019 παρα-

2048 4036 2236 4107 χρῆμα
2263 4038 2442 4090 πᾶσαν
2478 4039 2556 4100 εἰς
2588 4038 2828 4111 γαλήνην
2865 4040 3211 4111 μετέστησεν.
3240 4032 3379 4095 Εἶτα
3404 4043 3622 4109 ἐπάγει,

2046 4130 2127 4182 ὅτι
2167 4148 2185 4179 ‹
2216 4130 2324 4183 Καὶ
2352 4129 2548 4183 ἔθυσαν
2581 4131 2659 4201 τῷ
2705 4133 2895 4204 Κυρίῳ
2940 4134 3033 4186 καὶ
3077 4132 3309 4204 ηὔξαντο
3352 4134 3514 4204 εὐχάς
3541 4152 3573 4182 ·.
3599 4155 3618 4187 ι

2045 4221 2142 4289 οὐχ
2171 4221 2250 4272 ὅτι
2285 4222 2433 4290 παρά
2466 4221 2606 4275 αὐτὰ
2631 4222 2829 4277 ἔθυσαν
2852 4225 2930 4295 τῷ
2957 4225 3146 4297 Κυρίῳ
3179 4226 3351 4294 λέγων
3371 4244 3383 4257 ο
3428 4226 3489 4279 ού
3514 4228 3624 4300 γὰρ

2046 4311 2139 4365 ἐπὶ
2176 4310 2267 4365 τοῦ
2300 4311 2486 4365 πλοίου
2522 4312 2714 4379 θυσίας
2747 4316 2979 4386 quam
3028 4316 3296 4369 ἐπιτελεῖν
3321 4334 3335 4345 ο
3383 4317 3497 4369 ἀλλ’
3534 4317 3625 4371 ἵνα

2047 4403 2178 4473 εἴπῃ
2223 4402 2304 4454 ὃτι
2348 4402 2457 4456 τῶν
2505 4403 2738 4458 εἰδώλων
2789 4405 3065 4468 παντελῶς
3113 4405 3443 4470 ἀποστάντες
3468 4445 3481 4470 ,
3532 4408 3626 4459 ἀν-

2048 4495 2239 4551 έθεσαν
2286 4497 2484 4561 αὐτοὺς
2528 4500 2593 4567 τῇ
2622 4493 2716 4549 τοῦ
2768 4495 2903 4549 Θεοῦ
2940 4489 3205 4567 λατρεία,
3256 4497 3481 4568 (ρ.249)
3528 4488 3625 4551 καὶ

370 4590 667 4659 ὑπέσχοντο
688 4588 781 4642 τοῦ
811 4588 998 4643 λοιποῦ
1020 4590 1119 4661 τῆς
1146 4589 1309 4644 αὑτοῦ
1336 4588 1579 4650 δουλείας
1607 4585 1946 4654 ἀνθέξεσθαι,
1981 4590 2130 4651 αὐτῷ
2164 4609 2223 4645 τε
2252 4593 2344 4645 καὶ
2376 4593 2475 4654 τὰς
2506 4589 2851 4663 καθηκούσας
2890 4591 3179 4662 προσάξειν
3211 4589 3397 4653 θυσίας
3422 4608 3435 4623 ·
3465 4590 3625 4644 τοῦτο

369 4687 477 4756 γάρ
504 4684 653 4752 λέγει
682 4684 763 4750 τὸ,
799 4685 1073 4750 Ηῦξαντο
1109 4685 1313 4754 εὐχάς.

1025 4775 1180 4829 CAP.
1203 4774 1268 4829 Il.

442 4865 726 4922 chi-1.
753 4893 825 4906 —
852 4863 1023 4920 Porro
1050 4863 1218 4921 Jonas
1241 4865 1379 4920 mari
1404 4867 1592 4935 perdiu
1616 4865 1942 4938 iactabatur,

370 4953 547 5011 donec
586 4954 734 5011 Deus
753 4960 877 5009 ceto
925 4952 1120 5024 grandi
1155 4952 1460 5020 mandavit,
1507 4964 1568 5010 ut
1619 4953 1943 5024 naufragum

372 5049 694 5104 devoraret:
748 5045 908 5116 cujus
957 5044 1015 5099 in
1051 5053 1243 5100 ventre
1283 5054 1396 5102 tres
1446 5047 1563 5104 dies
1592 5047 1795 5103 mansit
1822 5056 1957 5102 tres-

374 5155 481 5209 que
501 5147 690 5196 noctes
726 5140 1079 5208 incorruptus
1109 5137 1270 5207 plane
1301 5139 1605 5209 propheta:
1644 5141 1717 5194 ita
1754 5145 1813 5193 ut
1839 5140 1955 5208 ipse

377 5234 765 5289 mirans'suam
797 5232 940 5285 intra
975 5229 1621 5289 cetumincolumitatcnf
1640 5238 1694 5285 et
1716 5230 1949 5299 integri-

375 5330 565 5385 tatem,
613 5320 774 5393 165,
820 5322 950 5376 dum
992 5321 1065 5377 ibi
1099 5336 1198 5376 ceu
1230 5321 1295 5383 in
1344 5322 1675 5378 domuncula
1717 5321 1952 5393 quadam

380 5421 495 5467 tute
515 5412 686 5482 degit,
716 5427 1018 5470 conversus
1049 5414 1114 5468 ad
1152 5429 1343 5483 preces
1388 5423 1495 5479 est,
1545 5430 1684 5486 quas
1718 5431 1785 5471 ex
1841 5414 1947 5469 ceti

378 5510 569 5558 ventre
600 5503 668 5557 ad
694 5502 865 5557 Deum
911 5505 1050 5560 fudit
1081 5525 1094 5560 :
1126 5520 1360 5575 quarum
1390 5516 1611 5578 preéum
1646 5508 1760 5561 haec
1783 5507 1947 5562 verba

380 5601 511 5649 sunt
533 5606 549 5646 :
570 5609 591 5645 ι
619 5593 863 5648 Clamavi
899 5594 968 5648 ad
996 5594 1285 5648 Dominum
1316 5596 1481 5652 Deum
1514 5612 1716 5660 meum,
1744 5598 1835 5666 qui
1861 5612 1948 5652 me

378 5684 697 5741 exaudivit:
731 5681 986 5735 emissam
1022 5683 1091 5737 de
1123 5693 1312 5738 ventre
1354 5685 1514 5740 inferi
1545 5686 1802 5741 clamoris
1843 5685 1944 5740 mei

379 5789 565 5832 vocem
597 5772 939 5831 auscuitnsti.
975 5790 992 5823 ι
1033 5770 1368 5827 Gravissima
1399 5788 1655 5843 pressura
1680 5776 1946 5839 irretitus,

2700 4772 2857 4824 ΚΕΦ.
2902 4772 2975 4824 Β’.

2123 4866 2268 4937 Στίχ.
2303 4867 2437 4931 α’·ξ.
2464 4896 2532 4905 --
2571 4866 2627 4919 Ὀ
2662 4867 2757 4936 μὲν
2786 4861 2878 4919 οὖν
2921 4866 3102 4929 Ἰωνᾶς
3134 4866 3225 4918 ἐπὶ
3258 4865 3504 4919 πλεῖστον
3535 4866 3627 4919 ἐπὶ

2052 4956 2152 5026 τῆς
2186 4955 2460 5029 θαλάσσης
2491 4957 2715 5026 ἐφέρετο
2739 4973 2753 4989 ο
2804 4954 3104 5026 προσέταξε
3122 4957 3191 5010 δὲ
3234 4957 3263 5009 ό
3305 4958 3437 5020 Θεὸς
3469 4958 3627 5028 κήτει

2055 5047 2274 5118 μεγάλῳ
2316 5049 2407 5101 ἐπὶ
2433 5049 2533 5118 τῆς
2571 5047 2844 5118 θαλάσσης
2895 5049 3194 5118 φερόμενον
3222 5052 3506 5103 καταπιεῖν
3533 5050 3628 5103 τὸν

2064 5137 2265 5201 Ἰωνᾶν,
2297 5132 2465 5210 οὗπερ
2500 5139 2557 5191 ὲν
2589 5140 2655 5208 τῇ
2688 5138 2865 5209 κοιλίᾳ
2893 5141 3041 5211 τρεῖς
3072 5140 3286 5211 ἡμέρας
3323 5158 3382 5194 τε
3412 5140 3506 5194 καὶ
3530 5138 3625 5192 νύ-

2052 5248 2184 5294 κτας
2229 5230 2524 5300 πεποίηκεν
2566 5230 2888 5300 ἀδιάφθορος
2918 5231 3195 5292 παντελῶς
3238 5232 3267 5284 ὁ
3296 5234 3580 5302 προφήτης
3610 5247 3623 5259 ·

2052 5320 2191 5374 ὥστε
2230 5321 2324 5374 καὶ
2356 5320 2515 5373 αὑτὸν
2544 5319 2900 5389 θαυμάσαντα
2923 5363 2936 5385 ,
2986 5321 3067 5373 ὃτι
3101 5336 3208 5391 περ
3251 5320 3491 5391 ἀϐλαϐὴς
3535 5321 3631 5389 ἐπὶ

2054 5410 2146 5466 τοῦ
2188 5414 2386 5481 κήτους
2430 5411 2771 5481 πεφύλακται
2817 5413 2913 5466 καὶ
2962 5413 3284 5485 ἀδιάφθορος
3328 5411 3624 5477 παντελῶς,

2055 5506 2131 5569 ὡς
2176 5506 2234 5557 ἐν
2283 5494 2510 5576 οἰκίσκῴ
2554 5506 2658 5558 τινὶ
2712 5504 2850 5576 μετά
2899 5506 3097 5577 πολλῆς
3148 5508 3481 5577 τυγχάνοντα
3530 5488 3637 5575 τῆς

2055 5595 2373 5665 ἀσφαλείας,
2397 5596 2488 5648 ἐπὶ
2519 5596 2825 5667 προσευχὴν
2853 5599 3122 5669 τραπῆναι
3145 5639 3158 5657 ,
3195 5599 3261 5669 ἢν
3288 5601 3349 5651 ἐκ
3393 5597 3489 5671 τῆς
3522 5616 3638 5653 κοιοι

2055 5686 2174 5749 λίας
2194 5686 2286 5739 τοῦ
2315 5689 2514 5757 κήτους
2531 5688 2811 5760 ἀνέπεμπε
2835 5689 2909 5760 τῷ
2937 5690 3072 5761 Θεῷ.
3104 5691 3186 5745 Τά
3205 5692 3258 5745 δέ
3275 5691 3376 5760 τῆς
3397 5707 3640 5763 προσευα

2055 5774 2156 5845 χ’ἡς
2188 5777 2405 5847 ῥήματα
2431 5778 2615 5831 τοῦτον
2645 5777 2752 5847 ἔχει
2783 5778 2872 5834 τὸν
2901 5779 3098 5850 τρόπον
3120 5796 3132 5811 ο
3187 5799 3205 5832 ι
3227 5778 3456 5849 Ἐϐόησα
3488 5774 3637 5848 πρὸς
