3966 6134
231 257 354 318 331

1302 264 1854 322 COMMENTARIUS
1891 263 1960 320 IN
1980 264 2172 322 ΙΟΝᾸΞ
2211 267 2364 322 CAP.
2405 265 2470 323 li.

3395 261 3502 318 533

237 380 448 452 Κύριον
473 377 564 434 τὸν
585 379 720 436 Θεόν
749 397 878 452 μου,
915 381 1010 436 καὶ
1047 381 1332 454 είσήκουοέ
1362 399 1486 455 μου⁶
1517 386 1584 440 ἐκ
1615 385 1820 450 κοιλίας

1929 392 2088 456 atque
2123 385 2176 440 in
2202 384 2338 456 ipsis
2371 386 2586 450 inferis,
2612 383 2917 456 desperatis
2947 383 3158 440 scilicet
3185 381 3364 446 malis,
3387 397 3514 438 ver-

237 471 369 544 ᾇδου
397 471 647 542 κραυγῆς
684 487 788 540 μου
812 471 1070 542 ἤκουσας,
1099 473 1282 543 φωνῆς
1313 490 1435 544 μου.
1460 493 1478 526 ι
1530 475 1620 528 Ἐν
1651 475 1820 546 βαρυο

240 559 380 633 cita
396 560 576 632 θλίψει
597 561 886 634 τυγχάνων
908 563 1004 616 καὶ
1025 563 1081 616 ἐν
1105 563 1252 634 αὐτῷ
1271 581 1334 633 γε
1359 565 1437 637 τῷ
1463 565 1564 638 ᾄδῃ
1586 567 1824 636 γεγονὼς

242 656 307 724 τῇ
337 653 444 705 τῶν
471 653 658 707 κακῶν
678 652 1007 723 ἀπογνώσει,
1038 654 1239 726 ἐϐόησα
1267 673 1327 710 τε
1357 658 1494 729 πρὸς
1525 659 1585 711 σὲ
1612 654 1705 712 καὶ
1725 659 1825 712 οὐκ

244 744 509 813 ἀπέτυχον
543 742 656 796 τῶν
683 745 974 814 αἰτήσεων.
1025 759 1053 794 ο
1085 743 1424 816 Ἀπέρῤιψάς
1459 763 1526 817 με
1573 749 1652 809 εἰς
1685 746 1822 817 βάθη

247 835 467 906 καρδίας
523 833 806 906 θαλάσσης
833 873 848 897 ,
906 837 998 889 καὶ
1049 835 1285 907 ποταμοί
1352 854 1418 907 με
1473 837 1820 892 ἐκύκλωσαν·

246 929 439 989 πάντες
485 929 538 980 οἱ
576 927 946 998 μετεωρισμοί
977 944 1072 981 σου
1113 929 1206 982 καὶ
1246 929 1316 983 τὰ
1344 929 1568 1000 κύματά
1602 945 1696 982 σου
1736 930 1824 983 ἐπ’

243 1020 338 1090 ἐμὲ
362 1017 602 1090 διῆλθον.
633 1038 656 1070 ›
706 1019 1083 1089 ’Δποφυγόντα
1109 1021 1220 1092 γὰρ
1257 1021 1358 1092 τὴν
1397 1021 1697 1092 ὑπουργίαν
1725 1022 1824 1092 τὴν

246 1113 358 1182 σὴν,
385 1113 659 1182 ἐμπεσεῖν
689 1127 751 1162 τε
779 1113 849 1182 τῇ
875 1110 1115 1184 θαλάττῃ
1143 1113 1474 1182 πεποίηκας,
1503 1113 1598 1166 καὶ
1627 1111 1822 1166 πολλοῦ

245 1221 382 1266 τινος
411 1202 748 1274 πειραθῆναι
773 1201 867 1254 τοῦ
910 1203 1178 1268 κλύδωνος
1203 1221 1218 1235 ο
1266 1205 1356 1273 ὑφ’
1383 1199 1445 1258 οὗ
1481 1205 1546 1275 δὴ
1572 1203 1709 1273 ἄγαν
1730 1221 1824 1258 τα-

248 1295 581 1364 ραττομένης
619 1293 721 1362 τῆς
759 1292 1028 1366 θαλάττης
1076 1295 1335 1366 ποταμῶν
1375 1294 1532 1365 δίκην
1577 1294 1825 1348 ἐντεῦθεν

245 1385 464 1457 ἐπέρρει
499 1401 596 1455 μοι
625 1385 736 1438 τῶν
775 1387 1036 1456 κυμάτων
1062 1387 1131 1439 τὰ
1161 1385 1348 1440 "udam.
1392 1388 1468 1456 (p.
1500 1387 1628 1456 250)
1662 1404 1680 1436 ι
1715 1379 1826 1439 Καὶ

247 1475 350 1543 ἐγὼ
377 1472 534 1528 εἷπον
561 1493 576 1506 ·
615 1476 904 1548 ’Ᾱπῶσμαι
935 1477 996 1542 ἐξ
1028 1476 1322 1546 ὀφθαλμῶν
1354 1495 1447 1531 σου
1469 1493 1484 1508 ο
1517 1473 1624 1548 ἄρα
1656 1492 1822 1550 προσ-

248 1568 389 1636 θήσω
432 1567 530 1619 τοῦ
555 1566 845 1636 ἐπιϐλέψαι
868 1568 1004 1638 πρὸς
1028 1569 1150 1622 ναὸν
1172 1569 1263 1622 τὸν
1284 1570 1438 1638 ἅγιόν
1463 1587 1555 1624 σου
1577 1587 1591 1635 ;
1628 1589 1646 1622 ι
1689 1567 1826 1622 Ύπδ

247 1661 368 1728 γοῦν
395 1661 495 1730 τῆς
519 1660 634 1713 τῶν
662 1661 848 1714 κακῶν
862 1662 1170 1734 ἀμηχανίας
1198 1663 1558 1734 ἐκϐεϐλῆσθαι
1579 1666 1678 1734 τῆς
1701 1681 1826 1735 προ.

1927 493 2076 543 sans,
2135 479 2365 534 clamavi
2414 476 2488 546 ad
2516 487 2610 543 te;
2651 492 2828 548 neque
2863 476 3020 532 irrita
3058 475 3159 534 fuit
3207 473 3505 546 postulatio

1925 583 2066 623 mea.
2106 587 2125 620 ι
2161 567 2451 638 Projecisti
2483 583 2571 623 me
2597 571 2650 621 in
2686 565 3015 637 profundum
3042 565 3211 620 maris
3246 579 3365 630 cor,
3402 579 3506 617 un-

1925 657 2115 727 daeque
2150 672 2236 712 me
2255 658 2688 722 concluserunt;
2723 670 2916 709 omnes
2940 663 3106 710 :estus
3152 655 3228 709 tui
3276 653 3506 708 ﬂuctus-

1926 763 2032 816 que
2053 762 2220 816 super
2250 763 2336 804 me
2367 748 2724 804 transierunt.
2757 767 2775 798 ι
2820 745 2924 813 Qui
2973 745 3198 818 perfuga
3246 760 3396 800 eram
3434 743 3506 799 ab

1927 838 2235 893 obedientia
2264 848 2376 905 tua,
2417 838 2624 892 curasti
2660 836 2802 891 utin
2836 851 2988 892 mare
3024 836 3347 900 inciderem,
3397 835 3505 889 ibi-

1925 931 2321 1001 queingentem
2355 929 2632 999 experirer
2671 927 2967 998 procellam
2997 942 3010 978 :
3043 943 3150 997 qua
3170 926 3300 980 dum
3332 940 3504 988 mare,

1927 1023 2168 1078 fluminis
2195 1022 2389 1085 instar,
2421 1022 2677 1090 agitatur,
2721 1032 2821 1090 ego
2852 1015 3074 1087 quidem
3097 1032 3363 1088 aquarum
3392 1031 3508 1069 vor-

1927 1115 2128 1170 ticibus
2163 1127 2576 1185 quaqueversus
2605 1111 2894 1164 obruebar.
2935 1129 2953 1161 ι
2995 1108 3060 1162 Et
3081 1123 3182 1180 ego
3213 1108 3326 1164 dixi
3356 1127 3371 1164 :
3399 1106 3508 1163 Re-

1921 1207 2102 1278 jectus
2132 1221 2253 1262 sum
2281 1205 2472 1276 procul
2519 1203 2697 1258 oculis
2739 1203 2866 1256 tuis.
2906 1200 3047 1256 Num
3100 1202 3282 1256 denuo
3313 1201 3507 1256 videbo

1927 1299 2184 1368 templum
2238 1305 2489 1352 sanctum
2541 1294 2739 1348 tuum?
2791 1313 2810 1346 ι
2867 1292 2966 1350 llis
3023 1309 3109 1349 me
3171 1291 3330 1348 malis
3379 1308 3504 1348 cum

1925 1389 2182 1460 expedire
2237 1388 2566 1460 nequirem,
2617 1387 2899 1443 exclusum
2967 1401 3054 1442 me
3107 1386 3429 1456 reputabam
3476 1399 3507 1437 a

1926 1481 2266 1553 providentia
2298 1487 2427 1547 tua;
2467 1480 2784 1551 nullamque
2838 1487 3098 1550 praeterea
3141 1492 3294 1548 spem
3360 1475 3509 1531 {oxe-

1927 1575 2074 1640 bam,
2119 1573 2234 1629 fore
2269 1581 2327 1627 ut
2368 1573 2424 1627 in
2477 1572 2742 1643 templum
2779 1581 2931 1628 tuum
2961 1586 3216 1626 reversus
3272 1569 3507 1639 legitima

1928 1664 2287 1734 perfungerer
2353 1663 2640 1733 religione.
2715 1660 2926 1734 Quippe
2980 1663 3131 1716 illinc
3194 1660 3508 1732 longissime

248 1753 386 1816 νοίας
417 1752 582 1823 ᾤμην
619 1753 724 1823 τῆς
755 1755 873 1825 σῆς,
911 1757 1006 1809 καὶ
1035 1755 1292 1826 οὐδεμίαν
1325 1752 1470 1827 εἶχον
1496 1755 1684 1809 ἐλπίδα
1712 1756 1824 1809 λοι-

1929 1757 2168 1818 aberam,
2203 1755 2547 1826 gravissimis
2575 1753 2874 1824 implicitus
2897 1752 3326 1808 calamitatibus.
3371 1771 3389 1802 ι
3415 1749 3511 1805 0t-

248 1845 340 1896 πῦν
356 1845 449 1896 τοῦ
481 1845 780 1914 γενόμενος
809 1847 868 1898 ἐν
896 1846 974 1917 τῷ
997 1847 1108 1918 ναῷ
1140 1864 1231 1901 σου
1259 1847 1337 1920 τῷ
1370 1848 1509 1919 ἁγίῳ
1533 1847 1630 1918 τὴν
1661 1846 1824 1920 καθὴ·

247 1953 436 1989 κουσαν
460 1939 722 1990 ἁποτίσαί
752 1954 834 1991 σοι
868 1938 1165 2011 θρησκείαν
1184 1956 1197 1969 ·
1228 1939 1321 1993 ατε
1358 1940 1546 2011 πόρρω
1575 1955 1631 1991 τε
1658 1919 1823 1994 αὐτοῦ

247 2029 547 2099 τυγχάνων,
578 2030 674 2083 καὶ
699 2029 1022 2100 βαρυτάτοις
1055 2031 1584 2102 περιεστοιχισμένος
1615 2032 1822 2093 κακοῖς.

253 2138 271 2168 ι
294 2119 599 2192 Περιεχὺθη
625 2137 717 2191 μοι
749 2121 896 2193 ὕδωρ
921 2122 1025 2185 ἓως
1057 2121 1236 2194 ψυχῆς
1273 2139 1396 2194 μου.
1431 2141 1450 2173 ι
1510 2121 1688 2192 Αὐτῆς
1723 2138 1824 2190 μου

247 2213 337 2282 τῆς
362 2213 542 2284 ψυχῆς
589 2212 853 2266 καθίκετο
897 2214 1006 2267 τῶν
1041 2202 1554 2286 περικεχυμένωνη
1590 2215 1822 2288 ταραχή.

254 2324 274 2355 ι
293 2305 559 2367 Ἀσυσσος
588 2305 869 2358 ὲκύκλωσέ
899 2322 965 2374 με
993 2305 1216 2376 ἐσχάτη.
1243 2325 1266 2356 r
1301 2305 1373 2358 Τὸ
1406 2306 1708 2362 τελευταῖον
1733 2306 1825 2360 ὑπ’

250 2395 407 2464 alti};
435 2395 746 2466 κατεπόθην
779 2394 875 2464 τῆς
905 2395 1162 2450 ἀϐύσσου.
1209 2413 1227 2446 ι
1259 2395 1386 2448 Ἐδυ
1423 2398 1454 2466 ἡ
1481 2396 1690 2466 κεφαλὴ
1724 2413 1826 2466 μου

252 2488 324 2548 είς
365 2486 601 2557 σχισμας
653 2487 847 2553 ὀρέων.
885 2505 906 2538 ι
958 2485 1270 2540 Διαλάττειν
1315 2504 1375 2541 τε
1419 2487 1568 2540 οὐδὲν
1610 2488 1828 2541 ἐδόκουν

254 2577 462 2650 ἐμαυτῴ
495 2576 590 2631 τοῦ
641 2577 700 2629 ἐν
749 2577 1080 2648 διαιρέσεσιν
1134 2578 1305 2650 ὁρέων
1357 2578 1686 2649 βαρυτάταις
1728 2580 1824 2651 λη-

256 2670 486 2739 φθέντος,
522 2664 643 2722 εἶτα
679 2669 786 2721 τῶν
821 2671 993 2740 ὀρέων
1027 2671 1118 2722 ἐπὶ
1143 2670 1338 2723 ταυτδν
1367 2671 1826 2740 συνεληλυθότων,

255 2761 494 2831 οὖδεμίαν
521 2759 815 2830 ἀποφνγῆς
853 2759 1160 2830 εὐρίσκοντι
1186 2759 1371 2813 λοιπὸν
1405 2761 1614 2816 ἐλπίδα.
1643 2780 1660 2812 ι
1686 2762 1830 2816 Κατ·

259 2854 378 2923 ἐεην
407 2855 483 2916 είς
507 2853 636 2922 γῆν,
673 2847 741 2924 ἦς
781 2855 828 2905 oi
881 2851 1068 2923 μοχλοὶ
1096 2853 1264 2924 αὐτῆς
1299 2852 1518 2924 κάτοχοι
1550 2854 1776 2912 αίὼνιοι.
1804 2875 1822 2908 ι

261 2939 381 2996 Εἶτα
410 2943 618 2996 ἐκεῖθεν
660 2942 933 3009 διεδέξατό
965 2960 1031 3014 με
1080 2943 1142 2996 τὸ
1178 2945 1342 3014 κῆτος
1367 2986 1381 3009 ,
1437 2946 1530 2998 καὶ
1573 2947 1676 3017 γῆν
1708 2964 1830 3002 τινα

259 3037 412 3088 οἰκεῖν
461 3035 714 3099 ἐδόκουν,
774 3033 833 3098 ἐξ
884 3030 953 3105 ἧς
985 3035 1285 3105 ἀποφυγεῖν
1341 3035 1419 3106 τῷ
1474 3038 1828 3108 κατεχομένῳ

1928 1849 2062 1903 fusae
2101 1847 2234 1901 mihi
2259 1855 2389 1902 sunt
2421 1861 2576 1917 aquae
2620 1863 2795 1917 usque
2822 1847 2890 1900 ad
2917 1847 3178 1899 animam.
3207 1863 3226 1897 ι
3267 1845 3510 1898 Circum-

1927 1939 2192 1995 stantium
2243 1939 2514 1992 maiorum
2555 1947 2800 1994 terrores
2826 1937 2898 1992 ad
2934 1937 3108 2010 ipsam
3141 1936 3383 1990 animam
3412 1952 3506 2005 pe-

1927 2037 2305 2087 netraverunt.
2338 2031 2489 2084 clma
2509 2045 2596 2085 me
2637 2029 2858 2086 vallavit
2895 2031 3150 2100 abyssus.
3196 2046 3215 2080 ι
3257 2026 3502 2100 Denique

1926 2122 2143 2195 gurgite
2177 2121 2474 2190 absorptus
2497 2135 2640 2175 sum.
2686 2140 2704 2173 ι
2746 2121 2922 2193 Caput
2958 2136 3137 2177 meum
3185 2121 3239 2176 in
3282 2121 3512 2175 ﬁssuras

1928 2214 2196 2269 montium
2230 2215 2531 2268 demissum
2562 2221 2666 2268 est.
2705 2234 2723 2265 ι
2769 2213 2916 2268 Nihil
2948 2215 3082 2269 mihi
3111 2214 3332 2270 differre
3365 2212 3513 2268 videv
3572 2262 3589 2270 -

1928 2309 2028 2362 bar
2049 2307 2118 2361 ab
2152 2305 2221 2362 iis
2259 2306 2352 2376 qui
2393 2305 2448 2360 in
2484 2306 2738 2362 cavernis
2781 2307 3049 2361 montium
3091 2306 3375 2362 altissimis
3413 2302 3511 2359 de-

1929 2396 2194 2460 tinentur,
2236 2396 2311 2451 ita
2351 2401 2410 2448 ut
2450 2395 2776 2452 coeuntibus
2806 2396 2860 2450 in
2917 2411 2977 2454 se
3024 2397 3326 2460 montibus,
3362 2396 3512 2450 nulla

1929 2502 2055 2558 Spes
2097 2485 2362 2541 evadendi
2417 2486 2632 2556 reliqua
2684 2487 2778 2542 sit.
2824 2505 2843 2538 ι
2892 2486 3160 2542 Descendi
3213 2489 3358 2542 inira
3407 2489 3510 2542 hu-

1930 2594 2100 2644 mum,
2138 2579 2297 2650 cujus
2326 2587 2511 2635 vectes
2550 2586 2753 2634 aeterna
2781 2579 3085 2636 retinacula
3124 2589 3274 2635 sunt.
3318 2599 3336 2634 ι
3373 2578 3512 2634 Tum

1929 2673 2001 2727 ibi
2035 2687 2122 2727 me
2159 2672 2374 2743 excepit
2422 2683 2600 2738 cetus,
2661 2673 2807 2726 intra
2855 2686 3015 2742 quem
3071 2679 3276 2726 terram
3331 2687 3513 2740 quam-

1929 2765 2056 2820 dam
2098 2764 2324 2819 videbar
2371 2765 2650 2829 incolere,
2702 2762 2846 2819 unde
2885 2763 3120 2818 evadere
3157 2763 3378 2818 detento
3416 2763 3512 2816 hu-

1928 2855 2064 2907 mini
2128 2869 2359 2924 prorsus
2412 2869 2523 2908 non
2584 2853 2804 2909 licebat.
2871 2851 3182 2924 Caeteroqui
3220 2852 3512 2908 incolumis

1930 2947 2079 3002 intus
2119 2948 2306 3002 divino
2346 2954 2482 3001 nutu
2523 2961 2744 3014 servor,
2785 2961 3102 3018 quanquam
3147 2949 3352 3002 exitum
3391 2949 3506 2998 nul-
3592 3009 3600 3017 ι

1932 3039 2042 3093 lum
2086 3039 2414 3093 nanciscor.’

259 3128 465 3183 δυνατὸν
495 3126 748 3199 οὐδαμῶς
790 3127 1032 3206 ὑπῆρξεν
1055 3143 1066 3156 ·
1109 3125 1350 3200 ἀϐλαϐὴς
1392 3128 1490 3196 μὲν
1525 3127 1670 3182 ἔνδον
1697 3131 1764 3201 τῇ
1794 3128 1913 3201 θεία
1965 3133 2189 3203 προνοίᾳ
2225 3131 2644 3203 φυλαττόμενος,
2688 3129 2784 3202 τὴν
2818 3129 3026 3184 ἐκεῖθέν
3054 3145 3112 3182 τε
3145 3128 3363 3182 ἔκδυσιν
3397 3130 3512 3198 ἥτις

266 3221 328 3274 ἂν
353 3221 561 3288 γένοιτο
601 3221 702 3290 οὐχ
746 3219 1041 3290 εὑρίσκων.

319 3311 462 3382 Στίχ,
483 3317 667 3383 τιν-ια’,
699 3341 772 3350 ——
805 3329 823 3362 ι
865 3311 976 3363 Καὶ
1013 3311 1271 3383 ἀναϐήτω
1301 3312 1365 3364 ἐκ
1396 3312 1600 3382 φθορᾶς
1638 3315 1672 3385 ἡ
1713 3315 1825 3387 ζωή

2007 3294 2164 3385 165
2198 3311 2361 3368 Vens.
2395 3311 2548 3366 8-H.
2575 3341 2644 3351 —
2681 3329 2697 3362 ι
2725 3311 2947 3366 Utinam
2981 3324 3040 3366 se
3067 3318 3312 3381 emergat
3339 3326 3370 3363 a
3401 3326 3517 3364 cor.

261 3421 352 3474 μου
377 3404 510 3476 πρὸς
544 3405 622 3465 σὲ,
659 3403 858 3474 Κύριε,
885 3402 1063 3466 ὁΘεός
1098 3421 1222 3473 μου.
1265 3423 1282 3455 ι
1323 3405 1483 3456 Ἀλλὰ
1515 3407 1624 3476 γὰρ
1656 3408 1826 3477 μόνης

258 3495 347 3566 τῆς
397 3496 494 3566 σῆς
537 3498 657 3550 ἐστι
705 3495 988 3566 δυνάμεως
1033 3497 1131 3565 τῆς
1181 3495 1592 3568 ὑπειλημμένης
1636 3499 1824 3554 αὐτόθι

261 3587 452 3657 φθορᾶς
495 3587 806 3654 ἀπαλλάξαι
862 3603 966 3656 μου
999 3586 1098 3656 τὴν
1139 3585 1306 3658 ζωήν.
1365 3589 1439 3659 (p.
1495 3588 1623 3660 251)
1666 3610 1683 3642 ι
1737 3591 1824 3644 Ἐν

257 3676 329 3746 τῷ
369 3676 641 3731 ἐκλείπειν
676 3677 771 3731 ἀπ’
807 3674 942 3747 ἐμοῦ
971 3676 1070 3747 τὴν
1100 3675 1276 3749 ψυχήν
1329 3696 1430 3748 μου
1453 3721 1467 3742 ,
1498 3679 1590 3732 τοῦ
1620 3681 1823 3750 Κυρίου

259 3767 548 3841 ἐμνήσθην.
593 3787 613 3821 ι
649 3767 862 3840 Μικροῦ
898 3767 1007 3840 γὰρ
1035 3770 1214 3837 ἀφιεὶς
1253 3771 1318 3841 τῇ
1353 3769 1557 3842 ἀπορίᾳ
1592 3773 1689 3842 τὴν
1717 3771 1822 3840 ψυ-

258 3858 368 3929 χὴν,
401 3860 499 3928 τὴν
531 3859 630 3930 σὴν
653 3859 817 3930 ᾔτουν
851 3859 1122 3932 βοήθειαν.
1163 3881 1182 3912 ι
1222 3863 1331 3916 Καὶ
1357 3861 1502 3916 έλθοι
1536 3863 1670 3934 πρὸς
1707 3864 1766 3916 σὲ
1793 3865 1826 3935 ἡ

259 3950 525 4020 προσευχὴ
566 3967 668 4022 μου
711 3952 791 4014 εἰς
831 3951 958 4006 ναὸν
998 3952 1151 4020 ἆγιόν
1196 3970 1310 4007 σου.
1350 3972 1368 4004 ι
1408 3955 1580 4017 Αὐτός
1621 3954 1681 4007 τέ
1723 3972 1825 4026 μου

256 4037 394 4102 δέξαι
413 4041 510 4111 τὴν
535 4041 843 4113 προσευχὴν
871 4045 930 4096 ἐν
958 4042 1035 4114 τῷ
1061 4043 1174 4115 ναξ)
1202 4045 1484 4110 καθεστὼς
1510 4048 1589 4116 τῷ
1618 4047 1824 4117 οἰκείῳ,

220 4132 407 4186 ,οὐθέν
443 4150 506 4186 σε
558 4134 658 4204 τῆς
709 4131 1048 4201 διαστάσεως
1086 4137 1194 4191 τῶν
1237 4139 1418 4191 τόπων
1466 4139 1695 4209 ἀμύνειν
1737 4157 1828 4210 μοι

259 4223 584 4296 κωλυούσης.
615 4243 634 4276 ι
668 4225 1071 4297 Φυλασσόμενοι
1097 4229 1302 4298 μάταια
1329 4229 1422 4282 καὶ
1455 4228 1648 4300 ψεύδη,
1679 4229 1828 4283 ἔλεον

258 4315 428 4368 αὐτῶν
460 4315 844 4385 ἐγκατέλιπον.
887 4338 906 4370 ι
939 4321 1002 4372 Οί
1035 4309 1136 4390 μὲν
1163 4320 1272 4390 γὰρ
1305 4321 1404 4390 τὴν
1436 4321 1692 4393 ναυτικὴν
1731 4339 1828 4392 με-

258 4403 452 4464 τιόντες
490 4405 778 4478 ἐργασίαν,
829 4408 1006 4462 καίτοι
1044 4425 1107 4478 γε
1146 4410 1383 4474 εἰδώλοις
1438 4413 1826 4482 προσέχοντες,

261 4501 346 4552 καὶ
372 4500 496 4571 περὶ
527 4500 627 4574 τὴν
657 4500 876 4572 ἀπάτην
907 4501 1122 4574 ἐκείνην
1156 4502 1520 4572 ἡσχολημένοι
1547 4542 1562 4567 ,
1593 4502 1827 4574 ἠϐουλή-

262 4590 420 4661 θησαν
469 4593 574 4664 μού
619 4611 743 4646 τινα
791 4593 1120 4664 ποιήσασθαι
1165 4594 1368 4664 φειδῶ·
1426 4594 1737 4665 νικηθέντες
1772 4597 1829 4648 δὲ

1925 3411 2178 3477 ruptioue
2201 3407 2310 3460 vita
2337 3420 2456 3460 mea
2478 3407 2545 3458 ad
2577 3413 2650 3472 te,
2678 3404 2902 3459 Domine
2937 3401 3079 3458 Deus
3102 3418 3258 3457 meus
3281 3404 3295 3454 !
3326 3420 3344 3454 ι
3385 3400 3514 3458 Tua.-

1925 3500 2173 3571 profecto
2202 3498 2582 3553 tantummodo
2605 3498 2824 3552 virtutis
2841 3503 2948 3559 est,
2979 3509 3010 3546 a
3033 3493 3326 3549 tenaciillo
3345 3494 3515 3548 exitio

1925 3581 2137 3662 eripere
2187 3591 2424 3644 animam
2480 3603 2676 3644 meam.
2719 3605 2736 3638 ι
2764 3587 2901 3641 Cum
2945 3585 3060 3656 iam
3113 3600 3200 3640 me
3233 3584 3514 3642 desereret

1927 3685 2158 3754 Spiritus
2210 3697 2386 3748 meus,
2430 3680 2644 3734 Domini
2692 3693 2900 3732 memor
2935 3678 3033 3731 fui.
3064 3697 3084 3730 ι
3131 3679 3268 3732 Cum
3307 3679 3421 3750 jam
3458 3683 3514 3734 in

1929 3775 2198 3846 angustiis
2250 3775 2488 3826 animam
2544 3785 2781 3842 agerem,
2843 3779 2992 3824 tuam
3049 3771 3272 3840 poposci
3326 3786 3510 3841 opem.

1935 3885 1951 3916 ι
1981 3863 2174 3920 Veniat
2197 3863 2403 3916 utinam
2427 3860 2494 3914 ad
2518 3870 2571 3914 te
2587 3862 2639 3914 in
2665 3860 2924 3930 templum
2945 3869 3096 3914 tuum
3116 3861 3293 3914 oratio
3315 3862 3464 3918 mea!
3488 3881 3506 3913 ι

1927 3952 2046 4024 Ipse
2074 3951 2332 4022 excepisti
2385 3965 2576 4021 preces
2603 3965 2752 4005 meas
2781 3958 2874 4005 tuo
2905 3949 2958 4004 in
2987 3951 3189 4020 templo
3225 3951 3512 4021 residens;

1929 4047 2066 4102 nihil
2114 4057 2165 4101 te
2217 4048 2465 4101 locorum
2517 4043 2800 4107 distantia,
2836 4043 3134 4112 quominus
3172 4043 3306 4096 mihi
3339 4042 3512 4100 ferres

1929 4154 2112 4210 opem,
2164 4137 2468 4208 prohibuit.
2523 4132 2666 4202 (Qui
2701 4133 3042 4189 vanitatibus
3093 4133 3228 4189 dant
3285 4147 3512 4204 operam

1931 4239 2095 4299 atque
2148 4227 2474 4290 mendaciis,
2534 4223 2970 4279 misericordiam
3024 4224 3505 4295 dereliquerunt.»

1931 4317 1996 4372 ili
2019 4320 2113 4388 qui
2143 4317 2417 4370 nauticam
2447 4316 2612 4370 vitam
2637 4324 2894 4370 exercent
2924 4324 2978 4370 et
3012 4315 3152 4373 idola
3184 4318 3508 4387 observant,

1931 4423 2094 4482 atque
2125 4409 2396 4480 ejusmodi
2428 4407 2818 4464 fraudulentiis
2854 4421 3071 4475 vacant,
3101 4419 3363 4480 optarunt
3392 4413 3516 4481 qni:

1933 4501 2056 4558 dem
2095 4501 2227 4556 mihi
2254 4499 2662 4570 quodammodo
2699 4515 2927 4572 parcere
2957 4518 2970 4553 :
3003 4511 3391 4557 verumtamen
3411 4505 3511 4558 ad-

1931 4595 2192 4651 versitate
2229 4595 2382 4656 victi,
2423 4594 2490 4649 de
2517 4595 2792 4649 sententia
2831 4609 2934 4648 sua
2963 4593 3360 4650 decesserunt:
3393 4609 3516 4651 cer-

262 4682 357 4737 ὒπὸ
384 4685 490 4738 τῶν
529 4684 750 4752 κακῶν,
805 4687 906 4757 τῆς
951 4685 1174 4757 γνώμης
1207 4687 1525 4757 ἀπέστησαν
1577 4687 1824 4758 ἐκείνης,

1935 4689 2103 4742 tiores
2139 4686 2268 4742 facti
2305 4687 2452 4743 haud
2493 4686 2598 4742 sibi
2638 4688 2804 4740 vitam
2855 4684 3286 4756 superfuturam,
3344 4687 3454 4743 nisi
3479 4702 3513 4742 ε

261 4776 478 4844 ὁρῶντες
508 4778 608 4830 οὐκ
648 4779 706 4830 ἐν
742 4777 930 4840 αὐτοῖς
960 4775 1173 4846 βιωτὸν,
1216 4779 1263 4830 εί
1299 4776 1373 4848 μὴ
1404 4778 1502 4848 τῆς
1529 4777 1828 4848 ἐγγύτητος

262 4867 608 4939 ἀπαλλαγεῖεν
640 4870 740 4941 τῆς
773 4869 939 4940 ἐμῆς.
981 4887 998 4920 ι
1051 4868 1191 4938 Ἐγὼ
1223 4869 1279 4922 δέ
1307 4870 1446 4941 μετὰ
1476 4874 1658 4940 φωνῆς
1687 4870 1832 4924 αἰνέ⁴

264 4975 387 5024 eam;
408 4963 503 5016 καί
522 4962 972 5034 ἐξομολογήσεως
995 4959 1142 5014 θύσω
1166 4978 1271 5024 σοι,
1302 4962 1400 5014 ὅσα
1420 4961 1672 5032 ηὐξάμην
1703 4963 1832 5015 ἀπο-

261 5049 402 5106 δώσω
430 5070 510 5107 σοι
534 5056 616 5118 είς
649 5055 921 5126 σωτήριον
950 5052 1027 5123 τῷ
1054 5053 1264 5124 Κυρίῳ.
1307 5072 1323 5102 ι
1365 5053 1523 5106 Ἀλλὰ
1555 5054 1664 5124 γὰρ
1691 5072 1828 5107 παν-

261 5145 470 5216 τριχόθεν
506 5147 645 5220 μόνῃ
693 5149 760 5220 τῇ
790 5148 980 5218 χάριτι
1012 5149 1078 5217 τῇ
1110 5149 1175 5218 σῇ
1208 5145 1502 5216 φυλαχθεὶς
1528 5185 1543 5209 ,
1587 5145 1684 5198 καὶ
1729 5146 1829 5216 τὴν

261 5236 566 5314 ἀπαλλαγὴν
596 5242 694 5294 τοῦ
735 5240 973 5294 θανάτου
1012 5239 1230 5303 λαϐὼν,
1267 5237 1467 5310 ὕμνους
1503 5257 1561 5292 τε
1604 5241 1698 5292 καὶ
1742 5239 1831 5290 εὑ-

261 5333 530 5402 χαριστίας
559 5334 807 5390 ἀποτίσω
855 5350 940 5388 σοι
965 5375 984 5400 ,
1013 5333 1154 5404 ὑπὲρ
1180 5325 1254 5387 ὧν
1283 5335 1350 5404 τῇ
1385 5331 1610 5404 προνοίᾳ
1649 5331 1828 5385 διασέ-

264 5437 466 5496 σωσμαι
723 5427 766 5480 Τ
770 5427 806 5482 ὰ
853 5428 956 5498 μὲν
986 5425 1052 5498 δὴ
1088 5427 1190 5494 τῆς
1227 5426 1392 5496 εὐχῆς
1423 5425 1516 5478 τοῦ
1547 5428 1828 5498 προφήτου

264 5515 468 5586 ῥήματα
494 5519 688 5574 ταῦτα·
716 5519 779 5573 τὸ
805 5518 864 5574 δὲ
897 5517 1062 5589 κῆτος
1085 5517 1356 5586 Πνεύματι
1381 5516 1510 5587 θείῳ
1532 5517 1620 5569 τὸν
1647 5519 1830 5570 Ἰωνᾶν

262 5604 343 5658 ἐπὶ
370 5609 465 5678 τὴν
493 5611 664 5684 ξηρὰν
690 5612 928 5684 ἤμεσεν,
967 5606 1150 5692 καθὼς
1189 5608 1363 5661 ἐδόκει
1389 5608 1546 5660 τοῦτο
1576 5609 1828 5676 γενέσθαι

261 5698 326 5768 τῷ
348 5699 458 5773 Θεῷ
475 5719 488 5732 ·
515 5703 610 5774 τῆς
641 5703 748 5775 γὰρ
772 5701 1018 5772 ἐσχάτης
1042 5699 1190 5753 ἐστὶν
1217 5697 1399 5762 ἀνοίας
1431 5697 1696 5751 τοσούτων
1726 5699 1828 5752 τῶν

1939 4794 2056 4833 mea
2105 4793 2164 4834 se
2197 4777 2398 4834 vicinia
2431 4777 2808 4847 sejungerent.
2867 4793 2885 4827 ι
2913 4774 3027 4847 Ego
3055 4790 3184 4853 vero
3214 4791 3340 4831 cum
3382 4791 3514 4832 voce

1934 4869 2113 4924 laudis
2145 4879 2307 4940 atque
2341 4869 2599 4940 praeconii
2635 4866 2962 4923 sacriﬁcabo
3009 4867 3136 4922 tibi:
3169 4883 3514 4939 quaecunque

1934 4964 2054 5018 vovi
2091 4965 2323 5028 solvam,
2379 4980 2478 5034 pro
2517 4965 2697 5018 salute
2755 4971 2994 5034 recepta,
3047 4963 3170 5028 tibi,
3207 4963 3455 5018 Domine.
3487 4981 3508 5014 ι

1936 5055 2199 5125 Equidem
2225 5063 2314 5107 tua
2339 5057 2452 5110 sola
2481 5056 2658 5126 gratia
2690 5065 2946 5111 servatus
2977 5063 3032 5110 et
3063 5062 3238 5109 morte
3267 5065 3512 5124 ereptus.

1937 5148 2169 5220 hymnos
2225 5147 2318 5200 tibi
2360 5156 2415 5201 et
2467 5149 2766 5216 gratiarum
2823 5147 3067 5200 actiones
3117 5145 3363 5210 reddam,
3416 5149 3510 5218 qui

1939 5255 2085 5294 curae
2118 5246 2224 5293 tua:
2263 5240 2498 5294 salutem
2545 5248 2826 5310 acceptam
2863 5238 2998 5294 fero.
3041 5238 3220 5308 Atque
3263 5239 3380 5293 haec
3409 5238 3511 5292 fuit

1938 5332 2216 5402 prophetae
2257 5333 2453 5386 oratio.
2492 5331 2660 5387 Cetus
2691 5339 2872 5386 autem
2901 5346 2930 5385 a
2959 5338 3152 5386 sancto
3182 5328 3387 5402 Spiritu
3421 5332 3510 5386 iu-

1932 5427 2164 5480 stinetus
2197 5423 2387 5477 Jonam
2427 5425 2481 5477 in
2520 5424 2702 5478 littore
2729 5424 2990 5488 evomuit,
3017 5425 3175 5479 sicuti
3201 5423 3310 5479 Deo
3332 5423 3511 5479 visum

1933 5525 2049 5571 erat
2081 5525 2134 5568 ut
2165 5518 2333 5570 iieret.
2376 5513 2616 5570 Summae
2645 5517 2788 5570 enim
2822 5515 3050 5570 insaniae
3093 5516 3248 5580 foret,
3287 5525 3408 5586 post
3433 5525 3512 5570 ιυι

1933 5612 2078 5665 circa
2123 5609 2314 5664 Jonam
2364 5618 2576 5680 patrata
2627 5610 2910 5674 miracula,
2955 5611 3332 5680 praecipueque
3389 5621 3510 5678 post

1937 5710 2197 5756 retentam
2233 5702 2374 5756 intra
2397 5702 2501 5757 ceti
2533 5702 2740 5758 viscera
2773 5703 2955 5769 vitam,
2989 5703 3262 5772 propheta:
3289 5698 3504 5754 demum

1873 5898 1930 5911 ὐ
