3966 6134
420 219 526 278 διο

1620 231 1975 305 THEODORI
2005 237 2490 303 κορευεετειιι

3570 253 3675 313 340

423 334 614 390 eodem
646 349 711 390 ex
754 341 880 392 ceto
906 336 1111 397 exitum
1148 336 1389 395 humano
1423 339 1643 413 ingenio
1690 345 2008 422 intelligibi-

2117 357 2239 426 περὶ
2281 360 2444 419 αὐτὸν
2476 360 2793 433 παραδόξως
2839 365 3156 433 γεγονότων,
3200 367 3291 421 καὶ
3330 366 3567 438 μάλιστά
3613 386 3679 435 γε

424 423 557 488 lem,
598 435 694 493 aut
720 435 909 482 nostra
943 442 1077 483 voce
1106 429 1504 499 explicabilem,
1532 444 1805 505 reputare.

2112 446 2326 504 πάντων
2352 451 2451 521 τῆς
2478 455 2536 507 ὲν
2563 452 2640 523 τῷ
2679 456 2836 526 κήτει
2865 455 3156 526 σωτηρίας,
3192 457 3269 527 (p.
3308 457 3453 527 252)
3481 458 3581 529 τὴν
3614 464 3680 512 ἔκ

426 516 521 571 τοῦ
543 519 781 621 ξιήτῗυς.
804 519 980 621 E505.6”
1018 521 1630 621 W?§UWP¢:{POVSzV-WD
1661 533 1967 603 προφήτου,
1999 535 2243 614 λογισμῷ
2279 561 2338 598 τε
2377 516 2582 600 eliso-0a:
2610 516 3046 619 καταλαμϐάνειν
3083 516 3556 621 ἀνθρωπίνῳίκαλ.
3588 549 3679 603 διὰ

427 607 608 679 φωνῆς
631 609 730 680 τῆς
757 610 1029 682 ἡμετέρας
1060 611 1240 680 λέγειν
1261 614 1408 679 ὅπως
1430 617 1669 686 ἐγένετο.

1079 700 1235 757 CAP.
1265 702 1357 757 Ill.

498 783 663 841 Vsus.
696 786 813 845 1-4.
840 815 906 829 -·
939 787 1060 845 Jam
1095 792 1191 847 ubi
1229 792 1284 848 in
1320 794 1499 851 littore
1530 797 1793 868 prapbeta
1827 803 1999 868 stetit,

426 893 643 934 rursum
667 878 809 937 Deus
835 885 1091 954 praecepit
1122 886 1201 941 illi
1229 895 1289 941 ut
1312 886 1541 944 Niniven
1578 890 1702 955 iret,
1732 893 1896 963 idque
1926 895 2001 950 ibi

426 969 752 1037 praedicaret
780 974 927 1043 quod
948 974 1123 1031 eidem
1149 984 1310 1032 antea
1354 978 1409 1032 in
1440 981 1714 1038 mandatis
1758 983 2000 1041 dederat.

432 1058 584 1115 Unde
615 1064 963 1132 potissimum
1014 1068 1450 1136 demonStratur,
1487 1072 1647 1155 166
1682 1074 1826 1131 haud
1864 1077 2003 1132 sim-

428 1150 645 1221 pliciter
670 1152 822 1212 Jona:
847 1155 1013 1212 Deum
1038 1160 1386 1219 mandavisse
1414 1169 1476 1216 ut
1505 1150 1828 1232 praedicaret
1849 1165 2009 1225 :tAd-

427 1242 538 1296 huc
572 1250 684 1299 tres
729 1243 868 1310 dies,
903 1255 958 1302 et
993 1246 1185 1305 Ninive
1222 1251 1573 1309 subvertetur
1596 1272 1626 1312 ,›
1672 1257 2005 1327 (quanquam

427 1334 482 1391 id
510 1336 763 1392 breviter
794 1329 892 1394 sic
937 1339 1153 1395 videtur
1196 1339 1479 1412 Scriptura
1527 1345 1757 1417 dicere);
1808 1364 2000 1405 verum

425 1426 589 1481 etiam
627 1435 685 1481 ut
706 1428 996 1485 minaciter
1024 1445 1146 1501 quae
1168 1440 1430 1487 eventura
1454 1443 1613 1488 erant
1643 1437 1997 1507 signiﬁcaret,

425 1514 534 1570 nisi
572 1517 900 1584 ptenitentes
950 1518 1101 1577 cives
1129 1535 1162 1574 a
1210 1522 1357 1577 vitiis
1388 1524 1729 1579 recederent.
1791 1526 2001 1584 Idcirco

2759 716 2916 771 KEQ.
2958 717 3033 772 I".

2176 802 2326 873 Στίχ.
2352 801 2494 857 α’›δ’.
2520 833 2590 843 -
2611 804 2811 858 Μέντοι
2839 821 2902 872 γε
2934 803 3065 868 Θεὸς
3096 804 3189 858 ἐπὶ
3208 805 3308 875 τῆς
3335 804 3507 875 ξηρᾶς
3527 821 3683 875 γεγο-

2106 891 2219 945 νότι
2247 891 2325 962 τῷ
2357 893 2610 966 προφήτῃ
2648 893 2808 946 πάλιν
2839 892 3093 948 ἀπελθεῖν
3116 895 3195 957 είς
3218 895 3317 965 τὴν
3347 895 3549 966 Νινευὴ
3582 912 3681 948 κε-

2106 982 2272 1047 λεύει,
2299 984 2390 1037 καὶ
2417 986 2652 1057 κηρύξαι
2683 986 2747 1058 δὴ
2780 988 2962 1040 ἐκεῖνα
2987 985 3024 1040 ἃ
3055 986 3285 1059 πρόσθεν
3312 986 3460 1057 αὐτῷ
3492 986 3681 1058 εἴρητο

2106 1070 2236 1142 παρ’
2277 1072 2441 1126 αὐτοῦ
2466 1091 2479 1103 ·
2528 1074 2622 1144 ἀφ’
2655 1069 2715 1128 οὗ
2746 1074 2810 1145 δὴ
2860 1073 3094 1145 μάλιστα
3142 1074 3415 1129 δείκνυται
3459 1078 3544 1130 ὃτι
3576 1076 3680 1147 οὐχ

2106 1160 2293 1225 ἁπλῶς
2318 1157 2471 1216 εἶπεν
2492 1163 2643 1235 αὑτῷ
2662 1164 3003 1234 κηρύττειν-ι
3020 1165 3140 1221 Ἔτι
3163 1168 3311 1235 τρεῖς
3328 1164 3553 1237 ἡμέραι,
3582 1168 3681 1218 καὶ

2106 1248 2308 1320 Νινευὴ
2344 1255 2859 1325 καταστραφήσεται
2879 1270 2893 1284 ·
2939 1272 2960 1306 s
2994 1256 3045 1306 sl
3079 1253 3174 1307 atat
3209 1255 3348 1326 μετά
3382 1257 3679 1327 συντομίας

2107 1338 2239 1392 αὐτὸ
2267 1339 2444 1409 λέγειν
2489 1342 2661 1408 οὕτως
2710 1346 2744 1415 ὴ
2782 1343 2901 1398 θεία
2932 1343 3080 1398 δοκεῖ
3115 1345 3304 1417 Γραφή
3332 1363 3345 1375 ·
3376 1345 3491 1401 ἀλλ’
3534 1347 3678 1402 ὥστε

2106 1430 2200 1505 κῃ.
2244 1429 2484 1502 δηλῶσαι
2518 1432 2599 1486 ὅτι
2638 1433 2852 1487 ἀπειλεῖ
2881 1433 3053 1487 ταῦτα
3088 1432 3479 1505 συμϐήσεσθαι,
3514 1436 3563 1488 εί
3599 1436 3681 1509 μὴ

2109 1520 2529 1599 μεταμεληθεῖεν
2558 1524 2892 1588 ἀποστάντες
2918 1524 3010 1578 τοῦ
3044 1523 3314 1596 χείρονος·
3357 1525 3438 1578 διό
3487 1543 3675 1597 φησιν’

425 1604 536 1659 ait:
577 1605 858 1662 «Praedica
906 1609 982 1665 ibi
1029 1610 1497 1683 praedicationem,
1553 1615 1623 1671 de
1666 1632 1774 1688 qua
1817 1627 1998 1675 tecum

2117 1628 2130 1662 ι
2167 1611 2415 1684 Κήρυξον
2444 1615 2502 1666 ἐν
2528 1614 2665 1686 αὺτῇ
2691 1615 2834 1668 κατὰ
2859 1615 2919 1668 τὸ
2946 1618 3207 1686 κήρυγμα
3234 1615 3296 1667 τὸ
3320 1615 3627 1688 ἔμπροσθεν
3649 1617 3681 1672 ὃ

426 1705 589 1753 antea
619 1698 834 1756 locutus
872 1716 1014 1757 sum.
1043 1722 1065 1756 ι
1102 1702 1313 1770 Quibus
1361 1708 1544 1764 verbis
1577 1708 1887 1767 universam
1922 1712 2003 1767 illi

2117 1701 2218 1770 ἐγὼ
2270 1703 2508 1773 ὲλάλησα
2546 1705 2681 1775 πρὸς
2735 1706 2824 1758 crs"
2870 1724 2888 1757 ι
2928 1705 3146 1765 ἅπασαν
3195 1706 3344 1777 αὐτῷ
3394 1708 3679 1778 σημαίνων

426 1790 733 1846 doctrinam
781 1793 984 1864 innuit,
1036 1810 1143 1866 qua
1198 1798 1485 1866 superiore
1516 1815 1771 1857 sermone
1798 1818 2001 1873 prace-

429 1887 582 1950 perat
612 1890 671 1935 ut
697 1880 966 1939 Ninivitas
997 1885 1287 1962 imbueret.
1324 1885 1497 1943 Porro
1526 1898 1707 1945 autem
1741 1892 2004 1962 propheta

2058 1816 2067 1820 θ
2107 1794 2206 1866 τὴν
2233 1795 2581 1849 διδασκαλίαν
2623 1800 2690 1869 ἥν
2716 1797 2977 1863 ἐπέταξεν
3014 1801 3073 1853 ὲν
3114 1801 3225 1862 τοῖς
3265 1801 3496 1870 πρόσθεν
3529 1800 3683 1870 αὐτῷ

2107 1884 2245 1955 πρὸς
2282 1885 2406 1949 τοὺς
2437 1886 2722 1951 Νινευῖτας
2754 1886 3100 1958 ποιήσασθαι.
3150 1887 3209 1940 '0
3243 1887 3342 1956 μὲν
3368 1886 3432 1957 δὴ
3463 1889 3679 1957 προφή-

426 1970 767 2040 experientia
798 1986 980 2027 rerum
1026 1956 1137 2043 iam
1183 1975 1431 2032 eruditus
1466 1956 1764 2033 festinabat
1798 1956 1860 2033 ut
1909 1978 2004 2037 Dei

2117 1993 2207 2046 της
2233 1976 2327 2030 ἆτε
2356 1980 2423 2049 τῇ
2452 1977 2617 2057 πείρα
2644 1977 2829 2030 λοιπὸν
2853 1956 3239 2050 σωφρονισθείς
3264 1956 3521 2047 ἠπείγετο
3542 1956 3683 2049 πρός

425 2060 600 2131 jussis
642 2062 1065 2135 obtemperaret.
1120 2063 1211 2120 Ait
1261 2082 1389 2122 vero
1437 2067 1721 2141 Scriptura
1765 2089 1784 2121 ι
1814 2072 2003 2127 urbem

433 2149 584 2204 illam
621 2150 793 2208 fuisse
824 2154 1115 2208 maximam
1147 2170 1332 2212 coram
1365 2157 1506 2214 Deo:
1535 2179 1553 2212 ι
1613 2150 2007 2233 ηειηρίείςηὶ-

432 2240 580 2304 ﬂeat,
612 2255 733 2297 eam
755 2241 939 2298 divina
965 2244 1306 2315 providentia
1336 2247 1506 2305 fuisse
1531 2262 1788 2305 auctam:
1844 2263 2006 2324 atque

434 2331 510 2387 ita
548 2347 653 2390 nos
682 2333 863 2400 docet,
908 2337 1204 2407 quominus
1237 2338 1534 2395 humanum
1573 2343 1871 2414 quidquam
1904 2360 2006 2416 pu-

433 2432 614 2481 temus
645 2424 702 2480 in
746 2426 972 2496 gloriam
998 2430 1182 2486 venire
1210 2446 1393 2502 posse,
1449 2432 1556 2487 nisi
1613 2434 1665 2488 id
1700 2433 1842 2491 Deus
1873 2450 2006 2491 cura

434 2528 533 2571 sua
555 2516 826 2588 dignetur.
863 2536 883 2571 ι
909 2518 1037 2575 Erat
1065 2530 1270 2585 autem,
1294 2523 1496 2595 inquit,
1523 2525 1689 2581 veluti
1712 2525 1817 2581 iter
1839 2528 2004 2581 trium

433 2606 645 2663 dierum
672 2627 686 2664 :
710 2628 732 2663 ›
768 2611 912 2668 haud
943 2628 1077 2669 sane
1106 2615 1415 2685 intelligens
1447 2625 1653 2671 tantam
1688 2618 1809 2688 ejus
1839 2619 2008 2675 fuisse

434 2698 866 2771 longitudinem;
905 2704 998 2760 sed
1029 2706 1177 2776 quod
1228 2713 1310 2761 tot
1340 2707 1535 2763 diebus
1584 2722 1727 2779 opus
1769 2717 1913 2765 esset
1938 2710 2007 2765 ad

434 2803 555 2844 eam
593 2791 1059 2860 circumeundam,
1099 2804 1262 2867 atque
1290 2796 1358 2855 ad
1384 2798 1627 2868 ejusdem
1658 2802 1916 2870 speciem,
1959 2801 2006 2859 si

436 2879 561 2949 quis
611 2881 794 2948 vellet,
848 2884 1069 2940 curiose
1125 2886 1549 2942 observandam.
1593 2885 1790 2944 Subdit
1845 2907 2004 2963 ergo:

2110 2067 2287 2139 πέρας
2318 2068 2546 2137 ἀγαγεῖν
2572 2067 2642 2121 τὰ
2685 2067 2839 2140 παρά
2882 2067 2976 2120 τοῦ
3024 2065 3160 2120 Θεοῦ
3219 2065 3633 2140 προσταχθέντα
3664 2082 3679 2096 ο

2112 2157 2273 2229 λέγει
2295 2158 2352 2212 δὲ
2385 2160 2467 2212 ὅτι
2487 2160 2560 2230 «η
2584 2159 2738 2224 πόλις
2765 2155 2833 2230 ἦν
2866 2160 3098 2230 μεγίστη
3129 2159 3209 2232 τῷ
3228 2159 3397 2234 Θεῷη
3421 2155 3507 2211 ἵνα
3547 2156 3686 2229 εἴπῃ

2110 2249 2191 2303 ὅτι
2218 2250 2285 2321 τῇ
2314 2247 2435 2321 θείᾳ
2465 2249 2696 2322 προνοίᾳ
2719 2251 2797 2313 εἰς
2824 2249 3051 2320 μέγεθος
3080 2247 3373 2319 αὐξηθεῖσα
3400 2263 3411 2275 ·
3436 2246 3511 2311 ὡς
3535 2246 3683 2301 διδά-

2112 2340 2252 2407 ξειεν
2275 2340 2341 2395 ἂν
2374 2342 2520 2411 ἡμᾶς
2554 2340 2719 2412 μηδὲν
2761 2339 2970 2394 οἴεσθαι
2995 2339 3217 2394 δυνατὸν
3244 2334 3384 2393 εἶναι
3414 2338 3559 2395 κατά
3586 2337 3682 2390 τὸν

2115 2432 2225 2504 βίον
2255 2432 2330 2504 (p.
2355 2432 2484 2503 255)
2506 2431 2694 2487 τοῦτον
2727 2432 2806 2495 είς
2833 2430 3189 2502 περιφάνειαν
3217 2428 3574 2498 καταστῆναι,
3604 2426 3687 2498 μὴ

2111 2525 2245 2579 Θεοῦ
2284 2525 2615 2597 παρέχοντος
2645 2524 2742 2596 τὴν
2775 2524 2980 2578 οἰκείαν
3014 2522 3362 2608 κηδεμονίαν.
3416 2540 3435 2575 ι
3469 2518 3576 2574 Ἦν
3602 2520 3683 2587 δὲ,

2113 2617 2299 2687 φησιν,
2330 2615 2459 2669 ὡσεὶ
2479 2617 2513 2686 ὴ
2544 2614 2738 2684 πορεία
2765 2612 2887 2668 όδοῦ
2912 2613 3132 2685 ἡμερῶν
3174 2607 3363 2684 τριῶν.
3402 2632 3421 2664 ι
3461 2610 3594 2681 Οὐχὶ
3620 2607 3688 2663 τὸ

2117 2710 2288 2781 μῆκος
2312 2709 2483 2780 αὐτῆς
2505 2706 2759 2761 τοσοῦτον
2788 2702 2927 2760 εἶναι
2954 2705 3148 2774 λέγων,
3173 2704 3287 2759 ἀλλ’
3307 2704 3383 2767 ὡς
3410 2700 3686 2756 τοσούτων

2115 2799 2335 2872 ἡμερῶν
2351 2800 2607 2871 δεομένου
2630 2795 2726 2852 τοῦ
2751 2798 2928 2851 πᾶσαν
2958 2795 3125 2867 αὐτὴν
3154 2794 3525 2867 ἐκπεριελθεῖν
3540 2810 3601 2847 τε
3623 2795 3686 2848 ὲν

2116 2891 2302 2964 κύκλῳ
2334 2892 2429 2946 καὶ
2452 2890 2692 2946 κατιδεῖν
2714 2891 2802 2945 ora
2828 2890 2913 2954 τίς
2942 2891 3090 2943 ἐστιν
3125 2886 3447 2959 βουλομένου
3475 2887 3689 2955 σαφῶς.

444 2990 463 3022 ι
483 2971 767 3043 Coepitque
792 2973 960 3031 Jonas
982 2977 1235 3046 progredi
1259 2978 1400 3033 intra
1422 2980 1610 3034 urbem
1636 2983 1794 3051 quasi
1817 2982 2011 3040 itinere

2130 2984 2358 3052 Ἐπάγει
2383 2982 2513 3053 γοῦν
2536 2996 2550 3012 ⁸
2578 3002 2601 3035 1
2644 2983 2755 3037 Καὶ
2784 2981 2988 3055 ἤρξατο
3024 2981 3207 3043 Ἰωνᾶς
3238 2978 3335 3033 τοῦ
3366 2978 3691 3051 είσπορεύευ

440 3061 605 3117 unius
635 3064 761 3119 diei.
787 3082 807 3116 ι
849 3064 1046 3121 Narrat
1074 3068 1304 3135 scilicet,
1336 3070 1657 3140 prophetam
1697 3073 1888 3129 urbem
1921 3075 2009 3130 in-

439 3167 711 3223 gressum,
741 3162 905 3225 atque
935 3157 992 3212 in
1026 3159 1272 3229 ejusdem
1294 3169 1447 3230 parte
1465 3162 1697 3231 quadam
1717 3165 2014 3234 praedicare

438 3255 653 3308 orsum,
692 3243 1013 3301 circumisse
1045 3246 1253 3310 tandiu,
1310 3249 1484 3305 donec
1510 3265 1675 3304 unam
1728 3253 1895 3308 veluti
1928 3255 2014 3309 in-

441 3335 676 3405 sumpsit
703 3335 869 3403 diem,
895 3338 1199 3408 praedicans
1220 3348 1382 3410 atque
1402 3339 1589 3398 dicens
1614 3361 1627 3397 ε
1652 3343 1875 3400 «Adhuc
1900 3355 2012 3405 tres

440 3424 581 3494 dies,
611 3434 667 3482 et
708 3425 903 3484 Ninive
949 3430 1327 3498 subvertetur;
1350 3451 1368 3485 ι
1405 3438 1461 3487 et
1486 3432 1697 3504 reliqua
1750 3450 2012 3507 quaecun-

443 3531 549 3587 que
581 3517 651 3573 ab
675 3533 742 3574 eo
777 3519 886 3575 dici
920 3535 1019 3592 par
1048 3530 1167 3578 erat
1215 3524 1271 3579 in
1314 3523 1549 3594 singulis
1582 3527 1733 3583 urbis
1763 3529 2014 3600 partibus

444 3606 512 3662 ad
540 3609 743 3665 civium
777 3611 1165 3670 eruditionem.

520 3883 685 3940 Vens.
709 3885 830 3943 5-9.
857 3916 927 3928 --
959 3885 1056 3947 Bis
1091 3889 1240 3946 addit
1266 3910 1280 3948 :
1313 3910 1333 3945 ι
1358 3890 1423 3947 Ει
1454 3894 1803 3950 crediderunt
1828 3896 2020 3952 incolae

447 3972 700 4032 Ninivitte
726 3976 855 4035 Deo.
879 3998 898 4032 ι
936 3980 1126 4050 Coepta
1176 3997 1274 4053 per
1323 3985 1642 4054 prophetam
1676 3986 1730 4040 in
1781 3987 2015 4056 quadam

445 4067 602 4123 urbis
634 4077 786 4138 parte
819 4072 1221 4140 praedicatione,
1269 4075 1521 4130 celeriter
1548 4076 1841 4131 admodum
1873 4079 2017 4132 inter

447 4163 640 4213 Omnes
668 4158 874 4217 diditus
908 4177 1090 4217 sermo
1124 4163 1498 4234 signiﬁcatur;
1531 4166 1607 4220 ita
1637 4175 1696 4220 ut
1735 4167 1893 4238 vulgo
1915 4168 2015 4223 bo-

451 4248 626 4305 mines
672 4262 879 4306 certam
930 4268 994 4307 es
1039 4255 1202 4310 dictis
1252 4257 1614 4328 suscipientes
1663 4260 2017 4327 sententiam,

450 4341 785 4395 consternati
849 4357 1177 4413 magnopere
1227 4346 1450 4403 monitis
1499 4348 2014 4420 obtemperaverint.

449 4429 739 4493 Patarea,
778 4431 923 4503 quod
969 4431 1223 4489 Ninivitze
1267 4437 1415 4493 cives
1437 4437 1546 4493 Deo
1576 4439 1928 4506 crediderint,
1965 4441 2019 4496 id

453 4519 591 4576 sstis
612 4519 836 4585 indicat,
888 4520 1031 4578 haud
1075 4524 1398 4596 simpliciter
1443 4528 1649 4585 dixisse
1679 4532 2018 4603 praphetam,

454 4632 474 4665 ι
498 4613 690 4669 Adhuc
739 4620 854 4672 tres
908 4615 1026 4673 dies
1046 4659 1061 4684 ,
1102 4618 1261 4690 167
1295 4626 1350 4674 et
1381 4618 1573 4677 Ninive
1606 4625 1971 4680 subvertetur.
1998 4645 2017 4677 ι

447 4703 637 4777 Neque
672 4709 814 4762 enim
851 4707 923 4764 ob
956 4708 1099 4763 hanc
1135 4725 1297 4763 unam
1349 4713 1596 4767 voculam
1649 4714 1873 4771 credere
1912 4714 2022 4771 Deo

450 4806 725 4870 poterant,
771 4799 818 4855 si
848 4799 1014 4856 homo
1057 4802 1377 4872 peregrinus
1406 4804 1652 4874 ipsisque
1679 4820 1904 4875 prorsus
1940 4808 2026 4862 in-

450 4894 705 4962 cognitus
741 4891 968 4945 exitium
1011 4892 1253 4949 minatus
1284 4902 1449 4958 esset,
1503 4895 1640 4950 nihil
1669 4904 1851 4952 autem
1886 4915 2025 4970 prae-

366 5020 381 5025 -
451 4988 603 5039 terea
653 4982 990 5039 addidisset:
1030 4998 1208 5055 neque
1251 4986 1527 5043 docuisset
1572 4989 1867 5058 auditores,
1917 5008 2024 5062 quo

453 5074 704 5131 mittente
734 5076 994 5133 venisset.
1046 5075 1153 5132 Sed
1191 5079 1336 5133 enim
1369 5080 1707 5151 exploratum
1737 5092 1842 5151 est,
1897 5100 2028 5156 pro-

453 5165 671 5234 pbetam
716 5175 771 5224 et
800 5166 893 5225 Dei
937 5171 1251 5228 meminisse
1296 5173 1538 5228 omnium
1567 5172 1805 5245 Domini,
1862 5187 1917 5233 et
1967 5194 2027 5235 se

454 5272 685 5313 tntssum
735 5261 805 5317 ab
830 5278 896 5318 eo
922 5264 1366 5322 conﬁrmavisse:
1424 5278 1478 5322 et
1513 5269 1844 5338 praeconium
1872 5271 2026 5327 exitii

457 5343 674 5411 fecisse,
726 5359 890 5422 atque
940 5355 1009 5411 ad
1044 5357 1430 5427 paenitentiam
1477 5374 1600 5415 esse
1642 5361 2023 5417 adhortatum:

2119 3074 2242 3128 σθαι
2285 3074 2364 3136 είς
2410 3072 2508 3144 τὴν
2560 3071 2714 3125 πόλιν
2760 3071 2893 3130 ὡσεὶ
2936 3068 3161 3141 πορείαν
3199 3066 3414 3138 ἡμέρας
3461 3067 3589 3136 μιᾶς
3615 3080 3629 3093 ·
3664 3082 3687 3117 s

2117 3162 2201 3216 ἴνα
2224 3163 2372 3234 εἴπῃ,
2406 3162 2489 3216 ὄτι
2514 3159 2877 3232 είσεληλυθὼς
2907 3162 2988 3224 είς
3009 3159 3107 3229 τὴν
3136 3154 3291 3211 πόλιν
3317 3160 3346 3210 ὁ
3374 3157 3693 3228 προφήτης,

2117 3254 2212 3308 καὶ
2255 3254 2398 3308 κατά
2427 3271 2572 3317 τινος
2620 3255 2824 3325 μέρους
2870 3252 3173 3322 ἀρξάμενος
3206 3249 3307 3319 τῆς
3352 3248 3557 3311 πόλεως
3597 3249 3694 3301 ὲκ-

2118 3348 2334 3419 περιῄει
2378 3363 2435 3400 τε
2483 3343 2670 3418 αὐτὴν,
2701 3346 2796 3398 καὶ
2828 3344 2960 3397 ὡσεὶ
3014 3344 3143 3414 μίαν
3175 3343 3387 3413 ἡμέραν
3423 3340 3695 3409 πεποίηκε

2118 3436 2404 3507 κηρύττων
2432 3452 2489 3489 τε
2516 3436 2610 3489 καὶ
2633 3434 2829 3503 λέγων,
2854 3433 2936 3486 ὅτι
2973 3451 2991 3484 ι
3032 3432 3151 3485 Ἔτι
3178 3432 3326 3502 τρεῖς
3364 3428 3569 3500 ἡμέραι
3593 3426 3694 3480 καὶ

2118 3526 2316 3599 Νινευὴ
2356 3526 2902 3599 καταστραφήσεται,
2953 3542 2970 3574 ι
3007 3523 3098 3576 καὶ
3121 3521 3189 3575 τὰ
3221 3519 3384 3574 λοιπά
3426 3518 3492 3588 δὴ
3516 3516 3700 3571 ὁπόσα

2119 3617 2296 3686 λέγειν
2324 3616 2486 3670 αὑτὸν
2512 3615 2847 3668 καθέκαστον
2874 3613 3039 3685 μέρος
3059 3612 3160 3683 τῆς
3181 3611 3387 3673 πόλεως
3412 3609 3548 3681 πρὸς
3566 3609 3699 3673 τοὺς

2113 3709 2383 3778 παρόντας
2421 3705 2514 3760 ἐπὶ
2541 3704 2857 3783 διδασκαλίᾳ
2904 3702 3010 3756 τῶν
3040 3701 3348 3756 ἀκουόντων
3384 3697 3699 3762 ἀκολούθως

2115 3798 2263 3850 ὲνῆν.

2176 3815 2332 3959 τὲγιτυίχ.
2374 3888 2507 3941 ε’-θ’.
2535 3916 2604 3925 -
2643 3884 2868 3950 Τούτοις
2898 3884 3131 3953 ἐπάγει’
3171 3902 3191 3934 ι
3233 3882 3342 3937 Καὶ
3367 3880 3702 3935 ἐπίστευσαν

2115 3984 2166 4035 oi
2188 3982 2379 4054 ἄνδρες
2411 3980 2614 4050 Νινευὴ
2643 3979 2720 4051 τῷ
2747 3977 2867 4049 Θεῷ
2890 3993 2904 4007 '
2944 3997 2963 4031 ι
2996 3978 3210 4041 δεικνὺς
3243 3977 3325 4029 ὅτι
3352 3976 3416 4028 ὲκ
3463 3973 3557 4027 τοῦ
3594 3972 3693 4043 μέ-

2128 4090 2252 4145 ρους
2278 4074 2379 4143 τῆς
2404 4071 2612 4135 πόλεως
2637 4072 2948 4142 ἀρξαμένου
2990 4068 3084 4122 τοῦ
3113 4070 3393 4140 προφήτου
3422 4064 3698 4119 ποιεῖσθαι

2122 4166 2184 4218 τὸ
2223 4165 2520 4235 κήρυγμα,
2566 4163 2646 4226 είς
2685 4161 2932 4225 ἅπαντάς
2971 4178 3029 4214 τε
3060 4163 3089 4214 ό
3124 4159 3278 4228 λόγος
3310 4156 3518 4227 διεδόθη
3554 4155 3700 4227 μετά

2127 4255 2323 4309 πολλοῦ
2347 4254 2441 4308 τοῦ
2475 4255 2671 4326 τάχους
2691 4271 2704 4284 ·
2754 4254 2846 4307 καὶ
2878 4253 2944 4325 δὴ
2979 4252 3176 4316 πάντες
3206 4248 3569 4321 ἀναμφίϐολον
3600 4247 3700 4302 ἐπὶ

2126 4349 2236 4411 τοῖς
2267 4346 2579 4417 λεγομένοις
2610 4346 2708 4415 τὴν
2734 4344 2959 4415 γνώμην
3008 4342 3289 4414 δεξάμενοι
3331 4340 3470 4412 μετὰ
3500 4337 3701 4392 πολλοῦ

2124 4438 2217 4492 τοῦ
2271 4438 2433 4507 φόϐου
2480 4440 2594 4500 τοῖς
2632 4435 2946 4506 λεγομένοις
2998 4435 3312 4488 ὲπείθοντο’
3348 4432 3591 4485 δείκνυσι
3639 4429 3703 4484 δὲ

2125 4532 2220 4585 καὶ
2246 4530 2327 4596 τὸ,
2358 4550 2377 4583 ι
2399 4531 2758 4585 Ἐπίστευσαν
2786 4531 2835 4582 οἱ
2866 4528 3054 4600 ἄνδρες
3076 4527 3278 4598 Νινευὴ
3305 4526 3382 4597 τῷ
3409 4524 3549 4595 Θεῷ,
3569 4543 3587 4574 ι
3616 4524 3704 4577 ὅτι

2124 4620 2222 4691 οὐχ
2249 4619 2433 4683 ἁπλῶς
2456 4621 2612 4673 τοῦτο
2636 4620 2794 4691 μόνον
2816 4619 3019 4687 ἔλεγεν,
3040 4618 3123 4672 ὅτι
3145 4635 3164 4668 ι
3179 4617 3298 4670 Ἔτι
3327 4617 3474 4687 τρεῖς
3495 4613 3705 4685 ἡμέραι

2126 4712 2218 4764 καὶ
2243 4711 2444 4782 Νινευὴ
2487 4711 3004 4781 καταστραφήσεται
3030 4722 3044 4738 ·
3088 4727 3106 4759 ι
3146 4708 3207 4759 οὐ
3242 4708 3349 4778 γὰρ
3388 4707 3494 4759 ἀπὸ
3532 4704 3704 4774 μόνης

2124 4804 2329 4876 ταύτης
2359 4805 2456 4875 τῆς
2484 4804 2667 4874 φωνῆς
2700 4801 2975 4856 πιστεύειν
3014 4795 3161 4871 εῖχον
3184 4800 3262 4870 τῷ
3281 4798 3422 4870 Θεῷ,
3462 4800 3538 4868 (p.
3569 4795 3703 4866 254)

2125 4898 2315 4970 ἀνδρὸς
2340 4897 2491 4961 ξένου
2524 4896 2620 4950 καὶ
2638 4895 2917 4964 ἀγνώστου
2941 4896 3126 4956 αὐτοῖς
3152 4890 3430 4953 παντελῶς
3453 4890 3551 4961 τὴν
3602 4908 3704 4945 κα-

2127 4988 2427 5060 ταστροφὴν
2453 4989 2551 5062 μὲν
2595 4987 2972 5052 ἀπειλοῦντος,
3018 4983 3399 5057 προστιθέντος
3431 4982 3487 5036 δὲ
3524 4981 3701 5046 οὐδὲν,

2123 5081 2232 5136 οὐδ’
2256 5083 2345 5152 ὑφ’
2372 5082 2493 5135 ὅτου
2520 5098 2623 5152 περ
2652 5077 3059 5149 ἀπεσταλμένος
3086 5077 3172 5145 εἴη
3204 5074 3547 5136 διδάσκοντος
3570 5072 3704 5134 τοὺς

2125 5173 2422 5237 ἀκούοντας
2442 5188 2456 5202 ⁸
2493 5171 2607 5226 ἀλλ’
2640 5169 2861 5239 εὔδηλον
2888 5157 2970 5221 ὅτι
2999 5166 3093 5220 καὶ
3126 5165 3263 5219 Θεοῦ
3294 5164 3571 5235 ἐμέμνητο
3603 5162 3704 5215 τοῦ

2127 5266 2344 5320 πάντων
2368 5262 2572 5333 Κυρίου
2592 5301 2606 5325 ,
2638 5261 2730 5314 καὶ
2760 5257 3095 5313 ἀπεστάλθαι
3132 5256 3285 5325 ἔλεγε
3324 5253 3453 5323 παρ’
3491 5249 3657 5305 αὑτοῦ
3689 5264 3704 5281 ο

2126 5359 2222 5410 καὶ
2260 5356 2322 5408 τὸ
2364 5358 2629 5425 κήρυγμα
2677 5352 2913 5403 ἐποιεῖτο
2942 5350 3042 5420 τῆς
3088 5348 3509 5418 καταστροφῆς,
3563 5341 3705 5412 πρὸς

457 5450 692 5507 quarum
739 5456 921 5498 rerum
969 5448 1160 5502 notitia
1197 5449 1424 5517 imbuti,
1482 5453 1675 5507 merito
1723 5454 1856 5509 dicti
1900 5467 2011 5511 sum

2131 5446 2493 5519 μεταμέλειαν
2521 5444 2717 5507 αὐτοὺς
2737 5440 3168 5512 ἐκκαλούμενος·
3204 5432 3391 5507 ὧνπερ
3427 5431 3520 5489 οὖν
3551 5432 3707 5499 δεξά-

459 5527 763 5587 eredidisse
806 5531 955 5604 Deo;
1007 5539 1166 5607 cujus
1212 5540 1490 5597 decretum
1548 5544 2011 5618 magisteriumqut

2132 5558 2282 5613 μενοι
2324 5539 2421 5610 τὴν
2451 5534 2817 5600 διδασκαλίαν,
2856 5534 3079 5597 εἰκότως
3129 5527 3404 5585 πιστεύειν
3448 5523 3702 5618 ἐλέγοντο

463 5617 819 5689 excipientes,
854 5627 1131 5695 prophetae
1160 5645 1291 5687 voce
1317 5615 1739 5701 nuntiatunt,_ad
1771 5615 2011 5694 virtutcn

2132 5630 2209 5703 τῷ
2243 5630 2392 5703 Θεῷ·
2425 5625 2485 5684 οὗ
2527 5629 2625 5699 τήν
2670 5645 2725 5684 τε
2768 5627 3041 5697 ἀπόφασιν
3081 5624 3172 5680 καὶΙ
3210 5622 3307 5694 τὴν
3332 5615 3701 5709 διδασκαλίαν
