3966 6134
766 166 859 188 «‘—

1308 224 1869 285 COIIENTARIUS
1901 225 1973 283 ΞΝ
2003 223 2200 283 10Νῶ
2228 224 2379 283 CAP.
2420 224 2511 282 IV.

3419 227 3527 287 5ιὲ

266 335 557 408 δεξάμενοι
590 337 732 393 κατὰ
785 337 885 410 τὴν
933 337 1027 394 τοῦ
1064 340 1341 413 προφήτου
1388 342 1572 413 φωνὴν
1615 343 1751 414 πρὸς
1789 343 1881 404 τὸ⁴

1986 338 2323 411 esipuerunt,
2358 338 2435 393 ita
2467 346 2526 392 ut
2559 337 2742 394 multae
2776 336 3221 410 vehementisque
3250 342 3523 411 peniten-

271 428 525 496 κρεῖττον
566 421 705 480 εῑδον
725 445 740 458 ο
777 426 921 481 ὥστε
962 427 1057 482 καὶ
1084 429 1283 500 πολλήν
1320 447 1443 483 τινα
1471 432 1566 486 καὶ
1604 432 1853 486 σύντονον

272 517 383 587 τὴν
417 517 779 588 μεταμέλειαν
831 518 1237 584 ἐπιδείξασθαιο
1290 523 1544 593 νηστείαν
1599 522 1710 595 γάρ
1751 520 1854 578 ἀνά

274 608 377 678 τὴν
399 609 551 663 πόλιν
574 609 873 681 ἐκήρυξαν,
894 609 969 675 ὥς
990 620 1142 683 φησι,
1169 614 1263 667 καὶ
1295 614 1532 678 σάκκους
1555 616 1753 679 πάντες
1771 616 1854 669 ἔνο

277 698 569 768 δυσάμενοι
593 699 780 768 μικροί
801 716 861 752 τε
884 700 979 752 καὶ
999 701 1242 770 μεγάλοι,
1264 700 1503 771 πενθικῷ
1525 701 1856 773 κεχρημένοι

278 787 358 858 τῷ
387 789 648 859 σχήματι,
673 789 801 842 ἵλεω
827 790 1080 859 γενέσθαι
1107 791 1199 844 τὸν
1231 790 1363 846 Θεὸν
1393 793 1578 856 αὐτοῖς
1609 791 1851 863 ἐξῄτουνο

282 879 469 950 ἐπειδὴ
495 879 555 932 δὲ
592 879 690 933 καὶ
717 879 845 952 ἄχρι
888 880 984 934 τοῦ
1021 881 1284 952 βασιλέως
1312 883 1588 954 ἐληλυθὼς
1619 884 1648 937 6
1676 883 1854 953 λόγος,

281 968 399 1020 οὐδὲ
418 969 632 1031 ἐκεῖνος
653 967 937 1039 ἀμελήσας
960 971 1205 1039 φαίνεται
1226 971 1318 1025 τοῦ
1341 972 1664 1044 πράγματος
1683 988 1696 1003 ·
1719 971 1858 1026 ἀλλά

285 1060 456 1129 μικρὰ
492 1057 591 1111 τοῦ
636 1057 920 1128 βασιλικοῦ
953 1062 1244 1132 φροντίσας
1271 1063 1579 1134 ἀξιώματος
1602 1103 1617 1129 ,
1664 1065 1757 1118 τόν
1798 1081 1858 1117 τε

280 1144 472 1215 θρόνον
516 1146 681 1213 ἀφεὶς
726 1147 817 1200 τὸν
857 1150 1077 1214 οἰκεῖον,
1111 1150 1206 1203 καὶ
1235 1150 1334 1221 τὴν
1362 1149 1643 1222 βασιλικὴν
1669 1151 1861 1223 στολὴν

284 1234 616 1305 ἀπορρίψας,
645 1236 852 1291 σάκκον
875 1239 972 1292 καὶ
995 1239 1156 1303 αὐτὸς
1185 1240 1565 1313 περιθέμενος,
1597 1244 1690 1297 ἐπὶ
1722 1261 1859 1298 σπο-

282 1324 374 1379 δοῦ
420 1325 792 1396 καθεξόμενος
844 1327 1108 1382 διετέλεισ
1170 1330 1576 1402 προστάγματά
1624 1349 1685 1386 τε
1735 1332 1863 1403 ἑξῆς

285 1416 435 1487 παρά
443 1433 504 1469 τε
517 1417 615 1470 τοῦ
629 1416 892 1486 βασιλέως
906 1421 1000 1473 καὶ
1016 1419 1124 1474 τῶν
1137 1423 1257 1475 κατ’
1273 1423 1339 1475 αύ
1348 1422 1444 1494 τὴν
1460 1423 1571 1493 (56)
1587 1424 1865 1496 ἀρχόντων

288 1507 507 1577 semen
538 1507 638 1561 τοῦ
671 1508 746 1578 μὴ
780 1510 908 1573 τοὺς
935 1509 1253 1583 ἀνθρώπους
1295 1513 1475 1585 μόνον,
1508 1513 1642 1567 ἀλλά
1676 1515 1769 1570 καὶ
1795 1515 1867 1569 τά

287 1598 422 1669 πρὸς
455 1598 768 1672 ὑπηρεσίαν
799 1602 981 1666 αὐτοῖς
1014 1604 1325 1675 τεταγμένα
1356 1605 1474 1670 ζῶα
1515 1607 1775 1671 παντοίας
1805 1623 1865 1661 τε

1950 433 2042 489 tiae
2069 433 2225 505 signa
2260 431 2548 489 ediderim.
2586 430 2863 503 Jejunium
2910 433 3054 490 enim
3080 444 3178 504 per
3219 432 3520 501 civitatem.

1952 532 2012 579 ut
2061 526 2155 591 ait,
2192 524 2525 590 indixerunt,
2572 540 2902 596 saccumque
2949 526 3130 581 omnis
3159 527 3516 591 atasinduit,

1952 613 2167 685 lugubri
2191 615 2379 671 habitu
2405 615 2499 670 Dei
2523 615 2865 671 clementiam
2884 616 3255 686 implorantes.
3282 616 3527 688 Cumque

1953 703 2023 759 ad
2080 705 2258 776 ipsum
2313 720 2487 776 usque
2527 720 2707 775 regem
2752 721 2934 762 sermo
2984 706 3317 774 devenisset,
3372 722 3443 764 ne
3479 706 3529 762 is

1954 795 2177 865 quidem
2201 811 2315 852 rem
2348 797 2499 866 parvi
2530 795 2659 852 fecit
2682 812 2698 862 ;
2725 797 2820 852 sed
2854 798 3002 869 regia
3031 806 3210 867 spreta
3241 797 3525 869 dignitate,

1956 888 2159 945 throno
2186 890 2401 957 relicto,
2448 891 2726 962 regalique
2758 902 2909 948 veste
2937 892 3169 963 abjecta,
3221 907 3445 950 saccum
3473 901 3532 951 et

1958 976 2079 1048 ipse
2108 978 2309 1046 induit,
2362 991 2526 1051 atque
2555 981 2611 1037 in
2658 984 2844 1038 cinere
2872 982 3013 1038 sedit
3038 1001 3052 1037 :
3095 985 3471 1055 scriptumque
3499 996 3531 1040 a

1960 1085 2085 1142 rege
2113 1071 2353 1128 edictum
2388 1081 2473 1129 est
2505 1078 2559 1129 et
2591 1088 2622 1129 a
2655 1076 2894 1131 civitatis
2932 1074 3292 1147 principibus,
3328 1084 3389 1132 ut
3421 1090 3532 1133 non

1959 1161 2137 1216 solum
2170 1152 2662 1227 homines,'verum
2692 1166 2856 1220 etiam
2895 1163 3144 1235 iumenta
3173 1164 3392 1220 illorum
3421 1179 3540 1219 ser-

1959 1251 2095 1307 vitio
2122 1251 2338 1307 addicta
2366 1256 2515 1308 omni
2546 1254 2746 1326 pabulo
2773 1266 3013 1329 potuque
3040 1264 3315 1314 carerent.
3349 1255 3537 1328 Neque

1964 1343 2229 1400 hactenus
2273 1346 2488 1401 illorum
2523 1347 2840 1418 ptenitentia
2865 1350 3051 1418 stetit;
3106 1349 3201 1405 sed
3232 1336 3379 1405 omni
3412 1356 3540 1404 ante

1966 1442 2103 1488 actae
2129 1433 2252 1488 vitae
2276 1432 2545 1490 maleﬁcio
2568 1435 2797 1501 omisso,
2829 1437 3145 1507 mutuisque
3168 1435 3423 1505 imposito
3451 1435 3538 1489 in-

1964 1524 2128 1596 juriis
2172 1524 2298 1591 (ine,
2331 1541 2663 1598 magnopere
2688 1528 3001 1598 sperabant,
3033 1527 3149 1582 fore
3182 1534 3243 1582 at
3264 1527 3381 1597 ipse
3409 1540 3543 1595 quo.

1971 1630 2079 1685 que
2103 1615 2246 1672 Deus
2271 1615 2544 1686 paenitens
2568 1617 2838 1688 perlatum
2866 1616 3143 1673 decretum
3175 1615 3423 1697 inluditua
3449 1630 3546 1669 an-

288 1689 490 1759 τροφῆς
512 1690 610 1741 καὶ
630 1690 798 1743 ποτοῦ
820 1690 1093 1768 διαμένειν
1121 1695 1279 1759 ὲκτός
1297 1711 1312 1725 ·
1337 1696 1430 1748 καὶ
1457 1696 1517 1749 ού
1550 1695 1713 1767 μέχρι
1740 1695 1863 1750 τού-

1986 1707 2231 1777 Liquaret.
2270 1725 2288 1758 ι
2315 1705 2453 1772 Quis
2476 1707 2648 1774 enim,
2689 1707 2867 1778 inquit
2897 1707 3200 1778 Scriptura,
3218 1689 3385 1762 'novit
3415 1720 3543 1761 num

291 1795 396 1833 των
424 1782 500 1850 (p.
524 1780 660 1851 155)
682 1780 920 1853 ἔστησαν
939 1784 1036 1855 τὴν
1065 1786 1446 1856 μεταμέλειαν,
1475 1786 1611 1841 ἀλλά
1638 1787 1747 1858 γάρ
1771 1787 1866 1841 καὶ

290 1871 396 1927 τῶν
426 1872 603 1926 πάλαι
642 1874 831 1937 κακῶς
872 1875 1054 1938 αὐτοῖς
1091 1877 1477 1947 πραττομένων
1510 1877 1865 1944 ἀποστάντες,

293 1964 470 2033 πάσης
490 1980 554 2016 τε
584 1963 686 2033 τῆς
709 1964 788 2027 είς
819 1964 1041 2034 ἑτέρους
1061 1965 1274 2029 ἀδικίας
1296 1967 1626 2038 χωρίσαντες
1649 1968 1865 2033 αὐτοὺς,

295 2054 497 2123 σφόδρα
527 2071 595 2123 γε
630 2055 891 2125 ἀνέμενον
917 2055 979 2108 τὸ
1018 2056 1111 2109 καὶ
1139 2057 1229 2109 τὸν
1255 2057 1387 2111 Θεὸν
1422 2058 1509 2126 ἐφ’
1541 2052 1624 2122 οἷς
1654 2059 1870 2130 ἀπεφή-

295 2159 420 2196 νατο
447 2144 576 2197 κατ’
607 2143 787 2198 αὐτῶν
827 2145 1163 2214 μεταγνόντα
1193 2144 1351 2199 λῦσαι
1381 2146 1476 2216 τὴν
1499 2146 1871 2219 ἐξενεχθεῖσαν

297 2234 572 2303 ἀπόφασιν
599 2234 882 2300 παντελῶς
907 2254 920 2267 ο
971 2253 989 2287 ι
1021 2235 1117 2299 Τίς
1151 2237 1278 2309 γάρ,
1315 2234 1650 2308 φησὶν,οῐδεν
1693 2239 1742 2291 εί
1775 2257 1870 2311 με·

298 2327 551 2396 τανοήσει
581 2327 678 2380 καὶ
706 2328 1187 2400 παρακληθήσεται
1222 2329 1252 2381 6
1285 2328 1440 2394 Θεὸς,
1468 2329 1563 2384 καὶ
1592 2330 1871 2403 ἀποστρέ-

1963 1800 2105 1853 forte
2137 1799 2458 1853 immutetur
2491 1799 2881 1870 mitigeturque
2904 1797 3069 1863 Deus,
3101 1807 3266 1868 atque
3306 1798 3378 1853 ab
3406 1804 3545 1854 tatu

1963 1885 2169 1942 furoris
2204 1888 2292 1943 sui
2314 1888 2556 1954 recedat,
2588 1889 2749 1945 nobis
2774 1888 3226 1946 incolumibus?»
3259 1886 3392 1955 Qua
3414 1901 3550 1944 sane

1966 1974 2076 2030 dici
2107 1976 2178 2030 ab
2202 1976 2286 2032 eis
2310 1991 2420 2032 non
2462 1984 2779 2048 potuerunt,
2814 1978 2920 2033 nisi
2953 1975 3289 2048 propheticis
3319 1973 3551 2030 vocibus

1966 2062 2205 2120 fuissent
2237 2065 2452 2122 edocti:
2505 2066 2561 2121 id
2605 2066 2754 2137 quod
2805 2080 3000 2137 reapse
3041 2064 3245 2119 factum
3283 2062 3550 2134 propheta

1973 2157 2129 2213 dicit.
2164 2155 2284 2213 ιω
2317 2167 2608 2230 postquam
2636 2174 2732 2217 eos
2759 2159 3013 2233 cognovit
3043 2157 3188 2213 Deus
3212 2157 3362 2213 vitiis
3383 2158 3553 2212 omis-

1975 2247 2054 2304 sis
2077 2248 2145 2301 ad
2166 2249 2425 2305 virtutem
2442 2251 2687 2315 tendere,
2716 2250 2994 2307 decretum
3020 2249 3136 2322 ipse
3160 2263 3380 2320 quoque
3406 2245 3552 2318 quod

1976 2337 2033 2392 in
2067 2353 2164 2395 eos
2193 2340 2396 2396 tulerat
2423 2342 2729 2413 abrogavit.

297 2416 386 2488 ψει
418 2418 528 2472 ἀπὸ
556 2418 729 2489 ὀργῆς
766 2418 939 2490 θυμοῦ
967 2419 1152 2484 αὖτοῦ,
1182 2422 1275 2474 καὶ
1315 2421 1375 2475 οὐ
1424 2421 1499 2492 μὴ
1528 2420 1895 2492 ἀπολώμεθας
1928 2445 1948 2478 t
1989 2428 2135 2501 ἀπερ
2167 2429 2262 2486 οὖν
2298 2434 2398 2506 οὐχ
2428 2428 2543 2488 οἶόν
2574 2451 2633 2488 τε
2668 2435 2847 2503 λέγειν
2875 2432 3071 2498 αὐτοὺς
3104 2431 3178 2503 μὴ
3219 2432 3287 2484 ἐκ
3313 2428 3421 2484 τῶν
3461 2426 3556 2483 τοῦ

301 2515 607 2602 προφήτου-
640 2513 1051 2585 δεδιδαγμένους
1098 2516 1317 2583 φωνῶν·
1374 2517 1533 2570 τοῦτο
1597 2518 1661 2589 δὴ
1720 2520 1813 2571 καὶ
1858 2524 2186 2595 γεγενῆσθαί
2235 2543 2401 2599 φησιν
2453 2530 2482 2583 6
2541 2531 2863 2602 προφήτης·
2922 2529 3015 2583 καί⁸
3073 2527 3371 2598 ιπειδήπερ
3418 2518 3558 2578 εῐδιν

306 2602 495 2694 αὐτοὺς
522 2602 562 2694 6
734 2604 1077 2668 ἀποστάντας
1109 2604 1207 2675 μὲν
1235 2605 1344 2659 τῶν
1374 2605 1654 2679 χειρόνων,
1692 2607 1990 2675 νεύσαντας
2018 2612 2077 2666 δὲ
2106 2617 2240 2687 πρὸς
2264 2617 2326 2671 τὸ
2355 2600 2624 2690 κρεῖττον,
2654 2600 2810 2673 ἔλυσε
2839 2620 2931 2674 καὶ
2957 2620 3118 2683 αὐτὸς
3145 2618 3243 2689 τὴν
3285 2615 3558 2694 ἀπόφασιν

305 2692 477 2763 ᾖνπερ
504 2689 601 2746 οὖν
627 2692 934 2765 ἐξενηνόχει
963 2696 1084 2748 κατ’
1118 2696 1316 2753 αὐτῶν.

958 2787 1114 2841 ΚΕΦ.
1150 2789 1222 2841 Δ’.

377 2876 517 2947 Στίχ.
552 2874 698 2931 α’·ὄ.
725 2908 796 2917 -
828 2895 847 2929 ι
912 2877 1034 2931 Ἐπὶ
1067 2878 1277 2943 τούτοις
1315 2879 1593 2952 ἐλυπήθη,
1624 2880 1813 2951 φησιν,
1847 2881 1877 2933 6

2057 2874 2219 2947 138
2250 2875 2416 2934 Vens.
2450 2878 2563 2934 1-4.
2587 2790 3045 2951 -ξῗῖιίέἓεειὶε,
3075 2882 3251 2954 pergit
3273 2877 3559 2953 Scriptura

323 2967 499 3033 Ἰωνᾶς
543 2969 729 3039 λύπην
787 2968 1043 3040 μεγάλην¹
1076 2970 1169 3024 καὶ
1212 2970 1498 3042 συνεχύθη.
1540 2990 1560 3023 a
1603 2970 1842 3033 Εἰκότως
1867 2986 1880 3000 ·

1986 2965 2186 3030 dicere,
2225 2982 2482 3040 magnum
2528 2972 2806 3026 contraxit
2834 2969 3008 3029 Jonas
3039 2986 3357 3036 mmrorem,
3399 2974 3562 3044 eique

311 3060 686 3131 διεταράττετο
713 3059 824 3129 γὰρ
854 3059 931 3123 ὼς
978 3061 1293 3124 ἀπατεῶνας
1328 3062 1422 3113 καὶ
1446 3059 1685 3130 ψεύστου
1719 3058 1882 3123 δόξαν

316 3152 522 3222 μέλλων
569 3150 948 3222 ἀποφέρεσθαι
990 3153 1122 3223 παρ’
1164 3153 1350 3215 αὐτοῖς
1375 3194 1388 3217 ,
1429 3153 1511 3204 δτι
1549 3153 1578 3205 6
1621 3151 1718 3222 μὲν
1755 3149 1886 3203 εἵσω

314 3243 476 3314 τριῶν
503 3246 537 3313 ἡ
547 3241 736 3314 μερῶν
766 3243 1061 3313 ἠπείλησεν
1090 3242 1308 3296 ἔσεσθαι
1339 3243 1439 3314 τὴν
1465 3242 1847 3313 καταστροφήν
1867 3258 1882 3272 ·

315 3332 528 3401 ὶγένετο
567 3333 625 3387 δὲ
658 3333 839 3388 οὐδέν·
873 3330 992 3386 εἶτα
1021 3335 1114 3387 καὶ
1140 3333 1275 3404 πρὸς
1301 3334 1392 3388 τὸν
1420 3334 1550 3387 Θεὸν
1578 3334 1887 3403 ἀποόλέψας

317 3423 499 3494 ἔλεγεν
522 3440 536 3454 ο
576 3442 597 3476 ι
634 3425 748 3496 οὐχ
768 3420 913 3478 οὗτοι
939 3426 988 3477 oi
1018 3423 1166 3493 λόγοι
1199 3442 1298 3495 μου
1330 3421 1471 3497 ἦσαν
1500 3424 1581 3478 ετι
1605 3426 1756 3489 ὄντος
1788 3442 1888 3496 μου

320 3516 376 3569 ιν
404 3519 471 3587 τῇ
498 3518 572 3587 γῇ
605 3532 743 3586 μου;
789 3516 879 3569 διὰ
905 3515 1062 3569 τοῦτο
1103 3516 1427 3586 προέφθασα
1454 3516 1548 3569 τοῦ
1592 3519 1780 3585 φυγεῖν
1810 3517 1890 3579 είς

323 3605 553 3676 Θαρσεῖς
571 3648 587 3670 ,
616 3606 754 3659 διότι
791 3606 965 3675 ἔγνων
993 3608 1074 3660 ὅτι
1102 3608 1165 3660 σὺ
1191 3608 1438 3678 ἐλεήμων
1471 3604 1522 3660 εἴ
1548 3608 1639 3661 καὶ
1686 3608 1893 3675 οἰκτίρ-

327 3715 461 3766 μων,
504 3697 861 3769 μακρόθυμος
899 3697 995 3750 καὶ
1027 3697 1315 3761 πολυέλεος
1341 3700 1435 3751 καὶ
1485 3696 1759 3766 μετανοῶν
1801 3698 1893 3749 ἐπὶ

322 3788 438 3846 ταῖς
469 3786 713 3848 κακίαις.
766 3803 787 3838 ι
819 3784 1014 3853 Σαφῶς
1057 3785 1162 3857 γὰρ
1192 3785 1459 3856 ἐδήλωσεν
1494 3786 1575 3836 ὅτι
1612 3783 1771 3836 τοῦτο
1800 3782 1895 3835 xui.

324 3877 419 3947 τῆς
446 3880 629 3947 φυγῆς
657 3874 807 3945 αὐτῷ
832 3875 1055 3944 γέγονεν
1103 3876 1292 3938 αίτιον,
1334 3874 1411 3946 (p.
1456 3873 1583 3943 956)
1610 3872 1673 3925 τὸ
1698 3872 1895 3924 ειδέναι

324 3964 404 4018 ὅτι
432 3965 814 4035 φιλάνθρωπος
857 3964 956 4027 ὢν,
1014 3966 1060 4017 εί
1098 3964 1567 4034 μεταϐαλομένους
1617 3962 1750 4027 ἴδοι,
1797 3961 1897 4031 τὴν

329 4056 604 4124 ἀπόφασιν
640 4054 855 4119 πάντας
901 4054 1118 4120 ἀλλάξει
1155 4055 1255 4124 τὴν
1298 4054 1503 4107 οἰκείαν
1529 4069 1541 4082 ·
1592 4055 1674 4107 ὅτι
1712 4069 1772 4104 τε
1811 4053 1898 4103 ὲν-

331 4147 515 4200 τεῦθεν
555 4145 707 4217 αὐτῷ
744 4146 1028 4217 περιέσται
1060 4144 1121 4198 τὸ
1162 4143 1397 4213 ψεύστου
1443 4145 1587 4207 τινὸς
1617 4144 1710 4197 καὶ
1758 4143 1900 4195 ἀπα-

288 4237 526 4301 Ἶεῶνος
576 4237 733 4303 δόξαν
784 4237 968 4291 λαϐεῖν
1026 4238 1157 4308 παρ’
1213 4237 1396 4301 αὐτοῖς
1422 4253 1437 4269 ·
1490 4236 1611 4289 ὅθεν
1664 4235 1859 4303 ἐπάγει
1883 4249 1894 4261 ·

1986 3057 2201 3111 animus
2225 3058 2574 3127 perturbatus
2595 3068 2697 3115 est.
2728 3080 2747 3113 ι
2780 3058 2968 3132 Neque
2994 3061 3285 3117 immerito.
3315 3059 3564 3118 Timehat

1985 3145 2129 3200 enim
2165 3162 2234 3201 ne
2262 3148 2387 3201 vani
2409 3156 2464 3203 et
2492 3148 2770 3205 mendacis
2790 3150 3102 3220 opinionem
3124 3149 3269 3222 apud
3294 3149 3563 3207 Ninivitas

1987 3237 2329 3308 acquireret:
2390 3241 2829 3311 quandoquidem
2883 3242 3000 3313 ipse
3040 3243 3262 3313 quidem
3314 3241 3562 3298 futurum

1987 3328 2228 3384 minatus
2255 3338 2374 3385 erat
2402 3331 2545 3386 intra
2576 3341 2689 3387 tres
2712 3332 2829 3388 dies
2856 3332 3127 3388 excidium
3152 3351 3169 3401 ;
3223 3332 3359 3387 nihil
3385 3341 3564 3389 autem

1989 3419 2115 3474 inde
2135 3427 2491 3475 consecutum
2513 3431 2616 3485 est.
2648 3418 2769 3476 Mox
2802 3419 2969 3476 Deum
3010 3420 3318 3491 suspiciens
3345 3421 3523 3476 aiebat
3548 3440 3562 3476 :

1997 3530 2015 3561 ι
2056 3510 2248 3567 Nonne
2279 3512 2365 3566 hic
2387 3519 2504 3567 erat
2526 3526 2707 3567 sermo
2735 3526 2911 3577 meus,
2945 3508 3074 3566 dum
3103 3511 3282 3566 adhuc
3304 3511 3360 3565 in
3394 3515 3568 3582 patria

1991 3603 2212 3671 regione
2261 3604 2550 3657 versarer?
2609 3604 2842 3673 ideoque
2873 3604 3056 3674 fugam
3089 3604 3145 3657 in
3192 3601 3421 3660 Tharsis
3452 3620 3568 3658 ma-

1993 3700 2301 3746 turareram
2326 3711 2342 3761 ;
2374 3692 2502 3763 quia
2539 3699 2594 3748 te
2623 3693 2945 3748 clementem
2980 3708 3238 3749 noveram
3266 3701 3320 3749 et
3350 3694 3571 3750 miseri-

1994 3783 2240 3845 cordem,
2267 3784 2558 3852 patientem
2584 3782 2877 3837 admodum
2901 3791 2954 3838 et
2987 3783 3379 3853 indulgentem,
3406 3791 3571 3854 atque

1995 3874 2385 3930 obliviscendis
2417 3872 2635 3943 injuriis
2685 3872 2921 3928 facilem.
2949 3892 2973 3926 a
3006 3874 3300 3945 Perspicue
3344 3874 3573 3929 demon-

1996 3974 2134 4021 strat
2168 3966 2308 4020 hanc
2343 3965 2448 4020 sibi
2480 3964 2619 4033 fuga
2651 3979 2875 4019 causam
2917 3965 3111 4031 fuisse,
3140 3966 3264 4035 quia
3298 3973 3575 4019 mutatum

1998 4060 2063 4113 iri
2091 4058 2368 4114 decretum
2402 4066 2648 4123 noverat,
2688 4059 2737 4114 si
2790 4058 2933 4115 Deus
2979 4057 3438 4112 clementissimus
3464 4056 3575 4111 im-

2000 4151 2199 4205 mutari
2233 4149 2457 4207 vidisset
2503 4150 2784 4217 homines;
2845 4164 2905 4205 se
2934 4163 3062 4205 vero
3090 4148 3301 4204 fallacis
3336 4147 3572 4203 hominis

2002 4257 2064 4296 ac
2091 4242 2397 4313 deccptoris
2454 4242 2652 4296 famam
2722 4250 3138 4311 aucupaturum.
3219 4241 3399 4307 Quare
3455 4240 3568 4293 ait:

339 4348 361 4380 ι
399 4300 919 4394 Καὶῗνῦν,νΔέσποτα
943 4300 1134 4400 Κύριε,
1163 4328 1295 4382 λάϐε
1327 4330 1425 4398 τὴν
1450 4328 1629 4398 ψυχήν
1675 4300 1881 4398 μουνάπ

2012 4351 2030 4382 ι
2055 4300 2241 4396 Nunc:
2263 4341 2453 4400 potens
2486 4328 2736 4394 Domine,
2770 4300 3022 4399 spiritum
3063 4328 3194 4382 mihi
3224 4300 3393 4398 eripe,
3445 4327 3573 4397 quia

335 4420 464 4490 limi
486 4461 500 4486 ,
531 4422 614 4474 ὅτι
639 4421 803 4474 καλόν
842 4404 931 4491 μοι
960 4420 1025 4474 τὸ
1062 4420 1352 4475 ἀποθανεῖν
1398 4437 1464 4490 με
1504 4420 1704 4489 μᾶλλον
1736 4419 1769 4488 ἢ
1802 4417 1899 4488 ζῇν

342 4531 423 4583 με.
460 4531 479 4565 ι
516 4512 620 4566 Διά
652 4512 710 4566 δὶ
735 4513 925 4566 τούτου
946 4556 961 4579 ,
987 4515 1143 4584 φησὶ,
1174 4514 1263 4567 τὸν
1290 4513 1518 4566 θάνατον
1542 4510 1900 4581 αἱρετώτερον

338 4605 500 4675 κρινῶ
544 4603 644 4658 τοῦ
694 4605 831 4675 μετά
872 4604 1032 4675 δόξης
1065 4604 1319 4675 τοιαύτης
1353 4603 1451 4674 ζῇν
1496 4603 1648 4673 παρὰ
1676 4603 1788 4663 τοῖς
1820 4601 1904 4654 άν-

339 4693 591 4765 θρὼποις.
609 4694 671 4751 Ὀ
697 4697 794 4766 μὲν
819 4691 911 4749 οὖν
938 4695 1070 4759 Θεὸς
1099 4697 1126 4748 6
1154 4695 1249 4750 ml.
1274 4695 1407 4767 πρὸς
1428 4694 1555 4756 τοὺς
1584 4691 1905 4763 μετανοούν-

334 4803 433 4849 τας
483 4785 873 4858 φιλάνθρωπος
919 4785 1017 4838 καὶ
1060 4787 1172 4849 τοῖς
1223 4785 1444 4846 οἰκείοις
1491 4784 1699 4854 ἥμερος
1744 4782 1904 4849 ἄγαν,

341 4877 701 4948 ὲντρεπτικῶς
757 4876 1032 4946 ἐπιτιμῶν
1079 4876 1158 4947 τῷ
1208 4878 1463 4949 προφήτῃ
1512 4874 1708 4945 φησίν·
1767 4890 1787 4923 ι
1845 4874 1908 4925 Εἰ

343 4971 540 5044 σφόδρα
587 4969 937 5040 λελύπησαι;
986 4988 1005 5021 ι
1057 4970 1179 5023 ἀντὶ
1231 4970 1326 5023 τοῦ
1353 5009 1367 5034 ,
1413 4970 1636 5031 Ἔοικας
1674 4966 1905 5036 ἀθυμεῖν

341 5061 603 5116 τοσούτων
662 5060 1064 5131 σεσωσμένωνο
1100 5061 1219 5115 δέον
1247 5061 1572 5132 ἀντισηκοῦν
1605 5063 1671 5131 τῇ
1701 5056 1905 5130 ὑπολή-

342 5152 427 5220 ψει
444 5156 506 5225 τῇ
537 5145 735 5207 σαυτοῦ
758 5153 864 5224 τὴν
882 5152 1101 5206 πάντων
1126 5153 1419 5224 σωτηρίαν,
1436 5153 1530 5205 καὶ
1553 5150 1908 5223 αἱρετώτερον

341 5244 572 5316 νομίζειν
597 5245 765 5300 αὐτόν
796 5261 859 5298 σε
886 5243 1127 5298 τοιοῦτον
1158 5243 1555 5315 ὑποληφθῆναι,
1585 5245 1618 5315 ἢ
1642 5241 1909 5298 τοσούτων

343 5335 605 5392 ἀπώλειαν
636 5334 1004 5408 γεγενῆσθαι.

402 5428 542 5501 Στίχ.
575 5432 730 5501 ε’-η’.
771 5457 850 5470 —-
900 5429 963 5481 Ὀ
1006 5427 1062 5481 δὲ
1102 5430 1389 5501 προφήτης
1440 5426 1770 5499 ἐξεληλυθὼς
1819 5428 1915 5497 τῆς

391 5619 499 5693 (36)
532 5620 611 5677 Ita
641 5602 773 5676 cod.

2008 4425 2145 4479 mori
2169 4423 2300 4477 mihi
2330 4438 2493 4493 quam
2515 4422 2699 4477 vivere
2720 4422 2893 4477 satius
2917 4428 3017 4476 est.
3052 4440 3072 4473 ι
3109 4419 3410 4489 Optabilior
3431 4420 3577 4473 enim

2011 4514 2163 4578 mihi,
2228 4514 2422 4583 inquit,
2472 4526 2619 4568 mors
2661 4521 2764 4577 est,
2818 4526 2982 4581 quam
3031 4511 3088 4565 in
3135 4511 3239 4564 hac
3297 4511 3577 4564 hominum

2011 4606 2265 4677 opinione
2311 4606 2535 4661 \ersari.
2573 4603 2711 4660 Tum
2744 4601 2889 4660 Deus
2932 4602 3312 4673 pmnitentium
3347 4609 3578 4665 amator,

2013 4700 2237 4768 suisque
2267 4697 2556 4752 admodum
2588 4697 2757 4759 mitis,
2811 4698 3072 4767 pudorem
3101 4692 3253 4749 Jonas
3287 4692 3578 4753 incutiens,

2014 4789 2286 4858 increpuit
2315 4790 2536 4844 dicens:
2578 4786 2755 4843 «Num
2789 4789 2886 4842 tibi
2932 4799 3259 4858 magnopere
3291 4784 3437 4839 dolet
3465 4784 3583 4837 ani-c

2015 4899 2137 4939 mus
2159 4884 2216 4935 ?a
2247 4882 2450 4954 Nempe
2467 4896 2697 4939 mcerere
2713 4881 2938 4944 videris,
2958 4879 3106 4951 quod
3136 4885 3284 4932 tanta
3303 4873 3581 4930 hominum

2014 4976 2307 5031 multitudo
2332 4984 2653 5032 conservata
2678 4976 2766 5031 sit.
2796 4975 2957 5046 Atqui
2990 4974 3218 5029 deberes
3241 4980 3585 5024 communem

2014 5067 2244 5121 salutem
2273 5068 2410 5136 aequi
2446 5068 2684 5138 bonique
2712 5068 2999 5121 consulere
3022 5078 3133 5134 prae
3163 5062 3302 5115 fama
3328 5066 3453 5122 tua;
3486 5056 3581 5111 lui-

2015 5170 2121 5226 que
2153 5154 2389 5210 nominis
2407 5158 2701 5221 maculam,
2732 5169 2894 5226 quam
2923 5162 3001 5207 tot
3024 5152 3301 5208 hominum
3332 5147 3582 5210 exitium,

2016 5248 2193 5303 malle.

2091 5428 2257 5484 Vens.
2288 5429 2407 5485 5-8.
2440 5460 2505 5468 —
2539 5426 2691 5481 Tunc
2771 5426 2906 5482 urbe
2969 5425 3230 5498 propheta
3302 5436 3579 5497 egressus.
