3966 6134
419 183 530 243 Ζιιῦ

1620 191 1967 249 TllEODORl
1999 192 2480 250 MUPSUESTENI

3566 196 3669 254 5“

417 293 603 334 curam
650 278 872 344 resedit,
934 277 1204 350 tuguriolo
1258 278 1331 333 ibi
1378 290 1745 337 constructo:
1784 285 1837 338 in
1880 300 1979 354 quo

2093 285 2317 350 πόλεως,
2368 283 2655 348 ἐκαθέζετο
2685 283 3037 354 κατάντικρυ,
3071 285 3279 356 σκηνήν
3305 285 3484 357 ἐαυτῷ
3508 291 3667 357 ποιή-

419 386 670 439 manens,
710 372 953 443 nunquid
987 379 1248 442 przeterea
1292 372 1497 429 civitati
1531 374 1700 442 fieret,
1736 379 1995 432 observa-

418 463 552 516 bat:
600 463 871 516 minarum
912 460 1055 515 enim
1105 460 1427 528 gravitatem
1473 479 1658 518 secum
1709 475 1989 536 reputans,

420 543 768 598 existimabat
800 543 926 598 hinc
958 542 1165 612 aliquid
1196 553 1642 600 consecuturum.
1677 545 1795 600 Mox
1826 547 1993 618 jussit

420 624 564 679 Deus
594 633 652 679 ut
693 625 977 679 cucurbita
1003 636 1225 694 repente
1252 634 1379 679 nata
1404 629 1679 697 tugurium
1707 638 1898 692 totum,
1936 632 1989 685 in

416 722 527 779 quo
576 707 836 776 propheta
875 707 1215 771 versabatur,
1254 710 1446 763 umbra
1482 711 1792 779 obtegeret:
1832 712 1991 783 169

415 805 584 859 quare
624 788 792 843 Jonas
831 790 1056 859 putabat
1092 791 1382 861 quamdam
1419 807 1478 847 se.
1525 792 1744 847 domum
1791 795 1991 851 habere

413 873 683 927 densitate
714 872 965 925 foliorum
1000 873 1443 943 eircumseptam.
1474 873 1537 926 Et
1560 875 1779 944 quidem
1828 891 1988 947 poma

414 970 629 1025 quoque
665 954 866 1008 allatim
892 956 1141 1026 undique
1159 957 1520 1026 dependentia
1546 960 1837 1013 maximam
1869 962 1990 1015 ani-

413 1053 503 1091 mo
547 1039 856 1107 przebebant
899 1039 1343 1094 oblectationem.
1388 1040 1516 1106 llis,
1565 1043 1818 1112 inquam,
1857 1061 1987 1114 pro-

412 1120 573 1192 pheta
627 1136 957 1190 magnopere
1013 1123 1311 1176 latabatur.
1378 1120 1484 1176 Sed
1547 1127 1690 1177 enim
1744 1125 1871 1179 dum
1923 1143 1989 1182 eo

412 1204 702 1265 miraculo,
745 1203 929 1272 reique
963 1216 1181 1273 aspectu
1221 1214 1380 1272 atque
1442 1221 1544 1260 usu
1582 1205 1801 1269 fruitur,
1859 1210 1985 1263 dum

411 1286 583 1338 multa
644 1286 716 1339 ob
768 1286 820 1339 id
878 1287 1151 1355 voluptate
1226 1286 1611 1356 perfunditur,
1675 1298 1838 1361 atque
1886 1292 1991 1346 hac

412 1366 518 1420 sibi
583 1368 917 1422 recreatione
980 1369 1170 1423 beatus
1215 1369 1472 1438 videtur;
1519 1371 1706 1426 divino
1769 1382 1989 1443 repente

411 1458 545 1503 nutu
609 1450 944 1504 vermiculus
1012 1451 1211 1520 plantze
1270 1452 1530 1517 innatus,
1608 1456 1749 1509 hanc
1801 1457 1989 1511 confc—

412 1530 537 1585 stim
592 1532 838 1601 corrupit
875 1540 1038 1601 atque
1072 1533 1393 1588 exsiccavit.
1454 1532 1573 1588 Jam
1615 1536 1762 1591 hunc
1790 1541 1989 1591 vermi-

2096 394 2213 442 σας,
2241 378 2334 430 καὶ
2366 377 2470 429 ὑπὸ
2500 375 2702 447 ταύτην
2729 376 2951 444 διάγων,
2982 378 3139 448 ἄχρις
3179 376 3275 429 ἴδοι
3311 377 3364 430 τί
3405 395 3533 431 ποτε
3564 380 3669 449 ἀρα

2093 468 2299 535 γένοιτο
2326 468 2485 519 πλέον
2506 467 2633 537 περὶ
2655 465 2751 537 τὴν
2774 467 2944 521 πόλιψ
2977 468 3073 538 τῆς
3094 468 3202 538 γὰρ
3234 467 3463 538 ἀπειλῆς
3491 469 3552 521 τὸ
3575 471 3670 538 μέ-

2096 544 2255 626 γεθος
2279 557 2731 629 ἀναλογιζόμενος
2751 557 3096 627 ὑπελάμϐανέ
3117 557 3246 609 τιτὸ
3263 558 3421 627 τυχὸν
3439 559 3530 612 καὶ
3552 558 3668 612 ἔσει

2098 647 2220 701 σθαι
2251 647 2388 718 μετὰ
2417 647 2601 701 τοῦτο·
2640 643 2759 700 εἶτα
2788 647 3116 718 προσέταξεν
3138 649 3166 700 6
3187 647 3317 711 Θεὸς
3339 648 3666 704 κολόκυνθαν

2094 738 2287 809 ἀθρόον
2321 740 2636 808 ἐκφυεῖσαν,
2676 738 2893 793 ἃπασαν
2926 737 3022 810 τὴν
3053 738 3257 810 σκηνὴν
3289 741 3347 791 ἐν
3372 733 3519 812 ᾗπερ
3542 736 3610 810 ἦν
3640 742 3668 793 6

2091 828 2375 898 προφήτης
2422 826 2707 897 πληρῶσαι
2744 828 2898 889 σκιᾶς
2922 842 2936 856 °
2972 828 2991 897 (
3016 842 3067 897 p.
3096 828 3196 881 257
3221 828 3238 897 )
3268 827 3345 892 ὡς
3378 828 3474 882 καὶ
3505 828 3667 881 αὐτὸν

2088 916 2266 971 δοκεῖν
2293 918 2468 980 οἰκίας
2496 918 2637 981 τινὸς
2667 918 2874 991 σκέπην
2902 918 3046 989 ἔχειν
3076 917 3153 988 τῷ
3181 918 3372 990 πλήθει
3399 919 3506 972 τῶν
3534 919 3663 989 φύλ-

2092 1007 2198 1060 λων
2219 1024 2231 1038 ·
2265 1008 2355 1060 καὶ
2382 1008 2446 1079 δὴ
2475 1008 2568 1062 καὶ
2612 1008 2702 1062 τὸν
2729 1009 2939 1080 καρπὸν
2975 1009 3313 1080 πανταχόθεν
3354 1011 3548 1083 ἀθρόον
3576 1011 3670 1065 ἐκ·

2094 1097 2461 1172 κρεμάμενον,
2501 1099 2760 1170 πλείστην
2788 1100 2911 1153 τινὰ
2939 1100 3199 1170 παρέχειν
3226 1100 3373 1169 αὐτῷ
3401 1101 3499 1170 τήν
3525 1099 3668 1170 ψυχ-

2089 1189 2333 1257 αγωγίαν
2357 1206 2369 1219 ·
2424 1184 2525 1262 ἧσε
2574 1184 2753 1244 τοῦτο’
2780 1191 2869 1245 τὸν
2914 1192 3198 1262 προφήτην
3239 1190 3314 1253 ὡς
3355 1192 3500 1253 εἰκὸς
3538 1208 3670 1261 τερ-

2091 1280 2289 1349 φθέντα
2315 1279 2392 1352 τῷ
2419 1281 2702 1353 παραδόξῳ
2725 1283 2823 1353 τῆς
2847 1299 2908 1335 τε
2938 1282 3063 1345 θέας
3092 1282 3187 1335 καὶ
3226 1281 3326 1351 τῆς
3353 1283 3539 1351 χρείας
3569 1283 3667 1336 τοῦ

2089 1372 2369 1440 γεγονότος
2393 1389 2407 1404 ο
2436 1372 2509 1435 ὡς
2531 1372 2588 1426 δὲ
2624 1374 2825 1446 πολλὴν
2858 1375 2953 1428 ἐπὶ
2983 1374 3059 1443 τῷ
3103 1372 3388 1445 πράγματι
3417 1374 3515 1445 τὴν
3544 1376 3673 1445 ήδοο

2090 1460 2185 1531 νήν
2212 1461 2359 1531 ἔσχε,
2389 1464 2481 1516 καὶ
2512 1464 2785 1533 ἀρκοῦσαν
2828 1481 2950 1519 τινα
2987 1464 3304 1536 κομίζεσθαι
3352 1464 3454 1535 τὴν
3493 1464 3671 1535 ψυχα-

2088 1551 2297 1620 γωγίαν
2345 1552 2595 1606 ἐντεῦθεν
2633 1553 2847 1621 ἐδόκει,
2879 1554 3075 1625 ἀθρόον
3115 1554 3280 1607 πάλιν
3324 1555 3669 1625 ἐπιτάγματι

409 1614 591 1667 culum
616 1612 893 1683 Scriptura
917 1615 1242 1669 matutinum
1263 1624 1441 1682 vocat,
1461 1627 1515 1670 ut
1533 1618 1799 1689 significet
1818 1635 1979 1690 genus

2090 1612 2217 1710 θείῳ
2244 1639 2460 1712 σκώληξ
2504 1644 2804 1710 ἐγγεγονὼς
2831 1612 2907 1713 τῷ
2947 1612 3097 1713 ιρυτῷ
3127 1644 3271 1696 ἅπαν
3305 1612 3667 1713 ἀθρόοείάύτὸ

409 1704 679 1771 serpentis
711 1703 983 1757 matutino
1017 1710 1262 1774 tempore
1295 1704 1407 1759 Deo
1438 1709 1650 1762 volente
1699 1709 1753 1762 in
1790 1709 1986 1765 arbore

406 1789 596 1858 geniti,
632 1790 771 1845 hanc
798 1792 1018 1860 penitus
1048 1792 1457 1847 exsiccavisse:
1515 1795 1590 1847 ita
1618 1803 1677 1848 ut
1706 1804 1828 1850 orto
1858 1813 1980 1851 mox

407 1876 543 1939 sole,
578 1876 872 1932 vehemens
905 1878 960 1931 in
1015 1875 1211 1931 Jonam
1239 1879 1439 1935 solaris
1465 1878 1696 1937 ﬂamma:
1734 1884 1985 1937 inciderit

408 1962 616 2019 radius.
666 1963 848 2033 Pergit
898 1963 1180 2034 Scriptura
1221 1965 1444 2022 dicere:
1487 1967 1792 2039 «Praecepit
1843 1969 1983 2027 Deus

408 2050 624 2120 spiritui
654 2051 835 2105 calido
863 2053 1039 2107 urenti
1071 2060 1130 2106 ut
1155 2055 1368 2109 serviret
1397 2055 1451 2109 in
1480 2055 1632 2111 Jona:
1656 2067 1852 2126 caput;
1888 2059 1981 2127 qui

406 2137 590 2191 animo
633 2138 929 2193 concidens
953 2139 1067 2209 jam
1114 2141 1279 2195 vitam
1329 2145 1639 2212 respuebat.
1668 2163 1686 2196 ι
1730 2145 1807 2199 Ita
1855 2152 1982 2201 vero

406 2224 767 2294 intelligimus
808 2226 950 2280 haud
979 2239 1302 2283 consuetum
1344 2229 1489 2283 hunc
1529 2230 1698 2286 fuisse
1719 2233 1979 2298 calorem,

408 2310 500 2364 sed
541 2311 812 2365 ﬂarnmam
849 2313 1227 2383 gravissimam
1262 2314 1449 2369 divino
1484 2317 1715 2372 consilio
1772 2319 1983 2375 innuis-

406 2412 560 2467 sam;
592 2398 749 2466 cujus
778 2414 944 2454 causa
968 2402 1228 2471 majorem
1265 2402 1427 2457 solito
1468 2404 1681 2473 patiens
1711 2406 1979 2475 propheta

406 2501 649 2549 sensum,
687 2489 1055 2544 vehementius
1089 2491 1410 2561 angebatur,
1449 2508 1750 2563 parumque
1772 2496 1978 2561 aberat,

407 2574 539 2644 quin
567 2575 729 2629 vitam
758 2576 1029 2631 amitteret
1056 2577 1106 2631 vi
1143 2579 1365 2635 caloris.
1396 2578 1512 2634 llo'c
1536 2581 1678 2635 enim
1712 2582 1981 2652 signiﬁcat

408 2680 429 2713 ι
458 2664 619 2717 vitam
667 2665 978 2734 respuebat.
1009 2685 1025 2717 ι
1066 2667 1152 2719 Ait
1195 2666 1357 2737 igitur
1394 2667 1541 2724 Deo:
1584 2689 1601 2720 ι
1625 2669 1815 2727 Melius
1848 2674 1979 2728 mihi

404 2754 542 2807 mori
573 2770 737 2823 quam
798 2756 996 2810 vivere.
1022 2775 1039 2807 ι
1076 2756 1288 2822 Quibus
1335 2758 1518 2813 verbis
1569 2759 1671 2813 hoc
1712 2762 1978 2829 quodam-

406 2841 566 2896 modo
595 2842 807 2898 aiebat:
863 2843 1129 2898 Malorum
1186 2845 1317 2898 mihi
1354 2846 1601 2900 solamen
1652 2846 1766 2901 haec
1797 2851 1976 2918 planta

403 2925 538 2993 fuit;
586 2930 683 2984 sed
712 2930 895 2984 eadem
931 2945 1054 2984 mox
1090 2929 1310 2984 defecit.
1349 2930 1461 3001 Ego
1498 2947 1627 2987 vero
1661 2942 1855 3002 praeter
1900 2935 1979 2989 fa-

2089 1731 2365 1801 ἀνήλωσέν
2386 1749 2447 1784 τε
2472 1733 2565 1784 καὶ
2599 1733 2857 1803 ἐξήρανεν
2897 1733 3169 1796 παντελῶς
3193 1750 3208 1765 ο
3239 1732 3299 1785 τὸ
3327 1732 3434 1804 γὰρ
3464 1753 3481 1784 ι
3521 1732 3671 1786 σκὼο

2087 1820 2211 1892 ληκι
2243 1824 2437 1893 έωθινῇ
2471 1841 2491 1874 ι
2524 1821 2692 1891 λέγει,
2715 1822 2801 1876 ἴνα
2819 1822 2947 1894 εἴπῃ
2973 1824 3055 1877 ὅτι
3085 1822 3252 1876 ἕωθεν
3276 1822 3668 1894 προστάγματι

2087 1910 2212 1981 θείῳ
2247 1909 2462 1984 σκώληξ
2504 1911 2699 1982 ἀθρόον
2745 1912 2967 1981 ἐκφυεὶς
2996 1912 3088 1964 ἐπὶ
3116 1910 3210 1963 τοῦ
3252 1911 3419 1979 φυτοῦ
3450 1912 3667 1983 ἀπεξή-

2088 2017 2246 2072 ρανεν
2282 1996 2459 2055 ἆπαψ
2490 1999 2631 2055 ὥστε
2666 2002 3046 2065 ἀνατείλαντος
3092 1999 3185 2053 τοῦ
3234 2000 3382 2071 ήλίου
3432 2001 3667 2072 σφοδρο-

2078 2074 2251 2162 ’τάτην
2285 2092 2434 2164 αύτῷ
2468 2092 2561 2146 τοῦ
2614 2093 2840 2165 ἡλιακοῦ
2898 2093 3178 2156 καύσωνος
3222 2094 3502 2146 ἐπιπεσεῖν
3559 2092 3670 2163 τήν

2084 2185 2296 2238 ἀκτῖνα.
2339 2184 2501 2251 Λέγει
2542 2185 2693 2252 γοῦν,
2731 2184 2813 2237 ὅτι
2850 2204 2867 2235 ι
2906 2182 3244 2254 Προσέταξεν
3276 2184 3304 2235 6
3332 2183 3464 2245 Θεὸς
3493 2183 3668 2236 πνεύ-

2087 2292 2217 2346 ματι
2268 2262 2544 2335 καύσωνος
2602 2274 2934 2343 συγκαίοντι,
2980 2274 3075 2327 καὶ
3104 2262 3374 2336 ἐπάταξεν
3420 2274 3512 2326 ἐπὶ
3556 2274 3667 2344 τὴν

2084 2365 2325 2437 κεφαλὴν
2380 2366 2549 2430 Ἰωνᾶ,
2585 2366 2680 2419 καὶ
2710 2365 3057 2435 ὼλιγοψύχει,
3093 2364 3185 2418 καὶ
3221 2364 3516 2433 ἀπελέγετο
3555 2365 3665 2436 τὴν

2081 2455 2258 2528 ψυχὴν
2297 2456 2461 2510 αὐτοῦ
2485 2473 2497 2487 ο
2544 2476 2562 2508 ι
2597 2456 2809 2519 δεικνὺς
2837 2456 2918 2508 ὅτι
2957 2456 3016 2508 οὐ
3052 2455 3192 2509 κατά
3230 2455 3291 2508 τὸ
3318 2454 3506 2516 εἰωθὸς
3531 2456 3667 2509 οὐδὲ

2081 2550 2110 2600 6
2143 2547 2359 2601 καύσων
2387 2547 2622 2614 ἐγένετο,
2659 2546 2795 2600 ἀλλὰ
2836 2545 3218 2616 προστάγματι
3262 2544 3392 2615 θείῳ
3421 2544 3669 2615 βαρυτά-

2081 2654 2180 2708 την
2214 2634 2360 2705 αὑτῷ
2405 2635 2501 2706 τὴν
2541 2635 2715 2702 φλόγα
2745 2634 3012 2703 ἔπεμψεν,
3067 2635 3142 2697 ὡς
3187 2633 3252 2687 ἂν
3298 2632 3519 2704 μείζονα
3557 2633 3662 2686 τοῦ

2083 2728 2391 2800 συμϐάντος
2418 2728 2516 2796 τὴν
2536 2725 2787 2795 αἴσθησιν
2818 2724 2995 2779 λαϐὼν
3024 2724 3103 2777 ἔτι
3134 2724 3332 2794 μᾶλλον
3363 2724 3663 2792 ἀλγήσειεν

2079 2820 2107 2872 6
2148 2818 2462 2889 προφήτης,
2515 2815 2711 2886 μικροῦ
2754 2813 2885 2882 γοῦν
2935 2813 3151 2883 ἀφιέναι
3196 2814 3295 2883 τὴν
3332 2812 3510 2883 ψυχὴν
3546 2812 3664 2864 ὑπὸ

2080 2909 2173 2962 τοῦ
2203 2910 2477 2969 καύσωνος
2516 2906 2874 2959 κινδυνεύων*
2907 2906 3063 2958 τοῦτο
3086 2907 3193 2975 γάρ
3222 2907 3337 2956 ἐστι
3370 2904 3448 2970 τὸ,
3487 2923 3505 2955 ι
3541 2905 3664 2957 Καὶ

405 3030 545 3067 mam
574 3017 886 3083 pessimam,
912 3017 1113 3072 caloris
1138 3033 1356 3087 quoque
1387 3018 1686 3073 molestiam
1710 3033 1761 3077 et
1789 3022 1979 3079 discri-

2084 3006 2381 3074 ὰπελέγετο
2413 3002 2510 3075 τήν
2532 3002 2706 3073 ψυχὴν
2733 3002 2919 3057 αὑτοῦ.
2963 3022 2982 3055 ι
3017 3003 3161 3072 Ἔφη
3196 3000 3331 3072 πρὸς
3364 3000 3454 3053 τὸν
3479 2999 3611 3052 Θεόν
3642 3017 3660 3032 ·

405 3116 527 3154 men
570 3105 765 3171 patior.
798 3100 997 3169 Quidni
1028 3104 1192 3175 igitur
1213 3104 1351 3158 mori
1373 3105 1554 3159 malim
1576 3122 1738 3176 quam
1768 3111 1970 3179 vivere,

403 3193 497 3257 qui
532 3188 697 3243 tantis
725 3191 1000 3245 ohtuudor
1033 3191 1237 3247 malis?

2086 3120 2104 3152 ι
2145 3099 2316 3154 Καλόν
2354 3117 2445 3169 μοι
2471 3100 2532 3151 τὸ
2568 3098 2855 3151 ἀποθανεῖν
2882 3099 2914 3170 ἢ
2944 3097 3064 3169 ζῇν.
3111 3116 3129 3149 ι
3166 3097 3239 3167 (p.
3279 3095 3404 3165 2.38)
3430 3094 3662 3148 Τοιοῦτό

2077 3216 2128 3251 τι
2156 3198 2351 3265 λέγων,
2372 3198 2456 3250 ὅτι
2477 3196 2849 3266 Ψυχαγωγίαν
2869 3197 2987 3249 τινὰ
3014 3196 3119 3248 τῶν
3146 3193 3473 3264 συνεχόντων
3496 3192 3661 3257 ἔδοξα.

405 3284 589 3339 κακῶν
615 3285 757 3357 ἔχειν
785 3288 846 3347 τὸ
874 3289 1037 3355 φυτόν
1059 3305 1071 3318 ’
1102 3286 1220 3342 εἶτα
1253 3290 1445 3361 ἀθρόον
1472 3290 1530 3344 τὸ
1568 3292 1665 3361 μὲν
1695 3294 2049 3365 ἀπελήλυθεν,
2083 3295 2193 3363 ἐγὼ
2224 3294 2281 3347 δὲ
2307 3296 2374 3366 τῇ
2403 3294 2675 3364 μοχθηρίᾳ
2700 3294 2797 3364 τῆς
2829 3291 3146 3361 ὑπολήψεως
3187 3288 3657 3361 προσεκτησάμην

404 3374 495 3427 τοῦ
515 3373 794 3439 καύσωνος
820 3377 918 3447 τὴν
940 3376 1218 3449 βαρύτητα
1251 3379 1454 3432 καὶτὸν
1481 3382 1796 3452 ἐνοχλοῦντα
1821 3385 2059 3439 κίνδυνον
2087 3383 2355 3438 ἐντεῦθεν·
2388 3384 2504 3450 πῶς
2544 3382 2636 3438 οὖν
2674 3386 2732 3437 ού
2769 3383 2860 3437 τοῦ
2900 3383 2996 3454 ζῇν
3022 3383 3229 3453 βέλτιον
3254 3380 3314 3433 τὸ
3336 3380 3652 3447 ἀποθανεῖν,

401 3466 450 3518 εἰ
469 3465 743 3531 τοσούτοις
774 3467 1020 3539 μέλλοιμι
1046 3470 1293 3524 παλαίειν
1326 3475 1551 3536 κακοῖς;

475 3559 641 3616 Vens.
684 3561 840 3617 9-H.
864 3593 935 3603 —
956 3563 1324 3630 Quamobrem
1358 3565 1436 3619 ait
1471 3567 1551 3620 illi
1583 3566 1729 3623 Deus
1757 3587 1809 3623 ει
1833 3568 1972 3622 Num

2144 3565 2291 3635 Στίχ.
2334 3564 2499 3618 θ’-ια’.
2537 3595 2605 3605 -
2634 3562 2724 3616 Διὸ
2760 3563 2823 3635 δή
2871 3580 3003 3633 φησι
3053 3562 3187 3634 πρὸς
3220 3563 3380 3618 αὑτὸν
3408 3565 3437 3617 6
3476 3565 3608 3628 Θεός
3632 3584 3650 3597 ·

403 3659 460 3706 tu
511 3668 841 3723 magnopere
890 3669 1095 3711 maeres
1136 3668 1354 3726 propter
1388 3659 1778 3713 eucnrbitam?
1811 3680 1829 3711 ι
1864 3676 1975 3730 quo

2081 3674 2095 3706 ι
2131 3656 2191 3708 El
2224 3656 2425 3727 σφόδρα
2451 3654 2751 3725 λελύπησαι
2781 3655 2872 3707 ἐπὶ
2905 3657 2969 3724 τῇ
3011 3654 3343 3723 κολοκύνθη;
3383 3673 3401 3706 ι
3442 3654 3651 3709 Τούτου

403 3745 804 3814 respondente,
846 3761 905 3801 se
942 3747 1248 3804 mortiferis
1289 3749 1415 3819 angi
1460 3749 1748 3806 doloribus
1794 3751 1975 3823 (adeo

2081 3746 2125 3798 Βὲ
2176 3746 2448 3809 εἰπόντος,
2508 3745 2611 3807 ἓως
2660 3744 2887 3797 θανάτου
2936 3744 3221 3798 λυπεῖσθαι
3267 3745 3458 3810 (οὕτως
3498 3746 3654 3816 αύτῴ

294 3868 303 3873 τ
395 3835 697 3906 jucundam
741 3837 941 3893 fecerat
982 3841 1261 3911 prOphetae
1295 3845 1549 3897 arborem
1574 3844 1764 3911 .Dcus,
1797 3845 1974 3900 idem-o

402 3944 509 3998 que
538 3936 748 3983 tantam
778 3928 847 3984 de
874 3929 1023 3986 illius
1049 3932 1217 3987 exitio
1246 3933 1525 3988 tristitiam
1552 3944 1837 3991 creaverat
1862 3976 1877 4001 ,
1911 3946 1971 3990 ut

401 4019 505 4076 hoc
542 4021 793 4092 exemplo
833 4036 1124 4078 mmrorem
1165 4023 1405 4079 hominis
1429 4025 1496 4080 de
1528 4025 1763 4081 civitatis
1794 4027 1971 4081 salute

401 4111 824 4178 injustissimum
881 4116 1264 4183 coargueret);
1330 4114 1515 4169 subdit
1567 4112 1710 4169 Deus
1756 4115 1972 4185 :x170

407 4220 427 4252 ι
446 4200 601 4257 Tune
619 4210 900 4271 tantopere
932 4204 1233 4259 cucurbitae
1250 4220 1417 4260 causa
1437 4220 1656 4267 maeres,
1676 4206 1768 4274 qui
1793 4205 1967 4260 eidem

2071 3836 2166 3888 καὶ
2211 3836 2473 3905 ἐράσμιον
2503 3834 2669 3923 ἔδίειξε
2692 3834 2751 3886 τὸ
2782 3834 2946 3903 φυτὸν
2968 3836 2995 3888 6
3025 3834 3176 3898 Θεὸς,
3201 3835 3292 3887 καὶ
3320 3836 3419 3905 τὴν
3451 3836 3543 3888 ἐπὶ
3573 3839 3649 3908 τῇ

2076 3925 2319 3996 ἀπωλείᾳ
2360 3925 2452 3977 τοῦ
2498 3924 2664 3993 φυτοῦ
2698 3924 2871 3996 λύπην
2910 3926 3054 3996 αύτῴ
3085 3926 3308 3995 μείζονα
3346 3927 3653 3996 πεποίηκεν

2075 4016 2423 4085 ἐγγενέσθαι,
2470 4017 2564 4068 ἐπὶ
2595 4016 2672 4086 τῷ
2702 4016 2997 4086 παραθέσει
3053 4018 3313 4086 μειζόνως
3354 4018 3516 4070 αὐτοῦ
3546 4018 3651 4088 τὴν

2077 4107 2172 4160 ἐπὶ
2200 4110 2266 4177 τῇ
2315 4106 2557 4176 σωτηρία
2598 4106 2695 4176 τῆς
2726 4108 2931 4170 πόλεως
2964 4107 3139 4178 λύπην
3164 4108 3379 4176 ἐλέγξαι
3409 4110 3651 4167 κάκιστα

2076 4197 2498 4267 γεγενημένην),
2524 4198 2735 4264 ἐπάγει·
2770 4216 2788 4245 ι
2815 4193 2945 4249 Εἶτα
2978 4198 3041 4250 σὺ
3068 4200 3185 4269 μὲν,
3216 4201 3367 4269 φησὶ,
3392 4202 3651 4255 τοσοῦτον

400 4292 713 4348 excolendae
728 4293 935 4347 nullum
957 4295 1193 4350 laborem
1214 4296 1565 4367 impendisti?
1582 4311 1687 4350 una
1706 4297 1852 4351 enim
1870 4313 1971 4352 no-

2081 4289 2215 4358 ὑπὲρ
2245 4289 2341 4357 τῆς
2382 4287 2709 4359 κολοκύνθης
2754 4288 3015 4359 ήλγησας,
3061 4291 3248 4343 οὐδένα
3288 4293 3529 4361 κάματον
3566 4297 3651 4358 είς

401 4391 487 4439 rte
515 4389 737 4452 repente
777 4392 925 4446 nata,
972 4385 1122 4441 illico
1152 4402 1257 4440 una
1289 4395 1452 4443 nocte
1487 4388 1769 4442 interitum
1809 4404 1972 4458 passa

399 4480 520 4541 est;
552 4488 639 4528 me
677 4488 805 4528 vero
843 4488 943 4530 cur
974 4477 1146 4547 magis
1177 4492 1287 4533 non
1312 4477 1495 4534 decuit
1526 4478 1778 4535 miserari
1810 4476 1965 4533 Nini-

399 4582 531 4631 ven,
572 4567 705 4620 tanti
747 4568 930 4640 populi
971 4568 1277 4632 civitatem,
1322 4577 1381 4623 ut
1418 4569 1704 4627 duodecim
1744 4571 1819 4625 ibi
1859 4571 1973 4627 sint

398 4655 674 4729 myriades
696 4657 998 4723 hominum,
1016 4659 1108 4729 qui
1132 4658 1318 4712 laevam
1337 4674 1368 4712 a
1390 4658 1612 4713 dextera
1633 4676 1739 4714 non
1764 4661 1973 4718 discer-

398 4761 536 4805 nunt
560 4749 584 4803 ?
610 4770 629 4803 ι
657 4749 818 4805 Pueri
850 4750 1113 4806 nimirum
1147 4748 1391 4804 inlantes
1424 4750 1766 4820 intelligendi
1799 4760 1970 4816 sunt,

397 4842 490 4913 qui
520 4857 713 4913 reapse
744 4842 889 4897 laevae
909 4841 1222 4911 dextraeque
1247 4840 1543 4895 discrimen
1572 4841 1778 4895 nullum
1802 4857 1973 4911 agno-

399 4943 602 4990 scunt:
640 4934 845 5005 quique
884 4933 956 4988 ob
994 4932 1173 4989 artatis
1216 4931 1590 4988 infirmitatem
1626 4933 1778 4987 nulla
1810 4933 1877 4990 de
1914 4950 1972 4989 re

393 5025 643 5095 judicare
685 5029 938 5094 queunt;
998 5021 1231 5092 ideoque
1285 5037 1353 5077 ne
1392 5021 1565 5090 culpa:
1618 5022 1838 5093 quidem
1875 5024 1973 5078 oh-

399 5114 545 5168 noxii
580 5114 838 5179 fuerunt,
870 5118 1033 5168 aetate
1063 5111 1306 5167 nondum
1340 5112 1605 5183 patiente.
1652 5110 1745 5168 Sic
1784 5122 1967 5169 autem

398 5202 544 5259 Deus
574 5205 789 5261 locutus
820 5213 904 5260 est
919 5204 989 5259 ob
1004 5203 1383 5259 declarandam
1416 5203 1713 5258 incolarum
1734 5206 1969 5275 copiam.

406 5289 499 5345 tibi
534 5296 679 5348 enim
712 5296 1002 5350 infantium
1032 5303 1220 5352 tantus
1245 5302 1364 5351 erat
1394 5310 1659 5349 numerus
1681 5335 1695 5359 ,
1727 5304 1971 5364 quantus

405 5381 621 5438 demum
643 5384 953 5441 adultorum
976 5387 1301 5457 cogitandus
1323 5387 1440 5442 est?
1458 5384 1575 5441 Jam
1599 5386 1815 5442 caeteris
1839 5400 1973 5455 pra:-

404 5472 678 5528 termissis
702 5524 714 5540 ,
756 5473 898 5535 Deus
929 5477 1245 5532 lactentium
1287 5478 1611 5534 memoravit
1645 5491 1931 5531 numerum
1953 5516 1968 5539 ,

405 5578 641 5636 quorum
695 5562 813 5619 sine
864 5565 1031 5621 dubio
1066 5575 1289 5636 propter
1338 5570 1706 5625 innocentiam
1753 5569 1965 5623 nullum

2074 4380 2173 4450 τὴν
2200 4381 2458 4434 σύστασιν
2479 4379 2647 4449 αὐτῆς
2670 4367 3026 4447 είσενεγκιιτνς
3058 4383 3115 4434 ἐν
3139 4384 3292 4436 νυκτὶ
3321 4384 3428 4454 γάρ
3452 4386 3650 4455 ἁθρόον

2073 4473 2359 4538 γεγονυῖα,
2409 4471 2604 4543 ἀθρόον
2648 4474 2705 4524 ὲν
2759 4472 2916 4523 νυκτὶ
2960 4472 3054 4524 καὶ
3105 4473 3203 4543 τήν
3256 4475 3534 4529 ἀπώλειαν
3562 4476 3650 4530 δέ-

2072 4563 2289 4616 δεκται·
2344 4563 2466 4634 ἐμοὶ
2498 4563 2554 4617 δὲ
2600 4562 2717 4627 πῶς
2768 4563 3103 4619 ού,πλείονα
3160 4566 3429 4637 ἁρμόττον
3476 4568 3648 4635 φειδὼ

2072 4654 2274 4726 Νινευὴ
2321 4656 2420 4725 τῆς
2472 4655 2677 4718 πόλεως
2719 4655 2883 4727 ἔχειν,
2931 4656 3030 4726 τῆς
3078 4657 3219 4710 οὕτω
3251 4658 3534 4728 μεγίστης,
3567 4660 3648 4722 ὡς

2072 4744 2279 4799 δώδεκα
2313 4746 2578 4816 μυριάδας
2607 4747 2776 4817 αὐτὴν
2809 4749 2975 4801 οίκείν
2997 4747 3301 4819 ἀνθρώπων
3341 4750 3443 4802 οὐκ
3474 4751 3649 4817 ἐγνω-

2074 4837 2245 4891 κότων
2277 4836 2480 4908 δεξιάή
2510 4839 2804 4910 ἀριστερά;
2838 4859 2856 4892 ι
2886 4840 2972 4894 ἵνα
3011 4840 3164 4911 εἴπῃ,
3192 4839 3445 4909 Νηπίωψ
3469 4841 3647 4894 τοιού-

2071 4945 2197 4991 τους
2243 4928 2351 4999 γάρ
2393 4930 2493 4982 οὐκ
2536 4930 2841 4997 ἐγνωκότας
2897 4931 3106 5002 δεξιᾰῆ
3148 4930 3412 5004 ἀριστερὰ
3462 4931 3642 4999 λέγει,

2073 5019 2197 5081 τοὺς
2220 5018 2309 5072 διὰ
2342 5018 2637 5090 νηπιότητα
2667 5021 2765 5074 οὐκ
2794 5021 2991 5092 ἀκριϐῆ
3028 5021 3136 5074 τῶν
3165 5023 3502 5093 πραγμάτων
3523 5022 3644 5078 διὰο

2075 5126 2250 5179 κρισιν
2297 5106 2538 5179 ἔχοντας,
2571 5110 2691 5163 οὐδὲ
2742 5112 2800 5163 ὲν
2830 5113 3125 5182 ἁμαρτίαις
3159 5114 3288 5165 ποτὲ
3319 5114 3394 5176 ὡς
3421 5114 3646 5181 γεγονόσ-

2071 5216 2191 5266 τας,
2235 5200 2329 5253 ἆτε
2358 5202 2455 5271 τῆς
2499 5201 2714 5271 ἡλικίας
2738 5203 2799 5255 οὐ
2823 5192 3125 5273 ’δεχομένης
3164 5204 3351 5257 τοῦτο·
3380 5203 3468 5273 (p.
3499 5204 3642 5272 259)

2072 5288 2219 5356 λέγει
2250 5289 2347 5359 μὲν
2381 5289 2489 5361 γάρ
2524 5290 2652 5342 αὐτὸ
2685 5292 2764 5355 είς
2812 5291 3082 5358 ἀπόδειξιν
3109 5290 3202 5343 τοῦ
3246 5291 3483 5362 πλήθους
3532 5291 3643 5344 τῶν

2073 5380 2361 5434 οἰκούντων
2396 5381 2494 5451 τὴν
2528 5382 2681 5437 πόλιν
2701 5399 2713 5412 ³
2756 5382 2883 5435 ἔνθα
2908 5382 3016 5455 γάρ
3044 5382 3265 5457 τοσοῦτο
3299 5383 3405 5436 τῶν
3431 5384 3643 5453 νηπίων

2072 5468 2140 5542 ἦν
2179 5474 2240 5527 τὸ
2272 5474 2473 5546 πλῆθος
2493 5516 2507 5541 ,
2541 5476 2705 5529 πόσον
2745 5477 2810 5547 δὴ
2843 5477 2902 5530 τὸ
2934 5478 3040 5530 τῶν
3071 5476 3292 5529 τελείων
3336 5475 3640 5547 ἀνθρώπων

2077 5557 2173 5634 ἧνς
2202 5563 2338 5628 Τοὺς
2366 5564 2422 5617 δέ
2453 5583 2511 5634 γε
2547 5566 2762 5631 λοιποὺς
2810 5567 3050 5633 ἅπαντας
3080 5566 3399 5639 παραλιπὼν
3429 5567 3455 5618 6
3483 5566 3637 5631 Θεὸς,
