3966 6134
230 248 346 308 ωδ

1233 260 1781 322 COMMENTARIUS
1816 264 1884 321 IN
1916 266 2227 324 MICHEE
2267 268 2426 325 CAP.
2460 270 2505 325 l.

3394 286 3507 346 518

225 362 487 469 adv-cina
531 365 741 469 νηπίων
762 364 941 469 ἐἷπεν
976 373 1242 446 ἀριθμόν·
1291 379 1342 432 οἶ
1379 381 1811 454 ὁμολογουμένως

1929 393 2050 441 erat
2084 400 2264 457 pmnze
2300 387 2578 443 meritum.
2626 385 2797 445 Nemo
2841 398 2993 448 certe
3036 393 3237 451 dixerit
3286 397 3500 469 simpli-

125 458 147 472 ‘
234 454 558 522 ἐφαίνοντο,
609 458 711 510 οὐκ
760 458 911 524 ὄντες
956 462 1095 529 ἄξιοι
1131 466 1227 520 τοῦ
1278 485 1330 523 τι
1376 472 1546 525 κακὸν
1598 474 1818 540 παθεῖν,

236 543 336 634 am
366 543 503 634 μηδὲ
529 546 913 617 ἡμαρτηκότες
946 568 999 605 τι
1038 553 1205 618 τίως’
1258 558 1319 610 οὐ
1364 558 1474 631 γὰρ
1502 562 1587 631 δὴ,
1636 566 1819 634 φησὶν,

235 633 411 696 εἴποις
454 633 523 687 ἂν
567 636 649 689 ὅτι
696 640 791 691 καὶ
832 642 1085 698 τοσοῦτον
1139 647 1372 719 ἀριθμὸν
1418 652 1624 722 νηπίων
1668 633 1822 709 οὐθὲν

236 726 643 796 ἡμαρτηκότων
686 729 985 786 ἀπολέσθαι
1023 736 1301 806 προσῆκον
1343 736 1441 812 ἦν’
1470 742 1611 796 ὥστε
1644 745 1746 800 κᾶν
1771 749 1821 800 εί

241 814 325 906 pi},
342 814 455 906 τῶν
483 815 712 871 τελείων
745 821 932 887 φειδὼ,
961 822 1093 890 γοῦν
1128 826 1235 880 τῶν
1274 831 1484 900 νηπίων
1515 836 1818 906 μνησθῆναι

241 904 437 974 μᾶλλον
463 906 656 976 ἐχρῆν,
681 909 774 961 ἐπὶ
797 909 878 981 τῷ
902 913 1069 983 μηδὲν
1097 916 1265 971 κακὸν
1288 920 1385 989 τὴν
1410 922 1566 976 πόλιν
1600 904 1815 982 παθεῖν.

238 992 556 1064 Προσέθηκε
583 994 642 1048 δὲ
668 996 751 1061 τὸ,
801 1015 822 1048 ι
864 1001 958 1053 καὶ
986 1003 1157 1074 κτήνη
1201 1006 1401 1061 πολλά·
1441 1027 1461 1060 ι
1498 1009 1575 1073 ὡς
1616 1011 1684 1065 ἂν
1721 1015 1818 1068 καὶ

236 1081 436 1136 τούτων
484 1083 743 1140 ἁϐλαϐὦν
787 1089 1153 1157 φυλάττεσθαι
1212 1096 1538 1165 ὀφειλόντων
1591 1100 1817 1168 δικαίως

235 1176 339 1236 τοῖς
365 1174 461 1226 ἐπὶ
510 1175 615 1245 τῆς
660 1176 873 1243 πόλεως
905 1180 1325 1255 διασωζομένοις
1354 1187 1465 1243 τῶν
1489 1189 1813 1261 ἀνθρώπων.

1925 478 2071 530 cium
2109 477 2466 547 parvulorum
2504 480 2710 533 tantam
2750 482 3155 539 multitudinem
3188 502 3344 560 aequo
3371 504 3503 557 iure

1925 565 2097 623 fuisse
2130 570 2487 638 perdendam.
2518 560 2885 639 Quamobrem
2917 575 3131 633 etiamsi
3167 577 3305 635 forte
3336 582 3497 637 adul-

1924 663 2107 711 torum
2156 660 2304 714 nulla
2351 659 2547 716 fuisset
2593 663 2915 727 miseratio,
2956 666 3258 734 puellorum
3307 674 3497 742 utique

1924 748 2245 804 meminisse
2282 751 2569 820 oportuit,
2625 768 2736 822 quo
2782 756 2919 810 nihil
2972 759 3100 813 mali
3150 760 3270 815 urbi
3321 762 3493 821 ﬂeret.

1923 837 2140 906 Adjecit
2180 838 2326 896 Deus
2348 880 2363 904 ,
2399 859 2419 892 ι
2452 848 2507 895 et
2538 841 2786 911 iumenta
2832 846 3043 915 multa;
3078 868 3097 901 ι
3129 864 3231 905 ceu
3282 851 3328 908 si
3383 870 3497 911 me-

1923 926 2030 980 rito
2064 927 2182 984 haec.
2213 945 2434 1001 quoque
2466 935 2675 988 servari
2707 934 3004 991 incolumia
3041 939 3395 1011 debuissent,
3426 946 3497 1001 ob

1921 1016 2161 1088 civium,
2192 1022 2398 1093 quibus
2424 1031 2542 1081 erat
2575 1026 2848 1097 parcitum
2868 1067 2887 1097 ,
2916 1032 3388 1091 commoditatem.

238 1389 3468 1461 ξιτ-Μξὲ

797 1598 1365 1688 ΕΡΜΗΝΕΙΑ
1434 1607 1920 1698 ΜΙΧΑΙΟΥ
1990 1617 2220 1706 ΤΟΥ
2288 1623 2930 1719 ΠΡΟΦΗΤΟΥ,

239 1940 1378 2142 COMMENTARIUS
1489 2032 1635 2145 IN
1742 2036 2454 2198 MIQHmAM
2563 2036 3479 2166 PROPHETAM.

885 2479 1041 2533 KEO.
1083 2484 1154 2538 A'.

244 2746 656 2841 πΡῨεφῆτευσαν,
703 2751 864 2823 δῆλός
908 2756 1024 2808 ἐστι
1058 2758 1153 2811 καὶ
1199 2761 1228 2811 ὁ
1280 2763 1550 2836 μακάριος
1599 2784 1812 2841 προφη“

242 2836 397 2930 satirae
421 2841 662 2911 Μιχαίας
680 2860 696 2874 °
729 2845 799 2898 τὰ
830 2848 940 2919 γὰρ
966 2851 1096 2922 περὶ
1122 2850 1212 2906 τὸν
1245 2852 1371 2909 λαὸν
1397 2836 1811 2930 ὲσόμεναγπαρᾶ

244 2942 298 2978 τε
333 2926 432 3023 τῷν
467 2931 771 3004 ’Δσσυρίων
810 2939 906 2990 καὶ
939 2939 1046 2993 τῶν
1074 2941 1431 3001 Βαϐυλωνίων
1464 2926 1807 3023 πνευματικῇ

245 3020 535 3091 κινούμενος
573 3029 642 3096 τῇ
674 3027 859 3098 χάριτι
906 3032 998 3083 καὶ
1044 3033 1204 3097 αὐτὸς
1250 3020 1642 3110 προαγορεύειν
1690 3020 1810 3096 πειζ

249 3114 408 3179 pint,
448 3115 614 3180 εὐθὺς
640 3118 706 3170 ὲκ
743 3123 1045 3192 προοιμίων
1089 3129 1269 3182 κοινὸν
1315 3132 1442 3201 περὶ
1477 3134 1675 3197 παντὸς
1713 3134 1807 3187 τοῦ

256 3202 454 3276 Ἰσραὴλ
483 3209 501 3278 (
523 3222 576 3276 p.
602 3208 747 3279 260)
774 3213 1100 3283 ποιούμενος
1132 3218 1223 3273 τὸν
1251 3220 1429 3289 λόγον,
1463 3224 1571 3277 τῶν
1596 3243 1654 3278 τε
1680 3226 1810 3281 δέκα

244 3293 372 3363 λέγω
410 3298 611 3365 φυλῶν,
649 3292 725 3354 ὧν
753 3302 855 3371 τὴν
882 3304 1197 3385 Σαμάρειαν
1229 3312 1478 3384 ἐξάρχειν
1504 3317 1805 3385 συνέϐαινε,

245 3390 456 3443 καὶτῶν
485 3391 577 3445 δύο
606 3386 792 3464 ὧνπερ
836 3382 933 3448 οὖν
971 3399 1004 3469 ἡ
1045 3382 1399 3476 Ἰερουσαλῆμ
1432 3410 1648 3478 ἠγεῖτο·
1685 3382 1806 3480 φαίλ

246 3496 381 3533 vita:
408 3482 463 3535 δὲ
488 3485 583 3536 καὶ
618 3487 759 3539 κατὰ
809 3490 938 3553 τοὺς
964 3494 1161 3556 αὐτοὺς
1192 3499 1416 3566 καιροὺς
1452 3502 1808 3572 προφητεύων

246 3574 484 3639 ἐκείνοις,
514 3580 797 3632 τουτέστιν
846 3582 905 3634 ὲν
937 3585 1176 3658 ἡμέραις
1215 3589 1454 3660 ἸωὰΟαμ
1505 3592 1597 3645 καὶ
1636 3595 1810 3663 "Azan:

245 3666 326 3717 καὶ
363 3668 601 3732 Ἐζεκῖου
632 3669 740 3722 τῶν
781 3670 1043 3741 βασιλέων
1104 3676 1294 3743 Ἰουδα.
1343 3698 1362 3731 ι
1409 3682 1498 3735 Ἐν
1544 3683 1651 3756 γὰρ
1681 3685 1810 3738 ταύ-

242 3773 349 3822 ταις
382 3763 498 3823 ταῖς
540 3762 776 3831 ἡμέραις
822 3766 1146 3835 γεγενῆσθαι
1204 3770 1359 3840 λόγον
1392 3774 1599 3844 Κυρίου
1672 3771 1803 3842 φησὶ

244 3851 367 3922 πρὸς
389 3853 626 3924 Μιχαίαν
659 3857 748 3912 τὸν
773 3860 1110 3931 Μοραῖθίτην
1128 3878 1140 3890 ·
1173 3880 1192 3912 ι
1230 3863 1504 3917 τουτέστιν
1530 3866 1809 3936 ἐνεργείας
1835 3845 1877 3901 C

242 3946 611 4014 τετευχηκέναι
646 3948 816 4012 θείας.
858 3950 1015 4013 Τίνος
1049 3951 1263 4017 ἕνεκενς
1307 3970 1326 4003 ι
1374 3955 1546 4025 ’Υπὲρ
1578 3950 1653 4008 ὦν
1700 3952 1807 4010 εἶδε

245 4036 361 4104 περὶ
390 4038 702 4123 Σαμαρείας
742 4041 838 4095 καὶ
875 4044 1005 4113 περὶ
1045 4042 1434 4116 Ἰερουσαλήμ’
1476 4066 1493 4097 ι
1531 4047 1617 4100 ἵνα
1646 4048 1805 4123 εἴπῃ,

246 4125 438 4190 Παντὸς
489 4129 587 4181 τοῦ
644 4122 1040 4203 Ἰσραηλιτικοῦ
1084 4134 1245 4200 λαοῦ,
1288 4137 1390 4205 τῆς
1425 4156 1485 4190 τε
1534 4138 1808 4209 βασιλείας

244 4216 342 4269 τῶν
368 4217 496 4271 δέκα
536 4219 737 4289 φυλῶν,
770 4221 865 4275 καὶ
906 4224 1006 4294 τῆς
1056 4224 1163 4278 τῶν
1204 4226 1298 4279 δύο
1341 4220 1526 4300 ὧνπερ
1559 4230 1808 4300 ἡγεῖσθαι

247 4306 331 4376 τὴν
368 4309 535 4363 Ἰούδα
580 4312 861 4393 συνέβαινε
898 4315 1092 4386 φυλὴν,
1122 4317 1231 4370 τῶν
1280 4320 1343 4371 ὲκ
1386 4319 1482 4372 τοῦ
1536 4322 1806 4391 μακαρίου

247 4400 393 4453 Δαυῗδ
420 4402 561 4455 κατὰ
590 4404 690 4475 τὴν
731 4406 866 4475 πρὸς
892 4407 1053 4459 αὐτὸν
1078 4411 1451 4482 γεγενημένην
1481 4412 1809 4481 ἐπαγγελίαν

252 4491 620 4557 βασιλευόντων
660 4497 829 4569 αὐτῆς
850 4515 862 4527 ·
918 4498 1058 4569 ὑπὲρ
1087 4499 1152 4571 δὴ
1194 4502 1397 4555 τούτων
1424 4505 1518 4557 καὶ
1546 4505 1652 4558 τῶν
1683 4506 1810 4576 περὶ

253 4583 424 4649 αὐτοὺς
449 4588 726 4657 ἐσομένων
746 4589 999 4661 ἐνεργείᾳ
1020 4590 1140 4662 θεία
1163 4593 1263 4663 τὴν
1292 4593 1629 4664 ἀποκάλυψιν
1659 4596 1811 4660 δεξά-

253 4688 391 4739 μενος
431 4678 460 4728 ὁ
487 4677 733 4747 Μιχαίας
771 4677 921 4747 λέγει
954 4679 1128 4734 ταῦτα
1150 4724 1164 4745 ,
1196 4682 1339 4754 ἅπερ
1376 4681 1468 4738 οὖν
1514 4688 1684 4739 εἰπεῖν
1718 4688 1811 4740 ἐπὶ

248 4762 330 4833 τῆς
349 4765 743 4836 ἀποκαλύψεως
780 4767 1031 4842 ἐδιδάχθη
1061 4772 1157 4841 τῆς
1187 4772 1355 4838 θείας,
1386 4774 1692 4846 ἀρξάμενος
1720 4776 1808 4829 οὔ-

243 4869 352 4917 τως·
398 4877 417 4909 ι
481 4857 819 4924 Ἀκούσατε,
872 4860 993 4913 λαοὶ
1033 4862 1265 4928 πάντες,
1298 4865 1508 4934 λόγους.
1571 4886 1590 4918 ›
1654 4868 1811 4920 Ἀκο-

243 4944 427 5014 ito-56w;
454 4950 516 5004 τὸ
545 4970 567 5003 ι
608 4950 727 5005 λαοὶ
752 4951 976 5016 πάντες,
1019 4971 1039 5004 ι
1077 4954 1165 5007 ἴνα
1195 4956 1346 5027 εἴπῃ,
1384 4959 1498 5021 Πᾶς
1526 4958 1555 5010 ό
1595 4959 1807 5029 Ἰσραὴλ

240 5042 265 5093 ὁ
305 5047 418 5108 ταῖς
469 5044 566 5098 δύο
609 5044 912 5114 βασιλείαις
959 5048 1288 5118 προσήκων·
1346 5049 1469 5101 ὅθεν
1522 5051 1805 5121 ἐπήγαγεο

245 5153 261 5184 ι
298 5136 403 5191 Καὶ
458 5135 779 5209 προσεχέτω
824 5138 857 5207 ἠ
903 5136 976 5207 γῆ
1018 5139 1111 5190 καὶ
1144 5142 1342 5201 πάντες
1387 5143 1438 5193 oi
1482 5143 1539 5194 ὲν
1570 5144 1740 5213 αὐτῇ·
1784 5162 1802 5194 ι

238 5232 496 5284 τωτὲστιν
534 5232 569 5301 ἡ
626 5229 1000 5303 Ἰσραηλιτικὴ
1052 5230 1205 5302 χώρα
1260 5235 1440 5286 πᾶσαο
1480 5236 1576 5287 εἴτ’
1620 5233 1713 5289 οὖν
1760 5238 1810 5288 ot

237 5324 420 5398 ταύτην
456 5323 760 5392 οἰκοῦντες,
798 5324 1007 5379 ἄνωθεν
1037 5326 1101 5377 ὲκ
1124 5325 1223 5395 τῆς
1255 5326 1391 5396 πρὸς
1416 5328 1542 5391 τοὺς
1568 5328 1810 5397 πατέρας

237 5418 549 5489 ἐπαγγελίας
598 5418 695 5473 τοῦ
748 5417 889 5471 θεοῦ
934 5417 1224 5489 δεδομένης
1270 5420 1472 5482 αὐτοῖς.
1530 5421 1617 5490 (p.
1663 5421 1807 5491 261)

240 5526 256 5559 t
286 5512 383 5565 Καὶ
405 5512 564 5567 ἔσται
605 5511 816 5584 Κύριος
846 5511 875 5563 ὁ
897 5509 1029 5573 Θεὸς
1061 5512 1119 5563 ὲν
1159 5511 1285 5578 ὑμῖν
1314 5512 1393 5572 εἰς
1435 5512 1748 5583 μαρτύριον.
1788 5533 1804 5562 ι

228 5601 528 5673 Διαλέγεται
553 5603 642 5667 δὲ,
686 5602 878 5672 φησὶν,
907 5600 1037 5671 ὑμῖν
1061 5600 1129 5652 δι’
1160 5600 1316 5670 ἡμῶν
1340 5601 1368 5652 ὁ
1397 5600 1546 5666 Θεὸς,
1571 5603 1807 5673 διαμαρ-

228 5700 395 5772 τυρίαν
438 5701 566 5763 τινὰ
614 5698 748 5773 περὶ
790 5695 900 5749 τῶν
935 5694 1208 5765 ἐσομένων
1239 5693 1585 5763 ποιούμενος·
1624 5696 1807 5766 ἐπειδὴ

2590 2504 2742 2560 CAP.
2783 2508 2823 2561 Ι.

2590 2508 2742 2560 CAP.
2783 2508 2823 2561 Ι.
3390 2508 3395 2513 ’

1986 2588 2148 2646 Vens.
2187 2590 2237 2656 l,
2261 2590 2624 2651 2.—-Similia
2655 2594 2812 2651 Oscae
2845 2601 3117 2657 etAmoso
3156 2613 3211 2660 et
3243 2607 3487 2679 reliquis,

1911 2691 2177 2753 quotquot
2213 2685 2296 2739 his
2328 2686 2477 2753 paria
2508 2689 2991 2763 prophetaverupt,
3016 2705 3238 2764 apparet
3272 2698 3488 2756 beatum

1911 2792 2129 2846 quoque
2166 2777 2454 2831 vaticinari
2498 2780 2797 2833 Michaeam.
2836 2780 3050 2836 Etenim
3092 2796 3351 2843 eventura
3394 2807 3490 2862 pu-

1870 2914 1883 2925 .
1910 2869 2040 2938 pulo
2082 2869 2152 2925 ab
2182 2870 2424 2943 Assyriis
2468 2883 2630 2945 atque
2664 2874 2818 2943 171
2864 2874 3176 2947 Babyloniis
3219 2883 3490 2950 spirituali

1911 2968 2191 3029 permotus
2220 2963 2393 3033 gratia
2428 2966 2543 3034 ipse
2576 2982 2792 3037 quoque
2823 2968 3115 3038 pfmdicere
3144 2972 3356 3039 nititur,
3380 2983 3493 3031 sta-

1912 3053 2005 3107 tim
2032 3055 2099 3107 ah
2123 3057 2347 3111 exordio
2378 3072 2719 3113 communem
2755 3061 2821 3117 de
2854 3062 3111 3117 universo
3146 3049 3345 3121 lsracle
3379 3082 3500 3123 sen-

1912 3161 2123 3201 monem
2172 3148 2498 3215 instituens,
2552 3150 2619 3205 de
2665 3152 2936 3216 tribubus,
2973 3154 3218 3225 inquam,
3263 3155 3488 3219 decem,

1910 3250 2140 3304 quarum
2179 3238 2330 3307 regni
2377 3246 2538 3307 caput
2584 3248 2701 3293 erat
2746 3239 3025 3303 Samaria,
3074 3252 3127 3297 et
3168 3244 3233 3297 de
3278 3244 3491 3298 duabus

1910 3342 2140 3395 quarum
2166 3329 2481 3398 metropolis
2514 3329 2870 3387 Hierusalem.
2899 3331 3054 3387 Patet
3086 3344 3263 3388 autem
3297 3335 3488 3389 iisdem

1910 3418 2111 3486 quibus
2141 3420 2452 3487 superiores
2483 3423 2892 3491 prophetavisse
2924 3424 3262 3492 temporibus
3283 3466 3297 3487 ,
3328 3425 3377 3477 id
3408 3434 3492 3480 est

1910 3507 2104 3563 diebus
2128 3506 2398 3563 Joathami
2426 3551 2440 3575 ,
2471 3510 2706 3565 Achaazi
2727 3519 2809 3575 ,et
2830 3510 3069 3573 Ezechia:
3097 3527 3280 3580 regum
3301 3510 3489 3576 Judut;

1910 3599 2110 3652 etenim
2149 3619 2165 3650 ι
2189 3600 2275 3655 his
2302 3601 2494 3656 diebus
2526 3601 2601 3653 ait
2631 3600 2832 3655 factum
2868 3616 2988 3654 esse
3018 3601 3242 3654 verbum
3275 3599 3491 3662 Domini

1912 3690 1980 3743 ad
2015 3690 2294 3744 Michazam
2336 3690 2721 3753 Moraithitem,
2756 3709 2774 3741 ›
2800 3689 2855 3743 id
2893 3696 2978 3743 est
3019 3704 3077 3743 se
3117 3689 3355 3743 divinam
3396 3706 3492 3743 ex—

1914 3791 2122 3854 pertum
2150 3797 2272 3836 esse
2300 3780 2691 3850 operationem.
2717 3781 2859 3834 Cur?
2886 3798 2903 3830 ι
2934 3779 3016 3834 Ob
3045 3794 3106 3835 ea
3125 3796 3244 3850 qua:
3265 3781 3397 3833 vidit
3425 3780 3492 3834 de

1915 3874 2159 3928 Samaria
2185 3882 2237 3927 et
2263 3871 2621 3931 Hierusalem,
2650 3889 2667 3922 ι
2693 3871 2759 3924 de
2794 3870 3050 3925 universo
3087 3870 3297 3925 scilicet
3319 3868 3492 3923 lsrac-

1912 3967 2058 4020 litieo
2087 3964 2288 4035 populo
2311 4004 2323 4027 ,
2358 3979 2452 4018 seu
2488 3961 2555 4016 de
2591 3963 2778 4017 decem
2822 3964 3059 4016 tribuum
3102 3978 3304 4032 regno,
3339 3969 3392 4015 et
3424 3961 3492 4015 de

1910 4060 2122 4114 duabus
2147 4074 2374 4128 quarum
2407 4055 2771 4126 principatum
2800 4056 3019 4111 tenebat
3047 4056 3163 4126 ipsa
3192 4053 3343 4109 Iudae
3382 4055 3489 4108 tri-

1911 4152 2033 4218 bus,
2070 4152 2213 4205 beati
2250 4150 2472 4205 Davidis
2502 4146 2732 4218 posteris
2757 4148 2912 4217 juxta
2944 4146 3037 4201 Dei
3072 4147 3403 4218 promissum
3434 4148 3489 4202 in

1908 4257 1971 4296 ca
1993 4241 2346 4310 regnantibus
2371 4259 2384 4295 :
2409 4239 2477 4294 de
2498 4240 2698 4308 quibus
2729 4253 3027 4309 eorumque
3055 4240 3239 4301 rebus,
3268 4246 3490 4309 accepta

1908 4332 2171 4387 divinitus
2201 4332 2534 4386 revelatione
2560 4329 2813 4386 Miclneas
2839 4331 2951 4384 hmo
2984 4330 3149 4396 dicit,
3183 4348 3305 4401 quae
3334 4330 3441 4385 Deo
3466 4370 3481 4392 ,

1910 4430 1969 4477 ut
2022 4422 2295 4484 diximus,
2347 4421 2626 4474 revelante
2670 4420 2966 4485 didicerat,
3020 4421 3101 4475 sic
3154 4420 3487 4475 exordiens:

1916 4531 1934 4564 ι
1978 4512 2174 4565 Audite
2232 4511 2434 4575 verba,
2497 4510 2685 4579 populi
2740 4525 2953 4564 omnes.
3008 4530 3026 4561 ι
3068 4512 3485 4571 Conscntanee.

1918 4622 1933 4653 ι
1962 4601 2139 4674 populi
2161 4614 2366 4663 omnes,
2395 4619 2412 4651 ›
2440 4608 2496 4654 ut
2524 4600 2829 4655 universum
2860 4598 3102 4654 lsraclem
3134 4602 3354 4657 denotet
3392 4601 3485 4671 qui

1910 4698 1978 4751 ad
2038 4710 2207 4766 regna
2261 4694 2372 4749 duo
2430 4695 2760 4764 pertinebat.
2818 4691 3179 4760 Quamobrem
3237 4692 3481 4747 addidit:

1915 4807 1933 4839 ι
1965 4788 2335 4859 Attendatque
2371 4797 2537 4853 terra,
2568 4798 2621 4843 et
2661 4802 2851 4843 omnes
2881 4785 2974 4856 qui
3011 4785 3063 4839 in
3097 4801 3159 4839 ea
3191 4793 3337 4849 sunt,
3375 4804 3391 4834 ι
3431 4784 3485 4838 id

1909 4881 2327 4937 estdsraelitica
2364 4888 2477 4934 tota
2506 4880 2693 4950 regio,
2749 4882 2862 4934 sive
2907 4876 3028 4946 ejus
3080 4877 3306 4941 incolae,
3354 4891 3492 4944 quo-

1909 4989 2030 5027 rum
2088 4974 2179 5026 illa
2231 4973 2483 5041 patribus
2536 4974 2724 5027 divino
2777 4972 3051 5041 promisso
3103 4968 3306 5022 tradita
3362 4965 3482 5020 fuit.

1916 5084 1933 5117 ι
1968 5064 2033 5117 Et
2080 5066 2184 5119 erit
2230 5064 2493 5119 Dominus
2546 5063 2689 5119 Deus
2734 5064 2889 5118 vobis
2936 5064 2990 5117 in
3029 5059 3430 5116 testimonium.
3466 5076 3484 5109 ι

1918 5156 2188 5226 Loquitur
2220 5155 2377 5208 vobis
2417 5172 2511 5225 per
2546 5171 2648 5211 nos
2685 5155 2859 5219 Deus,
2898 5151 3277 5209 testimonium
3316 5149 3492 5218 quod-

1918 5249 2041 5303 dam
2077 5247 2241 5301 rebus
2275 5246 2479 5300 l'uturis
2510 5246 2688 5312 dans;
2722 5262 2788 5299 ex
2824 5261 2933 5313 quo
2973 5260 3071 5299 vos
3104 5259 3249 5313 saepe
3288 5244 3352 5296 ad
3394 5242 3491 5296 ho-

1918 5346 2072 5394 nesta
2109 5338 2467 5398 adhortatus,
2508 5338 2715 5389 nullam
2750 5338 2803 5389 in
2840 5335 3036 5389 melius
3079 5333 3489 5388 conversionem

1918 5430 2217 5500 perspexit.
2259 5427 2439 5493 Quare
2481 5435 2708 5496 apparet
2748 5427 2901 5479 illum
2943 5426 3165 5496 quidem
3208 5424 3342 5478 nihil
3398 5439 3490 5477 ve-

1920 5534 2043 5577 strae
2073 5520 2329 5573 utilitatis
2360 5533 2529 5573 causa
2560 5534 2670 5572 non
2706 5519 2959 5572 molitum
2982 5557 2997 5581 ,
3031 5533 3128 5572 vos
3154 5532 3285 5571 vero
3321 5516 3492 5569 nihilo

1922 5609 2170 5663 meliores
2222 5608 2334 5661 ﬁeri
2383 5607 2649 5672 voluisse,
2698 5608 2791 5662 sed
2842 5609 2981 5662 mala
3026 5610 3079 5662 in
3114 5623 3210 5663 vos
3248 5614 3487 5661 tantum-

1918 5702 2079 5757 modo
2104 5717 2451 5771 provocasse.
2480 5723 2495 5747 ε
2525 5701 2789 5759 Dominus
2817 5704 2880 5758 de
2907 5704 3066 5758 domo
3098 5711 3283 5758 sancta
3316 5712 3439 5752 sua.
3469 5717 3485 5747 ›
