3966 6134
3065 172 3125 183 ιβ

445 235 546 297 341
1644 236 1994 298 THEODORI

2114 238 2493 301 PSUESTENI
3580 239 3690 296 διε

441 352 820 411 Necessarium
841 352 1271 409 additamentum
1299 369 1318 404 ι
1344 359 1563 423 sancta;
1589 373 1607 406 ι
1632 372 1756 412 nam
1774 339 1898 431 quia
1919 375 2009 430 ge.

2114 361 2371 423 πολλάκις
2401 360 2527 429 ὑμῖν
2556 356 2623 413 τά
2666 356 3016 428 προσήκοντα
3039 352 3358 423 διαλεχθεὶς,
3399 354 3520 408 οὐδὲ
3550 357 3688 426 μίαν

441 445 678 503 neratim
718 460 907 501 omnes
940 444 1253 515 alloquitur,
1287 446 1489 501 multus
1514 455 1692 502 autem
1716 459 1837 505 erat
1866 450 2009 521 apud

2114 452 2414 524 μεταϐολὴν
2459 449 2781 521 δεξαμένους
2820 448 2913 501 ἐπὶ
2941 447 3001 500 τὸ
3032 447 3275 515 κρεῖττον
3288 440 3446 500 ἐἶδεν
3466 462 3479 476 ·
3508 446 3585 510 ὡς
3617 447 3686 502 ἂν

442 538 633 596 decem
663 535 838 592 tribus
881 534 1153 590 idolorum
1196 536 1414 603 cultus,
1460 537 1622 607 cujus
1662 553 1828 595 causa
1869 540 2009 598 [anis

2114 543 2351 614 φαίνοιτο
2378 544 2407 596 ὁ
2447 542 2544 613 μὲν
2589 541 2766 594 πάντα
2798 538 2869 592 τὰ
2902 536 3039 609 πρδς
3068 537 3340 607 ὑμετέραν
3369 536 3689 607 πεποιηκὼς

442 631 607 684 etiam
642 626 975 683 constructis
997 666 1011 691 ,
1045 626 1323 683 daemones
1354 629 1658 686 honoribus
1684 632 1887 688 divinis
1914 647 2009 688 co-

2114 635 2407 704 ώφέλειαν,
2450 633 2607 702 ὑμεῖς
2644 630 2701 684 δέ
2732 629 2880 683 οὐδὲν
2908 628 3235 699 θελήσαντες
3282 627 3490 681 ἑαυτῶν
3527 628 3687 696 γενέ-

441 719 634 775 lendos
678 719 963 785 curabant,
990 728 1139 774 recte
1183 721 1321 776 dixit
1350 739 1363 775 :
1402 723 1558 794 172
1589 743 1608 776 ι
1638 723 1898 781 Dominus
1940 727 2008 783 de

439 806 603 863 domo
625 815 815 865 sancta
843 823 964 875 sua,
991 828 1009 861 ι
1036 809 1419 868 demonstrans
1446 828 1505 868 se
1534 813 1601 867 ad
1632 829 1822 870 omnes
1852 829 2005 870 com-

440 897 680 953 muniter
706 899 867 954 verba
900 898 1110 963 facere,
1143 901 1218 965 ob
1242 901 1297 955 id
1329 916 1358 954 a
1392 900 1502 957 Deo
1529 902 1735 959 missus
1763 904 1857 973 qui
1886 904 2007 959 Hie-

439 990 732 1060 rosolymis
790 991 1009 1046 domum
1068 991 1233 1047 habet
1283 1008 1475 1060 suam,
1529 1009 1694 1064 quam
1752 1005 2002 1052 sanctam

437 1087 660 1148 propter
692 1078 915 1134 insitam
948 1078 999 1135 ei
1028 1079 1285 1135 virtutem
1318 1081 1540 1149 deﬁnit.
1577 1081 1774 1140 Postea
1822 1086 2001 1158 pergit

438 1172 623 1230 dicere
637 1193 650 1230 :

2116 724 2238 778 σθαι
2272 722 2545 794 βελτίους,
2586 719 3011 790 ἐφελκυσάμενοι
3050 717 3106 771 δὲ
3149 716 3306 788 μόνον
3350 718 3433 786 ἐφ’
3459 719 3686 781 ἑαυτοὺς

2112 818 2179 870 τά
2207 815 2373 869 κακά.
2398 831 2416 864 ι
2450 812 2651 883 Κύριος
2678 810 2737 877 ἐξ
2762 810 2911 863 οίκου
2936 808 3090 878 ἁγίου
3123 807 3309 861 αὐτοῦ.
3340 826 3359 860 ι
3389 809 3691 876 Ἀναγκαία

2111 906 2145 975 ή
2186 904 2497 976 προσθήκη·
2544 901 2729 972 ἐπειδὴ
2771 902 2880 972 γὰρ
2911 900 3047 970 πρὸς
3087 900 3335 963 ἃπαντας
3379 903 3531 970 κοινῇ
3565 900 3686 954 δια-

2109 996 2363 1063 λέγεται,
2417 993 2587 1063 πολλὴ
2626 992 2684 1047 δέ
2732 987 2799 1063 ἦν
2845 992 2879 1062 ή
2914 992 3042 1062 περὶ
3081 994 3149 1044 τά
3189 991 3385 1045 εἴδωλα
3408 991 3518 1044 τῶν
3554 991 3691 1046 δέκα

2110 1086 2292 1157 φυλῶν
2320 1084 2605 1158 θεραπεία,
2636 1085 2721 1153 ἐφ’
2822 1083 2916 1146 καὶ
2944 1082 3127 1145 οἴκους
3155 1083 3688 1147 κατασκευάσαντες,

2111 1178 2187 1241 ὡς
2236 1175 2393 1240 θεοὺς
2438 1176 2526 1230 διὰ
2571 1175 2682 1229 τῶν
2735 1173 2968 1228 ειδὼλων
3009 1172 3333 1245 θεραπεύειν
3386 1173 3691 1244 ἐπειρῶντο

439 1265 564 1329 τοὺς
582 1266 857 1338 δαίμονας,
881 1266 1058 1330 καλῶς
1077 1267 1381 1339 προσέθηκε
1403 1269 1484 1337 τὺ,
1522 1289 1540 1322 ι
1566 1271 1769 1343 Κύριος
1804 1270 1864 1337 ἐξ
1884 1270 2034 1325 οῐκου
2069 1271 2225 1340 ἁγίου
2256 1268 2441 1324 αὐτοῦ·
2481 1289 2500 1322 ι
2529 1268 2701 1339 δηλῶν
2721 1268 2803 1323 ὅτι
2834 1271 2984 1339 κοινῇ
3036 1267 3173 1338 πρὸς
3225 1267 3469 1331 ἅπαντας
3514 1268 3685 1320 ποιεῖ-

437 1372 528 1410 ται
575 1360 699 1420 τοὺς
736 1357 952 1427 λόγους,
984 1356 1131 1429 παρὰ
1158 1357 1290 1411 Θεοῦ
1318 1358 1492 1414 ταῦτα
1517 1363 1689 1415 εἰπεῖν
1727 1360 2131 1431 ἀπεσταλμένος
2173 1361 2265 1414 τοῦ
2306 1361 2363 1413 ἐν
2396 1358 2746 1429 Ἰερουσαλὴμ
2790 1357 2882 1411 τὸν
2929 1352 3079 1410 οἷκον
3110 1355 3327 1426 ἔχοντος
3371 1355 3462 1409 τὸν
3513 1355 3678 1408 ἴδιον

436 1453 496 1506 ὃν
522 1454 615 1506 καὶ
648 1454 801 1521 ἆγιον
828 1453 914 1508 διά
940 1454 1041 1524 τῆς
1066 1455 1343 1524 ἐνεργείας
1369 1456 1615 1529 ἀπέφηνε
1640 1459 1738 1529 τῆς
1762 1459 1988 1521 οἰκείας.
2032 1453 2166 1511 Εἶτα
2197 1457 2292 1510 καὶ
2325 1454 2668 1525 προστίθησιο

516 1539 681 1596 Vens.
716 1541 838 1596 3-5.
863 1571 933 1581 —
955 1560 975 1594 ι
1012 1543 1150 1608 Quia
1184 1559 1312 1600 ecce
1343 1545 1606 1603 Dominus
1634 1547 1909 1619 egreditur
1939 1549 2006 1604 de

437 1636 561 1689 loco
589 1649 691 1691 suo
720 1654 733 1690 :
767 1643 822 1690 et
852 1636 1152 1695 descendet
1199 1647 1364 1711 atque
1402 1643 1664 1698 ascendet
1712 1660 1881 1715 super
1912 1663 2010 1700 ex-

2182 1546 2330 1617 Στίχ.
2361 1544 2498 1613 γ’-ε’.
2526 1572 2599 1584 -
2627 1561 2645 1595 ι
2678 1543 2823 1604 Διότι
2865 1541 2972 1595 ἰδοὺ
3002 1538 3205 1610 Κύριος
3234 1539 3588 1607 ἐκπορεύεται
3623 1542 3691 1594 ἐκ

2111 1633 2204 1688 τοῦ
2251 1634 2417 1687 τόπου
2458 1633 2657 1686 αὐτοῦ·
2707 1633 2802 1686 καὶ
2830 1632 3199 1703 καταϐήσεται
3239 1632 3332 1683 καὶ
3371 1633 3691 1701 ἐπιϐήσεται

437 1725 582 1781 celsa
617 1733 796 1781 terrae.
830 1725 895 1780 Et
914 1731 1405 1785 commovebuntur
1420 1744 1633 1790 montes
1656 1736 1838 1809 subter
1861 1752 2007 1803 eum,

2114 1724 2204 1778 ἐπὶ
2224 1724 2291 1778 τὰ
2322 1724 2429 1794 ὕψη
2458 1724 2557 1794 τῆς
2586 1724 2688 1793 γῆς
2714 1738 2727 1751 °
2761 1724 2856 1776 καὶ
2883 1723 3271 1794 σαλευθήσεται
3312 1724 3381 1778 τὰ
3418 1725 3520 1794 ὅρη
3552 1726 3703 1791 ὑπο-,λ

433 1822 491 1872 et
522 1817 693 1872 valles
724 1816 1030 1887 liquescent
1061 1818 1204 1874 sicut
1231 1835 1357 1876 cera
1385 1837 1414 1875 a
1445 1821 1581 1877 facie
1612 1824 1776 1895 ignis,
1799 1833 1853 1880 et
1874 1827 2009 1882 sicut

2116 1815 2356 1869 κάτωθεν
2393 1815 2585 1868 αὐτοῦ’
2629 1814 2723 1868 καὶ
2755 1816 2810 1867 αἱ
2842 1814 3086 1878 κοιλάδες
3126 1816 3454 1885 τακήσονται
3482 1816 3558 1879 ὡς
3587 1833 3690 1888 κη-

438 1921 582 1978 aqua
616 1922 737 1977 quae
781 1908 1026 1962 decurrit
1069 1910 1125 1963 in
1170 1925 1427 1982 prmceps.
1463 1932 1483 1965 δ
1509 1913 1818 1971 Procedens
1864 1918 2009 1972 enim

436 2015 504 2055 ex
533 2000 664 2062 illo.
699 2000 909 2070 inquit,
946 2010 1132 2057 monte
1168 2001 1313 2058 Deus
1334 2042 1351 2070 ,
1384 2003 1741 2062 habitationis
1781 2023 1894 2063 suae
1926 2009 2012 2062 lo-

437 2102 566 2145 cum
605 2090 888 2158 ostendit,
934 2105 1170 2162 eumque
1199 2094 1472 2148 universae
1517 2095 1889 2150 lsraelitarum
1925 2111 2013 2152 re-

444 2182 597 2252 gioni
631 2181 906 2237 dominari
949 2184 1120 2249 dicit,
1163 2199 1327 2254 quam
1376 2186 1640 2255 propheta
1686 2187 2009 2258 alloquitur.

437 2270 798 2327 Conturbabit
818 2281 999 2329 autem
1018 2288 1271 2345 proceres
1300 2276 1420 2346 ejus
1445 2294 1461 2343 ;
1492 2278 1593 2333 hos
1621 2277 1768 2333 enim
1798 2288 2013 2334 montes

438 2364 512 2418 ob
541 2379 697 2418 suam
728 2366 1079 2427 eminentiam
1115 2368 1388 2438 appellat;
1422 2384 1632 2424 necnon
1672 2379 1727 2425 et
1773 2370 2013 2440 reliquos

439 2468 633 2511 omnes
663 2473 678 2509 :
716 2471 841 2510 nam
873 2457 1043 2512 valles
1070 2458 1301 2514 classem
1338 2458 1620 2513 hominum
1660 2460 2011 2514 bumiliorum

439 2548 705 2601 nominat.
735 2546 889 2601 Patet
918 2554 1108 2603 autem
1144 2547 1285 2603 haud
1318 2548 1538 2605 divisim
1578 2548 1761 2604 dicere
1799 2558 2012 2605 montes

439 2644 749 2693 commotos
776 2645 831 2693 et
860 2637 1183 2707 liquefactas
1213 2639 1382 2694 valles
1405 2678 1419 2703 ,
1454 2638 1548 2694 sed
1580 2637 1849 2699 Hebraico
1875 2640 2014 2696 idio-

437 2726 606 2781 tismo
648 2742 810 2796 quem
861 2741 1006 2797 saepe
1053 2726 1376 2794 docuimus,
1423 2743 1520 2798 per
1570 2728 1841 2785 dieresim
1880 2730 2015 2785 dicit

438 2829 763 2883 commune,
795 2816 943 2887 quod
974 2833 1168 2889 nempe
1202 2833 1683 2899 omnesoproceres
1718 2820 2013 2891 reliquam-

439 2921 549 2976 que
578 2906 793 2976 plebem
837 2907 1023 2961 divina
1062 2908 1141 2962 ira
1178 2908 1468 2978 corripiet,
1518 2924 1868 2966 commovens
1917 2911 2012 2966 de-

439 3004 770 3067 struensque
798 3013 937 3053 cerae
965 3013 1115 3053 more
1153 2999 1263 3069 igni
1304 2998 1576 3054 admotae:
1620 3000 2013 3071 pertrabetque

2117 1906 2210 1976 ρὸς
2254 1906 2360 1959 ἀπὸ
2417 1905 2710 1976 προσώπου
2751 1906 2922 1977 πυρὸς
2977 1906 3061 1976 (p.
3111 1905 3251 1975 262)
3299 1906 3392 1958 καὶ
3434 1906 3509 1970 ὡς
3542 1906 3689 1978 ὕδωρ

2116 1999 2555 2069 καταφερόμενον
2601 1999 2659 2049 ἐν
2704 1996 3020 2051 καταϐάσει.
3056 2016 3075 2049 ι
3124 1996 3341 2069 Προϊὼν
3366 1998 3473 2071 γάρ
3501 2000 3567 2052 ἐκ
3592 1999 3692 2053 τοῦ

2113 2088 2271 2157 ὅρους
2322 2088 2566 2152 ἐκείνου,
2608 2089 2806 2159 φησὶν,
2865 2091 2894 2141 ὁ
2940 2087 3100 2152 Θεὸς,
3147 2089 3245 2159 τῆς
3289 2088 3553 2160 οἰκήσεως
3590 2090 3690 2160 τῆς

2112 2180 2315 2242 οἰκείας
2358 2179 2520 2233 τόπον
2566 2180 2869 2250 ἀπέφηνεν,
2904 2179 3121 2249 ἀπάσης
3153 2179 3254 2249 μὲν
3280 2183 3691 2252 κατακρατήσει

2112 2270 2211 2338 τῆς
2240 2270 2341 2339 γῆς
2364 2270 2461 2340 τῆς
2500 2268 2919 2340 Ἰσραηλιτικῆς,
2964 2267 3159 2335 λέγων,
3205 2268 3341 2339 πρὸς
3367 2270 3433 2338 ἢν
3469 2274 3497 2323 ὁ
3532 2269 3691 2338 λόγος

2113 2358 2292 2431 αὐτῷ,
2328 2360 2385 2412 ἐν
2426 2362 2635 2430 ταραχῇ
2668 2358 2725 2412 δὲ
2767 2360 2893 2422 τοὺς
2918 2360 2976 2411 ἐν
3002 2360 3137 2428 αὐτῇ
3170 2361 3502 2430 καταστήσει
3526 2361 3689 2413 δυνα-

2112 2450 2267 2514 τοὺς,
2309 2449 2532 2514 τούτους
2563 2451 2672 2521 γὰρ
2699 2451 2798 2522 ὅρη
2839 2449 2928 2504 διὰ
2966 2449 3029 2504 τὸ
3076 2450 3341 2521 ὑπερέχον
3379 2450 3558 2514 καλεῖ,
3594 2453 3691 2505 καὶ

2112 2542 2237 2605 τοὺς
2264 2542 2482 2604 λοιποὺς
2505 2541 2562 2594 δὲ
2603 2542 2878 2604 ἅπαντας·
2909 2540 3159 2604 κοιλάδας
3204 2542 3312 2611 γὰρ
3341 2544 3467 2605 τοὺς
3492 2559 3691 2596 ταπει-

2112 2628 2365 2699 νοτέρους
2408 2629 2700 2700 ὀνομάζει,
2744 2629 2900 2699 δίκην
2952 2630 3122 2700 κηροῦ
3164 2630 3297 2700 πυρὶ
3337 2631 3691 2703 προσωμιλη-

2114 2719 2268 2782 κότος
2299 2720 2711 2774 καταναλίσκων
2740 2721 2935 2786 αὐτούς
2957 2739 2972 2753 ·
2998 2721 3159 2792 δήλου
3192 2739 3256 2791 γε
3284 2722 3434 2785 δντος
3466 2724 3548 2776 ὅτι
3585 2725 3687 2779 οὐκ

2114 2810 2352 2874 ἐκείνους
2407 2811 2506 2882 μὲν
2565 2810 2885 2865 σαλεύεσθαι
2951 2811 3132 2881 λέγει,
3187 2812 3283 2877 τὰς
3335 2812 3587 2876 κοιλάδας
3626 2814 3686 2868 δὲ

2113 2900 2392 2971 τήκεσθαι,
2421 2900 2556 2955 ἀλλά
2579 2901 2719 2955 κατά
2751 2900 2811 2954 τὸ
2847 2901 3042 2972 ἰδίωμα
3061 2903 3121 2955 τὸ
3154 2902 3461 2974 Ἐϐραῐκὸν,
3494 2903 3522 2957 ὃ
3558 2903 3693 2958 πολ-

2112 2990 2268 3056 λάκις
2296 2990 2686 3062 ἀπεδείξαμεν,
2720 2990 2862 3045 κατά
2892 2992 3152 3063 διαίρεσιν
3184 2992 3356 3062 λέγων
3379 2993 3440 3047 τὸ
3486 2996 3690 3061 κοινὸν,

445 3085 515 3138 ad
552 3101 768 3156 poenam
803 3089 976 3143 instar
1023 3103 1176 3158 aqua).
1220 3088 1563 3145 vehementis
1603 3091 1905 3161 impetuose
1941 3108 2008 3147 ex

2114 3086 2194 3140 ὅτι
2239 3083 2444 3146 πάντας
2482 3084 2577 3137 καὶ
2615 3085 2873 3148 δυνατοὺς
2906 3087 2999 3137 καὶ
3036 3085 3127 3139 τὸν
3170 3085 3352 3139 λοιπὸν
3389 3087 3560 3158 δῆμον
3585 3089 3691 3142 ἐπι

445 3179 558 3233 alto
585 3177 654 3233 ad
683 3178 945 3234 inferiora
974 3183 1203 3239 ruentis.
1237 3180 1441 3237 llorum
1476 3192 1657 3239 autem
1693 3201 1858 3242 causa
1885 3195 2006 3242 est:

450 3289 469 3323 ι
497 3268 731 3342 Pr0pter
761 3272 943 3328 scelus
973 3270 1143 3329 Jacob
1172 3275 1287 3329 htec
1315 3276 1497 3330 omnia
1516 3315 1532 3341 ,
1564 3285 1618 3332 et
1649 3288 1869 3348 propter
1893 3295 2014 3350 pec-

440 3369 627 3416 catum
682 3362 876 3417 domus
927 3361 1161 3420 lsraelis.
1212 3384 1232 3417 ›
1267 3365 1387 3421 Mox
1441 3367 1635 3424 addit:
1671 3389 1690 3421 ι
1724 3370 2010 3436 Quodnam

2116 3175 2391 3230 ελεύσεται
2431 3177 2464 3247 ή
2496 3176 2632 3248 ὀργὴ
2666 3177 2700 3247 ή
2734 3175 2873 3244 θεία,
2909 3175 3208 3230 σαλεύουσά
3251 3194 3311 3230 τε
3357 3178 3554 3242 αὐτοὺς
3591 3180 3693 3233 καὶ

2116 3266 2452 3335 ἀφανίζουσα
2482 3265 2637 3336 δίκην
2672 3263 2844 3338 κηροῦ
2878 3266 3013 3337 πυρὶ
3042 3266 3548 3338 προσωμιληκότος·
3583 3286 3691 3322 κα-

2115 3360 2381 3415 τασπάσει
2410 3376 2468 3412 τε
2494 3360 2690 3423 αὐτοὺς
2724 3360 2802 3423 είς
2828 3360 3117 3430 τιμωρίαν,
3150 3359 3303 3431 δίκην
3333 3359 3522 3423 ὓδατος
3551 3377 3687 3431 σφοο

442 3453 627 3510 ιεειυε
654 3451 868 3509 Jacobi
896 3470 1080 3511 nonne
1113 3454 1405 3513 Samaria?
1455 3458 1521 3513 Et
1560 3461 1836 3530 quodnam
1882 3477 2008 3532 peo-

2115 3450 2245 3521 δροῦ
2295 3467 2353 3504 τε
2395 3450 2491 3503 καὶ
2541 3449 2800 3519 ῥαγδαίου
2856 3449 2914 3516 ἐξ
2962 3448 3129 3519 ὕψους
3162 3450 3253 3503 ἐπὶ
3300 3450 3369 3504 τά
3400 3451 3694 3523 κατώτερα

440 3553 623 3599 catum
656 3544 856 3601 domus
881 3543 1035 3600 Iudae
1061 3546 1084 3601 ?
1117 3561 1299 3603 nonne
1331 3547 1667 3606 Hierusalem
1691 3550 1714 3604 ?
1743 3570 1762 3602 ι
1789 3550 2008 3606 Illorum

2114 3541 2428 3611 φερομένου.
2469 3540 2534 3593 Ἦ
2564 3539 2620 3593 δὲ
2649 3539 2854 3593 τούτων
2889 3540 3037 3593 αἰτία
3060 3579 3075 3605 ,
3113 3557 3132 3591 ι
3170 3541 3247 3592 Δι’
3279 3540 3537 3611 ἀσέϐειαν
3579 3543 3688 3597 ἰα-

439 3636 659 3707 quidem
696 3636 985 3693 manifesta
1017 3647 1136 3693 erat
1161 3640 1414 3710 impietas
1449 3642 1545 3712 qui
1581 3641 1840 3698 Samariae
1874 3659 2009 3699 con-

2114 3632 2222 3687 κὼϐ
2250 3632 2427 3686 πάντα
2455 3631 2628 3684 ταῦτα
2646 3672 2660 3696 ,
2689 3631 2785 3685 καὶ
2806 3631 2872 3684 δι’
2898 3628 3168 3702 ἁμαρτίαν
3192 3631 3339 3684 οἴκου
3379 3632 3619 3704 Ἰσραήλ.
3659 3651 3681 3685 ι

439 3726 803 3796 gregabantur
838 3727 905 3782 ad
941 3727 1213 3784 idolorum
1248 3732 1456 3786 cultum
1482 3773 1498 3797 ,
1539 3734 1701 3800 cujus
1739 3736 2009 3805 prtecipue

2114 3718 2245 3777 Εἶτα
2278 3722 2492 3792 ἐπάγεν
2528 3740 2546 3772 ι
2582 3721 2732 3793 Τίςή
2762 3722 2983 3775 ἀσέϐεια
3016 3722 3263 3797 -Ἰακώ6;
3293 3723 3390 3794 οὐχ
3420 3725 3451 3794 ή
3500 3724 3688 3795 Σαμά-

435 3830 606 3874 causa
646 3817 757 3873 illic
786 3818 1049 3875 aediﬁcata
1091 3820 1216 3875 fana
1248 3822 1543 3881 habebant.
1581 3825 1688 3881 Sed
1722 3836 1777 3881 et
1806 3826 2001 3883 horum

2114 3832 2264 3888 ρεια;
2297 3816 2391 3869 καὶ
2421 3814 2502 3879 τίς
2528 3816 2561 3885 ή
2592 3815 2839 3885 ἁμαρτία
2858 3812 3006 3867 οἴκου
3050 3813 3254 3881 Ἰούδας
3284 3815 3383 3886 οὐχ
3415 3817 3447 3886 ἠ
3486 3815 3688 3888 Ἰερου-

438 3907 706 3979 iniquitas
737 3909 884 3965 haud
917 3910 1097 3968 minus
1126 3915 1451 3980 constabat,
1488 3919 1578 3987 qui
1615 3916 2007 3991 Hierosolymis

2114 3907 2328 3979 σαλήμ;
2364 3926 2383 3959 ›
2426 3906 2681 3959 Ἐκείνων
2708 3922 2767 3958 τε
2803 3904 2908 3977 γάρ
2931 3907 2965 3977 ή
2991 3904 3217 3959 ἀσέϐεια
3240 3906 3374 3978 δήλη
3403 3908 3462 3959 ἐν
3493 3908 3686 3977 Σαμα-

434 4000 696 4070 templum
735 4001 880 4071 apud
921 4017 980 4058 se
1009 4002 1309 4071 habentes,
1346 4005 1449 4062 hoc
1483 4008 1740 4078 despecto
1760 4051 1772 4073 ,
1796 4012 1864 4065 ab
1894 4010 2009 4065 ido-

436 4089 611 4143 lorum
659 4091 811 4145 cultu
866 4107 976 4146 non
1027 4091 1397 4150 abstinebant.
1447 4097 1649 4154 Deinde
1695 4102 2008 4169 punitiones

435 4192 763 4234 enumerans
794 4198 808 4234 ε

433 4265 589 4337 δήλη,
614 4269 661 4321 οἱ
692 4267 792 4338 τὴν
824 4269 1177 4343 Ἰερουσαλήμ
1209 4271 1422 4343 ἔχοντες
1449 4273 1506 4326 ἐν
1543 4275 1774 4341 ἑαυτοῖς,
1803 4276 1889 4347 (p.
1910 4276 2038 4348 265)
2078 4296 2105 4333 ο

2117 3998 2237 4068 ρείᾳ
2260 3997 2664 4067 συλλεγομένων
2714 3997 2805 4049 ἐπὶ
2833 3998 2900 4067 τῇ
2951 3997 3059 4050 τῶν
3095 3996 3330 4051 εἰδώλων
3372 3997 3684 4070 θεραπείᾳ,

2113 4083 2174 4142 οὗ
2217 4088 2282 4160 δὴ
2333 4088 2564 4159 μάλιστα
2611 4088 2735 4150 τοὺς
2785 4088 2878 4140 ἐπὶ
2927 4088 3099 4158 τούτῳ
3149 4090 3685 4160 κατεσκευασμένους

2114 4180 2257 4251 εἶχον
2296 4177 2484 4243 ναούςο
2521 4180 2615 4233 καὶ
2656 4177 2857 4233 τούτων
2891 4179 3006 4250 δέή
3049 4179 3364 4251 παρανομία
3389 4179 3488 4251 οὐχ
3514 4175 3685 4251 ἦττον

2113 4277 2197 4331 cat
2239 4274 2332 4327 τὸν
2381 4270 2506 4325 ναδν
2545 4269 2920 4341 αἰσχυνόμενοι
2957 4271 3055 4341 τῆς
3097 4271 3205 4324 τῶν
3244 4270 3475 4326 εἰδώλων
3518 4271 3683 4326 ἀπεί-

434 4372 590 4428 χοντο
635 4356 953 4427 θεραπείας·
1003 4358 1120 4416 εἶτα
1178 4362 1275 4427 τάς
1318 4364 1588 4436 τιμωρίας
1646 4366 2144 4440 ἀπαριθμούμενος·

512 4446 668 4519 173
693 4445 858 4503 Vens.
885 4449 998 4506 6-9.
1022 4481 1090 4492 —
1127 4471 1146 4505 ι
1189 4452 1251 4508 Ει
1280 4469 1479 4525 ponam
1510 4454 1812 4543 Samariam
1847 4459 2005 4527 quasi

2176 4459 2327 4529 Στίχ.
2357 4464 2438 4522 ς’·
2465 4454 2530 4513 θ’.
2553 4484 2622 4495 -
2649 4473 2667 4507 ι
2700 4453 2812 4508 Καὶ
2834 4451 3070 4526 θήσομαι
3093 4454 3402 4525 Σαμάρειαν
3424 4457 3504 4519 είς
3530 4456 3684 4511 ὀπω-

434 4552 721 4610 pomorum
752 4542 1079 4608 custodiam,
1104 4555 1159 4601 et
1177 4547 1335 4617 quasi
1363 4547 1753 4617 plantationem
1783 4549 1959 4605 vineae
1987 4568 2002 4606 :

432 4639 493 4687 et
514 4632 797 4688 detraham
827 4633 880 4689 in
925 4636 1238 4708 voraginem
1288 4638 1493 4709 lapides
1531 4640 1651 4709 ejus
1703 4648 1757 4696 et
1808 4641 2008 4696 tunda-

436 4731 619 4780 menta
656 4725 779 4795 ejus
824 4728 1095 4782 revelabo.
1150 4747 1169 4781 ι
1212 4728 1557 4785 ConStituam
1603 4730 1902 4786 Samariam
1953 4732 2009 4787 in

434 4818 784 4874 solitudinem
802 4828 1032 4885 vastam,
1064 4823 1139 4876 ita
1175 4828 1235 4875 ut
1261 4822 1436 4891 campi
1489 4823 1664 4879 instar
1697 4824 1751 4877 in
1773 4839 1835 4878 ea
1866 4824 2011 4895 agri-

433 4911 668 4978 coletur,
697 4918 750 4966 et
773 4911 987 4980 tuguria
1014 4911 1087 4966 ibi
1112 4912 1238 4967 ﬁant
1262 4914 1333 4968 ob
1353 4928 1635 4983 pomorum
1662 4901 1963 4972 custodiam
1994 4936 2006 4972 :

433 5002 639 5057 etenim
684 5015 786 5072 ego
815 5000 1042 5056 aedilicia
1072 5001 1192 5072 ejus
1220 5004 1403 5058 omnia
1436 5003 1714 5059 destruam
1749 5020 1778 5060 a
1812 5005 2013 5061 funda-

436 5093 634 5149 mentis
656 5104 937 5159 evertens,
971 5107 1038 5148 ex
1067 5108 1177 5163 quo
1199 5093 1287 5147 illa
1317 5095 1499 5149 omnia
1529 5105 1842 5166 sequentur.
1874 5116 1893 5149 ι
1943 5097 2011 5152 Et

438 5184 620 5238 omnia
660 5185 933 5256 sculptilia
980 5184 1101 5254 ejus
1146 5185 1525 5241 concidentur.
1588 5206 1606 5240 ι
1642 5189 1798 5244 'l'unc
1843 5190 2006 5245 etiam

440 5285 701 5327 vanorum
732 5275 1073 5345 opiﬁciorum
1093 5290 1316 5331 suorum
1338 5276 1609 5332 excidium
1641 5287 1887 5342 cernent,
1913 5279 2010 5335 de-

441 5361 549 5415 leta
585 5365 791 5420 scilicet
811 5377 1035 5423 cernent
1088 5368 1157 5422 ab
1191 5370 1440 5426 hostibus
1468 5371 2013 5442 quaelabricaverant

446 5450 612 5505 idola.
646 5472 663 5501 ι
689 5455 753 5509 Et
791 5471 979 5515 omnes
1030 5461 1307 5518 mercedes
1331 5453 1448 5532 Ejus
1518 5463 1642 5533 igne
1697 5463 2016 5534 comburen-

444 5546 555 5594 tur.
601 5560 619 5592 ι
657 5541 921 5601 Exuretur
953 5548 1074 5619 igne
1104 5561 1331 5609 ornatus
1373 5554 1550 5609 omnis
1584 5553 1741 5609 idolis
1776 5556 2011 5611 circum-

449 5631 660 5701 positus
695 5643 854 5704 atque
906 5640 1139 5709 templis,
1178 5658 1337 5712 quem
1381 5644 1455 5699 illi
1503 5646 1655 5715 quasi
1707 5646 2007 5703 mercedem

2110 4549 2434 4622 ροφυλὰκιον
2463 4547 2655 4620 ἀγροῦ,
2699 4540 2792 4600 καὶ
2830 4545 2910 4610 είς
2946 4544 3169 4615 φυτείαν
3200 4546 3516 4617 ἀμπελῶνος
3536 4564 3551 4579 ·
3585 4549 3683 4602 καὶ

2109 4644 2443 4700 κατασπὰσω
2468 4644 2548 4707 είς
2598 4642 2728 4713 χάος
2759 4640 2885 4704 τοὺς
2926 4641 3106 4704 λίθους
3146 4642 3336 4713 αὐτῆς,
3369 4641 3464 4695 καὶ
3494 4642 3562 4695 τά
3593 4640 3686 4695 θε-

2112 4736 2273 4807 μέλια
2296 4735 2465 4805 αὐτῆς
2491 4732 2848 4802 ἀποκαλύψω.
2879 4751 2897 4784 ι
2923 4733 3268 4802 Καταστήσω
3289 4732 3344 4785 δὲ
3369 4733 3686 4803 Σαμάρειαν

2110 4827 2190 4890 είς
2210 4826 2489 4896 ἐρήμωσιν
2519 4821 2739 4892 πολλὴν,
2762 4820 2903 4875 ὥστε
2924 4819 3107 4893 χώρας
3127 4821 3283 4892 δίκην
3298 4820 3684 4893 γεωργεῖσθαι,

2113 4916 2316 4986 σκηνάς
2361 4932 2422 4968 τε
2447 4915 2533 4967 ἐπ’
2568 4913 2739 4984 αὐτῆς
2786 4913 2953 4967 θεῖναι
3003 4914 3095 4967 ἐπὶ
3142 4913 3358 4986 φυλακῇ
3396 4913 3506 4967 τῶν
3542 4932 3685 4987 καρ-

2112 5006 2265 5059 πῶν·
2300 5004 2513 5074 ἀφανιῶ
2561 5004 2669 5077 γὰρ
2713 5005 2881 5075 αὐτῆς
2928 5004 3024 5069 τάς
3070 5005 3357 5076 οἰκοδομὰς
3404 5004 3687 5074 παντελῶς

2111 5100 2175 5151 ἐκ
2228 5095 2441 5168 βάθρων
2488 5098 2657 5161 αὐτὰς
2711 5097 3063 5160 ἀνασπάσας’
3112 5098 3203 5166 ἀφ’
3235 5092 3297 5153 οῦ
3343 5097 3407 5169 δὴ
3463 5098 3688 5165 πάντως

2109 5189 2297 5258 ἕψεται
2346 5190 2592 5244 κάκεῖνα.
2629 5207 2648 5241 ι
2683 5190 2792 5243 Καὶ
2840 5190 3013 5243 πάντα
3040 5189 3108 5243 τὰ
3142 5189 3355 5260 γλυπτὰ
3384 5190 3553 5261 αὐτῆς
3583 5208 3687 5245 κα-

2109 5280 2421 5349 τακόψουσι.
2463 5300 2481 5332 ι
2512 5282 2643 5334 Τότε
2679 5281 2743 5353 δὴ
2789 5281 2883 5334 καὶ
2915 5280 3023 5334 τῶν
3058 5282 3304 5352 ματαίων
3351 5282 3529 5336 πόνων
3556 5282 3688 5336 ἐαυ-

2112 5368 2220 5422 τῶν
2263 5369 2481 5439 ὄψονται
2526 5370 2623 5438 τὴν
2659 5370 2952 5433 ἀπώλειαν,
2989 5368 3391 5441 καθαιρούμενα
3425 5371 3528 5424 ὑπὸ
3573 5370 3690 5425 τῶν

2115 5460 2386 5530 πολεμίων
2434 5459 2666 5533 ὁρῶντες
2717 5459 2753 5513 ἂ
2804 5461 3212 5515 κατεσκεύασαν
3260 5459 3472 5517 εἴδωλα.
3512 5478 3531 5511 ι
3574 5460 3691 5514 Καὶ

2116 5550 2292 5604 πάντα
2317 5551 2385 5604 τὰ
2417 5550 2739 5623 μισθώματα
2770 5552 2942 5620 αὐτῆς
2970 5552 3344 5623 ἐμπρήσουσιν
3372 5550 3429 5603 ἐν
3463 5547 3616 5619 πυρί.
3661 5568 3685 5602 ι

2124 5637 2304 5695 Πάντα
2332 5641 2419 5697 τόν
2451 5643 2648 5714 κόσμον
2686 5644 2775 5697 τὸν
2806 5645 3182 5714 περικείμενον
3216 5642 3323 5703 τοῖς
3351 5657 3409 5693 τε
3444 5640 3689 5707 εἰδώλοις
