3966 6134
435 193 535 251 πει

1620 196 1968 255 THEODORI
2006 197 2495 258 MOPSUESTENI

3578 204 3691 264 552

439 313 567 364 sunt
593 306 802 387 scelera
833 306 1071 363 lsraelis.
1111 327 1130 360 ι
1154 306 1303 364 Scito
1338 316 1392 367 et
1424 319 1505 375 tu,
1534 311 1741 382 inquit,
1764 328 1885 383 qure
1907 313 2004 369 tibi

2123 315 2273 387 γατρὶ
2328 314 2499 369 Σιώνο
2528 314 2614 368 ὅτι
2637 315 2696 367 ἐν
2747 313 2829 368 σοὶ
2874 313 3179 386 εὑρέθησαν
3213 317 3269 369 αἱ
3314 318 3561 373 ἀσέϐειαι
3587 294 3688 375 τοῦ

443 399 601 468 175
627 386 879 454 evenient
924 398 1099 463 mala,
1145 415 1267 470 quae
1302 401 1517 457 malitiae
1553 404 1663 459 dux
1686 405 1838 460 fuisti
1888 405 2007 459 urbi

438 489 778 545 Hierusalem
825 491 993 562 (nam
1056 489 1219 544 ﬁliam
1259 490 1440 548 Sionis
1502 495 1643 550 hanc
1702 495 2005 567 nominat),

400 579 578 634 'nihil
604 581 857 636 diﬂ'erens
884 596 913 635 a
939 581 1183 636 Samaria
1232 586 1427 641 mentis
1475 593 1581 640 tum
1632 589 2009 657 perversitate.

446 689 466 723 ι
513 670 801 741 Propterea
845 674 1002 729 dabis
1048 676 1367 731 emissarios
1406 693 1571 747 super
1639 679 2011 734 haereditatem

442 760 600 822 Geth.
633 763 824 817 domos
854 780 1018 821 vanas
1067 785 1081 821 :
1141 768 1336 823 domus
1391 784 1651 824 vanorum
1687 770 1741 823 in
1782 785 2011 825 vacuum

443 851 598 907 factm
626 862 753 906 sunt
787 856 1006 925 regibus
1044 856 1283 914 lsraelis.
1320 879 1338 912 ι
1372 859 1667 929 Eapmptcr
1708 869 1764 914 tu
1794 877 2013 931 quoque

442 943 812 1012 captivitatem
863 950 1143 1014 sustines;
1194 965 1317 1003 nam
1357 968 1375 1002 ι
1430 950 1584 1004 dabis
1636 953 1951 1007 emissarios
1988 972 2006 1005 ι

444 1032 575 1086 dicit
600 1049 716 1102 pro,
752 1034 914 1089 Mittis
943 1039 996 1090 in
1025 1039 1415 1108 captivitatem,
1452 1040 1529 1093 tui
1558 1056 1724 1094 causa
1750 1042 1898 1111 paria
1931 1043 2014 1095 in-

444 1121 579 1174 colis
634 1121 770 1176 Geth
814 1139 1065 1192 passura,
1122 1128 1336 1183 cunctis
1395 1144 1515 1199 quae
1567 1129 1632 1182 ad
1684 1130 2012 1200 impietatem

443 1212 687 1265 struxisti
735 1213 975 1270 aediliciis
1014 1216 1107 1271 tibi
1137 1218 1493 1286 pereuntibus
1517 1236 1532 1285 ;
1558 1221 2012 1289 quemadmodum

445 1301 586 1370 apud
621 1302 917 1358 Samariam
942 1323 1155 1377 quoque
1175 1308 1382 1380 dejecta
1405 1320 1533 1365 sunt
1566 1311 1689 1367 fana
1721 1314 2010 1370 idolorum.

450 1410 468 1440 ι
514 1392 696 1464 Usque
729 1395 796 1449 ad
820 1398 1058 1454 haaredes
1086 1408 1208 1455 tuos
1235 1410 1288 1455 te
1317 1402 1605 1461 adducam.
1648 1423 1667 1455 ι
1706 1404 1831 1459 llaec
1864 1392 2018 1474 pate-

444 1484 539 1549 ris,
568 1501 653 1540 me
681 1487 777 1541 tibi
812 1489 997 1545 hostes
1034 1492 1358 1560 adducente,
1404 1496 1497 1565 qui
1532 1496 1608 1550 tui
1646 1506 1805 1551 erunt
1844 1498 2017 1552 haere-

442 1575 558 1631 des.
614 1594 633 1627 ι
674 1578 806 1644 Qua:
851 1581 1061 1637 habitas
1111 1582 1328 1652 Lachis,
1397 1587 1685 1643 haereditas
1727 1605 1900 1657 usque
1948 1590 2014 1644 ad

443 1667 689 1723 Odollam
750 1672 954 1739 veniet,
994 1676 1165 1745 gloria
1217 1678 1337 1731 filiae
1381 1677 1582 1735 Sionis.
1622 1699 1640 1730 ι
1695 1681 1758 1735 lli
1818 1681 2017 1739 Lachis

443 1759 616 1828 ipsam
661 1763 940 1831 tenebunt,
988 1776 1043 1821 et
1097 1784 1270 1838 usque
1314 1771 1381 1823 ad
1430 1769 1674 1825 Odollam
1723 1776 2016 1831 extendcnt

444 1851 817 1909 haereditatem
846 1870 1024 1919 suam.
1055 1858 1106 1912 id
1143 1866 1228 1913 est
1280 1867 1449 1914 totam
1499 1864 1848 1932 occupabunt
1887 1880 2014 1934 pro-

365 1942 389 1965 κ
445 1943 667 1996 missam
700 1947 994 2013 regionem.
1021 1949 1083 2003 Et
1102 1963 1265 2018 super
1294 1950 1431 2017 haec,
1465 1950 1557 2006 illa
1587 1954 1746 2008 etiam
1771 1955 2015 2024 gloriosa

410 2112 413 2119 λ
446 2040 668 2103 propter
697 2036 970 2091 conditum
995 2039 1047 2093 in
1088 2054 1151 2095 ea
1184 2043 1462 2112 templum,
1490 2045 1736 2116 capietur
1760 2046 2020 2101 Hierusa-

447 2127 575 2180 lem.

447 2219 625 2285 ἐξουσι
665 2223 762 2295 τὴν
810 2224 914 2294 γῆν
956 2225 1055 2295 τῆς
1085 2220 1457 2295 ἓπαγγελίας·
1491 2227 1565 2298 (p.
1599 2228 1727 2298 287)
1775 2228 1909 2298 πρὸς
1950 2222 2032 2290 οἷς

446 2316 782 2389 ληφθήσεται
816 2321 847 2390 ἡ
886 2320 1261 2393 Ἰερουσαλήμ.

514 2413 772 2468 Nonnulli
814 2415 1084 2482 dixerunt,
1122 2417 1236 2473 haec
1274 2408 1433 2488 loqui'
1459 2419 1776 2490 prophetam
1828 2428 2019 2474 contra

446 2503 665 2567 Lachis,
701 2506 839 2577 quia~
857 2521 1033 2575 regem
1061 2507 1362 2564 Amessiam
1401 2509 1676 2563 occiderat
1709 2527 1723 2563 :
1756 2524 1880 2563 nam
1911 2511 2017 2579 pri-

447 2608 538 2649 mo
563 2594 830 2664 ejusmodi
874 2598 927 2650 in
958 2598 1045 2652 illa
1085 2599 1220 2654 urbe
1249 2599 1461 2654 facinus
1507 2599 1609 2653 fuit
1639 2601 1841 2671 proprii
1874 2601 2018 2666 regis

447 2686 761 2754 occidendi;
801 2702 923 2742 eum
963 2690 1107 2759 apud
1157 2691 1343 2747 decem
1400 2692 1641 2747 tribuum
1692 2708 1914 2762 regnum
1966 2693 2020 2748 id

447 2793 594 2848 saepe
626 2778 740 2847 jam
781 2780 1090 2836 accidisset.
1131 2783 1292 2851 Atqui
1335 2783 1440 2838 hoc
1484 2791 1656 2838 totum
1708 2785 2015 2841 fabulosum

451 2868 756 2940 falsumque
780 2871 965 2926 videre
1000 2880 1115 2936 est,
1147 2873 1216 2925 ab
1254 2873 1322 2928 iis
1363 2874 1725 2943 echgitatum
1756 2876 1849 2944 qui
1894 2891 2020 2945 pro-

450 2962 666 3029 pinetiea
704 2963 871 3016 verba
901 2977 1011 3015 non
1052 2963 1452 3017 intellexerunt.
1482 2963 1615 3018 Nam
1664 2980 1767 3020 nec
1812 2966 2020 3037 primus

2127 404 2361 477 Ἰσραήλ.
2403 424 2423 458 ι
2458 405 2596 459 Ἴσθι
2628 404 2692 475 δὴ
2739 405 2832 458 καὶ
2863 405 2951 469 σὺ,
2987 407 3143 476 φησὶ,
3181 405 3249 460 τά
3294 407 3693 481 συμϐησόμενά

2114 514 2197 549 σοι
2245 496 2411 560 κακὰ,
2445 497 2479 567 ἢ
2525 499 2591 567 τῇ
2639 496 2990 567 Ἰερουσαλὴμ
3048 497 3345 568 (θυγατέρα
3393 500 3502 570 γάρ
3546 500 3690 555 Σιὼν

2111 587 2316 657 ταύτην
2348 587 2624 658 ὀνομάζει)
2670 586 2894 658 ἡγεμὼν
2938 583 3081 658 ἦσθα
3114 587 3223 642 τῶν
3269 591 3479 655 κακῶν,
3533 594 3691 646 οὐδὲν

2113 677 2501 731 διαλλάττουσα
2532 676 2641 730 τῶν
2672 678 2800 749 περὶ
2827 678 2925 749 τὴν
2968 678 3280 749 Σαμάρειαν
3311 683 3375 751 τῇ
3405 683 3505 751 τῆς
3556 684 3691 737 ἀσε-

2115 767 2264 831 δείας
2294 768 2507 840 γνώμῃ.
2549 786 2569 820 ι
2599 768 2698 821 Διά
2726 767 2884 821 τοῦτο
2907 767 3096 831 δώσεις
3128 767 3695 842 ἐξαποστελλομένους

2114 859 2218 922 ἕως
2241 859 2604 930 κληρονομίας
2619 859 2744 926 Γέθ,
2768 860 2951 923 οἴκους
2970 860 3230 930 ματαίους
3245 880 3259 894 ·
3282 858 3419 916 οἶκοι
3446 865 3695 934 ματαίων

2114 954 2195 1015 εἰς
2223 950 2377 1005 κενὸν
2411 953 2658 1019 ἐγένοντο
2686 953 2799 1014 τοῖς
2823 951 3131 1020 βασιλεῦσιν
3172 953 3407 1024 Ἰσραήλ.
3450 974 3469 1007 ι
3515 956 3696 1026 ’Υπὲρ

2113 1041 2179 1112 δὴ
2210 1040 2413 1094 τούτων
2434 1041 2531 1111 τὴν
2556 1041 2728 1112 αὐτὴν
2756 1041 3134 1110 αἰχμαλωσίαν
3165 1044 3453 1113 ὑπομένεις
3474 1046 3570 1099 καὶ
3600 1046 3694 1099 σύ·

2114 1131 2175 1184 τὸ
2206 1132 2313 1202 γὰρ
2342 1150 2358 1181 ι
2391 1130 2582 1193 δώσεις
2608 1128 3183 1201 ἐξαποστελλομένους,
3219 1150 3236 1182 ι
3254 1131 3402 1200 λέγει
3428 1134 3549 1188 ἀντὶ
3570 1134 3696 1200 τοῦ,

2127 1221 2498 1284 Ἀποστέλλεις
2531 1222 2610 1283 είς
2655 1221 3049 1291 αἰχμαλωσίαν,
3087 1221 3147 1285 ἐξ
3188 1223 3387 1293 ἑαυτῆς
3431 1224 3498 1277 τὰ
3550 1225 3698 1279 αὐτὰ

2120 1314 2217 1383 μὲν
2253 1312 2552 1382 πεισομένη
2584 1315 2697 1375 τοῖς
2724 1313 2820 1382 τὴν
2840 1313 2878 1364 Γ
2881 1312 2939 1366 ἐθ
2974 1315 3237 1377 οἰκοῦσιν,
3270 1316 3488 1368 πάντων
3511 1317 3567 1369 δέ
3608 1334 3699 1371 σοι

2115 1401 2224 1454 τῶν
2257 1392 2343 1454 ἔπ’
2371 1401 2595 1471 ἀσεϐείᾳ
2628 1403 3148 1472 κατεσκευασμένων
3179 1403 3345 1456 οἴκων
3385 1403 3701 1474 διαφθειροε-

2121 1493 2325 1562 μένων⁶
2355 1492 2520 1562 ὅνπερ
2546 1492 2610 1563 δὴ
2640 1493 2839 1561 τρόπον
2868 1494 2960 1546 καὶ
2991 1495 3042 1545 οί
3070 1494 3211 1548 κατὰ
3241 1495 3340 1566 τὴν
3378 1495 3699 1565 Σαμάρειαν

2116 1580 2482 1653 διεφθάρησαν
2524 1576 2663 1634 οἴκοι
2693 1580 2799 1637 τῶν
2851 1581 3104 1635 εἰδώλων.
3151 1600 3171 1634 ι
3217 1583 3363 1646 Ἕως
3408 1586 3534 1648 τοὺς
3560 1583 3702 1655 κλη-

2046 1665 2089 1719 Β
2119 1674 2379 1744 ρονόμους
2425 1673 2618 1741 ἀγάγω
2655 1690 2770 1727 σου.
2808 1691 2827 1724 ι
2873 1674 3198 1743 ’Υπομένεις
3234 1674 3299 1744 δὴ
3335 1674 3509 1728 ταῦτα
3557 1676 3698 1745 ἐμοῦ

2115 1766 2242 1827 τοὺς
2271 1764 2562 1833 πολεμίους
2591 1764 2832 1832 ἄγοντος,
2868 1763 2918 1816 οἳ
2955 1766 3062 1817 τῶν
3093 1764 3201 1817 σῶν
3230 1767 3451 1834 ἀγαθῶν
3479 1766 3703 1820 ἔσονται

2117 1856 2461 1927 κληρονόμοι.
2498 1874 2518 1907 ι
2564 1857 2907 1909 Κατοικοῡσα
2954 1856 3174 1927 Λάχεις,
3217 1858 3553 1928 κληρονομία
3595 1860 3704 1923 ἓως

2130 1947 2391 2016 Ὀδολλὰμ
2411 1946 2551 2015 ἥξει,
2577 1947 2702 2012 δόξα
2727 1947 2826 2017 τῆς
2857 1946 3124 2015 θυγατρὸς
3150 1947 3307 2002 Σιών.
3343 1968 3361 2000 ι
3395 1949 3456 2001 Οἳ
3485 1951 3705 2020 καὶτὴν

2117 2039 2317 2108 Λάχεις
2353 2042 2660 2110 κτήσονται,
2697 2040 2789 2091 καὶ
2820 2037 2979 2108 ἄχρις
3017 2038 3278 2110 Ὀδολλὰμ
3309 2040 3707 2111 τὴν-κληρονο-

2020 2180 2025 2187 .
2129 2132 2257 2202 μίαν
2292 2133 2568 2184 ἐκτενοῦσι
2617 2120 2998 2201 τὴνόίκείανο
3036 2129 3120 2183 ῐνα
3160 2131 3310 2203 εἴπῃ,
3336 2133 3520 2187 Πᾶσαν
3572 2133 3706 2185 καθ-

2080 2224 2173 2277 καὶ
2216 2224 2250 2294 ἡ
2292 2223 2534 2289 ἐπίδοξος
2575 2219 2711 2276 εἶναι
2756 2221 2987 2275 δοκοῦσα
3028 2221 3117 2275 διὰ
3152 2222 3245 2275 τὸν
3278 2223 3336 2275 ὲν
3383 2226 3518 2295 αὐτῇ
3574 2225 3704 2278 ναὸν

2738 2321 2839 2343 κστ-

2185 2410 2342 2473 Τινὲς
2369 2409 2425 2463 δὲ
2456 2408 2662 2477 ἔφασαν
2686 2408 2821 2479 πρὸς
2848 2409 2946 2479 τὴν
2976 2408 3175 2479 Λάχεις
3203 2409 3379 2478 λέγειν
3400 2409 3581 2463 ταῦτα
3609 2409 3702 2462 τὸν

2116 2500 2424 2571 προφήτην,
2452 2498 2527 2561 ὠς
2552 2498 2641 2550 τὸν
2684 2498 2976 2567 Ἀμεσσίαν
2998 2497 3291 2552 ἀνελοῦσαν
3314 2499 3402 2551 τὸν
3432 2498 3700 2567 βασιλέαδ

2116 2590 2303 2661 ἐπειδὴ
2328 2589 2484 2643 τοῦτο
2516 2590 2727 2661 πρῶτον
2758 2588 3026 2660 ἐτολμήθη
3058 2592 3188 2661 παρ’
3212 2592 3394 2653 αὐτοῖς
3415 2590 3476 2642 τὸ
3496 2592 3702 2643 οἰκεῖον

2117 2684 2321 2737 ἀνελεῖν
2353 2684 2595 2754 βασιλέα,
2629 2682 2892 2754 πρότερόν
2929 2700 2990 2752 γε
3032 2685 3091 2735 ἐν
3124 2686 3190 2753 τῇ
3222 2682 3327 2735 τῶν
3357 2683 3488 2735 δέκα
3514 2682 3704 2750 φυλῶν

2123 2774 2369 2846 βασιλεία
2395 2775 2583 2828 τούτου
2611 2773 2891 2843 γεγονότος
2925 2773 3216 2837 πολλάκιςο
3248 2773 3362 2826 ἔστι
3388 2773 3446 2826 δὲ
3490 2790 3704 2827 παντα-

2122 2864 2279 2935 χόθεν
2313 2865 2478 2936 μῦθον
2512 2868 2604 2918 καὶ
2645 2866 2871 2935 πλάσμα
2901 2864 2963 2917 τὸ
3003 2864 3179 2934 ῥηθὲν·
3210 2865 3358 2929 ἰδεῖν,
3391 2865 3703 2935 ηὑρημένον

2123 2956 2232 3010 ἀπὸ
2282 2955 2390 3010 τῶν
2435 2956 2533 3028 τὴν
2597 2958 2942 3028 προφητικὴν
2987 2950 3048 3008 ού
3100 2956 3435 3027 νενοηκότων
3481 2959 3703 3027 φωνὴνσ

446 3049 604 3106 ludat
625 3052 799 3107 tribus
829 3039 1013 3121 regum
1050 3054 1328 3108 Amessias
1370 3054 1674 3122 proditione
1711 3033 1827 3110 fuit'
1850 3057 2018 3111 inter-

2123 3045 2243 3099 οὔτε
2270 3048 2377 3118 γὰρ
2421 3049 2711 3119 ’Λμεσσίας
2749 3048 2963 3120 πρῶτος
3006 3051 3069 3101 ἐκ
3116 3048 3223 3103 τῶν
3258 3048 3358 3119 τῆς
3396 3047 3577 3101 ’ἰούδα
3606 3048 3703 3119 βα-

450 3153 697 3212 cmptus;
746 3157 873 3196 nam
910 3141 1119 3198 Joasus.
1148 3152 1302 3213 pater
1343 3145 1463 3213 ejus
1504 3154 1663 3201 antea
1714 3146 1816 3202 hoc
1860 3148 2021 3203 modo

452 3236 632 3289 fuerat
659 3234 961 3289 exstinctus
982 3276 996 3301 ,
1026 3241 1083 3288 ut
1125 3234 1329 3304 Regum
1363 3237 1590 3292 historia
1631 3240 1796 3292 tradit
1833 3240 1899 3303 ⁷⁸,
1938 3241 2022 3295 di-

452 3341 583 3381 cens
614 3343 629 3378 :
663 3344 682 3376 ‹
720 3325 1137 3380 lnsurrexerunt
1174 3328 1315 3381 servi
1354 3326 1526 3392 Joasi,
1558 3338 1611 3382 et
1648 3330 2024 3399 conjuratione

453 3421 510 3475 in
531 3434 654 3474 eum
694 3424 923 3479 structa,
960 3428 1349 3487 percusserunt
1372 3435 1495 3474 eum
1531 3437 1544 3474 :
1584 3438 1605 3472 ι
1640 3436 1777 3490 quos
1804 3422 2021 3491 quidem

453 3513 572 3580 ipse
617 3508 915 3574 Amessias,
966 3509 1113 3565 illius
1146 3509 1309 3575 Illius,
1367 3525 1536 3579 regno
1582 3514 1785 3579 potitus
1838 3519 2024 3581 postea

452 3599 615 3667 cepit,
644 3605 850 3667 patrem
872 3613 1030 3653 suum
1055 3597 1324 3655 ulciscens
1348 3614 1363 3651 ε
1394 3600 1459 3653 de
1481 3602 1727 3671 quoipso
1740 3601 1815 3654 ait
1839 3599 2026 3669 Scrip-

451 3699 575 3744 tura
603 3703 618 3740 :
649 3691 713 3742 lat
744 3688 945 3742 factum
973 3696 1078 3753 est,
1111 3697 1395 3760 postmnm
1422 3705 1650 3761 regnum
1680 3692 1734 3747 in
1762 3693 2024 3749 Amessize

348 3764 357 3781 ³
454 3794 615 3832 manu
643 3778 1023 3833 confirmatum
1075 3779 1200 3843 fuit,
1233 3783 1505 3850 percussit
1544 3796 1734 3839 servos
1768 3800 1896 3839 suos
1928 3783 2022 3854 qui

455 3869 629 3939 ipsius
669 3869 829 3938 176
862 3877 1246 3938 percusserant
1287 3870 1355 3923 ⁷⁸.
1410 3869 1675 3927 Praeterea
1718 3874 2021 3931 Amessiam

453 3977 565 4015 non
617 3963 868 4015 videntur
914 3959 1111 4015 Lachis
1172 3962 1321 4015 cives
1370 3963 1658 4017 occidisse.
1724 3964 1814 4019 Sic
1877 3969 2021 4021 enim

401 4124 407 4131 1
455 4053 719 4122 scriptum
749 4059 832 4107 est
869 4070 881 4104 :
934 4050 997 4105 Et
1035 4054 1279 4107 revoluta
1331 4060 1417 4107 est
1459 4054 1718 4108 contritio
1763 4057 2024 4115 adversus

455 4146 756 4199 Amessiam
821 4144 876 4198 in
922 4142 1282 4212 Hierusalem,
1348 4146 1441 4214 qui
1503 4146 1642 4218 fugit
1701 4149 1755 4202 in
1804 4147 2020 4204 Lachis.

455 4237 719 4304 Missique
774 4243 903 4289 sunt
953 4244 1077 4309 post
1103 4251 1228 4290 eum
1279 4236 1529 4293 homines
1562 4238 1628 4293 ad
1670 4236 1889 4305 Lachis,
1930 4240 2024 4310 qui

454 4328 634 4397 ipsum
688 4327 762 4380 ibi
819 4325 1224 4394 interfecerunt,
1290 4328 1675 4401 sublatumque
1745 4332 1801 4387 in
1856 4348 2021 4402 equo,

452 4418 847 4489 Hierosolymis
874 4420 1223 4488 sepelierunt.
1277 4420 1355 4475 Ex
1382 4438 1490 4492 quo
1517 4423 1808 4480 manifeste
1833 4435 2023 4481 osten-

449 4509 603 4565 ditur
645 4512 1058 4569 consurrexisse
1121 4515 1383 4571 adversus
1448 4532 1572 4571 eum
1621 4518 1889 4587 quosdam
1953 4521 2022 4575 de

452 4600 867 4675 Hierosolymis.
921 4604 1326 4676 fugientemque
1374 4606 1429 4660 in
1459 4606 1655 4663 Lachis
1697 4610 1882 4666 missis
1929 4612 2020 4667 ho-

450 4680 694 4751 minibus
722 4697 1012 4752 occidisse.
1035 4695 1127 4751 Sic
1147 4678 1524 4768 ergocvidens
1555 4698 1736 4754 fabula
1765 4702 2019 4757 convicta

444 4796 556 4844 est.
596 4788 764 4842 Porro
790 4787 987 4842 Lachis
1008 4787 1268 4856 propheta
1306 4788 1620 4858 alloquitur,
1670 4790 1726 4844 in
1759 4791 1878 4860 ejus
1921 4809 2020 4847 no-

447 4883 616 4948 mine,
645 4890 905 4951 tanquam
939 4880 995 4934 in
1026 4889 1206 4950 parte,
1230 4895 1319 4936 res
1348 4879 1503 4935 Iuda:
1532 4897 1699 4953 regno
1730 4893 2021 4943 eventuras

450 4989 683 5030 narrans
712 4990 725 5027 :
755 4970 1210 5055 quemadmodum
1234 4980 1288 5027 et
1320 4973 1389 5027 de
1409 4972 1654 5028 Samaria
1688 4975 2019 5047 locutuscst;

452 5075 636 5138 utpote
663 5066 755 5135 qui
777 5064 844 5121 de
878 5072 1109 5133 utroque
1138 5063 1301 5119 simul
1351 5078 1521 5132 regno
1554 5075 1608 5120 et
1641 5066 1908 5123 visionem
1938 5070 2020 5123 vi-

450 5159 607 5212 derat
642 5166 697 5212 et
728 5157 1068 5227 loquebatur,
1121 5155 1265 5210 sicut
1301 5155 1544 5210 vaticinii
1585 5158 1868 5213 exordium
1900 5175 2027 5229 pcr-

454 5250 640 5318 spicue
668 5244 925 5304 ostendit.
954 5245 1073 5301 Jam
1104 5245 1172 5301 de
1201 5244 1400 5301 Lachis
1428 5246 1507 5301 sic
1550 5248 1725 5319 pergit
1762 5251 2023 5321 propheta

451 5338 632 5393 dicere
663 5362 676 5397 :

528 5426 691 5481 Vsus.
748 5427 831 5482 l6.
880 5456 952 5470 -—
994 5445 1015 5478 ι
1080 5426 1396 5483 Decalvator
1445 5433 1500 5483 et
1553 5428 1806 5485 tondetor
1858 5445 2025 5502 super

524 5602 569 5636 "
593 5600 661 5658 IV
693 5603 824 5677 Reg.
860 5612 958 5667 ιιι,
989 5603 1059 5655 ‘20
1166 5604 1211 5636 "
1241 5604 1305 5657 ιν
1336 5603 1468 5675 Reg.
1496 5621 1606 5670 xxv,
1637 5604 1687 5660 5.

2123 3139 2482 3193 σιλευσάντων
2513 3139 2684 3209 φυλῆς
2716 3140 2775 3204 ἐξ
2803 3139 3092 3210 ἐπιϐουλῆς
3115 3140 3374 3212 ἀνῃρέθη,
3419 3140 3580 3203 Ἰώας
3609 3140 3698 3192 τοῦ

2120 3230 2327 3301 πατρὸς
2375 3231 2539 3284 αὐτοῦ
2593 3231 2855 3301 πρότερον
2893 3231 3270 3301 ἀναιρεθέντος
3317 3231 3514 3294 οὕτως,
3552 3233 3625 3295 ὡς
3662 3234 3695 3302 ἠ

2120 3321 2228 3375 τῶν
2243 3321 2539 3375 Βασιλειῶν
2562 3320 2770 3391 ἱστορία
2792 3321 2940 3391 δηλοί
2959 3320 3209 3389 λέγουσα,
3228 3322 3308 3374 ὅτι
3331 3340 3348 3373 ι
3371 3321 3697 3393 Ἀνέστησαν

2121 3412 2172 3465 οι
2205 3412 2381 3466 δοῦλοι
2427 3412 2521 3465 τοῦ
2572 3411 2743 3475 Ἰώας,
2792 3412 2884 3465 καὶ
2934 3404 3197 3482 ἐποίησαν
3243 3413 3565 3483 σύνδεσμον,
3607 3414 3697 3467 καὶ

2125 3507 2365 3578 συνῆψαν
2383 3507 2468 3558 ἐπ’
2486 3505 2666 3571 αὐτὸν,
2686 3506 2780 3559 καὶ
2792 3505 3066 3571 ἐπάταξαν
3079 3507 3260 3559 αὐτόν·
3279 3505 3489 3576 οὕσπερ
3502 3502 3597 3559 οὖν
3610 3506 3700 3559 καὶ

2137 3598 2430 3668 Ἀμεσσίας
2457 3600 2485 3650 ὁ
2512 3596 2699 3650 τούτου
2722 3597 2836 3660 υἱὸς
2863 3596 3146 3668 παρελθὼν
3174 3599 3253 3660 είς
3286 3600 3385 3667 τὴν
3416 3597 3696 3666 βασιλείαν

2122 3684 2273 3743 εἶλεν
2319 3688 2564 3760 ὕστερον,
2600 3688 2691 3741 τὸν
2737 3688 2895 3756 φόνον
2939 3688 3169 3741 ἐκδικῶν
3205 3688 3299 3741 τοῦ
3346 3689 3558 3760 πατρὸς
3606 3687 3696 3741 τοῦ

2121 3781 2321 3834 οἰκείου
2344 3799 2358 3813 θ
2414 3782 2541 3853 περὶ
2591 3774 2653 3833 οὗ
2691 3781 2784 3833 καὶ
2816 3778 2982 3832 αὑτοῦ
3017 3795 3148 3851 φησι
3173 3797 3186 3810 ·
3224 3781 3335 3833 Καὶ
3381 3781 3601 3849 ἐγένετο
3628 3780 3700 3843 ὡς

2124 3871 2465 3942 ἐκραταιὼοη
2492 3874 2524 3942 ἡ
2555 3871 2801 3941 βασιλεία
2836 3873 2893 3923 ἐν
2927 3874 2991 3942 τῇ
3027 3873 3172 3943 χειρὶ
3217 3872 3535 3942 Ἀμεσσίου,
3569 3872 3700 3924 ἐπά-

2123 3965 2250 4029 ταξε
2272 3966 2398 4027 τοὺς
2428 3965 2623 4030 παῖδας
2648 3965 2812 4018 αὑτοῦ
2842 3967 2971 4028 τοὺς
2997 3967 3341 4033 πατάξαντας
3371 3967 3460 4021 τὸν
3484 3967 3697 4037 πατέρα

2123 4057 2319 4111 αὐτοῦ’
2363 4059 2457 4110 καὶ
2504 4059 2595 4112 τὸν
2642 4058 2934 4129 ’Λμεσσίαν
2981 4059 3038 4111 δὲ
3070 4059 3167 4128 οὐχ
3204 4061 3250 4111 οἱ
3287 4061 3344 4113 ἐν
3378 4059 3579 4128 Λάχεις
3611 4060 3698 4112 ἀν-

2122 4149 2333 4213 ελόντες
2366 4149 2662 4217 φαίνονται·
2689 4149 2836 4217 λέγει
2858 4148 2965 4221 γὰρ
2986 4149 3177 4212 οὕτως’
3216 4151 3324 4203 Καὶ
3353 4151 3693 4220 συνεστράφη

2124 4240 2437 4312 σύντριμμα
2464 4240 2558 4293 ἐπὶ
2608 4240 2897 4311 ’Λμεσσίαν
2926 4243 2983 4295 ἐν
3022 4240 3406 4313 Ἰερουσαλήμσ
3449 4243 3543 4296 καὶ
3569 4241 3696 4309 ἔφυ-

2124 4348 2219 4399 γεν
2248 4331 2327 4393 είς
2353 4331 2570 4399 Λάχεις,
2596 4330 2692 4383 καὶ
2713 4329 3060 4384 ἐθανάτωσαν
3086 4331 3245 4383 αὐτὸν
3272 4333 3415 4384 ἐκεῖ·
3441 4333 3535 4385 καὶ
3556 4328 3694 4404 ἦραν

2126 4421 2220 4474 ἐπὶ
2242 4421 2335 4475 τον
2364 4422 2562 4488 ἵππον,
2606 4421 2682 4492 (p.
2710 4420 2839 4491 268)
2883 4422 2978 4475 καὶ
3012 4421 3185 4492 ἐτάφη
3222 4423 3280 4474 ἐν
3319 4423 3690 4494 Ἰερουσαλήμ·

2129 4512 2314 4583 σαφῶς
2340 4510 2589 4584 δηλώσας
2615 4513 2697 4566 ὅτι
2728 4513 3106 4583 ἐπανέστησαν
3132 4511 3280 4584 αὐτῷ
3311 4530 3454 4576 τινες
3484 4514 3576 4567 ἐπὶ
3601 4514 3694 4582 τῆς

2135 4605 2509 4677 Ἰερουσαλὴμ,
2540 4605 2591 4658 οι
2649 4605 3031 4673 καταφυγόντα
3062 4607 3140 4667 είς
3182 4605 3281 4675 τὴν
3317 4604 3517 4675 Λάχεις
3567 4605 3694 4656 ἀπο-

2126 4697 2430 4760 στείλαντες
2459 4695 2688 4751 άνεῖλον.
2722 4696 2890 4749 Τοῦτο
2917 4696 3015 4767 μὲν
3040 4693 3133 4750 οὖν
3167 4695 3425 4768 ἄντικρυς
3451 4697 3692 4765 φαίνεται

2126 4790 2382 4859 πλάσμα·
2413 4790 2549 4860 πρὸς
2599 4789 2657 4842 δὲ
2691 4789 2790 4858 τὴν
2841 4789 3040 4859 Λάχεις
3066 4788 3094 4840 ὁ
3145 4790 3429 4860 προφήτης
3466 4788 3692 4840 ποιεῖται

2124 4880 2215 4934 τὸν
2259 4881 2436 4948 λόγον,
2478 4880 2537 4945 ἐξ
2590 4881 2802 4951 ἐκείνης
2828 4881 2903 4944 ὡς
2938 4880 3044 4933 ἀπὸ
3076 4880 3275 4951 μέρους
3326 4883 3395 4935 τά
3428 4881 3554 4949 περὶ
3597 4877 3692 4945 τὴν

2139 4971 2307 5026 Ἰούδα
2334 4971 2608 5043 βασιλείαν
2630 4973 3016 5044 συμϐησόμενα
3044 4973 3216 5042 λέγων
3233 4991 3246 5002 ·
3266 4974 3431 5044 ὅνπερ
3456 4967 3547 5023 οὖν
3571 4965 3694 5037 τρό-

2124 5083 2224 5120 πον
2261 5067 2354 5120 καὶ
2382 5065 2451 5120 τὰ
2476 5066 2601 5137 περὶ
2631 5066 2942 5136 Σαμάρειαν
2964 5062 3114 5119 εἶπεν
3135 5081 3147 5093 ·
3184 5064 3260 5128 ὡς
3288 5063 3429 5134 ὑπὲρ
3460 5052 3693 5130 ἀμφοτέ-

2129 5174 2235 5228 ρων
2283 5158 2376 5211 καὶ
2412 5156 2693 5226 ἑωρακὼς,
2730 5158 2823 5209 καὶ
2876 5156 3069 5224 λέγων,
3119 5154 3261 5208 καθά
3306 5154 3368 5206 τὸ
3413 5148 3692 5221 προοίμιον

2124 5245 2314 5317 ἐδήλου
2382 5246 2566 5316 σαφῶς
2590 5265 2603 5277 ·
2656 5245 2792 5316 πρὸς
2846 5247 2912 5317 ἢν
2973 5245 3277 5300 ἀκολουθῶν
3333 5246 3363 5299 ὁ
3415 5238 3693 5314 προφήτης

2126 5338 2300 5409 ἐαυτῷ
2333 5355 2466 5408 φησι
2485 5355 2500 5370 ο

2201 5430 2349 5500 Στίχ.
2388 5439 2580 5496 ις’.-ι
2606 5432 2847 5504 Ξύρησαι
2876 5430 2970 5486 καὶ
3002 5430 3180 5500 κεῖραι
3208 5426 3299 5481 ἐπὶ
3323 5423 3391 5479 τὰ
3416 5421 3580 5477 τέκνα
3602 5429 3691 5470 σου
