3966 6134
228 354 346 414 ἐἵς

1227 359 1774 420 COMMENTARIUS
1809 360 1879 419 lN
1915 360 2223 422 NICHEJE
2257 366 2411 424 CAP.
2454 368 2522 425 ll.

238 471 309 524 τὰ
340 466 607 540 τρυφερά·
644 467 990 540 ἐμπλάτυνον
1016 471 1116 544 τὴν
1149 473 1376 545 ξύρησίν
1406 462 1607 543 cocti);
1639 479 1816 543 ἀετὸς,

1928 480 2065 535 lllios
2090 481 2352 537 delicatos
2380 490 2541 538 tuos:
2584 480 2750 537 dilata
2808 478 3084 537 calvitium
3118 487 3296 549 tuum,
3349 484 3498 540 sicut

238 564 326 616 δτι
362 560 868 632 ᾐχμαλωτεύθησαν
914 563 1024 617 ἀπὸ
1071 565 1187 620 σοῦ.
1235 584 1255 618 ι
1295 567 1519 624 Πενθείν
1561 570 1670 641 γάρ
1716 586 1819 634 σοι,

243 653 423 722 φησὶν,
458 652 727 720 ἁρμόττον
752 653 851 723 τὴν
876 655 1252 730 αίχμαλωείαν
1293 657 1402 711 τῶν
1430 658 1539 712 σῶν
1563 672 1578 687 ’
1606 659 1659 713 οἳ
1689 661 1823 730 πρό-

241 721 397 814 τερον
443 741 540 812 μὲν
573 742 649 804 ὡς
699 744 759 794 ὲν
799 721 1021 807 οίκείοίς
1062 721 1197 815 μεῖὰ
1255 747 1458 817 πολλῆς
1497 748 1680 817 διῆγον
1721 721 1823 817 ’έῆς

242 833 469 903 τρυφῆς,
495 832 592 885 νῦν
629 833 686 885 δὲ
728 834 839 886 τῶν
868 838 968 905 τῆς
988 836 1363 905 αἰχμαλωσίας
1401 840 1820 910 πειραθήσονται

244 925 425 977 κακῶν
441 940 452 951 ·
471 923 533 975 τὺ
554 923 631 987 δὲ,
675 943 693 975 ι
724 923 999 979 Πλάτυνον
1020 927 1117 996 τὴν
1147 926 1372 999 ξύρησίν
1388 945 1483 982 σου
1507 930 1582 993 ὡς
1605 929 1814 993 urbe,»

222 1014 410 1083 λέγει,
443 1014 634 1085 ἐπειδὴ
661 1014 879 1068 ἅπαντα
907 1017 1048 1070 κατὰ
1092 1020 1282 1091 καιρὸν
1317 1020 1641 1074 ἀποϐάλλειν
1671 1023 1820 1074 τουτὶ

243 1106 300 1157 rb
324 1107 513 1177 ὖρνεον
555 1105 625 1158 τὰ
658 1106 835 1158 οίκεῖα
880 1107 1097 1174 λέγεται
1122 1110 1314 1179 πτερά.
1347 1103 1480 1163 Εἶτα
1524 1111 1619 1163 καὶ
1648 1111 1817 1179 λέγει,

246 1199 383 1251 κατὰ
405 1197 469 1249 τὸ
493 1196 707 1261 εἰωθὸς,
739 1197 850 1251 τῶν
874 1198 1061 1251 κακῶν
1091 1199 1188 1269 τὴν
1220 1200 1419 1255 αἰτίαν.

893 1290 1051 1343 ΚΕΦ.
1093 1291 1167 1342 B’.

311 1379 459 1449 Στίχ.
513 1385 665 1448 α’-γ’.
711 1410 782 1420 —
822 1398 842 1431 ι
887 1382 1161 1450 Ἐγένοντο
1198 1383 1536 1455 λογιζόμενοι
1595 1386 1816 1452 κόπους,

244 1472 334 1521 καὶ
383 1470 743 1541 ἐργαζόμενοι
787 1471 935 1524 κακὰ
969 1475 1025 1525 ὲν
1056 1474 1174 1537 ταῖς
1222 1476 1429 1538 κοίταις
1470 1474 1648 1528 αὐτῶν
1674 1493 1689 1507 ·
1725 1478 1820 1529 καὶ

246 1562 354 1623 ἃμα
398 1563 467 1629 τῇ
517 1561 703 1631 ἡμέρα
753 1560 1072 1614 συνετέλουν
1118 1563 1293 1617 αύτά·
1334 1582 1353 1615 ι
1404 1565 1478 1635 (p.
1531 1564 1657 1635 269)
1698 1566 1819 1620 ἀντὶ

245 1652 354 1713 τοῦ,
387 1651 674 1704 Διετέλουν
703 1653 960 1717 τοιαύτας
983 1656 1041 1706 ἐν
1070 1655 1281 1719 ἑαυτοῖς
1310 1656 1703 1728 συστρέφοντες
1726 1658 1817 1710 ὲν-

245 1741 405 1805 νοίας,
441 1743 534 1809 ἀφ’
576 1738 650 1795 ὧν
688 1743 908 1808 τούτους
937 1746 1146 1808 ἑαυτοῖς
1170 1747 1544 1819 ἀπεγέννησαν
1571 1750 1697 1812 τοὺς
1723 1750 1816 1802 κύ-

247 1850 392 1897 ποκ,
420 1835 822 1898 ἀνατυποῦντες
855 1837 954 1903 μὲν
976 1838 1065 1891 ἐπὶ
1096 1839 1191 1910 τῆς
1213 1839 1397 1908 κοίτης
1421 1839 1522 1908 τῆς
1547 1839 1681 1903 ίδίας
1708 1840 1815 1892 τῶν

246 1927 456 1979 ἀτόπων
490 1926 594 1997 τὴν
631 1929 894 1998 ἐργασίαν
915 1944 929 1957 ·
960 1931 1168 1999 ἡμέρας
1196 1930 1253 1982 δὲ
1290 1931 1607 2001 γενομένης,
1646 1931 1816 2001 πέρας

244 2019 347 2076 τοῖς
370 2017 672 2087 μοχθηροῖς
696 2018 877 2072 αὐτῶν
897 2019 1229 2083 ἐπιτιθέντες
1250 2020 1595 2091 βουλεύμασι.
1625 2041 1645 2072 ι
1672 2021 1816 2072 Διὸτι

243 2106 337 2159 οὐκ
364 2102 508 2176 ἦραν
537 2106 677 2178 πρὸς
710 2110 803 2161 τὸν
844 2108 976 2161 Θεὸν
1023 2111 1209 2182 χεῖρας
1252 2110 1430 2164 αὐτῶν
1455 2127 1469 2142 ·
1498 2108 1592 2164 καὶ
1624 2110 1818 2163 ἐπεθύ-

245 2213 373 2266 μουν
404 2199 633 2267 ἀγροὺς,
672 2199 766 2252 καὶ
808 2199 1105 2269 διήρπαζον
1148 2202 1438 2272 ὀρφανοὺς,
1491 2202 1585 2255 καὶ
1634 2201 1817 2263 οἴκους

243 2288 720 2354 καπδυνὰστευον,
752 2293 848 2343 καὶ
879 2291 1175 2360 διήρπαζον
1202 2292 1389 2366 ἄνδρα,
1417 2294 1512 2345 καλ⁸
1546 2293 1638 2345 τὸν
1670 2288 1816 2345 οἷκον

245 2379 421 2442 αὐτοῦ,
447 2379 617 2451 ἄνδρα
652 2382 747 2433 καὶ
766 2383 867 2452 τὴν
888 2382 1250 2454 κληρονομίαν
1271 2383 1459 2437 αὐτοῦ.
1495 2402 1514 2434 ι
1547 2384 1689 2453 Πρὸς
1718 2383 1815 2453 μὲν

244 2470 347 2539 γὰρ
376 2470 510 2523 Θεὸν
533 2473 745 2541 ἀφορᾷν
769 2473 871 2525 ούκ
901 2473 1200 2537 ἐϐούλοντο,
1229 2475 1349 2527 οὐδέ
1377 2492 1497 2527 τινα
1525 2474 1678 2541 λόγον
1708 2474 1816 2527 τῶν

248 2563 373 2633 παρ’
399 2562 565 2615 αὐτοῦ
594 2563 1105 2633 νενομοθετημένων
1136 2566 1436 2619 ποιεῖσθαι·
1468 2566 1597 2637 περὶ
1630 2565 1686 2617 δὲ
1713 2564 1816 2627 τὰς

249 2652 352 2706 τῶν
371 2653 666 2723 ἀλλοτρίων
690 2654 984 2725 ἐπιθυμίας
1015 2656 1358 2726 ἠσχολοῦντο,
1384 2657 1478 2711 καὶ
1512 2656 1616 2709 τῶν
1642 2657 1813 2726 ἀπρο-

258 2748 585 2799 πασιάστων
620 2748 715 2800 καὶ
748 2749 996 2818 πενήτων
1027 2748 1324 2819 διήρπαζον
1352 2749 1420 2802 τὰ
1441 2750 1715 2817 κτήματα,
1739 2749 1816 2810 εἰς

253 2836 440 2890 ἄτοπον
464 2841 530 2909 τῇ
560 2838 774 2891 ἑαυτῶν
803 2840 1271 2909 κατακεχρημένοι
1307 2839 1614 2909 δυναστείᾳ.
1648 2858 1667 2889 ι
1720 2840 1816 2891 Διὰ

259 2926 399 2981 τοῦτο
427 2930 553 2983 τάδε
606 2931 756 2999 λέγει
804 2930 1036 3002 Κύριος’
1078 2932 1205 2985 Ἰδοὺ
1253 2931 1363 2999 ἐγὼ
1406 2931 1691 3000 λογίζομαι
1723 2930 1817 2983 ἐπὶ

254 3018 343 3088 τὴν
367 3022 535 3092 φυλὴν
565 3023 770 3093 ταύτην
802 3023 967 3086 κακὰ,
986 3022 1045 3087 ἐξ
1061 3018 1134 3076 ὧν
1153 3023 1213 3076 ού
1234 3022 1307 3093 μὴ
1328 3024 1495 3093 ἄρητε
1525 3024 1650 3089 τούς
1680 3039 1814 3094 τρα-

1925 569 2127 638 aquila.
2161 572 2419 639 quoniam
2469 570 2671 641 captivi
2703 570 2923 625 abducti
2951 577 3080 625 sunt
3107 585 3172 626 es
3195 579 3268 627 te.
3312 590 3333 625 ι
3387 570 3500 628 Lu-

1922 675 2049 729 gere
2076 660 2220 714 enim
2252 670 2304 717 te
2328 669 2540 731 oportet
2565 663 2933 733 captivitatem
2951 674 3189 726 tuorum,
3214 666 3307 736 qui
3335 675 3496 722 antea

1929 759 2185 819 tanquam
2218 750 2273 805 in
2331 753 2505 821 patria
2559 750 2790 808 delicate
2832 755 3107 820 vivebant,
3162 773 3307 811 nunc
3366 773 3497 815 vero

1923 841 2254 909 captivitatis
2288 843 2427 895 mala
2459 843 2775 913 gustabunt.
2802 845 2943 911 Jam,
2979 864 2997 899 ι
3023 845 3189 901 Dilata
3216 848 3496 903 calvitium

1923 939 2074 985 tuum
2111 940 2171 987 ut
2209 934 2415 1003 aquila,
2444 953 2464 986 ι
2497 935 2591 1001 ait,
2621 937 2750 1005 quia
2778 936 2894 991 haec
2932 939 3049 993 avis
3070 947 3224 994 certo
3251 946 3340 994 ten
3365 955 3498 1011 pore

1922 1032 2150 1079 cunctas
2200 1041 2332 1081 suas
2383 1027 2618 1095 abjicere
2671 1028 2906 1083 traditur
2955 1044 3169 1100 pcenas.
3227 1030 3496 1102 Deinceps

1922 1129 2074 1171 more
2100 1131 2202 1171 suo
2232 1132 2455 1173 causam
2485 1119 2750 1173 malorum
2780 1121 2995 1176 recitat.

2591 1299 2745 1358 CAP.
2786 1304 2876 1359 111.

1993 1386 2155 1444 Vens.
2186 1392 2296 1446 HS.
2326 1421 2385 1431 -—
2422 1409 2441 1442 ι
2474 1390 2625 1446 Facti
2664 1403 2791 1448 sunt
2819 1395 3123 1465 cogitantes
3158 1399 3389 1459 labores.
3436 1407 3493 1454 et

1920 1472 2210 1557 Opera‘htes
2237 1482 2377 1537 mala
2411 1483 2467 1537 in
2498 1484 2771 1539 cubilibus
2820 1486 2955 1549 suis,
2982 1495 3035 1541 et
3074 1489 3193 1543 luce
3228 1494 3491 1545 matutina

1920 1574 2374 1628 consummabant
2406 1591 2490 1631 ea.
2544 1594 2564 1627 ι
2602 1576 2659 1630 ld
2692 1587 2805 1643 est,
2850 1577 2947 1633 bas
2983 1580 3179 1634 animo'
3205 1584 3496 1637 versabant

1919 1662 2302 1731 cogitationes,
2331 1666 2474 1720 unde
2514 1666 2645 1736 ipsis
2680 1667 2733 1720 bi
2765 1669 2909 1737 parti
2936 1678 3065 1722 sunt
3096 1670 3332 1734 labores,
3359 1673 3495 1727 ima-

1919 1754 2167 1823 ginantes
2204 1757 2259 1809 in
2294 1756 2431 1811 lecto
2480 1773 2581 1811 suo
2609 1768 2892 1828 protervos
2923 1768 3097 1823 actus,
3134 1771 3187 1816 et
3217 1778 3338 1817 nm
3372 1764 3497 1818 illu-
3557 1812 3563 1818 ,

1920 1852 2171 1899 cescente
2201 1844 2290 1899 die
2311 1846 2537 1900 consilia
2570 1847 2813 1915 improba
2844 1849 2896 1901 ln
2918 1864 3030 1904 rem
3060 1849 3490 1907 conferentibus.

1926 1953 1945 1987 ι
1982 1934 2247 2000 Quoniam
2279 1949 2384 1990 non
2415 1937 2727 1992 extulerunt
2758 1938 2823 1992 ad
2852 1937 3017 1993 Deum
3041 1955 3235 1996 manus
3264 1958 3414 2007 suas,
3440 1951 3496 1998 ct

1919 2027 2311 2096 concupiebant
2334 2043 2515 2095 agros,
2540 2036 2593 2083 et
2615 2028 2943 2097 diripiebant
2973 2030 3147 2087 virum
3178 2046 3241 2087 ac
3269 2034 3492 2088 domum

1919 2115 2058 2183 ejus,
2091 2116 2286 2180 virum,
2310 2116 2476 2186 177
2515 2118 2755 2187 inquam,
2789 2126 2844 2172 et
2882 2120 3245 2190 hereditatem
3282 2123 3424 2191 ejus.
3466 2143 3489 2176 ι

1920 2204 2165 2275 Namque
2198 2208 2262 2260 ad
2298 2206 2465 2260 Deum
2495 2209 2767 2278 respicere
2797 2211 3072 2273 nolebant,
3116 2228 3291 2284 neque
3326 2215 3491 2268 ullam

1921 2296 2303 2351 mandatorum
2334 2298 2456 2367 ejus
2487 2300 2753 2353 rationem
2781 2300 3073 2367 habebant,
3103 2314 3157 2358 et
3188 2305 3377 2359 alienae
3414 2305 3489 2358 rei

1921 2388 2329 2455 inhiabant,-ct
2387 2405 2685 2459 pauperum
2730 2406 2793 2445 ac
2841 2396 3146 2463 patrocinio
3188 2397 3493 2450 carentium

1922 2477 2203 2534 facultates
2231 2479 2579 2549 diripiebant,
2614 2484 2851 2550 potentia
2892 2500 2991 2538 sua
3036 2485 3104 2538 ad
3152 2486 3493 2555 iniquitatem

1920 2568 2223 2623 abutentes.
2265 2588 2282 2620 ι
2336 2567 2627 2639 Propterea
2688 2571 2803 2625 haec
2846 2572 2975 2627 dicit
3000 2574 3258 2629 Dominus
3308 2575 3491 2631 :Rcce

1919 2673 2018 2728 ego
2047 2658 2227 2727 cogito
2254 2673 2420 2728 super
2450 2660 2650 2714 tribum
2683 2660 2841 2715 istam
2858 2663 3020 2729 mala,
3044 2679 3108 2717 ex
3143 2665 3346 2733 quibus
3380 2679 3493 2719 non

1919 2753 2179 2808 auferetis
2234 2754 2374 2807 colla
2427 2762 2626 2819 vestra,
2675 2765 2730 2809 et
2776 2770 2884 2809 non
2927 2757 3275 2811 ambulabitis
3324 2759 3494 2812 erecti

1920 2845 2121 2909 subito,
2153 2844 2278 2914 quia
2340 2846 2540 2899 malum
2574 2843 2788 2916 tempus
2832 2856 2936 2903 est.
2975 2866 2993 2899 ι
3033 2846 3258 2918 Pr0pter
3312 2857 3494 2903 vestra

1921 2933 2034 2987 haec
2055 2934 2285 2988 consilia
2330 2944 2385 2987 et
2418 2944 2599 2997 actus,
2640 2938 2809 2992 talem
2829 2938 2984 2993 vobis
3015 2952 3228 3006 paruam
3259 2938 3493 3005 edicam,

1918 3039 1983 3077 cx
2017 3038 2124 3094 qua
2155 3026 2428 3094 respirare
2455 3026 2607 3082 vobis
2636 3043 2747 3082 non
2805 3029 3025 3096 licebit;
3060 3029 3155 3084 sed
3186 3030 3338 3083 curvi
3371 3045 3493 3084 om-

256 3111 434 3179 χήλους
456 3114 635 3182 ὑμῶν,
669 3114 765 3167 καὶ
789 3115 850 3166 ού
879 3113 953 3184 μὴ
984 3114 1285 3185 πορευθῆτε
1314 3115 1462 3185 ὀρθοί
1487 3131 1501 3145 ⁸
1531 3113 1812 3183 ἐξαίφνης,

1923 3121 2052 3170 nino
2100 3118 2389 3173 manebitis
2416 3125 2473 3173 et
2518 3120 2685 3173 humo
2723 3121 2881 3189 proni
2920 3120 3024 3175 sub
3054 3121 3493 3175 incumbentium

250 3201 323 3254 ὃτι
353 3205 543 3276 καιρὸς
566 3206 802 3275 πονηρός
840 3208 1006 3259 ἐστιν.
1042 3225 1063 3257 ι
1105 3206 1274 3276 ’Υπὲρ
1301 3206 1363 3275 δὴ
1407 3205 1611 3267 τούτων
1658 3206 1809 3274 ὑμῶν

1918 3208 2184 3261 malorum
2223 3209 2478 3278 pondere.

250 3293 350 3348 τῶν
372 3312 431 3348 τε
482 3295 866 3366 βουλευμάτων
907 3298 1129 3350 καὶτῶν
1168 3298 1417 3367 πράξεων
1467 3296 1719 3367 τοιαύτην
1751 3298 1879 3367 ὑμῖν
1907 3297 2108 3351 ἐποίσω
2135 3300 2425 3371 τιμωρίαν,
2466 3303 2558 3369 ἀφ’
2587 3298 2655 3372 ἦς
2700 3303 2822 3355 οὐδὲ
2863 3305 3156 3359 ἀνανεῦσαι
3192 3303 3316 3374 ὑμίν
3344 3306 3494 3358 ἔσται

249 3388 488 3441 δυνατόν·
533 3387 836 3456 διαμενεῖτε
875 3385 932 3440 δὲ
983 3388 1426 3457 συγκεκαμμένοι
1460 3386 1735 3450 παντελῶς
1801 3387 1892 3439 καὶ
1923 3386 2071 3440 κάτω
2114 3388 2359 3453 νεύοντες
2403 3390 2508 3443 ὑπὸ
2551 3392 2646 3445 τοῦ
2684 3394 2946 3462 μεγέθους
2986 3395 3096 3447 τῶν
3134 3394 3494 3463 ἐπικειμένων

253 3495 441 3531 κακων.

315 3573 458 3641 Στίχ.
489 3567 553 3635 δ’,
575 3576 637 3623 ε’.
664 3598 736 3609 —-
773 3586 792 3620 ι
836 3566 925 3620 Ἑν
950 3570 1015 3637 τῇ
1054 3567 1237 3638 ἡμέρα
1275 3565 1454 3637 ἐκείνῃ
1480 3565 1813 3635 ληφθήσεται

250 3663 329 3733 ἐφ’
371 3664 516 3733 ὑμᾶς
574 3659 862 3731 παραϐολὴ
912 3660 1008 3711 καὶ
1039 3658 1439 3729 θρηνηθήσεται
1495 3657 1710 3727 θρῆνος,
1757 3659 1814 3708 ἐν

253 3756 397 3825 μέλει
418 3754 704 3821 λεγόντων·
746 3750 1105 3820 Ταλαιπωρίᾳ
1141 3749 1683 3818 ὲταλαιπωρήσαμεν,
1719 3764 1815 3816 με-

251 3848 325 3913 ρὶς
359 3846 491 3900 λαοῦ
524 3863 625 3916 μου
659 3842 1045 3913 κατεμετρὴθη
1076 3843 1150 3909 (p.
1181 3840 1306 3909 270)
1340 3844 1396 3894 ἐν
1439 3839 1685 3909 σχοινεῳ·
1722 3839 1817 3890 καὶ

246 3938 340 3991 οὒκ
379 3934 446 4007 ἦν
480 3938 511 3989 ὁ
541 3936 800 3988 κωλύσων
832 3932 994 3985 αὑτὸν
1032 3931 1126 3983 τοῦ
1164 3932 1537 4000 ἀποστρέψαι·
1567 3933 1614 3982 οί
1657 3928 1819 4001 ἀγροὶ

250 4028 395 4097 ὑμῶν
422 4027 878 4098 διεμετρήθησαν.
914 4042 933 4075 ι
970 4024 1102 4076 Τότε
1137 4022 1202 4094 δὴ
1235 4022 1430 4093 θρῆνος
1462 4024 1589 4093 ὑμῖν
1627 4021 1818 4090 ὀδύνης-

255 4120 338 4188 pb;
354 4118 606 4190 ἁρμόσεν
625 4118 685 4170 τὸ
703 4119 811 4188 γὰρ
840 4135 858 4166 ι
878 4118 936 4168 ἐν
958 4115 1106 4185 μέλει
1131 4133 1148 4165 ι
1171 4114 1329 4167 τοῦτο
1350 4114 1516 4181 λέγει.
1547 4117 1642 4167 “Ov
1666 4115 1818 4183 ποιή-

255 4210 399 4263 σεσθε
414 4210 509 4280 τὴν
526 4209 731 4262 ἑαυτῶν
744 4208 772 4259 θ
782 4206 1064 4278 ρηνοῦντες
1077 4206 1639 4277 τα).αιπωρίαν,ὀρῶντ
1647 4222 1702 4267 ες
1716 4206 1814 4276 τὴν

258 4298 433 4368 μερίδα
476 4297 576 4366 τὴν
600 4296 825 4360 οἰκείαν,
858 4296 1100 4347 τουτέστι
1133 4295 1228 4365 τὴν
1260 4296 1388 4364 ὑμῖν
1431 4296 1811 4365 προσήκουσαν

253 4385 346 4455 γῆν
372 4386 475 4438 ὑπὸ
520 4384 813 4454 ἀλλοτρίων
861 4383 1232 4453 κατεχομένην
1269 4401 1328 4436 τε
1372 4388 1470 4437 καὶ
1505 4385 1812 4457 διαιρουμέ..

239 4493 342 4544 fit}?
361 4476 572 4539 οὐδενὸς
587 4476 739 4538 ὅντος
766 4474 860 4528 τοῦ
895 4474 1120 4527 κωλύειν
1141 4475 1311 4528 ταῦτα
1340 4478 1637 4547 γιγνόμενα
1656 4479 1810 4532 δυνα-

1992 3563 2157 3619 Vens.
2190 3566 2244 3629 4,
2284 3568 2336 3619 5.
2371 3596 2442 3606 -—
2476 3584 2494 3617 ι
2535 3567 2629 3620 illa
2661 3566 2750 3621 die
2790 3575 3036 3623 sumetur
3081 3581 3245 3634 super
3279 3582 3374 3620 vos
3399 3583 3495 3636 pa.

1922 3655 2129 3714 rabola.
2169 3661 2223 3706 et
2264 3656 2514 3722 planctus
2548 3656 2833 3724 plangetnr
2859 3658 2912 3708 in
2948 3656 3187 3716 cantico.
3213 3656 3446 3734 dicendo
3476 3680 3490 3715 :

1924 3745 2140 3799 Miseria
2172 3746 2356 3799 miseri
2397 3745 2523 3797 facti
2554 3760 2784 3801 sumus:
2822 3762 2947 3815 pars
2989 3747 3173 3816 populi
3211 3750 3313 3802 mei
3347 3750 3494 3805 l’uni-

1923 3837 2046 3890 culo
2076 3834 2322 3888 dimensa
2360 3843 2463 3897 est,
2516 3846 2567 3889 et
2599 3851 2705 3888 non
2750 3846 2866 3890 erat
2894 3836 2987 3904 qui
3024 3837 3329 3905 prohiberet
3368 3856 3490 3894 eum

1918 3937 1976 3981 ut
2012 3933 2366 3980 averteretur.
2397 3926 2525 3994 Agri
2577 3926 2741 3981 vestri
2799 3926 2958 3980 divisi
3000 3926 3240 3982 fuerunt.
3281 3948 3300 3979 ι
3334 3928 3493 3983 Tunc

1916 4031 2012 4069 vos
2042 4015 2238 4068 acerba
2275 4013 2585 4070 lamentatio
2610 4013 2856 4068 decebit:
2881 4029 3004 4070 nam
3036 4035 3053 4067 ι
3078 4014 3344 4070 canticum
3366 4035 3384 4069 ι
3436 4018 3491 4073 id

1915 4107 2157 4172 denotat,
2214 4105 2357 4174 quod
2388 4106 2680 4161 cantabitis
2720 4114 2957 4159 vestram
2996 4106 3338 4176 deplorantes
3392 4110 3492 4162 mi-

1916 4196 2482 4266 seriamgportionem
2518 4206 2753 4251 vestram
2809 4196 3076 4261 videntes,
3112 4198 3164 4252 id
3190 4207 3275 4252 est
3323 4200 3489 4254 vestri

1915 4290 2056 4359 juris
2092 4291 2383 4359 regionem,
2433 4288 2502 4341 ab
2547 4288 2739 4341 alienis
2793 4298 3108 4357 occupatam
3145 4298 3309 4359 atque
3350 4292 3527 4357 divi-_

1920 4397 2058 4443 sam,
2100 4380 2319 4434 nemine
2365 4378 2419 4433 id
2473 4378 2760 4446 prohibere
2791 4381 3039 4446 valente;
3073 4392 3127 4435 et
3159 4397 3318 4450 agros
3349 4397 3489 4451 quos

1921 4480 2282 4543 praepotenlcr
2316 4470 2703 4533 obtinueratis,
2739 4470 2895 4525 vobis
2918 4479 3135 4539 ereptos
3177 4481 3485 4531 cernentes.

262 4570 420 4636 μένου,
438 4568 564 4633 τούς
582 4585 640 4623 τε
653 4569 851 4640 ἀγροὺς
864 4566 1017 4637 ὑμῶν
1031 4567 1124 4631 οὓς
1141 4571 1205 4622 ἐκ
1227 4568 1535 4633 πλεονεξίας
1560 4588 1689 4624 κατε
1697 4577 1816 4645 σχή.

1923 4572 1974 4617 et
2010 4563 2147 4615 alios
2208 4560 2461 4614 dominos
2512 4567 2693 4612 vestra
2754 4560 2855 4613 sibi
2913 4562 3229 4627 partientes.
3286 4560 3491 4615 Deinde

259 4675 395 4725 κατε,
408 4659 643 4730 ὁρῶντες
661 4659 813 4727 ὑμῶν
839 4659 935 4728 μὲν
954 4660 1187 4729 ἁφαιρου
1196 4660 1407 4730 μένους,
1428 4661 1485 4712 ἐν
1507 4661 1735 4737 διανομῇ
1761 4669 1819 4721 δὲ

257 4750 445 4818 ἑτέροις
474 4748 955 4821 παραδιδομένους.
976 4746 1110 4803 Εἶτα
1133 4753 1324 4819 ἐπάγει
1346 4768 1359 4782 ·
1397 4754 1524 4805 (Διὰ
1547 4753 1705 4807 τοῦτο
1720 4759 1819 4811 οὐκ

257 4840 392 4895 ἔσται
422 4860 505 4895 σοι
529 4842 743 4913 βάλλων
770 4843 1004 4913 σχοινίον
1028 4843 1233 4914 κλήρῳ.
1268 4864 1286 4897 ι
1336 4844 1553 4918 Ἐπειδὴ
1590 4848 1650 4900 τὸ
1679 4866 1820 4918 σχοι-

258 4930 353 4984 νίον
377 4934 467 4986 ἐπὶ
498 4934 601 5004 τῆς
630 4935 1041 5004 διαμετρήσεως
1071 4934 1227 4986 εἴωθε
1256 4934 1454 5002 λέγειν,
1482 4937 1589 4989 ἀπὸ
1621 4938 1728 4989 τῶν
1762 4942 1818 4991 ἐν

252 5022 322 5093 τῷ
342 5030 552 5097 μετρεῖν
586 5029 697 5090 τιίς
721 5026 951 5095 σχοίνοις
967 5027 1319 5095 κεχρημένων
1338 5042 1351 5056 ·
1376 5028 1447 5090 ὡς
1466 5029 1541 5081 ὅτ’
1560 5030 1624 5082 ἂν
1648 5029 1779 5100 λέγῃ
1800 5049 1813 5061 ·

262 5115 502 5184 ιΣχοινία
525 5116 798 5170 ἐπέπεσόν
825 5134 915 5187 μοι
943 5119 1000 5169 ἐν
1018 5119 1130 5179 τοῖς
1158 5117 1488 5186 κρατίστοις
1513 5137 1530 5169 ι
1552 5121 1637 5173 ἵνα
1666 5122 1814 5193 εἴπῃ,

253 5204 322 5256 ὅτι
348 5208 685 5280 Διεμετρήθη
708 5202 821 5278 ’μοι
849 5208 945 5261 καὶ
988 5207 1249 5277 ὲπέλαχεν
1281 5211 1337 5262 ἐν
1369 5209 1554 5281 κλήρῳ
1592 5212 1651 5263 τὸ
1681 5213 1812 5264 κάλ-

253 5291 410 5350 λιστον
449 5297 623 5367 μέρος
657 5298 758 5367 τῆς
791 5298 930 5366 γῆς’
964 5297 1122 5350 τοῦτο
1162 5298 1328 5365 λέγει,
1369 5300 1450 5351 ὅτι
1482 5300 1713 5368 Ὄψεσθε
1747 5301 1817 5353 τὰ

252 5385 471 5459 ὑμέτερα
523 5387 749 5462 ἑτέρους
789 5389 891 5459 μὲν
923 5388 1299 5458 λαμϐάνοντας
1336 5390 1427 5441 καὶ
1464 5390 1815 5460 διαμετροῦν-

248 5490 352 5542 τας,
378 5480 645 5549 ὑμέτερον
665 5480 722 5532 δὲ
752 5480 812 5545 ἐξ
846 5478 1102 5532 ἁπάντων
1130 5480 1371 5549 ὑπάρχον
1402 5479 1553 5530 οὐδέν
1570 5495 1581 5509 ·
1609 5481 1665 5530 ἐν
1688 5479 1814 5547 ὑμῖν

250 5560 328 5619 σύν
348 5570 519 5635 οὐδεὶς
537 5571 694 5624 ἔσται
719 5569 960 5643 μετρῶν,
986 5570 1105 5623 οὐδὲ
1129 5570 1331 5642 κλῆρον
1357 5567 1565 5641 βάλλων
1582 5586 1595 5597 ·
1628 5568 1813 5638 ἐπειδὴ

300 5745 343 5780 ⁵⁸
370 5745 515 5803 Paul.
555 5763 642 5815 xv,
666 5748 723 5807 6.

1919 4654 2067 4710 addit
2097 4669 2113 4705 :
2148 4672 2165 4704 ι
2213 4650 2337 4706 Ideo
2367 4667 2473 4704 non
2512 4652 2617 4704 erit
2645 4649 2798 4705 vobis
2827 4651 3037 4718 jaciens
3070 4652 3123 4705 in
3176 4652 3492 4707 haereditate

1918 4743 2242 4798 funiculum.
2307 4761 2326 4792 )
2380 4739 2646 4805 Quoniam
2702 4739 2977 4794 funiculus
3048 4740 3102 4793 in
3152 4739 3492 4794 dimensione

1917 4835 2021 4889 dici
2055 4834 2212 4895 solet.
2268 4833 2394 4900 quia
2425 4831 2518 4884 illo
2552 4839 2782 4885 utuntur
2828 4831 3077 4885 homines
3101 4831 3164 4884 ad
3196 4831 3489 4886 dimetien-

1917 4929 2077 4991 dum;
2110 4926 2255 4978 velut
2285 4925 2362 4977 ait
2405 4921 2698 4978 Psalmista
2729 4941 2740 4977 :
2780 4940 2797 4972 ι
2840 4919 3091 4975 Funiculi
3121 4921 3249 4973 mihi
3280 4921 3494 4973 cecide-

1917 5027 2046 5070 runt
2073 5017 2126 5069 in
2157 5015 2377 5083 optimis
2401 5014 2483 5078 3°;
2551 5032 2570 5064 ι
2598 5028 2661 5067 ac
2728 5014 2770 5068 si
2799 5013 2937 5068 dicat
2962 5029 2975 5064 :
3002 5011 3312 5065 Dimensum
3359 5010 3491 5063 mihi

1921 5110 2040 5172 fuit,
2071 5117 2123 5161 et
2149 5108 2353 5175 optima
2378 5113 2535 5159 terrae
2560 5120 2685 5173 pars
2707 5103 3006 5156 limrcditati
3035 5101 3227 5170 obtigit
3248 5118 3262 5166 ;
3287 5099 3492 5153 idcirco

1920 5201 2034 5253 ait:
2068 5198 2213 5250 Bona
2262 5206 2438 5249 vestra
2488 5195 2722 5249 cernetis
2764 5194 2832 5245 ab
2863 5193 2983 5245 aliis
3018 5192 3135 5258 capi
3172 5198 3334 5259 atque
3379 5191 3492 5244 dis-

1919 5290 2081 5344 tribui
2106 5307 2120 5355 ;
2142 5287 2297 5340 vobis
2319 5297 2495 5338 autem
2532 5285 2665 5337 nihil
2708 5298 2827 5335 esse
2860 5283 3149 5350 reliquum.
3211 5280 3300 5333 Sic
3326 5280 3493 5350 igitur

1918 5380 2243 5436 nctnointer
2267 5390 2363 5429 vos
2386 5376 2490 5428 erit
2519 5375 2610 5442 qui
2668 5372 2982 5425 dimetiatur
3022 5371 3103 5423 vel
3170 5380 3367 5425 sortem
3412 5371 3494 5440 ja-

1921 5473 2050 5535 ciat,
2073 5469 2197 5537 quia
2226 5473 2405 5518 vestra
2451 5462 2630 5514 omnia
2676 5464 3011 5521 aul’erentur,
3054 5467 3105 5514 ct
3136 5460 3309 5514 aliena
3342 5458 3489 5515 ﬁent.

1924 5562 2054 5619 Vos.
2077 5560 2322 5628 inquam,
2350 5569 2416 5609 ex
2439 5563 2517 5609 tot
2536 5553 2731 5623 opibus
2762 5551 2963 5606 nullius
2988 5550 3061 5603 rei
3093 5551 3493 5620 possessionem:

3393 371 3500 430 εδδ
3606 416 3611 421 .
