3966 6134
446 332 557 389 355

1603 328 1699 385 TH
1709 328 1956 388 EODORI
1992 329 2472 390 MOPSUESTENI

3603 325 3714 382 556

451 439 778 505 retinebitis,
805 441 902 498 sed
927 439 1110 497 omnia
1135 438 1194 495 in
1229 438 1458 494 aliorum
1493 440 1656 511 178
1684 442 2022 498 dominatum

2129 443 2311 498 πάντα
2343 443 2442 514 μὲν
2481 440 2632 513 ὑμῶν
2676 440 3134 511 ἀφαιρηθήσεται,
3184 437 3336 491 ἔσται
3362 436 3419 491 δέ
3465 436 3673 509 ἐτέρων
3696 448 3709 461 ⁹

451 531 687 586 transire
709 529 998 586 videbitis:
1029 529 1188 590 alios.
1244 528 1494 599 inquam,
1543 545 1640 600 pro
1666 547 1768 586 suo
1801 533 2027 600 quaesito

451 623 596 692 jure,
617 624 756 679 bona
780 631 958 678 vestra
987 623 1130 678 inter
1161 638 1221 678 se
1251 622 1513 679 tribuere.

521 905 690 961 Vens.
719 906 772 971 6,
800 907 850 962 7.
879 935 949 947 —
997 925 1019 958 ι
1055 906 1113 962 ln
1141 905 1385 964 Ecclesia
1440 906 1654 962 Domini
1701 909 1869 964 nolite
1900 909 2029 967 ﬂere

452 998 730 1067 lacrymis,
758 1013 935 1068 neque
962 999 1334 1070 lacrymentnr
1361 1015 1526 1068 super
1580 1001 1697 1066 his;
1729 1017 1840 1055 non
1881 1001 2028 1057 enim

451 1088 673 1156 abjiciet
719 1091 1008 1157 opprobria
1042 1091 1134 1158 qui
1157 1090 1293 1144 dicit
1335 1109 1348 1144 :
1381 1089 1581 1146 Domus
1609 1089 1777 1147 Jacob
1801 1093 1866 1146 ad
1890 1093 2028 1148 iram

452 1177 766 1245 provocavit
792 1177 1052 1247 Spiritum
1081 1177 1316 1230 Domini.
1359 1197 1377 1228 ι
1409 1177 1586 1233 Nolite
1621 1195 1751 1248 ergo
1774 1181 1826 1234 in
1871 1183 2028 1236 coeti-

451 1265 555 1320 bus
587 1267 786 1321 vestris
814 1267 1101 1336 Iacrymari
1126 1267 1246 1322 sine
1288 1269 1628 1335 paenitentia,
1656 1269 1751 1324 sed
1781 1271 2052 1327 dolentes‘

451 1357 827 1410 tantummodo
860 1356 927 1410 de
956 1357 1223 1410 malorum
1252 1368 1556 1411 vestrorum
1605 1361 1872 1429 gravitate
1925 1378 1940 1418 :
1973 1371 2028 1418 et

449 1460 575 1499 cum
621 1445 728 1499 Deo
774 1447 1164 1515 propemodum
1229 1450 1648 1517 expostulando,
1705 1453 1949 1508 dicentes
2009 1471 2023 1508 :

450 1534 570 1589 Non
615 1551 716 1591 nos
744 1537 844 1589 soli
881 1535 1047 1590 Deum
1102 1536 1457 1603 irritavimus,
1483 1555 1658 1609 neque
1696 1556 1795 1597 nos
1818 1550 2026 1598 tantum

398 1631 418 1643 “
448 1640 498 1695 pl
513 1639 612 1680 ave
663 1642 763 1680 nos
801 1627 1090 1695 gessimus.
1129 1626 1268 1692 Quid
1297 1628 1321 1680 ἲ
1363 1629 1560 1682 Caeteri
1590 1630 1807 1698 quidem
1838 1647 1938 1700 pro
1962 1633 2029 1685 li-

449 1716 563 1770 bito
598 1730 697 1770 nos
731 1724 949 1779 vexant,
973 1731 1072 1769 nos
1094 1730 1221 1769 vero
1241 1715 1343 1769 soli
1369 1715 1612 1782 passivi?
1640 1717 1803 1786 Atqui
1834 1733 1898 1770 ex
1941 1718 2026 1773 his

2129 534 2220 586 καὶ
2266 533 2421 602 ὑμεῖς
2461 531 2560 602 μὲν
2607 533 2670 584 ἐκ
2719 530 2927 582 πολλῶν
2981 528 3274 599 κτημάτων
3309 525 3496 580 ἔσεσθε
3533 525 3715 598 κύριοι

2123 623 2365 686 οὐδενὸς,
2405 625 2490 692 (p.
2532 623 2669 691 2H)
2710 620 2908 690 ὄψεσθε
2955 621 3011 674 δέ
3048 619 3187 672 αὐτά
3219 618 3323 671 ὑπὸ
3367 618 3464 688 τὴν
3509 619 3714 687 ἐτέρων

2127 715 2424 784 γιγνόμενα
2443 715 2758 767 δεσποτείαν
2778 755 2792 778 ,
2818 713 2912 765 καὶ
2937 710 3156 782 ἐτέρους
3184 711 3304 763 κατ’
3328 709 3579 776 ἐξουσίαν
3605 709 3716 764 διαο

2132 805 2465 874 νεμομένους
2495 804 2561 857 τά
2598 803 2856 874 ὑμέτερα.
3433 864 3439 870 ⁸

2199 894 2345 964 Στίχ.
2373 901 2446 959 ς’,
2471 892 2534 958 ξ’.
2555 924 2619 933 —-
2646 913 2664 946 ι
2688 895 2774 947 Ἐν
2809 891 3102 963 Ἐκκλησία
3126 891 3328 963 Κυρίου
3355 890 3430 962 μὴ
3447 890 3714 962 δακρύετε

2127 985 2408 1055 δάκρυσιν,
2461 985 2597 1055 μηδέ
2642 984 3028 1055 δακρυέτωσαν
3076 983 3169 1036 ἐπὶ
3218 981 3457 1044 τούτοιςη
3500 981 3560 1034 ού
3603 980 3716 1050 γὰρ

2129 1077 2408 1130 ἀπώσεται
2437 1077 2612 1144 ὀνείδη
2651 1075 2853 1142 λέγων·
2896 1070 3058 1137 Οἶκος
3098 1072 3290 1126 Ἰακὼὸ
3361 1071 3716 1143 παρώργισεν

2128 1167 2352 1237 Πνεῦμα
2409 1167 2652 1237 Κυρίου.
2699 1185 2718 1217 ι
2773 1165 2866 1236 Μὴ
2922 1166 3101 1218 τοίνυν
3161 1165 3434 1228 συνιόντες
3481 1163 3714 1234 δάκρυσι

2129 1259 2399 1329 κέχρησθε
2443 1260 2506 1310 ού
2554 1257 2937 1328 μεταμελείας,
2975 1257 3091 1310 ἀλλ’
3132 1255 3425 1323 ἀλγοῦντες
3481 1254 3579 1324 μὲν
3619 1254 3715 1306 ἐπὶ

2128 1349 2205 1418 τῷ
2239 1350 2458 1418 μεγέθει
2489 1349 2599 1402 τῶν
2635 1348 3056 1418 ωμσεϐηκότων
3105 1348 3234 1417 ὑμῖν
3264 1346 3470 1404 κακῶν.
3511 1345 3714 1416 τρόπον

2127 1439 2185 1491 δέ
2226 1457 2344 1492 τινα
2380 1439 2474 1492 καὶ
2518 1437 2755 1491 αἰτίασιν
2807 1438 3172 1508 προσάγοντες
3201 1434 3280 1505 τῷ
3313 1435 3451 1503 Θεῷ,
3478 1434 3573 1488 καὶ
3620 1433 3713 1486 λέ-

2128 1546 2337 1598 γοντες,
2362 1531 2442 1583 ὅτι
2464 1532 2575 1600 Οὐχ
2596 1532 2756 1600 ἡμεῖς
2785 1530 2943 1599 μόνον
2967 1529 3099 1582 Θεὸν
3122 1527 3574 1598 παρωργίσαμεν,
3590 1525 3713 1580 οὐδὲ

2131 1623 2258 1691 παρ’
2304 1620 2464 1691 ήμῶν
2493 1620 2666 1691 μόνων
2706 1618 2776 1671 τά
2816 1619 2992 1672 άτοπα
3043 1617 3380 1688 πέπρακται.
3414 1616 3478 1667 Τί
3523 1615 3712 1686 δήποτ’

2127 1710 2251 1778 οὖν,
2285 1713 2461 1783 ἕτεροι
2518 1713 2615 1783 μὲν
2665 1711 2737 1764 τά
2787 1710 3044 1764 δοκοῦντα
3104 1708 3351 1762 ποιοῦσιν
3403 1709 3483 1770 είς
3535 1707 3712 1775 ἡμᾶς,

446 1807 630 1862 verbis
684 1805 890 1858 nullam
943 1819 1038 1858 vos
1104 1804 1389 1858 utilitatem
1438 1805 1695 1873 capietis;
1728 1821 1904 1875 neque
1952 1807 2023 1861 ob

2129 1805 2283 1872 ἡμεῖς
2311 1803 2366 1856 δέ
2396 1804 2676 1872 πάσχομεν
2714 1801 2906 1871 μόνον;
2937 1800 3078 1853 Οὑδδ
3097 1799 3207 1869 γάρ
3237 1797 3389 1850 ἔσται
3421 1814 3496 1863 τι,
3522 1795 3714 1866 φησὶν,

449 1896 591 1952 hanc
644 1895 918 1965 querelam
967 1894 1209 1948 vitabilis
1256 1894 1522 1948 malorum
1574 1895 2024 1964 experimentum,

447 1994 614 2056 atque
638 2002 666 2039 a
695 1984 1067 2040 maledicendo
1087 1986 1158 2040 ob
1192 1987 1627 2053 supervenientia
1674 1987 1814 2041 mala
1842 2002 2028 2043 cessa-

451 2077 600 2131 bitis.
642 2075 788 2144 Haec,
829 2077 1030 2144 inquit,
1065 2075 1234 2129 nolite
1255 2073 1453 2130 facere.
1496 2094 1516 2127 ‹
1557 2073 1615 2130 Si
1635 2077 1728 2130 ‘hae
1757 2084 1887 2131 sunt
1939 2093 2031 2133 or—

450 2169 762 2224 dinationes
783 2168 925 2237 eius,
955 2182 1137 2221 nonne
1157 2166 1283 2220 boni
1309 2174 1434 2221 sunt
1457 2183 1739 2223 sermones
1756 2167 1877 2236 ejus
1903 2184 2028 2223 cum

453 2262 594 2331 ipso,
624 2262 864 2330 rectique
883 2259 1225 2330 procedunt?
1249 2279 1266 2310 ο
1293 2259 1427 2313 Illud
1447 2260 1627 2329 potius
1662 2260 2027 2323 considerate,

454 2353 619 2407 Deum
647 2353 739 2422 qui
766 2353 892 2406 talia
915 2352 1069 2407 vobis
1103 2351 1306 2414 intulit,
1332 2351 1465 2405 nihil
1483 2350 1730 2405 debitum
1752 2350 2027 2418 omisisse;

452 2446 546 2500 sed
574 2453 627 2500 et
657 2444 865 2499 idoneis
911 2444 1094 2500 verbis
1147 2459 1243 2498 vos
1276 2458 1400 2499 esse
1442 2443 1764 2505 allocutum,
1795 2449 1852 2496 et
1888 2457 2031 2510 saepe

451 2534 684 2590 cilicium
731 2535 1002 2598 docuisse,
1056 2544 1110 2588 et
1156 2533 1349 2588 futurae
1399 2548 1572 2604 paena:
1617 2534 1970 2603 pratdictione
2000 2551 2030 2589 a

450 2624 733 2681 maleﬁciis
764 2641 861 2682 vos
888 2626 1164 2682 retrahere
1190 2625 1451 2680 voluisse.
1501 2627 1568 2678 At
1611 2639 1710 2680 vos
1748 2624 1910 2680 dictis
1942 2640 2033 2679 au-

445 2717 686 2773 scultare
720 2726 1033 2784 renuentes,
1083 2718 1375 2772 verborum
1413 2716 1506 2771 Dei
1557 2716 1946 2772 rectitudinem
1977 2728 2032 2772 et

447 2808 756 2878 aequitatem
781 2809 1070 2864 manifeste
1103 2809 1527 2879 comprobastis,
1571 2808 1662 2877 qui
1698 2808 1874 2878 primo
1906 2809 2030 2878 qui-

447 2898 572 2953 dem
606 2899 897 2955 emendare
915 2915 1014 2955 vos
1042 2899 1214 2953 voluit
1238 2899 1684 2969 praedictionibus
1723 2915 1738 2960 ;
1763 2899 1857 2954 sed
1883 2907 2035 2969 post-

445 3005 614 3057 quam
642 3005 752 3044 non
782 2991 1222 3057 obtemperastis,
1242 2990 1559 3046 necessario
1593 2989 1746 3044 vobis
1773 3005 1883 3044 non
1917 3005 2034 3060 po:-

450 3079 746 3135 nitcntihus
788 3083 1070 3135 veritatem
1090 3081 1360 3137 dictorum
1387 3097 1608 3137 suorum
1633 3083 2032 3153 comprobavit.

2130 1895 2194 1946 ἐκ
2234 1892 2438 1946 τούτων
2480 1892 2588 1945 τῶν
2632 1890 2890 1962 ῥημάτων
2922 1889 3112 1957 ὄφελος
3143 1890 3303 1959 ὑμῖν,
3335 1887 3458 1941 οὐδὲ
3506 1890 3570 1940 ἐκ
3610 1885 3713 1952 τῆς

2130 1987 2420 2049 αίτιάσεως
2465 1985 2668 2054 ταύτης
2694 1982 3046 2052 διαφεύξεσοε
3105 1982 3205 2052 μὲν
3233 1980 3342 2034 τῶν
3384 1979 3572 2033 κακῶν
3614 1977 3715 2048 τὴν

2132 2079 2347 2148 πεῖραν,
2377 2076 2650 2130 παύσεσθε
2677 2076 2732 2128 δὲ
2761 2076 2852 2128 ἐπὶ
2889 2077 2998 2138 τοῖς
3029 2073 3432 2145 συμϐεϐηκόσιν
3452 2068 3715 2134 ὀνειδιζό-

2135 2185 2284 2238 μενοι
2327 2171 2549 2230 κακοῖς·
2579 2166 2749 2220 ταῦτα
2793 2167 2893 2236 μὲν
2917 2160 3030 2230 οὖν,
3066 2165 3220 2236 φησι,
3268 2166 3343 2234 μὴ
3387 2164 3614 2216 ποιεῖτε.
3646 2162 3713 2215 Τί

2130 2259 2222 2324 δέ;
2263 2279 2282 2311 ι
2317 2261 2380 2313 Εἰ
2422 2259 2593 2313 ταῦτα
2635 2258 3042 2330 ἐπιτηδεύματα
3084 2255 3248 2311 αὐτοῦ
3301 2257 3472 2316 ἐστιν.
3505 2255 3626 2326 οὐχ).
3661 2255 3713 2308 ot

2131 2351 2279 2420 λόγοι
2306 2350 2472 2404 αὑτοῦ
2503 2351 2659 2404 καλοί
2697 2354 2800 2417 εἱσι
2849 2350 2964 2421 μετ’
3003 2350 3189 2412 αὐτοῦ,
3221 2349 3317 2402 καὶ
3348 2348 3498 2419 ὀρθοὶ
3542 2347 3714 2401 πεπό-

2135 2461 2384 2515 ρευνται;
2416 2463 2434 2496 ι
2473 2445 2680 2496 Ἐκεῖνο
2698 2443 2754 2496 δὲ
2782 2442 2979 2513 μᾶλλον
3001 2441 3363 2510 ἀποϐλέψατε,
3381 2441 3462 2492 ὃτι
3489 2442 3518 2493 ό
3535 2438 3716 2493 ταῦτα

2133 2536 2354 2604 ἐπάγων
2391 2537 2518 2605 ὑμῖν
2549 2534 2700 2598 Θεὸς,
2735 2534 2888 2588 οὐδὲν
2917 2533 3284 2605 παραλέλοιπε
3321 2533 3426 2586 τῶν
3453 2533 3712 2586 δεόντων·

2134 2627 2269 2681 ἀλλά
2315 2627 2408 2682 καὶ
2459 2626 2639 2695 λόγοις
2694 2627 2962 2698 ἐχρήσατο
3014 2627 3125 2690 τοῖς
3185 2625 3524 2696 προσήκουσι
3578 2627 3716 2698 πρὸς

2135 2721 2306 2790 ὑμᾶς·
2345 2721 2437 2773 καὶ
2469 2717 2706 2783 ἐδίδαξεν
2745 2719 2890 2788 ὑμᾶς
2914 2717 3172 2780 πολλάκις
3199 2716 3235 2770 ἃ
3271 2717 3352 2771 δεῖ
3378 2719 3551 2771 ποιεῖν
3571 2733 3582 2745 ’
3619 2719 3717 2770 καὶ

2133 2816 2200 2883 τῇ
2239 2811 2466 2882 μηνύσει
2496 2811 2595 2880 τῆς
2632 2810 2928 2881 μελλούσης
2975 2810 3242 2881 τιμωρίας
3286 2809 3598 2880 ἀποστῆσαι
3616 2809 3718 2880 τῆς

2134 2904 2514 2973 κακοπραγίας
2546 2903 2692 2973 ὑμᾶς
2747 2901 3056 2972 ήδουλήθηο
3092 2901 3250 2972 ὑμεῖς
3282 2901 3337 2953 δὲ
3384 2901 3483 2954 οὐκ
3527 2900 3718 2972 ἐθελήο

2137 3013 2327 3058 σαντες
2361 2995 2648 3065 προσέχειν
2678 2996 2788 3056 τοῖς
2817 2993 3159 3063 λεγομένοις,
3192 2995 3277 3062 (p.
3306 2991 3443 3063 272)
3478 2993 3588 3045 τῶν
3617 2993 3714 3047 τοῦ

2137 3085 2272 3138 Θεοῦ
2313 3084 2484 3150 λόγων
2521 3083 2617 3155 τὴν
2642 3083 2908 3152 ὀρθότητα
2939 3083 3035 3135 καὶ
3073 3081 3169 3153 τὴν
3197 3082 3593 3153 δικαιοκρισίαν
3619 3085 3720 3135 ἐπ-

448 3171 682 3236 ιδείξατε
713 3175 915 3243 σαφῶς,
938 3177 986 3229 οἳ
1020 3179 1280 3248 πρότερον
1310 3177 1406 3246 μὲν
1432 3177 1575 3247 ὑμᾶς
1608 3177 1847 3247 βελτιοῦν
1875 3178 2160 3248 ἠϐούλοντο
2207 3183 2272 3251 τῇ
2323 3179 2568 3250 μηνύσει,
2613 3177 2798 3249 ἐπειδὴ
2827 3177 2886 3230 δέ
2913 3179 3012 3232 οὐκ
3055 3178 3365 3248 ἐπείσθητε,
3401 3179 3716 3247 ἀναγκαίως

448 3264 579 3332 ὑμῖν
611 3261 672 3313 οὐ
716 3262 1136 3333 μεταμεληθεῖσι
1176 3266 1274 3336 τὴν
1309 3265 1566 3336 ἀλήθειαν
1610 3266 1891 3330 ἐπέδειξαν
1919 3267 2019 3338 τὴν
2056 3269 2281 3324 οἰκείαν.
2461 3327 2468 3332 ,

516 3351 682 3409 Vens.
717 3356 944 3410 8-l0.—
967 3356 1168 3412 Deinde
1199 3358 1468 3427 amplians
1489 3359 1874 3424 invectionem,
1902 3361 1977 3412 ait
2001 3379 2012 3413 :

2191 3362 2338 3431 Στίχ.
2385 3364 2519 3430 ἠε-ι’.
2553 3389 2613 3400 -
2644 3355 2775 3413 Εἶτα
2796 3360 2890 3413 καὶ⁹
2918 3358 3176 3412 ἐκτείνων
3207 3359 3306 3430 τὴν
3341 3359 3676 3429 κατηγορίαν
3695 3375 3711 3390 ο

454 3463 474 3496 ι
513 3443 578 3497 Et
634 3453 790 3499 antea
826 3447 1059 3516 populus
1113 3462 1265 3502 meus
1303 3464 1426 3502 cum
1493 3449 1777 3504 inimicitia
1822 3453 2022 3507 restitit

445 3542 633 3588 contra
669 3550 855 3604 pacem
906 3552 1083 3591 suam.
1129 3555 1148 3590 ι
1185 3536 1289 3592 Sed
1326 3553 1423 3594 vos
1460 3540 1572 3608 jam
1603 3542 1732 3594 olim
1781 3541 2020 3598 inimici-

447 3625 576 3676 tiam
591 3627 901 3693 quamdam,
920 3627 1282 3697 hostilemque
1304 3629 1569 3686 adversus
1585 3646 1671 3684 me
1694 3633 2020 3686 sententiam

448 3717 787 3786 suscepistis,
817 3717 1040 3773 obedire
1062 3719 1224 3775 dictis
1249 3721 1526 3786 noluistis,
1544 3729 1848 3792 vestraeque
1871 3724 2022 3793 pacis

447 3809 638 3878 magis,
663 3823 825 3877 quam
859 3808 1083 3864 alterius
1112 3810 1423 3879 cujuslibet,
1457 3812 1753 3867 adversarii
1778 3814 2023 3870 exstitis-

449 3901 539 3953 tis.
575 3899 713 3970 Ergo
739 3907 932 3954 vestrm
975 3902 1337 3956 contumaciae
1369 3902 1582 3956 lucrum
1619 3903 1785 3973 179
1800 3905 2022 3974 cepistis

447 4003 686 4057 pnesens
746 3987 966 4042 bellum.
1028 4005 1049 4039 ‹
1086 3986 1286 4043 Pellem
1349 3990 1468 4058 ejus
1487 3992 1926 4055 excoriaverunt,
1964 4001 2024 4046 ut

448 4093 598 4148 spem
632 4079 927 4147 eriperent,
956 4080 1338 4134 contritionem
1372 4081 1517 4136 belli.
1559 4100 1580 4132 ι
1617 4081 1896 4152 Quidquid
1921 4084 2023 4138 fuit

449 4169 588 4235 apud
629 4183 895 4238 pauperes
933 4170 1233 4239 eripuistis,
1287 4186 1617 4242 omnemque
1663 4173 1880 4228 illorum
1928 4177 2023 4229 bo-

452 4274 576 4310 num
607 4273 754 4326 spem
776 4260 1134 4328 praecidistis:
1168 4275 1329 4330 quam
1361 4262 1432 4316 oh
1457 4278 1680 4318 causam
1701 4264 1822 4318 belli
1857 4265 2021 4334 hujus

450 4348 835 4403 contritionem
853 4349 1114 4404 adversus
1132 4366 1226 4406 vos
1245 4354 1590 4408 concitastis.
1621 4354 1751 4421 Cur,
1781 4356 1864 4410 vel
1885 4373 2023 4425 quo-

451 4439 659 4494 modo?
692 4458 710 4491 ι
753 4439 1044 4511 Propterea
1076 4443 1244 4498 duces
1280 4445 1463 4514 populi
1491 4446 1594 4500 mei
1626 4446 1918 4515 ejicicntur
1955 4463 2020 4503 ex

450 4531 656 4587 aedibus
682 4533 999 4588 deliciarum
1036 4551 1279 4602 suarum,
1309 4548 1529 4608 propter
1559 4541 1728 4594 malas
1763 4541 2023 4597 adiuven-

451 4624 627 4678 tioucs
660 4639 790 4680 suas
809 4625 968 4694 ejecti
1001 4634 1149 4682 sunt.
1187 4647 1206 4678 ι
1240 4626 1439 4682 Cuncti
1471 4630 1564 4698 qui
1610 4631 1907 4700 principari
1940 4632 2020 4685 vi-

2135 3468 2154 3501 ‹
2196 3451 2304 3502 Καὶ
2326 3447 2633 3519 ἔμπροσθεν
2655 3450 2683 3500 ὁ
2711 3447 2838 3510 λαός
2871 3465 2968 3518 μου
2994 3450 3072 3510 είς
3092 3447 3289 3518 ἔχθραν
3318 3449 3548 3518 ἀντέστη
3576 3466 3716 3502 κατ-

2129 3540 2308 3593 έναντι
2341 3541 2437 3609 τῆς
2471 3539 2692 3610 εἰρήνης
2719 3539 2902 3591 αὑτοῦ.
2934 3557 2954 3592 ι
2994 3539 3179 3610 Ὑμεῖς
3203 3540 3261 3593 δὲ
3286 3539 3490 3594 ἄνωθεν
3511 3540 3716 3612 ἔχθραν

2129 3633 2248 3685 τινὰ
2272 3632 2366 3685 καὶ
2389 3630 2652 3700 πολεμίαν
2680 3629 2904 3700 γνώμην
2923 3630 3128 3684 εἵλεσθέ
3154 3631 3288 3702 πρὸς
3319 3631 3438 3701 ἐμὲ,
3458 3631 3715 3686 πείθεσθε

2133 3725 2231 3794 μὲν
2253 3726 2364 3786 τοῖς
2395 3721 2707 3792 λεγομένοις
2731 3721 2830 3774 οὐκ
2861 3721 3151 3785 ἐθέλοντες,
3177 3721 3538 3792 πολεμοῦντες
3560 3723 3616 3775 δὲ
3642 3727 3712 3794 τῇ

2129 3816 2304 3886 οἰκείᾳ
2320 3817 2509 3886 εἰρήνῃ
2539 3813 2735 3884 μᾶλλον
2761 3815 2903 3884 ἥπερ
2930 3814 3102 3885 ἑτέρῳ
3123 3813 3222 3882 τῆς
3249 3813 3377 3881 γοῦν
3427 3813 3715 3878 ἀπειθείας

2128 3908 2224 3977 τῆς
2262 3906 2470 3959 ἑαυτῶν
2511 3906 2699 3974 κέρδος
2739 3905 2996 3976 εἰλήφατε
3045 3906 3134 3958 τὸν
3177 3905 3416 3974 παρόντα
3452 3907 3712 3977 πόλεμον.

2135 4016 2153 4048 ς
2185 3997 2292 4068 Τὴν
2319 3996 2480 4067 δοράν
2512 3995 2676 4049 αὐτοῦ
2707 3995 2998 4064 ἐξέδειραν,
3026 3995 3120 4048 τοῦ
3165 3996 3454 4065 ἀφελέσθαι
3495 3998 3709 4065 ἐλπίδα,

2131 4088 2463 4159 συντριμμὸν
2497 4088 2753 4159 πολέμου.
2783 4107 2799 4138 ι
2825 4088 3007 4140 Πάντα
3038 4087 3108 4140 τά
3141 4089 3395 4157 περιόντα
3411 4092 3523 4152 τοῖς
3544 4090 3714 4160 πένη-

2132 4196 2216 4232 σιν
2245 4179 2568 4250 ἀφῃρεῖσθε,
2593 4179 2686 4232 καὶ¹
2719 4181 2899 4232 πᾶσαν
2928 4177 3108 4231 αὐτῶν
3142 4178 3351 4249 ἀγαθὴν
3382 4176 3710 4245 ἐξεκόπτετε

2129 4271 2346 4326 ἐλπίδα·
2381 4271 2519 4342 ὑπὲρ
2545 4267 2618 4324 ὧν
2656 4271 2720 4342 δὴ
2752 4270 2847 4324 τοῦ
2879 4271 3146 4339 παρόντος
3187 4271 3422 4340 πολέμου
3449 4271 3550 4341 τὴν
3577 4288 3712 4325 συν-

2128 4362 2320 4434 τριὸήν
2354 4363 2476 4416 καθ’
2511 4361 2720 4416 ἑαυτῶν
2765 4363 3115 4432 κεκινήκατε.
3164 4363 3285 4425 Πῶς
3331 4363 3426 4416 καὶ
3465 4362 3586 4416 τίνα
3614 4364 3713 4416 τὸν

2128 4454 2352 4525 τρόπονς
2382 4473 2400 4505 ι
2429 4453 2526 4507 Διά
2555 4453 2713 4506 τοῦτο
2738 4455 2786 4507 οί
2812 4453 3105 4524 ἡγούμενοι
3131 4453 3224 4506 τοῦ
3251 4453 3380 4506 λαοῦ
3406 4470 3506 4523 μου
3527 4455 3712 4526 ἀπορ-

2131 4547 2450 4616 ριφήσονται
2510 4548 2574 4598 ἐκ
2613 4545 2721 4598 τῶν
2773 4545 2959 4599 οἰκιῶν
3008 4545 3220 4616 τρυφῆς
3275 4546 3473 4598 αὐτῶνο
3505 4545 3596 4600 διὰ
3639 4547 3712 4601 τά

2129 4637 2346 4707 πονηρὰ
2375 4636 2777 4707 ἐπιτηδεύματα.
2804 4636 2985 4689 αὐτῶν
3016 4635 3350 4706 ἐξώσθησαν.
3389 4654 3406 4688 ι
3435 4637 3710 4701 ’Ἅπαντες

448 4714 646 4768 dentur
683 4716 857 4770 suain
889 4719 1145 4786 p0pulum
1173 4719 1564 4785 dominatione,
1594 4727 1648 4773 et
1671 4721 1725 4774 in
1756 4737 2020 4790 pauperes

2129 4727 2232 4798 γὰρ
2261 4729 2310 4780 οἱ
2341 4727 2591 4799 ἐξάρχειν
2627 4727 2910 4791 δοκοῦντες
2941 4728 3029 4781 διὰ
3062 4727 3159 4798 τὴν
3199 4727 3512 4780 δυναστείαν
3540 4728 3598 4780 ἐν
3627 4728 3709 4798 τῷ

447 4807 754 4876 iniquitate,
781 4808 1070 4875 ejicientur
1091 4809 1343 4865 domibus
1366 4810 1421 4863 in
1457 4811 1660 4878 quibus
1682 4812 2018 4867 deliciaban-

445 4908 552 4962 tur,
586 4900 676 4954 ubi
707 4899 970 4971 plurimas
1017 4914 1315 4968 pauperum
1363 4916 1494 4970 opes
1525 4913 2014 4970 coacervaverant;

441 4999 496 5046 et
537 4992 678 5046 hanc
729 4992 989 5062 nequitia:
1022 5007 1134 5046 sua:
1164 4997 1379 5062 poenam
1433 4995 1605 5056 luent,
1637 4995 1782 5064 quod
1830 5010 2016 5050 earum

441 5102 621 5140 rerum
645 5101 908 5157 possessu
929 5086 1202 5149 excident,
1227 5101 1364 5154 quas
1409 5086 1614 5154 injuste
1639 5089 2016 5145 obtinuerant.

441 5175 582 5241 Quid
639 5177 814 5248 ergo?
862 5195 881 5228 ι
946 5176 1314 5248 Propiuquate
1375 5177 1654 5233 motibus
1699 5179 1946 5235 mternis.
1991 5197 2008 5230 ι

442 5270 616 5342 Surge
672 5283 725 5328 et
784 5273 1159 5345 proﬁciscere,
1211 5273 1341 5344 quia
1399 5289 1506 5329 non
1539 5275 1626 5330 hic
1671 5275 1766 5330 tibi
1796 5276 2014 5346 requies

443 5376 664 5433 propter
713 5365 1116 5420 immunditiam
1175 5381 1186 5415 :
1233 5365 1478 5431 corrupti
1537 5366 1665 5423 estis
1689 5367 2008 5438 putredine:

445 5450 683 5522 fugistis.
757 5456 974 5510 nemine
1057 5465 1434 5526 persequente.
1487 5450 1655 5508 Vobis
1715 5456 1897 5523 itaque
1951 5471 2018 5510 ne

445 5543 718 5610 pugnandi
739 5544 958 5610 quidem
985 5545 1250 5599 adversus
1279 5547 1474 5599 hostes
1497 5551 1791 5612 prmtextus
1824 5560 2018 5614 super-

441 5645 491 5683 et
508 5631 566 5694 it,
597 5631 856 5700 quoniam
882 5631 968 5688 his
990 5649 1019 5686 a
1035 5633 1144 5690 Deo
1164 5635 1237 5689 οι)
1255 5634 1558 5705 nequitiam
1577 5642 1810 5687 vestram
1836 5636 2016 5689 traditi

444 5719 644 5778 fuistis.
679 5718 1102 5776 Proﬁciscimini
1129 5738 1259 5791 ergo
1283 5725 1349 5778 ad
1404 5723 1640 5776 hostium
1669 5723 1824 5782 lines.
1876 5739 2016 5793 quos

2124 4817 2240 4886 λαῷ
2269 4817 2410 4888 ὑπὲρ
2439 4819 2536 4887 τῆς
2565 4820 2644 4880 είς
2683 4819 2808 4880 τοὺς
2831 4818 3065 4888 πένητας
3094 4818 3326 4882 ἀδικίας,
3366 4816 3708 4890 ὲξωσθήσον-

2123 4924 2213 4961 ται
2244 4907 2352 4961 τῶν
2379 4908 2543 4960 οἴκων
2576 4903 2661 4970 οἷς.
2681 4908 3010 4978 ἐνετρύφων,
3040 4906 3270 4961 πλοῦτον
3303 4910 3366 4961 ἐκ
3397 4908 3504 4962 τῶν
3539 4911 3709 4980 πενή-

2122 5017 2231 5052 των
2289 4999 2637 5066 συλλέγοντες
2691 5000 2941 5053 πλεῖστον
2964 5017 2977 5031 ’
3016 4999 3092 5070 (p.
3131 5001 3262 5069 273)
3311 5001 3364 5054 οἵ
3411 5000 3504 5055 καὶ
3547 5000 3708 5066 δίκας

2121 5092 2218 5161 τῆς
2260 5090 2538 5161 μοχθηρᾶς
2588 5090 2838 5161 πράξεως
2890 5091 3141 5152 δώσουσι,
3175 5092 3238 5143 τὸ
3287 5091 3393 5156 ἔξω
3446 5089 3706 5159 γενέσθαι

2120 5181 2324 5234 τούτων
2355 5179 2691 5244 δεσποτείας,
2721 5179 2764 5233 ἃ.
2785 5180 2971 5243 κακῶς
2999 5182 3462 5251 προσεκτήσαντο.
3491 5179 3554 5231 Τί
3574 5176 3702 5242 οὗν;

2127 5291 2146 5322 ‹
2192 5271 2476 5339 Ἐγγίσατε
2513 5270 2697 5340 ὄρεσιν
2745 5269 3004 5329 αἰωνίοις.
3044 5289 3064 5320 ι
3117 5271 3406 5342 Ἀνάστηθι
3457 5270 3552 5324 καὶ
3603 5288 3706 5324 πο-

2123 5356 2302 5426 ρεύου,
2335 5357 2418 5410 ὅτι
2445 5357 2544 5410 οὐκ
2585 5356 2700 5409 ἔστι
2731 5373 2812 5410 σοι
2842 5357 2983 5427 αῦτη
3016 5358 3321 5422 ἀνάπαυσις
3348 5360 3534 5413 biens»)
3563 5362 3705 5414 ἀκα-

2115 5447 2376 5519 θαρσίας·
2411 5447 2740 5519 διεφθάρητε
2790 5447 2995 5520 φθορᾷο
3034 5449 3453 5520 κατεδιὼχθητε,
3486 5449 3704 5513 οὐδενὸς

2113 5539 2418 5602 διώκοντος.
2451 5540 2560 5608 Οὐχ
2606 5538 2989 5594 ὑπολέλειπται
3023 5541 3200 5594 τοίνυν
3251 5541 3378 5609 ὑμῖν
3433 5523 3554 5592 οῦδὲ
3590 5542 3698 5608 μάλ

2115 5649 2215 5700 χης
2255 5632 2389 5699 πρὸς
2417 5632 2544 5693 τοὺς
2570 5631 2860 5700 πολεμίους
2895 5633 3187 5703 πρόφασις,
3215 5633 3317 5685 ὑπὸ
3350 5631 3487 5684 Θεοῦ
3515 5649 3702 5701 παρα-

2115 5721 2416 5790 δεδομένοις
2445 5721 2531 5773 διὰ
2562 5722 2659 5793 τὴν
2710 5721 3009 5793 μοχθηρίαν
3037 5725 3136 5780 τὴν
3177 5721 3382 5775 οἰκείαν
3404 5738 3418 5753 ο
3447 5721 3610 5775 ἄπιτε
3636 5723 3697 5775 δὲ
