3966 6134
384 391 487 453 359

1541 382 1903 443 τηεοοοιιι
1940 363 2429 443 ΜοΡευεετεΝι

3527 378 3640 441 3ῧῦ

384 504 638 564 debuisse
664 517 760 558 vos
789 501 1032 572 apprime
1061 499 1298 556 officium
1326 506 1571 557 vestrum
1604 501 1953 568 discernere,

2064 518 2157 564 τας
2185 503 2244 555 ἐν
2275 503 2404 573 ὑμῖν
2431 501 2525 555 καὶ
2552 500 2678 564 τοὺς
2710 499 2927 563 λοιποὺς
2950 498 3143 567 λέγων,
3168 492 3251 552 δτι
3276 498 3499 556 Πάντων
3534 500 3645 572 μά-

384 596 574 651 vitium
605 591 878 654 aversari,
910 591 1169 645 virtutem
1203 590 1496 659 amplecti,
1538 591 1796 659 quoniam
1841 591 1958 645 haec

385 685 566 740 omnia
597 696 698 751 ego
729 695 823 753 vos
850 679 1142 751 docuerant
1171 687 1287 733 tum
1334 680 1468 749 legis
1519 681 1919 734 constitutione
1940 718 1955 743 ,

384 782 498 829 tum
531 771 654 825 aliis
686 784 805 839 quae
834 783 980 837 saepe
1011 768 1082 822 ob
1112 768 1261 823 hunc
1294 768 1453 823 linem
1482 768 1649 823 edixi.
1684 786 1702 820 ι
1735 766 1843 822 Vos
1869 782 1961 820 au-

383 871 491 919 tem
519 862 645 917 odio
676 862 892 915 habetis
926 861 1130 913 bonum
1152 899 1166 924 ,
1198 867 1252 914 et
1281 860 1534 930 appetitis
1562 861 1760 914 malum
1784 898 1798 925 ,
1836 858 1960 913 diri-

383 954 513 1026 pitis
532 967 727 1007 eorum
751 951 926 1021 pelles
951 952 1186 1018 desuper
1209 950 1289 1005 eis
1310 990 1324 1015 ,
1348 958 1401 1006 et
1433 964 1627 1004 carnes
1649 966 1715 1004 ex
1742 951 1959 1005 ossibus

384 1059 594 1098 eorum.
630 1061 648 1094 ι
680 1041 793 1097 Vos
838 1057 972 1097 vero
1023 1042 1364 1096 contrarium
1408 1040 1673 1095 doctrinae
1723 1052 1962 1110 acceptae

384 1134 566 1190 facitis
587 1177 600 1203 ,
634 1143 952 1190 aversantes
985 1135 1188 1189 bonum
1212 1172 1225 1196 ,
1262 1141 1644 1203 perpetrantes
1677 1133 1851 1198 mala,
1885 1141 1962 1185 to-

385 1235 608 1296 tamque
640 1235 879 1281 vestram
929 1226 984 1279 in
1030 1239 1295 1295 pauperes
1341 1223 1769 1292 humilioresque
1806 1239 1962 1277 exer-

385 1327 577 1374 centes
606 1318 951 1385 iniquitatem
971 1355 986 1380 ,
1019 1322 1253 1369 cunctas
1280 1329 1469 1368 eorum
1504 1314 1844 1369 multimodis
1874 1313 1960 1369 di-

384 1409 638 1479 ripiendo
668 1406 982 1462 facultates.
1016 1405 1160 1472 Quid
1191 1405 1363 1476 ergo?
1392 1423 1411 1456 ι
1442 1403 1600 1459 Sicut
1634 1406 1823 1474 populi
1855 1404 1961 1459 mei

385 1514 580 1557 carnes
632 1499 1025 1566 comederunt,
1074 1509 1127 1552 et
1171 1498 1342 1568 pelles
1381 1498 1432 1551 ei
1478 1496 1872 1559 detraxerunt,
1909 1504 1962 1550 et

386 1607 514 1647 ossa
542 1591 1014 1655 comminuerunt,
1043 1597 1097 1645 et
1125 1591 1488 1645 conciderunt
1512 1593 1654 1645 sicut
1679 1606 1875 1645 carnes
1906 1590 1961 1644 in

383 1665 593 1742 lchtc.
628 1690 681 1736 et
715 1683 859 1737 sicut
885 1697 1107 1737 carnem
1154 1683 1210 1736 in
1239 1683 1347 1735 olla
1375 1699 1390 1735 :
1439 1683 1521 1737 sic
1566 1682 1634 1735 ad
1668 1681 1959 1736 Dominum

384 1771 732 1837 clamabunt,
781 1772 875 1840 qui
922 1787 1029 1824 non
1077 1770 1333 1825 exaudiet
1367 1763 1494 1834 eos,
1529 1778 1845 1840 avertetque
1878 1769 1961 1824 fa-

2058 594 2215 646 λιστα
2250 594 2396 663 ὑμᾶς
2428 592 2594 663 ἐχρῆν
2622 591 2919 662 διακρίνειν
2958 590 3019 643 τδ
3050 590 3203 655 δέον,
3238 589 3331 643 καὶ
3368 589 3645 662 ἀποστρέ-

2061 680 2255 749 φεσθαι
2288 681 2386 751 μὲν
2417 681 2476 734 τὸ
2502 676 2704 752 χεῖρον,
2740 678 3014 750 αἱρεῖσθαι
3054 678 3111 731 δὲ
3139 680 3198 731 τδ
3230 680 3476 750 κρεῖττον
3497 717 3512 742 ,
3542 678 3641 733 ἅτε

2059 772 2314 847 ἁπάντων
2349 772 2447 841 μὲν
2477 771 2634 826 τοῦτο
2681 771 2813 842 παρ’
2840 769 2975 849 ἐμοῦ
3007 769 3405 841 δεδιδαγμένων
3445 769 3537 824 διά
3577 787 3642 823 τε

2058 842 2163 933 τῆς
2199 865 2428 935 νομικῆς
2477 863 2773 928 διατάξεως
2814 844 2906 916 καὶ
2947 861 3056 916 τῶν
3096 858 3331 927 λοιπῶν,
3362 861 3536 915 ὁπόσα
3574 860 3644 932 δὴ

2061 954 2198 1025 πρὸς
2240 955 2398 1007 τοῦτο
2439 950 2714 1026 πεποίηκα
2746 951 3028 1018 πολλάκις,
3070 952 3146 1025 (p.
3178 952 3313 1027 276)¹
3339 952 3434 1007 ἐπὶ
3464 951 3643 1023 τούτῳ

2060 1046 2117 1098 δὲ
2150 1044 2371 1098 καὶτῶν
2395 1046 2673 1116 ἀρχόντων
2694 1048 2772 1110 είς
2793 1048 2890 1119 τὴν
2913 1047 3165 1116 ἐξουσίαν
3186 1043 3643 1119 παρεληλυθότων

2060 1136 2286 1206 ταύτην.
2322 1156 2339 1188 ι
2373 1138 2436 1189 Οἱ
2465 1137 2509 1190 δ’
2539 1137 2619 1190 ἔτι
2644 1138 2926 1209 μισοῦντες
2952 1138 3021 1193 τά
3042 1138 3203 1201 καλὰ,
3229 1137 3322 1192 καὶ
3352 1136 3644 1210 ζητοῦντες

2060 1226 2128 1280 τὰ
2152 1226 2382 1298 πονηρὰ,
2407 1227 2744 1298 ἁρπάζοντες
2762 1229 2832 1283 τά
2851 1230 3094 1302 δέρματα
3117 1229 3294 1283 αὐτῶν
3310 1227 3418 1282 ἀπὸ
3440 1228 3640 1293 αὐτῶν,

2062 1318 2282 1382 καὶτὰς
2325 1319 2535 1390 σάρκας
2566 1319 2745 1374 αὐτῶν
2789 1321 2896 1375 ἀπὸ
2924 1321 3039 1375 τῶν
3069 1321 3242 1375 ὀστῶν
3276 1319 3473 1375 αὐτῶν.
3516 1340 3535 1373 ι
3574 1321 3643 1374 Οἱ

2060 1408 2117 1460 δὲ
2144 1409 2454 1462 τούναντίον
2486 1403 2560 1464 ὧν
2585 1410 2899 1483 ἐδιδάχθητε
2931 1409 3347 1482 διαπράττεσθε,
3374 1412 3646 1483 ἀποστρε-

2063 1498 2285 1568 φόμενοι
2331 1500 2429 1569 μὲν
2459 1501 2529 1553 τὰ
2552 1501 2693 1554 καλά
2713 1541 2727 1566 ,
2757 1501 3114 1574 ἐργαζόμενοι
3136 1499 3194 1556 δὲ
3231 1501 3300 1556 τὰ
3328 1501 3517 1573 χείρω,
3547 1501 3644 1555 καὶ

2066 1590 2245 1643 πᾶσαν
2275 1591 2355 1653 είς
2380 1591 2503 1654 τοὺς
2526 1591 2768 1663 πένητάς
2789 1609 2849 1645 τε
2874 1594 2971 1646 καὶ
2989 1593 3400 1664 εὐτελεστέρους
3428 1592 3643 1646 ἀδικίαν

2064 1680 2495 1752 ἐπιδεικνύμενοι
2518 1680 2595 1754 τῷ
2626 1684 2805 1737 πάντα
2845 1683 2914 1738 τὰ
2952 1685 3225 1756 προσόντα
3252 1686 3434 1747 αὐτοῖς
3473 1684 3643 1752 ἀφαι-

2067 1770 2276 1839 ρεῖσθαι
2320 1771 2599 1835 ποικίλως.
2629 1773 2694 1826 Τί
2723 1768 2815 1828 οὗν
2843 1790 2857 1841 ;
2903 1793 2922 1825 ι
2965 1777 3063 1828 Ὃν
3101 1776 3300 1846 τρόπον
3332 1774 3643 1843 κατέφαγον

383 1861 521 1914 ciem
552 1876 705 1914 suam
736 1862 804 1914 ab
836 1861 971 1929 ipsis
999 1868 1245 1929 tempore
1271 1860 1361 1913 illo
1382 1899 1395 1924 ,
1423 1861 1682 1930 quoniam
1712 1863 1961 1930 nequiter

2064 1860 2162 1924 τὰς
2190 1861 2399 1931 σάρκας
2423 1863 2516 1916 τοῦ
2547 1863 2675 1917 λαοῦ
2709 1883 2836 1935 μου,
2861 1867 2952 1920 καὶ
2982 1867 3048 1921 τὰ
3073 1868 3316 1941 δέρματα
3338 1860 3517 1921 αὐτῶν
3545 1867 3644 1921 ἀπ’

382 1958 612 2019 egerunt
639 1951 693 2002 in
722 1950 1203 2004 adinventionibus
1230 1948 1368 2004 suis.
1394 1969 1414 2000 ›
1446 1949 1585 2016 Quia
1616 1965 1732 2013 vos,
1765 1951 1963 2020 inquit,

383 2035 570 2087 omnia
610 2036 947 2104 pauperibus
985 2036 1308 2106 eripuistis,
1347 2036 1496 2092 varie
1535 2038 1659 2093 illos
1703 2038 1967 2093 fraudan-

382 2130 502 2187 tes,
563 2126 935 2193 Opprimentes
989 2136 1153 2196 atque
1206 2136 1589 2193 conterentes,
1651 2131 1774 2185 ideo
1822 2129 1964 2185 facta

385 2211 627 2273 hostium
667 2214 986 2269 incursione
1018 2214 1345 2272 invocabitis
1374 2219 1595 2288 quidem
1632 2220 1966 2276 necessitate

385 2312 667 2371 premente
698 2303 865 2359 Deum
888 2345 901 2369 ,
938 2306 1148 2360 nullum
1185 2315 1366 2362 tamen
1402 2310 1768 2379 impetrabitis
1799 2311 1869 2365 ab
1895 2325 1960 2365 eo

388 2394 696 2447 auxilium:
733 2395 842 2448 imo
874 2412 941 2450 ne
973 2398 1249 2466 respicere
1278 2399 1498 2467 quidem
1544 2415 1642 2456 vos
1686 2401 1862 2465 volet,
1905 2409 1962 2456 et

386 2483 723 2541 instantibus
781 2482 1006 2541 omnino
1065 2489 1225 2543 malis
1283 2490 1617 2555 contradet,
1676 2499 1961 2561 propterea

386 2578 530 2646 quod
569 2585 678 2630 tam
711 2577 933 2649 indigna
953 2619 969 2645 ,
1001 2588 1222 2649 tamque
1253 2582 1412 2650 plena
1440 2581 1725 2649 iniustitia:
1750 2573 1963 2652 operari

385 2683 484 2723 vos
529 2671 800 2740 cognovit.
851 2670 970 2725 lam
1019 2682 1308 2743 postquam
1355 2673 1492 2727 dixit
1542 2690 1664 2743 quae
1695 2675 1962 2742 fecerint,

390 2757 548 2827 182
577 2769 631 2814 et
659 2774 779 2830 quae
807 2761 917 2815 sint
945 2770 1229 2832 propterea
1254 2765 1507 2834 passuri,
1531 2765 1660 2835 quia
1693 2766 1960 2823 falsorum

384 2851 775 2921 prophetarum
794 2854 976 2909 verbis
1000 2855 1373 2920 crediderunt,
1389 2864 1579 2911 contra
1604 2858 1753 2927 ipsos
1779 2858 1962 2914 denuo

385 2940 555 2996 falsos
584 2944 877 3011 prophetas
907 2960 1215 3000 sermonem
1248 2948 1550 3012 convertit,
1584 2957 1637 3002 et
1669 2950 1777 3005 ait:

2062 1952 2243 2005 αὐτῶν
2268 1952 2562 2025 ἐξέδειραν,
2595 1958 2690 2010 καὶ
2717 1956 2784 2011 τὰ
2809 1959 2944 2013 ὀστᾶ
2969 1960 3146 2013 αὐτῶν
3172 1959 3522 2025 συνέθλασαν,
3549 1960 3645 2013 καὶ

2063 2043 2324 2112 ἐμέρισαν
2354 2045 2429 2108 ὡς
2463 2048 2673 2117 σάρκας
2719 2049 2800 2112 είς
2846 2045 3083 2121 λέϐητα,
3134 2052 3226 2103 καὶ
3268 2051 3343 2115 ῶς
3374 2051 3513 2123 κρέα
3562 2053 3646 2113 εἰς

2063 2134 2265 2205 χύτραν
2290 2177 2305 2202 ,
2343 2135 2517 2201 οὕτως
2565 2140 2924 2211 κεκράξονται
2960 2142 3097 2213 πρὸς
3133 2142 3337 2214 Κύριον
3362 2182 3377 2208 ,
3414 2144 3508 2196 καὶ
3539 2145 3647 2197 οὐκ

2063 2225 2443 2285 εἰσακούσεται
2489 2229 2688 2293 αὐτῶν,
2732 2232 2828 2285 καὶ
2875 2233 3210 2305 ἀποστρέψει
3248 2234 3309 2287 τὸ
3350 2235 3644 2306 πρόσωπον

2066 2311 2230 2366 αὑτοῦ
2264 2316 2358 2368 ἀπ’
2402 2317 2580 2372 αὐτῶν
2609 2320 2667 2371 ἐν
2701 2321 2780 2391 τῷ
2811 2323 2986 2395 καιρῷ
3016 2326 3237 2396 ἐκείνῳ,
3266 2326 3381 2379 ἀνθ’
3408 2320 3482 2380 ὧν
3509 2331 3644 2383 ἐπο-

2068 2405 2398 2475 νηρεύσαντο
2450 2411 2508 2462 ἐν
2556 2414 2666 2475 τοῖς
2723 2414 3151 2485 ἐπιτηδεύμασιν
3192 2417 3372 2471 αὐτῶν
3412 2419 3498 2493 ἐπ’
3538 2422 3646 2475 αύ-

2068 2482 2200 2560 τοῖς.
2244 2515 2263 2548 ι
2310 2499 2523 2572 Ἐπειδὴ
2560 2501 2698 2573 γὰρ,
2741 2482 2941 2574 φησὶν,
2986 2482 3145 2577 ύμεῖς
3192 2509 3371 2563 πάντα
3417 2486 3484 2564 τά
3532 2511 3647 2563 τῶν

2071 2588 2318 2657 πενήτων
2348 2590 2666 2661 ἀφῃρεῖσθε,
2699 2596 2961 2661 ποικίλως
2989 2598 3183 2662 αὐτοὺς
3214 2599 3522 2664 ἀδικοῦντες
3549 2605 3649 2657 καὶ

2073 2675 2331 2749 ἄρχοντες
2355 2684 2449 2736 καὶ
2478 2686 2876 2758 συντρίϐοντες,
2902 2690 2990 2745 διὰ
3012 2690 3169 2746 τοῦτο
3194 2694 3292 2764 τῆς
3320 2694 3510 2763 ἐφόδου
3535 2695 3649 2748 τῶν

2070 2774 2345 2845 πολεμίων
2369 2780 2697 2852 γιγνομένης
2723 2784 2985 2837 καλέσετε
3015 2786 3113 2857 μὲν
3143 2788 3247 2841 ὑπὸ
3273 2790 3373 2858 τῆς
3398 2789 3650 2860 ἀνάγκης

2066 2864 2155 2917 τὸν
2182 2865 2335 2933 Θεὸν,
2369 2869 2626 2941 οὐδεμιᾶς
2645 2873 2701 2925 δέ
2728 2874 2983 2943 τεύξεσθε
3009 2878 3109 2949 τῆς
3132 2880 3340 2933 ἐκεῖθεν
3369 2881 3646 2953 βοηθείαςο

2054 2957 2189 3011 ἀλλά
2233 2960 2330 3029 μὲν
2380 2962 2429 3013 εί
2488 2964 2623 3034 μηδὲ
2685 2967 3046 3036 προσϐλέπειν
3099 2972 3228 3041 ύμῖν
3277 2968 3648 3044 αἱρούμενος,

386 3032 662 3096 παντελῶς
692 3034 748 3086 δὲ
777 3038 889 3097 τοῖς
917 3035 1235 3105 κατέχουσιν
1263 3032 1503 3101 ἐκδιδοὺς
1527 3043 1734 3105 κακοῖς,
1777 3042 1960 3116 ἐπειδὴ
2020 3048 2246 3104 τοιαῦτα
2280 3052 2454 3105 ἄτοπα
2492 3032 2589 3107 καὶ
2648 3032 2880 3131 τοσαύτη

2887 3078 2914 3123 ς
2973 3060 3203 3127 ἀδικίας
3219 3065 3392 3134 μεστά
3434 3084 3655 3139 πεπρα-

386 3124 504 3194 χόσι
534 3124 613 3195 (p.
638 3126 763 3192 277)
792 3126 1219 3230 σύνοιδενιύμτνο
1248 3130 1489 3201 εἰρηκὼς
1532 3132 1589 3185 δὲ
1614 3133 1650 3187 ἆ
1702 3152 1761 3188 τε
1795 3136 2081 3208 ἔπραττον,
2118 3144 2212 3197 καὶ
2252 3144 2288 3198 ἃ
2333 3136 2629 3204 ’πείσονται
2683 3151 2822 3223 ὑπὲρ
2869 3124 3108 3222 τούτων,
3149 3124 3259 3222 τοίς
3297 3158 3406 3211 τῶν
3456 3124 3652 3230 ψεύδο-

388 3218 680 3289 προφητῶν
708 3219 1132 3283 πεπιστευκότες
1169 3221 1369 3290 λόγοις,
1411 3224 1498 3276 ἐπ’
1543 3226 1741 3291 αὐτοὺς
1772 3230 1935 3284 πάλιν
1965 3236 2091 3300 τοὺς
2125 3235 2574 3312 ψευδοπροφήτας
2610 3218 2801 3315 τρέπεί
2832 3246 2921 3299 τὸν
2960 3218 3147 3316 λόγον,
3183 3218 3276 3302 καί
3306 3267 3465 3321 φησι·

461 3306 622 3366 Vens.
657 3310 856 3364 5-7.—
885 3333 903 3364 ι
932 3312 1057 3369 Haec
1087 3313 1222 3367 dicit
1253 3313 1515 3371 Dominus
1538 3333 1703 3388 super
1727 3323 1959 3390 propheo

2133 3329 2281 3399 Στίχ.
2316 3306 2553 3396 ἐκεῖ..
2591 3353 2611 3385 ι
2645 3306 2785 3388 ίΐάδε
2814 3336 2962 3406 λέγει
3004 3306 3208 3411 Ιξύρίος
3239 3306 3332 3394 ἐπί
3361 3306 3483 3406 τοὺς
3514 3359 3657 3415 προ-

385 3408 507 3465 tas,
553 3402 645 3472 qui
689 3403 958 3460 seducunt
998 3407 1257 3477 populum
1305 3424 1523 3474 meum,
1582 3411 1673 3481 qui
1714 3415 1965 3469 mordent

2071 3421 2246 3491 φήτας
2266 3423 2391 3486 τοὺς
2421 3423 2737 3492 πλανῶντας
2765 3427 2855 3482 τὸν
2891 3429 3017 3483 λαόν
3053 3448 3175 3501 μου.
3203 3434 3328 3495 τοὺς
3352 3433 3655 3500 δάκνοντας

385 3491 639 3548 dentibus
667 3494 783 3549 suis
806 3533 822 3558 ,
855 3502 908 3550 et
938 3497 1235 3564 praedicant
1271 3498 1353 3553 eis
1397 3515 1586 3568 pacem
1612 3519 1626 3567 ;
1669 3505 1821 3572 atqui
1853 3504 1961 3559 haec

2067 3513 2125 3565 ἐν
2156 3517 2269 3578 τοῖς
2300 3514 2512 3571 ὀδοῦσιν
2546 3519 2747 3584 αὐτῶν,
2794 3523 2888 3575 καὶ
2921 3522 3295 3593 κηρύσσοντας
3331 3527 3417 3579 ἐπ’
3460 3527 3655 3591 αὐτοῖς

386 3583 579 3637 tradita
607 3599 715 3639 non
743 3593 828 3641 est
858 3585 938 3640 ori
974 3602 1189 3642 eorum.
1216 3588 1383 3644 iHazc
1404 3591 1471 3645 de
1496 3590 1650 3648 falsis
1681 3595 1967 3664 prophetis

386 3672 521 3727 dicit
552 3675 720 3740 Deus,
751 3677 843 3747 qui
876 3678 1235 3734 multifariam
1268 3678 1556 3739 fraudibus
1589 3685 1849 3754 populum
1891 3687 1962 3742 ab

389 3765 618 3821 honesto
641 3766 991 3834 abducentes,
1014 3784 1138 3824 eum
1164 3772 1559 3841 propemodum
1585 3783 1782 3829 vorant
1812 3773 1963 3831 fabu-

386 3854 682 3913 lationibus
725 3858 842 3913 suis
880 3866 932 3912 et
961 3861 1177 3916 actibus
1198 3902 1212 3926 ,
1245 3862 1315 3916 ad
1340 3878 1403 3918 ea
1437 3864 1563 3920 illos
1596 3876 1962 3935 provocantes

384 3963 622 4019 quorum
656 3966 823 4007 causa
870 3953 1141 4023 punitioni
1176 3954 1305 4009 fient
1346 3956 1590 4011 obnoxii.
1629 3958 1966 4015 Constanter

387 4049 565 4096 autem
596 4058 779 4112 pacem
815 4046 922 4100 illis
951 4047 1311 4112 nuntiabant,
1340 4057 1393 4103 et
1429 4050 1576 4120 quod
1610 4062 1961 4120 peccatorum

390 4145 614 4185 suorum
668 4147 836 4187 causa
893 4133 1025 4187 nihil
1079 4135 1209 4188 mali
1267 4134 1446 4190 forent
1500 4138 1752 4206 passuri,
1813 4139 1964 4208 iuxta

388 4220 553 4274 vei-ha
584 4224 991 4291 prophetarum.
1026 4222 1133 4279 Sed
1160 4226 1308 4280 enim
1337 4225 1483 4280 haud
1516 4227 1731 4283 sincera
1779 4238 1964 4285 mente

389 4310 709 4380 loquentes,
756 4328 942 4382 pacem
994 4330 1170 4369 meam
1211 4317 1577 4382 nuntiabant,
1624 4334 1787 4389 quam
1835 4337 1961 4391 pro-

388 4402 607 4458 mittere
635 4403 811 4458 edocti
842 4419 872 4457 a
899 4419 985 4459 me
1017 4420 1123 4459 non
1156 4405 1393 4462 fuerant.
1428 4408 1585 4464 Unde
1608 4409 1740 4466 quid
1769 4412 1961 4466 confeo

387 4494 621 4572 serunt?
645 4512 664 4547 ι
692 4493 1178 4552 Sanctificaverunt
1204 4515 1371 4569 super
1397 4514 1495 4556 eos
1521 4493 1744 4556 belTum.
1772 4521 1792 4555 ι
1818 4501 1956 4557 Dum

389 4601 575 4656 parem
620 4588 909 4652 nuntiant,
956 4588 1159 4644 bellum
1212 4592 1318 4662 ipsi
1368 4594 1756 4661 concitarunt,
1812 4596 1955 4664 quod

2067 3605 2289 3676 είρήνην
2308 3624 2321 3637 ⁸
2354 3609 2448 3661 καὶ
2473 3610 2573 3663 ούκ
2601 3610 2753 3683 ἐδόθη
2785 3615 2873 3676 εἰς
2889 3613 2950 3667 τὸ
2971 3616 3144 3685 στόμα
3165 3616 3364 3672 αὐτῶν.
3395 3635 3413 3668 ι
3460 3617 3658 3673 Ταῦτα

2066 3693 2141 3761 δὲ,
2164 3699 2316 3768 φησὶ,
2339 3700 2467 3772 περὶ
2492 3702 2596 3755 τῶν
2619 3702 3080 3777 ψευδοπροφητῶν
3109 3707 3259 3777 λέγει
3284 3708 3436 3775 Θεὸς,
3460 3709 3509 3763 οἳ
3537 3710 3657 3764 διει-

2067 3786 2247 3857 φόρως
2271 3792 2390 3855 ταῖς
2415 3792 2625 3846 ἑαυτῶν
2654 3795 2891 3859 ἀπάταις
2910 3797 3193 3866 ἐξάγοντες
3216 3798 3309 3852 τοῦ
3345 3803 3658 3871 προσηκον·

2065 3894 2155 3941 τος
2192 3880 2283 3932 τὸν
2311 3879 2460 3947 λαὸν,
2500 3888 2780 3957 μονονουχὶ
2829 3888 3119 3959 κατήσθιον
3159 3890 3355 3955 αὐτοὺς
3385 3892 3539 3945 αὐτοὶ
3578 3892 3655 3947 δι’

2063 3961 2138 4021 ὧν
2158 3967 2341 4039 ἔλεγόν
2362 3990 2421 4025 τε
2446 3975 2540 4028 καὶ
2561 3975 2846 4048 ἔπραττον,
2872 3980 2964 4033 ἐπὶ
2985 3980 3153 4035 ταῦτα
3174 3983 3368 4047 αὐτοὺς
3389 3984 3659 4038 ἐκκαλού-

2069 4076 2217 4129 μενοι
2250 4062 2391 4133 ύπὲρ
2418 4056 2493 4118 ὧν
2520 4065 2619 4137 τὴν
2647 4069 2914 4141 τοσαύτην
2945 4071 3179 4145 ἤμελλον
3198 4073 3446 4144 δέχεσθαι
3471 4074 3656 4146 τιμῖω-

2066 4149 2189 4220 ρίαν
2209 4164 2222 4177 ·
2253 4151 2522 4207 διετέλουν
2551 4156 2659 4228 γὰρ
2692 4160 2918 4230 εἰρήνην
2947 4162 3130 4225 αὐτοῖς
3160 4163 3652 4236 ἐπαγγελλόμενοι,

2066 4239 2160 4292 καὶ
2193 4240 2267 4305 ὡς
2292 4243 2443 4296 οὐδὲν
2473 4245 2615 4317 ύπὲρ
2637 4239 2715 4304 ὧν
2741 4248 3112 4319 ἁμαρτάνουσι
3144 4252 3418 4307 πείσονται
3451 4254 3653 4319 κακὸν,

2065 4328 2204 4382 κατά
2226 4330 2293 4385 τὰ
2315 4332 2533 4403 ῥήματα
2554 4335 2661 4388 τῶν
2680 4338 2992 4409 προφητῶν
3009 4339 3178 4393 ταῦτα
3195 4341 3252 4393 δὲ
3268 4342 3326 4394 οὐ
3349 4343 3489 4396 κατά
3503 4343 3656 4411 γνὼ-

2068 4434 2174 4489 μην
2202 4419 2299 4489 τὴν
2327 4420 2464 4492 ἐμὴν
2480 4424 2875 4495 ἐπηγγέλλοντο
2896 4428 3138 4499 εἰρήνην,
3162 4431 3226 4501 ἣν
3244 4432 3344 4484 οὐκ
3366 4432 3654 4504 ἐδιδάχθη-

2067 4524 2164 4561 σαν
2198 4509 2376 4578 λέγειν
2411 4514 2539 4583 παρ’
2567 4515 2723 4585 ἐμοῦ.
2768 4516 2885 4586 Ἀφ’
2922 4512 2995 4573 ὧν
3039 4520 3101 4591 δή
3146 4539 3196 4575 τι
3238 4525 3604 4594 πεποιήκασιν
3632 4568 3648 4591 ,

2070 4618 2086 4648 ι
2138 4599 2402 4668 Ἡγίασαν
2416 4605 2517 4656 ἐπ’
2556 4605 2733 4659 αὐτῶν
2774 4608 3026 4681 πόλεμον.
3078 4629 3095 4662 ι
3149 4613 3651 4685 Ἐπαγγελλόμενοί
3732 4680 3739 4681 ί

387 4691 578 4734 contra
605 4695 701 4736 eos
747 4680 862 4736 fieri
898 4682 1246 4738 definierunt.
1280 4705 1298 4737 ι
1330 4686 1632 4757 Propterea
1667 4705 1776 4744 nox
1808 4691 1961 4744 vobis

2066 4689 2175 4762 γὰρ
2200 4692 2423 4764 εἰρήνην
2443 4733 2456 4751 ,
2492 4695 2726 4767 πόλεμον
2758 4678 2939 4765 αὐτοῖς
2969 4678 3390 4775 ἐπήγειρανξόν
3426 4678 3647 4778 ἀφώρι-

384 4786 451 4823 ex
483 4771 695 4825 visione
720 4772 853 4834 erit.
904 4780 959 4826 et
1002 4773 1242 4828 tenebrae
1284 4775 1440 4830 vobis
1469 4786 1631 4831 erunt
1655 4793 1719 4832 ex
1753 4779 1965 4833 divina-

386 4860 570 4915 tione:
605 4868 658 4914 et
686 4861 971 4915 occumbet
1002 4863 1084 4914 sol
1111 4874 1276 4931 super
1300 4865 1595 4932 prophetas
1617 4907 1629 4929 ,
1659 4876 1713 4922 et
1735 4869 1965 4923 obtenc-

385 4950 633 5004 brabitur
661 4964 827 5019 super
869 4964 965 5005 eos
1002 4950 1141 5005 dies.
1192 4950 1256 5005 Et
1294 4952 1703 5010 confundentur
1737 4958 1831 5026 qui
1879 4960 1960 5011 vi-

384 5040 517 5095 dent
545 5040 760 5096 somnia
783 5080 798 5105 ,
828 5047 882 5095 et
914 5040 1051 5094 risui
1078 5049 1245 5096 erunt
1275 5043 1469 5107 arioli,
1494 5053 1546 5099 et
1577 5045 1965 5112 obtrectab’unt

386 5131 453 5187 iis
479 5146 710 5200 omnes;
742 5133 869 5203 quia
902 5148 1013 5187 non
1043 5134 1149 5189 erit
1178 5135 1272 5205 qui
1311 5135 1435 5190 illos
1466 5137 1668 5191 audiat.
1706 5157 1724 5189 ι
1756 5139 1860 5194 Pro
1890 5156 1955 5195 eo

383 5221 528 5290 quod
558 5226 615 5276 se
643 5221 823 5278 videre
850 5232 904 5278 et
948 5222 1195 5280 divinare
1216 5265 1230 5290 ,
1280 5225 1538 5297 ponulum
1583 5226 1953 5298 decipientes,

384 5313 744 5378 simulabant,
787 5314 1029 5371 tenebris
1062 5315 1168 5384 ipsi
1218 5326 1272 5371 et
1315 5316 1398 5372 eis
1441 5318 1734 5374 credentes
1773 5320 1955 5375 cuncti

384 5404 683 5458 obruentur
710 5420 724 5457 :
755 5406 891 5463 adeo
915 5415 975 5462 ut
998 5423 1067 5463 ne
1092 5408 1174 5464 sol
1192 5409 1412 5479 quidem
1444 5410 1733 5480 splendere
1759 5412 1839 5466 eis
1870 5413 1954 5465 νὶ-

2064 4797 2164 4833 σαν
2194 4785 2274 4846 είς
2311 4784 2372 4836 τὸ
2418 4787 2536 4839 κατ’
2577 4789 2758 4842 αὐτῶν
2803 4791 3075 4860 γενέσθαι.
3130 4814 3149 4846 ι
3202 4795 3301 4849 Διά
3339 4797 3498 4850 τοῦτο
3543 4798 3650 4865 νὺξ

2064 4874 2192 4943 ὑμῖν
2239 4873 2391 4928 ἔσται
2436 4877 2493 4942 ἐξ
2533 4879 2810 4950 ὁράσεως,
2851 4883 2947 4937 καὶ⁹
2991 4885 3179 4939 σκοτία
3219 4889 3345 4958 ύμῖν
3380 4887 3532 4941 ἔσται
3574 4890 3653 4944 ἐκ

2066 4965 2350 5031 μαντείας·
2384 4968 2477 5018 καὶ
2512 4967 2730 5023 δύσεται
2764 4972 2792 5023 ὀ
2826 4973 2977 5043 ἥλιος
3016 4975 3107 5027 ἐπὶ
3149 4979 3277 5041 τοὺς
3331 4979 3648 5052 προφήτας,

2063 5057 2158 5110 καὶ
2190 5058 2518 5112 συσκοτάσει
2564 5062 2650 5114 ἐπ’
2689 5065 2887 5129 αὐτοὺς
2927 5066 2960 5136 ή
2996 5067 3206 5138 ὴμέρα’
3238 5073 3329 5139 (p.
3371 5071 3514 5139 278)
3545 5074 3650 5127 καὶ

2064 5147 2617 5217 καταισχυνθήσονται
2642 5153 2690 5202 οἱ
2716 5153 2950 5224 ὁρῶντες
2975 5156 3042 5209 τὰ
3073 5157 3319 5223 ἐνύπνια,
3349 5161 3442 5213 καὶ
3471 5177 3651 5215 κατα·-

2062 5234 2485 5309 γελασθήσονται
2526 5242 2575 5293 οί
2620 5243 2871 5312 μάντεις,
2907 5247 2999 5299 καὶ
3038 5249 3474 5320 καταλαλήσουσι
3520 5257 3651 5306 κατ’

2062 5326 2239 5381 αὐτῶν
2285 5328 2486 5394 πάντες
2518 5332 2704 5386 αὐτοί·
2754 5336 2888 5390 διότι
2930 5339 3031 5392 οὐκ
3080 5340 3233 5395 ἔσται
3281 5345 3309 5395 ὀ
3350 5344 3651 5399 ἐπακούων

2062 5417 2261 5472 αὐτῶν.
2302 5437 2320 5470 ι
2375 5420 2548 5492 ’Υπὲρ
2575 5422 2639 5493 δὴ
2671 5424 2873 5479 τούτων
2905 5420 2979 5482 ὧν
3016 5430 3148 5502 ὀρᾷν
3187 5448 3246 5484 τε
3276 5434 3371 5486 καὶ
3403 5435 3645 5504 μαντεύ-

383 5492 596 5548 (lendus
611 5497 682 5548 sit
697 5498 1067 5565 magnitudine
1085 5502 1355 5555 malorum
1377 5502 1747 5556 obtcnehratis
1774 5521 1788 5557 :
1819 5509 1873 5557 et
1903 5503 1959 5556 bi

2064 5507 2208 5561 εσθαι
2235 5512 2657 5580 προσεποιοῦντο
2685 5515 2775 5568 τὸν
2805 5516 2931 5571 λαὸν
2966 5520 3301 5589 ἀπατῶντες,
3329 5525 3518 5594 σκοτίᾳ
3538 5526 3646 5579 αύ-

383 5601 477 5655 qui
504 5598 601 5639 eas
625 5584 863 5642 visiones
889 5590 1071 5646 videre
1100 5602 1154 5646 et
1181 5608 1406 5648 narrare
1432 5593 1717 5656 simulant,
1750 5594 1959 5663 pudore

2064 5597 2135 5649 τοί
2176 5616 2234 5651 τε
2268 5601 2360 5653 καὶ
2411 5604 2459 5655 οἱ
2508 5604 2820 5675 πειθόμενοι
2868 5584 3359 5683 περιϐληθήσον-ται
3396 5584 3639 5681 πάντες·

384 5674 785 5739 snll‘undentur,
836 5679 998 5734 rebus
1027 5691 1220 5736 contra
1270 5685 1491 5739 illorum
1537 5685 1954 5741 allirmationcm

2064 5687 2194 5741 ὥστε
2230 5691 2413 5755 αὐτοῖς
2454 5696 2589 5765 μηδέ
2621 5698 2710 5750 τὴν
2739 5697 2891 5769 ἥλιον
2928 5701 3138 5771 φαίνειν
3167 5704 3341 5757 δοκεῖν
3382 5705 3490 5760 ὑπὸ
3536 5708 3639 5763 τοῦ

390 5767 747 5825 testantibus:
785 5779 897 5824 tum
941 5780 992 5825 ct
1033 5773 1233 5828 multus
1276 5777 1342 5831 de
1379 5777 1449 5831 iis
1498 5778 1646 5834 risus
1692 5779 1956 5841 exsistet,

2064 5779 2315 5847 μεγέθους
2350 5784 2457 5840 τῶν
2487 5789 2670 5843 κακῶν
2700 5791 3104 5864 ἐσκοτισμένοις
3124 5813 3140 5829 ο
3173 5795 3417 5849 αὐτοίοτε
3448 5797 3560 5869 γὰρ
3583 5799 3641 5851 οι
