  <div class='ocr_page' id='page_1' title='image "/cluster/home/n/w/nwhite01/storage/ocr_20150623/66/mdp.39015008467477/188.png"; bbox 0 0 3966 6134; ppageno 0'>
   <div class='ocr_carea' id='block_1_1' title="bbox 229 327 330 386">
    <p class='ocr_par' dir='ltr' id='par_1_1' title="bbox 229 327 330 386">
     <span class='ocr_line' id='line_1_1' title="bbox 229 327 330 386; baseline -0.02 0"><span class='ocrx_word' id='word_1_1' title='bbox 229 327 330 386; x_wconf 72' lang='lat'><strong>56!</strong></span> 
     </span>
    </p>
   </div>
   <div class='ocr_carea' id='block_1_2' title="bbox 1165 272 2482 385">
    <p class='ocr_par' dir='ltr' id='par_1_2' title="bbox 1165 272 2482 385">
     <span class='ocr_line' id='line_1_2' title="bbox 1165 272 2482 385; baseline -0.001 -3"><span class='ocrx_word' id='word_1_2' title='bbox 1165 325 1717 384; x_wconf 68' lang='lat' dir='ltr'><strong>COMMENTARIUS</strong></span> <span class='ocrx_word' id='word_1_3' title='bbox 1747 328 1810 383; x_wconf 82' lang='lat' dir='ltr'><strong>IN</strong></span> <span class='ocrx_word' id='word_1_4' title='bbox 1854 328 2163 385; x_wconf 66' lang='grc' dir='ltr'><strong>ΜΙΕΙΙιΕᾸνΣ</strong></span> <span class='ocrx_word' id='word_1_5' title='bbox 2202 328 2353 385; x_wconf 67' lang='lat' dir='ltr'><strong>CAP.</strong></span> <span class='ocrx_word' id='word_1_6' title='bbox 2396 272 2482 383; x_wconf 43' lang='lat' dir='ltr'><strong>lll&#39;.</strong></span> 
     </span>
    </p>
   </div>
   <div class='ocr_carea' id='block_1_3' title="bbox 3373 337 3476 393">
    <p class='ocr_par' dir='ltr' id='par_1_3' title="bbox 3373 337 3476 393">
     <span class='ocr_line' id='line_1_3' title="bbox 3373 337 3476 393; baseline -0.019 0"><span class='ocrx_word' id='word_1_7' title='bbox 3373 337 3476 393; x_wconf 72' lang='grc'><strong>509</strong></span> 
     </span>
    </p>
   </div>
   <div class='ocr_carea' id='block_1_4' title="bbox 232 438 1788 513">
    <p class='ocr_par' dir='ltr' id='par_1_4' title="bbox 232 438 1788 510">
     <span class='ocr_line' id='line_1_4' title="bbox 232 438 1788 510; baseline -0.001 -16"><span class='ocrx_word' id='word_1_8' title='bbox 232 442 298 496; x_wconf 73' lang='grc' dir='ltr'>τὰ</span> <span class='ocrx_word' id='word_1_9' title='bbox 350 438 574 495; x_wconf 84' lang='grc' dir='ltr'>τοιαῦτα</span> <span class='ocrx_word' id='word_1_10' title='bbox 626 440 761 510; x_wconf 81' lang='grc' dir='ltr'>ὁρᾷν</span> <span class='ocrx_word' id='word_1_11' title='bbox 815 456 873 491; x_wconf 88' lang='grc' dir='ltr'><strong>τε</strong></span> <span class='ocrx_word' id='word_1_12' title='bbox 930 438 1389 510; x_wconf 79' lang='grc' dir='ltr'>προσποιούμενοι</span> <span class='ocrx_word' id='word_1_13' title='bbox 1440 439 1534 490; x_wconf 74' lang='grc' dir='ltr'>καὶ</span> <span class='ocrx_word' id='word_1_14' title='bbox 1588 438 1788 506; x_wconf 73' lang='grc' dir='ltr'>λέγειν,</span> 
     </span>
    </p>
   </div>
   <div class='ocr_carea' id='block_1_5' title="bbox 1893 438 3479 513">
    <p class='ocr_par' dir='ltr' id='par_1_5' title="bbox 1903 441 3479 513">
     <span class='ocr_line' id='line_1_5' title="bbox 1903 441 3479 513; baseline 0.003 -18"><span class='ocrx_word' id='word_1_15' title='bbox 1903 442 2118 495; x_wconf 79' lang='lat' dir='ltr'><strong>neruine</strong></span> <span class='ocrx_word' id='word_1_16' title='bbox 2143 441 2254 508; x_wconf 87' lang='lat' dir='ltr'><strong>jam</strong></span> <span class='ocrx_word' id='word_1_17' title='bbox 2310 441 2487 496; x_wconf 84' lang='lat' dir='ltr'><strong>verbis</strong></span> <span class='ocrx_word' id='word_1_18' title='bbox 2519 456 2707 495; x_wconf 89' lang='lat' dir='ltr'><strong>corum</strong></span> <span class='ocrx_word' id='word_1_19' title='bbox 2737 441 2974 511; x_wconf 67' lang='lat' dir='ltr'><strong>praebere</strong></span> <span class='ocrx_word' id='word_1_20' title='bbox 3004 458 3190 498; x_wconf 87' lang='lat' dir='ltr'><strong>aurem</strong></span> <span class='ocrx_word' id='word_1_21' title='bbox 3242 446 3479 513; x_wconf 84' lang='lat' dir='ltr'><strong>volente,</strong></span> 
     </span>
    </p>
   </div>
   <div class='ocr_carea' id='block_1_6' title="bbox 236 529 1798 605">
    <p class='ocr_par' dir='ltr' id='par_1_6' title="bbox 236 529 1798 605">
     <span class='ocr_line' id='line_1_6' title="bbox 236 529 1798 605; baseline -0.003 -18"><span class='ocrx_word' id='word_1_22' title='bbox 236 533 455 605; x_wconf 73' lang='grc' dir='ltr'>αἰσχύνῃ</span> <span class='ocrx_word' id='word_1_23' title='bbox 480 530 998 601; x_wconf 83' lang='grc' dir='ltr'>περιϐληθήσονται,</span> <span class='ocrx_word' id='word_1_24' title='bbox 1036 529 1143 582; x_wconf 82' lang='grc' dir='ltr'>τῶν</span> <span class='ocrx_word' id='word_1_25' title='bbox 1177 530 1519 601; x_wconf 80' lang='grc' dir='ltr'><strong>πραγμάτων</strong></span> <span class='ocrx_word' id='word_1_26' title='bbox 1542 530 1798 583; x_wconf 78' lang='grc' dir='ltr'><strong>ἐναντίων</strong></span> 
     </span>
    </p>
   </div>
   <div class='ocr_carea' id='block_1_7' title="bbox 234 621 1800 694">
    <p class='ocr_par' dir='ltr' id='par_1_7' title="bbox 234 621 1800 694">
     <span class='ocr_line' id='line_1_7' title="bbox 234 621 1800 694; baseline -0.002 -16"><span class='ocrx_word' id='word_1_27' title='bbox 234 622 307 690; x_wconf 74' lang='grc' dir='ltr'>οἷς</span> <span class='ocrx_word' id='word_1_28' title='bbox 340 627 572 694; x_wconf 73' lang='grc' dir='ltr'>ἔφασκον</span> <span class='ocrx_word' id='word_1_29' title='bbox 601 623 968 692; x_wconf 80' lang='grc' dir='ltr'><strong>δεικνυμένων</strong></span> <span class='ocrx_word' id='word_1_30' title='bbox 988 639 1003 654; x_wconf 80' lang='grc'><em>’</em></span> <span class='ocrx_word' id='word_1_31' title='bbox 1036 621 1208 690; x_wconf 80' lang='grc' dir='ltr'><strong>γέλως</strong></span> <span class='ocrx_word' id='word_1_32' title='bbox 1229 639 1288 674; x_wconf 88' lang='grc' dir='ltr'><strong>τε</strong></span> <span class='ocrx_word' id='word_1_33' title='bbox 1312 622 1478 685; x_wconf 79' lang='grc' dir='ltr'>πολὺς</span> <span class='ocrx_word' id='word_1_34' title='bbox 1506 624 1594 675; x_wconf 79' lang='grc' dir='ltr'>ἐπ’</span> <span class='ocrx_word' id='word_1_35' title='bbox 1618 623 1800 686; x_wconf 79' lang='grc' dir='ltr'>αὐτοῖς</span> 
     </span>
    </p>
   </div>
   <div class='ocr_carea' id='block_1_8' title="bbox 1905 532 3478 604">
    <p class='ocr_par' dir='ltr' id='par_1_8' title="bbox 1905 532 3478 604">
     <span class='ocr_line' id='line_1_8' title="bbox 1905 532 3478 604; baseline 0.004 -18"><span class='ocrx_word' id='word_1_36' title='bbox 1905 542 2190 602; x_wconf 90' lang='lat' dir='ltr'><strong>postquam</strong></span> <span class='ocrx_word' id='word_1_37' title='bbox 2236 534 2610 601; x_wconf 81' lang='lat' dir='ltr'><strong>experimento</strong></span> <span class='ocrx_word' id='word_1_38' title='bbox 2648 532 2992 600; x_wconf 84' lang='lat' dir='ltr'><strong>didicerunt,</strong></span> <span class='ocrx_word' id='word_1_39' title='bbox 3038 546 3365 604; x_wconf 81' lang='lat' dir='ltr'><strong>quantarum</strong></span> <span class='ocrx_word' id='word_1_40' title='bbox 3397 538 3478 593; x_wconf 89' lang='lat' dir='ltr'><strong>eis</strong></span> 
     </span>
    </p>
   </div>
   <div class='ocr_carea' id='block_1_9' title="bbox 1905 624 3257 687">
    <p class='ocr_par' dir='ltr' id='par_1_9' title="bbox 1905 624 3257 687">
     <span class='ocr_line' id='line_1_9' title="bbox 1905 624 3257 687; baseline 0.006 -12"><span class='ocrx_word' id='word_1_41' title='bbox 1905 638 2270 676; x_wconf 63' lang='lat' dir='ltr'><strong>aerumnarum</strong></span> <span class='ocrx_word' id='word_1_42' title='bbox 2294 662 2308 685; x_wconf 92' lang='lat'><strong>,</strong></span> <span class='ocrx_word' id='word_1_43' title='bbox 2344 624 2532 678; x_wconf 80' lang='lat' dir='ltr'><strong>fraude</strong></span> <span class='ocrx_word' id='word_1_44' title='bbox 2564 639 2692 687; x_wconf 87' lang='lat' dir='ltr'><strong>sua,</strong></span> <span class='ocrx_word' id='word_1_45' title='bbox 2728 640 2892 679; x_wconf 87' lang='lat' dir='ltr'><strong>causa</strong></span> <span class='ocrx_word' id='word_1_46' title='bbox 2924 629 3257 683; x_wconf 69' lang='lat' dir='ltr'><strong>exstiterint.</strong></span> 
     </span>
    </p>
   </div>
   <div class='ocr_carea' id='block_1_10' title="bbox 236 700 3477 797">
    <p class='ocr_par' dir='ltr' id='par_1_10' title="bbox 236 700 3477 797">
     <span class='ocr_line' id='line_1_10' title="bbox 236 700 3477 797; baseline 0 -25"><span class='ocrx_word' id='word_1_47' title='bbox 236 718 375 789; x_wconf 70' lang='grc' dir='ltr'>παρὰ</span> <span class='ocrx_word' id='word_1_48' title='bbox 410 717 628 770; x_wconf 81' lang='grc' dir='ltr'>πάντων</span> <span class='ocrx_word' id='word_1_49' title='bbox 680 700 994 783; x_wconf 71' lang='grc' dir='ltr'>γενήσεται,</span> <span class='ocrx_word' id='word_1_50' title='bbox 1028 714 1240 776; x_wconf 77' lang='grc' dir='ltr'>οὐδενὸς</span> <span class='ocrx_word' id='word_1_51' title='bbox 1282 714 1403 767; x_wconf 77' lang='grc' dir='ltr'>οὐδὲ</span> <span class='ocrx_word' id='word_1_52' title='bbox 1449 714 1735 785; x_wconf 76' lang='grc' dir='ltr'>προσέχειν</span> <span class='ocrx_word' id='word_1_53' title='bbox 1783 717 1875 767; x_wconf 79' lang='grc' dir='ltr'><strong>ἐπὶ</strong></span> <span class='ocrx_word' id='word_1_54' title='bbox 1911 718 2020 776; x_wconf 87' lang='grc' dir='ltr'>τοῖς</span> <span class='ocrx_word' id='word_1_55' title='bbox 2069 713 2198 784; x_wconf 82' lang='grc' dir='ltr'>παρ’</span> <span class='ocrx_word' id='word_1_56' title='bbox 2241 713 2419 766; x_wconf 73' lang='grc' dir='ltr'>αὐτῶν</span> <span class='ocrx_word' id='word_1_57' title='bbox 2462 714 2777 797; x_wconf 72' lang='grc' dir='ltr'>λεγομένοις</span> <span class='ocrx_word' id='word_1_58' title='bbox 2826 715 3136 779; x_wconf 80' lang='grc' dir='ltr'>ἐθέλοντος,</span> <span class='ocrx_word' id='word_1_59' title='bbox 3178 717 3263 770; x_wconf 78' lang='grc' dir='ltr'>διὰ</span> <span class='ocrx_word' id='word_1_60' title='bbox 3311 720 3372 774; x_wconf 81' lang='grc' dir='ltr'>τὸ</span> <span class='ocrx_word' id='word_1_61' title='bbox 3410 723 3477 792; x_wconf 80' lang='grc' dir='ltr'>τῇ</span> 
     </span>
    </p>
   </div>
   <div class='ocr_carea' id='block_1_11' title="bbox 235 807 2526 882">
    <p class='ocr_par' dir='ltr' id='par_1_11' title="bbox 235 807 2526 882">
     <span class='ocr_line' id='line_1_11' title="bbox 235 807 2526 882; baseline -0 -17"><span class='ocrx_word' id='word_1_62' title='bbox 235 814 383 882; x_wconf 69' lang='grc' dir='ltr'>πείρα</span> <span class='ocrx_word' id='word_1_63' title='bbox 417 810 608 879; x_wconf 89' lang='grc' dir='ltr'>μαθεῖν</span> <span class='ocrx_word' id='word_1_64' title='bbox 634 809 774 861; x_wconf 79' lang='grc' dir='ltr'>ὅσων</span> <span class='ocrx_word' id='word_1_65' title='bbox 804 808 988 870; x_wconf 61' lang='grc' dir='ltr'>αὐτοῖς</span> <span class='ocrx_word' id='word_1_66' title='bbox 1020 807 1107 861; x_wconf 81' lang='grc' dir='ltr'>διὰ</span> <span class='ocrx_word' id='word_1_67' title='bbox 1145 809 1244 878; x_wconf 81' lang='grc' dir='ltr'>τῆς</span> <span class='ocrx_word' id='word_1_68' title='bbox 1272 809 1488 879; x_wconf 81' lang='grc' dir='ltr'><strong>ἀπάτης</strong></span> <span class='ocrx_word' id='word_1_69' title='bbox 1518 811 1614 879; x_wconf 79' lang='grc' dir='ltr'>τῆς</span> <span class='ocrx_word' id='word_1_70' title='bbox 1643 810 1779 871; x_wconf 87' lang='grc' dir='ltr'>ἰδίας</span> <span class='ocrx_word' id='word_1_71' title='bbox 1809 809 2097 877; x_wconf 77' lang='grc' dir='ltr'>γεγόνασιν</span> <span class='ocrx_word' id='word_1_72' title='bbox 2127 808 2288 864; x_wconf 72' lang='grc' dir='ltr'>αἴτιοι</span> <span class='ocrx_word' id='word_1_73' title='bbox 2321 810 2526 865; x_wconf 83' lang='grc' dir='ltr'>κακῶν.</span> 
     </span>
    </p>
   </div>
   <div class='ocr_carea' id='block_1_12' title="bbox 293 898 1805 970">
    <p class='ocr_par' dir='ltr' id='par_1_12' title="bbox 293 898 1805 970">
     <span class='ocr_line' id='line_1_12' title="bbox 293 898 1805 970; baseline -0.002 -16"><span class='ocrx_word' id='word_1_74' title='bbox 293 904 439 970; x_wconf 81' lang='grc' dir='ltr'>Στίχ.</span> <span class='ocrx_word' id='word_1_75' title='bbox 499 906 675 970; x_wconf 69' lang='grc' dir='ltr'>ἠ’-ια’.</span> <span class='ocrx_word' id='word_1_76' title='bbox 722 928 795 941; x_wconf 89' lang='lat'><strong>—-</strong></span> <span class='ocrx_word' id='word_1_77' title='bbox 848 918 866 950; x_wconf 80' lang='grc' dir='ltr'><strong>ι</strong></span> <span class='ocrx_word' id='word_1_78' title='bbox 934 898 1096 952; x_wconf 81' lang='grc' dir='ltr'>Ἀλλά</span> <span class='ocrx_word' id='word_1_79' title='bbox 1155 901 1263 969; x_wconf 78' lang='grc' dir='ltr'>μὴν</span> <span class='ocrx_word' id='word_1_80' title='bbox 1312 900 1423 968; x_wconf 84' lang='grc' dir='ltr'><strong>ἐγὼ</strong></span> <span class='ocrx_word' id='word_1_81' title='bbox 1465 901 1805 970; x_wconf 74' lang='grc' dir='ltr'>ἐνεπλήσθην</span> 
     </span>
    </p>
   </div>
   <div class='ocr_carea' id='block_1_13' title="bbox 235 989 1802 1062">
    <p class='ocr_par' dir='ltr' id='par_1_13' title="bbox 235 989 1802 1062">
     <span class='ocr_line' id='line_1_13' title="bbox 235 989 1802 1062; baseline 0.001 -18"><span class='ocrx_word' id='word_1_82' title='bbox 235 993 408 1062; x_wconf 70' lang='grc' dir='ltr'>ἰσχύος</span> <span class='ocrx_word' id='word_1_83' title='bbox 436 993 493 1042; x_wconf 83' lang='grc' dir='ltr'>ὲν</span> <span class='ocrx_word' id='word_1_84' title='bbox 526 989 800 1059; x_wconf 83' lang='grc' dir='ltr'>πνεύματι</span> <span class='ocrx_word' id='word_1_85' title='bbox 829 990 1060 1059; x_wconf 77' lang='grc' dir='ltr'>Κυρίου,</span> <span class='ocrx_word' id='word_1_86' title='bbox 1094 990 1186 1043; x_wconf 75' lang='grc' dir='ltr'><strong>καὶ</strong></span> <span class='ocrx_word' id='word_1_87' title='bbox 1217 991 1485 1061; x_wconf 87' lang='grc' dir='ltr'>κρίματος</span> <span class='ocrx_word' id='word_1_88' title='bbox 1519 992 1614 1046; x_wconf 73' lang='grc' dir='ltr'><strong>καὶ</strong></span> <span class='ocrx_word' id='word_1_89' title='bbox 1641 992 1802 1045; x_wconf 88' lang='grc' dir='ltr'>δυνα-</span> 
     </span>
    </p>
   </div>
   <div class='ocr_carea' id='block_1_14' title="bbox 233 1077 1798 1150">
    <p class='ocr_par' dir='ltr' id='par_1_14' title="bbox 233 1077 1798 1150">
     <span class='ocr_line' id='line_1_14' title="bbox 233 1077 1798 1150; baseline 0 -15"><span class='ocrx_word' id='word_1_90' title='bbox 233 1083 405 1144; x_wconf 81' lang='grc' dir='ltr'>στείας</span> <span class='ocrx_word' id='word_1_91' title='bbox 446 1080 543 1133; x_wconf 89' lang='grc' dir='ltr'><strong>τοῦ</strong></span> <span class='ocrx_word' id='word_1_92' title='bbox 590 1079 925 1147; x_wconf 82' lang='grc' dir='ltr'>ἀπαγγεῖλαι</span> <span class='ocrx_word' id='word_1_93' title='bbox 958 1078 1034 1150; x_wconf 80' lang='grc' dir='ltr'><strong>τῷ</strong></span> <span class='ocrx_word' id='word_1_94' title='bbox 1091 1077 1286 1133; x_wconf 83' lang='grc' dir='ltr'>Ἰακὼϐ</span> <span class='ocrx_word' id='word_1_95' title='bbox 1323 1081 1798 1145; x_wconf 65' lang='grc' dir='ltr'>ἀσεϐείαςαίηοῦ,</span> 
     </span>
    </p>
   </div>
   <div class='ocr_carea' id='block_1_15' title="bbox 234 1172 1800 1245">
    <p class='ocr_par' dir='ltr' id='par_1_15' title="bbox 234 1172 1800 1245">
     <span class='ocr_line' id='line_1_15' title="bbox 234 1172 1800 1245; baseline -0.001 -17"><span class='ocrx_word' id='word_1_96' title='bbox 234 1174 427 1245; x_wconf 75' lang='grc' dir='ltr'>καὶτῷ</span> <span class='ocrx_word' id='word_1_97' title='bbox 480 1173 699 1241; x_wconf 79' lang='grc' dir='ltr'>Ἰσραὴλ</span> <span class='ocrx_word' id='word_1_98' title='bbox 730 1173 1005 1242; x_wconf 88' lang='grc' dir='ltr'>ἁμαρτίας</span> <span class='ocrx_word' id='word_1_99' title='bbox 1042 1173 1228 1226; x_wconf 82' lang='grc' dir='ltr'>αὐτοῦ.</span> <span class='ocrx_word' id='word_1_100' title='bbox 1273 1192 1292 1225; x_wconf 73' lang='grc' dir='ltr'><strong>ι</strong></span> <span class='ocrx_word' id='word_1_101' title='bbox 1348 1172 1488 1241; x_wconf 80' lang='grc' dir='ltr'><strong>Ἐγὼ</strong></span> <span class='ocrx_word' id='word_1_102' title='bbox 1528 1174 1586 1226; x_wconf 87' lang='grc' dir='ltr'>δὲ</span> <span class='ocrx_word' id='word_1_103' title='bbox 1617 1177 1800 1228; x_wconf 71' lang='grc' dir='ltr'>πᾶσαν</span> 
     </span>
    </p>
   </div>
   <div class='ocr_carea' id='block_1_16' title="bbox 234 1263 1797 1336">
    <p class='ocr_par' dir='ltr' id='par_1_16' title="bbox 234 1263 1797 1336">
     <span class='ocr_line' id='line_1_16' title="bbox 234 1263 1797 1336; baseline -0.001 -18"><span class='ocrx_word' id='word_1_104' title='bbox 234 1266 435 1336; x_wconf 75' lang='grc' dir='ltr'>ἐκείνην</span> <span class='ocrx_word' id='word_1_105' title='bbox 460 1264 562 1334; x_wconf 78' lang='grc' dir='ltr'>τὴν</span> <span class='ocrx_word' id='word_1_106' title='bbox 596 1264 812 1333; x_wconf 77' lang='grc' dir='ltr'><strong>ἀπάτην</strong></span> <span class='ocrx_word' id='word_1_107' title='bbox 841 1264 1020 1333; x_wconf 76' lang='grc' dir='ltr'>ἀφεὶς,</span> <span class='ocrx_word' id='word_1_108' title='bbox 1060 1263 1360 1335; x_wconf 83' lang='grc' dir='ltr'>πνεύματος</span> <span class='ocrx_word' id='word_1_109' title='bbox 1395 1265 1549 1332; x_wconf 81' lang='grc' dir='ltr'>ἁγίου</span> <span class='ocrx_word' id='word_1_110' title='bbox 1584 1265 1797 1336; x_wconf 81' lang='grc' dir='ltr'>πλήρης</span> 
     </span>
    </p>
   </div>
   <div class='ocr_carea' id='block_1_17' title="bbox 232 1355 1794 1427">
    <p class='ocr_par' dir='ltr' id='par_1_17' title="bbox 232 1355 1794 1427">
     <span class='ocr_line' id='line_1_17' title="bbox 232 1355 1794 1427; baseline -0.001 -17"><span class='ocrx_word' id='word_1_111' title='bbox 232 1356 480 1424; x_wconf 72' lang='grc' dir='ltr'>γεγονὼς,</span> <span class='ocrx_word' id='word_1_112' title='bbox 503 1355 808 1426; x_wconf 76' lang='grc' dir='ltr'>διακρίνειν</span> <span class='ocrx_word' id='word_1_113' title='bbox 831 1372 889 1407; x_wconf 90' lang='grc' dir='ltr'><strong>τε</strong></span> <span class='ocrx_word' id='word_1_114' title='bbox 928 1355 1225 1425; x_wconf 80' lang='grc' dir='ltr'>ἐπίσταμαι</span> <span class='ocrx_word' id='word_1_115' title='bbox 1254 1356 1315 1408; x_wconf 83' lang='grc' dir='ltr'><strong>τὸ</strong></span> <span class='ocrx_word' id='word_1_116' title='bbox 1353 1356 1471 1409; x_wconf 90' lang='grc' dir='ltr'>δέον</span> <span class='ocrx_word' id='word_1_117' title='bbox 1489 1397 1505 1421; x_wconf 93' lang='grc'><strong>,</strong></span> <span class='ocrx_word' id='word_1_118' title='bbox 1533 1357 1625 1410; x_wconf 80' lang='grc' dir='ltr'><strong>καὶ</strong></span> <span class='ocrx_word' id='word_1_119' title='bbox 1654 1357 1794 1427; x_wconf 83' lang='grc' dir='ltr'>μετὰ</span> 
     </span>
    </p>
   </div>
   <div class='ocr_carea' id='block_1_18' title="bbox 233 1447 1793 1520">
    <p class='ocr_par' dir='ltr' id='par_1_18' title="bbox 233 1447 1793 1520">
     <span class='ocr_line' id='line_1_18' title="bbox 233 1447 1793 1520; baseline -0.001 -18"><span class='ocrx_word' id='word_1_120' title='bbox 233 1450 425 1520; x_wconf 73' lang='grc' dir='ltr'>πολλῆς</span> <span class='ocrx_word' id='word_1_121' title='bbox 444 1450 545 1518; x_wconf 78' lang='grc' dir='ltr'>τῆς</span> <span class='ocrx_word' id='word_1_122' title='bbox 569 1447 750 1518; x_wconf 73' lang='grc' dir='ltr'>ἰσχύος</span> <span class='ocrx_word' id='word_1_123' title='bbox 776 1448 989 1516; x_wconf 77' lang='grc' dir='ltr'>καὶτῆς</span> <span class='ocrx_word' id='word_1_124' title='bbox 1011 1447 1320 1518; x_wconf 71' lang='grc' dir='ltr'>παρρησίας</span> <span class='ocrx_word' id='word_1_125' title='bbox 1344 1449 1678 1519; x_wconf 82' lang='grc' dir='ltr'>προάγομαι,</span> <span class='ocrx_word' id='word_1_126' title='bbox 1703 1448 1793 1501; x_wconf 83' lang='grc' dir='ltr'><strong>τὸν</strong></span> 
     </span>
    </p>
   </div>
   <div class='ocr_carea' id='block_1_19' title="bbox 232 1533 1794 1611">
    <p class='ocr_par' dir='ltr' id='par_1_19' title="bbox 232 1533 1794 1611">
     <span class='ocr_line' id='line_1_19' title="bbox 232 1533 1794 1611; baseline -0.001 -16"><span class='ocrx_word' id='word_1_127' title='bbox 232 1542 346 1595; x_wconf 74' lang='grc' dir='ltr'>λαὸν</span> <span class='ocrx_word' id='word_1_128' title='bbox 376 1541 522 1611; x_wconf 78' lang='grc' dir='ltr'>ὑπὲρ</span> <span class='ocrx_word' id='word_1_129' title='bbox 548 1533 623 1593; x_wconf 80' lang='grc' dir='ltr'><strong>ὧν</strong></span> <span class='ocrx_word' id='word_1_130' title='bbox 653 1539 873 1611; x_wconf 70' lang='grc' dir='ltr'>ἥμαρτέ</span> <span class='ocrx_word' id='word_1_131' title='bbox 906 1557 965 1592; x_wconf 87' lang='grc' dir='ltr'><strong>τε</strong></span> <span class='ocrx_word' id='word_1_132' title='bbox 1001 1540 1094 1592; x_wconf 71' lang='grc' dir='ltr'>καὶ</span> <span class='ocrx_word' id='word_1_133' title='bbox 1123 1539 1390 1610; x_wconf 77' lang='grc' dir='ltr'>ἠσέϐησεν</span> <span class='ocrx_word' id='word_1_134' title='bbox 1420 1540 1697 1611; x_wconf 76' lang='grc' dir='ltr'>ἐλέγχειν,</span> <span class='ocrx_word' id='word_1_135' title='bbox 1723 1542 1794 1593; x_wconf 86' lang='grc' dir='ltr'>εί·</span> 
     </span>
    </p>
   </div>
   <div class='ocr_carea' id='block_1_20' title="bbox 230 1630 1788 1702">
    <p class='ocr_par' dir='ltr' id='par_1_20' title="bbox 230 1630 1788 1702">
     <span class='ocr_line' id='line_1_20' title="bbox 230 1630 1788 1702; baseline -0.001 -15"><span class='ocrx_word' id='word_1_136' title='bbox 230 1633 325 1695; x_wconf 75' lang='grc' dir='ltr'>διὶις</span> <span class='ocrx_word' id='word_1_137' title='bbox 352 1635 435 1685; x_wconf 78' lang='grc' dir='ltr'>ὅτι</span> <span class='ocrx_word' id='word_1_138' title='bbox 461 1630 624 1683; x_wconf 88' lang='grc' dir='ltr'>τοῦτο</span> <span class='ocrx_word' id='word_1_139' title='bbox 651 1632 834 1694; x_wconf 81' lang='grc' dir='ltr'>αὐτοῖς</span> <span class='ocrx_word' id='word_1_140' title='bbox 864 1630 1201 1699; x_wconf 84' lang='grc' dir='ltr'><strong>λυσιτελήσει</strong></span> <span class='ocrx_word' id='word_1_141' title='bbox 1243 1631 1443 1700; x_wconf 81' lang='grc' dir='ltr'>μᾶλλον</span> <span class='ocrx_word' id='word_1_142' title='bbox 1471 1633 1550 1695; x_wconf 85' lang='grc' dir='ltr'><strong>είς</strong></span> <span class='ocrx_word' id='word_1_143' title='bbox 1580 1649 1788 1702; x_wconf 73' lang='grc' dir='ltr'>σωιρροο</span> 
     </span>
    </p>
   </div>
   <div class='ocr_carea' id='block_1_21' title="bbox 1975 901 3473 978">
    <p class='ocr_par' dir='ltr' id='par_1_21' title="bbox 1975 901 3473 978">
     <span class='ocr_line' id='line_1_21' title="bbox 1975 901 3473 978; baseline 0.011 -26"><span class='ocrx_word' id='word_1_144' title='bbox 1975 901 2141 957; x_wconf 67' lang='lat' dir='ltr'><strong>Vens.</strong></span> <span class='ocrx_word' id='word_1_145' title='bbox 2183 903 2338 954; x_wconf 79' lang='lat' dir='ltr'><strong>8-H.</strong></span> <span class='ocrx_word' id='word_1_146' title='bbox 2365 932 2432 942; x_wconf 93' lang='lat'><strong>—</strong></span> <span class='ocrx_word' id='word_1_147' title='bbox 2463 921 2480 953; x_wconf 79' lang='grc' dir='ltr'><strong>ι</strong></span> <span class='ocrx_word' id='word_1_148' title='bbox 2515 902 2899 960; x_wconf 74' lang='lat' dir='ltr'><strong>Vemmtamen‘</strong></span> <span class='ocrx_word' id='word_1_149' title='bbox 2935 922 3033 977; x_wconf 90' lang='lat' dir='ltr'><strong>ego</strong></span> <span class='ocrx_word' id='word_1_150' title='bbox 3072 909 3312 978; x_wconf 88' lang='lat' dir='ltr'><strong>repletus</strong></span> <span class='ocrx_word' id='word_1_151' title='bbox 3350 927 3473 968; x_wconf 80' lang='lat' dir='ltr'><strong>sum</strong></span> 
     </span>
    </p>
   </div>
   <div class='ocr_carea' id='block_1_22' title="bbox 1905 993 3469 1074">
    <p class='ocr_par' dir='ltr' id='par_1_22' title="bbox 1905 993 3469 1074">
     <span class='ocr_line' id='line_1_22' title="bbox 1905 993 3469 1074; baseline 0.006 -27"><span class='ocrx_word' id='word_1_152' title='bbox 1905 993 2226 1049; x_wconf 70' lang='lat' dir='ltr'><strong>fortitudine</strong></span> <span class='ocrx_word' id='word_1_153' title='bbox 2270 995 2325 1048; x_wconf 91' lang='lat' dir='ltr'><strong>in</strong></span> <span class='ocrx_word' id='word_1_154' title='bbox 2370 996 2565 1064; x_wconf 79' lang='lat' dir='ltr'><strong>spiritu</strong></span> <span class='ocrx_word' id='word_1_155' title='bbox 2608 995 2851 1061; x_wconf 87' lang='lat' dir='ltr'><strong>Domini,</strong></span> <span class='ocrx_word' id='word_1_156' title='bbox 2882 1004 2937 1053; x_wconf 88' lang='lat' dir='ltr'><strong>et</strong></span> <span class='ocrx_word' id='word_1_157' title='bbox 2974 1000 3190 1069; x_wconf 88' lang='lat' dir='ltr'><strong>judicio</strong></span> <span class='ocrx_word' id='word_1_158' title='bbox 3218 1017 3281 1057; x_wconf 87' lang='lat' dir='ltr'><strong>ac</strong></span> <span class='ocrx_word' id='word_1_159' title='bbox 3312 1003 3469 1074; x_wconf 66' lang='lat'><strong>183</strong></span> 
     </span>
    </p>
   </div>
   <div class='ocr_carea' id='block_1_23' title="bbox 1900 1087 3470 1162">
    <p class='ocr_par' dir='ltr' id='par_1_23' title="bbox 1900 1087 3470 1162">
     <span class='ocr_line' id='line_1_23' title="bbox 1900 1087 3470 1162; baseline 0.008 -27"><span class='ocrx_word' id='word_1_160' title='bbox 1900 1094 2168 1156; x_wconf 77' lang='lat' dir='ltr'><strong>potestate</strong></span> <span class='ocrx_word' id='word_1_161' title='bbox 2203 1125 2217 1148; x_wconf 86' lang='lat'><strong>,</strong></span> <span class='ocrx_word' id='word_1_162' title='bbox 2259 1094 2318 1162; x_wconf 88' lang='lat' dir='ltr'><strong>ut</strong></span> <span class='ocrx_word' id='word_1_163' title='bbox 2367 1087 2685 1142; x_wconf 89' lang='lat' dir='ltr'><strong>annuntiem</strong></span> <span class='ocrx_word' id='word_1_164' title='bbox 2732 1087 2902 1143; x_wconf 88' lang='lat' dir='ltr'><strong>Jacub</strong></span> <span class='ocrx_word' id='word_1_165' title='bbox 2954 1090 3263 1160; x_wconf 87' lang='lat' dir='ltr'><strong>impietatcs</strong></span> <span class='ocrx_word' id='word_1_166' title='bbox 3315 1094 3470 1162; x_wconf 85' lang='lat' dir='ltr'><strong>ejus.</strong></span> 
     </span>
    </p>
   </div>
   <div class='ocr_carea' id='block_1_24' title="bbox 1898 1160 3471 1257">
    <p class='ocr_par' dir='ltr' id='par_1_24' title="bbox 1898 1160 3471 1257">
     <span class='ocr_line' id='line_1_24' title="bbox 1898 1160 3471 1257; baseline 0.004 -26"><span class='ocrx_word' id='word_1_167' title='bbox 1898 1185 1950 1231; x_wconf 88' lang='lat' dir='ltr'><strong>et</strong></span> <span class='ocrx_word' id='word_1_168' title='bbox 1980 1175 2163 1231; x_wconf 84' lang='lat' dir='ltr'><strong>israeli</strong></span> <span class='ocrx_word' id='word_1_169' title='bbox 2198 1160 2416 1245; x_wconf 66' lang='lat' dir='ltr'><strong>peccata</strong></span> <span class='ocrx_word' id='word_1_170' title='bbox 2445 1176 2585 1245; x_wconf 87' lang='lat' dir='ltr'><strong>ejus.</strong></span> <span class='ocrx_word' id='word_1_171' title='bbox 2614 1195 2633 1228; x_wconf 79' lang='grc' dir='ltr'><strong>ι</strong></span> <span class='ocrx_word' id='word_1_172' title='bbox 2665 1176 2775 1247; x_wconf 85' lang='lat' dir='ltr'><strong>Ego</strong></span> <span class='ocrx_word' id='word_1_173' title='bbox 2802 1194 2932 1234; x_wconf 88' lang='lat' dir='ltr'><strong>vero</strong></span> <span class='ocrx_word' id='word_1_174' title='bbox 2961 1182 3107 1257; x_wconf 74' lang='lat' dir='ltr'><strong>omni</strong></span> <span class='ocrx_word' id='word_1_175' title='bbox 3143 1182 3233 1236; x_wconf 89' lang='lat' dir='ltr'><strong>illa</strong></span> <span class='ocrx_word' id='word_1_176' title='bbox 3279 1160 3471 1238; x_wconf 71' lang='lat' dir='ltr'><strong>fraude</strong></span> 
     </span>
    </p>
   </div>
   <div class='ocr_carea' id='block_1_25' title="bbox 1898 1267 3470 1337">
    <p class='ocr_par' dir='ltr' id='par_1_25' title="bbox 1898 1267 3470 1337">
     <span class='ocr_line' id='line_1_25' title="bbox 1898 1267 3470 1337; baseline 0.003 -17"><span class='ocrx_word' id='word_1_177' title='bbox 1898 1268 2156 1327; x_wconf 78' lang='lat' dir='ltr'><strong>exclusa.</strong></span> <span class='ocrx_word' id='word_1_178' title='bbox 2198 1267 2396 1336; x_wconf 85' lang='lat' dir='ltr'><strong>spiritu</strong></span> <span class='ocrx_word' id='word_1_179' title='bbox 2439 1267 2627 1321; x_wconf 89' lang='lat' dir='ltr'><strong>divino</strong></span> <span class='ocrx_word' id='word_1_180' title='bbox 2670 1269 2897 1337; x_wconf 84' lang='lat' dir='ltr'><strong>plenus,</strong></span> <span class='ocrx_word' id='word_1_181' title='bbox 2945 1270 3255 1326; x_wconf 77' lang='lat' dir='ltr'><strong>discernere</strong></span> <span class='ocrx_word' id='word_1_182' title='bbox 3299 1273 3470 1327; x_wconf 84' lang='lat' dir='ltr'><strong>hone-</strong></span> 
     </span>
    </p>
   </div>
   <div class='ocr_carea' id='block_1_26' title="bbox 1898 1356 3469 1432">
    <p class='ocr_par' dir='ltr' id='par_1_26' title="bbox 1898 1356 3469 1432">
     <span class='ocr_line' id='line_1_26' title="bbox 1898 1356 3469 1432; baseline 0.005 -22"><span class='ocrx_word' id='word_1_183' title='bbox 1898 1365 2042 1410; x_wconf 90' lang='lat' dir='ltr'><strong>stum</strong></span> <span class='ocrx_word' id='word_1_184' title='bbox 2072 1356 2222 1410; x_wconf 83' lang='lat' dir='ltr'><strong>valeo</strong></span> <span class='ocrx_word' id='word_1_185' title='bbox 2246 1398 2260 1421; x_wconf 93' lang='lat'><strong>,</strong></span> <span class='ocrx_word' id='word_1_186' title='bbox 2293 1356 2573 1426; x_wconf 90' lang='lat' dir='ltr'><strong>multoque</strong></span> <span class='ocrx_word' id='word_1_187' title='bbox 2606 1371 2729 1411; x_wconf 91' lang='lat' dir='ltr'><strong>cum</strong></span> <span class='ocrx_word' id='word_1_188' title='bbox 2764 1358 2959 1411; x_wconf 79' lang='lat' dir='ltr'><strong>robore</strong></span> <span class='ocrx_word' id='word_1_189' title='bbox 2986 1376 3047 1413; x_wconf 88' lang='lat' dir='ltr'><strong>ac</strong></span> <span class='ocrx_word' id='word_1_190' title='bbox 3081 1361 3273 1413; x_wconf 90' lang='lat' dir='ltr'><strong>liducia</strong></span> <span class='ocrx_word' id='word_1_191' title='bbox 3304 1378 3469 1432; x_wconf 77' lang='lat' dir='ltr'><strong>pergo</strong></span> 
     </span>
    </p>
   </div>
   <div class='ocr_carea' id='block_1_27' title="bbox 1897 1437 3465 1522">
    <p class='ocr_par' dir='ltr' id='par_1_27' title="bbox 1897 1437 3465 1522">
     <span class='ocr_line' id='line_1_27' title="bbox 1897 1437 3465 1522; baseline 0.006 -23"><span class='ocrx_word' id='word_1_192' title='bbox 1897 1446 2159 1517; x_wconf 92' lang='lat' dir='ltr'><strong>populum</strong></span> <span class='ocrx_word' id='word_1_193' title='bbox 2191 1446 2257 1501; x_wconf 90' lang='lat' dir='ltr'><strong>de</strong></span> <span class='ocrx_word' id='word_1_194' title='bbox 2285 1448 2526 1516; x_wconf 79' lang='lat' dir='ltr'><strong>peccatis</strong></span> <span class='ocrx_word' id='word_1_195' title='bbox 2554 1457 2714 1518; x_wconf 88' lang='lat' dir='ltr'><strong>atque</strong></span> <span class='ocrx_word' id='word_1_196' title='bbox 2740 1450 3108 1519; x_wconf 82' lang='lat' dir='ltr'><strong>impietatibus</strong></span> <span class='ocrx_word' id='word_1_197' title='bbox 3137 1437 3465 1522; x_wconf 73' lang='lat' dir='ltr'><strong>coarguere;</strong></span> 
     </span>
    </p>
   </div>
   <div class='ocr_carea' id='block_1_28' title="bbox 1892 1539 3468 1614">
    <p class='ocr_par' dir='ltr' id='par_1_28' title="bbox 1892 1539 3468 1614">
     <span class='ocr_line' id='line_1_28' title="bbox 1892 1539 3468 1614; baseline 0.004 -21"><span class='ocrx_word' id='word_1_198' title='bbox 1892 1539 2072 1594; x_wconf 85' lang='lat' dir='ltr'><strong>sciens</strong></span> <span class='ocrx_word' id='word_1_199' title='bbox 2087 1539 2138 1591; x_wconf 91' lang='lat' dir='ltr'><strong>id</strong></span> <span class='ocrx_word' id='word_1_200' title='bbox 2162 1539 2269 1593; x_wconf 89' lang='lat' dir='ltr'><strong>illis</strong></span> <span class='ocrx_word' id='word_1_201' title='bbox 2287 1539 2351 1592; x_wconf 89' lang='lat' dir='ltr'><strong>ad</strong></span> <span class='ocrx_word' id='word_1_202' title='bbox 2368 1540 2799 1595; x_wconf 82' lang='lat' dir='ltr'><strong>emendationem</strong></span> <span class='ocrx_word' id='word_1_203' title='bbox 2821 1542 3183 1613; x_wconf 69' lang='lat' dir='ltr'><strong>probaturum,</strong></span> <span class='ocrx_word' id='word_1_204' title='bbox 3199 1545 3323 1613; x_wconf 83' lang='lat' dir='ltr'><strong>quia</strong></span> <span class='ocrx_word' id='word_1_205' title='bbox 3343 1560 3468 1614; x_wconf 87' lang='lat' dir='ltr'><strong>pec-</strong></span> 
     </span>
    </p>
   </div>
   <div class='ocr_carea' id='block_1_29' title="bbox 1893 1631 3465 1691">
    <p class='ocr_par' dir='ltr' id='par_1_29' title="bbox 1893 1631 3465 1691">
     <span class='ocr_line' id='line_1_29' title="bbox 1893 1631 3465 1691; baseline 0.005 -8"><span class='ocrx_word' id='word_1_206' title='bbox 1893 1638 2139 1684; x_wconf 88' lang='lat' dir='ltr'><strong>catorum</strong></span> <span class='ocrx_word' id='word_1_207' title='bbox 2158 1632 2420 1685; x_wconf 89' lang='lat' dir='ltr'><strong>memoria</strong></span> <span class='ocrx_word' id='word_1_208' title='bbox 2441 1640 2494 1686; x_wconf 91' lang='lat' dir='ltr'><strong>et</strong></span> <span class='ocrx_word' id='word_1_209' title='bbox 2519 1631 2683 1687; x_wconf 80' lang='lat' dir='ltr'><strong>l’uturi</strong></span> <span class='ocrx_word' id='word_1_210' title='bbox 2717 1634 3141 1690; x_wconf 80' lang='lat' dir='ltr'><strong>comminatione</strong></span> <span class='ocrx_word' id='word_1_211' title='bbox 3171 1634 3236 1688; x_wconf 90' lang='lat' dir='ltr'><strong>ad</strong></span> <span class='ocrx_word' id='word_1_212' title='bbox 3267 1636 3465 1691; x_wconf 84' lang='lat' dir='ltr'><strong>bonam</strong></span> 
     </span>
    </p>
   </div>
   <div class='ocr_carea' id='block_1_30' title="bbox 231 1712 1788 1795">
    <p class='ocr_par' dir='ltr' id='par_1_30' title="bbox 231 1720 1788 1795">
     <span class='ocr_line' id='line_1_30' title="bbox 231 1720 1788 1795; baseline -0.001 -17"><span class='ocrx_word' id='word_1_213' title='bbox 231 1726 450 1795; x_wconf 80' lang='grc' dir='ltr'>νισμὸν,</span> <span class='ocrx_word' id='word_1_214' title='bbox 505 1725 576 1793; x_wconf 80' lang='grc' dir='ltr'>τῇ</span> <span class='ocrx_word' id='word_1_215' title='bbox 625 1739 685 1775; x_wconf 89' lang='grc' dir='ltr'><strong>τε</strong></span> <span class='ocrx_word' id='word_1_216' title='bbox 739 1723 929 1793; x_wconf 84' lang='grc' dir='ltr'>μνήμῃ</span> <span class='ocrx_word' id='word_1_217' title='bbox 974 1720 1083 1775; x_wconf 84' lang='grc' dir='ltr'><strong>τῶν</strong></span> <span class='ocrx_word' id='word_1_218' title='bbox 1118 1723 1545 1793; x_wconf 79' lang='grc' dir='ltr'>ἁμαρτηθέντων</span> <span class='ocrx_word' id='word_1_219' title='bbox 1590 1726 1686 1777; x_wconf 71' lang='grc' dir='ltr'><strong>καὶ</strong></span> <span class='ocrx_word' id='word_1_220' title='bbox 1728 1726 1788 1794; x_wconf 76' lang='grc' dir='ltr'>τῇ</span> 
     </span>
    </p>
   </div>
   <div class='ocr_carea' id='block_1_31' title="bbox 1893 1712 3467 1795">
    <p class='ocr_par' dir='ltr' id='par_1_31' title="bbox 1898 1717 3467 1789">
     <span class='ocr_line' id='line_1_31' title="bbox 1898 1717 3467 1789; baseline 0.007 -18"><span class='ocrx_word' id='word_1_221' title='bbox 1898 1717 2104 1788; x_wconf 79' lang='lat' dir='ltr'><strong>frugem</strong></span> <span class='ocrx_word' id='word_1_222' title='bbox 2119 1720 2339 1788; x_wconf 88' lang='lat' dir='ltr'><strong>perduci</strong></span> <span class='ocrx_word' id='word_1_223' title='bbox 2366 1727 2641 1788; x_wconf 88' lang='lat' dir='ltr'><strong>poterunt.</strong></span> <span class='ocrx_word' id='word_1_224' title='bbox 2674 1740 2692 1772; x_wconf 83' lang='grc' dir='ltr'><strong>ι</strong></span> <span class='ocrx_word' id='word_1_225' title='bbox 2717 1723 2914 1778; x_wconf 80' lang='lat' dir='ltr'><strong>Audite</strong></span> <span class='ocrx_word' id='word_1_226' title='bbox 2931 1724 3063 1789; x_wconf 66' lang='lat' dir='ltr'><strong>haec,</strong></span> <span class='ocrx_word' id='word_1_227' title='bbox 3085 1724 3254 1781; x_wconf 89' lang='lat' dir='ltr'><strong>duces</strong></span> <span class='ocrx_word' id='word_1_228' title='bbox 3270 1728 3467 1783; x_wconf 85' lang='lat' dir='ltr'><strong>domus</strong></span> 
     </span>
    </p>
   </div>
   <div class='ocr_carea' id='block_1_32' title="bbox 232 1813 1796 1886">
    <p class='ocr_par' dir='ltr' id='par_1_32' title="bbox 232 1813 1796 1886">
     <span class='ocr_line' id='line_1_32' title="bbox 232 1813 1796 1886; baseline -0.001 -17"><span class='ocrx_word' id='word_1_229' title='bbox 232 1816 417 1886; x_wconf 76' lang='grc' dir='ltr'>ἀπειλῇ</span> <span class='ocrx_word' id='word_1_230' title='bbox 447 1814 559 1867; x_wconf 73' lang='grc' dir='ltr'>τῶν</span> <span class='ocrx_word' id='word_1_231' title='bbox 584 1813 881 1883; x_wconf 85' lang='grc' dir='ltr'>ἐσομένων,</span> <span class='ocrx_word' id='word_1_232' title='bbox 915 1813 1050 1885; x_wconf 83' lang='grc' dir='ltr'>πρὸς</span> <span class='ocrx_word' id='word_1_233' title='bbox 1081 1813 1142 1866; x_wconf 83' lang='grc' dir='ltr'><strong>τὸ</strong></span> <span class='ocrx_word' id='word_1_234' title='bbox 1173 1813 1290 1866; x_wconf 87' lang='grc' dir='ltr'>δέον</span> <span class='ocrx_word' id='word_1_235' title='bbox 1320 1814 1607 1882; x_wconf 79' lang='grc' dir='ltr'>ἐνάγεσθαι</span> <span class='ocrx_word' id='word_1_236' title='bbox 1634 1814 1796 1868; x_wconf 85' lang='grc' dir='ltr'>δυνα-</span> 
     </span>
    </p>
   </div>
   <div class='ocr_carea' id='block_1_33' title="bbox 234 1905 1793 1978">
    <p class='ocr_par' dir='ltr' id='par_1_33' title="bbox 234 1905 1793 1978">
     <span class='ocr_line' id='line_1_33' title="bbox 234 1905 1793 1978; baseline 0.001 -17"><span class='ocrx_word' id='word_1_237' title='bbox 234 1910 425 1978; x_wconf 67' lang='grc' dir='ltr'>μένοιςι</span> <span class='ocrx_word' id='word_1_238' title='bbox 474 1927 493 1959; x_wconf 80' lang='grc' dir='ltr'><strong>ι</strong></span> <span class='ocrx_word' id='word_1_239' title='bbox 547 1906 840 1959; x_wconf 81' lang='grc' dir='ltr'>Ἀκούσατε</span> <span class='ocrx_word' id='word_1_240' title='bbox 876 1905 944 1975; x_wconf 81' lang='grc' dir='ltr'>δὴ</span> <span class='ocrx_word' id='word_1_241' title='bbox 982 1906 1174 1971; x_wconf 86' lang='grc' dir='ltr'>ταῦτα,</span> <span class='ocrx_word' id='word_1_242' title='bbox 1222 1907 1285 1958; x_wconf 77' lang='grc' dir='ltr'><strong>οί</strong></span> <span class='ocrx_word' id='word_1_243' title='bbox 1314 1906 1607 1977; x_wconf 80' lang='grc' dir='ltr'>ἡγούμενοι</span> <span class='ocrx_word' id='word_1_244' title='bbox 1642 1909 1793 1962; x_wconf 84' lang='grc' dir='ltr'>οίκου</span> 
     </span>
    </p>
   </div>
   <div class='ocr_carea' id='block_1_34' title="bbox 241 1995 1789 2067">
    <p class='ocr_par' dir='ltr' id='par_1_34' title="bbox 241 1995 1789 2067">
     <span class='ocr_line' id='line_1_34' title="bbox 241 1995 1789 2067; baseline -0.002 -16"><span class='ocrx_word' id='word_1_245' title='bbox 241 1997 445 2062; x_wconf 81' lang='grc' dir='ltr'>Ἰακὼϐ,</span> <span class='ocrx_word' id='word_1_246' title='bbox 487 2000 567 2067; x_wconf 85' lang='lat' dir='ltr'><strong>(p.</strong></span> <span class='ocrx_word' id='word_1_247' title='bbox 598 1996 726 2067; x_wconf 71' lang='lat'><strong>279)</strong></span> <span class='ocrx_word' id='word_1_248' title='bbox 759 1995 853 2048; x_wconf 78' lang='grc' dir='ltr'><strong>καὶ</strong></span> <span class='ocrx_word' id='word_1_249' title='bbox 880 1996 931 2048; x_wconf 81' lang='lat' dir='ltr'><strong>oi</strong></span> <span class='ocrx_word' id='word_1_250' title='bbox 962 1995 1280 2049; x_wconf 84' lang='grc' dir='ltr'>κατάλοιποι</span> <span class='ocrx_word' id='word_1_251' title='bbox 1305 1996 1456 2048; x_wconf 84' lang='grc' dir='ltr'>οίκου</span> <span class='ocrx_word' id='word_1_252' title='bbox 1494 1996 1733 2067; x_wconf 74' lang='grc' dir='ltr'>Ἰσραήλ.</span> <span class='ocrx_word' id='word_1_253' title='bbox 1770 2014 1789 2048; x_wconf 71' lang='grc' dir='ltr'><strong>ι</strong></span> 
     </span>
    </p>
   </div>
   <div class='ocr_carea' id='block_1_35' title="bbox 238 2086 1797 2159">
    <p class='ocr_par' dir='ltr' id='par_1_35' title="bbox 238 2086 1797 2159">
     <span class='ocr_line' id='line_1_35' title="bbox 238 2086 1797 2159; baseline -0.001 -16"><span class='ocrx_word' id='word_1_254' title='bbox 238 2091 399 2159; x_wconf 81' lang='grc' dir='ltr'>’Υπὲρ</span> <span class='ocrx_word' id='word_1_255' title='bbox 429 2089 495 2158; x_wconf 83' lang='grc' dir='ltr'>δὴ</span> <span class='ocrx_word' id='word_1_256' title='bbox 528 2087 703 2140; x_wconf 84' lang='grc' dir='ltr'>ταῦτα</span> <span class='ocrx_word' id='word_1_257' title='bbox 733 2086 927 2139; x_wconf 87' lang='grc' dir='ltr'>τούτου</span> <span class='ocrx_word' id='word_1_258' title='bbox 947 2124 963 2150; x_wconf 90' lang='grc'><strong>,</strong></span> <span class='ocrx_word' id='word_1_259' title='bbox 1002 2087 1133 2157; x_wconf 74' lang='grc' dir='ltr'>φησὶ</span> <span class='ocrx_word' id='word_1_260' title='bbox 1153 2126 1167 2149; x_wconf 93' lang='grc'><strong>,</strong></span> <span class='ocrx_word' id='word_1_261' title='bbox 1203 2087 1382 2141; x_wconf 85' lang='grc' dir='ltr'>κοινὸν</span> <span class='ocrx_word' id='word_1_262' title='bbox 1414 2088 1548 2157; x_wconf 79' lang='grc' dir='ltr'>πρός</span> <span class='ocrx_word' id='word_1_263' title='bbox 1578 2105 1638 2140; x_wconf 92' lang='grc' dir='ltr'><strong>τε</strong></span> <span class='ocrx_word' id='word_1_264' title='bbox 1670 2090 1797 2152; x_wconf 77' lang='grc' dir='ltr'>τοὺς</span> 
     </span>
    </p>
   </div>
   <div class='ocr_carea' id='block_1_36' title="bbox 228 2178 1795 2251">
    <p class='ocr_par' dir='ltr' id='par_1_36' title="bbox 228 2178 1795 2251">
     <span class='ocr_line' id='line_1_36' title="bbox 228 2178 1795 2251; baseline 0.001 -18"><span class='ocrx_word' id='word_1_265' title='bbox 228 2181 555 2251; x_wconf 65' lang='grc' dir='ltr'>ᾗτουμένους</span> <span class='ocrx_word' id='word_1_266' title='bbox 589 2180 685 2232; x_wconf 78' lang='grc' dir='ltr'>καὶ</span> <span class='ocrx_word' id='word_1_267' title='bbox 721 2179 850 2242; x_wconf 77' lang='grc' dir='ltr'>τοὺς</span> <span class='ocrx_word' id='word_1_268' title='bbox 877 2178 1099 2242; x_wconf 83' lang='grc' dir='ltr'>λοιποὺς</span> <span class='ocrx_word' id='word_1_269' title='bbox 1128 2179 1374 2243; x_wconf 74' lang='grc' dir='ltr'>ἃπαντας</span> <span class='ocrx_word' id='word_1_270' title='bbox 1403 2180 1662 2251; x_wconf 80' lang='grc' dir='ltr'>ποιοῦμαι</span> <span class='ocrx_word' id='word_1_271' title='bbox 1704 2181 1795 2234; x_wconf 80' lang='grc' dir='ltr'><strong>τὸν</strong></span> 
     </span>
    </p>
   </div>
   <div class='ocr_carea' id='block_1_37' title="bbox 226 2268 1792 2342">
    <p class='ocr_par' dir='ltr' id='par_1_37' title="bbox 226 2268 1792 2342">
     <span class='ocr_line' id='line_1_37' title="bbox 226 2268 1792 2342; baseline 0.001 -19"><span class='ocrx_word' id='word_1_272' title='bbox 226 2271 392 2338; x_wconf 72' lang='grc' dir='ltr'>λόγον,</span> <span class='ocrx_word' id='word_1_273' title='bbox 409 2269 688 2334; x_wconf 78' lang='grc' dir='ltr'>ὀνειδίζων</span> <span class='ocrx_word' id='word_1_274' title='bbox 705 2269 835 2338; x_wconf 85' lang='grc' dir='ltr'>ὑμῖν</span> <span class='ocrx_word' id='word_1_275' title='bbox 854 2268 923 2321; x_wconf 80' lang='grc' dir='ltr'>τὰ</span> <span class='ocrx_word' id='word_1_276' title='bbox 946 2269 1327 2339; x_wconf 87' lang='grc' dir='ltr'>πεπραγμένα.</span> <span class='ocrx_word' id='word_1_277' title='bbox 1354 2271 1485 2323; x_wconf 86' lang='grc' dir='ltr'>Ποῖα</span> <span class='ocrx_word' id='word_1_278' title='bbox 1503 2270 1568 2342; x_wconf 81' lang='grc' dir='ltr'>δὴ</span> <span class='ocrx_word' id='word_1_279' title='bbox 1588 2270 1792 2335; x_wconf 58' lang='lat' dir='ltr'><strong>suum;</strong></span> 
     </span>
    </p>
   </div>
   <div class='ocr_carea' id='block_1_38' title="bbox 233 2359 1794 2432">
    <p class='ocr_par' dir='ltr' id='par_1_38' title="bbox 233 2359 1794 2432">
     <span class='ocr_line' id='line_1_38' title="bbox 233 2359 1794 2432; baseline 0.003 -21"><span class='ocrx_word' id='word_1_280' title='bbox 233 2379 249 2411; x_wconf 85' lang='grc' dir='ltr'><strong>ι</strong></span> <span class='ocrx_word' id='word_1_281' title='bbox 281 2362 343 2414; x_wconf 80' lang='grc' dir='ltr'><strong>ΟΞ</strong></span> <span class='ocrx_word' id='word_1_282' title='bbox 378 2360 799 2430; x_wconf 84' lang='grc' dir='ltr'>βδελυσσόμενοι</span> <span class='ocrx_word' id='word_1_283' title='bbox 832 2361 1033 2430; x_wconf 76' lang='grc' dir='ltr'>κρῖμα,</span> <span class='ocrx_word' id='word_1_284' title='bbox 1075 2359 1254 2413; x_wconf 82' lang='grc' dir='ltr'>πάντα</span> <span class='ocrx_word' id='word_1_285' title='bbox 1280 2360 1349 2413; x_wconf 82' lang='grc' dir='ltr'>τὰ</span> <span class='ocrx_word' id='word_1_286' title='bbox 1386 2360 1522 2432; x_wconf 83' lang='grc' dir='ltr'><strong>ὀρθά</strong></span> <span class='ocrx_word' id='word_1_287' title='bbox 1548 2362 1794 2432; x_wconf 86' lang='grc' dir='ltr'>διαστρέ-</span> 
     </span>
    </p>
   </div>
   <div class='ocr_carea' id='block_1_39' title="bbox 229 2450 1792 2522">
    <p class='ocr_par' dir='ltr' id='par_1_39' title="bbox 229 2450 1792 2522">
     <span class='ocr_line' id='line_1_39' title="bbox 229 2450 1792 2522; baseline 0.001 -16"><span class='ocrx_word' id='word_1_288' title='bbox 229 2471 429 2521; x_wconf 61' lang='grc' dir='ltr'>ςιοντες.</span> <span class='ocrx_word' id='word_1_289' title='bbox 471 2471 492 2503; x_wconf 72' lang='grc' dir='ltr'><strong>ι</strong></span> <span class='ocrx_word' id='word_1_290' title='bbox 529 2453 593 2504; x_wconf 80' lang='grc' dir='ltr'><strong>Οἱ</strong></span> <span class='ocrx_word' id='word_1_291' title='bbox 616 2451 678 2505; x_wconf 81' lang='grc' dir='ltr'><strong>τὸ</strong></span> <span class='ocrx_word' id='word_1_292' title='bbox 706 2450 806 2520; x_wconf 85' lang='grc' dir='ltr'><strong>μὲν</strong></span> <span class='ocrx_word' id='word_1_293' title='bbox 834 2452 1174 2522; x_wconf 78' lang='grc' dir='ltr'>κεκριμένως</span> <span class='ocrx_word' id='word_1_294' title='bbox 1201 2454 1577 2522; x_wconf 84' lang='grc' dir='ltr'>διαγινώσκειν</span> <span class='ocrx_word' id='word_1_295' title='bbox 1604 2456 1669 2508; x_wconf 80' lang='grc' dir='ltr'><strong>ἐκ</strong></span> <span class='ocrx_word' id='word_1_296' title='bbox 1694 2454 1792 2509; x_wconf 89' lang='grc' dir='ltr'><strong>τοῦ</strong></span> 
     </span>
    </p>
   </div>
   <div class='ocr_carea' id='block_1_40' title="bbox 227 2544 1792 2617">
    <p class='ocr_par' dir='ltr' id='par_1_40' title="bbox 227 2544 1792 2617">
     <span class='ocr_line' id='line_1_40' title="bbox 227 2544 1792 2617; baseline -0.002 -16"><span class='ocrx_word' id='word_1_297' title='bbox 227 2547 387 2601; x_wconf 83' lang='grc' dir='ltr'>κακοῦ</span> <span class='ocrx_word' id='word_1_298' title='bbox 428 2548 491 2600; x_wconf 83' lang='grc' dir='ltr'><strong>τὸ</strong></span> <span class='ocrx_word' id='word_1_299' title='bbox 511 2549 760 2617; x_wconf 87' lang='grc' dir='ltr'>κρεῖττον</span> <span class='ocrx_word' id='word_1_300' title='bbox 781 2545 1268 2615; x_wconf 77' lang='grc' dir='ltr'>ἀποστρεφόμενοι,</span> <span class='ocrx_word' id='word_1_301' title='bbox 1293 2545 1350 2597; x_wconf 75' lang='grc' dir='ltr'>ὲν</span> <span class='ocrx_word' id='word_1_302' title='bbox 1371 2544 1588 2615; x_wconf 87' lang='grc' dir='ltr'>διαϐολῇ</span> <span class='ocrx_word' id='word_1_303' title='bbox 1620 2545 1675 2598; x_wconf 84' lang='grc' dir='ltr'><strong>δέ</strong></span> <span class='ocrx_word' id='word_1_304' title='bbox 1712 2563 1792 2599; x_wconf 78' lang='grc' dir='ltr'>τι·</span> 
     </span>
    </p>
   </div>
   <div class='ocr_carea' id='block_1_41' title="bbox 229 2635 1792 2707">
    <p class='ocr_par' dir='ltr' id='par_1_41' title="bbox 229 2635 1792 2707">
     <span class='ocr_line' id='line_1_41' title="bbox 229 2635 1792 2707; baseline -0.001 -19"><span class='ocrx_word' id='word_1_305' title='bbox 229 2638 427 2706; x_wconf 77' lang='grc' dir='ltr'>θέμενοι</span> <span class='ocrx_word' id='word_1_306' title='bbox 453 2638 552 2690; x_wconf 79' lang='grc' dir='ltr'>καὶ</span> <span class='ocrx_word' id='word_1_307' title='bbox 576 2636 643 2689; x_wconf 76' lang='grc' dir='ltr'><strong>τὰ</strong></span> <span class='ocrx_word' id='word_1_308' title='bbox 668 2635 798 2706; x_wconf 82' lang='grc' dir='ltr'>παρ’</span> <span class='ocrx_word' id='word_1_309' title='bbox 830 2635 1032 2704; x_wconf 84' lang='grc' dir='ltr'>ἐτέρων</span> <span class='ocrx_word' id='word_1_310' title='bbox 1054 2635 1322 2705; x_wconf 80' lang='grc' dir='ltr'>λεγόμενά</span> <span class='ocrx_word' id='word_1_311' title='bbox 1352 2652 1409 2689; x_wconf 89' lang='grc' dir='ltr'><strong>τε</strong></span> <span class='ocrx_word' id='word_1_312' title='bbox 1442 2637 1536 2688; x_wconf 77' lang='grc' dir='ltr'><strong>καὶ</strong></span> <span class='ocrx_word' id='word_1_313' title='bbox 1563 2635 1792 2707; x_wconf 85' lang='grc' dir='ltr'>πραττό-</span> 
     </span>
    </p>
   </div>
   <div class='ocr_carea' id='block_1_42' title="bbox 233 2725 1789 2798">
    <p class='ocr_par' dir='ltr' id='par_1_42' title="bbox 233 2725 1789 2798">
     <span class='ocr_line' id='line_1_42' title="bbox 233 2725 1789 2798; baseline -0.001 -17"><span class='ocrx_word' id='word_1_314' title='bbox 233 2732 461 2796; x_wconf 78' lang='grc' dir='ltr'>μεναείς</span> <span class='ocrx_word' id='word_1_315' title='bbox 493 2728 636 2791; x_wconf 84' lang='grc' dir='ltr'>δέον,</span> <span class='ocrx_word' id='word_1_316' title='bbox 670 2726 810 2779; x_wconf 84' lang='grc' dir='ltr'>ὥστε</span> <span class='ocrx_word' id='word_1_317' title='bbox 844 2726 937 2778; x_wconf 71' lang='grc' dir='ltr'>καὶ</span> <span class='ocrx_word' id='word_1_318' title='bbox 967 2728 1079 2789; x_wconf 88' lang='grc' dir='ltr'>τοῖς</span> <span class='ocrx_word' id='word_1_319' title='bbox 1115 2725 1270 2797; x_wconf 77' lang='grc' dir='ltr'>ἡμῶν</span> <span class='ocrx_word' id='word_1_320' title='bbox 1300 2727 1593 2798; x_wconf 74' lang='grc' dir='ltr'>προφητῶν</span> <span class='ocrx_word' id='word_1_321' title='bbox 1628 2728 1789 2781; x_wconf 81' lang='grc' dir='ltr'>ἀπει-</span> 
     </span>
    </p>
   </div>
   <div class='ocr_carea' id='block_1_43' title="bbox 232 2817 1789 2889">
    <p class='ocr_par' dir='ltr' id='par_1_43' title="bbox 232 2817 1789 2889">
     <span class='ocr_line' id='line_1_43' title="bbox 232 2817 1789 2889; baseline -0.001 -17"><span class='ocrx_word' id='word_1_322' title='bbox 232 2819 337 2872; x_wconf 85' lang='grc' dir='ltr'>θεῖν</span> <span class='ocrx_word' id='word_1_323' title='bbox 357 2820 556 2889; x_wconf 74' lang='grc' dir='ltr'>λόγοις.</span> <span class='ocrx_word' id='word_1_324' title='bbox 597 2838 616 2871; x_wconf 84' lang='grc' dir='ltr'><strong>ι</strong></span> <span class='ocrx_word' id='word_1_325' title='bbox 656 2820 718 2872; x_wconf 85' lang='grc' dir='ltr'>Οἱ</span> <span class='ocrx_word' id='word_1_326' title='bbox 748 2817 1155 2889; x_wconf 77' lang='grc' dir='ltr'>οἰκοδομοῦντες</span> <span class='ocrx_word' id='word_1_327' title='bbox 1189 2818 1327 2870; x_wconf 85' lang='grc' dir='ltr'>Σιὼν</span> <span class='ocrx_word' id='word_1_328' title='bbox 1356 2820 1413 2870; x_wconf 78' lang='grc' dir='ltr'><strong>ἐν</strong></span> <span class='ocrx_word' id='word_1_329' title='bbox 1453 2819 1668 2889; x_wconf 81' lang='grc' dir='ltr'>αἵμασι,</span> <span class='ocrx_word' id='word_1_330' title='bbox 1698 2820 1789 2873; x_wconf 72' lang='grc' dir='ltr'>καὶ</span> 
     </span>
    </p>
   </div>
   <div class='ocr_carea' id='block_1_44' title="bbox 246 2907 1789 2985">
    <p class='ocr_par' dir='ltr' id='par_1_44' title="bbox 246 2907 1789 2985">
     <span class='ocr_line' id='line_1_44' title="bbox 246 2907 1789 2985; baseline 0.002 -24"><span class='ocrx_word' id='word_1_331' title='bbox 246 2910 583 2981; x_wconf 67' lang='grc' dir='ltr'>Ίερωσαλὴμ</span> <span class='ocrx_word' id='word_1_332' title='bbox 612 2912 671 2962; x_wconf 82' lang='grc' dir='ltr'><strong>ἐν</strong></span> <span class='ocrx_word' id='word_1_333' title='bbox 706 2910 966 2971; x_wconf 79' lang='grc' dir='ltr'>ἀδικίαις.</span> <span class='ocrx_word' id='word_1_334' title='bbox 1002 2927 1022 2960; x_wconf 73' lang='grc' dir='ltr'><strong>ι</strong></span> <span class='ocrx_word' id='word_1_335' title='bbox 1056 2907 1460 2985; x_wconf 65' lang='grc' dir='ltr'>ῐζεπληρώκατε</span> <span class='ocrx_word' id='word_1_336' title='bbox 1493 2912 1670 2964; x_wconf 82' lang='grc' dir='ltr'>πᾶσαν</span> <span class='ocrx_word' id='word_1_337' title='bbox 1694 2912 1789 2964; x_wconf 86' lang='grc' dir='ltr'>αύ-</span> 
     </span>
    </p>
   </div>
   <div class='ocr_carea' id='block_1_45' title="bbox 233 3001 1787 3072">
    <p class='ocr_par' dir='ltr' id='par_1_45' title="bbox 233 3001 1787 3072">
     <span class='ocr_line' id='line_1_45' title="bbox 233 3001 1787 3072; baseline 0.001 -18"><span class='ocrx_word' id='word_1_338' title='bbox 233 3003 320 3072; x_wconf 75' lang='grc' dir='ltr'><strong>την</strong></span> <span class='ocrx_word' id='word_1_339' title='bbox 344 3004 515 3070; x_wconf 64' lang='grc' dir='ltr'>φόνων</span> <span class='ocrx_word' id='word_1_340' title='bbox 548 3003 646 3055; x_wconf 76' lang='grc' dir='ltr'><strong>καὶ</strong></span> <span class='ocrx_word' id='word_1_341' title='bbox 686 3001 923 3063; x_wconf 87' lang='grc' dir='ltr'>ἀδικίας.</span> <span class='ocrx_word' id='word_1_342' title='bbox 966 3019 986 3052; x_wconf 77' lang='grc' dir='ltr'><strong>ι</strong></span> <span class='ocrx_word' id='word_1_343' title='bbox 1030 3001 1093 3053; x_wconf 78' lang='lat' dir='ltr'><strong>Oi</strong></span> <span class='ocrx_word' id='word_1_344' title='bbox 1123 3002 1414 3072; x_wconf 79' lang='grc' dir='ltr'>ἡγούμενοι</span> <span class='ocrx_word' id='word_1_345' title='bbox 1449 3002 1617 3072; x_wconf 82' lang='grc' dir='ltr'>αὐτῆς</span> <span class='ocrx_word' id='word_1_346' title='bbox 1649 3004 1787 3072; x_wconf 66' lang='grc' dir='ltr'>μετὰ</span> 
     </span>
    </p>
   </div>
   <div class='ocr_carea' id='block_1_46' title="bbox 231 3090 1785 3163">
    <p class='ocr_par' dir='ltr' id='par_1_46' title="bbox 231 3090 1785 3163">
     <span class='ocr_line' id='line_1_46' title="bbox 231 3090 1785 3163; baseline 0 -20"><span class='ocrx_word' id='word_1_347' title='bbox 231 3092 402 3163; x_wconf 80' lang='grc' dir='ltr'>δώρων</span> <span class='ocrx_word' id='word_1_348' title='bbox 444 3093 697 3162; x_wconf 77' lang='grc' dir='ltr'>ἔκρινον,</span> <span class='ocrx_word' id='word_1_349' title='bbox 741 3093 838 3143; x_wconf 75' lang='grc' dir='ltr'>καὶ</span> <span class='ocrx_word' id='word_1_350' title='bbox 874 3092 923 3143; x_wconf 80' lang='lat' dir='ltr'><strong>oi</strong></span> <span class='ocrx_word' id='word_1_351' title='bbox 976 3091 1138 3161; x_wconf 76' lang='grc' dir='ltr'>ἱερεῖς</span> <span class='ocrx_word' id='word_1_352' title='bbox 1186 3091 1359 3160; x_wconf 86' lang='grc' dir='ltr'>αὐτῆς</span> <span class='ocrx_word' id='word_1_353' title='bbox 1409 3090 1545 3160; x_wconf 85' lang='grc' dir='ltr'>μετὰ</span> <span class='ocrx_word' id='word_1_354' title='bbox 1595 3090 1785 3162; x_wconf 78' lang='grc' dir='ltr'>μισθοῦ</span> 
     </span>
    </p>
   </div>
   <div class='ocr_carea' id='block_1_47' title="bbox 228 3182 1785 3255">
    <p class='ocr_par' dir='ltr' id='par_1_47' title="bbox 228 3182 1785 3255">
     <span class='ocr_line' id='line_1_47' title="bbox 228 3182 1785 3255; baseline -0.001 -20"><span class='ocrx_word' id='word_1_355' title='bbox 228 3184 591 3255; x_wconf 81' lang='grc' dir='ltr'>ἁπεκρίνοντο,</span> <span class='ocrx_word' id='word_1_356' title='bbox 632 3184 727 3235; x_wconf 76' lang='grc' dir='ltr'>καὶ</span> <span class='ocrx_word' id='word_1_357' title='bbox 764 3184 813 3235; x_wconf 76' lang='lat' dir='ltr'><strong>oi</strong></span> <span class='ocrx_word' id='word_1_358' title='bbox 845 3182 1117 3252; x_wconf 81' lang='grc' dir='ltr'>προφῆται</span> <span class='ocrx_word' id='word_1_359' title='bbox 1146 3183 1314 3252; x_wconf 76' lang='grc' dir='ltr'>αὐτῆς</span> <span class='ocrx_word' id='word_1_360' title='bbox 1348 3182 1485 3252; x_wconf 81' lang='grc' dir='ltr'>μετὰ</span> <span class='ocrx_word' id='word_1_361' title='bbox 1521 3182 1785 3252; x_wconf 78' lang='grc' dir='ltr'>ἀργυρίου</span> 
     </span>
    </p>
   </div>
   <div class='ocr_carea' id='block_1_48' title="bbox 225 3271 1785 3345">
    <p class='ocr_par' dir='ltr' id='par_1_48' title="bbox 225 3271 1785 3345">
     <span class='ocr_line' id='line_1_48' title="bbox 225 3271 1785 3345; baseline -0.001 -19"><span class='ocrx_word' id='word_1_362' title='bbox 225 3275 576 3345; x_wconf 77' lang='grc' dir='ltr'>ἐμαντεύοντο</span> <span class='ocrx_word' id='word_1_363' title='bbox 596 3314 612 3337; x_wconf 91' lang='grc'><strong>,</strong></span> <span class='ocrx_word' id='word_1_364' title='bbox 646 3274 741 3326; x_wconf 71' lang='grc' dir='ltr'>καὶ</span> <span class='ocrx_word' id='word_1_365' title='bbox 774 3272 869 3325; x_wconf 68' lang='grc' dir='ltr'>ἐπὶ</span> <span class='ocrx_word' id='word_1_366' title='bbox 895 3272 988 3324; x_wconf 79' lang='grc' dir='ltr'><strong>τὸν</strong></span> <span class='ocrx_word' id='word_1_367' title='bbox 1021 3273 1225 3343; x_wconf 81' lang='grc' dir='ltr'>Κύριον</span> <span class='ocrx_word' id='word_1_368' title='bbox 1265 3271 1670 3325; x_wconf 80' lang='grc' dir='ltr'>ἐπανεπαύοντο</span> <span class='ocrx_word' id='word_1_369' title='bbox 1696 3273 1785 3324; x_wconf 85' lang='grc' dir='ltr'>λέ-</span> 
     </span>
    </p>
   </div>
   <div class='ocr_carea' id='block_1_49' title="bbox 225 3363 1786 3435">
    <p class='ocr_par' dir='ltr' id='par_1_49' title="bbox 225 3363 1786 3435">
     <span class='ocr_line' id='line_1_49' title="bbox 225 3363 1786 3435; baseline -0.003 -17"><span class='ocrx_word' id='word_1_370' title='bbox 225 3382 420 3435; x_wconf 65' lang='grc' dir='ltr'>γοντεςο</span> <span class='ocrx_word' id='word_1_371' title='bbox 446 3366 586 3435; x_wconf 74' lang='grc' dir='ltr'>Οὐχὶ</span> <span class='ocrx_word' id='word_1_372' title='bbox 612 3364 817 3435; x_wconf 81' lang='grc' dir='ltr'>Κύριος</span> <span class='ocrx_word' id='word_1_373' title='bbox 844 3366 902 3417; x_wconf 85' lang='grc' dir='ltr'>ὲν</span> <span class='ocrx_word' id='word_1_374' title='bbox 927 3365 1056 3432; x_wconf 77' lang='grc' dir='ltr'>ἡμῖν</span> <span class='ocrx_word' id='word_1_375' title='bbox 1078 3365 1254 3428; x_wconf 62' lang='lat' dir='ltr'><strong>tactv;</strong></span> <span class='ocrx_word' id='word_1_376' title='bbox 1280 3364 1341 3416; x_wconf 82' lang='grc' dir='ltr'>οὐ</span> <span class='ocrx_word' id='word_1_377' title='bbox 1372 3363 1445 3434; x_wconf 83' lang='grc' dir='ltr'>μὴ</span> <span class='ocrx_word' id='word_1_378' title='bbox 1476 3363 1677 3435; x_wconf 81' lang='grc' dir='ltr'>ἐπέλθῃ</span> <span class='ocrx_word' id='word_1_379' title='bbox 1704 3365 1786 3431; x_wconf 67' lang='grc' dir='ltr'><strong>ἐφ’</strong></span> 
     </span>
    </p>
   </div>
   <div class='ocr_carea' id='block_1_50' title="bbox 223 3454 1785 3528">
    <p class='ocr_par' dir='ltr' id='par_1_50' title="bbox 223 3454 1785 3528">
     <span class='ocr_line' id='line_1_50' title="bbox 223 3454 1785 3528; baseline -0.004 -15"><span class='ocrx_word' id='word_1_380' title='bbox 223 3460 359 3528; x_wconf 64' lang='grc' dir='ltr'>ἡμᾶς</span> <span class='ocrx_word' id='word_1_381' title='bbox 387 3459 554 3511; x_wconf 80' lang='grc' dir='ltr'>κακά.</span> <span class='ocrx_word' id='word_1_382' title='bbox 604 3476 623 3507; x_wconf 69' lang='grc' dir='ltr'><strong>ι</strong></span> <span class='ocrx_word' id='word_1_383' title='bbox 656 3457 719 3510; x_wconf 82' lang='lat' dir='ltr'><strong>Oi</strong></span> <span class='ocrx_word' id='word_1_384' title='bbox 754 3455 854 3526; x_wconf 82' lang='grc' dir='ltr'><strong>μὲν</strong></span> <span class='ocrx_word' id='word_1_385' title='bbox 884 3455 993 3525; x_wconf 80' lang='grc' dir='ltr'>γὰρ</span> <span class='ocrx_word' id='word_1_386' title='bbox 1025 3454 1344 3525; x_wconf 80' lang='grc' dir='ltr'>ἐξάρχοντες</span> <span class='ocrx_word' id='word_1_387' title='bbox 1367 3454 1558 3508; x_wconf 83' lang='grc' dir='ltr'>οὐδένα</span> <span class='ocrx_word' id='word_1_388' title='bbox 1581 3454 1675 3506; x_wconf 88' lang='grc' dir='ltr'><strong>τοῦ</strong></span> <span class='ocrx_word' id='word_1_389' title='bbox 1704 3455 1785 3507; x_wconf 87' lang='grc' dir='ltr'>δι-</span> 
     </span>
    </p>
   </div>
   <div class='ocr_carea' id='block_1_51' title="bbox 222 3547 1790 3620">
    <p class='ocr_par' dir='ltr' id='par_1_51' title="bbox 222 3547 1790 3620">
     <span class='ocr_line' id='line_1_51' title="bbox 222 3547 1790 3620; baseline -0.001 -20"><span class='ocrx_word' id='word_1_390' title='bbox 222 3548 366 3603; x_wconf 80' lang='grc' dir='ltr'>καίου</span> <span class='ocrx_word' id='word_1_391' title='bbox 400 3550 679 3603; x_wconf 85' lang='grc' dir='ltr'>ποιεῖσθαι</span> <span class='ocrx_word' id='word_1_392' title='bbox 720 3548 880 3616; x_wconf 79' lang='grc' dir='ltr'>λόγον</span> <span class='ocrx_word' id='word_1_393' title='bbox 909 3547 1202 3612; x_wconf 82' lang='grc' dir='ltr'>ἐθέλοντες,</span> <span class='ocrx_word' id='word_1_394' title='bbox 1239 3547 1536 3620; x_wconf 82' lang='grc' dir='ltr'>χρημάτων</span> <span class='ocrx_word' id='word_1_395' title='bbox 1578 3551 1635 3600; x_wconf 79' lang='grc' dir='ltr'><strong>ἐν</strong></span> <span class='ocrx_word' id='word_1_396' title='bbox 1669 3551 1790 3611; x_wconf 84' lang='grc' dir='ltr'>ταῖς</span> 
     </span>
    </p>
   </div>
   <div class='ocr_carea' id='block_1_52' title="bbox 220 3638 1792 3719">
    <p class='ocr_par' dir='ltr' id='par_1_52' title="bbox 220 3638 1792 3719">
     <span class='ocr_line' id='line_1_52' title="bbox 220 3638 1792 3719; baseline -0.001 -28"><span class='ocrx_word' id='word_1_397' title='bbox 220 3640 455 3709; x_wconf 76' lang='grc' dir='ltr'>κρίσεσιν</span> <span class='ocrx_word' id='word_1_398' title='bbox 483 3638 731 3693; x_wconf 74' lang='grc' dir='ltr'>ἐπώλουν</span> <span class='ocrx_word' id='word_1_399' title='bbox 768 3639 826 3692; x_wconf 84' lang='grc' dir='ltr'>τὸ</span> <span class='ocrx_word' id='word_1_400' title='bbox 855 3638 1082 3719; x_wconf 70' lang='grc' dir='ltr'>δίκαιον·</span> <span class='ocrx_word' id='word_1_401' title='bbox 1120 3641 1169 3692; x_wconf 76' lang='lat' dir='ltr'><strong>oi</strong></span> <span class='ocrx_word' id='word_1_402' title='bbox 1212 3639 1269 3692; x_wconf 86' lang='grc' dir='ltr'>δὲ</span> <span class='ocrx_word' id='word_1_403' title='bbox 1304 3642 1361 3691; x_wconf 83' lang='grc' dir='ltr'><strong>ἐν</strong></span> <span class='ocrx_word' id='word_1_404' title='bbox 1388 3640 1466 3710; x_wconf 86' lang='grc' dir='ltr'>τῷ</span> <span class='ocrx_word' id='word_1_405' title='bbox 1496 3638 1792 3709; x_wconf 75' lang='grc' dir='ltr'>ἱερατεύειν</span> 
     </span>
    </p>
   </div>
   <div class='ocr_carea' id='block_1_53' title="bbox 218 3729 1791 3802">
    <p class='ocr_par' dir='ltr' id='par_1_53' title="bbox 218 3729 1791 3802">
     <span class='ocr_line' id='line_1_53' title="bbox 218 3729 1791 3802; baseline -0.001 -19"><span class='ocrx_word' id='word_1_406' title='bbox 218 3732 575 3794; x_wconf 81' lang='grc' dir='ltr'>καθεστῶτες,</span> <span class='ocrx_word' id='word_1_407' title='bbox 617 3729 678 3793; x_wconf 82' lang='grc' dir='ltr'><strong>ἐξ</strong></span> <span class='ocrx_word' id='word_1_408' title='bbox 720 3730 937 3794; x_wconf 78' lang='grc' dir='ltr'>ἀδικίας</span> <span class='ocrx_word' id='word_1_409' title='bbox 973 3732 1229 3801; x_wconf 84' lang='grc' dir='ltr'>χρήματα</span> <span class='ocrx_word' id='word_1_410' title='bbox 1274 3735 1338 3801; x_wconf 83' lang='grc' dir='ltr'>τῇ</span> <span class='ocrx_word' id='word_1_411' title='bbox 1380 3733 1647 3802; x_wconf 72' lang='grc' dir='ltr'>προφάσει</span> <span class='ocrx_word' id='word_1_412' title='bbox 1691 3732 1791 3799; x_wconf 80' lang='grc' dir='ltr'>τῆς</span> 
     </span>
    </p>
   </div>
   <div class='ocr_carea' id='block_1_54' title="bbox 220 3821 1786 3894">
    <p class='ocr_par' dir='ltr' id='par_1_54' title="bbox 220 3821 1786 3894">
     <span class='ocr_line' id='line_1_54' title="bbox 220 3821 1786 3894; baseline 0.001 -22"><span class='ocrx_word' id='word_1_413' title='bbox 220 3825 503 3891; x_wconf 74' lang='grc' dir='ltr'>Ξερατείας,</span> <span class='ocrx_word' id='word_1_414' title='bbox 532 3823 724 3894; x_wconf 75' lang='grc' dir='ltr'>ὥσπερ</span> <span class='ocrx_word' id='word_1_415' title='bbox 746 3821 896 3883; x_wconf 80' lang='grc' dir='ltr'>τινὰς</span> <span class='ocrx_word' id='word_1_416' title='bbox 920 3822 1143 3891; x_wconf 75' lang='grc' dir='ltr'>μισθους</span> <span class='ocrx_word' id='word_1_417' title='bbox 1168 3823 1442 3890; x_wconf 85' lang='grc' dir='ltr'>συλλέγειν</span> <span class='ocrx_word' id='word_1_418' title='bbox 1468 3821 1786 3892; x_wconf 80' lang='grc' dir='ltr'>ἐπειρῶντο’</span> 
     </span>
    </p>
   </div>
   <div class='ocr_carea' id='block_1_55' title="bbox 219 3911 1784 3984">
    <p class='ocr_par' dir='ltr' id='par_1_55' title="bbox 219 3911 1784 3984">
     <span class='ocr_line' id='line_1_55' title="bbox 219 3911 1784 3984; baseline 0.001 -21"><span class='ocrx_word' id='word_1_419' title='bbox 219 3915 305 3965; x_wconf 65' lang='grc' dir='ltr'>καὶ</span> <span class='ocrx_word' id='word_1_420' title='bbox 334 3915 439 3983; x_wconf 73' lang='grc' dir='ltr'><strong>μὴν</strong></span> <span class='ocrx_word' id='word_1_421' title='bbox 471 3913 568 3965; x_wconf 72' lang='grc' dir='ltr'><strong>καὶ</strong></span> <span class='ocrx_word' id='word_1_422' title='bbox 594 3914 644 3964; x_wconf 76' lang='lat' dir='ltr'><strong>oi</strong></span> <span class='ocrx_word' id='word_1_423' title='bbox 684 3911 1125 3981; x_wconf 60' lang='grc' dir='ltr'>ψευδοπροφῆται</span> <span class='ocrx_word' id='word_1_424' title='bbox 1149 3916 1262 3977; x_wconf 90' lang='grc' dir='ltr'>τοῖς</span> <span class='ocrx_word' id='word_1_425' title='bbox 1289 3913 1564 3984; x_wconf 85' lang='grc' dir='ltr'>χρήμασιν</span> <span class='ocrx_word' id='word_1_426' title='bbox 1589 3913 1784 3983; x_wconf 77' lang='grc' dir='ltr'>ἡδόμε-</span> 
     </span>
    </p>
   </div>
   <div class='ocr_carea' id='block_1_56' title="bbox 218 4003 1787 4075">
    <p class='ocr_par' dir='ltr' id='par_1_56' title="bbox 218 4003 1787 4075">
     <span class='ocr_line' id='line_1_56' title="bbox 218 4003 1787 4075; baseline 0.001 -22"><span class='ocrx_word' id='word_1_427' title='bbox 218 4021 319 4066; x_wconf 71' lang='grc' dir='ltr'>νοι,</span> <span class='ocrx_word' id='word_1_428' title='bbox 351 4005 489 4073; x_wconf 72' lang='grc' dir='ltr'>πρὸς</span> <span class='ocrx_word' id='word_1_429' title='bbox 529 4003 593 4055; x_wconf 76' lang='grc' dir='ltr'>τὸ</span> <span class='ocrx_word' id='word_1_430' title='bbox 616 4004 1010 4073; x_wconf 79' lang='grc' dir='ltr'>κεχαρισμένον</span> <span class='ocrx_word' id='word_1_431' title='bbox 1040 4008 1149 4067; x_wconf 89' lang='grc' dir='ltr'>τοῖς</span> <span class='ocrx_word' id='word_1_432' title='bbox 1181 4006 1478 4075; x_wconf 79' lang='grc' dir='ltr'>παρέχουσι</span> <span class='ocrx_word' id='word_1_433' title='bbox 1510 4005 1607 4068; x_wconf 87' lang='grc' dir='ltr'><strong>τὰς</strong></span> <span class='ocrx_word' id='word_1_434' title='bbox 1654 4020 1787 4073; x_wconf 83' lang='grc' dir='ltr'>μαν-</span> 
     </span>
    </p>
   </div>
   <div class='ocr_carea' id='block_1_57' title="bbox 1894 1808 3465 1889">
    <p class='ocr_par' dir='ltr' id='par_1_57' title="bbox 1894 1808 3465 1889">
     <span class='ocr_line' id='line_1_57' title="bbox 1894 1808 3465 1889; baseline 0.006 -25"><span class='ocrx_word' id='word_1_435' title='bbox 1894 1808 2063 1869; x_wconf 82' lang='lat' dir='ltr'><strong>Jacob</strong></span> <span class='ocrx_word' id='word_1_436' title='bbox 2100 1818 2154 1865; x_wconf 90' lang='lat' dir='ltr'><strong>et</strong></span> <span class='ocrx_word' id='word_1_437' title='bbox 2179 1812 2373 1881; x_wconf 88' lang='lat' dir='ltr'><strong>reliqui</strong></span> <span class='ocrx_word' id='word_1_438' title='bbox 2414 1812 2609 1867; x_wconf 88' lang='lat' dir='ltr'><strong>domus</strong></span> <span class='ocrx_word' id='word_1_439' title='bbox 2651 1811 2887 1870; x_wconf 83' lang='lat' dir='ltr'><strong>Israelis.</strong></span> <span class='ocrx_word' id='word_1_440' title='bbox 2920 1833 2938 1866; x_wconf 74' lang='grc' dir='ltr'><strong>ι</strong></span> <span class='ocrx_word' id='word_1_441' title='bbox 2967 1815 3039 1870; x_wconf 88' lang='lat' dir='ltr'><strong>De</strong></span> <span class='ocrx_word' id='word_1_442' title='bbox 3065 1817 3165 1871; x_wconf 90' lang='lat' dir='ltr'><strong>hoc</strong></span> <span class='ocrx_word' id='word_1_443' title='bbox 3191 1854 3208 1883; x_wconf 89' lang='lat'><strong>,</strong></span> <span class='ocrx_word' id='word_1_444' title='bbox 3255 1820 3425 1889; x_wconf 85' lang='lat' dir='ltr'><strong>inquit</strong></span> <span class='ocrx_word' id='word_1_445' title='bbox 3449 1860 3465 1880; x_wconf 84' lang='lat'><strong>.</strong></span> 
     </span>
    </p>
   </div>
   <div class='ocr_carea' id='block_1_58' title="bbox 1896 1896 3467 1978">
    <p class='ocr_par' dir='ltr' id='par_1_58' title="bbox 1896 1896 3467 1978">
     <span class='ocr_line' id='line_1_58' title="bbox 1896 1896 3467 1978; baseline 0.004 -22"><span class='ocrx_word' id='word_1_446' title='bbox 1896 1916 2238 1957; x_wconf 87' lang='lat' dir='ltr'><strong>communem</strong></span> <span class='ocrx_word' id='word_1_447' title='bbox 2268 1903 2569 1957; x_wconf 86' lang='lat' dir='ltr'><strong>orationem</strong></span> <span class='ocrx_word' id='word_1_448' title='bbox 2603 1903 2669 1957; x_wconf 90' lang='lat' dir='ltr'><strong>ad</strong></span> <span class='ocrx_word' id='word_1_449' title='bbox 2696 1896 2863 1959; x_wconf 76' lang='lat' dir='ltr'><strong>duces</strong></span> <span class='ocrx_word' id='word_1_450' title='bbox 2901 1907 3249 1978; x_wconf 88' lang='lat' dir='ltr'><strong>reliquusque</strong></span> <span class='ocrx_word' id='word_1_451' title='bbox 3276 1925 3467 1964; x_wconf 84' lang='lat' dir='ltr'><strong>omnes</strong></span> 
     </span>
    </p>
   </div>
   <div class='ocr_carea' id='block_1_59' title="bbox 1896 1993 3463 2067">
    <p class='ocr_par' dir='ltr' id='par_1_59' title="bbox 1896 1993 3463 2067">
     <span class='ocr_line' id='line_1_59' title="bbox 1896 1993 3463 2067; baseline 0.004 -18"><span class='ocrx_word' id='word_1_452' title='bbox 1896 1993 2103 2057; x_wconf 80' lang='lat' dir='ltr'><strong>habeo,</strong></span> <span class='ocrx_word' id='word_1_453' title='bbox 2159 1993 2300 2048; x_wconf 79' lang='lat' dir='ltr'><strong>facta</strong></span> <span class='ocrx_word' id='word_1_454' title='bbox 2348 2003 2532 2049; x_wconf 86' lang='lat' dir='ltr'><strong>vestra</strong></span> <span class='ocrx_word' id='word_1_455' title='bbox 2584 1995 2739 2051; x_wconf 86' lang='lat' dir='ltr'><strong>vobis</strong></span> <span class='ocrx_word' id='word_1_456' title='bbox 2786 1998 3149 2067; x_wconf 79' lang='lat' dir='ltr'><strong>exprobrans.</strong></span> <span class='ocrx_word' id='word_1_457' title='bbox 3200 1999 3463 2066; x_wconf 61' lang='lat' dir='ltr'><strong>Quaenam</strong></span> 
     </span>
    </p>
   </div>
   <div class='ocr_carea' id='block_1_60' title="bbox 1895 2084 3461 2158">
    <p class='ocr_par' dir='ltr' id='par_1_60' title="bbox 1895 2084 3461 2158">
     <span class='ocr_line' id='line_1_60' title="bbox 1895 2084 3461 2158; baseline 0.006 -22"><span class='ocrx_word' id='word_1_458' title='bbox 1895 2100 2024 2140; x_wconf 86' lang='lat' dir='ltr'><strong>vero</strong></span> <span class='ocrx_word' id='word_1_459' title='bbox 2052 2084 2204 2140; x_wconf 60' lang='lat' dir='ltr'><strong>haec?</strong></span> <span class='ocrx_word' id='word_1_460' title='bbox 2229 2105 2248 2136; x_wconf 84' lang='grc' dir='ltr'><strong>ι</strong></span> <span class='ocrx_word' id='word_1_461' title='bbox 2276 2084 2376 2152; x_wconf 90' lang='lat' dir='ltr'><strong>Qui</strong></span> <span class='ocrx_word' id='word_1_462' title='bbox 2408 2086 2798 2142; x_wconf 83' lang='lat' dir='ltr'><strong>abominamini</strong></span> <span class='ocrx_word' id='word_1_463' title='bbox 2842 2090 3108 2158; x_wconf 83' lang='lat' dir='ltr'><strong>judicium</strong></span> <span class='ocrx_word' id='word_1_464' title='bbox 3130 2134 3144 2158; x_wconf 89' lang='lat'><strong>,</strong></span> <span class='ocrx_word' id='word_1_465' title='bbox 3180 2100 3234 2147; x_wconf 88' lang='lat' dir='ltr'><strong>et</strong></span> <span class='ocrx_word' id='word_1_466' title='bbox 3279 2094 3461 2146; x_wconf 88' lang='lat' dir='ltr'><strong>omnia</strong></span> 
     </span>
    </p>
   </div>
   <div class='ocr_carea' id='block_1_61' title="bbox 1895 2175 3465 2253">
    <p class='ocr_par' dir='ltr' id='par_1_61' title="bbox 1895 2175 3465 2253">
     <span class='ocr_line' id='line_1_61' title="bbox 1895 2175 3465 2253; baseline 0.006 -24"><span class='ocrx_word' id='word_1_467' title='bbox 1895 2184 2043 2231; x_wconf 85' lang='lat' dir='ltr'><strong>recta</strong></span> <span class='ocrx_word' id='word_1_468' title='bbox 2072 2177 2404 2247; x_wconf 84' lang='lat' dir='ltr'><strong>pervertitis.</strong></span> <span class='ocrx_word' id='word_1_469' title='bbox 2443 2195 2462 2227; x_wconf 75' lang='grc' dir='ltr'><strong>ι</strong></span> <span class='ocrx_word' id='word_1_470' title='bbox 2489 2175 2648 2243; x_wconf 85' lang='lat' dir='ltr'><strong>Quia</strong></span> <span class='ocrx_word' id='word_1_471' title='bbox 2691 2180 2838 2234; x_wconf 88' lang='lat' dir='ltr'><strong>malo</strong></span> <span class='ocrx_word' id='word_1_472' title='bbox 2864 2181 3077 2239; x_wconf 88' lang='lat' dir='ltr'><strong>.bouum</strong></span> <span class='ocrx_word' id='word_1_473' title='bbox 3125 2183 3465 2253; x_wconf 83' lang='lat' dir='ltr'><strong>distinguere</strong></span> 
     </span>
    </p>
   </div>
   <div class='ocr_carea' id='block_1_62' title="bbox 1894 2269 3464 2341">
    <p class='ocr_par' dir='ltr' id='par_1_62' title="bbox 1894 2269 3464 2341">
     <span class='ocr_line' id='line_1_62' title="bbox 1894 2269 3464 2341; baseline 0.004 -20"><span class='ocrx_word' id='word_1_474' title='bbox 1894 2269 2198 2332; x_wconf 84' lang='lat' dir='ltr'><strong>recusatis,</strong></span> <span class='ocrx_word' id='word_1_475' title='bbox 2260 2270 2662 2325; x_wconf 81' lang='lat' dir='ltr'><strong>calumniantes</strong></span> <span class='ocrx_word' id='word_1_476' title='bbox 2732 2272 2957 2341; x_wconf 81' lang='lat' dir='ltr'><strong>insuper</strong></span> <span class='ocrx_word' id='word_1_477' title='bbox 3036 2272 3268 2328; x_wconf 88' lang='lat' dir='ltr'><strong>aliorum</strong></span> <span class='ocrx_word' id='word_1_478' title='bbox 3316 2283 3464 2329; x_wconf 90' lang='lat' dir='ltr'><strong>recte</strong></span> 
     </span>
    </p>
   </div>
   <div class='ocr_carea' id='block_1_63' title="bbox 1894 2358 3463 2435">
    <p class='ocr_par' dir='ltr' id='par_1_63' title="bbox 1894 2358 3463 2435">
     <span class='ocr_line' id='line_1_63' title="bbox 1894 2358 3463 2435; baseline 0.005 -23"><span class='ocrx_word' id='word_1_479' title='bbox 1894 2358 2039 2413; x_wconf 86' lang='lat' dir='ltr'><strong>dicta</strong></span> <span class='ocrx_word' id='word_1_480' title='bbox 2067 2369 2121 2413; x_wconf 85' lang='lat' dir='ltr'><strong>et</strong></span> <span class='ocrx_word' id='word_1_481' title='bbox 2150 2360 2315 2425; x_wconf 81' lang='lat' dir='ltr'><strong>facta,</strong></span> <span class='ocrx_word' id='word_1_482' title='bbox 2336 2376 2510 2429; x_wconf 89' lang='lat' dir='ltr'><strong>usque</strong></span> <span class='ocrx_word' id='word_1_483' title='bbox 2533 2360 2667 2416; x_wconf 86' lang='lat' dir='ltr'><strong>adeo</strong></span> <span class='ocrx_word' id='word_1_484' title='bbox 2690 2369 2749 2415; x_wconf 92' lang='lat' dir='ltr'><strong>ut</strong></span> <span class='ocrx_word' id='word_1_485' title='bbox 2776 2378 2843 2417; x_wconf 89' lang='lat' dir='ltr'><strong>ne</strong></span> <span class='ocrx_word' id='word_1_486' title='bbox 2868 2364 3074 2418; x_wconf 86' lang='lat' dir='ltr'><strong>nostris</strong></span> <span class='ocrx_word' id='word_1_487' title='bbox 3107 2363 3463 2435; x_wconf 86' lang='lat' dir='ltr'><strong>quidem,qui</strong></span> 
     </span>
    </p>
   </div>
   <div class='ocr_carea' id='block_1_64' title="bbox 1893 2450 3461 2520">
    <p class='ocr_par' dir='ltr' id='par_1_64' title="bbox 1893 2450 3461 2520">
     <span class='ocr_line' id='line_1_64' title="bbox 1893 2450 3461 2520; baseline 0.005 -18"><span class='ocrx_word' id='word_1_488' title='bbox 1893 2450 2171 2520; x_wconf 70' lang='lat' dir='ltr'><strong>prophetae</strong></span> <span class='ocrx_word' id='word_1_489' title='bbox 2209 2465 2433 2513; x_wconf 90' lang='lat' dir='ltr'><strong>sumus,</strong></span> <span class='ocrx_word' id='word_1_490' title='bbox 2477 2451 2658 2507; x_wconf 85' lang='lat' dir='ltr'><strong>verbis</strong></span> <span class='ocrx_word' id='word_1_491' title='bbox 2702 2452 2955 2508; x_wconf 86' lang='lat' dir='ltr'><strong>credatis.</strong></span> <span class='ocrx_word' id='word_1_492' title='bbox 2987 2472 3004 2503; x_wconf 84' lang='grc' dir='ltr'><strong>ι</strong></span> <span class='ocrx_word' id='word_1_493' title='bbox 3037 2454 3138 2520; x_wconf 86' lang='lat' dir='ltr'><strong>Qui</strong></span> <span class='ocrx_word' id='word_1_494' title='bbox 3179 2456 3461 2510; x_wconf 64' lang='lat' dir='ltr'><strong>aediﬁcetis</strong></span> 
     </span>
    </p>
   </div>
   <div class='ocr_carea' id='block_1_65' title="bbox 1895 2538 3462 2615">
    <p class='ocr_par' dir='ltr' id='par_1_65' title="bbox 1895 2538 3462 2615">
     <span class='ocr_line' id='line_1_65' title="bbox 1895 2538 3462 2615; baseline 0.006 -23"><span class='ocrx_word' id='word_1_495' title='bbox 1895 2538 2113 2595; x_wconf 85' lang='lat' dir='ltr'><strong>Sionem</strong></span> <span class='ocrx_word' id='word_1_496' title='bbox 2142 2540 2195 2594; x_wconf 91' lang='lat' dir='ltr'><strong>in</strong></span> <span class='ocrx_word' id='word_1_497' title='bbox 2228 2542 2589 2611; x_wconf 87' lang='lat' dir='ltr'><strong>sanguinibus</strong></span> <span class='ocrx_word' id='word_1_498' title='bbox 2610 2582 2625 2605; x_wconf 88' lang='lat'><strong>,</strong></span> <span class='ocrx_word' id='word_1_499' title='bbox 2659 2550 2711 2595; x_wconf 92' lang='lat' dir='ltr'><strong>et</strong></span> <span class='ocrx_word' id='word_1_500' title='bbox 2742 2541 3082 2599; x_wconf 85' lang='lat' dir='ltr'><strong>Hierusalem</strong></span> <span class='ocrx_word' id='word_1_501' title='bbox 3119 2546 3171 2599; x_wconf 91' lang='lat' dir='ltr'><strong>in</strong></span> <span class='ocrx_word' id='word_1_502' title='bbox 3202 2546 3462 2615; x_wconf 87' lang='lat' dir='ltr'><strong>iniquita-</strong></span> 
     </span>
    </p>
   </div>
   <div class='ocr_carea' id='block_1_66' title="bbox 1891 2632 3457 2707">
    <p class='ocr_par' dir='ltr' id='par_1_66' title="bbox 1891 2632 3457 2707">
     <span class='ocr_line' id='line_1_66' title="bbox 1891 2632 3457 2707; baseline 0.004 -19"><span class='ocrx_word' id='word_1_503' title='bbox 1891 2632 2056 2688; x_wconf 86' lang='lat' dir='ltr'><strong>tibus.</strong></span> <span class='ocrx_word' id='word_1_504' title='bbox 2113 2650 2133 2684; x_wconf 73' lang='grc' dir='ltr'><strong>ι</strong></span> <span class='ocrx_word' id='word_1_505' title='bbox 2178 2632 2281 2699; x_wconf 91' lang='lat' dir='ltr'><strong>Qui</strong></span> <span class='ocrx_word' id='word_1_506' title='bbox 2326 2647 2446 2688; x_wconf 86' lang='lat' dir='ltr'><strong>eam</strong></span> <span class='ocrx_word' id='word_1_507' title='bbox 2493 2635 2745 2701; x_wconf 82' lang='lat' dir='ltr'><strong>replestis</strong></span> <span class='ocrx_word' id='word_1_508' title='bbox 2792 2635 3031 2691; x_wconf 57' lang='lat' dir='ltr'><strong>caedibus</strong></span> <span class='ocrx_word' id='word_1_509' title='bbox 3080 2647 3135 2692; x_wconf 90' lang='lat' dir='ltr'><strong>et</strong></span> <span class='ocrx_word' id='word_1_510' title='bbox 3168 2638 3457 2707; x_wconf 87' lang='lat' dir='ltr'><strong>injustitia.</strong></span> 
     </span>
    </p>
   </div>
   <div class='ocr_carea' id='block_1_67' title="bbox 1897 2723 3460 2797">
    <p class='ocr_par' dir='ltr' id='par_1_67' title="bbox 1897 2723 3460 2797">
     <span class='ocr_line' id='line_1_67' title="bbox 1897 2723 3460 2797; baseline 0.004 -23"><span class='ocrx_word' id='word_1_511' title='bbox 1897 2741 1916 2774; x_wconf 82' lang='grc' dir='ltr'><strong>ι</strong></span> <span class='ocrx_word' id='word_1_512' title='bbox 1947 2723 2229 2795; x_wconf 88' lang='lat' dir='ltr'><strong>Principes</strong></span> <span class='ocrx_word' id='word_1_513' title='bbox 2256 2725 2376 2794; x_wconf 83' lang='lat' dir='ltr'><strong>ejus</strong></span> <span class='ocrx_word' id='word_1_514' title='bbox 2401 2740 2527 2780; x_wconf 91' lang='lat' dir='ltr'><strong>cum</strong></span> <span class='ocrx_word' id='word_1_515' title='bbox 2559 2727 2876 2783; x_wconf 88' lang='lat' dir='ltr'><strong>muneribus</strong></span> <span class='ocrx_word' id='word_1_516' title='bbox 2898 2728 3215 2796; x_wconf 87' lang='lat' dir='ltr'><strong>judicabant</strong></span> <span class='ocrx_word' id='word_1_517' title='bbox 3239 2747 3254 2797; x_wconf 90' lang='lat'><strong>;</strong></span> <span class='ocrx_word' id='word_1_518' title='bbox 3286 2741 3338 2785; x_wconf 92' lang='lat' dir='ltr'><strong>et</strong></span> <span class='ocrx_word' id='word_1_519' title='bbox 3367 2745 3460 2784; x_wconf 79' lang='lat' dir='ltr'><strong>sa-</strong></span> 
     </span>
    </p>
   </div>
   <div class='ocr_carea' id='block_1_68' title="bbox 1891 2817 3462 2891">
    <p class='ocr_par' dir='ltr' id='par_1_68' title="bbox 1891 2817 3462 2891">
     <span class='ocr_line' id='line_1_68' title="bbox 1891 2817 3462 2891; baseline 0.002 -21"><span class='ocrx_word' id='word_1_520' title='bbox 1891 2817 2138 2873; x_wconf 82' lang='lat' dir='ltr'><strong>cerdotes</strong></span> <span class='ocrx_word' id='word_1_521' title='bbox 2162 2817 2283 2885; x_wconf 85' lang='lat' dir='ltr'><strong>ejus</strong></span> <span class='ocrx_word' id='word_1_522' title='bbox 2330 2830 2454 2871; x_wconf 89' lang='lat' dir='ltr'><strong>cum</strong></span> <span class='ocrx_word' id='word_1_523' title='bbox 2497 2817 2747 2873; x_wconf 86' lang='lat' dir='ltr'><strong>mercede</strong></span> <span class='ocrx_word' id='word_1_524' title='bbox 2782 2818 3220 2891; x_wconf 74' lang='lat' dir='ltr'><strong>respondebant:</strong></span> <span class='ocrx_word' id='word_1_525' title='bbox 3251 2826 3305 2873; x_wconf 91' lang='lat' dir='ltr'><strong>et</strong></span> <span class='ocrx_word' id='word_1_526' title='bbox 3334 2835 3462 2889; x_wconf 51' lang='lat' dir='ltr'><strong>pro-9</strong></span> 
     </span>
    </p>
   </div>
   <div class='ocr_carea' id='block_1_69' title="bbox 1888 2908 3460 2981">
    <p class='ocr_par' dir='ltr' id='par_1_69' title="bbox 1888 2908 3460 2981">
     <span class='ocr_line' id='line_1_69' title="bbox 1888 2908 3460 2981; baseline 0.003 -20"><span class='ocrx_word' id='word_1_527' title='bbox 1888 2908 2065 2978; x_wconf 63' lang='lat' dir='ltr'><strong>pheta:</strong></span> <span class='ocrx_word' id='word_1_528' title='bbox 2105 2908 2225 2977; x_wconf 88' lang='lat' dir='ltr'><strong>ejus</strong></span> <span class='ocrx_word' id='word_1_529' title='bbox 2255 2922 2378 2963; x_wconf 92' lang='lat' dir='ltr'><strong>cum</strong></span> <span class='ocrx_word' id='word_1_530' title='bbox 2406 2919 2632 2979; x_wconf 89' lang='lat' dir='ltr'><strong>argento</strong></span> <span class='ocrx_word' id='word_1_531' title='bbox 2661 2909 3011 2974; x_wconf 84' lang='lat' dir='ltr'><strong>divinabam,</strong></span> <span class='ocrx_word' id='word_1_532' title='bbox 3056 2919 3109 2965; x_wconf 89' lang='lat' dir='ltr'><strong>et</strong></span> <span class='ocrx_word' id='word_1_533' title='bbox 3148 2926 3313 2981; x_wconf 87' lang='lat' dir='ltr'><strong>super</strong></span> <span class='ocrx_word' id='word_1_534' title='bbox 3355 2910 3460 2966; x_wconf 78' lang='lat' dir='ltr'><strong>Do-</strong></span> 
     </span>
    </p>
   </div>
   <div class='ocr_carea' id='block_1_70' title="bbox 1890 3001 3457 3072">
    <p class='ocr_par' dir='ltr' id='par_1_70' title="bbox 1890 3001 3457 3072">
     <span class='ocr_line' id='line_1_70' title="bbox 1890 3001 3457 3072; baseline 0.002 -18"><span class='ocrx_word' id='word_1_535' title='bbox 1890 3002 2099 3055; x_wconf 90' lang='lat' dir='ltr'><strong>minum</strong></span> <span class='ocrx_word' id='word_1_536' title='bbox 2151 3001 2568 3072; x_wconf 83' lang='lat' dir='ltr'><strong>requiescebant</strong></span> <span class='ocrx_word' id='word_1_537' title='bbox 2593 3003 2839 3059; x_wconf 85' lang='lat' dir='ltr'><strong>dicentes</strong></span> <span class='ocrx_word' id='word_1_538' title='bbox 2870 3002 3093 3058; x_wconf 81' lang='lat' dir='ltr'><strong>:Nonnc</strong></span> <span class='ocrx_word' id='word_1_539' title='bbox 3114 3004 3376 3059; x_wconf 80' lang='lat' dir='ltr'><strong>Dominus</strong></span> <span class='ocrx_word' id='word_1_540' title='bbox 3402 3004 3457 3059; x_wconf 84' lang='lat' dir='ltr'><strong>in</strong></span> 
     </span>
    </p>
   </div>
   <div class='ocr_carea' id='block_1_71' title="bbox 1894 3092 3457 3166">
    <p class='ocr_par' dir='ltr' id='par_1_71' title="bbox 1894 3092 3457 3166">
     <span class='ocr_line' id='line_1_71' title="bbox 1894 3092 3457 3166; baseline 0.004 -21"><span class='ocrx_word' id='word_1_541' title='bbox 1894 3092 2049 3146; x_wconf 86' lang='lat' dir='ltr'><strong>nobis</strong></span> <span class='ocrx_word' id='word_1_542' title='bbox 2075 3093 2205 3147; x_wconf 86' lang='lat' dir='ltr'><strong>est?</strong></span> <span class='ocrx_word' id='word_1_543' title='bbox 2231 3105 2339 3146; x_wconf 92' lang='lat' dir='ltr'><strong>non</strong></span> <span class='ocrx_word' id='word_1_544' title='bbox 2372 3094 2591 3148; x_wconf 82' lang='lat' dir='ltr'><strong>venient</strong></span> <span class='ocrx_word' id='word_1_545' title='bbox 2621 3109 2788 3164; x_wconf 88' lang='lat' dir='ltr'><strong>super</strong></span> <span class='ocrx_word' id='word_1_546' title='bbox 2816 3110 2918 3151; x_wconf 88' lang='lat' dir='ltr'><strong>nos</strong></span> <span class='ocrx_word' id='word_1_547' title='bbox 2945 3097 3108 3150; x_wconf 85' lang='lat' dir='ltr'><strong>mala.</strong></span> <span class='ocrx_word' id='word_1_548' title='bbox 3135 3115 3155 3149; x_wconf 70' lang='grc' dir='ltr'><strong>ι</strong></span> <span class='ocrx_word' id='word_1_549' title='bbox 3178 3096 3457 3166; x_wconf 70' lang='lat' dir='ltr'><strong>Principes</strong></span> 
     </span>
    </p>
   </div>
   <div class='ocr_carea' id='block_1_72' title="bbox 1890 3183 3458 3253">
    <p class='ocr_par' dir='ltr' id='par_1_72' title="bbox 1890 3183 3458 3253">
     <span class='ocr_line' id='line_1_72' title="bbox 1890 3183 3458 3253; baseline 0.003 -16"><span class='ocrx_word' id='word_1_550' title='bbox 1890 3183 2094 3237; x_wconf 87' lang='lat' dir='ltr'><strong>nullam</strong></span> <span class='ocrx_word' id='word_1_551' title='bbox 2130 3185 2270 3253; x_wconf 77' lang='lat' dir='ltr'><strong>aequi</strong></span> <span class='ocrx_word' id='word_1_552' title='bbox 2299 3184 2441 3252; x_wconf 88' lang='lat' dir='ltr'><strong>juris</strong></span> <span class='ocrx_word' id='word_1_553' title='bbox 2486 3186 2752 3241; x_wconf 85' lang='lat' dir='ltr'><strong>rationem</strong></span> <span class='ocrx_word' id='word_1_554' title='bbox 2783 3186 2983 3242; x_wconf 87' lang='lat' dir='ltr'><strong>habere</strong></span> <span class='ocrx_word' id='word_1_555' title='bbox 3010 3189 3257 3242; x_wconf 86' lang='lat' dir='ltr'><strong>volentes</strong></span> <span class='ocrx_word' id='word_1_556' title='bbox 3279 3228 3293 3252; x_wconf 94' lang='lat'><strong>,</strong></span> <span class='ocrx_word' id='word_1_557' title='bbox 3326 3203 3458 3242; x_wconf 87' lang='lat' dir='ltr'><strong>ven-</strong></span> 
     </span>
    </p>
   </div>
   <div class='ocr_carea' id='block_1_73' title="bbox 1889 3274 3453 3347">
    <p class='ocr_par' dir='ltr' id='par_1_73' title="bbox 1889 3274 3453 3347">
     <span class='ocr_line' id='line_1_73' title="bbox 1889 3274 3453 3347; baseline 0 -18"><span class='ocrx_word' id='word_1_558' title='bbox 1889 3275 2091 3329; x_wconf 88' lang='lat' dir='ltr'><strong>debant</strong></span> <span class='ocrx_word' id='word_1_559' title='bbox 2116 3274 2169 3329; x_wconf 91' lang='lat' dir='ltr'><strong>id</strong></span> <span class='ocrx_word' id='word_1_560' title='bbox 2202 3277 2254 3329; x_wconf 90' lang='lat' dir='ltr'><strong>in</strong></span> <span class='ocrx_word' id='word_1_561' title='bbox 2282 3276 2523 3345; x_wconf 88' lang='lat' dir='ltr'><strong>judiciis.</strong></span> <span class='ocrx_word' id='word_1_562' title='bbox 2556 3275 2696 3331; x_wconf 85' lang='lat' dir='ltr'><strong>Tum</strong></span> <span class='ocrx_word' id='word_1_563' title='bbox 2726 3286 2779 3331; x_wconf 92' lang='lat' dir='ltr'><strong>et</strong></span> <span class='ocrx_word' id='word_1_564' title='bbox 2807 3279 3141 3342; x_wconf 87' lang='lat' dir='ltr'><strong>sacerdotes,</strong></span> <span class='ocrx_word' id='word_1_565' title='bbox 3168 3280 3453 3347; x_wconf 84' lang='lat' dir='ltr'><strong>pecuniam</strong></span> 
     </span>
    </p>
   </div>
   <div class='ocr_carea' id='block_1_74' title="bbox 1890 3366 3455 3438">
    <p class='ocr_par' dir='ltr' id='par_1_74' title="bbox 1890 3366 3455 3438">
     <span class='ocr_line' id='line_1_74' title="bbox 1890 3366 3455 3438; baseline 0.001 -19"><span class='ocrx_word' id='word_1_566' title='bbox 1890 3366 2146 3435; x_wconf 83' lang='lat' dir='ltr'><strong>injustam</strong></span> <span class='ocrx_word' id='word_1_567' title='bbox 2165 3406 2178 3429; x_wconf 97' lang='lat'><strong>,</strong></span> <span class='ocrx_word' id='word_1_568' title='bbox 2213 3366 2500 3421; x_wconf 85' lang='lat' dir='ltr'><strong>sacerdotii</strong></span> <span class='ocrx_word' id='word_1_569' title='bbox 2528 3377 2791 3438; x_wconf 78' lang='lat' dir='ltr'><strong>praetextu</strong></span> <span class='ocrx_word' id='word_1_570' title='bbox 2813 3409 2827 3435; x_wconf 90' lang='lat'><strong>,</strong></span> <span class='ocrx_word' id='word_1_571' title='bbox 2855 3384 2953 3423; x_wconf 84' lang='lat' dir='ltr'><strong>ceu</strong></span> <span class='ocrx_word' id='word_1_572' title='bbox 2982 3368 3264 3423; x_wconf 89' lang='lat' dir='ltr'><strong>mercedes</strong></span> <span class='ocrx_word' id='word_1_573' title='bbox 3290 3382 3455 3436; x_wconf 83' lang='lat' dir='ltr'><strong>quas-</strong></span> 
     </span>
    </p>
   </div>
   <div class='ocr_carea' id='block_1_75' title="bbox 1890 3457 3459 3527">
    <p class='ocr_par' dir='ltr' id='par_1_75' title="bbox 1890 3457 3459 3527">
     <span class='ocr_line' id='line_1_75' title="bbox 1890 3457 3459 3527; baseline -0.001 -17"><span class='ocrx_word' id='word_1_574' title='bbox 1890 3458 2014 3510; x_wconf 85' lang='lat' dir='ltr'><strong>dam</strong></span> <span class='ocrx_word' id='word_1_575' title='bbox 2046 3458 2302 3525; x_wconf 75' lang='lat' dir='ltr'><strong>colligere</strong></span> <span class='ocrx_word' id='word_1_576' title='bbox 2342 3458 2671 3513; x_wconf 84' lang='lat' dir='ltr'><strong>nitebantur.</strong></span> <span class='ocrx_word' id='word_1_577' title='bbox 2710 3458 2953 3527; x_wconf 90' lang='lat' dir='ltr'><strong>Denique</strong></span> <span class='ocrx_word' id='word_1_578' title='bbox 2985 3457 3104 3511; x_wconf 84' lang='lat' dir='ltr'><strong>ialsi</strong></span> <span class='ocrx_word' id='word_1_579' title='bbox 3133 3457 3295 3511; x_wconf 88' lang='lat' dir='ltr'><strong>etiam</strong></span> <span class='ocrx_word' id='word_1_580' title='bbox 3328 3472 3459 3525; x_wconf 81' lang='lat' dir='ltr'><strong>pro-</strong></span> 
     </span>
    </p>
   </div>
   <div class='ocr_carea' id='block_1_76' title="bbox 1889 3547 3455 3618">
    <p class='ocr_par' dir='ltr' id='par_1_76' title="bbox 1889 3547 3455 3618">
     <span class='ocr_line' id='line_1_76' title="bbox 1889 3547 3455 3618; baseline 0.001 -19"><span class='ocrx_word' id='word_1_581' title='bbox 1889 3550 2095 3616; x_wconf 77' lang='lat' dir='ltr'><strong>phctre,</strong></span> <span class='ocrx_word' id='word_1_582' title='bbox 2157 3550 2389 3617; x_wconf 84' lang='lat' dir='ltr'><strong>pecunia</strong></span> <span class='ocrx_word' id='word_1_583' title='bbox 2447 3550 2735 3613; x_wconf 88' lang='lat' dir='ltr'><strong>delectati,</strong></span> <span class='ocrx_word' id='word_1_584' title='bbox 2796 3549 2861 3603; x_wconf 89' lang='lat' dir='ltr'><strong>ad</strong></span> <span class='ocrx_word' id='word_1_585' title='bbox 2916 3547 3142 3618; x_wconf 82' lang='lat' dir='ltr'><strong>gratiam</strong></span> <span class='ocrx_word' id='word_1_586' title='bbox 3195 3548 3455 3602; x_wconf 84' lang='lat' dir='ltr'><strong>vaticinia</strong></span> 
     </span>
    </p>
   </div>
   <div class='ocr_carea' id='block_1_77' title="bbox 1889 3637 3453 3694">
    <p class='ocr_par' dir='ltr' id='par_1_77' title="bbox 1889 3637 3453 3694">
     <span class='ocr_line' id='line_1_77' title="bbox 1889 3637 3453 3694; baseline 0.001 -4"><span class='ocrx_word' id='word_1_587' title='bbox 1889 3638 2121 3690; x_wconf 86' lang='lat' dir='ltr'><strong>edebant</strong></span> <span class='ocrx_word' id='word_1_588' title='bbox 2147 3639 2500 3693; x_wconf 87' lang='lat' dir='ltr'><strong>donantibus.</strong></span> <span class='ocrx_word' id='word_1_589' title='bbox 2533 3638 2759 3693; x_wconf 86' lang='lat' dir='ltr'><strong>Talibus</strong></span> <span class='ocrx_word' id='word_1_590' title='bbox 2789 3653 2917 3692; x_wconf 85' lang='lat' dir='ltr'><strong>vero</strong></span> <span class='ocrx_word' id='word_1_591' title='bbox 2945 3654 3008 3692; x_wconf 87' lang='lat' dir='ltr'><strong>ac</strong></span> <span class='ocrx_word' id='word_1_592' title='bbox 3050 3637 3215 3694; x_wconf 86' lang='lat' dir='ltr'><strong>tantis</strong></span> <span class='ocrx_word' id='word_1_593' title='bbox 3246 3640 3453 3694; x_wconf 83' lang='lat' dir='ltr'><strong>onerati</strong></span> 
     </span>
    </p>
   </div>
   <div class='ocr_carea' id='block_1_78' title="bbox 1891 3726 3455 3796">
    <p class='ocr_par' dir='ltr' id='par_1_78' title="bbox 1891 3726 3455 3796">
     <span class='ocr_line' id='line_1_78' title="bbox 1891 3726 3455 3796; baseline 0.001 -17"><span class='ocrx_word' id='word_1_594' title='bbox 1891 3727 2131 3796; x_wconf 87' lang='lat' dir='ltr'><strong>peccatis</strong></span> <span class='ocrx_word' id='word_1_595' title='bbox 2153 3766 2166 3788; x_wconf 91' lang='lat'><strong>,</strong></span> <span class='ocrx_word' id='word_1_596' title='bbox 2199 3728 2530 3781; x_wconf 85' lang='lat' dir='ltr'><strong>simulabant</strong></span> <span class='ocrx_word' id='word_1_597' title='bbox 2562 3744 2621 3783; x_wconf 88' lang='lat' dir='ltr'><strong>se</strong></span> <span class='ocrx_word' id='word_1_598' title='bbox 2647 3728 2754 3781; x_wconf 83' lang='lat' dir='ltr'><strong>Deo</strong></span> <span class='ocrx_word' id='word_1_599' title='bbox 2783 3728 3032 3781; x_wconf 88' lang='lat' dir='ltr'><strong>addictos</strong></span> <span class='ocrx_word' id='word_1_600' title='bbox 3053 3767 3066 3789; x_wconf 90' lang='lat'><strong>,</strong></span> <span class='ocrx_word' id='word_1_601' title='bbox 3099 3726 3375 3796; x_wconf 88' lang='lat' dir='ltr'><strong>Deumque</strong></span> <span class='ocrx_word' id='word_1_602' title='bbox 3400 3727 3455 3781; x_wconf 92' lang='lat' dir='ltr'><strong>in</strong></span> 
     </span>
    </p>
   </div>
   <div class='ocr_carea' id='block_1_79' title="bbox 1889 3817 3458 3889">
    <p class='ocr_par' dir='ltr' id='par_1_79' title="bbox 1889 3817 3458 3889">
     <span class='ocr_line' id='line_1_79' title="bbox 1889 3817 3458 3889; baseline -0.001 -17"><span class='ocrx_word' id='word_1_603' title='bbox 1889 3835 1945 3874; x_wconf 87' lang='lat' dir='ltr'><strong>se</strong></span> <span class='ocrx_word' id='word_1_604' title='bbox 1971 3819 2205 3871; x_wconf 82' lang='lat' dir='ltr'><strong>habere:</strong></span> <span class='ocrx_word' id='word_1_605' title='bbox 2245 3833 2342 3873; x_wconf 89' lang='lat' dir='ltr'><strong>nec</strong></span> <span class='ocrx_word' id='word_1_606' title='bbox 2372 3819 2486 3873; x_wconf 75' lang='lat' dir='ltr'><strong>fieri</strong></span> <span class='ocrx_word' id='word_1_607' title='bbox 2511 3836 2670 3889; x_wconf 91' lang='lat' dir='ltr'><strong>posse</strong></span> <span class='ocrx_word' id='word_1_608' title='bbox 2700 3820 2914 3873; x_wconf 85' lang='lat' dir='ltr'><strong>aiebant</strong></span> <span class='ocrx_word' id='word_1_609' title='bbox 2941 3826 2999 3872; x_wconf 90' lang='lat' dir='ltr'><strong>ut</strong></span> <span class='ocrx_word' id='word_1_610' title='bbox 3033 3825 3183 3871; x_wconf 84' lang='lat' dir='ltr'><strong>tanto</strong></span> <span class='ocrx_word' id='word_1_611' title='bbox 3212 3817 3305 3871; x_wconf 88' lang='lat' dir='ltr'><strong>Dei</strong></span> <span class='ocrx_word' id='word_1_612' title='bbox 3338 3832 3458 3871; x_wconf 77' lang='lat' dir='ltr'><strong>mu-</strong></span> 
     </span>
    </p>
   </div>
   <div class='ocr_carea' id='block_1_80' title="bbox 1892 3909 3459 3980">
    <p class='ocr_par' dir='ltr' id='par_1_80' title="bbox 1892 3909 3459 3980">
     <span class='ocr_line' id='line_1_80' title="bbox 1892 3909 3459 3980; baseline 0 -19"><span class='ocrx_word' id='word_1_613' title='bbox 1892 3925 2019 3963; x_wconf 86' lang='lat' dir='ltr'><strong>nere</strong></span> <span class='ocrx_word' id='word_1_614' title='bbox 2054 3909 2263 3978; x_wconf 74' lang='lat' dir='ltr'><strong>prccditi</strong></span> <span class='ocrx_word' id='word_1_615' title='bbox 2299 3910 2440 3962; x_wconf 88' lang='lat' dir='ltr'><strong>mala</strong></span> <span class='ocrx_word' id='word_1_616' title='bbox 2474 3911 2564 3963; x_wconf 87' lang='lat' dir='ltr'><strong>illa</strong></span> <span class='ocrx_word' id='word_1_617' title='bbox 2614 3912 2994 3980; x_wconf 79' lang='lat' dir='ltr'><strong>experirentur</strong></span> <span class='ocrx_word' id='word_1_618' title='bbox 3036 3923 3305 3977; x_wconf 86' lang='lat' dir='ltr'><strong>unquam,</strong></span> <span class='ocrx_word' id='word_1_619' title='bbox 3338 3922 3459 3977; x_wconf 68' lang='lat' dir='ltr'><strong>quae</strong></span> 
     </span>
    </p>
   </div>
   <div class='ocr_carea' id='block_1_81' title="bbox 1895 4000 3263 4072">
    <p class='ocr_par' dir='ltr' id='par_1_81' title="bbox 1895 4000 3263 4072">
     <span class='ocr_line' id='line_1_81' title="bbox 1895 4000 3263 4072; baseline 0 -20"><span class='ocrx_word' id='word_1_620' title='bbox 1895 4016 1923 4052; x_wconf 87' lang='lat' dir='ltr'><strong>a</strong></span> <span class='ocrx_word' id='word_1_621' title='bbox 1956 4000 2115 4055; x_wconf 88' lang='lat' dir='ltr'><strong>nobis</strong></span> <span class='ocrx_word' id='word_1_622' title='bbox 2151 4000 2432 4071; x_wconf 87' lang='lat' dir='ltr'><strong>pr0phetis</strong></span> <span class='ocrx_word' id='word_1_623' title='bbox 2460 4003 2885 4072; x_wconf 89' lang='lat' dir='ltr'><strong>portenduntur.</strong></span> <span class='ocrx_word' id='word_1_624' title='bbox 2918 4000 3059 4067; x_wconf 90' lang='lat' dir='ltr'><strong>Quid</strong></span> <span class='ocrx_word' id='word_1_625' title='bbox 3089 4000 3263 4070; x_wconf 85' lang='lat' dir='ltr'><strong>ergo?</strong></span> 
     </span>
    </p>
   </div>
   <div class='ocr_carea' id='block_1_82' title="bbox 217 4088 3461 4166">
    <p class='ocr_par' dir='ltr' id='par_1_82' title="bbox 217 4088 3461 4166">
     <span class='ocr_line' id='line_1_82' title="bbox 217 4088 3461 4166; baseline 0.001 -25"><span class='ocrx_word' id='word_1_626' title='bbox 217 4092 357 4154; x_wconf 81' lang='grc' dir='ltr'>τείας</span> <span class='ocrx_word' id='word_1_627' title='bbox 393 4092 707 4144; x_wconf 76' lang='grc' dir='ltr'>ἐποιοῦντοο</span> <span class='ocrx_word' id='word_1_628' title='bbox 752 4089 872 4146; x_wconf 81' lang='grc' dir='ltr'>εἶτα</span> <span class='ocrx_word' id='word_1_629' title='bbox 900 4093 1135 4147; x_wconf 86' lang='grc' dir='ltr'>τοσαῦτα</span> <span class='ocrx_word' id='word_1_630' title='bbox 1166 4094 1526 4166; x_wconf 74' lang='grc' dir='ltr'>ἐργαζόμενοι</span> <span class='ocrx_word' id='word_1_631' title='bbox 1555 4094 1721 4159; x_wconf 71' lang='grc' dir='ltr'>κακὰ,</span> <span class='ocrx_word' id='word_1_632' title='bbox 1755 4093 2179 4163; x_wconf 74' lang='grc' dir='ltr'>προσεποιοῦντο</span> <span class='ocrx_word' id='word_1_633' title='bbox 2205 4093 2283 4165; x_wconf 79' lang='grc' dir='ltr'>τῷ</span> <span class='ocrx_word' id='word_1_634' title='bbox 2310 4093 2429 4165; x_wconf 81' lang='grc' dir='ltr'><strong>Θεῷ</strong></span> <span class='ocrx_word' id='word_1_635' title='bbox 2454 4096 2680 4158; x_wconf 77' lang='grc' dir='ltr'>ἑαυτοὺς</span> <span class='ocrx_word' id='word_1_636' title='bbox 2708 4094 3043 4164; x_wconf 83' lang='grc' dir='ltr'>ἐπιτρέπειν,</span> <span class='ocrx_word' id='word_1_637' title='bbox 3076 4093 3153 4162; x_wconf 93' lang='lat' dir='ltr'><strong>(p.</strong></span> <span class='ocrx_word' id='word_1_638' title='bbox 3179 4090 3304 4159; x_wconf 69' lang='grc'><strong>280)</strong></span> <span class='ocrx_word' id='word_1_639' title='bbox 3326 4088 3461 4143; x_wconf 78' lang='grc' dir='ltr'>Θεὸν</span> 
     </span>
    </p>
   </div>
   <div class='ocr_carea' id='block_1_83' title="bbox 218 4185 3509 4261">
    <p class='ocr_par' dir='ltr' id='par_1_83' title="bbox 218 4185 3509 4261">
     <span class='ocr_line' id='line_1_83' title="bbox 218 4185 3509 4261; baseline 0.001 -26"><span class='ocrx_word' id='word_1_640' title='bbox 218 4187 271 4235; x_wconf 76' lang='grc' dir='ltr'><strong>ἐν</strong></span> <span class='ocrx_word' id='word_1_641' title='bbox 298 4189 505 4249; x_wconf 74' lang='grc' dir='ltr'>ἑαυτοῖς</span> <span class='ocrx_word' id='word_1_642' title='bbox 534 4186 682 4256; x_wconf 77' lang='grc' dir='ltr'>ἔχειν</span> <span class='ocrx_word' id='word_1_643' title='bbox 719 4185 968 4254; x_wconf 80' lang='grc' dir='ltr'>λέγοντες</span> <span class='ocrx_word' id='word_1_644' title='bbox 992 4203 1005 4216; x_wconf 78' lang='grc'><strong><em>⁸</em></strong></span> <span class='ocrx_word' id='word_1_645' title='bbox 1040 4189 1134 4241; x_wconf 73' lang='grc' dir='ltr'>καὶ</span> <span class='ocrx_word' id='word_1_646' title='bbox 1168 4191 1266 4257; x_wconf 80' lang='grc' dir='ltr'>οὐχ</span> <span class='ocrx_word' id='word_1_647' title='bbox 1294 4185 1404 4241; x_wconf 78' lang='grc' dir='ltr'>οἷόν</span> <span class='ocrx_word' id='word_1_648' title='bbox 1444 4202 1502 4241; x_wconf 84' lang='grc' dir='ltr'><strong>τε</strong></span> <span class='ocrx_word' id='word_1_649' title='bbox 1547 4185 1682 4242; x_wconf 77' lang='grc' dir='ltr'>εἶναι</span> <span class='ocrx_word' id='word_1_650' title='bbox 1710 4188 1963 4241; x_wconf 79' lang='grc' dir='ltr'>τοιούτων</span> <span class='ocrx_word' id='word_1_651' title='bbox 2003 4188 2359 4259; x_wconf 77' lang='grc' dir='ltr'>ἠξιωμένους,</span> <span class='ocrx_word' id='word_1_652' title='bbox 2403 4190 2728 4261; x_wconf 83' lang='grc' dir='ltr'>πειραθῆναι</span> <span class='ocrx_word' id='word_1_653' title='bbox 2758 4189 2866 4242; x_wconf 83' lang='grc' dir='ltr'>τῶν</span> <span class='ocrx_word' id='word_1_654' title='bbox 2899 4188 3035 4242; x_wconf 82' lang='grc' dir='ltr'>κατὰ</span> <span class='ocrx_word' id='word_1_655' title='bbox 3066 4186 3288 4259; x_wconf 87' lang='grc' dir='ltr'>γνώμην</span> <span class='ocrx_word' id='word_1_656' title='bbox 3320 4186 3458 4240; x_wconf 87' lang='grc' dir='ltr'>Θεοῦ</span> <span class='ocrx_word' id='word_1_657' title='bbox 3501 4198 3509 4207; x_wconf 90' lang='grc'><em>’</em></span> 
     </span>
    </p>
   </div>
   <div class='ocr_carea' id='block_1_84' title="bbox 216 4276 1399 4349">
    <p class='ocr_par' dir='ltr' id='par_1_84' title="bbox 216 4276 1399 4349">
     <span class='ocr_line' id='line_1_84' title="bbox 216 4276 1399 4349; baseline 0.002 -20"><span class='ocrx_word' id='word_1_658' title='bbox 216 4280 336 4346; x_wconf 74' lang='grc' dir='ltr'>παρ’</span> <span class='ocrx_word' id='word_1_659' title='bbox 369 4277 529 4347; x_wconf 74' lang='grc' dir='ltr'>ἡμῶν</span> <span class='ocrx_word' id='word_1_660' title='bbox 562 4279 914 4349; x_wconf 86' lang='grc' dir='ltr'>μηνυομένων</span> <span class='ocrx_word' id='word_1_661' title='bbox 947 4278 1148 4332; x_wconf 84' lang='grc' dir='ltr'>κακῶν.</span> <span class='ocrx_word' id='word_1_662' title='bbox 1182 4277 1246 4330; x_wconf 89' lang='grc' dir='ltr'><strong>Τί</strong></span> <span class='ocrx_word' id='word_1_663' title='bbox 1274 4276 1399 4343; x_wconf 77' lang='grc' dir='ltr'>οὗν;</span> 
     </span>
    </p>
   </div>
   <div class='ocr_carea' id='block_1_85' title="bbox 282 4362 1788 4443">
    <p class='ocr_par' dir='ltr' id='par_1_85' title="bbox 282 4368 1781 4443">
     <span class='ocr_line' id='line_1_85' title="bbox 282 4368 1781 4443; baseline 0.001 -20"><span class='ocrx_word' id='word_1_664' title='bbox 282 4372 426 4442; x_wconf 83' lang='grc' dir='ltr'>Στίχ.</span> <span class='ocrx_word' id='word_1_665' title='bbox 459 4372 549 4441; x_wconf 80' lang='grc' dir='ltr'><strong>ιβ’.</strong></span> <span class='ocrx_word' id='word_1_666' title='bbox 582 4401 653 4412; x_wconf 92' lang='lat'><strong>-—-</strong></span> <span class='ocrx_word' id='word_1_667' title='bbox 683 4390 701 4422; x_wconf 80' lang='grc' dir='ltr'><strong>ι</strong></span> <span class='ocrx_word' id='word_1_668' title='bbox 739 4372 838 4424; x_wconf 74' lang='grc' dir='ltr'>Διά</span> <span class='ocrx_word' id='word_1_669' title='bbox 868 4371 1023 4425; x_wconf 85' lang='grc' dir='ltr'>τοῦτο</span> <span class='ocrx_word' id='word_1_670' title='bbox 1062 4372 1127 4424; x_wconf 79' lang='grc' dir='ltr'>δι’</span> <span class='ocrx_word' id='word_1_671' title='bbox 1150 4372 1293 4442; x_wconf 78' lang='grc' dir='ltr'>ὑμᾶς</span> <span class='ocrx_word' id='word_1_672' title='bbox 1323 4368 1461 4425; x_wconf 86' lang='grc' dir='ltr'>Σιὼν</span> <span class='ocrx_word' id='word_1_673' title='bbox 1504 4373 1580 4435; x_wconf 84' lang='grc' dir='ltr'><strong>ὡς</strong></span> <span class='ocrx_word' id='word_1_674' title='bbox 1613 4372 1781 4443; x_wconf 75' lang='grc' dir='ltr'>ἀγρὸς</span> 
     </span>
    </p>
   </div>
   <div class='ocr_carea' id='block_1_86' title="bbox 1893 4362 3457 4443">
    <p class='ocr_par' dir='ltr' id='par_1_86' title="bbox 1956 4362 3457 4431">
     <span class='ocr_line' id='line_1_86' title="bbox 1956 4362 3457 4431; baseline -0.004 -11"><span class='ocrx_word' id='word_1_675' title='bbox 1956 4364 2122 4423; x_wconf 71' lang='lat' dir='ltr'><strong>Vens.</strong></span> <span class='ocrx_word' id='word_1_676' title='bbox 2159 4366 2246 4421; x_wconf 68' lang='grc'><strong>12.</strong></span> <span class='ocrx_word' id='word_1_677' title='bbox 2285 4397 2354 4406; x_wconf 96' lang='grc'><strong>-</strong></span> <span class='ocrx_word' id='word_1_678' title='bbox 2406 4385 2424 4417; x_wconf 84' lang='grc' dir='ltr'><strong>ι</strong></span> <span class='ocrx_word' id='word_1_679' title='bbox 2468 4362 2615 4427; x_wconf 87' lang='lat' dir='ltr'><strong>ideo,</strong></span> <span class='ocrx_word' id='word_1_680' title='bbox 2670 4366 2837 4420; x_wconf 79' lang='lat' dir='ltr'><strong>vestri</strong></span> <span class='ocrx_word' id='word_1_681' title='bbox 2882 4380 3067 4427; x_wconf 91' lang='lat' dir='ltr'><strong>causa,</strong></span> <span class='ocrx_word' id='word_1_682' title='bbox 3122 4364 3251 4417; x_wconf 90' lang='lat' dir='ltr'><strong>Sion</strong></span> <span class='ocrx_word' id='word_1_683' title='bbox 3298 4362 3457 4431; x_wconf 90' lang='lat' dir='ltr'><strong>quasi</strong></span> 
     </span>
    </p>
   </div>
   <div class='ocr_carea' id='block_1_87' title="bbox 218 4462 1782 4535">
    <p class='ocr_par' dir='ltr' id='par_1_87' title="bbox 218 4462 1782 4535">
     <span class='ocr_line' id='line_1_87' title="bbox 218 4462 1782 4535; baseline 0 -22"><span class='ocrx_word' id='word_1_684' title='bbox 218 4462 687 4534; x_wconf 73' lang='grc' dir='ltr'>ἀροτριαθήσεται,</span> <span class='ocrx_word' id='word_1_685' title='bbox 720 4464 815 4516; x_wconf 70' lang='grc' dir='ltr'><strong>καὶ</strong></span> <span class='ocrx_word' id='word_1_686' title='bbox 859 4463 1210 4535; x_wconf 78' lang='grc' dir='ltr'>Ἰερουσαλὴμ</span> <span class='ocrx_word' id='word_1_687' title='bbox 1235 4465 1315 4526; x_wconf 84' lang='grc' dir='ltr'>εἰς</span> <span class='ocrx_word' id='word_1_688' title='bbox 1336 4464 1782 4533; x_wconf 70' lang='grc' dir='ltr'>ὀπωροφυλάκιον</span> 
     </span>
    </p>
   </div>
   <div class='ocr_carea' id='block_1_88' title="bbox 221 4552 1777 4625">
    <p class='ocr_par' dir='ltr' id='par_1_88' title="bbox 221 4552 1777 4625">
     <span class='ocr_line' id='line_1_88' title="bbox 221 4552 1777 4625; baseline 0.003 -23"><span class='ocrx_word' id='word_1_689' title='bbox 221 4552 379 4615; x_wconf 70' lang='grc' dir='ltr'>ἔσται,</span> <span class='ocrx_word' id='word_1_690' title='bbox 430 4555 530 4606; x_wconf 77' lang='grc' dir='ltr'><strong>καὶ</strong></span> <span class='ocrx_word' id='word_1_691' title='bbox 563 4554 627 4606; x_wconf 80' lang='grc' dir='ltr'><strong>τὸ</strong></span> <span class='ocrx_word' id='word_1_692' title='bbox 672 4553 797 4625; x_wconf 77' lang='grc' dir='ltr'>ὅρος</span> <span class='ocrx_word' id='word_1_693' title='bbox 839 4554 935 4607; x_wconf 91' lang='grc' dir='ltr'><strong>τοῦ</strong></span> <span class='ocrx_word' id='word_1_694' title='bbox 979 4554 1129 4608; x_wconf 83' lang='grc' dir='ltr'>οίκου</span> <span class='ocrx_word' id='word_1_695' title='bbox 1179 4556 1257 4618; x_wconf 86' lang='grc' dir='ltr'><strong>είς</strong></span> <span class='ocrx_word' id='word_1_696' title='bbox 1288 4556 1450 4619; x_wconf 78' lang='grc' dir='ltr'>ἄλσος</span> <span class='ocrx_word' id='word_1_697' title='bbox 1487 4555 1713 4625; x_wconf 89' lang='grc' dir='ltr'>δρυμοῦ.</span> <span class='ocrx_word' id='word_1_698' title='bbox 1759 4570 1777 4604; x_wconf 73' lang='grc' dir='ltr'><strong>ι</strong></span> 
     </span>
    </p>
   </div>
   <div class='ocr_carea' id='block_1_89' title="bbox 229 4643 1785 4716">
    <p class='ocr_par' dir='ltr' id='par_1_89' title="bbox 229 4643 1785 4716">
     <span class='ocr_line' id='line_1_89' title="bbox 229 4643 1785 4716; baseline 0.001 -22"><span class='ocrx_word' id='word_1_699' title='bbox 229 4643 434 4715; x_wconf 74' lang='grc' dir='ltr'>Ἐπειδὴ</span> <span class='ocrx_word' id='word_1_700' title='bbox 466 4645 654 4697; x_wconf 85' lang='grc' dir='ltr'>τοίνυν</span> <span class='ocrx_word' id='word_1_701' title='bbox 689 4648 802 4707; x_wconf 86' lang='grc' dir='ltr'>τοῖς</span> <span class='ocrx_word' id='word_1_702' title='bbox 834 4644 935 4714; x_wconf 87' lang='grc' dir='ltr'><strong>μὲν</strong></span> <span class='ocrx_word' id='word_1_703' title='bbox 976 4645 1260 4716; x_wconf 80' lang='grc' dir='ltr'>ἡμετέροις</span> <span class='ocrx_word' id='word_1_704' title='bbox 1287 4646 1564 4699; x_wconf 81' lang='grc' dir='ltr'>ἀπειθεῖτε</span> <span class='ocrx_word' id='word_1_705' title='bbox 1606 4645 1785 4712; x_wconf 80' lang='grc' dir='ltr'>λόγοις</span> 
     </span>
    </p>
   </div>
   <div class='ocr_carea' id='block_1_90' title="bbox 219 4728 1787 4807">
    <p class='ocr_par' dir='ltr' id='par_1_90' title="bbox 219 4728 1787 4807">
     <span class='ocr_line' id='line_1_90' title="bbox 219 4728 1787 4807; baseline 0.003 -24"><span class='ocrx_word' id='word_1_706' title='bbox 219 4734 346 4784; x_wconf 66' lang='grc' dir='ltr'>κατὰ</span> <span class='ocrx_word' id='word_1_707' title='bbox 368 4728 598 4803; x_wconf 70' lang='grc' dir='ltr'>γνώμην</span> <span class='ocrx_word' id='word_1_708' title='bbox 621 4732 762 4785; x_wconf 83' lang='grc' dir='ltr'>Θεοῦ</span> <span class='ocrx_word' id='word_1_709' title='bbox 792 4734 1151 4803; x_wconf 87' lang='grc' dir='ltr'>γιγνομένοις,</span> <span class='ocrx_word' id='word_1_710' title='bbox 1176 4737 1286 4798; x_wconf 80' lang='grc' dir='ltr'>τοῖς</span> <span class='ocrx_word' id='word_1_711' title='bbox 1311 4735 1787 4807; x_wconf 69' lang='grc' dir='ltr'>ψευδοπροφήταις</span> 
     </span>
    </p>
   </div>
   <div class='ocr_carea' id='block_1_91' title="bbox 217 4822 1784 4898">
    <p class='ocr_par' dir='ltr' id='par_1_91' title="bbox 217 4822 1784 4898">
     <span class='ocr_line' id='line_1_91' title="bbox 217 4822 1784 4898; baseline 0.004 -23"><span class='ocrx_word' id='word_1_712' title='bbox 296 4824 656 4897; x_wconf 78' lang='grc' dir='ltr'>προσέχοντες</span> <span class='ocrx_word' id='word_1_713' title='bbox 698 4822 967 4889; x_wconf 78' lang='grc' dir='ltr'>τοσαύτας</span> <span class='ocrx_word' id='word_1_714' title='bbox 1009 4826 1261 4890; x_wconf 87' lang='grc' dir='ltr'>ἀσεϐείας</span> <span class='ocrx_word' id='word_1_715' title='bbox 1314 4845 1373 4879; x_wconf 88' lang='grc' dir='ltr'><strong>τε</strong></span> <span class='ocrx_word' id='word_1_716' title='bbox 1415 4830 1508 4881; x_wconf 80' lang='grc' dir='ltr'><strong>καὶ</strong></span> <span class='ocrx_word' id='word_1_717' title='bbox 1549 4846 1784 4898; x_wconf 86' lang='grc' dir='ltr'>παρανο-</span> 
     </span>
    </p>
   </div>
   <div class='ocr_carea' id='block_1_92' title="bbox 220 4913 1779 4988">
    <p class='ocr_par' dir='ltr' id='par_1_92' title="bbox 220 4913 1779 4988">
     <span class='ocr_line' id='line_1_92' title="bbox 220 4913 1779 4988; baseline 0.004 -23"><span class='ocrx_word' id='word_1_718' title='bbox 220 4913 334 4979; x_wconf 78' lang='grc' dir='ltr'>μίας</span> <span class='ocrx_word' id='word_1_719' title='bbox 361 4914 484 4968; x_wconf 82' lang='grc' dir='ltr'>καθ’</span> <span class='ocrx_word' id='word_1_720' title='bbox 514 4915 760 4984; x_wconf 80' lang='grc' dir='ltr'>ἑκάστην</span> <span class='ocrx_word' id='word_1_721' title='bbox 792 4914 1034 4979; x_wconf 73' lang='grc' dir='ltr'>ἅπαντες</span> <span class='ocrx_word' id='word_1_722' title='bbox 1063 4918 1276 4988; x_wconf 78' lang='grc' dir='ltr'>ἡμέραν</span> <span class='ocrx_word' id='word_1_723' title='bbox 1315 4919 1608 4972; x_wconf 80' lang='grc' dir='ltr'>ἐπιτελεῖτε</span> <span class='ocrx_word' id='word_1_724' title='bbox 1632 4962 1644 4982; x_wconf 93' lang='grc'><strong>,</strong></span> <span class='ocrx_word' id='word_1_725' title='bbox 1692 4920 1779 4972; x_wconf 74' lang='grc' dir='ltr'>διὰ</span> 
     </span>
    </p>
   </div>
   <div class='ocr_carea' id='block_1_93' title="bbox 215 5002 1777 5080">
    <p class='ocr_par' dir='ltr' id='par_1_93' title="bbox 215 5002 1777 5080">
     <span class='ocr_line' id='line_1_93' title="bbox 215 5002 1777 5080; baseline 0.006 -27"><span class='ocrx_word' id='word_1_726' title='bbox 215 5002 360 5057; x_wconf 79' lang='grc' dir='ltr'>τοῦτο</span> <span class='ocrx_word' id='word_1_727' title='bbox 399 5005 616 5059; x_wconf 70' lang='grc' dir='ltr'>εἴσεσθε</span> <span class='ocrx_word' id='word_1_728' title='bbox 657 5005 765 5057; x_wconf 83' lang='grc' dir='ltr'><strong>τῶν</strong></span> <span class='ocrx_word' id='word_1_729' title='bbox 812 5006 1097 5077; x_wconf 81' lang='grc' dir='ltr'>ἡμετέρων</span> <span class='ocrx_word' id='word_1_730' title='bbox 1132 5008 1304 5075; x_wconf 70' lang='grc' dir='ltr'>λόγων</span> <span class='ocrx_word' id='word_1_731' title='bbox 1355 5010 1452 5079; x_wconf 84' lang='grc' dir='ltr'>τὴν</span> <span class='ocrx_word' id='word_1_732' title='bbox 1499 5010 1777 5080; x_wconf 70' lang='grc' dir='ltr'>ἀλήθειαν,</span> 
     </span>
    </p>
   </div>
   <div class='ocr_carea' id='block_1_94' title="bbox 215 5093 1783 5166">
    <p class='ocr_par' dir='ltr' id='par_1_94' title="bbox 215 5093 1783 5166">
     <span class='ocr_line' id='line_1_94' title="bbox 215 5093 1783 5166; baseline 0.006 -23"><span class='ocrx_word' id='word_1_733' title='bbox 215 5093 299 5144; x_wconf 71' lang='grc' dir='ltr'><strong>καὶ</strong></span> <span class='ocrx_word' id='word_1_734' title='bbox 323 5095 404 5147; x_wconf 79' lang='grc' dir='ltr'>ὅτι</span> <span class='ocrx_word' id='word_1_735' title='bbox 439 5093 687 5164; x_wconf 79' lang='grc' dir='ltr'>τοσαύτη</span> <span class='ocrx_word' id='word_1_736' title='bbox 722 5111 806 5157; x_wconf 89' lang='grc' dir='ltr'><strong>τις</strong></span> <span class='ocrx_word' id='word_1_737' title='bbox 838 5096 1044 5166; x_wconf 80' lang='grc' dir='ltr'>ἐρημία</span> <span class='ocrx_word' id='word_1_738' title='bbox 1080 5097 1453 5166; x_wconf 73' lang='grc' dir='ltr'>καταλήψεται</span> <span class='ocrx_word' id='word_1_739' title='bbox 1493 5100 1611 5152; x_wconf 86' lang='grc' dir='ltr'>τότε</span> <span class='ocrx_word' id='word_1_740' title='bbox 1645 5100 1783 5152; x_wconf 86' lang='grc' dir='ltr'>Σιὼν</span> 
     </span>
    </p>
   </div>
   <div class='ocr_carea' id='block_1_95' title="bbox 214 5179 1780 5261">
    <p class='ocr_par' dir='ltr' id='par_1_95' title="bbox 214 5179 1780 5261">
     <span class='ocr_line' id='line_1_95' title="bbox 214 5179 1780 5261; baseline 0.003 -25"><span class='ocrx_word' id='word_1_741' title='bbox 214 5179 324 5250; x_wconf 70' lang='grc' dir='ltr'>ὅρος</span> <span class='ocrx_word' id='word_1_742' title='bbox 346 5186 439 5237; x_wconf 85' lang='grc' dir='ltr'><strong>καί</strong></span> <span class='ocrx_word' id='word_1_743' title='bbox 473 5184 575 5255; x_wconf 80' lang='grc' dir='ltr'>τὴν</span> <span class='ocrx_word' id='word_1_744' title='bbox 604 5185 695 5237; x_wconf 75' lang='grc' dir='ltr'><strong>ἐπ’</strong></span> <span class='ocrx_word' id='word_1_745' title='bbox 724 5184 891 5237; x_wconf 81' lang='grc' dir='ltr'>αὐτοῦ</span> <span class='ocrx_word' id='word_1_746' title='bbox 916 5186 1091 5252; x_wconf 81' lang='grc' dir='ltr'>πόλιν,</span> <span class='ocrx_word' id='word_1_747' title='bbox 1117 5187 1191 5250; x_wconf 83' lang='grc' dir='ltr'>ὡς</span> <span class='ocrx_word' id='word_1_748' title='bbox 1214 5188 1276 5240; x_wconf 84' lang='grc' dir='ltr'>τὸ</span> <span class='ocrx_word' id='word_1_749' title='bbox 1305 5189 1404 5258; x_wconf 85' lang='grc' dir='ltr'><strong>μὲν</strong></span> <span class='ocrx_word' id='word_1_750' title='bbox 1430 5190 1599 5261; x_wconf 82' lang='grc' dir='ltr'>ἀγροῦ</span> <span class='ocrx_word' id='word_1_751' title='bbox 1625 5191 1780 5260; x_wconf 83' lang='grc' dir='ltr'>δίκην</span> 
     </span>
    </p>
   </div>
   <div class='ocr_carea' id='block_1_96' title="bbox 214 5276 1781 5352">
    <p class='ocr_par' dir='ltr' id='par_1_96' title="bbox 214 5276 1781 5352">
     <span class='ocr_line' id='line_1_96' title="bbox 214 5276 1781 5352; baseline 0.004 -24"><span class='ocrx_word' id='word_1_752' title='bbox 214 5277 584 5346; x_wconf 70' lang='grc' dir='ltr'>γεωργεῖσθαι,</span> <span class='ocrx_word' id='word_1_753' title='bbox 628 5276 731 5346; x_wconf 81' lang='grc' dir='ltr'><strong>τὴν</strong></span> <span class='ocrx_word' id='word_1_754' title='bbox 774 5276 832 5329; x_wconf 79' lang='grc' dir='ltr'>δὲ</span> <span class='ocrx_word' id='word_1_755' title='bbox 870 5279 1075 5349; x_wconf 74' lang='grc' dir='ltr'>σκηνῆς</span> <span class='ocrx_word' id='word_1_756' title='bbox 1116 5278 1452 5333; x_wconf 81' lang='grc' dir='ltr'>διαλλάττειν</span> <span class='ocrx_word' id='word_1_757' title='bbox 1489 5281 1651 5352; x_wconf 77' lang='grc' dir='ltr'>μηδὲν</span> <span class='ocrx_word' id='word_1_758' title='bbox 1691 5285 1781 5334; x_wconf 73' lang='grc' dir='ltr'><strong>ἐπὶ</strong></span> 
     </span>
    </p>
   </div>
   <div class='ocr_carea' id='block_1_97' title="bbox 210 5364 1782 5443">
    <p class='ocr_par' dir='ltr' id='par_1_97' title="bbox 210 5364 1782 5443">
     <span class='ocr_line' id='line_1_97' title="bbox 210 5364 1782 5443; baseline 0.007 -28"><span class='ocrx_word' id='word_1_759' title='bbox 210 5364 424 5436; x_wconf 70' lang='grc' dir='ltr'>ὀπωρῶν</span> <span class='ocrx_word' id='word_1_760' title='bbox 454 5367 675 5438; x_wconf 76' lang='grc' dir='ltr'>φυλακῇ</span> <span class='ocrx_word' id='word_1_761' title='bbox 718 5372 1257 5440; x_wconf 82' lang='grc' dir='ltr'>κατεσκευασμένης,</span> <span class='ocrx_word' id='word_1_762' title='bbox 1290 5372 1396 5423; x_wconf 83' lang='grc' dir='ltr'><strong>τῶν</strong></span> <span class='ocrx_word' id='word_1_763' title='bbox 1417 5374 1782 5443; x_wconf 73' lang='grc' dir='ltr'>οἰκοδομημά-</span> 
     </span>
    </p>
   </div>
   <div class='ocr_carea' id='block_1_98' title="bbox 210 5456 1778 5531">
    <p class='ocr_par' dir='ltr' id='par_1_98' title="bbox 210 5456 1778 5531">
     <span class='ocr_line' id='line_1_98' title="bbox 210 5456 1778 5531; baseline 0.007 -28"><span class='ocrx_word' id='word_1_764' title='bbox 210 5468 306 5506; x_wconf 79' lang='grc' dir='ltr'><strong>των</strong></span> <span class='ocrx_word' id='word_1_765' title='bbox 332 5456 463 5528; x_wconf 73' lang='grc' dir='ltr'>αὐτῇ</span> <span class='ocrx_word' id='word_1_766' title='bbox 491 5457 839 5527; x_wconf 73' lang='grc' dir='ltr'>πανταχόθεν</span> <span class='ocrx_word' id='word_1_767' title='bbox 868 5461 1340 5531; x_wconf 76' lang='grc' dir='ltr'>κατερῤιμμένων,</span> <span class='ocrx_word' id='word_1_768' title='bbox 1367 5463 1472 5513; x_wconf 78' lang='grc' dir='ltr'>πᾶν</span> <span class='ocrx_word' id='word_1_769' title='bbox 1488 5480 1567 5526; x_wconf 89' lang='grc' dir='ltr'><strong>τε,</strong></span> <span class='ocrx_word' id='word_1_770' title='bbox 1595 5463 1778 5514; x_wconf 62' lang='grc' dir='ltr'>συντό-</span> 
     </span>
    </p>
   </div>
   <div class='ocr_carea' id='block_1_99' title="bbox 213 5543 1780 5619">
    <p class='ocr_par' dir='ltr' id='par_1_99' title="bbox 213 5543 1780 5619">
     <span class='ocr_line' id='line_1_99' title="bbox 213 5543 1780 5619; baseline 0.004 -21"><span class='ocrx_word' id='word_1_771' title='bbox 213 5560 318 5611; x_wconf 80' lang='grc' dir='ltr'><strong>μως</strong></span> <span class='ocrx_word' id='word_1_772' title='bbox 342 5548 537 5615; x_wconf 85' lang='grc' dir='ltr'>εἰπεῖν,</span> <span class='ocrx_word' id='word_1_773' title='bbox 564 5547 629 5601; x_wconf 84' lang='grc' dir='ltr'><strong>τὸ</strong></span> <span class='ocrx_word' id='word_1_774' title='bbox 665 5548 793 5619; x_wconf 84' lang='grc' dir='ltr'>ὄρος</span> <span class='ocrx_word' id='word_1_775' title='bbox 820 5551 877 5602; x_wconf 84' lang='grc' dir='ltr'><strong>ἐν</strong></span> <span class='ocrx_word' id='word_1_776' title='bbox 906 5543 1060 5618; x_wconf 79' lang='grc' dir='ltr'>ᾧπερ</span> <span class='ocrx_word' id='word_1_777' title='bbox 1090 5552 1117 5601; x_wconf 85' lang='grc' dir='ltr'>ὁ</span> <span class='ocrx_word' id='word_1_778' title='bbox 1150 5551 1241 5603; x_wconf 87' lang='grc' dir='ltr'><strong>τοῦ</strong></span> <span class='ocrx_word' id='word_1_779' title='bbox 1268 5550 1401 5603; x_wconf 80' lang='grc' dir='ltr'>Θεοῦ</span> <span class='ocrx_word' id='word_1_780' title='bbox 1437 5548 1581 5615; x_wconf 69' lang='grc' dir='ltr'>οἶκος</span> <span class='ocrx_word' id='word_1_781' title='bbox 1614 5555 1780 5612; x_wconf 76' lang='grc' dir='ltr'>ἐστιν.</span> 
     </span>
    </p>
   </div>
   <div class='ocr_carea' id='block_1_100' title="bbox 108 5635 1782 5710">
    <p class='ocr_par' dir='ltr' id='par_1_100' title="bbox 108 5635 1782 5710">
     <span class='ocr_line' id='line_1_100' title="bbox 108 5635 1782 5710; baseline 0.007 -25"><span class='ocrx_word' id='word_1_782' title='bbox 108 5680 113 5685; x_wconf 85' lang='grc'>.</span> <span class='ocrx_word' id='word_1_783' title='bbox 207 5635 348 5691; x_wconf 70' lang='grc' dir='ltr'>οὐδὲν</span> <span class='ocrx_word' id='word_1_784' title='bbox 395 5639 583 5694; x_wconf 83' lang='grc' dir='ltr'>διοίσει</span> <span class='ocrx_word' id='word_1_785' title='bbox 640 5641 816 5693; x_wconf 80' lang='grc' dir='ltr'>τόπου</span> <span class='ocrx_word' id='word_1_786' title='bbox 865 5642 1183 5710; x_wconf 83' lang='grc' dir='ltr'>συμφύτου,</span> <span class='ocrx_word' id='word_1_787' title='bbox 1247 5643 1516 5695; x_wconf 77' lang='grc' dir='ltr'>τοσούτων</span> <span class='ocrx_word' id='word_1_788' title='bbox 1568 5649 1628 5697; x_wconf 82' lang='grc' dir='ltr'><strong>ἐκ</strong></span> <span class='ocrx_word' id='word_1_789' title='bbox 1683 5646 1782 5710; x_wconf 63' lang='grc' dir='ltr'>τῆς</span> 
     </span>
    </p>
   </div>
   <div class='ocr_carea' id='block_1_101' title="bbox 208 5693 1780 5805">
    <p class='ocr_par' dir='ltr' id='par_1_101' title="bbox 208 5693 1780 5805">
     <span class='ocr_line' id='line_1_101' title="bbox 208 5693 1780 5805; baseline -0.031 29"><span class='ocrx_word' id='word_1_790' title='bbox 208 5726 426 5800; x_wconf 51' lang='grc' dir='ltr'><strong>ἐρημίας</strong></span> <span class='ocrx_word' id='word_1_791' title='bbox 448 5731 859 5803; x_wconf 57' lang='grc' dir='ltr'><strong>ἀναδιδομένῢνθ</strong></span> <span class='ocrx_word' id='word_1_792' title='bbox 882 5693 1067 5784; x_wconf 36' lang='lat' dir='ltr'><strong>cardo:</strong></span> <span class='ocrx_word' id='word_1_793' title='bbox 1094 5734 1296 5800; x_wconf 67' lang='grc' dir='ltr'>φυτῶν.</span> <span class='ocrx_word' id='word_1_794' title='bbox 1337 5735 1493 5787; x_wconf 75' lang='grc' dir='ltr'>’Δλλὰ</span> <span class='ocrx_word' id='word_1_795' title='bbox 1522 5736 1627 5805; x_wconf 78' lang='grc' dir='ltr'><strong>γὰρ</strong></span> <span class='ocrx_word' id='word_1_796' title='bbox 1654 5693 1780 5805; x_wconf 51' lang='grc' dir='ltr'>ἅκρί</span> 
     </span>
    </p>
   </div>
   <div class='ocr_carea' id='block_1_102' title="bbox 514 5846 1239 5907">
    <p class='ocr_par' dir='ltr' id='par_1_102' title="bbox 514 5846 1239 5907">
     <span class='ocr_line' id='line_1_102' title="bbox 514 5846 1239 5907; baseline 0.004 -3"><span class='ocrx_word' id='word_1_797' title='bbox 514 5846 777 5905; x_wconf 64' lang='lat' dir='ltr'><strong>Parnm.</strong></span> <span class='ocrx_word' id='word_1_798' title='bbox 851 5848 967 5906; x_wconf 80' lang='lat' dir='ltr'><strong>Gn.</strong></span> <span class='ocrx_word' id='word_1_799' title='bbox 1020 5848 1239 5907; x_wconf 72' lang='lat' dir='ltr'><strong>LXVI.</strong></span> 
     </span>
    </p>
   </div>
   <div class='ocr_carea' id='block_1_103' title="bbox 1891 4450 3458 4530">
    <p class='ocr_par' dir='ltr' id='par_1_103' title="bbox 1891 4450 3458 4530">
     <span class='ocr_line' id='line_1_103' title="bbox 1891 4450 3458 4530; baseline -0.007 -16"><span class='ocrx_word' id='word_1_800' title='bbox 1891 4476 2018 4530; x_wconf 81' lang='lat' dir='ltr'><strong>ager</strong></span> <span class='ocrx_word' id='word_1_801' title='bbox 2059 4460 2323 4521; x_wconf 86' lang='lat' dir='ltr'><strong>arabitur,</strong></span> <span class='ocrx_word' id='word_1_802' title='bbox 2369 4467 2419 4511; x_wconf 89' lang='lat' dir='ltr'><strong>et</strong></span> <span class='ocrx_word' id='word_1_803' title='bbox 2462 4456 2762 4511; x_wconf 85' lang='lat' dir='ltr'><strong>Jerusalem</strong></span> <span class='ocrx_word' id='word_1_804' title='bbox 2810 4458 2964 4526; x_wconf 89' lang='lat' dir='ltr'><strong>quasi</strong></span> <span class='ocrx_word' id='word_1_805' title='bbox 3009 4455 3257 4508; x_wconf 82' lang='lat' dir='ltr'><strong>custodia</strong></span> <span class='ocrx_word' id='word_1_806' title='bbox 3298 4450 3458 4521; x_wconf 66' lang='grc'><strong>184</strong></span> 
     </span>
    </p>
   </div>
   <div class='ocr_carea' id='block_1_104' title="bbox 1887 4544 3452 4623">
    <p class='ocr_par' dir='ltr' id='par_1_104' title="bbox 1887 4544 3452 4623">
     <span class='ocr_line' id='line_1_104' title="bbox 1887 4544 3452 4623; baseline -0.01 -17"><span class='ocrx_word' id='word_1_807' title='bbox 1887 4553 2117 4623; x_wconf 86' lang='lat' dir='ltr'><strong>pomarii</strong></span> <span class='ocrx_word' id='word_1_808' title='bbox 2141 4554 2339 4614; x_wconf 86' lang='lat' dir='ltr'><strong>erit,,et</strong></span> <span class='ocrx_word' id='word_1_809' title='bbox 2366 4565 2525 4605; x_wconf 89' lang='lat' dir='ltr'><strong>mons</strong></span> <span class='ocrx_word' id='word_1_810' title='bbox 2556 4550 2740 4619; x_wconf 88' lang='lat' dir='ltr'><strong>templi</strong></span> <span class='ocrx_word' id='word_1_811' title='bbox 2775 4549 2931 4618; x_wconf 91' lang='lat' dir='ltr'><strong>quasi</strong></span> <span class='ocrx_word' id='word_1_812' title='bbox 2965 4548 3122 4600; x_wconf 87' lang='lat' dir='ltr'><strong>lucus</strong></span> <span class='ocrx_word' id='word_1_813' title='bbox 3152 4546 3204 4597; x_wconf 83' lang='lat' dir='ltr'><strong>in</strong></span> <span class='ocrx_word' id='word_1_814' title='bbox 3237 4544 3399 4597; x_wconf 88' lang='lat' dir='ltr'><strong>saltu.</strong></span> <span class='ocrx_word' id='word_1_815' title='bbox 3434 4562 3452 4589; x_wconf 78' lang='grc' dir='ltr'><strong>ι</strong></span> 
     </span>
    </p>
   </div>
   <div class='ocr_carea' id='block_1_105' title="bbox 1885 4638 3457 4712">
    <p class='ocr_par' dir='ltr' id='par_1_105' title="bbox 1885 4638 3457 4712">
     <span class='ocr_line' id='line_1_105' title="bbox 1885 4638 3457 4712; baseline -0.006 -17"><span class='ocrx_word' id='word_1_816' title='bbox 1885 4643 2154 4710; x_wconf 86' lang='lat' dir='ltr'><strong>Quoniam</strong></span> <span class='ocrx_word' id='word_1_817' title='bbox 2187 4643 2372 4712; x_wconf 88' lang='lat' dir='ltr'><strong>itaque</strong></span> <span class='ocrx_word' id='word_1_818' title='bbox 2410 4643 2615 4695; x_wconf 88' lang='lat' dir='ltr'><strong>nostris</strong></span> <span class='ocrx_word' id='word_1_819' title='bbox 2644 4639 2959 4695; x_wconf 88' lang='lat' dir='ltr'><strong>discreditis</strong></span> <span class='ocrx_word' id='word_1_820' title='bbox 2997 4638 3203 4697; x_wconf 85' lang='lat' dir='ltr'><strong>verbis,</strong></span> <span class='ocrx_word' id='word_1_821' title='bbox 3238 4649 3357 4705; x_wconf 70' lang='lat' dir='ltr'><strong>qum</strong></span> <span class='ocrx_word' id='word_1_822' title='bbox 3390 4648 3457 4686; x_wconf 82' lang='lat' dir='ltr'><strong>ex</strong></span> 
     </span>
    </p>
   </div>
   <div class='ocr_carea' id='block_1_106' title="bbox 1888 4726 3458 4804">
    <p class='ocr_par' dir='ltr' id='par_1_106' title="bbox 1888 4726 3458 4804">
     <span class='ocr_line' id='line_1_106' title="bbox 1888 4726 3458 4804; baseline -0.01 -16"><span class='ocrx_word' id='word_1_823' title='bbox 1888 4737 1977 4790; x_wconf 85' lang='lat' dir='ltr'><strong>Dei</strong></span> <span class='ocrx_word' id='word_1_824' title='bbox 2030 4736 2297 4789; x_wconf 84' lang='lat' dir='ltr'><strong>sententia</strong></span> <span class='ocrx_word' id='word_1_825' title='bbox 2333 4734 2683 4804; x_wconf 87' lang='lat' dir='ltr'><strong>protulimus,</strong></span> <span class='ocrx_word' id='word_1_826' title='bbox 2736 4739 2791 4784; x_wconf 90' lang='lat' dir='ltr'><strong>et</strong></span> <span class='ocrx_word' id='word_1_827' title='bbox 2844 4730 2993 4783; x_wconf 80' lang='lat' dir='ltr'><strong>falsis</strong></span> <span class='ocrx_word' id='word_1_828' title='bbox 3030 4726 3309 4797; x_wconf 82' lang='lat' dir='ltr'><strong>prophetis</strong></span> <span class='ocrx_word' id='word_1_829' title='bbox 3359 4738 3458 4775; x_wconf 84' lang='lat' dir='ltr'><strong>au-.</strong></span> 
     </span>
    </p>
   </div>
   <div class='ocr_carea' id='block_1_107' title="bbox 1890 4820 3458 4913">
    <p class='ocr_par' dir='ltr' id='par_1_107' title="bbox 1890 4820 3458 4913">
     <span class='ocr_line' id='line_1_107' title="bbox 1890 4820 3458 4913; baseline -0.009 -32"><span class='ocrx_word' id='word_1_830' title='bbox 1890 4829 2213 4892; x_wconf 83' lang='lat' dir='ltr'><strong>scultantes,</strong></span> <span class='ocrx_word' id='word_1_831' title='bbox 2248 4837 2326 4881; x_wconf 86' lang='lat' dir='ltr'><strong>tot</strong></span> <span class='ocrx_word' id='word_1_832' title='bbox 2363 4826 2684 4913; x_wconf 61' lang='lat' dir='ltr'><strong>iniquitates</strong></span> <span class='ocrx_word' id='word_1_833' title='bbox 2718 4839 2779 4876; x_wconf 87' lang='lat' dir='ltr'><strong>ac</strong></span> <span class='ocrx_word' id='word_1_834' title='bbox 2813 4820 3286 4893; x_wconf 71' lang='lat' dir='ltr'><strong>prmvaricatioues</strong></span> <span class='ocrx_word' id='word_1_835' title='bbox 3320 4829 3458 4882; x_wconf 66' lang='lat' dir='ltr'><strong>quo-</strong></span> 
     </span>
    </p>
   </div>
   <div class='ocr_carea' id='block_1_108' title="bbox 1885 4909 3453 4987">
    <p class='ocr_par' dir='ltr' id='par_1_108' title="bbox 1885 4909 3453 4987">
     <span class='ocr_line' id='line_1_108' title="bbox 1885 4909 3453 4987; baseline -0.01 -17"><span class='ocrx_word' id='word_1_836' title='bbox 1885 4919 2016 4971; x_wconf 91' lang='lat' dir='ltr'><strong>tidie</strong></span> <span class='ocrx_word' id='word_1_837' title='bbox 2061 4909 2438 4984; x_wconf 78' lang='lat' dir='ltr'><strong>committitis;</strong></span> <span class='ocrx_word' id='word_1_838' title='bbox 2484 4925 2765 4987; x_wconf 84' lang='lat' dir='ltr'><strong>propterea</strong></span> <span class='ocrx_word' id='word_1_839' title='bbox 2809 4923 3121 4968; x_wconf 85' lang='lat' dir='ltr'><strong>nostrorum</strong></span> <span class='ocrx_word' id='word_1_840' title='bbox 3164 4909 3453 4962; x_wconf 84' lang='lat' dir='ltr'><strong>verborum</strong></span> 
     </span>
    </p>
   </div>
   <div class='ocr_carea' id='block_1_109' title="bbox 1887 4993 3454 5075">
    <p class='ocr_par' dir='ltr' id='par_1_109' title="bbox 1887 4993 3454 5075">
     <span class='ocr_line' id='line_1_109' title="bbox 1887 4993 3454 5075; baseline -0.01 -14"><span class='ocrx_word' id='word_1_841' title='bbox 1887 5008 2168 5061; x_wconf 84' lang='lat' dir='ltr'><strong>veritatem</strong></span> <span class='ocrx_word' id='word_1_842' title='bbox 2201 5008 2584 5075; x_wconf 81' lang='lat' dir='ltr'><strong>cognoscetis;</strong></span> <span class='ocrx_word' id='word_1_843' title='bbox 2639 5006 2766 5073; x_wconf 89' lang='lat' dir='ltr'><strong>quia</strong></span> <span class='ocrx_word' id='word_1_844' title='bbox 2803 5011 2951 5056; x_wconf 88' lang='lat' dir='ltr'><strong>tanta</strong></span> <span class='ocrx_word' id='word_1_845' title='bbox 3004 5011 3133 5054; x_wconf 91' lang='lat' dir='ltr'><strong>tunc</strong></span> <span class='ocrx_word' id='word_1_846' title='bbox 3180 4999 3235 5050; x_wconf 92' lang='lat' dir='ltr'><strong>iu</strong></span> <span class='ocrx_word' id='word_1_847' title='bbox 3287 4993 3454 5048; x_wconf 85' lang='lat' dir='ltr'><strong>Sione</strong></span> 
     </span>
    </p>
   </div>
   <div class='ocr_carea' id='block_1_110' title="bbox 1887 5086 3453 5165">
    <p class='ocr_par' dir='ltr' id='par_1_110' title="bbox 1887 5086 3453 5165">
     <span class='ocr_line' id='line_1_110' title="bbox 1887 5086 3453 5165; baseline -0.009 -16"><span class='ocrx_word' id='word_1_848' title='bbox 1887 5104 2067 5149; x_wconf 83' lang='lat' dir='ltr'><strong>monte</strong></span> <span class='ocrx_word' id='word_1_849' title='bbox 2101 5103 2155 5148; x_wconf 89' lang='lat' dir='ltr'><strong>et</strong></span> <span class='ocrx_word' id='word_1_850' title='bbox 2202 5097 2252 5149; x_wconf 90' lang='lat' dir='ltr'><strong>in</strong></span> <span class='ocrx_word' id='word_1_851' title='bbox 2299 5096 2549 5165; x_wconf 88' lang='lat' dir='ltr'><strong>imposita</strong></span> <span class='ocrx_word' id='word_1_852' title='bbox 2588 5095 2635 5148; x_wconf 90' lang='lat' dir='ltr'><strong>ei</strong></span> <span class='ocrx_word' id='word_1_853' title='bbox 2692 5094 2914 5145; x_wconf 80' lang='lat' dir='ltr'><strong>civitate</strong></span> <span class='ocrx_word' id='word_1_854' title='bbox 2966 5087 3203 5145; x_wconf 75' lang='lat' dir='ltr'><strong>solitudo</strong></span> <span class='ocrx_word' id='word_1_855' title='bbox 3251 5086 3357 5146; x_wconf 75' lang='lat' dir='ltr'><strong>lict,</strong></span> <span class='ocrx_word' id='word_1_856' title='bbox 3397 5092 3453 5149; x_wconf 74' lang='grc' dir='ltr'><strong>ιιι</strong></span> 
     </span>
    </p>
   </div>
   <div class='ocr_carea' id='block_1_111' title="bbox 1886 5175 3481 5257">
    <p class='ocr_par' dir='ltr' id='par_1_111' title="bbox 1886 5175 3481 5257">
     <span class='ocr_line' id='line_1_111' title="bbox 1886 5175 3481 5257; baseline -0.009 -18"><span class='ocrx_word' id='word_1_857' title='bbox 1886 5189 1973 5241; x_wconf 91' lang='lat' dir='ltr'><strong>ille</strong></span> <span class='ocrx_word' id='word_1_858' title='bbox 1995 5187 2210 5257; x_wconf 90' lang='lat' dir='ltr'><strong>quidem</strong></span> <span class='ocrx_word' id='word_1_859' title='bbox 2240 5187 2353 5254; x_wconf 81' lang='lat' dir='ltr'><strong>agri</strong></span> <span class='ocrx_word' id='word_1_860' title='bbox 2385 5188 2556 5238; x_wconf 86' lang='lat' dir='ltr'><strong>instar</strong></span> <span class='ocrx_word' id='word_1_861' title='bbox 2580 5184 2819 5237; x_wconf 88' lang='lat' dir='ltr'><strong>arandus</strong></span> <span class='ocrx_word' id='word_1_862' title='bbox 2847 5184 2937 5243; x_wconf 87' lang='lat' dir='ltr'><strong>sit,</strong></span> <span class='ocrx_word' id='word_1_863' title='bbox 2966 5182 3075 5233; x_wconf 73' lang='lat' dir='ltr'><strong>haec</strong></span> <span class='ocrx_word' id='word_1_864' title='bbox 3101 5187 3279 5231; x_wconf 88' lang='lat' dir='ltr'><strong>autem</strong></span> <span class='ocrx_word' id='word_1_865' title='bbox 3309 5175 3481 5228; x_wconf 66' lang='lat' dir='ltr'><strong>haud‘</strong></span> 
     </span>
    </p>
   </div>
   <div class='ocr_carea' id='block_1_112' title="bbox 1884 5268 3450 5343">
    <p class='ocr_par' dir='ltr' id='par_1_112' title="bbox 1884 5268 3450 5343">
     <span class='ocr_line' id='line_1_112' title="bbox 1884 5268 3450 5343; baseline -0.008 -12"><span class='ocrx_word' id='word_1_866' title='bbox 1884 5278 2168 5331; x_wconf 80' lang='lat' dir='ltr'><strong>dissimilis</strong></span> <span class='ocrx_word' id='word_1_867' title='bbox 2220 5274 2401 5328; x_wconf 82' lang='lat' dir='ltr'><strong>futura</strong></span> <span class='ocrx_word' id='word_1_868' title='bbox 2464 5278 2533 5327; x_wconf 90' lang='lat' dir='ltr'><strong>sit</strong></span> <span class='ocrx_word' id='word_1_869' title='bbox 2584 5274 2797 5343; x_wconf 79' lang='lat' dir='ltr'><strong>tugurio</strong></span> <span class='ocrx_word' id='word_1_870' title='bbox 2844 5268 3219 5325; x_wconf 88' lang='lat' dir='ltr'><strong>custodiendis</strong></span> <span class='ocrx_word' id='word_1_871' title='bbox 3274 5268 3450 5336; x_wconf 89' lang='lat' dir='ltr'><strong>pomis</strong></span> 
     </span>
    </p>
   </div>
   <div class='ocr_carea' id='block_1_113' title="bbox 1884 5360 3443 5435">
    <p class='ocr_par' dir='ltr' id='par_1_113' title="bbox 1884 5360 3443 5435">
     <span class='ocr_line' id='line_1_113' title="bbox 1884 5360 3443 5435; baseline -0.007 -12"><span class='ocrx_word' id='word_1_872' title='bbox 1884 5376 2096 5435; x_wconf 86' lang='lat' dir='ltr'><strong>erecto;</strong></span> <span class='ocrx_word' id='word_1_873' title='bbox 2128 5368 2353 5422; x_wconf 83' lang='lat' dir='ltr'><strong>urbanis</strong></span> <span class='ocrx_word' id='word_1_874' title='bbox 2379 5382 2570 5434; x_wconf 90' lang='lat' dir='ltr'><strong>nempe</strong></span> <span class='ocrx_word' id='word_1_875' title='bbox 2598 5365 2843 5419; x_wconf 66' lang='lat' dir='ltr'><strong>mdiiiciis</strong></span> <span class='ocrx_word' id='word_1_876' title='bbox 2873 5364 3075 5431; x_wconf 86' lang='lat' dir='ltr'><strong>ubique</strong></span> <span class='ocrx_word' id='word_1_877' title='bbox 3108 5360 3398 5430; x_wconf 88' lang='lat' dir='ltr'><strong>prostratis</strong></span> <span class='ocrx_word' id='word_1_878' title='bbox 3429 5373 3443 5412; x_wconf 89' lang='lat'><strong>:</strong></span> 
     </span>
    </p>
   </div>
   <div class='ocr_carea' id='block_1_114' title="bbox 1884 5453 3450 5531">
    <p class='ocr_par' dir='ltr' id='par_1_114' title="bbox 1884 5453 3450 5531">
     <span class='ocr_line' id='line_1_114' title="bbox 1884 5453 3450 5531; baseline -0.007 -18"><span class='ocrx_word' id='word_1_879' title='bbox 1884 5472 2045 5531; x_wconf 86' lang='lat' dir='ltr'><strong>atque</strong></span> <span class='ocrx_word' id='word_1_880' title='bbox 2092 5469 2150 5513; x_wconf 88' lang='lat' dir='ltr'><strong>ut</strong></span> <span class='ocrx_word' id='word_1_881' title='bbox 2183 5459 2506 5529; x_wconf 87' lang='lat' dir='ltr'><strong>compendio</strong></span> <span class='ocrx_word' id='word_1_882' title='bbox 2548 5458 2748 5520; x_wconf 88' lang='lat' dir='ltr'><strong>dicam,</strong></span> <span class='ocrx_word' id='word_1_883' title='bbox 2805 5471 2961 5508; x_wconf 88' lang='lat' dir='ltr'><strong>mons</strong></span> <span class='ocrx_word' id='word_1_884' title='bbox 3009 5455 3061 5507; x_wconf 91' lang='lat' dir='ltr'><strong>in</strong></span> <span class='ocrx_word' id='word_1_885' title='bbox 3097 5469 3203 5522; x_wconf 89' lang='lat' dir='ltr'><strong>quo</strong></span> <span class='ocrx_word' id='word_1_886' title='bbox 3254 5453 3450 5506; x_wconf 85' lang='lat' dir='ltr'><strong>domus</strong></span> 
     </span>
    </p>
   </div>
   <div class='ocr_carea' id='block_1_115' title="bbox 1888 5546 3447 5622">
    <p class='ocr_par' dir='ltr' id='par_1_115' title="bbox 1888 5546 3447 5622">
     <span class='ocr_line' id='line_1_115' title="bbox 1888 5546 3447 5622; baseline -0.008 -17"><span class='ocrx_word' id='word_1_887' title='bbox 1888 5554 1977 5607; x_wconf 79' lang='lat' dir='ltr'><strong>Dei</strong></span> <span class='ocrx_word' id='word_1_888' title='bbox 2009 5561 2112 5618; x_wconf 82' lang='lat' dir='ltr'><strong>est,</strong></span> <span class='ocrx_word' id='word_1_889' title='bbox 2147 5554 2281 5607; x_wconf 82' lang='lat' dir='ltr'><strong>nihil</strong></span> <span class='ocrx_word' id='word_1_890' title='bbox 2311 5569 2338 5606; x_wconf 90' lang='lat' dir='ltr'><strong>a</strong></span> <span class='ocrx_word' id='word_1_891' title='bbox 2372 5554 2610 5622; x_wconf 87' lang='lat' dir='ltr'><strong>plantalo</strong></span> <span class='ocrx_word' id='word_1_892' title='bbox 2644 5552 2761 5604; x_wconf 88' lang='lat' dir='ltr'><strong>loco</strong></span> <span class='ocrx_word' id='word_1_893' title='bbox 2793 5550 3026 5610; x_wconf 85' lang='lat' dir='ltr'><strong>dill&#39;eret,</strong></span> <span class='ocrx_word' id='word_1_894' title='bbox 3061 5556 3139 5600; x_wconf 90' lang='lat' dir='ltr'><strong>tot</strong></span> <span class='ocrx_word' id='word_1_895' title='bbox 3178 5546 3286 5600; x_wconf 87' lang='lat' dir='ltr'><strong>illis</strong></span> <span class='ocrx_word' id='word_1_896' title='bbox 3318 5560 3447 5613; x_wconf 82' lang='lat' dir='ltr'><strong>pro-</strong></span> 
     </span>
    </p>
   </div>
   <div class='ocr_carea' id='block_1_116' title="bbox 1885 5638 3448 5716">
    <p class='ocr_par' dir='ltr' id='par_1_116' title="bbox 1885 5638 3448 5716">
     <span class='ocr_line' id='line_1_116' title="bbox 1885 5638 3448 5716; baseline -0.01 -16"><span class='ocrx_word' id='word_1_897' title='bbox 1885 5655 2002 5716; x_wconf 89' lang='lat' dir='ltr'><strong>pter</strong></span> <span class='ocrx_word' id='word_1_898' title='bbox 2043 5646 2388 5700; x_wconf 86' lang='lat' dir='ltr'><strong>solitudinem</strong></span> <span class='ocrx_word' id='word_1_899' title='bbox 2440 5643 2830 5713; x_wconf 87' lang='lat' dir='ltr'><strong>pullulantibus</strong></span> <span class='ocrx_word' id='word_1_900' title='bbox 2879 5643 3098 5711; x_wconf 80' lang='lat' dir='ltr'><strong>plantis.</strong></span> <span class='ocrx_word' id='word_1_901' title='bbox 3150 5638 3266 5691; x_wconf 77' lang='lat' dir='ltr'><strong>Jam</strong></span> <span class='ocrx_word' id='word_1_902' title='bbox 3320 5650 3448 5685; x_wconf 77' lang='lat' dir='ltr'><strong>vero</strong></span> 
     </span>
    </p>
   </div>
   <div class='ocr_carea' id='block_1_117' title="bbox 1886 5726 3448 5802">
    <p class='ocr_par' dir='ltr' id='par_1_117' title="bbox 1886 5726 3448 5802">
     <span class='ocr_line' id='line_1_117' title="bbox 1886 5726 3448 5802; baseline -0.004 -11"><span class='ocrx_word' id='word_1_903' title='bbox 1886 5741 2120 5792; x_wconf 73' lang='lat' dir='ltr'><strong>narratis</strong></span> <span class='ocrx_word' id='word_1_904' title='bbox 2171 5741 2431 5793; x_wconf 70' lang='lat' dir='ltr'><strong>hactenus</strong></span> <span class='ocrx_word' id='word_1_905' title='bbox 2480 5739 2694 5791; x_wconf 73' lang='lat' dir='ltr'><strong>inflictis</strong></span> <span class='ocrx_word' id='word_1_906' title='bbox 2750 5736 3005 5790; x_wconf 67' lang='lat' dir='ltr'><strong>Israelitis</strong></span> <span class='ocrx_word' id='word_1_907' title='bbox 3052 5736 3264 5802; x_wconf 72' lang='lat' dir='ltr'><strong>pomis,</strong></span> <span class='ocrx_word' id='word_1_908' title='bbox 3319 5726 3448 5776; x_wconf 69' lang='grc' dir='ltr'><strong>άὶοῖι</strong></span> 
     </span>
    </p>
   </div>
   <div class='ocr_carea' id='block_1_118' title="bbox 3024 5853 3091 5907">
    <p class='ocr_par' dir='ltr' id='par_1_118' title="bbox 3024 5853 3091 5907">
     <span class='ocr_line' id='line_1_118' title="bbox 3024 5853 3091 5907; baseline 0 0"><span class='ocrx_word' id='word_1_909' title='bbox 3024 5853 3091 5907; x_wconf 75' lang='lat' dir='ltr'><strong>l&#39;).</strong></span> 
     </span>
    </p>
   </div>
  </div>
