3966 6134
382 368 401 373 -
436 358 559 497 Ἦ

1590 385 1939 444 τιιΕΟΠΟΡιΙ
1982 382 2465 443 MOPSUESTEM

3592 382 3688 437 551

449 487 708 585 deinceps
740 525 828 568 res
856 525 1043 567 eorum
1088 518 1210 580 post
1243 516 1527 578 capturum
1565 504 1819 571 futuras;
1857 503 2020 558 nimi-

2136 502 2307 556 τούτου
2339 504 2439 567 τὰς
2478 502 2823 573 ἐπαγομένας
2867 486 3052 564 αὐτοῖς
3099 496 3383 570 συμφορᾶς
3422 498 3689 571 εἰρηκὼς,

450 622 573 660 rum
600 609 858 672 quantam
890 600 1127 656 habituri
1150 599 1261 656 sint
1284 599 1337 654 in
1362 597 1557 653 melius
1581 595 2017 651 conversionem.

451 696 625 763 Quem
661 707 866 749 morem
899 690 1069 748 fuisse
1104 691 1438 762 reliquorum
1470 688 1882 760 prophetarum,
1920 699 2021 741 no—

451 785 809 855 minatimque
837 782 984 838 beati
1036 781 1279 848 Davidis,
1315 795 1457 850 smpe
1495 778 1837 835 ostendimus
1877 796 1891 832 :
1932 777 2023 831 ni;

452 875 651 928 mirum
677 872 1005 943 praedicendi
1042 879 1166 942 post
1198 884 1563 926 aerumnarum
1595 869 1896 923 cruciatum
1931 867 2020 937 ju-

452 964 661 1030 cunda;
700 962 899 1018 deinde
944 977 1140 1017 rursus
1186 959 1363 1015 tristia
1399 957 1636 1021 dicendi,
1670 967 1727 1011 ut
1760 957 1863 1011 hac
1888 971 2023 1012 con-

453 1057 610 1110 tinua
638 1052 918 1117 memoria,
962 1062 1192 1122 utroque
1232 1049 1393 1104 modo
1439 1063 1535 1105 eos
1565 1047 1867 1112 crudirent,
1901 1063 2025 1103 cor-

454 1144 715 1216 ripientes
736 1144 972 1198 tristium
996 1140 1289 1203 mentione,
1314 1139 1601 1193 hortantes
1619 1143 1799 1191 autem
1822 1137 2023 1192 nuntio

453 1251 638 1291 rerum
675 1234 1073 1305 benigniorum,
1103 1245 1251 1301 spem
1286 1243 1417 1298 erga
1441 1226 1609 1283 Deum
1648 1227 1850 1283 fovere.
1881 1226 2024 1282 Dicit

447 1342 583 1397 ergo
614 1344 628 1380 :

1102 1496 1250 1553 CAP.
1292 1496 1381 1552 IV.

527 1589 692 1646 Vsus.
728 1590 885 1644 1—5.
925 1605 945 1639 ι
986 1587 1052 1641 Et
1086 1589 1190 1642 erit
1223 1580 1536 1644 novissimis
1579 1586 1773 1641 diebus
1799 1584 2025 1652 conspi-

455 1696 590 1736 cuus
633 1693 791 1734 mons
820 1678 1016 1733 donius
1049 1674 1290 1744 Domini,
1331 1684 1667 1747 praeparatus
1709 1677 1765 1730 in
1799 1674 2023 1731 vertici-

456 1777 558 1832 bus
590 1773 879 1838 montium,
907 1780 961 1828 et
988 1770 1239 1826 sublimis
1272 1782 1436 1838 super
1478 1767 1667 1822 colles.
1706 1764 1773 1818 Et
1828 1778 2026 1834 prOpe-

456 1869 656 1923 rab‘unt
695 1865 761 1921 ad
804 1879 927 1919 eum
972 1861 1180 1933 populi,
1218 1868 1547 1931 pergentque
1588 1867 1774 1929 gentes
1818 1857 2025 1921 multae,
2060 1850 2099 1904 Β

458 1969 512 2014 et
545 1958 727 2013 dicent
752 1975 766 2011 :
790 1954 1003 2020 Venite,
1040 1952 1403 2007 ascendamus
1429 1952 1487 2005 in
1518 1960 1756 2006 montem
1788 1948 2025 2015 Domini,

459 2060 513 2104 et
545 2048 611 2104 ad
641 2047 863 2103 domum
909 2045 1002 2101 Dei
1043 2041 1234 2099 Jacob.
1267 2041 1334 2098 Et
1375 2042 1830 2111 demonstrabunt
1869 2040 2028 2097 nobis

459 2141 603 2196 viam
635 2140 775 2211 ejus.
803 2148 856 2197 et
886 2140 1088 2196 ibimus
1114 2139 1170 2193 in
1197 2135 1413 2194 semitis
1435 2135 1557 2205 ejus
1585 2153 1599 2189 :
1621 2134 1751 2204 quia
1776 2133 1841 2189 de
1864 2132 2029 2189 Sione

458 2234 770 2306 egredietur
795 2232 905 2297 lex,
934 2239 988 2287 et
1020 2230 1247 2287 verbum
1281 2227 1493 2283 Domini
1522 2228 1588 2283 de
1612 2225 1937 2290 Jerusalem.
1963 2224 2030 2279 Et

456 2323 727 2395 iudicabit
748 2324 889 2378 inter
912 2321 1072 2392 185
1088 2319 1320 2391 populos
1340 2316 1564 2382 multos,
1600 2323 1653 2370 et
1686 2321 1875 2387 arguet
1904 2328 2031 2384 gen-

463 2428 545 2473 tes
600 2415 771 2472 fortes
829 2429 1003 2484 usque
1056 2413 1111 2467 in
1156 2410 1537 2482 longinquum.
1579 2427 1597 2460 ι
1641 2406 2029 2463 Verumtamen

461 2513 749 2578 postquam
777 2503 918 2558 mala
951 2501 1194 2572 perpessi
1234 2496 1456 2560 fuerint,
1490 2495 1667 2567 primo
1711 2494 1928 2565 quidem
1959 2492 2031 2548 ab

462 2598 706 2670 Assyriis
740 2595 1020 2667 captivati,
1056 2591 1258 2648 deinde
1297 2605 1328 2644 a
1361 2586 1708 2660 Babyloniis;
1743 2593 1894 2641 tanta
1938 2584 2030 2639 ﬁet

463 2687 568 2741 hoc
589 2685 645 2740 in
676 2686 796 2740 loco
813 2697 994 2739 rerum
1012 2679 1316 2743 conversio,
1340 2684 1400 2732 ut
1426 2674 1761 2745 conspicuus
1776 2672 2031 2728 omnibus

462 2776 682 2833 futurus
717 2776 789 2830 sit
815 2788 994 2840 mons,
1013 2771 1071 2827 in
1094 2785 1203 2842 quo
1216 2768 1361 2825 Deus
1387 2767 1635 2823 habitare
1660 2764 2028 2831 existimatur,

462 2872 517 2919 et
558 2861 773 2917 cunctis
825 2857 1117 2914 sublimior
1167 2854 1450 2910 montibus
1484 2853 1884 2924 plurimumque
1932 2850 2033 2907 hos

464 2954 759 3019 excedens,
799 2964 1101 3019 omnesque
1130 2948 1320 3011 colles,
1367 2956 1590 3017 propter
1631 2944 2032 2999 manifestatam

466 3045 665 3101 divinae
695 3043 876 3098 tutelae
904 3043 960 3096 in
995 3056 1060 3097 eo
1092 3041 1343 3111 gloriam.
1374 3038 1528 3093 Multi
1550 3051 1766 3110 quoque
1790 3035 2033 3090 extranei

466 3134 655 3190 multis
683 3148 750 3189 ex
781 3133 916 3187 locis
946 3138 1277 3188 concurrent
1301 3128 1367 3184 ad
1390 3128 1537 3183 hunc
1565 3125 1656 3182 Dei
1685 3131 1946 3188 montem,
1976 3125 2032 3179 in

467 3242 579 3299 quo
612 3225 866 3281 videlicet
909 3223 1159 3279 habitare
1203 3220 1348 3277 Deus
1390 3219 1649 3286 creditur,
1692 3226 1751 3273 ut
1778 3218 1908 3273 hinc
1935 3217 2034 3273 dou

467 3330 695 3375 ceantur
739 3316 1019 3389 quomodo
1049 3330 1143 3371 eos
1178 3328 1506 3385 componere
1545 3327 1725 3368 mores
1761 3317 2030 3381 oporteat,

462 3420 518 3467 et
542 3426 606 3466 ex
643 3424 834 3465 norma
874 3407 1179 3462 honestatis
1209 3406 1428 3460 vivere:
1462 3405 1534 3457 ita
1561 3411 1621 3458 ut
1649 3404 1729 3457 lex
1755 3403 1848 3456 fiat
1869 3402 2032 3456 etiam

466 3498 764 3563 extraneis,
799 3495 890 3551 illa
916 3511 1036 3567 quae
1068 3495 1173 3550 hoc
1210 3494 1330 3549 loco
1357 3501 1547 3563 regnat
1586 3492 1704 3558 lex;
1735 3498 2033 3560 putentque

468 3598 661 3641 omnes
691 3600 751 3639 se
780 3582 877 3639 Dei
921 3596 1108 3636 vocem
1141 3579 1351 3644 audire,
1400 3593 1505 3647 qua
1548 3578 1808 3648 jubentur
1837 3590 2035 3631 secun-

468 3675 596 3731 dum
626 3675 878 3730 instituta
904 3672 1142 3728 civitatis
1163 3670 1464 3728 Jerusalem
1494 3669 1696 3724 vivere.
1731 3666 1825 3723 Sic
1851 3676 2030 3722 autem

468 3767 667 3823 merito
723 3764 1153 3829 existimabunt,
1212 3767 1523 3834 spectantes
1568 3758 1870 3815 evidentem
1937 3756 2031 3813 Dei

467 3856 786 3928 potentiam,
814 3854 943 3910 dum
969 3852 1171 3908 multos
1192 3867 1258 3908 ex
1285 3852 1353 3906 iis
1379 3850 1477 3921 qui
1516 3848 1658 3904 male
1691 3847 1851 3903 nobis
1891 3845 2034 3903 fece-

468 3954 597 4001 runt
619 3946 685 4001 ad
711 3960 871 4002 suum
895 3944 1160 4015 judicium
1186 3941 1477 4013 pertrahit,
1501 3939 1790 4011 arguitque
1809 3937 2034 3993 validis-

467 4041 638 4095 simos
670 4038 858 4104 etiam,
883 4035 1234 4107 quantumvis
1266 4034 1457 4103 procul
1498 4032 1693 4089 abesse
1722 4031 2029 4095 videantur,

466 4130 538 4184 ob
570 4130 750 4183 illatas
788 4126 949 4183 nobis
990 4125 1257 4196 injurias;
1304 4136 1604 4193 poenasque
1649 4119 1759 4175 illis
1804 4119 2035 4190 imponit

469 4202 803 4271 facinoribus
832 4215 1072 4284 ipsorum
1093 4214 1332 4283 dignam.
1916 4223 1927 4227 -

2125 594 2270 663 λέγει
2299 592 2484 649 λοιπὸν
2512 596 2607 649 καὶ
2630 590 2718 649 οἵα
2739 596 2809 651 τά
2828 596 2956 666 περὶ
2977 595 3176 657 αὐτοὺς
3206 594 3344 664 μετά
3367 593 3466 664 τὴν
3495 593 3690 648 ἅλωσιν

2124 682 2295 749 ἔσται,
2319 684 2450 756 ὅσην
2488 702 2547 737 τε
2578 682 2688 751 ἕξει
2714 685 2812 756 τὴν
2846 687 2941 740 ἐπὶ
2979 684 3042 738 τὸ
3073 687 3322 756 κρεῖττον
3361 684 3689 757 μεταϐολήν

2122 774 2260 845 ὅπερ
2287 769 2380 828 οῦν
2409 775 2599 839 εἰωθὸς
2634 776 2693 831 δν
2727 779 2840 841 τοῖς
2882 775 3090 840 λοιποῖς
3121 777 3425 847 προφήταις
3452 777 3544 847 (p.
3566 773 3693 849 281)

2123 865 2218 918 καὶ
2251 863 2329 935 τῷ
2358 866 2617 937 μακαρίῳ
2657 866 2839 932 Δαυῒδ,
2865 867 3122 930 πολλάκις
3165 866 3466 938 ἐδείξαμεν,
3495 868 3557 922 τὸ
3591 886 3694 941 μηδ

2124 957 2268 1012 νύειν
2301 959 2437 1029 μετά
2475 960 2576 1029 τὴν
2614 960 2723 1014 τῶν
2763 960 3014 1031 χαλεπῶν
3061 963 3253 1030 πεῖραν
3288 960 3357 1014 τὰ
3397 960 3549 1032 ἡδέα,
3582 956 3695 1017 εἶτα

2126 1049 2288 1104 πάλιν
2313 1051 2489 1119 λέγειν
2518 1050 2847 1122 τάλυιτηρά,
2876 1052 2961 1105 ἵνα
2985 1054 3050 1123 τῇ
3081 1050 3330 1124 συνεχείᾳ
3351 1052 3448 1121 τῆς
3480 1051 3695 1124 μνήμης

2124 1138 2191 1191 δι’
2211 1141 2537 1212 ἀμφοτέρων
2568 1141 2766 1206 αὐτοὺς
2794 1141 3116 1211 παιδεύωᾳι,
3143 1140 3567 1212 σωφρονίζοντες
3602 1143 3696 1213 μέν

2124 1233 2192 1301 τῇ
2224 1232 2413 1302 μνήμῃ
2437 1231 2547 1285 τῶν
2578 1231 2858 1303 λυπηρῶν,
2888 1232 3316 1304 προτρεπόμενοι
3346 1232 3402 1285 δέ
3432 1235 3497 1304 τῇ
3539 1234 3698 1306 μηνύ-

2128 1340 2211 1376 σει
2262 1324 2372 1377 τῶν
2423 1325 2803 1396 χρηστοτέρων
2840 1328 2940 1396 τῆς
2983 1325 3196 1389 ἐλπίδος
3242 1327 3567 1396 ἀντέχεσθαι
3604 1332 3698 1401 τῆς

2126 1410 2295 1478 θείας.
2328 1414 2488 1484 Λέγει
2515 1416 2694 1469 τοίνυν
2722 1432 2736 1446 ο

2406 1517 2414 1523 ’
2782 1510 2939 1565 ΚΕΦ.
2971 1509 3044 1564 Δ’.

2195 1604 2339 1674 Στίχ.
2371 1603 2517 1672 α’-γ¹.
2554 1634 2621 1643 -
2662 1624 2683 1655 ι
2716 1605 2824 1656 Καὶ
2854 1603 3003 1675 ἐσται
3038 1604 3123 1656 ἐπ’
3149 1602 3392 1673 ἐσχάτων
3422 1603 3531 1656 τῶν
3562 1605 3700 1674 ἡμεδ

2128 1694 2237 1767 ρῶν
2278 1697 2518 1767 ἐμφανὲς
2561 1696 2622 1750 τὸ
2647 1696 2772 1768 ὅρος
2797 1695 2893 1777 τοῦ
2921 1696 3073 1750 οἴκου
3097 1693 3303 1768 Κυρίου
3326 1735 3340 1759 ,
3365 1694 3579 1767 ἐτοιμον
3609 1696 3701 1749 ἐπὶ

2127 1786 2226 1850 τάς
2280 1786 2524 1859 κορυφὰς
2581 1786 2691 1841 τῶν
2754 1787 2959 1858 ὀρέων,
3042 1787 3135 1841 καὶ
3204 1787 3699 1859 μετεωρισθήσεται

2128 1874 2381 1948 ὑπεράνω
2409 1877 2517 1930 τῶν
2540 1876 2743 1947 βουνῶν
2765 1895 2778 1908 θ
2806 1877 2901 1932 καὶ
2934 1879 3260 1932 σπεύσουσιν
3290 1878 3377 1932 ἐπ’
3402 1879 3533 1933 αὐτὸ
3559 1878 3699 1943 λαοὶ,

2129 1967 2222 2020 καὶ
2270 1967 2593 2040 πορεύσεται
2628 1966 2754 2040 ἔθνη
2800 1968 2999 2023 πολλά·
3033 1971 3127 2023 καὶ
3161 1967 3379 2040 ἐροῦσι,
3405 1967 3568 2023 Δεῦτε
3609 1971 3704 2023 καὶ

2129 2053 2417 2126 ἀναδῶμεν
2445 2057 2524 2120 εἰς
2551 2056 2611 2109 τὸ
2641 2056 2767 2129 ὅρος
2802 2057 3028 2129 Κυρίου,
3057 2057 3151 2112 καὶ
3180 2059 3259 2120 εἰς
3301 2056 3392 2110 τὸν
3430 2053 3577 2111 οἰκον
3607 2056 3704 2112 τοῦ

2127 2143 2262 2197 Θεοῦ
2327 2143 2554 2199 Ἰακώϐ·
2601 2146 2697 2199 καὶ
2737 2144 3003 2210 δείξουσιν
3041 2148 3171 2217 ἡμῖν
3215 2144 3314 2217 τὴν
3357 2146 3473 2199 ὁδὸν
3514 2145 3703 2212 αὑτοῦ,

2128 2235 2221 2289 καί
2250 2236 2627 2307 πορευσόμεθα
2660 2237 2717 2289 ἐν
2748 2239 2869 2301 ταῖς
2893 2236 3099 2308 τρίὸοις
3131 2236 3318 2290 αὐτοῦ·
3359 2238 3441 2291 ὅτι
3471 2238 3535 2289 ἐκ
3566 2234 3707 2291 Σιὼν

2130 2325 2470 2392 ἐξελεύσεται
2489 2324 2672 2396 νόμος,
2697 2327 2791 2380 καὶ
2812 2326 2968 2395 λόγος
2994 2327 3199 2398 Κυρίου
3228 2327 3286 2394 ἐξ
3320 2328 3703 2400 Ἰερουσαλήμ·

2128 2417 2225 2470 καὶ
2255 2418 2431 2487 κρινεῖ
2452 2414 2556 2471 ἀνὰ
2584 2416 2747 2487 μέσον
2768 2416 2913 2471 λαῶν
2943 2417 3174 2482 πολλῶν,
3208 2418 3303 2472 καὶ
3330 2413 3543 2488 ἐλέγξει
3575 2419 3708 2492 ἔθνη

2133 2510 2329 2581 ισχυρά
2359 2509 2464 2574 ἕως
2513 2510 2749 2581 μακράν.
2793 2529 2812 2562 ι
2861 2510 3022 2564 Ἀλλὰ
3063 2510 3173 2581 γὰρ
3215 2511 3352 2580 μετὰ
3374 2510 3472 2581 τὴν
3504 2514 3708 2582 πεῖραν

2124 2590 2241 2652 ’τῶν
2283 2597 2470 2652 κακῶν
2517 2598 2575 2650 ἐν
2609 2593 2754 2673 ᾗπερ
2797 2600 3136 2670 γενήσονται,
3166 2599 3427 2670 πρότερον
3468 2600 3566 2670 μὲν
3603 2598 3713 2655 ὑπὸ

2145 2685 2444 2758 Ἀσσυρίων
2495 2685 3024 2755 αἰχμαλωτισθέντες
3044 2726 3059 2751 ,
3104 2685 3208 2739 ὑπὸ
3256 2685 3610 2740 Βαϐυλωνίων
3650 2686 3713 2741 δὲ

2133 2775 2379 2847 ὕστερον,
2405 2775 2643 2847 τοσαύτη
2676 2774 2948 2846 μεταϐολὴ
2972 2768 3124 2847 ¹περὶ
3149 2775 3242 2830 τὸν
3269 2776 3432 2832 τόπον
3472 2778 3710 2849 γενήσε-

2132 2881 2221 2919 ται
2254 2864 2463 2929 τοῦτον,
2500 2863 2641 2918 ὥστε
2680 2865 2978 2935 περιφανὲς
3006 2865 3177 2919 ἅπασι
3199 2864 3261 2918 τὸ
3281 2865 3405 2936 ὅρος
3433 2864 3711 2933 γενέσθαι,

2135 2955 2195 3011 ἐν
2224 2948 2377 3028 ᾧπερ
2408 2956 2576 3011 οἰκεῖν
2608 2956 2939 3026 ὑπείληπται
2978 2954 3130 3020 Θεὸς,
3150 2954 3406 3009 ἀπάντων
3446 2971 3506 3008 τε
3538 2955 3713 3026 ὑπερ-

2135 3046 2384 3117 κείμενον
2426 3042 2699 3118 δεὶχθῆναι
2746 3047 2856 3102 τῶν
2908 3046 3102 3118 ὀρέων,
3143 3047 3239 3100 καὶ
3284 3046 3533 3100 πλεῖστον
3585 3046 3717 3100 ὅσον

2139 3134 2432 3210 ὑπεραῖρον
2473 3139 2651 3193 πάντα
2697 3138 2796 3209 μὲν
2833 3138 2965 3209 ὅρη,
3016 3138 3226 3201 πάντας
3266 3137 3322 3191 δέ
3353 3136 3594 3207 βουνοὺς,
3622 3137 3718 3190 διὰ

2136 3229 2236 3301 τὴν
2268 3231 2331 3282 ἐκ
2357 3229 2457 3299 τῆς
2485 3229 2636 3293 θείας
2668 3228 2993 3299 κηδεμονίας
3032 3230 3089 3282 ἐν
3124 3227 3273 3298 αὐτῷ
3301 3227 3596 3298 γινομένην
3633 3216 3723 3280 δόῖ

2137 3314 2264 3382 ξαν⁸
2308 3316 2731 3387 συναχθήσονται
2772 3315 2829 3369 δέ
2876 3315 3060 3369 πολλοὶ
3108 3315 3437 3385 πολλαχόθεν
3472 3316 3565 3369 καὶ
3598 3314 3715 3369 τῶν

2135 3404 2429 3477 ἀλλοτρίων
2468 3407 2813 3477 ἐπειγόμενοι
2841 3405 2996 3460 τοῦτο
3019 3407 3084 3478 δὴ
3104 3407 3199 3461 τοῦ
3223 3407 3357 3461 Θεοῦ
3383 3406 3719 3461 καταλαϐεῖν

2132 3493 2192 3545 τὸ
2235 3493 2380 3565 ὅρος,
2418 3494 2491 3563 (p.
2530 3493 2655 3561 ⁸282)
2696 3495 2753 3545 ἐν
2804 3488 2956 3565 ᾧπερ
2984 3496 3172 3548 ὀἰκεῖν
3209 3495 3489 3560 δοξάζεται
3538 3494 3677 3558 Θεός

2133 3578 2366 3632 ἐνταῦθά
2389 3596 2449 3631 τε
2488 3578 2842 3647 παιδευθῆναι
2875 3580 2935 3633 ὃν
2976 3580 3041 3651 δὴ
3072 3576 3271 3653 τρόπον
3308 3581 3583 3651 προσῆκεν
3610 3581 3719 3635 αὐ-

2134 3669 2260 3732 τοὺς
2312 3668 2718 3733 πολιτεύεσθαι,
2757 3669 2905 3733 ὅπως
2955 3687 3015 3724 τε
3063 3671 3210 3742 βιοῦν
3259 3672 3401 3726 κατά
3450 3671 3512 3725 τὸ
3554 3671 3716 3725 δέον⁶

2135 3758 2274 3811 ὥστε
2303 3757 2465 3828 νόμον
2502 3754 2640 3811 εἶναι
2667 3759 2760 3813 καὶ
2799 3763 2911 3823 τοῖς
2938 3758 3162 3834 ἑτέρωθι
3190 3762 3283 3817 τὸν
3309 3762 3545 3817 ἐνταῦθα
3575 3780 3721 3836 κραέ

2132 3849 2329 3903 τοῦντα
2355 3850 2537 3921 νόμον,
2573 3852 2756 3922 φωνῆς
2788 3869 2847 3905 τε
2888 3853 3037 3917 θείας
3077 3855 3252 3908 δοκεῖν
3279 3855 3498 3909 ἀκούειν
3538 3856 3719 3910 ἀπανη

2134 3959 2251 4009 τας,
2283 3942 2375 4011 ἀφ’
2404 3937 2473 4015 ἦς
2500 3944 2774 4014 προσῆκεν
2799 3947 2909 4008 τοῖς
2948 3945 3297 4017 Ἰερουσαλὴμ
3336 3947 3722 4002 πολιτεύεσθαι

2137 4032 2415 4103 νομίμοις’
2458 4033 2631 4086 ταῦτα
2668 4034 2726 4087 δὲ
2757 4036 3034 4106 οἰήσονται
3069 4036 3324 4100 δικαίως,
3354 4037 3591 4108 δρῶντες
3617 4037 3725 4090 τοῦ

2139 4122 2275 4177 Θεοῦ
2303 4124 2399 4194 τὴν
2428 4123 2655 4194 δύναμιν
2676 4125 2744 4196 ἢν
2770 4125 3121 4191 ἐπιδείξεται,
3140 4126 3367 4191 πολλοὺς
3396 4128 3507 4180 τῶν
3528 4128 3726 4192 κακῶς

2140 4209 2547 4265 διατεθεικότων
2583 4212 2733 4283 ἡμᾶς
2785 4212 2889 4264 ὑπὸ
2933 4213 3033 4282 τὴν
3070 4213 3251 4287 κρίσιν
3296 4212 3445 4282 ἄγων
3482 4214 3582 4285 τὴν
3633 4216 3726 4267 οἰ-

471 4305 650 4372 κείαν,
692 4304 926 4375 ἐλέγχων
968 4320 1029 4357 τε
1070 4305 1165 4357 καὶ
1209 4302 1334 4364 τοὺς
1390 4300 1528 4368 ἄγαν
1571 4294 1709 4352 εἶναι
1749 4298 2039 4372 δοκοῦντας
2089 4301 2375 4373 ἰσχυροὺς,
2408 4302 2513 4356 κᾶν
2559 4304 2608 4356 εἰ
2651 4303 2934 4374 πόρρωθεν
2982 4299 3121 4363 εἶναι
3172 4304 3414 4370 δοκοῖεν,
3455 4305 3598 4375 ὑπὲρ
3640 4298 3730 4360 ὧν

468 4400 548 4463 εἰς
585 4396 735 4470 ἡμᾶς
792 4392 1285 4465 πεπλημμελήκασι
1307 4435 1321 4457 ,
1351 4392 1447 4443 καὶ
1479 4389 1547 4461 δὴ
1583 4391 1678 4443 καὶ
1722 4390 1993 4463 τιμωρίαν
2039 4391 2222 4456 αὐτοῖς
2260 4391 2478 4462 ἐπάγων
2506 4392 2616 4446 τῶν
2646 4393 3059 4464 τετολμημένων
3087 4393 3262 4460 ἀξίαν.

538 4488 706 4544 Miror
751 4497 929 4543 autem
972 4499 1069 4543 eos
1108 4485 1201 4554 qui
1246 4476 1605 4546 aﬂirmarunt,
1647 4482 1793 4538 dicta
1846 4485 1962 4539 haec
2008 4500 2038 4540 a
2070 4488 2115 4543 D

468 4582 733 4652 propheta
772 4579 841 4636 de
878 4578 1041 4634 rebus
1091 4577 1352 4633 lsraelitis
1396 4576 1694 4641 eventuris,
1740 4584 2032 4647 postquam

468 4675 741 4746 Babylone
767 4671 975 4728 reversi
1011 4669 1281 4733 fuissent;
1322 4666 1586 4722 addentes
1623 4667 1808 4733 etiam,
1849 4677 2034 4738 typum

473 4760 758 4830 quemdam
781 4774 876 4814 eas
900 4757 1071 4812 fuisse
1095 4769 1279 4810 rerum
1301 4753 1405 4810 sub
1426 4753 1649 4809 Christo
1676 4753 1907 4811 Domino
1939 4772 2005 4825 ge
2024 4788 2037 4797 ι

468 4850 789 4908 rendarum.
815 4847 981 4918 Atqui
1011 4846 1113 4903 hos
1136 4858 1259 4915 ego,
1287 4850 1560 4914 quatenus
1591 4844 1776 4914 populi
1801 4845 2035 4902 reditum

469 4940 745 5013 Babylone
773 4938 858 4994 his
883 4937 1067 4994 verbis
1085 4934 1361 5006 designari
1387 4933 1563 4998 aiunt,
1597 4948 1695 4989 ceu
1720 4936 1925 5006 optime
1954 4937 2039 4992 di-

469 5035 661 5084 centes
685 5025 870 5082 laudo.
898 5023 1056 5091 Quod
1089 5031 1268 5078 autem
1309 5030 1471 5093 typus
1498 5021 1720 5093 quidam
1754 5022 1811 5077 in
1842 5023 2036 5078 iisdem

472 5113 639 5168 lateat
661 5125 845 5169 rerum
867 5108 1074 5165 Christi
1100 5107 1337 5175 Domini,
1362 5107 1508 5165 haud
1538 5112 1653 5168 scio
1681 5112 1957 5183 quomodo
1983 5110 2037 5165 id

472 5202 739 5260 amrmare
767 5201 1012 5259 animum
1040 5198 1356 5256 induxerint
1381 5218 1395 5256 :
1425 5211 1643 5257 constat
1673 5204 1817 5258 enim
1849 5212 2036 5274 typum

475 5290 829 5347 imitationem
853 5303 976 5346 esse
997 5288 1291 5360 quamdam
1319 5290 1440 5360 ejus
1482 5291 1581 5357 rei,
1609 5293 1767 5362 cujus
1804 5306 1928 5356 esse
1955 5291 2038 5346 di-

474 5381 617 5436 citur
653 5389 841 5453 typus;
877 5380 1049 5435 dictio
1094 5391 1275 5435 autem
1304 5398 1318 5434 :
1356 5401 1373 5433 ι
1415 5381 1493 5438 De
1536 5382 1701 5439 Sione
1730 5382 2039 5455 egredietur

476 5472 583 5536 lex,
616 5480 670 5527 et
708 5473 929 5528 verbum
978 5472 1190 5526 Domini
1239 5472 1307 5527 de
1360 5472 1688 5538 Jerusalem,
1734 5492 1753 5526 ι
1809 5474 2038 5528 multum

475 5565 630 5619 abest
662 5577 692 5615 a
717 5563 918 5619 Christi
949 5564 1345 5633 prepositione,
1376 5565 1471 5635 qui
1505 5565 1728 5621 disertis
1750 5554 1930 5621 verbis
1954 5562 2050 5618 Sa-

472 5652 755 5710 maritana:
785 5652 919 5706 dixit
946 5651 987 5684 ⁸⁸
1019 5670 1032 5707 :
1064 5671 1082 5703 ι
1125 5652 1341 5721 Mulier,
1364 5654 1528 5711 crede
1561 5656 1715 5722 milii,
1738 5655 1867 5727 quia
1898 5659 2046 5711 venit

547 5783 593 5818 ⁸⁸
619 5780 776 5838 Joan.
814 5798 888 5849 Iv,
922 5783 1017 5836 2|.

2227 4486 2543 4557 Ἐθαύμασα
2572 4486 2629 4540 δὲ
2655 4487 2780 4551 τοὺς
2823 4487 3116 4559 εἰρηκότας
3145 4486 3392 4560 λελέχθαι
3417 4491 3515 4560 μὲν
3543 4491 3732 4547 ταῦτα

2139 4575 2219 4647 τῷ
2242 4578 2492 4648 προφήτῃ
2527 4577 2619 4631 ἐπὶ
2649 4577 2756 4630 τῶν
2798 4578 2926 4649 περὶ
2981 4579 3105 4641 τοὺς
3153 4578 3490 4648 Ἰσραηλίτας
3518 4581 3731 4651 ἐσομέ-

2138 4684 2265 4734 νων,
2295 4667 2463 4721 ἐπειδ’
2496 4669 2562 4722 ἂν
2591 4668 2961 4735 ἐπανάγεσθαι
2991 4666 3224 4739 μέλλωσι
3251 4669 3348 4739 τῆς
3377 4669 3728 4737 Βαϐυλῶνος,

2140 4758 2422 4828 φήσαντας
2473 4757 2532 4837 δέ
2579 4757 2749 4810 τύπον
2787 4756 2925 4810 αὑτά
2972 4754 3096 4809 τινα
3151 4756 3247 4810 καὶ
3290 4755 3399 4809 τῶν
3434 4755 3579 4810 κατὰ
3627 4757 3732 4810 τὸν

2139 4844 2415 4916 Δεσπότην
2462 4843 2604 4915 ἔχειν
2627 4842 2861 4913 Χριστόν
2891 4859 2903 4873 ·
2936 4842 3030 4909 οὒς
3069 4844 3149 4896 ὅτι
3180 4842 3282 4912 μὲν
3317 4844 3416 4914 τὴν
3441 4845 3507 4896 ἐκ
3541 4842 3736 4895 Βαϐυ-

2139 4934 2307 4998 λῶνος
2335 4936 2591 4989 ἐπάνοδον
2620 4934 2714 4990 τοῦ
2739 4933 2869 4989 λαοῦ
2888 4935 3257 5007 σημαίνεσθαι
3280 4935 3487 5006 ἔφασαν
3519 4939 3576 4989 ἐν
3595 4936 3735 4990 τού-

2143 5038 2276 5084 τοις,
2298 5023 2372 5085 ὡς
2395 5021 2655 5075 κάλλιστά
2683 5039 2745 5089 γε
2767 5023 3056 5095 εἰρηκότας
3085 5023 3294 5075 ἐπαινῶ
3318 5041 3329 5053 ·
3362 5025 3445 5077 ὅτι
3468 5022 3526 5076 δέ
3549 5022 3736 5077 τύπον

2143 5113 2265 5168 τινὰ
2308 5113 2416 5168 τῶν
2445 5113 2584 5168 κατά
2608 5115 2701 5167 τὸν
2733 5114 3009 5185 Δεσπότην
3043 5113 3156 5186 ἔχει
3190 5115 3445 5186 Χριστὸν,
3476 5115 3579 5168 οὐκ
3606 5111 3736 5169 οἶδα

2143 5204 2291 5268 ὅπως
2310 5202 2661 5275 προήχθησαν
2673 5204 2866 5265 εἰπεῖν.
2882 5203 3040 5275 δήλου
3054 5220 3118 5272 γε
3134 5204 3285 5268 ὄντος
3301 5203 3375 5267 ὡς
3393 5186 3539 5266 ἄπας
3550 5204 3739 5268 τύπος

2146 5290 2378 5364 μίμησιν
2410 5290 2523 5360 ἔχει
2548 5290 2669 5344 τινὰ
2698 5290 2834 5361 πρὸς
2870 5292 3046 5343 ἐκεῖνο
3070 5285 3241 5361 οὗπερ
3269 5289 3486 5358 λέγεται
3514 5290 3697 5355 τύπος
3718 5306 3736 5323 ο

2143 5383 2205 5436 τὺ
2228 5382 2285 5435 δέ
2310 5384 2376 5436 ἐκ
2419 5381 2557 5435 Σιὼν
2588 5379 2966 5446 ἐξελεύσεσθαι
3004 5381 3187 5452 νόμον,
3207 5381 3301 5436 καί⁸
3327 5379 3483 5449 λόγον
3513 5382 3740 5452 Κυρίου

2147 5472 2207 5539 ἐξ
2251 5472 2625 5545 Ἰερουσαλὴμ,
2659 5474 2736 5544 (p.
2757 5471 2885 5543 285)
2909 5473 3042 5525 πολύ
3073 5489 3137 5541 γε
3166 5473 3476 5543 ἀφέστηκεν
3504 5472 3607 5542 τῆς
3629 5471 3743 5525 τοῦ

2142 5562 2380 5636 Χριστοῦ
2408 5564 2722 5630 διατάξεως,
2747 5563 2806 5628 δς
2832 5563 3019 5633 σαφῶς
3034 5564 3222 5637 είρηκε
3251 5562 3387 5633 πρὸς
3409 5563 3511 5632 τὴν
3533 5562 3748 5634 Σαμα·

2146 5658 2311 5728 ρεῖτιν
2332 5673 2344 5687 ·
2386 5674 2404 5708 ι
2436 5653 2665 5708 Πίστευέ
2719 5671 2829 5725 μοι,
2863 5653 3044 5724 γύναι,
3070 5656 3152 5710 ὅτι
3189 5652 3413 5725 ἔρχεται
3458 5650 3607 5724 ὥρα,
3638 5654 3745 5710 ὅτε
