  <div class='ocr_page' id='page_1' title='image "/cluster/home/n/w/nwhite01/storage/ocr_20150623/66/mdp.39015008467477/191.png"; bbox 0 0 3966 6134; ppageno 0'>
   <div class='ocr_carea' id='block_1_1' title="bbox 394 414 501 474">
    <p class='ocr_par' dir='ltr' id='par_1_1' title="bbox 394 414 501 474">
     <span class='ocr_line' id='line_1_1' title="bbox 394 414 501 474; baseline -0.028 0"><span class='ocrx_word' id='word_1_1' title='bbox 394 414 501 474; x_wconf 63' lang='lat'><strong>56&#39;!</strong></span> 
     </span>
    </p>
   </div>
   <div class='ocr_carea' id='block_1_2' title="bbox 1557 402 2415 462">
    <p class='ocr_par' dir='ltr' id='par_1_2' title="bbox 1557 402 2415 462">
     <span class='ocr_line' id='line_1_2' title="bbox 1557 402 2415 462; baseline -0.003 -1"><span class='ocrx_word' id='word_1_2' title='bbox 1557 404 1903 462; x_wconf 82' lang='lat' dir='ltr'><strong>TIIEODORI</strong></span> <span class='ocrx_word' id='word_1_3' title='bbox 1933 402 2415 460; x_wconf 78' lang='lat' dir='ltr'><strong>MOPSUESTENI</strong></span> 
     </span>
    </p>
   </div>
   <div class='ocr_carea' id='block_1_3' title="bbox 3546 403 3649 459">
    <p class='ocr_par' dir='ltr' id='par_1_3' title="bbox 3546 403 3649 459">
     <span class='ocr_line' id='line_1_3' title="bbox 3546 403 3649 459; baseline -0.01 0"><span class='ocrx_word' id='word_1_4' title='bbox 3546 403 3649 459; x_wconf 67' lang='lat'><strong>368</strong></span> 
     </span>
    </p>
   </div>
   <div class='ocr_carea' id='block_1_4' title="bbox 413 512 1969 598">
    <p class='ocr_par' dir='ltr' id='par_1_4' title="bbox 413 519 1966 598">
     <span class='ocr_line' id='line_1_4' title="bbox 413 519 1966 598; baseline -0.007 -15"><span class='ocrx_word' id='word_1_5' title='bbox 413 529 612 598; x_wconf 90' lang='lat' dir='ltr'><strong>inquit,</strong></span> <span class='ocrx_word' id='word_1_6' title='bbox 634 526 884 582; x_wconf 75' lang='lat' dir='ltr'><strong>maximis</strong></span> <span class='ocrx_word' id='word_1_7' title='bbox 919 523 1076 591; x_wconf 78' lang='lat' dir='ltr'><strong>malis</strong></span> <span class='ocrx_word' id='word_1_8' title='bbox 1104 522 1343 586; x_wconf 88' lang='lat' dir='ltr'><strong>attritos,</strong></span> <span class='ocrx_word' id='word_1_9' title='bbox 1381 528 1544 591; x_wconf 88' lang='lat' dir='ltr'><strong>atque</strong></span> <span class='ocrx_word' id='word_1_10' title='bbox 1570 536 1598 574; x_wconf 90' lang='lat' dir='ltr'><strong>a</strong></span> <span class='ocrx_word' id='word_1_11' title='bbox 1626 519 1966 591; x_wconf 75' lang='lat' dir='ltr'><strong>providentia</strong></span> 
     </span>
    </p>
   </div>
   <div class='ocr_carea' id='block_1_5' title="bbox 2071 512 3650 598">
    <p class='ocr_par' dir='ltr' id='par_1_5' title="bbox 2071 512 3650 590">
     <span class='ocr_line' id='line_1_5' title="bbox 2071 512 3650 590; baseline -0.003 -19"><span class='ocrx_word' id='word_1_12' title='bbox 2071 519 2199 572; x_wconf 84' lang='grc' dir='ltr'><strong>Τότε</strong></span> <span class='ocrx_word' id='word_1_13' title='bbox 2229 519 2313 590; x_wconf 82' lang='grc' dir='ltr'><strong>δὴ,</strong></span> <span class='ocrx_word' id='word_1_14' title='bbox 2337 521 2490 590; x_wconf 78' lang='grc' dir='ltr'>φησὶ,</span> <span class='ocrx_word' id='word_1_15' title='bbox 2521 517 2645 581; x_wconf 69' lang='grc' dir='ltr'>τοὺς</span> <span class='ocrx_word' id='word_1_16' title='bbox 2669 516 2895 571; x_wconf 79' lang='grc' dir='ltr'>ὑπδτῶν</span> <span class='ocrx_word' id='word_1_17' title='bbox 2914 514 3192 586; x_wconf 81' lang='grc' dir='ltr'><strong>,μεγίστων</strong></span> <span class='ocrx_word' id='word_1_18' title='bbox 3217 512 3404 568; x_wconf 80' lang='grc' dir='ltr'>κακῶν</span> <span class='ocrx_word' id='word_1_19' title='bbox 3434 531 3650 586; x_wconf 80' lang='grc' dir='ltr'>συντρι-</span> 
     </span>
    </p>
   </div>
   <div class='ocr_carea' id='block_1_6' title="bbox 399 615 1970 691">
    <p class='ocr_par' dir='ltr' id='par_1_6' title="bbox 399 615 1970 691">
     <span class='ocr_line' id='line_1_6' title="bbox 399 615 1970 691; baseline -0.004 -16"><span class='ocrx_word' id='word_1_20' title='bbox 399 638 522 676; x_wconf 87' lang='lat' dir='ltr'><strong>mea</strong></span> <span class='ocrx_word' id='word_1_21' title='bbox 552 620 900 691; x_wconf 84' lang='lat' dir='ltr'><strong>propriisque</strong></span> <span class='ocrx_word' id='word_1_22' title='bbox 928 617 1148 672; x_wconf 81' lang='lat' dir='ltr'><strong>sedibus</strong></span> <span class='ocrx_word' id='word_1_23' title='bbox 1189 616 1504 679; x_wconf 87' lang='lat' dir='ltr'><strong>submotos,</strong></span> <span class='ocrx_word' id='word_1_24' title='bbox 1540 630 1734 670; x_wconf 84' lang='lat' dir='ltr'><strong>rursus</strong></span> <span class='ocrx_word' id='word_1_25' title='bbox 1760 615 1813 668; x_wconf 95' lang='lat' dir='ltr'><strong>in</strong></span> <span class='ocrx_word' id='word_1_26' title='bbox 1844 630 1970 685; x_wconf 85' lang='lat' dir='ltr'><strong>per-</strong></span> 
     </span>
    </p>
   </div>
   <div class='ocr_carea' id='block_1_7' title="bbox 404 706 1969 781">
    <p class='ocr_par' dir='ltr' id='par_1_7' title="bbox 404 706 1969 781">
     <span class='ocr_line' id='line_1_7' title="bbox 404 706 1969 781; baseline -0.006 -15"><span class='ocrx_word' id='word_1_27' title='bbox 404 714 669 767; x_wconf 84' lang='lat' dir='ltr'><strong>tinentem</strong></span> <span class='ocrx_word' id='word_1_28' title='bbox 699 710 762 764; x_wconf 89' lang='lat' dir='ltr'><strong>ad</strong></span> <span class='ocrx_word' id='word_1_29' title='bbox 790 724 886 765; x_wconf 87' lang='lat' dir='ltr'><strong>eos</strong></span> <span class='ocrx_word' id='word_1_30' title='bbox 922 708 1197 781; x_wconf 85' lang='lat' dir='ltr'><strong>regionem</strong></span> <span class='ocrx_word' id='word_1_31' title='bbox 1228 707 1515 771; x_wconf 86' lang='lat' dir='ltr'><strong>reducam;</strong></span> <span class='ocrx_word' id='word_1_32' title='bbox 1544 713 1597 759; x_wconf 92' lang='lat' dir='ltr'><strong>et</strong></span> <span class='ocrx_word' id='word_1_33' title='bbox 1618 720 1712 760; x_wconf 89' lang='lat' dir='ltr'><strong>eos</strong></span> <span class='ocrx_word' id='word_1_34' title='bbox 1740 706 1831 774; x_wconf 90' lang='lat' dir='ltr'><strong>qui</strong></span> <span class='ocrx_word' id='word_1_35' title='bbox 1867 720 1969 758; x_wconf 88' lang='lat' dir='ltr'><strong>an-</strong></span> 
     </span>
    </p>
   </div>
   <div class='ocr_carea' id='block_1_8' title="bbox 405 794 1971 872">
    <p class='ocr_par' dir='ltr' id='par_1_8' title="bbox 405 794 1971 872">
     <span class='ocr_line' id='line_1_8' title="bbox 405 794 1971 872; baseline -0.006 -15"><span class='ocrx_word' id='word_1_36' title='bbox 405 811 491 857; x_wconf 87' lang='lat' dir='ltr'><strong>tea</strong></span> <span class='ocrx_word' id='word_1_37' title='bbox 518 800 850 872; x_wconf 84' lang='lat' dir='ltr'><strong>pessumdati</strong></span> <span class='ocrx_word' id='word_1_38' title='bbox 884 808 1065 863; x_wconf 85' lang='lat' dir='ltr'><strong>erant,</strong></span> <span class='ocrx_word' id='word_1_39' title='bbox 1090 798 1257 852; x_wconf 88' lang='lat' dir='ltr'><strong>tutela</strong></span> <span class='ocrx_word' id='word_1_40' title='bbox 1288 811 1406 851; x_wconf 90' lang='lat' dir='ltr'><strong>mea</strong></span> <span class='ocrx_word' id='word_1_41' title='bbox 1432 795 1512 850; x_wconf 92' lang='lat' dir='ltr'><strong>sic</strong></span> <span class='ocrx_word' id='word_1_42' title='bbox 1540 794 1843 850; x_wconf 85' lang='lat' dir='ltr'><strong>custodiam</strong></span> <span class='ocrx_word' id='word_1_43' title='bbox 1866 834 1881 857; x_wconf 95' lang='lat'><strong>,</strong></span> <span class='ocrx_word' id='word_1_44' title='bbox 1909 801 1971 847; x_wconf 92' lang='lat' dir='ltr'><strong>ut</strong></span> 
     </span>
    </p>
   </div>
   <div class='ocr_carea' id='block_1_9' title="bbox 404 884 1968 955">
    <p class='ocr_par' dir='ltr' id='par_1_9' title="bbox 404 884 1968 955">
     <span class='ocr_line' id='line_1_9' title="bbox 404 884 1968 955; baseline -0.006 -8"><span class='ocrx_word' id='word_1_45' title='bbox 404 912 467 948; x_wconf 68' lang='lat' dir='ltr'><strong>ex</strong></span> <span class='ocrx_word' id='word_1_46' title='bbox 529 894 618 948; x_wconf 91' lang='lat' dir='ltr'><strong>his</strong></span> <span class='ocrx_word' id='word_1_47' title='bbox 670 890 1031 948; x_wconf 86' lang='lat' dir='ltr'><strong>lsraeliticum</strong></span> <span class='ocrx_word' id='word_1_48' title='bbox 1099 896 1272 942; x_wconf 90' lang='lat' dir='ltr'><strong>totum</strong></span> <span class='ocrx_word' id='word_1_49' title='bbox 1326 900 1498 955; x_wconf 87' lang='lat' dir='ltr'><strong>genus</strong></span> <span class='ocrx_word' id='word_1_50' title='bbox 1560 884 1968 955; x_wconf 81' lang='lat' dir='ltr'><strong>prapagandum</strong></span> 
     </span>
    </p>
   </div>
   <div class='ocr_carea' id='block_1_10' title="bbox 310 975 1974 1046">
    <p class='ocr_par' dir='ltr' id='par_1_10' title="bbox 310 975 1974 1046">
     <span class='ocr_line' id='line_1_10' title="bbox 310 975 1974 1046; baseline -0.007 -6"><span class='ocrx_word' id='word_1_51' title='bbox 310 1012 313 1015; x_wconf 58' lang='grc' dir='ltr'><strong>λ</strong></span> <span class='ocrx_word' id='word_1_52' title='bbox 403 986 581 1041; x_wconf 89' lang='lat' dir='ltr'><strong>denuo</strong></span> <span class='ocrx_word' id='word_1_53' title='bbox 611 986 702 1041; x_wconf 90' lang='lat' dir='ltr'><strong>sit.</strong></span> <span class='ocrx_word' id='word_1_54' title='bbox 746 982 860 1037; x_wconf 84' lang='lat' dir='ltr'><strong>Hoc</strong></span> <span class='ocrx_word' id='word_1_55' title='bbox 904 983 1048 1036; x_wconf 90' lang='lat' dir='ltr'><strong>enim</strong></span> <span class='ocrx_word' id='word_1_56' title='bbox 1084 975 1974 1046; x_wconf 65' lang='lat' dir='ltr'><strong>«licitiresiduumt;potentiores-</strong></span> 
     </span>
    </p>
   </div>
   <div class='ocr_carea' id='block_1_11' title="bbox 402 1065 1971 1154">
    <p class='ocr_par' dir='ltr' id='par_1_11' title="bbox 402 1065 1971 1154">
     <span class='ocr_line' id='line_1_11' title="bbox 402 1065 1971 1154; baseline -0.007 -26"><span class='ocrx_word' id='word_1_57' title='bbox 402 1094 508 1154; x_wconf 75' lang='lat' dir='ltr'><strong>que</strong></span> <span class='ocrx_word' id='word_1_58' title='bbox 536 1092 644 1147; x_wconf 72' lang='lat' dir='ltr'><strong>prae</strong></span> <span class='ocrx_word' id='word_1_59' title='bbox 673 1075 861 1130; x_wconf 89' lang='lat' dir='ltr'><strong>multis</strong></span> <span class='ocrx_word' id='word_1_60' title='bbox 880 1074 1164 1128; x_wconf 85' lang='lat' dir='ltr'><strong>ostendam</strong></span> <span class='ocrx_word' id='word_1_61' title='bbox 1191 1113 1206 1137; x_wconf 88' lang='lat'><strong>,</strong></span> <span class='ocrx_word' id='word_1_62' title='bbox 1238 1072 1329 1141; x_wconf 87' lang='lat' dir='ltr'><strong>qui</strong></span> <span class='ocrx_word' id='word_1_63' title='bbox 1361 1071 1431 1125; x_wconf 90' lang='lat' dir='ltr'><strong>ob</strong></span> <span class='ocrx_word' id='word_1_64' title='bbox 1463 1083 1615 1123; x_wconf 89' lang='lat' dir='ltr'><strong>suam</strong></span> <span class='ocrx_word' id='word_1_65' title='bbox 1648 1081 1793 1121; x_wconf 89' lang='lat' dir='ltr'><strong>nunc</strong></span> <span class='ocrx_word' id='word_1_66' title='bbox 1821 1065 1971 1119; x_wconf 86' lang='lat' dir='ltr'><strong>inﬁr—</strong></span> 
     </span>
    </p>
   </div>
   <div class='ocr_carea' id='block_1_12' title="bbox 406 1156 1973 1234">
    <p class='ocr_par' dir='ltr' id='par_1_12' title="bbox 406 1156 1973 1234">
     <span class='ocr_line' id='line_1_12' title="bbox 406 1156 1973 1234; baseline -0.006 -15"><span class='ocrx_word' id='word_1_67' title='bbox 406 1166 650 1219; x_wconf 88' lang='lat' dir='ltr'><strong>mitatem</strong></span> <span class='ocrx_word' id='word_1_68' title='bbox 684 1158 858 1234; x_wconf 77' lang='lat' dir='ltr'><strong>patria</strong></span> <span class='ocrx_word' id='word_1_69' title='bbox 890 1169 1017 1217; x_wconf 86' lang='lat' dir='ltr'><strong>sunt</strong></span> <span class='ocrx_word' id='word_1_70' title='bbox 1046 1168 1310 1215; x_wconf 78' lang='lat' dir='ltr'><strong>extorres.</strong></span> <span class='ocrx_word' id='word_1_71' title='bbox 1351 1156 1799 1226; x_wconf 79' lang='lat' dir='ltr'><strong>Permanebitque</strong></span> <span class='ocrx_word' id='word_1_72' title='bbox 1833 1156 1973 1210; x_wconf 85' lang='lat' dir='ltr'><strong>Deus</strong></span> 
     </span>
    </p>
   </div>
   <div class='ocr_carea' id='block_1_13' title="bbox 404 1247 1975 1322">
    <p class='ocr_par' dir='ltr' id='par_1_13' title="bbox 404 1247 1975 1322">
     <span class='ocr_line' id='line_1_13' title="bbox 404 1247 1975 1322; baseline -0.005 -14"><span class='ocrx_word' id='word_1_73' title='bbox 404 1256 459 1308; x_wconf 90' lang='lat' dir='ltr'><strong>in</strong></span> <span class='ocrx_word' id='word_1_74' title='bbox 492 1263 676 1309; x_wconf 88' lang='lat' dir='ltr'><strong>monte</strong></span> <span class='ocrx_word' id='word_1_75' title='bbox 711 1252 868 1312; x_wconf 87' lang='lat' dir='ltr'><strong>Sion,</strong></span> <span class='ocrx_word' id='word_1_76' title='bbox 901 1251 1194 1322; x_wconf 83' lang='lat' dir='ltr'><strong>potentiam</strong></span> <span class='ocrx_word' id='word_1_77' title='bbox 1228 1264 1383 1305; x_wconf 88' lang='lat' dir='ltr'><strong>suam</strong></span> <span class='ocrx_word' id='word_1_78' title='bbox 1413 1247 1795 1303; x_wconf 87' lang='lat' dir='ltr'><strong>demonstrans</strong></span> <span class='ocrx_word' id='word_1_79' title='bbox 1820 1247 1975 1302; x_wconf 87' lang='lat' dir='ltr'><strong>inco—</strong></span> 
     </span>
    </p>
   </div>
   <div class='ocr_carea' id='block_1_14' title="bbox 403 1336 1975 1411">
    <p class='ocr_par' dir='ltr' id='par_1_14' title="bbox 403 1336 1975 1411">
     <span class='ocr_line' id='line_1_14' title="bbox 403 1336 1975 1411; baseline -0.003 -15"><span class='ocrx_word' id='word_1_80' title='bbox 403 1346 577 1398; x_wconf 83' lang='lat' dir='ltr'><strong>larum</strong></span> <span class='ocrx_word' id='word_1_81' title='bbox 631 1344 917 1406; x_wconf 69' lang='lat' dir='ltr'><strong>tutamiue,</strong></span> <span class='ocrx_word' id='word_1_82' title='bbox 958 1358 1057 1395; x_wconf 89' lang='lat' dir='ltr'><strong>nec</strong></span> <span class='ocrx_word' id='word_1_83' title='bbox 1104 1356 1211 1395; x_wconf 89' lang='lat' dir='ltr'><strong>non</strong></span> <span class='ocrx_word' id='word_1_84' title='bbox 1253 1354 1415 1411; x_wconf 57' lang='lat' dir='ltr'><strong>paena</strong></span> <span class='ocrx_word' id='word_1_85' title='bbox 1455 1354 1617 1409; x_wconf 86' lang='lat' dir='ltr'><strong>quam</strong></span> <span class='ocrx_word' id='word_1_86' title='bbox 1657 1339 1737 1393; x_wconf 90' lang='lat' dir='ltr'><strong>eis</strong></span> <span class='ocrx_word' id='word_1_87' title='bbox 1771 1336 1975 1393; x_wconf 84' lang='lat' dir='ltr'><strong>inferre</strong></span> 
     </span>
    </p>
   </div>
   <div class='ocr_carea' id='block_1_15' title="bbox 404 1429 1976 1502">
    <p class='ocr_par' dir='ltr' id='par_1_15' title="bbox 404 1429 1976 1502">
     <span class='ocr_line' id='line_1_15' title="bbox 404 1429 1976 1502; baseline -0.005 -10"><span class='ocrx_word' id='word_1_88' title='bbox 404 1438 604 1492; x_wconf 90' lang='lat' dir='ltr'><strong>bellum</strong></span> <span class='ocrx_word' id='word_1_89' title='bbox 650 1435 959 1489; x_wconf 78' lang='lat' dir='ltr'><strong>volentibus</strong></span> <span class='ocrx_word' id='word_1_90' title='bbox 1007 1432 1366 1502; x_wconf 84' lang='lat' dir='ltr'><strong>impositurus</strong></span> <span class='ocrx_word' id='word_1_91' title='bbox 1391 1441 1494 1485; x_wconf 90' lang='lat' dir='ltr'><strong>est.</strong></span> <span class='ocrx_word' id='word_1_92' title='bbox 1536 1430 1670 1483; x_wconf 90' lang='lat' dir='ltr'><strong>Nam</strong></span> <span class='ocrx_word' id='word_1_93' title='bbox 1714 1430 1859 1499; x_wconf 89' lang='lat' dir='ltr'><strong>quod</strong></span> <span class='ocrx_word' id='word_1_94' title='bbox 1901 1429 1976 1484; x_wconf 88' lang='lat' dir='ltr'><strong>ait</strong></span> 
     </span>
    </p>
   </div>
   <div class='ocr_carea' id='block_1_16' title="bbox 404 1519 1977 1595">
    <p class='ocr_par' dir='ltr' id='par_1_16' title="bbox 404 1519 1977 1595">
     <span class='ocr_line' id='line_1_16' title="bbox 404 1519 1977 1595; baseline -0.006 -13"><span class='ocrx_word' id='word_1_95' title='bbox 404 1528 489 1584; x_wconf 71' lang='lat' dir='ltr'><strong>«in</strong></span> <span class='ocrx_word' id='word_1_96' title='bbox 511 1534 978 1595; x_wconf 68' lang='lat' dir='ltr'><strong>aetemum,lpatet</strong></span> <span class='ocrx_word' id='word_1_97' title='bbox 1022 1531 1195 1578; x_wconf 85' lang='lat' dir='ltr'><strong>totum</strong></span> <span class='ocrx_word' id='word_1_98' title='bbox 1240 1536 1415 1576; x_wconf 68' lang='lat' dir='ltr'><strong>aevum</strong></span> <span class='ocrx_word' id='word_1_99' title='bbox 1461 1520 1644 1574; x_wconf 68' lang='lat' dir='ltr'><strong>dicere</strong></span> <span class='ocrx_word' id='word_1_100' title='bbox 1674 1535 1773 1590; x_wconf 92' lang='lat' dir='ltr'><strong>pro</strong></span> <span class='ocrx_word' id='word_1_101' title='bbox 1821 1519 1977 1573; x_wconf 81' lang='lat' dir='ltr'><strong>valde</strong></span> 
     </span>
    </p>
   </div>
   <div class='ocr_carea' id='block_1_17' title="bbox 401 1609 1978 1687">
    <p class='ocr_par' dir='ltr' id='par_1_17' title="bbox 401 1609 1978 1687">
     <span class='ocr_line' id='line_1_17' title="bbox 401 1609 1978 1687; baseline -0.006 -16"><span class='ocrx_word' id='word_1_102' title='bbox 401 1620 516 1674; x_wconf 87' lang='lat' dir='ltr'><strong>diu.</strong></span> <span class='ocrx_word' id='word_1_103' title='bbox 557 1616 745 1687; x_wconf 86' lang='lat' dir='ltr'><strong>Neque</strong></span> <span class='ocrx_word' id='word_1_104' title='bbox 784 1617 929 1670; x_wconf 85' lang='lat' dir='ltr'><strong>enim</strong></span> <span class='ocrx_word' id='word_1_105' title='bbox 956 1618 1306 1686; x_wconf 80' lang='lat' dir='ltr'><strong>ignoramus,</strong></span> <span class='ocrx_word' id='word_1_106' title='bbox 1348 1628 1543 1667; x_wconf 82' lang='lat' dir='ltr'><strong>rursus</strong></span> <span class='ocrx_word' id='word_1_107' title='bbox 1581 1627 1678 1666; x_wconf 88' lang='lat' dir='ltr'><strong>eos</strong></span> <span class='ocrx_word' id='word_1_108' title='bbox 1719 1611 1823 1666; x_wconf 88' lang='lat' dir='ltr'><strong>sub</strong></span> <span class='ocrx_word' id='word_1_109' title='bbox 1864 1609 1978 1663; x_wconf 81' lang='lat' dir='ltr'><strong>Ma-</strong></span> 
     </span>
    </p>
   </div>
   <div class='ocr_carea' id='block_1_18' title="bbox 401 1702 1975 1775">
    <p class='ocr_par' dir='ltr' id='par_1_18' title="bbox 401 1702 1975 1775">
     <span class='ocr_line' id='line_1_18' title="bbox 401 1702 1975 1775; baseline -0.005 -13"><span class='ocrx_word' id='word_1_110' title='bbox 401 1708 642 1763; x_wconf 69' lang='lat' dir='ltr'><strong>rhabaais</strong></span> <span class='ocrx_word' id='word_1_111' title='bbox 672 1706 1018 1762; x_wconf 78' lang='lat' dir='ltr'><strong>eversionem</strong></span> <span class='ocrx_word' id='word_1_112' title='bbox 1048 1705 1340 1775; x_wconf 89' lang='lat' dir='ltr'><strong>quamdam</strong></span> <span class='ocrx_word' id='word_1_113' title='bbox 1375 1710 1658 1772; x_wconf 81' lang='lat' dir='ltr'><strong>expertos,</strong></span> <span class='ocrx_word' id='word_1_114' title='bbox 1682 1702 1975 1754; x_wconf 83' lang='lat' dir='ltr'><strong>maximam</strong></span> 
     </span>
    </p>
   </div>
   <div class='ocr_carea' id='block_1_19' title="bbox 400 1792 1969 1870">
    <p class='ocr_par' dir='ltr' id='par_1_19' title="bbox 400 1792 1969 1870">
     <span class='ocr_line' id='line_1_19' title="bbox 400 1792 1969 1870; baseline -0.006 -17"><span class='ocrx_word' id='word_1_115' title='bbox 400 1816 533 1856; x_wconf 81' lang='lat' dir='ltr'><strong>vero</strong></span> <span class='ocrx_word' id='word_1_116' title='bbox 565 1808 619 1855; x_wconf 92' lang='lat' dir='ltr'><strong>et</strong></span> <span class='ocrx_word' id='word_1_117' title='bbox 643 1803 874 1870; x_wconf 79' lang='lat' dir='ltr'><strong>prorsus</strong></span> <span class='ocrx_word' id='word_1_118' title='bbox 903 1795 1316 1867; x_wconf 84' lang='lat' dir='ltr'><strong>irreparabilem</strong></span> <span class='ocrx_word' id='word_1_119' title='bbox 1350 1805 1635 1862; x_wconf 82' lang='lat' dir='ltr'><strong>postquam</strong></span> <span class='ocrx_word' id='word_1_120' title='bbox 1657 1834 1671 1857; x_wconf 91' lang='lat'><strong>,</strong></span> <span class='ocrx_word' id='word_1_121' title='bbox 1705 1792 1775 1846; x_wconf 92' lang='lat' dir='ltr'><strong>ob</strong></span> <span class='ocrx_word' id='word_1_122' title='bbox 1810 1806 1969 1845; x_wconf 90' lang='lat' dir='ltr'><strong>suum</strong></span> 
     </span>
    </p>
   </div>
   <div class='ocr_carea' id='block_1_20' title="bbox 404 1878 1970 1945">
    <p class='ocr_par' dir='ltr' id='par_1_20' title="bbox 404 1878 1970 1945">
     <span class='ocr_line' id='line_1_20' title="bbox 404 1878 1970 1945; baseline -0.008 -1"><span class='ocrx_word' id='word_1_123' title='bbox 404 1891 668 1945; x_wconf 81' lang='lat' dir='ltr'><strong>adversus</strong></span> <span class='ocrx_word' id='word_1_124' title='bbox 708 1886 989 1941; x_wconf 84' lang='lat' dir='ltr'><strong>Christum</strong></span> <span class='ocrx_word' id='word_1_125' title='bbox 1040 1883 1331 1938; x_wconf 85' lang='lat' dir='ltr'><strong>Dominum</strong></span> <span class='ocrx_word' id='word_1_126' title='bbox 1362 1881 1599 1943; x_wconf 79' lang='lat' dir='ltr'><strong>facinus,</strong></span> <span class='ocrx_word' id='word_1_127' title='bbox 1641 1894 1672 1933; x_wconf 90' lang='lat' dir='ltr'><strong>a</strong></span> <span class='ocrx_word' id='word_1_128' title='bbox 1708 1878 1970 1933; x_wconf 80' lang='lat' dir='ltr'><strong>Romanis</strong></span> 
     </span>
    </p>
   </div>
   <div class='ocr_carea' id='block_1_21' title="bbox 402 1968 1970 2053">
    <p class='ocr_par' dir='ltr' id='par_1_21' title="bbox 402 1968 1970 2053">
     <span class='ocr_line' id='line_1_21' title="bbox 402 1968 1970 2053; baseline -0.008 -19"><span class='ocrx_word' id='word_1_129' title='bbox 402 1980 748 2053; x_wconf 84' lang='lat' dir='ltr'><strong>pertulerunt</strong></span> <span class='ocrx_word' id='word_1_130' title='bbox 784 1976 1180 2046; x_wconf 81' lang='lat' dir='ltr'><strong>captivitatem,</strong></span> <span class='ocrx_word' id='word_1_131' title='bbox 1206 1973 1381 2044; x_wconf 89' lang='lat' dir='ltr'><strong>patria</strong></span> <span class='ocrx_word' id='word_1_132' title='bbox 1407 1972 1571 2041; x_wconf 88' lang='lat' dir='ltr'><strong>pulsi,</strong></span> <span class='ocrx_word' id='word_1_133' title='bbox 1597 1971 1725 2026; x_wconf 86' lang='lat' dir='ltr'><strong>etin</strong></span> <span class='ocrx_word' id='word_1_134' title='bbox 1755 1968 1970 2025; x_wconf 89' lang='lat' dir='ltr'><strong>diutina</strong></span> 
     </span>
    </p>
   </div>
   <div class='ocr_carea' id='block_1_22' title="bbox 402 2061 1973 2136">
    <p class='ocr_par' dir='ltr' id='par_1_22' title="bbox 402 2061 1973 2136">
     <span class='ocr_line' id='line_1_22' title="bbox 402 2061 1973 2136; baseline -0.009 -8"><span class='ocrx_word' id='word_1_135' title='bbox 402 2071 667 2129; x_wconf 78' lang='lat' dir='ltr'><strong>servitute</strong></span> <span class='ocrx_word' id='word_1_136' title='bbox 699 2067 1008 2131; x_wconf 82' lang='lat' dir='ltr'><strong>constituti.</strong></span> <span class='ocrx_word' id='word_1_137' title='bbox 1039 2065 1320 2121; x_wconf 86' lang='lat' dir='ltr'><strong>Hactenus</strong></span> <span class='ocrx_word' id='word_1_138' title='bbox 1354 2064 1573 2136; x_wconf 87' lang='lat' dir='ltr'><strong>quidem</strong></span> <span class='ocrx_word' id='word_1_139' title='bbox 1604 2063 1840 2118; x_wconf 84' lang='lat' dir='ltr'><strong>reditum</strong></span> <span class='ocrx_word' id='word_1_140' title='bbox 1860 2061 1973 2115; x_wconf 86' lang='lat' dir='ltr'><strong>Ba-</strong></span> 
     </span>
    </p>
   </div>
   <div class='ocr_carea' id='block_1_23' title="bbox 404 2155 1973 2235">
    <p class='ocr_par' dir='ltr' id='par_1_23' title="bbox 404 2155 1973 2235">
     <span class='ocr_line' id='line_1_23' title="bbox 404 2155 1973 2235; baseline -0.006 -17"><span class='ocrx_word' id='word_1_141' title='bbox 404 2165 599 2235; x_wconf 77' lang='lat' dir='ltr'><strong>bylone</strong></span> <span class='ocrx_word' id='word_1_142' title='bbox 638 2169 827 2217; x_wconf 84' lang='lat' dir='ltr'><strong>narrat</strong></span> <span class='ocrx_word' id='word_1_143' title='bbox 850 2160 1054 2230; x_wconf 91' lang='lat' dir='ltr'><strong>populi,</strong></span> <span class='ocrx_word' id='word_1_144' title='bbox 1086 2166 1141 2213; x_wconf 91' lang='lat' dir='ltr'><strong>et</strong></span> <span class='ocrx_word' id='word_1_145' title='bbox 1168 2173 1289 2229; x_wconf 86' lang='lat' dir='ltr'><strong>quae</strong></span> <span class='ocrx_word' id='word_1_146' title='bbox 1330 2172 1427 2229; x_wconf 89' lang='lat' dir='ltr'><strong>per</strong></span> <span class='ocrx_word' id='word_1_147' title='bbox 1467 2155 1602 2213; x_wconf 89' lang='lat' dir='ltr'><strong>illud</strong></span> <span class='ocrx_word' id='word_1_148' title='bbox 1643 2155 1806 2226; x_wconf 77' lang='lat'><strong>188</strong></span> <span class='ocrx_word' id='word_1_149' title='bbox 1843 2162 1973 2209; x_wconf 88' lang='lat' dir='ltr'><strong>tem-</strong></span> 
     </span>
    </p>
   </div>
   <div class='ocr_carea' id='block_1_24' title="bbox 405 2244 1971 2325">
    <p class='ocr_par' dir='ltr' id='par_1_24' title="bbox 405 2244 1971 2325">
     <span class='ocr_line' id='line_1_24' title="bbox 405 2244 1971 2325; baseline -0.008 -15"><span class='ocrx_word' id='word_1_150' title='bbox 405 2269 510 2325; x_wconf 88' lang='lat' dir='ltr'><strong>pus</strong></span> <span class='ocrx_word' id='word_1_151' title='bbox 564 2255 902 2308; x_wconf 87' lang='lat' dir='ltr'><strong>obvenerunt</strong></span> <span class='ocrx_word' id='word_1_152' title='bbox 954 2249 1003 2304; x_wconf 92' lang='lat' dir='ltr'><strong>ei</strong></span> <span class='ocrx_word' id='word_1_153' title='bbox 1058 2248 1468 2319; x_wconf 83' lang='lat' dir='ltr'><strong>prosperitates.</strong></span> <span class='ocrx_word' id='word_1_154' title='bbox 1528 2244 1791 2300; x_wconf 88' lang='lat' dir='ltr'><strong>Posthine</strong></span> <span class='ocrx_word' id='word_1_155' title='bbox 1843 2258 1971 2297; x_wconf 86' lang='lat' dir='ltr'><strong>vero</strong></span> 
     </span>
    </p>
   </div>
   <div class='ocr_carea' id='block_1_25' title="bbox 402 2333 1969 2399">
    <p class='ocr_par' dir='ltr' id='par_1_25' title="bbox 402 2333 1969 2399">
     <span class='ocr_line' id='line_1_25' title="bbox 402 2333 1969 2399; baseline -0.006 -2"><span class='ocrx_word' id='word_1_156' title='bbox 402 2357 602 2397; x_wconf 89' lang='lat' dir='ltr'><strong>rursus</strong></span> <span class='ocrx_word' id='word_1_157' title='bbox 636 2339 1007 2394; x_wconf 87' lang='lat' dir='ltr'><strong>molestiarum</strong></span> <span class='ocrx_word' id='word_1_158' title='bbox 1040 2337 1173 2391; x_wconf 82' lang='lat' dir='ltr'><strong>facit</strong></span> <span class='ocrx_word' id='word_1_159' title='bbox 1204 2337 1556 2399; x_wconf 87' lang='lat' dir='ltr'><strong>mentionem,</strong></span> <span class='ocrx_word' id='word_1_160' title='bbox 1592 2335 1803 2389; x_wconf 81' lang='lat' dir='ltr'><strong>futuras</strong></span> <span class='ocrx_word' id='word_1_161' title='bbox 1834 2333 1969 2388; x_wconf 86' lang='lat' dir='ltr'><strong>alias</strong></span> 
     </span>
    </p>
   </div>
   <div class='ocr_carea' id='block_1_26' title="bbox 400 2424 1968 2493">
    <p class='ocr_par' dir='ltr' id='par_1_26' title="bbox 400 2424 1968 2493">
     <span class='ocr_line' id='line_1_26' title="bbox 400 2424 1968 2493; baseline -0.008 -5"><span class='ocrx_word' id='word_1_162' title='bbox 400 2446 729 2488; x_wconf 81' lang='lat' dir='ltr'><strong>enumerans</strong></span> <span class='ocrx_word' id='word_1_163' title='bbox 750 2430 1109 2485; x_wconf 83' lang='lat' dir='ltr'><strong>calamitates.</strong></span> <span class='ocrx_word' id='word_1_164' title='bbox 1136 2426 1503 2493; x_wconf 84' lang='lat' dir='ltr'><strong>Quamobrem</strong></span> <span class='ocrx_word' id='word_1_165' title='bbox 1538 2425 1604 2479; x_wconf 89' lang='lat' dir='ltr'><strong>ad</strong></span> <span class='ocrx_word' id='word_1_166' title='bbox 1630 2424 1968 2479; x_wconf 84' lang='lat' dir='ltr'><strong>Hierusalem</strong></span> 
     </span>
    </p>
   </div>
   <div class='ocr_carea' id='block_1_27' title="bbox 401 2516 1967 2585">
    <p class='ocr_par' dir='ltr' id='par_1_27' title="bbox 401 2516 1967 2585">
     <span class='ocr_line' id='line_1_27' title="bbox 401 2516 1967 2585; baseline -0.007 -6"><span class='ocrx_word' id='word_1_167' title='bbox 401 2525 705 2579; x_wconf 87' lang='lat' dir='ltr'><strong>orationem</strong></span> <span class='ocrx_word' id='word_1_168' title='bbox 736 2528 1081 2578; x_wconf 85' lang='lat' dir='ltr'><strong>convertens.</strong></span> <span class='ocrx_word' id='word_1_169' title='bbox 1113 2519 1196 2575; x_wconf 89' lang='lat' dir='ltr'><strong>sic</strong></span> <span class='ocrx_word' id='word_1_170' title='bbox 1228 2520 1338 2572; x_wconf 89' lang='lat' dir='ltr'><strong>ait:</strong></span> <span class='ocrx_word' id='word_1_171' title='bbox 1366 2538 1383 2567; x_wconf 76' lang='grc' dir='ltr'><strong>ι</strong></span> <span class='ocrx_word' id='word_1_172' title='bbox 1421 2517 1488 2570; x_wconf 85' lang='grc' dir='ltr'>Ει</span> <span class='ocrx_word' id='word_1_173' title='bbox 1519 2526 1608 2581; x_wconf 91' lang='lat' dir='ltr'><strong>tu,</strong></span> <span class='ocrx_word' id='word_1_174' title='bbox 1642 2516 1812 2571; x_wconf 88' lang='lat' dir='ltr'><strong>turris</strong></span> <span class='ocrx_word' id='word_1_175' title='bbox 1846 2530 1967 2585; x_wconf 83' lang='lat' dir='ltr'><strong>gre-</strong></span> 
     </span>
    </p>
   </div>
   <div class='ocr_carea' id='block_1_28' title="bbox 401 2602 1969 2686">
    <p class='ocr_par' dir='ltr' id='par_1_28' title="bbox 401 2602 1969 2686">
     <span class='ocr_line' id='line_1_28' title="bbox 401 2602 1969 2686; baseline -0.006 -17"><span class='ocrx_word' id='word_1_176' title='bbox 401 2616 504 2686; x_wconf 87' lang='lat' dir='ltr'><strong>gis,</strong></span> <span class='ocrx_word' id='word_1_177' title='bbox 556 2614 813 2684; x_wconf 88' lang='lat' dir='ltr'><strong>squalens</strong></span> <span class='ocrx_word' id='word_1_178' title='bbox 869 2611 978 2665; x_wconf 90' lang='lat' dir='ltr'><strong>ﬁlia</strong></span> <span class='ocrx_word' id='word_1_179' title='bbox 1032 2610 1235 2665; x_wconf 88' lang='lat' dir='ltr'><strong>Sionis.</strong></span> <span class='ocrx_word' id='word_1_180' title='bbox 1289 2628 1307 2660; x_wconf 75' lang='grc' dir='ltr'><strong>ι</strong></span> <span class='ocrx_word' id='word_1_181' title='bbox 1348 2607 1501 2674; x_wconf 84' lang='lat' dir='ltr'><strong>Quod</strong></span> <span class='ocrx_word' id='word_1_182' title='bbox 1562 2606 1725 2660; x_wconf 91' lang='lat' dir='ltr'><strong>ﬁliam</strong></span> <span class='ocrx_word' id='word_1_183' title='bbox 1785 2602 1969 2659; x_wconf 89' lang='lat' dir='ltr'><strong>Sionis</strong></span> 
     </span>
    </p>
   </div>
   <div class='ocr_carea' id='block_1_29' title="bbox 404 2699 1969 2771">
    <p class='ocr_par' dir='ltr' id='par_1_29' title="bbox 404 2699 1969 2771">
     <span class='ocr_line' id='line_1_29' title="bbox 404 2699 1969 2771; baseline -0.007 -12"><span class='ocrx_word' id='word_1_184' title='bbox 404 2705 739 2763; x_wconf 78' lang='lat' dir='ltr'><strong>Hierusalem</strong></span> <span class='ocrx_word' id='word_1_185' title='bbox 772 2703 1035 2769; x_wconf 84' lang='lat' dir='ltr'><strong>nominet,</strong></span> <span class='ocrx_word' id='word_1_186' title='bbox 1067 2701 1410 2771; x_wconf 79' lang='lat' dir='ltr'><strong>exploratum</strong></span> <span class='ocrx_word' id='word_1_187' title='bbox 1442 2705 1547 2771; x_wconf 86' lang='lat' dir='ltr'><strong>est,</strong></span> <span class='ocrx_word' id='word_1_188' title='bbox 1580 2699 1659 2751; x_wconf 88' lang='lat' dir='ltr'><strong>sic</strong></span> <span class='ocrx_word' id='word_1_189' title='bbox 1694 2711 1811 2751; x_wconf 86' lang='lat' dir='ltr'><strong>eam</strong></span> <span class='ocrx_word' id='word_1_190' title='bbox 1845 2712 1969 2765; x_wconf 86' lang='lat' dir='ltr'><strong>per-</strong></span> 
     </span>
    </p>
   </div>
   <div class='ocr_carea' id='block_1_30' title="bbox 400 2788 1967 2869">
    <p class='ocr_par' dir='ltr' id='par_1_30' title="bbox 400 2788 1967 2869">
     <span class='ocr_line' id='line_1_30' title="bbox 400 2788 1967 2869; baseline -0.008 -16"><span class='ocrx_word' id='word_1_191' title='bbox 400 2807 562 2869; x_wconf 86' lang='lat' dir='ltr'><strong>petuo</strong></span> <span class='ocrx_word' id='word_1_192' title='bbox 586 2795 863 2869; x_wconf 89' lang='lat' dir='ltr'><strong>pr0phetis</strong></span> <span class='ocrx_word' id='word_1_193' title='bbox 884 2809 947 2849; x_wconf 89' lang='lat' dir='ltr'><strong>ac</strong></span> <span class='ocrx_word' id='word_1_194' title='bbox 968 2794 1126 2848; x_wconf 81' lang='lat' dir='ltr'><strong>beato</strong></span> <span class='ocrx_word' id='word_1_195' title='bbox 1152 2791 1350 2847; x_wconf 83' lang='lat' dir='ltr'><strong>Davide</strong></span> <span class='ocrx_word' id='word_1_196' title='bbox 1370 2789 1788 2861; x_wconf 85' lang='lat' dir='ltr'><strong>appellantibus;</strong></span> <span class='ocrx_word' id='word_1_197' title='bbox 1805 2788 1967 2842; x_wconf 82' lang='lat' dir='ltr'><strong>veluti</strong></span> 
     </span>
    </p>
   </div>
   <div class='ocr_carea' id='block_1_31' title="bbox 400 2878 1967 2943">
    <p class='ocr_par' dir='ltr' id='par_1_31' title="bbox 400 2878 1967 2943">
     <span class='ocr_line' id='line_1_31' title="bbox 400 2878 1967 2943; baseline -0.006 -1"><span class='ocrx_word' id='word_1_198' title='bbox 400 2903 524 2943; x_wconf 90' lang='lat' dir='ltr'><strong>cum</strong></span> <span class='ocrx_word' id='word_1_199' title='bbox 557 2885 643 2941; x_wconf 78' lang='lat' dir='ltr'><strong>hic</strong></span> <span class='ocrx_word' id='word_1_200' title='bbox 673 2884 807 2941; x_wconf 89' lang='lat' dir='ltr'><strong>dicit</strong></span> <span class='ocrx_word' id='word_1_201' title='bbox 840 2902 853 2939; x_wconf 90' lang='lat'><strong>:</strong></span> <span class='ocrx_word' id='word_1_202' title='bbox 895 2904 912 2935; x_wconf 76' lang='grc' dir='ltr'><strong>ι</strong></span> <span class='ocrx_word' id='word_1_203' title='bbox 951 2882 1021 2937; x_wconf 89' lang='lat' dir='ltr'><strong>Ut</strong></span> <span class='ocrx_word' id='word_1_204' title='bbox 1048 2882 1364 2936; x_wconf 91' lang='lat' dir='ltr'><strong>annuntiem</strong></span> <span class='ocrx_word' id='word_1_205' title='bbox 1401 2895 1591 2935; x_wconf 92' lang='lat' dir='ltr'><strong>omnes</strong></span> <span class='ocrx_word' id='word_1_206' title='bbox 1626 2878 1967 2933; x_wconf 84' lang='lat' dir='ltr'><strong>laudationes</strong></span> 
     </span>
    </p>
   </div>
   <div class='ocr_carea' id='block_1_32' title="bbox 400 2971 1968 3048">
    <p class='ocr_par' dir='ltr' id='par_1_32' title="bbox 400 2971 1968 3048">
     <span class='ocr_line' id='line_1_32' title="bbox 400 2971 1968 3048; baseline -0.003 -18"><span class='ocrx_word' id='word_1_207' title='bbox 400 2990 523 3032; x_wconf 91' lang='lat' dir='ltr'><strong>tuas</strong></span> <span class='ocrx_word' id='word_1_208' title='bbox 556 2979 609 3031; x_wconf 88' lang='lat' dir='ltr'><strong>in</strong></span> <span class='ocrx_word' id='word_1_209' title='bbox 639 2977 812 3048; x_wconf 89' lang='lat' dir='ltr'><strong>portis</strong></span> <span class='ocrx_word' id='word_1_210' title='bbox 852 2974 973 3029; x_wconf 70' lang='lat' dir='ltr'><strong>ﬁlia:</strong></span> <span class='ocrx_word' id='word_1_211' title='bbox 1008 2972 1191 3028; x_wconf 89' lang='lat' dir='ltr'><strong>Sionis</strong></span> <span class='ocrx_word' id='word_1_212' title='bbox 1223 2972 1292 3026; x_wconf 77' lang='lat'><strong>“.</strong></span> <span class='ocrx_word' id='word_1_213' title='bbox 1339 2991 1358 3024; x_wconf 72' lang='grc' dir='ltr'><strong>ι</strong></span> <span class='ocrx_word' id='word_1_214' title='bbox 1402 2971 1769 3039; x_wconf 80' lang='lat' dir='ltr'><strong>Quamobrem</strong></span> <span class='ocrx_word' id='word_1_215' title='bbox 1804 2972 1968 3027; x_wconf 87' lang='lat' dir='ltr'><strong>indu-</strong></span> 
     </span>
    </p>
   </div>
   <div class='ocr_carea' id='block_1_33' title="bbox 399 3063 1967 3135">
    <p class='ocr_par' dir='ltr' id='par_1_33' title="bbox 399 3063 1967 3135">
     <span class='ocr_line' id='line_1_33' title="bbox 399 3063 1967 3135; baseline -0.003 -13"><span class='ocrx_word' id='word_1_216' title='bbox 399 3069 549 3122; x_wconf 86' lang='lat' dir='ltr'><strong>bium</strong></span> <span class='ocrx_word' id='word_1_217' title='bbox 579 3077 696 3133; x_wconf 87' lang='lat' dir='ltr'><strong>est,</strong></span> <span class='ocrx_word' id='word_1_218' title='bbox 730 3081 836 3120; x_wconf 93' lang='lat' dir='ltr'><strong>non</strong></span> <span class='ocrx_word' id='word_1_219' title='bbox 876 3065 941 3119; x_wconf 90' lang='lat' dir='ltr'><strong>ad</strong></span> <span class='ocrx_word' id='word_1_220' title='bbox 970 3064 1258 3135; x_wconf 76' lang='lat' dir='ltr'><strong>Sedeciam</strong></span> <span class='ocrx_word' id='word_1_221' title='bbox 1283 3104 1297 3128; x_wconf 95' lang='lat'><strong>,</strong></span> <span class='ocrx_word' id='word_1_222' title='bbox 1329 3063 1474 3134; x_wconf 87' lang='lat' dir='ltr'><strong>quod</strong></span> <span class='ocrx_word' id='word_1_223' title='bbox 1508 3063 1755 3118; x_wconf 87' lang='lat' dir='ltr'><strong>nonnulli</strong></span> <span class='ocrx_word' id='word_1_224' title='bbox 1783 3064 1967 3119; x_wconf 88' lang='lat' dir='ltr'><strong>nescio</strong></span> 
     </span>
    </p>
   </div>
   <div class='ocr_carea' id='block_1_34' title="bbox 399 3153 2039 3243">
    <p class='ocr_par' dir='ltr' id='par_1_34' title="bbox 399 3153 2039 3243">
     <span class='ocr_line' id='line_1_34' title="bbox 399 3153 2039 3243; baseline -0.002 -34"><span class='ocrx_word' id='word_1_225' title='bbox 399 3175 498 3213; x_wconf 71' lang='lat' dir='ltr'><strong>cur</strong></span> <span class='ocrx_word' id='word_1_226' title='bbox 526 3158 628 3214; x_wconf 88' lang='lat' dir='ltr'><strong>sibi</strong></span> <span class='ocrx_word' id='word_1_227' title='bbox 663 3164 1077 3228; x_wconf 88' lang='lat' dir='ltr'><strong>persuaserunt,</strong></span> <span class='ocrx_word' id='word_1_228' title='bbox 1112 3155 1209 3211; x_wconf 88' lang='lat' dir='ltr'><strong>sed</strong></span> <span class='ocrx_word' id='word_1_229' title='bbox 1245 3154 1308 3209; x_wconf 87' lang='lat' dir='ltr'><strong>ad</strong></span> <span class='ocrx_word' id='word_1_230' title='bbox 1345 3153 1684 3210; x_wconf 88' lang='lat' dir='ltr'><strong>Hierusalem</strong></span> <span class='ocrx_word' id='word_1_231' title='bbox 1720 3155 1962 3209; x_wconf 80' lang='lat' dir='ltr'><strong>converti</strong></span> <span class='ocrx_word' id='word_1_232' title='bbox 1994 3183 2039 3243; x_wconf 67' lang='grc' dir='ltr'>ρ</span> 
     </span>
    </p>
   </div>
   <div class='ocr_carea' id='block_1_35' title="bbox 402 3244 1966 3321">
    <p class='ocr_par' dir='ltr' id='par_1_35' title="bbox 402 3244 1966 3321">
     <span class='ocr_line' id='line_1_35' title="bbox 402 3244 1966 3321; baseline -0.002 -18"><span class='ocrx_word' id='word_1_233' title='bbox 402 3252 489 3306; x_wconf 87' lang='lat' dir='ltr'><strong>hic</strong></span> <span class='ocrx_word' id='word_1_234' title='bbox 516 3265 545 3305; x_wconf 87' lang='lat' dir='ltr'><strong>a</strong></span> <span class='ocrx_word' id='word_1_235' title='bbox 574 3249 839 3321; x_wconf 81' lang='lat' dir='ltr'><strong>propheta</strong></span> <span class='ocrx_word' id='word_1_236' title='bbox 867 3262 1209 3317; x_wconf 89' lang='lat' dir='ltr'><strong>sermonem;</strong></span> <span class='ocrx_word' id='word_1_237' title='bbox 1241 3261 1403 3317; x_wconf 89' lang='lat' dir='ltr'><strong>quam</strong></span> <span class='ocrx_word' id='word_1_238' title='bbox 1429 3261 1552 3300; x_wconf 90' lang='lat' dir='ltr'><strong>cum</strong></span> <span class='ocrx_word' id='word_1_239' title='bbox 1583 3245 1749 3299; x_wconf 91' lang='lat' dir='ltr'><strong>ﬁliam</strong></span> <span class='ocrx_word' id='word_1_240' title='bbox 1780 3244 1966 3301; x_wconf 91' lang='lat' dir='ltr'><strong>Sionis</strong></span> 
     </span>
    </p>
   </div>
   <div class='ocr_carea' id='block_1_36' title="bbox 398 3337 1965 3409">
    <p class='ocr_par' dir='ltr' id='par_1_36' title="bbox 398 3337 1965 3409">
     <span class='ocr_line' id='line_1_36' title="bbox 398 3337 1965 3409; baseline -0.003 -14"><span class='ocrx_word' id='word_1_241' title='bbox 398 3343 466 3398; x_wconf 89' lang='lat' dir='ltr'><strong>de</strong></span> <span class='ocrx_word' id='word_1_242' title='bbox 503 3356 655 3395; x_wconf 91' lang='lat' dir='ltr'><strong>more</strong></span> <span class='ocrx_word' id='word_1_243' title='bbox 699 3339 948 3405; x_wconf 77' lang='lat' dir='ltr'><strong>dix‘isset,</strong></span> <span class='ocrx_word' id='word_1_244' title='bbox 982 3338 1173 3394; x_wconf 88' lang='lat' dir='ltr'><strong>merito</strong></span> <span class='ocrx_word' id='word_1_245' title='bbox 1218 3339 1411 3391; x_wconf 87' lang='lat' dir='ltr'><strong>turrim</strong></span> <span class='ocrx_word' id='word_1_246' title='bbox 1446 3337 1627 3408; x_wconf 77' lang='lat' dir='ltr'><strong>gregis</strong></span> <span class='ocrx_word' id='word_1_247' title='bbox 1658 3346 1965 3409; x_wconf 87' lang='lat' dir='ltr'><strong>nuncupat,</strong></span> 
     </span>
    </p>
   </div>
   <div class='ocr_carea' id='block_1_37' title="bbox 399 3428 1968 3504">
    <p class='ocr_par' dir='ltr' id='par_1_37' title="bbox 399 3428 1968 3504">
     <span class='ocr_line' id='line_1_37' title="bbox 399 3428 1968 3504; baseline -0.001 -17"><span class='ocrx_word' id='word_1_248' title='bbox 399 3441 586 3504; x_wconf 89' lang='lat' dir='ltr'><strong>utpote</strong></span> <span class='ocrx_word' id='word_1_249' title='bbox 626 3433 769 3486; x_wconf 91' lang='lat' dir='ltr'><strong>inter</strong></span> <span class='ocrx_word' id='word_1_250' title='bbox 795 3446 985 3486; x_wconf 90' lang='lat' dir='ltr'><strong>omnes</strong></span> <span class='ocrx_word' id='word_1_251' title='bbox 1020 3428 1348 3485; x_wconf 89' lang='lat' dir='ltr'><strong>lsraeliticas</strong></span> <span class='ocrx_word' id='word_1_252' title='bbox 1372 3431 1537 3485; x_wconf 75' lang='lat' dir='ltr'><strong>urbes</strong></span> <span class='ocrx_word' id='word_1_253' title='bbox 1576 3430 1885 3495; x_wconf 84' lang='lat' dir='ltr'><strong>celsiorem,</strong></span> <span class='ocrx_word' id='word_1_254' title='bbox 1914 3439 1968 3486; x_wconf 91' lang='lat' dir='ltr'><strong>et</strong></span> 
     </span>
    </p>
   </div>
   <div class='ocr_carea' id='block_1_38' title="bbox 397 3520 1968 3594">
    <p class='ocr_par' dir='ltr' id='par_1_38' title="bbox 397 3520 1968 3594">
     <span class='ocr_line' id='line_1_38' title="bbox 397 3520 1968 3594; baseline -0.003 -15"><span class='ocrx_word' id='word_1_255' title='bbox 397 3530 618 3594; x_wconf 89' lang='lat' dir='ltr'><strong>propter</strong></span> <span class='ocrx_word' id='word_1_256' title='bbox 658 3522 903 3577; x_wconf 88' lang='lat' dir='ltr'><strong>omnium</strong></span> <span class='ocrx_word' id='word_1_257' title='bbox 947 3520 1013 3575; x_wconf 90' lang='lat' dir='ltr'><strong>ad</strong></span> <span class='ocrx_word' id='word_1_258' title='bbox 1048 3535 1168 3575; x_wconf 89' lang='lat' dir='ltr'><strong>eam</strong></span> <span class='ocrx_word' id='word_1_259' title='bbox 1209 3534 1559 3586; x_wconf 86' lang='lat' dir='ltr'><strong>concursum,</strong></span> <span class='ocrx_word' id='word_1_260' title='bbox 1600 3520 1715 3575; x_wconf 85' lang='lat' dir='ltr'><strong>sive</strong></span> <span class='ocrx_word' id='word_1_261' title='bbox 1751 3520 1821 3575; x_wconf 92' lang='lat' dir='ltr'><strong>ob</strong></span> <span class='ocrx_word' id='word_1_262' title='bbox 1858 3521 1968 3575; x_wconf 85' lang='lat' dir='ltr'><strong>illic</strong></span> 
     </span>
    </p>
   </div>
   <div class='ocr_carea' id='block_1_39' title="bbox 396 3610 1968 3682">
    <p class='ocr_par' dir='ltr' id='par_1_39' title="bbox 396 3610 1968 3682">
     <span class='ocr_line' id='line_1_39' title="bbox 396 3610 1968 3682; baseline -0.001 -15"><span class='ocrx_word' id='word_1_263' title='bbox 396 3612 759 3669; x_wconf 77' lang='lat' dir='ltr'><strong>exercendum</strong></span> <span class='ocrx_word' id='word_1_264' title='bbox 786 3610 879 3668; x_wconf 91' lang='lat' dir='ltr'><strong>Dei</strong></span> <span class='ocrx_word' id='word_1_265' title='bbox 905 3611 1134 3676; x_wconf 91' lang='lat' dir='ltr'><strong>cultum,</strong></span> <span class='ocrx_word' id='word_1_266' title='bbox 1156 3610 1268 3665; x_wconf 84' lang='lat' dir='ltr'><strong>sive</strong></span> <span class='ocrx_word' id='word_1_267' title='bbox 1294 3611 1363 3665; x_wconf 94' lang='lat' dir='ltr'><strong>ob</strong></span> <span class='ocrx_word' id='word_1_268' title='bbox 1384 3610 1644 3664; x_wconf 79' lang='lat' dir='ltr'><strong>auxilium</strong></span> <span class='ocrx_word' id='word_1_269' title='bbox 1672 3611 1817 3682; x_wconf 90' lang='lat' dir='ltr'><strong>quod</strong></span> <span class='ocrx_word' id='word_1_270' title='bbox 1842 3612 1968 3666; x_wconf 91' lang='lat' dir='ltr'><strong>inde</strong></span> 
     </span>
    </p>
   </div>
   <div class='ocr_carea' id='block_1_40' title="bbox 399 3702 1962 3776">
    <p class='ocr_par' dir='ltr' id='par_1_40' title="bbox 399 3702 1962 3776">
     <span class='ocr_line' id='line_1_40' title="bbox 399 3702 1962 3776; baseline -0.001 -16"><span class='ocrx_word' id='word_1_271' title='bbox 399 3705 707 3776; x_wconf 84' lang='lat' dir='ltr'><strong>sperabant.</strong></span> <span class='ocrx_word' id='word_1_272' title='bbox 749 3703 877 3774; x_wconf 90' lang='lat' dir='ltr'><strong>quia</strong></span> <span class='ocrx_word' id='word_1_273' title='bbox 908 3702 1051 3758; x_wconf 92' lang='lat' dir='ltr'><strong>Deus</strong></span> <span class='ocrx_word' id='word_1_274' title='bbox 1084 3702 1197 3757; x_wconf 92' lang='lat' dir='ltr'><strong>illic</strong></span> <span class='ocrx_word' id='word_1_275' title='bbox 1228 3702 1478 3759; x_wconf 87' lang='lat' dir='ltr'><strong>habitare</strong></span> <span class='ocrx_word' id='word_1_276' title='bbox 1509 3703 1962 3773; x_wconf 83' lang='lat' dir='ltr'><strong>praesumebatur.</strong></span> 
     </span>
    </p>
   </div>
   <div class='ocr_carea' id='block_1_41' title="bbox 400 3793 1965 3867">
    <p class='ocr_par' dir='ltr' id='par_1_41' title="bbox 400 3793 1965 3867">
     <span class='ocr_line' id='line_1_41' title="bbox 400 3793 1965 3867; baseline -0.001 -17"><span class='ocrx_word' id='word_1_277' title='bbox 400 3795 746 3867; x_wconf 71' lang='lat' dir='ltr'><strong>Squalentem</strong></span> <span class='ocrx_word' id='word_1_278' title='bbox 799 3794 1188 3848; x_wconf 87' lang='lat' dir='ltr'><strong>contumeliose</strong></span> <span class='ocrx_word' id='word_1_279' title='bbox 1229 3793 1396 3860; x_wconf 91' lang='lat' dir='ltr'><strong>dicit,</strong></span> <span class='ocrx_word' id='word_1_280' title='bbox 1429 3794 1577 3849; x_wconf 87' lang='lat' dir='ltr'><strong>velut</strong></span> <span class='ocrx_word' id='word_1_281' title='bbox 1620 3794 1830 3864; x_wconf 90' lang='lat' dir='ltr'><strong>peccati</strong></span> <span class='ocrx_word' id='word_1_282' title='bbox 1857 3809 1965 3864; x_wconf 71' lang='lat' dir='ltr'><strong>pae-</strong></span> 
     </span>
    </p>
   </div>
   <div class='ocr_carea' id='block_1_42' title="bbox 396 3884 1961 3957">
    <p class='ocr_par' dir='ltr' id='par_1_42' title="bbox 396 3884 1961 3957">
     <span class='ocr_line' id='line_1_42' title="bbox 396 3884 1961 3957; baseline -0.001 -16"><span class='ocrx_word' id='word_1_283' title='bbox 396 3887 528 3941; x_wconf 90' lang='lat' dir='ltr'><strong>dore</strong></span> <span class='ocrx_word' id='word_1_284' title='bbox 557 3886 811 3947; x_wconf 89' lang='lat' dir='ltr'><strong>obsitam,</strong></span> <span class='ocrx_word' id='word_1_285' title='bbox 839 3885 1075 3955; x_wconf 66' lang='lat' dir='ltr'><strong>etgregi</strong></span> <span class='ocrx_word' id='word_1_286' title='bbox 1102 3884 1170 3939; x_wconf 90' lang='lat' dir='ltr'><strong>ad</strong></span> <span class='ocrx_word' id='word_1_287' title='bbox 1198 3884 1393 3940; x_wconf 87' lang='lat' dir='ltr'><strong>vitium</strong></span> <span class='ocrx_word' id='word_1_288' title='bbox 1429 3884 1629 3940; x_wconf 83' lang='lat' dir='ltr'><strong>factam</strong></span> <span class='ocrx_word' id='word_1_289' title='bbox 1661 3888 1961 3957; x_wconf 83' lang='lat' dir='ltr'><strong>exemplar,</strong></span> 
     </span>
    </p>
   </div>
   <div class='ocr_carea' id='block_1_43' title="bbox 396 3966 1963 4047">
    <p class='ocr_par' dir='ltr' id='par_1_43' title="bbox 396 3966 1963 4047">
     <span class='ocr_line' id='line_1_43' title="bbox 396 3966 1963 4047; baseline 0.002 -16"><span class='ocrx_word' id='word_1_290' title='bbox 396 3993 519 4031; x_wconf 83' lang='lat' dir='ltr'><strong>cum</strong></span> <span class='ocrx_word' id='word_1_291' title='bbox 547 3985 737 4031; x_wconf 89' lang='lat' dir='ltr'><strong>contra</strong></span> <span class='ocrx_word' id='word_1_292' title='bbox 760 3966 1032 4046; x_wconf 70' lang='lat' dir='ltr'><strong>oporteret</strong></span> <span class='ocrx_word' id='word_1_293' title='bbox 1072 3976 1138 4030; x_wconf 89' lang='lat' dir='ltr'><strong>ad</strong></span> <span class='ocrx_word' id='word_1_294' title='bbox 1170 3976 1426 4030; x_wconf 81' lang='lat' dir='ltr'><strong>virtutem</strong></span> <span class='ocrx_word' id='word_1_295' title='bbox 1487 3977 1706 4047; x_wconf 61' lang='lat' dir='ltr'><strong>prmire.</strong></span> <span class='ocrx_word' id='word_1_296' title='bbox 1755 3998 1774 4030; x_wconf 76' lang='grc' dir='ltr'><strong>ι</strong></span> <span class='ocrx_word' id='word_1_297' title='bbox 1812 3979 1963 4034; x_wconf 88' lang='lat' dir='ltr'><strong>Con-</strong></span> 
     </span>
    </p>
   </div>
   <div class='ocr_carea' id='block_1_44' title="bbox 398 4065 1961 4138">
    <p class='ocr_par' dir='ltr' id='par_1_44' title="bbox 398 4065 1961 4138">
     <span class='ocr_line' id='line_1_44' title="bbox 398 4065 1961 4138; baseline 0.003 -17"><span class='ocrx_word' id='word_1_298' title='bbox 398 4077 482 4121; x_wconf 85' lang='lat' dir='ltr'><strong>tra</strong></span> <span class='ocrx_word' id='word_1_299' title='bbox 515 4076 568 4123; x_wconf 92' lang='lat' dir='ltr'><strong>te</strong></span> <span class='ocrx_word' id='word_1_300' title='bbox 602 4068 802 4131; x_wconf 84' lang='lat' dir='ltr'><strong>veniet,</strong></span> <span class='ocrx_word' id='word_1_301' title='bbox 833 4076 888 4120; x_wconf 91' lang='lat' dir='ltr'><strong>et</strong></span> <span class='ocrx_word' id='word_1_302' title='bbox 924 4065 1275 4134; x_wconf 74' lang='lat' dir='ltr'><strong>ingredietur</strong></span> <span class='ocrx_word' id='word_1_303' title='bbox 1345 4065 1687 4137; x_wconf 89' lang='lat' dir='ltr'><strong>principatus</strong></span> <span class='ocrx_word' id='word_1_304' title='bbox 1727 4068 1961 4138; x_wconf 88' lang='lat' dir='ltr'><strong>primus,</strong></span> 
     </span>
    </p>
   </div>
   <div class='ocr_carea' id='block_1_45' title="bbox 396 4154 1965 4231">
    <p class='ocr_par' dir='ltr' id='par_1_45' title="bbox 396 4154 1965 4231">
     <span class='ocr_line' id='line_1_45' title="bbox 396 4154 1965 4231; baseline 0.003 -20"><span class='ocrx_word' id='word_1_305' title='bbox 396 4173 622 4227; x_wconf 77' lang='lat' dir='ltr'><strong>regnum</strong></span> <span class='ocrx_word' id='word_1_306' title='bbox 674 4154 982 4228; x_wconf 86' lang='lat' dir='ltr'><strong>Babylonis,</strong></span> <span class='ocrx_word' id='word_1_307' title='bbox 1029 4172 1065 4211; x_wconf 91' lang='lat' dir='ltr'><strong>o</strong></span> <span class='ocrx_word' id='word_1_308' title='bbox 1114 4158 1219 4211; x_wconf 82' lang='lat' dir='ltr'><strong>ﬁlia</strong></span> <span class='ocrx_word' id='word_1_309' title='bbox 1272 4155 1633 4217; x_wconf 81' lang='lat' dir='ltr'><strong>Hierusalem.</strong></span> <span class='ocrx_word' id='word_1_310' title='bbox 1670 4179 1689 4212; x_wconf 86' lang='grc'><strong>›</strong></span> <span class='ocrx_word' id='word_1_311' title='bbox 1737 4160 1965 4231; x_wconf 89' lang='lat' dir='ltr'><strong>Propter</strong></span> 
     </span>
    </p>
   </div>
   <div class='ocr_carea' id='block_1_46' title="bbox 398 4248 1964 4318">
    <p class='ocr_par' dir='ltr' id='par_1_46' title="bbox 398 4248 1964 4318">
     <span class='ocr_line' id='line_1_46' title="bbox 398 4248 1964 4318; baseline 0.006 -18"><span class='ocrx_word' id='word_1_312' title='bbox 398 4248 595 4301; x_wconf 85' lang='lat' dir='ltr'><strong>delicta</strong></span> <span class='ocrx_word' id='word_1_313' title='bbox 626 4248 765 4317; x_wconf 89' lang='lat' dir='ltr'><strong>apud</strong></span> <span class='ocrx_word' id='word_1_314' title='bbox 802 4256 853 4302; x_wconf 90' lang='lat' dir='ltr'><strong>te</strong></span> <span class='ocrx_word' id='word_1_315' title='bbox 879 4256 1091 4318; x_wconf 86' lang='lat' dir='ltr'><strong>patrata</strong></span> <span class='ocrx_word' id='word_1_316' title='bbox 1114 4288 1128 4311; x_wconf 90' lang='lat'><strong>,</strong></span> <span class='ocrx_word' id='word_1_317' title='bbox 1160 4249 1509 4318; x_wconf 89' lang='lat' dir='ltr'><strong>superveniet</strong></span> <span class='ocrx_word' id='word_1_318' title='bbox 1540 4251 1637 4305; x_wconf 86' lang='lat' dir='ltr'><strong>tibi</strong></span> <span class='ocrx_word' id='word_1_319' title='bbox 1690 4254 1964 4311; x_wconf 82' lang='lat' dir='ltr'><strong>maximus</strong></span> 
     </span>
    </p>
   </div>
   <div class='ocr_carea' id='block_1_47' title="bbox 399 4337 1963 4411">
    <p class='ocr_par' dir='ltr' id='par_1_47' title="bbox 399 4337 1963 4411">
     <span class='ocr_line' id='line_1_47' title="bbox 399 4337 1963 4411; baseline 0.008 -23"><span class='ocrx_word' id='word_1_320' title='bbox 399 4337 663 4407; x_wconf 83' lang='lat' dir='ltr'><strong>valdeque</strong></span> <span class='ocrx_word' id='word_1_321' title='bbox 693 4344 883 4408; x_wconf 90' lang='lat' dir='ltr'><strong>potens</strong></span> <span class='ocrx_word' id='word_1_322' title='bbox 920 4354 1013 4393; x_wconf 82' lang='lat' dir='ltr'><strong>rex</strong></span> <span class='ocrx_word' id='word_1_323' title='bbox 1057 4339 1349 4411; x_wconf 86' lang='lat' dir='ltr'><strong>Babylonis</strong></span> <span class='ocrx_word' id='word_1_324' title='bbox 1370 4380 1385 4405; x_wconf 94' lang='lat'><strong>,</strong></span> <span class='ocrx_word' id='word_1_325' title='bbox 1414 4342 1510 4411; x_wconf 91' lang='lat' dir='ltr'><strong>qui</strong></span> <span class='ocrx_word' id='word_1_326' title='bbox 1541 4343 1638 4397; x_wconf 89' lang='lat' dir='ltr'><strong>tibi</strong></span> <span class='ocrx_word' id='word_1_327' title='bbox 1664 4343 1791 4399; x_wconf 87' lang='lat' dir='ltr'><strong>talia</strong></span> <span class='ocrx_word' id='word_1_328' title='bbox 1826 4344 1963 4400; x_wconf 84' lang='lat' dir='ltr'><strong>infe-</strong></span> 
     </span>
    </p>
   </div>
   <div class='ocr_carea' id='block_1_48' title="bbox 397 4430 1964 4509">
    <p class='ocr_par' dir='ltr' id='par_1_48' title="bbox 397 4430 1964 4509">
     <span class='ocr_line' id='line_1_48' title="bbox 397 4430 1964 4509; baseline 0.005 -25"><span class='ocrx_word' id='word_1_329' title='bbox 397 4438 480 4484; x_wconf 82' lang='lat' dir='ltr'><strong>ret</strong></span> <span class='ocrx_word' id='word_1_330' title='bbox 512 4430 650 4483; x_wconf 89' lang='lat' dir='ltr'><strong>mala</strong></span> <span class='ocrx_word' id='word_1_331' title='bbox 678 4430 862 4501; x_wconf 90' lang='lat' dir='ltr'><strong>qualia</strong></span> <span class='ocrx_word' id='word_1_332' title='bbox 909 4445 938 4483; x_wconf 92' lang='lat' dir='ltr'><strong>a</strong></span> <span class='ocrx_word' id='word_1_333' title='bbox 986 4433 1220 4502; x_wconf 88' lang='lat' dir='ltr'><strong>potentis</strong></span> <span class='ocrx_word' id='word_1_334' title='bbox 1253 4432 1396 4504; x_wconf 86' lang='lat' dir='ltr'><strong>regis</strong></span> <span class='ocrx_word' id='word_1_335' title='bbox 1434 4433 1666 4489; x_wconf 83' lang='lat' dir='ltr'><strong>adventu</strong></span> <span class='ocrx_word' id='word_1_336' title='bbox 1713 4437 1827 4492; x_wconf 86' lang='lat' dir='ltr'><strong>ﬁeri</strong></span> <span class='ocrx_word' id='word_1_337' title='bbox 1862 4453 1964 4509; x_wconf 89' lang='lat' dir='ltr'><strong>par</strong></span> 
     </span>
    </p>
   </div>
   <div class='ocr_carea' id='block_1_49' title="bbox 394 4532 501 4578">
    <p class='ocr_par' dir='ltr' id='par_1_49' title="bbox 394 4532 501 4578">
     <span class='ocr_line' id='line_1_49' title="bbox 394 4532 501 4578; baseline 0 -1"><span class='ocrx_word' id='word_1_338' title='bbox 394 4532 501 4578; x_wconf 73' lang='lat' dir='ltr'><strong>CSl.</strong></span> 
     </span>
    </p>
   </div>
   <div class='ocr_carea' id='block_1_50' title="bbox 2072 605 3652 680">
    <p class='ocr_par' dir='ltr' id='par_1_50' title="bbox 2072 605 3652 680">
     <span class='ocr_line' id='line_1_50' title="bbox 2072 605 3652 680; baseline -0.004 -17"><span class='ocrx_word' id='word_1_339' title='bbox 2072 610 2287 674; x_wconf 78' lang='grc' dir='ltr'>ϐέντας,</span> <span class='ocrx_word' id='word_1_340' title='bbox 2325 611 2420 665; x_wconf 80' lang='grc' dir='ltr'>καὶ</span> <span class='ocrx_word' id='word_1_341' title='bbox 2438 612 2537 680; x_wconf 83' lang='grc' dir='ltr'>τῆς</span> <span class='ocrx_word' id='word_1_342' title='bbox 2564 627 2625 663; x_wconf 89' lang='grc' dir='ltr'><strong>τε</strong></span> <span class='ocrx_word' id='word_1_343' title='bbox 2651 607 2906 680; x_wconf 85' lang='grc' dir='ltr'>προνοίας</span> <span class='ocrx_word' id='word_1_344' title='bbox 2926 607 3023 677; x_wconf 76' lang='grc' dir='ltr'>τῆς</span> <span class='ocrx_word' id='word_1_345' title='bbox 3057 607 3193 676; x_wconf 79' lang='grc' dir='ltr'>ἐμῆς</span> <span class='ocrx_word' id='word_1_346' title='bbox 3222 605 3317 660; x_wconf 72' lang='grc' dir='ltr'><strong>καὶ</strong></span> <span class='ocrx_word' id='word_1_347' title='bbox 3341 605 3450 658; x_wconf 88' lang='grc' dir='ltr'><strong>τῶν</strong></span> <span class='ocrx_word' id='word_1_348' title='bbox 3470 606 3652 659; x_wconf 89' lang='grc' dir='ltr'>τόπων</span> 
     </span>
    </p>
   </div>
   <div class='ocr_carea' id='block_1_51' title="bbox 2073 693 3654 764">
    <p class='ocr_par' dir='ltr' id='par_1_51' title="bbox 2073 693 3654 764">
     <span class='ocr_line' id='line_1_51' title="bbox 2073 693 3654 764; baseline -0.004 -11"><span class='ocrx_word' id='word_1_349' title='bbox 2073 701 2416 764; x_wconf 82' lang='grc' dir='ltr'><strong>ἀποστάντας</strong></span> <span class='ocrx_word' id='word_1_350' title='bbox 2434 700 2541 752; x_wconf 89' lang='grc' dir='ltr'><strong>τῶν</strong></span> <span class='ocrx_word' id='word_1_351' title='bbox 2573 699 2735 762; x_wconf 80' lang='grc' dir='ltr'><strong>ἰδίων,</strong></span> <span class='ocrx_word' id='word_1_352' title='bbox 2766 697 3018 761; x_wconf 76' lang='grc' dir='ltr'>ἐπανάξω</span> <span class='ocrx_word' id='word_1_353' title='bbox 3054 696 3212 750; x_wconf 82' lang='grc' dir='ltr'>πάλιν</span> <span class='ocrx_word' id='word_1_354' title='bbox 3243 697 3322 758; x_wconf 87' lang='grc' dir='ltr'><strong>εἰς</strong></span> <span class='ocrx_word' id='word_1_355' title='bbox 3354 695 3480 758; x_wconf 71' lang='grc' dir='ltr'>τοὺς</span> <span class='ocrx_word' id='word_1_356' title='bbox 3519 693 3654 748; x_wconf 85' lang='grc' dir='ltr'>καθ-</span> 
     </span>
    </p>
   </div>
   <div class='ocr_carea' id='block_1_52' title="bbox 2073 785 3656 861">
    <p class='ocr_par' dir='ltr' id='par_1_52' title="bbox 2073 785 3656 861">
     <span class='ocr_line' id='line_1_52' title="bbox 2073 785 3656 861; baseline -0.003 -19"><span class='ocrx_word' id='word_1_357' title='bbox 2073 790 2304 861; x_wconf 82' lang='grc' dir='ltr'>ήκοντας</span> <span class='ocrx_word' id='word_1_358' title='bbox 2330 789 2528 852; x_wconf 87' lang='grc' dir='ltr'>τόπους</span> <span class='ocrx_word' id='word_1_359' title='bbox 2550 805 2563 817; x_wconf 96' lang='grc'><strong>·</strong></span> <span class='ocrx_word' id='word_1_360' title='bbox 2598 786 2834 849; x_wconf 76' lang='grc' dir='ltr'>καὶτοὺς</span> <span class='ocrx_word' id='word_1_361' title='bbox 2858 788 2955 857; x_wconf 82' lang='grc' dir='ltr'>μὲν</span> <span class='ocrx_word' id='word_1_362' title='bbox 2970 786 3230 858; x_wconf 76' lang='grc' dir='ltr'>πρότερον</span> <span class='ocrx_word' id='word_1_363' title='bbox 3261 785 3656 857; x_wconf 74' lang='grc' dir='ltr'>συντετριμμέ-</span> 
     </span>
    </p>
   </div>
   <div class='ocr_carea' id='block_1_53' title="bbox 2073 876 3656 951">
    <p class='ocr_par' dir='ltr' id='par_1_53' title="bbox 2073 876 3656 951">
     <span class='ocr_line' id='line_1_53' title="bbox 2073 876 3656 951; baseline -0.003 -19"><span class='ocrx_word' id='word_1_364' title='bbox 2073 897 2194 943; x_wconf 88' lang='grc' dir='ltr'>νους</span> <span class='ocrx_word' id='word_1_365' title='bbox 2219 878 2361 933; x_wconf 77' lang='grc' dir='ltr'>οὕτω</span> <span class='ocrx_word' id='word_1_366' title='bbox 2382 882 2447 951; x_wconf 79' lang='grc' dir='ltr'>τῇ</span> <span class='ocrx_word' id='word_1_367' title='bbox 2477 879 2714 950; x_wconf 79' lang='grc' dir='ltr'>ἐμαυτοῦ</span> <span class='ocrx_word' id='word_1_368' title='bbox 2750 877 3060 947; x_wconf 66' lang='grc' dir='ltr'>διαφυλάξω</span> <span class='ocrx_word' id='word_1_369' title='bbox 3080 878 3324 948; x_wconf 68' lang='grc' dir='ltr'>προνοίᾳ,</span> <span class='ocrx_word' id='word_1_370' title='bbox 3348 876 3488 930; x_wconf 72' lang='grc' dir='ltr'>ὥστε</span> <span class='ocrx_word' id='word_1_371' title='bbox 3507 876 3656 930; x_wconf 83' lang='grc' dir='ltr'>ἆπαν</span> 
     </span>
    </p>
   </div>
   <div class='ocr_carea' id='block_1_54' title="bbox 2072 967 3650 1041">
    <p class='ocr_par' dir='ltr' id='par_1_54' title="bbox 2072 967 3650 1041">
     <span class='ocr_line' id='line_1_54' title="bbox 2072 967 3650 1041; baseline -0.002 -18"><span class='ocrx_word' id='word_1_372' title='bbox 2072 971 2133 1023; x_wconf 90' lang='lat' dir='ltr'><strong>rb</strong></span> <span class='ocrx_word' id='word_1_373' title='bbox 2162 971 2318 1039; x_wconf 84' lang='grc' dir='ltr'>γένος</span> <span class='ocrx_word' id='word_1_374' title='bbox 2341 970 2401 1023; x_wconf 90' lang='lat' dir='ltr'><strong>rb</strong></span> <span class='ocrx_word' id='word_1_375' title='bbox 2430 970 2818 1041; x_wconf 83' lang='grc' dir='ltr'>Ἰσραηλιτικὸν</span> <span class='ocrx_word' id='word_1_376' title='bbox 2839 970 2899 1034; x_wconf 80' lang='grc' dir='ltr'>ἐξ</span> <span class='ocrx_word' id='word_1_377' title='bbox 2927 970 3106 1023; x_wconf 78' lang='grc' dir='ltr'>αὐτῶν</span> <span class='ocrx_word' id='word_1_378' title='bbox 3132 968 3433 1038; x_wconf 74' lang='grc' dir='ltr'>αὐξηθῆναι</span> <span class='ocrx_word' id='word_1_379' title='bbox 3455 967 3616 1021; x_wconf 84' lang='grc' dir='ltr'>πάλιν</span> <span class='ocrx_word' id='word_1_380' title='bbox 3635 984 3650 998; x_wconf 80' lang='lat'><strong>&#39;</strong></span> 
     </span>
    </p>
   </div>
   <div class='ocr_carea' id='block_1_55' title="bbox 2073 1057 3652 1132">
    <p class='ocr_par' dir='ltr' id='par_1_55' title="bbox 2073 1057 3652 1132">
     <span class='ocr_line' id='line_1_55' title="bbox 2073 1057 3652 1132; baseline -0.003 -18"><span class='ocrx_word' id='word_1_381' title='bbox 2073 1060 2231 1114; x_wconf 88' lang='grc' dir='ltr'>τοῦτο</span> <span class='ocrx_word' id='word_1_382' title='bbox 2268 1060 2381 1132; x_wconf 84' lang='grc' dir='ltr'><strong>γὰρ</strong></span> <span class='ocrx_word' id='word_1_383' title='bbox 2434 1061 2581 1129; x_wconf 81' lang='grc' dir='ltr'>λέγει</span> <span class='ocrx_word' id='word_1_384' title='bbox 2615 1079 2633 1112; x_wconf 75' lang='grc' dir='ltr'><strong>ι</strong></span> <span class='ocrx_word' id='word_1_385' title='bbox 2685 1061 3031 1129; x_wconf 80' lang='grc' dir='ltr'>ὑπόλειμμα’</span> <span class='ocrx_word' id='word_1_386' title='bbox 3075 1078 3093 1109; x_wconf 74' lang='grc' dir='ltr'><strong>ι</strong></span> <span class='ocrx_word' id='word_1_387' title='bbox 3138 1057 3541 1127; x_wconf 77' lang='grc' dir='ltr'>δυνατωτέρους</span> <span class='ocrx_word' id='word_1_388' title='bbox 3591 1074 3652 1109; x_wconf 88' lang='grc' dir='ltr'><strong>τε</strong></span> 
     </span>
    </p>
   </div>
   <div class='ocr_carea' id='block_1_56' title="bbox 2076 1148 3652 1222">
    <p class='ocr_par' dir='ltr' id='par_1_56' title="bbox 2076 1148 3652 1222">
     <span class='ocr_line' id='line_1_56' title="bbox 2076 1148 3652 1222; baseline -0.003 -17"><span class='ocrx_word' id='word_1_389' title='bbox 2076 1152 2284 1207; x_wconf 84' lang='grc' dir='ltr'>πολλῶν</span> <span class='ocrx_word' id='word_1_390' title='bbox 2332 1152 2595 1222; x_wconf 84' lang='grc' dir='ltr'>ἀποφανῶ</span> <span class='ocrx_word' id='word_1_391' title='bbox 2644 1154 2768 1215; x_wconf 77' lang='grc' dir='ltr'>τοὺς</span> <span class='ocrx_word' id='word_1_392' title='bbox 2801 1151 2867 1204; x_wconf 87' lang='grc' dir='ltr'>δι’</span> <span class='ocrx_word' id='word_1_393' title='bbox 2897 1151 3175 1204; x_wconf 85' lang='grc' dir='ltr'>ἀσθένειαν</span> <span class='ocrx_word' id='word_1_394' title='bbox 3217 1148 3311 1202; x_wconf 88' lang='grc' dir='ltr'><strong>νῦν</strong></span> <span class='ocrx_word' id='word_1_395' title='bbox 3338 1148 3443 1202; x_wconf 89' lang='grc' dir='ltr'><strong>τῶν</strong></span> <span class='ocrx_word' id='word_1_396' title='bbox 3470 1148 3652 1202; x_wconf 81' lang='grc' dir='ltr'>τόπων</span> 
     </span>
    </p>
   </div>
   <div class='ocr_carea' id='block_1_57' title="bbox 2076 1239 3650 1313">
    <p class='ocr_par' dir='ltr' id='par_1_57' title="bbox 2076 1239 3650 1313">
     <span class='ocr_line' id='line_1_57' title="bbox 2076 1239 3650 1313; baseline -0.003 -17"><span class='ocrx_word' id='word_1_397' title='bbox 2076 1243 2483 1313; x_wconf 81' lang='grc' dir='ltr'>ἀποϐληθέντας</span> <span class='ocrx_word' id='word_1_398' title='bbox 2511 1243 2621 1296; x_wconf 86' lang='grc' dir='ltr'><strong>τῶν</strong></span> <span class='ocrx_word' id='word_1_399' title='bbox 2638 1241 2882 1296; x_wconf 89' lang='grc' dir='ltr'>οἰκείων·</span> <span class='ocrx_word' id='word_1_400' title='bbox 2919 1242 3163 1311; x_wconf 88' lang='grc' dir='ltr'>διαμενεῖ</span> <span class='ocrx_word' id='word_1_401' title='bbox 3188 1258 3245 1293; x_wconf 91' lang='grc' dir='ltr'><strong>τε</strong></span> <span class='ocrx_word' id='word_1_402' title='bbox 3272 1240 3403 1303; x_wconf 81' lang='grc' dir='ltr'>Θεὸς</span> <span class='ocrx_word' id='word_1_403' title='bbox 3437 1241 3530 1293; x_wconf 72' lang='grc' dir='ltr'><strong>ἐπὶ</strong></span> <span class='ocrx_word' id='word_1_404' title='bbox 3555 1239 3650 1291; x_wconf 88' lang='grc' dir='ltr'><strong>τοῦ</strong></span> 
     </span>
    </p>
   </div>
   <div class='ocr_carea' id='block_1_58' title="bbox 2076 1330 3653 1405">
    <p class='ocr_par' dir='ltr' id='par_1_58' title="bbox 2076 1330 3653 1405">
     <span class='ocr_line' id='line_1_58' title="bbox 2076 1330 3653 1405; baseline -0.003 -17"><span class='ocrx_word' id='word_1_405' title='bbox 2076 1335 2233 1405; x_wconf 79' lang='grc' dir='ltr'>ὅρους</span> <span class='ocrx_word' id='word_1_406' title='bbox 2263 1333 2357 1387; x_wconf 89' lang='grc' dir='ltr'><strong>τοῦ</strong></span> <span class='ocrx_word' id='word_1_407' title='bbox 2388 1334 2546 1398; x_wconf 84' lang='grc' dir='ltr'>Σιὼν,</span> <span class='ocrx_word' id='word_1_408' title='bbox 2593 1333 2669 1405; x_wconf 91' lang='lat' dir='ltr'><strong>(p.</strong></span> <span class='ocrx_word' id='word_1_409' title='bbox 2702 1334 2828 1402; x_wconf 68' lang='grc'><strong>(286)</strong></span> <span class='ocrx_word' id='word_1_410' title='bbox 2882 1334 2941 1387; x_wconf 94' lang='lat' dir='ltr'><strong>rb</strong></span> <span class='ocrx_word' id='word_1_411' title='bbox 2976 1333 3173 1404; x_wconf 81' lang='grc' dir='ltr'>κράτος</span> <span class='ocrx_word' id='word_1_412' title='bbox 3216 1330 3653 1401; x_wconf 77' lang='grc' dir='ltr'>ἐπιδεικνύμενος</span> 
     </span>
    </p>
   </div>
   <div class='ocr_carea' id='block_1_59' title="bbox 2076 1426 3652 1498">
    <p class='ocr_par' dir='ltr' id='par_1_59' title="bbox 2076 1426 3652 1498">
     <span class='ocr_line' id='line_1_59' title="bbox 2076 1426 3652 1498; baseline -0.002 -16"><span class='ocrx_word' id='word_1_413' title='bbox 2076 1429 2135 1482; x_wconf 87' lang='lat' dir='ltr'><strong>rb</strong></span> <span class='ocrx_word' id='word_1_414' title='bbox 2169 1430 2367 1481; x_wconf 82' lang='grc' dir='ltr'>οἰκεῖον</span> <span class='ocrx_word' id='word_1_415' title='bbox 2393 1429 2479 1482; x_wconf 82' lang='grc' dir='ltr'>διὰ</span> <span class='ocrx_word' id='word_1_416' title='bbox 2492 1429 2591 1498; x_wconf 83' lang='grc' dir='ltr'>τῆς</span> <span class='ocrx_word' id='word_1_417' title='bbox 2615 1427 2744 1498; x_wconf 74' lang='grc' dir='ltr'>περὶ</span> <span class='ocrx_word' id='word_1_418' title='bbox 2769 1429 2898 1491; x_wconf 70' lang='grc' dir='ltr'>τοὺς</span> <span class='ocrx_word' id='word_1_419' title='bbox 2930 1426 3271 1490; x_wconf 76' lang='grc' dir='ltr'>ἐνοικοῦντας</span> <span class='ocrx_word' id='word_1_420' title='bbox 3298 1426 3652 1496; x_wconf 71' lang='grc' dir='ltr'>κηδεμονίας,</span> 
     </span>
    </p>
   </div>
   <div class='ocr_carea' id='block_1_60' title="bbox 2077 1517 3654 1591">
    <p class='ocr_par' dir='ltr' id='par_1_60' title="bbox 2077 1517 3654 1591">
     <span class='ocr_line' id='line_1_60' title="bbox 2077 1517 3654 1591; baseline -0.001 -18"><span class='ocrx_word' id='word_1_421' title='bbox 2077 1521 2172 1590; x_wconf 81' lang='grc' dir='ltr'>τῆς</span> <span class='ocrx_word' id='word_1_422' title='bbox 2185 1536 2242 1572; x_wconf 90' lang='grc' dir='ltr'><strong>τε</strong></span> <span class='ocrx_word' id='word_1_423' title='bbox 2269 1520 2536 1591; x_wconf 80' lang='grc' dir='ltr'>τιμωρίας</span> <span class='ocrx_word' id='word_1_424' title='bbox 2570 1519 2636 1590; x_wconf 75' lang='grc' dir='ltr'>ἢν</span> <span class='ocrx_word' id='word_1_425' title='bbox 2657 1519 2882 1587; x_wconf 82' lang='grc' dir='ltr'>ἐπάγειν</span> <span class='ocrx_word' id='word_1_426' title='bbox 2905 1517 3086 1590; x_wconf 81' lang='grc' dir='ltr'>μέλλει</span> <span class='ocrx_word' id='word_1_427' title='bbox 3109 1520 3220 1582; x_wconf 88' lang='grc' dir='ltr'>τοῖς</span> <span class='ocrx_word' id='word_1_428' title='bbox 3255 1518 3507 1588; x_wconf 82' lang='grc' dir='ltr'>πολεμεῖν</span> <span class='ocrx_word' id='word_1_429' title='bbox 3537 1518 3654 1572; x_wconf 82' lang='grc' dir='ltr'>ἐθέ-</span> 
     </span>
    </p>
   </div>
   <div class='ocr_carea' id='block_1_61' title="bbox 2076 1608 3653 1682">
    <p class='ocr_par' dir='ltr' id='par_1_61' title="bbox 2076 1608 3653 1682">
     <span class='ocr_line' id='line_1_61' title="bbox 2076 1608 3653 1682; baseline -0.001 -18"><span class='ocrx_word' id='word_1_430' title='bbox 2076 1612 2258 1665; x_wconf 89' lang='grc' dir='ltr'>λουσιν</span> <span class='ocrx_word' id='word_1_431' title='bbox 2276 1613 2486 1674; x_wconf 74' lang='grc' dir='ltr'>αὐτοῖς’</span> <span class='ocrx_word' id='word_1_432' title='bbox 2506 1612 2564 1664; x_wconf 84' lang='lat' dir='ltr'><strong>rb</strong></span> <span class='ocrx_word' id='word_1_433' title='bbox 2581 1612 2688 1682; x_wconf 88' lang='grc' dir='ltr'><strong>γάρ</strong></span> <span class='ocrx_word' id='word_1_434' title='bbox 2714 1629 2733 1662; x_wconf 74' lang='grc' dir='ltr'><strong>ι</strong></span> <span class='ocrx_word' id='word_1_435' title='bbox 2754 1612 2846 1665; x_wconf 68' lang='grc' dir='ltr'><strong>καὶ</strong></span> <span class='ocrx_word' id='word_1_436' title='bbox 2867 1611 2970 1674; x_wconf 74' lang='grc' dir='ltr'><strong>ἕως</strong></span> <span class='ocrx_word' id='word_1_437' title='bbox 2990 1613 3069 1673; x_wconf 83' lang='grc' dir='ltr'><strong>εἰς</strong></span> <span class='ocrx_word' id='word_1_438' title='bbox 3080 1610 3169 1662; x_wconf 81' lang='grc' dir='ltr'><strong>τὸν</strong></span> <span class='ocrx_word' id='word_1_439' title='bbox 3186 1610 3376 1670; x_wconf 82' lang='grc' dir='ltr'>αἰῶνα,</span> <span class='ocrx_word' id='word_1_440' title='bbox 3392 1628 3410 1660; x_wconf 72' lang='grc' dir='ltr'><strong>ι</strong></span> <span class='ocrx_word' id='word_1_441' title='bbox 3432 1608 3653 1680; x_wconf 73' lang='grc' dir='ltr'>εὔδηλον</span> 
     </span>
    </p>
   </div>
   <div class='ocr_carea' id='block_1_62' title="bbox 2077 1698 3654 1771">
    <p class='ocr_par' dir='ltr' id='par_1_62' title="bbox 2077 1698 3654 1771">
     <span class='ocr_line' id='line_1_62' title="bbox 2077 1698 3654 1771; baseline -0.003 -17"><span class='ocrx_word' id='word_1_442' title='bbox 2077 1703 2156 1755; x_wconf 73' lang='grc' dir='ltr'><strong>ὅτι</strong></span> <span class='ocrx_word' id='word_1_443' title='bbox 2185 1702 2251 1755; x_wconf 88' lang='grc' dir='ltr'>δι’</span> <span class='ocrx_word' id='word_1_444' title='bbox 2284 1701 2404 1754; x_wconf 82' lang='grc' dir='ltr'>ὅλου</span> <span class='ocrx_word' id='word_1_445' title='bbox 2438 1703 2500 1755; x_wconf 85' lang='grc' dir='ltr'><strong>τὸ</strong></span> <span class='ocrx_word' id='word_1_446' title='bbox 2526 1701 2685 1771; x_wconf 85' lang='grc' dir='ltr'>μέχρι</span> <span class='ocrx_word' id='word_1_447' title='bbox 2712 1699 2907 1753; x_wconf 89' lang='grc' dir='ltr'>πολλοῦ</span> <span class='ocrx_word' id='word_1_448' title='bbox 2933 1699 3080 1768; x_wconf 83' lang='grc' dir='ltr'>λέγει</span> <span class='ocrx_word' id='word_1_449' title='bbox 3098 1717 3114 1730; x_wconf 87' lang='grc'><strong>·</strong></span> <span class='ocrx_word' id='word_1_450' title='bbox 3146 1701 3207 1752; x_wconf 83' lang='grc' dir='ltr'><strong>οὐ</strong></span> <span class='ocrx_word' id='word_1_451' title='bbox 3232 1698 3339 1768; x_wconf 81' lang='grc' dir='ltr'>γὰρ</span> <span class='ocrx_word' id='word_1_452' title='bbox 3359 1698 3552 1768; x_wconf 84' lang='grc' dir='ltr'>ἄδηλον</span> <span class='ocrx_word' id='word_1_453' title='bbox 3577 1698 3654 1761; x_wconf 83' lang='grc' dir='ltr'><strong>ῶς</strong></span> 
     </span>
    </p>
   </div>
   <div class='ocr_carea' id='block_1_63' title="bbox 2078 1788 3655 1863">
    <p class='ocr_par' dir='ltr' id='par_1_63' title="bbox 2078 1788 3655 1863">
     <span class='ocr_line' id='line_1_63' title="bbox 2078 1788 3655 1863; baseline -0.004 -17"><span class='ocrx_word' id='word_1_454' title='bbox 2078 1793 2323 1859; x_wconf 77' lang='grc' dir='ltr'>ἐδέξαντο</span> <span class='ocrx_word' id='word_1_455' title='bbox 2360 1794 2457 1863; x_wconf 87' lang='grc' dir='ltr'><strong>μέν</strong></span> <span class='ocrx_word' id='word_1_456' title='bbox 2480 1791 2793 1863; x_wconf 27' lang='grc' dir='ltr'>τιναλπάλιν</span> <span class='ocrx_word' id='word_1_457' title='bbox 2830 1789 2922 1843; x_wconf 74' lang='grc' dir='ltr'>ἐπὶ</span> <span class='ocrx_word' id='word_1_458' title='bbox 2947 1789 3055 1842; x_wconf 90' lang='grc' dir='ltr'><strong>τῶν</strong></span> <span class='ocrx_word' id='word_1_459' title='bbox 3084 1788 3459 1843; x_wconf 80' lang='grc' dir='ltr'>Μακκαὸαίων</span> <span class='ocrx_word' id='word_1_460' title='bbox 3488 1804 3655 1857; x_wconf 88' lang='grc' dir='ltr'>μετα-</span> 
     </span>
    </p>
   </div>
   <div class='ocr_carea' id='block_1_64' title="bbox 2074 1878 3756 1957">
    <p class='ocr_par' dir='ltr' id='par_1_64' title="bbox 2074 1878 3756 1957">
     <span class='ocr_line' id='line_1_64' title="bbox 2074 1878 3756 1957; baseline -0.005 -18"><span class='ocrx_word' id='word_1_461' title='bbox 2074 1885 2254 1957; x_wconf 76' lang='grc' dir='ltr'>ϐολὴν,</span> <span class='ocrx_word' id='word_1_462' title='bbox 2308 1885 2569 1956; x_wconf 87' lang='grc' dir='ltr'>μεγίστην</span> <span class='ocrx_word' id='word_1_463' title='bbox 2606 1884 2664 1937; x_wconf 83' lang='grc' dir='ltr'>δὲ</span> <span class='ocrx_word' id='word_1_464' title='bbox 2710 1883 2806 1936; x_wconf 70' lang='grc' dir='ltr'><strong>καὶ</strong></span> <span class='ocrx_word' id='word_1_465' title='bbox 2845 1882 3170 1951; x_wconf 84' lang='grc' dir='ltr'>ἀδιόρθωτον</span> <span class='ocrx_word' id='word_1_466' title='bbox 3206 1878 3506 1943; x_wconf 80' lang='grc' dir='ltr'>παντελῶς,</span> <span class='ocrx_word' id='word_1_467' title='bbox 3563 1878 3653 1932; x_wconf 82' lang='grc' dir='ltr'>ὅτε</span> <span class='ocrx_word' id='word_1_468' title='bbox 3744 1908 3756 1915; x_wconf 85' lang='grc'><strong>-</strong></span> 
     </span>
    </p>
   </div>
   <div class='ocr_carea' id='block_1_65' title="bbox 2072 1965 3655 2043">
    <p class='ocr_par' dir='ltr' id='par_1_65' title="bbox 2072 1965 3655 2043">
     <span class='ocr_line' id='line_1_65' title="bbox 2072 1965 3655 2043; baseline -0.006 -15"><span class='ocrx_word' id='word_1_469' title='bbox 2072 1974 2214 2028; x_wconf 87' lang='grc' dir='ltr'><strong>κατά</strong></span> <span class='ocrx_word' id='word_1_470' title='bbox 2242 1974 2335 2027; x_wconf 90' lang='grc' dir='ltr'><strong>τοῦ</strong></span> <span class='ocrx_word' id='word_1_471' title='bbox 2364 1973 2632 2027; x_wconf 84' lang='grc' dir='ltr'>Δεσπότου</span> <span class='ocrx_word' id='word_1_472' title='bbox 2677 1970 2914 2043; x_wconf 82' lang='grc' dir='ltr'>Χριστοῦ</span> <span class='ocrx_word' id='word_1_473' title='bbox 2954 1969 3366 2041; x_wconf 82' lang='grc' dir='ltr'>τετολμηκότες,</span> <span class='ocrx_word' id='word_1_474' title='bbox 3396 1968 3495 2039; x_wconf 82' lang='grc' dir='ltr'>τὴν</span> <span class='ocrx_word' id='word_1_475' title='bbox 3548 1965 3655 2019; x_wconf 78' lang='grc' dir='ltr'><strong>ὑπὸ</strong></span> 
     </span>
    </p>
   </div>
   <div class='ocr_carea' id='block_1_66' title="bbox 2082 2061 3655 2136">
    <p class='ocr_par' dir='ltr' id='par_1_66' title="bbox 2082 2061 3655 2136">
     <span class='ocr_line' id='line_1_66' title="bbox 2082 2061 3655 2136; baseline -0.005 -17"><span class='ocrx_word' id='word_1_476' title='bbox 2082 2065 2367 2136; x_wconf 85' lang='grc' dir='ltr'>Ῥωμαίων</span> <span class='ocrx_word' id='word_1_477' title='bbox 2392 2065 2688 2135; x_wconf 85' lang='grc' dir='ltr'>ὑπέμειναν</span> <span class='ocrx_word' id='word_1_478' title='bbox 2721 2062 3096 2135; x_wconf 74' lang='grc' dir='ltr'>αἰχμαλωσίαν</span> <span class='ocrx_word' id='word_1_479' title='bbox 3126 2061 3425 2124; x_wconf 87' lang='grc' dir='ltr'>παντελῶς,</span> <span class='ocrx_word' id='word_1_480' title='bbox 3465 2062 3566 2130; x_wconf 66' lang='grc' dir='ltr'>τῆς</span> <span class='ocrx_word' id='word_1_481' title='bbox 3592 2076 3655 2112; x_wconf 91' lang='grc' dir='ltr'><strong>τε</strong></span> 
     </span>
    </p>
   </div>
   <div class='ocr_carea' id='block_1_67' title="bbox 2071 2152 3654 2229">
    <p class='ocr_par' dir='ltr' id='par_1_67' title="bbox 2071 2152 3654 2229">
     <span class='ocr_line' id='line_1_67' title="bbox 2071 2152 3654 2229; baseline -0.003 -19"><span class='ocrx_word' id='word_1_482' title='bbox 2071 2160 2173 2228; x_wconf 79' lang='grc' dir='ltr'>γῆς</span> <span class='ocrx_word' id='word_1_483' title='bbox 2191 2157 2556 2229; x_wconf 82' lang='grc' dir='ltr'>ἐξορισθέντες</span> <span class='ocrx_word' id='word_1_484' title='bbox 2576 2157 2673 2226; x_wconf 77' lang='grc' dir='ltr'>τῆς</span> <span class='ocrx_word' id='word_1_485' title='bbox 2689 2157 2914 2221; x_wconf 85' lang='grc' dir='ltr'>οἰκείας,</span> <span class='ocrx_word' id='word_1_486' title='bbox 2943 2156 3039 2210; x_wconf 84' lang='grc' dir='ltr'><strong>καί</strong></span> <span class='ocrx_word' id='word_1_487' title='bbox 3063 2159 3120 2208; x_wconf 87' lang='grc' dir='ltr'>ὲν</span> <span class='ocrx_word' id='word_1_488' title='bbox 3139 2153 3348 2226; x_wconf 73' lang='grc' dir='ltr'>δουλείᾳ</span> <span class='ocrx_word' id='word_1_489' title='bbox 3376 2152 3654 2207; x_wconf 83' lang='grc' dir='ltr'>καθεστῶ-</span> 
     </span>
    </p>
   </div>
   <div class='ocr_carea' id='block_1_68' title="bbox 2070 2243 3656 2322">
    <p class='ocr_par' dir='ltr' id='par_1_68' title="bbox 2070 2243 3656 2322">
     <span class='ocr_line' id='line_1_68' title="bbox 2070 2243 3656 2322; baseline -0.006 -17"><span class='ocrx_word' id='word_1_490' title='bbox 2070 2269 2157 2314; x_wconf 87' lang='grc' dir='ltr'><strong>τες</strong></span> <span class='ocrx_word' id='word_1_491' title='bbox 2181 2252 2369 2322; x_wconf 80' lang='grc' dir='ltr'>μακρᾷ</span> <span class='ocrx_word' id='word_1_492' title='bbox 2387 2267 2400 2280; x_wconf 75' lang='grc' dir='ltr'><strong><em>ο</em></strong></span> <span class='ocrx_word' id='word_1_493' title='bbox 2430 2250 2589 2320; x_wconf 82' lang='grc' dir='ltr'>μέχρι</span> <span class='ocrx_word' id='word_1_494' title='bbox 2612 2249 2669 2302; x_wconf 83' lang='grc' dir='ltr'><strong>δέ</strong></span> <span class='ocrx_word' id='word_1_495' title='bbox 2684 2248 2873 2302; x_wconf 87' lang='grc' dir='ltr'>τούτου</span> <span class='ocrx_word' id='word_1_496' title='bbox 2902 2246 2998 2318; x_wconf 79' lang='grc' dir='ltr'>τὴν</span> <span class='ocrx_word' id='word_1_497' title='bbox 3017 2246 3125 2299; x_wconf 82' lang='grc' dir='ltr'><strong>ἀπὸ</strong></span> <span class='ocrx_word' id='word_1_498' title='bbox 3158 2245 3475 2308; x_wconf 74' lang='grc' dir='ltr'>Βαϐυλῶνος</span> <span class='ocrx_word' id='word_1_499' title='bbox 3496 2243 3656 2298; x_wconf 87' lang='grc' dir='ltr'>ἐπάν-</span> 
     </span>
    </p>
   </div>
   <div class='ocr_carea' id='block_1_69' title="bbox 2077 2336 3651 2410">
    <p class='ocr_par' dir='ltr' id='par_1_69' title="bbox 2077 2336 3651 2410">
     <span class='ocr_line' id='line_1_69' title="bbox 2077 2336 3651 2410; baseline -0.004 -15"><span class='ocrx_word' id='word_1_500' title='bbox 2077 2343 2195 2396; x_wconf 86' lang='grc' dir='ltr'>οδον</span> <span class='ocrx_word' id='word_1_501' title='bbox 2244 2342 2390 2410; x_wconf 86' lang='grc' dir='ltr'>λέγει</span> <span class='ocrx_word' id='word_1_502' title='bbox 2422 2338 2515 2394; x_wconf 89' lang='grc' dir='ltr'><strong>τοῦ</strong></span> <span class='ocrx_word' id='word_1_503' title='bbox 2556 2340 2706 2406; x_wconf 87' lang='grc' dir='ltr'>λαοῦ,</span> <span class='ocrx_word' id='word_1_504' title='bbox 2734 2339 2803 2394; x_wconf 88' lang='grc' dir='ltr'><strong>τά</strong></span> <span class='ocrx_word' id='word_1_505' title='bbox 2831 2357 2888 2392; x_wconf 92' lang='grc' dir='ltr'><strong>τε</strong></span> <span class='ocrx_word' id='word_1_506' title='bbox 2942 2338 3061 2392; x_wconf 81' lang='grc' dir='ltr'>κατ’</span> <span class='ocrx_word' id='word_1_507' title='bbox 3098 2340 3301 2391; x_wconf 88' lang='grc' dir='ltr'>ἐκεῖνον</span> <span class='ocrx_word' id='word_1_508' title='bbox 3332 2337 3422 2391; x_wconf 83' lang='grc' dir='ltr'><strong>τὸν</strong></span> <span class='ocrx_word' id='word_1_509' title='bbox 3458 2336 3651 2407; x_wconf 76' lang='grc' dir='ltr'>καιρὸν</span> 
     </span>
    </p>
   </div>
   <div class='ocr_carea' id='block_1_70' title="bbox 2070 2428 3655 2505">
    <p class='ocr_par' dir='ltr' id='par_1_70' title="bbox 2070 2428 3655 2505">
     <span class='ocr_line' id='line_1_70' title="bbox 2070 2428 3655 2505; baseline -0.006 -17"><span class='ocrx_word' id='word_1_510' title='bbox 2070 2436 2250 2498; x_wconf 80' lang='grc' dir='ltr'>αὐτοῖς</span> <span class='ocrx_word' id='word_1_511' title='bbox 2276 2434 2652 2505; x_wconf 87' lang='grc' dir='ltr'>προσεσόμενα</span> <span class='ocrx_word' id='word_1_512' title='bbox 2681 2431 2880 2500; x_wconf 88' lang='grc' dir='ltr'>ἀγαθά.</span> <span class='ocrx_word' id='word_1_513' title='bbox 2938 2429 3216 2485; x_wconf 84' lang='grc' dir='ltr'>Ἐντεῦθεν</span> <span class='ocrx_word' id='word_1_514' title='bbox 3256 2430 3311 2482; x_wconf 78' lang='grc' dir='ltr'><strong>δὲ</strong></span> <span class='ocrx_word' id='word_1_515' title='bbox 3358 2429 3518 2483; x_wconf 87' lang='grc' dir='ltr'>πάλιν</span> <span class='ocrx_word' id='word_1_516' title='bbox 3544 2428 3655 2481; x_wconf 90' lang='grc' dir='ltr'><strong>τῶν</strong></span> 
     </span>
    </p>
   </div>
   <div class='ocr_carea' id='block_1_71' title="bbox 2070 2520 3657 2597">
    <p class='ocr_par' dir='ltr' id='par_1_71' title="bbox 2070 2520 3657 2597">
     <span class='ocr_line' id='line_1_71' title="bbox 2070 2520 3657 2597; baseline -0.004 -18"><span class='ocrx_word' id='word_1_517' title='bbox 2070 2524 2329 2597; x_wconf 80' lang='grc' dir='ltr'>λυπηρῶν</span> <span class='ocrx_word' id='word_1_518' title='bbox 2378 2527 2609 2578; x_wconf 88' lang='grc' dir='ltr'>ποιεῖται</span> <span class='ocrx_word' id='word_1_519' title='bbox 2664 2524 2761 2595; x_wconf 76' lang='grc' dir='ltr'><strong>τὴν</strong></span> <span class='ocrx_word' id='word_1_520' title='bbox 2803 2523 3059 2594; x_wconf 83' lang='grc' dir='ltr'>μνήμην,</span> <span class='ocrx_word' id='word_1_521' title='bbox 3093 2522 3192 2585; x_wconf 77' lang='grc' dir='ltr'>τὰς</span> <span class='ocrx_word' id='word_1_522' title='bbox 3223 2520 3657 2591; x_wconf 83' lang='grc' dir='ltr'>ἐπελευσομένας</span> 
     </span>
    </p>
   </div>
   <div class='ocr_carea' id='block_1_72' title="bbox 2071 2596 3657 2687">
    <p class='ocr_par' dir='ltr' id='par_1_72' title="bbox 2071 2596 3657 2687">
     <span class='ocr_line' id='line_1_72' title="bbox 2071 2596 3657 2687; baseline -0.004 -18"><span class='ocrx_word' id='word_1_523' title='bbox 2071 2596 2254 2679; x_wconf 70' lang='grc' dir='ltr'>αὐτοῖς</span> <span class='ocrx_word' id='word_1_524' title='bbox 2299 2614 2580 2687; x_wconf 74' lang='grc' dir='ltr'>συμφορὰς</span> <span class='ocrx_word' id='word_1_525' title='bbox 2636 2613 3025 2685; x_wconf 83' lang='grc' dir='ltr'>διηγούμενος·</span> <span class='ocrx_word' id='word_1_526' title='bbox 3089 2612 3209 2666; x_wconf 78' lang='grc' dir='ltr'>ὅθεν</span> <span class='ocrx_word' id='word_1_527' title='bbox 3263 2612 3326 2683; x_wconf 79' lang='grc' dir='ltr'>δὴ</span> <span class='ocrx_word' id='word_1_528' title='bbox 3366 2596 3500 2682; x_wconf 74' lang='grc' dir='ltr'>πρὸς</span> <span class='ocrx_word' id='word_1_529' title='bbox 3553 2611 3657 2682; x_wconf 79' lang='grc' dir='ltr'>τὴν</span> 
     </span>
    </p>
   </div>
   <div class='ocr_carea' id='block_1_73' title="bbox 2081 2702 3652 2779">
    <p class='ocr_par' dir='ltr' id='par_1_73' title="bbox 2081 2702 3652 2779">
     <span class='ocr_line' id='line_1_73' title="bbox 2081 2702 3652 2779; baseline -0.005 -18"><span class='ocrx_word' id='word_1_530' title='bbox 2081 2707 2433 2779; x_wconf 72' lang='grc' dir='ltr'>Ἰερουσαλὴμ</span> <span class='ocrx_word' id='word_1_531' title='bbox 2459 2706 2624 2777; x_wconf 72' lang='grc' dir='ltr'>αὐτὴν</span> <span class='ocrx_word' id='word_1_532' title='bbox 2643 2706 3003 2777; x_wconf 78' lang='grc' dir='ltr'>ἀποστρέφων</span> <span class='ocrx_word' id='word_1_533' title='bbox 3026 2704 3303 2773; x_wconf 79' lang='grc' dir='ltr'>τὸνλόγον,</span> <span class='ocrx_word' id='word_1_534' title='bbox 3323 2702 3464 2756; x_wconf 84' lang='grc' dir='ltr'>οῦτω</span> <span class='ocrx_word' id='word_1_535' title='bbox 3482 2702 3617 2771; x_wconf 76' lang='grc' dir='ltr'><strong>φησί</strong></span> <span class='ocrx_word' id='word_1_536' title='bbox 3639 2718 3652 2730; x_wconf 75' lang='grc'><strong><em>⁸</em></strong></span> 
     </span>
    </p>
   </div>
   <div class='ocr_carea' id='block_1_74' title="bbox 2077 2792 3648 2867">
    <p class='ocr_par' dir='ltr' id='par_1_74' title="bbox 2077 2792 3648 2867">
     <span class='ocr_line' id='line_1_74' title="bbox 2077 2792 3648 2867; baseline -0.001 -20"><span class='ocrx_word' id='word_1_537' title='bbox 2077 2816 2094 2847; x_wconf 85' lang='grc'><em>‹</em></span> <span class='ocrx_word' id='word_1_538' title='bbox 2136 2798 2243 2850; x_wconf 73' lang='grc' dir='ltr'>Καὶ</span> <span class='ocrx_word' id='word_1_539' title='bbox 2263 2798 2325 2849; x_wconf 76' lang='grc' dir='ltr'><strong>σὺ</strong></span> <span class='ocrx_word' id='word_1_540' title='bbox 2350 2797 2556 2867; x_wconf 80' lang='grc' dir='ltr'>πύργος</span> <span class='ocrx_word' id='word_1_541' title='bbox 2583 2796 2853 2866; x_wconf 88' lang='grc' dir='ltr'>ποιμνίου,</span> <span class='ocrx_word' id='word_1_542' title='bbox 2883 2794 3172 2866; x_wconf 78' lang='grc' dir='ltr'>αὐχμώδης</span> <span class='ocrx_word' id='word_1_543' title='bbox 3191 2793 3433 2864; x_wconf 80' lang='grc' dir='ltr'>θυγάτηρ</span> <span class='ocrx_word' id='word_1_544' title='bbox 3455 2792 3648 2848; x_wconf 73' lang='grc' dir='ltr'><strong>Σιών.»</strong></span> 
     </span>
    </p>
   </div>
   <div class='ocr_carea' id='block_1_75' title="bbox 2073 2884 3652 2959">
    <p class='ocr_par' dir='ltr' id='par_1_75' title="bbox 2073 2884 3652 2959">
     <span class='ocr_line' id='line_1_75' title="bbox 2073 2884 3652 2959; baseline -0.003 -19"><span class='ocrx_word' id='word_1_545' title='bbox 2073 2887 2194 2942; x_wconf 82' lang='grc' dir='ltr'>’Ὁτι</span> <span class='ocrx_word' id='word_1_546' title='bbox 2225 2888 2469 2959; x_wconf 76' lang='grc' dir='ltr'>θυγάτηρ</span> <span class='ocrx_word' id='word_1_547' title='bbox 2500 2888 2635 2940; x_wconf 85' lang='grc' dir='ltr'>Σιὼν</span> <span class='ocrx_word' id='word_1_548' title='bbox 2653 2888 2751 2958; x_wconf 79' lang='grc' dir='ltr'>τὴν</span> <span class='ocrx_word' id='word_1_549' title='bbox 2792 2885 3140 2957; x_wconf 74' lang='grc' dir='ltr'>Ἰερουσαλὴμ</span> <span class='ocrx_word' id='word_1_550' title='bbox 3163 2884 3439 2956; x_wconf 78' lang='grc' dir='ltr'>ὀνομάζει,</span> <span class='ocrx_word' id='word_1_551' title='bbox 3471 2884 3652 2954; x_wconf 77' lang='grc' dir='ltr'>δῆλον,</span> 
     </span>
    </p>
   </div>
   <div class='ocr_carea' id='block_1_76' title="bbox 2071 2971 3659 3048">
    <p class='ocr_par' dir='ltr' id='par_1_76' title="bbox 2071 2971 3659 3048">
     <span class='ocr_line' id='line_1_76' title="bbox 2071 2971 3659 3048; baseline -0.004 -18"><span class='ocrx_word' id='word_1_552' title='bbox 2071 2981 2312 3048; x_wconf 85' lang='grc' dir='ltr'>συνεχῶς</span> <span class='ocrx_word' id='word_1_553' title='bbox 2353 2980 2446 3031; x_wconf 73' lang='grc' dir='ltr'>καὶ</span> <span class='ocrx_word' id='word_1_554' title='bbox 2474 2977 2582 3029; x_wconf 88' lang='grc' dir='ltr'><strong>τῶν</strong></span> <span class='ocrx_word' id='word_1_555' title='bbox 2606 2976 2898 3047; x_wconf 65' lang='grc' dir='ltr'>προφητῶν</span> <span class='ocrx_word' id='word_1_556' title='bbox 2933 2975 3026 3029; x_wconf 75' lang='grc' dir='ltr'><strong>καὶ</strong></span> <span class='ocrx_word' id='word_1_557' title='bbox 3058 2973 3152 3027; x_wconf 88' lang='grc' dir='ltr'><strong>τοῦ</strong></span> <span class='ocrx_word' id='word_1_558' title='bbox 3198 2973 3462 3045; x_wconf 85' lang='grc' dir='ltr'>μακαρίου</span> <span class='ocrx_word' id='word_1_559' title='bbox 3490 2971 3659 3026; x_wconf 78' lang='grc' dir='ltr'>Δαυτδ</span> 
     </span>
    </p>
   </div>
   <div class='ocr_carea' id='block_1_77' title="bbox 2069 3063 3659 3136">
    <p class='ocr_par' dir='ltr' id='par_1_77' title="bbox 2069 3063 3659 3136">
     <span class='ocr_line' id='line_1_77' title="bbox 2069 3063 3659 3136; baseline -0.003 -15"><span class='ocrx_word' id='word_1_560' title='bbox 2069 3066 2241 3131; x_wconf 69' lang='grc' dir='ltr'>οὕτως</span> <span class='ocrx_word' id='word_1_561' title='bbox 2265 3066 2430 3135; x_wconf 77' lang='grc' dir='ltr'>αὐτὴν</span> <span class='ocrx_word' id='word_1_562' title='bbox 2465 3066 2757 3130; x_wconf 77' lang='grc' dir='ltr'>καλοῦντος</span> <span class='ocrx_word' id='word_1_563' title='bbox 2777 3084 2789 3097; x_wconf 88' lang='grc'><strong>·</strong></span> <span class='ocrx_word' id='word_1_564' title='bbox 2816 3066 2891 3129; x_wconf 80' lang='grc' dir='ltr'>ὡς</span> <span class='ocrx_word' id='word_1_565' title='bbox 2913 3065 2989 3119; x_wconf 83' lang='grc' dir='ltr'><strong>ὅτ’</strong></span> <span class='ocrx_word' id='word_1_566' title='bbox 3020 3064 3085 3118; x_wconf 84' lang='grc' dir='ltr'>ἂν</span> <span class='ocrx_word' id='word_1_567' title='bbox 3113 3064 3244 3136; x_wconf 79' lang='grc' dir='ltr'>λέγῃ</span> <span class='ocrx_word' id='word_1_568' title='bbox 3269 3083 3282 3097; x_wconf 92' lang='grc'><strong>·</strong></span> <span class='ocrx_word' id='word_1_569' title='bbox 3312 3084 3330 3115; x_wconf 75' lang='grc' dir='ltr'><strong>ι</strong></span> <span class='ocrx_word' id='word_1_570' title='bbox 3366 3064 3555 3129; x_wconf 84' lang='grc' dir='ltr'>Ὅπως</span> <span class='ocrx_word' id='word_1_571' title='bbox 3586 3063 3659 3117; x_wconf 83' lang='grc' dir='ltr'>ἂν</span> 
     </span>
    </p>
   </div>
   <div class='ocr_carea' id='block_1_78' title="bbox 2072 3154 3659 3226">
    <p class='ocr_par' dir='ltr' id='par_1_78' title="bbox 2072 3154 3659 3226">
     <span class='ocr_line' id='line_1_78' title="bbox 2072 3154 3659 3226; baseline -0.001 -17"><span class='ocrx_word' id='word_1_572' title='bbox 2072 3157 2370 3226; x_wconf 82' lang='grc' dir='ltr'>ἐξαγγείλω</span> <span class='ocrx_word' id='word_1_573' title='bbox 2425 3157 2604 3220; x_wconf 88' lang='grc' dir='ltr'>πάσας</span> <span class='ocrx_word' id='word_1_574' title='bbox 2651 3157 2750 3220; x_wconf 82' lang='grc' dir='ltr'>τὰς</span> <span class='ocrx_word' id='word_1_575' title='bbox 2807 3155 3038 3218; x_wconf 83' lang='grc' dir='ltr'>αἰνέσεις</span> <span class='ocrx_word' id='word_1_576' title='bbox 3080 3173 3197 3218; x_wconf 92' lang='grc' dir='ltr'>σου,</span> <span class='ocrx_word' id='word_1_577' title='bbox 3233 3156 3289 3207; x_wconf 88' lang='grc' dir='ltr'><strong>ἐν</strong></span> <span class='ocrx_word' id='word_1_578' title='bbox 3309 3155 3427 3218; x_wconf 88' lang='grc' dir='ltr'>ταῖς</span> <span class='ocrx_word' id='word_1_579' title='bbox 3455 3154 3659 3218; x_wconf 81' lang='grc' dir='ltr'>πύλαις</span> 
     </span>
    </p>
   </div>
   <div class='ocr_carea' id='block_1_79' title="bbox 2070 3242 3658 3320">
    <p class='ocr_par' dir='ltr' id='par_1_79' title="bbox 2070 3242 3658 3320">
     <span class='ocr_line' id='line_1_79' title="bbox 2070 3242 3658 3320; baseline -0.003 -19"><span class='ocrx_word' id='word_1_580' title='bbox 2070 3250 2167 3320; x_wconf 78' lang='grc' dir='ltr'><strong>τῆς</strong></span> <span class='ocrx_word' id='word_1_581' title='bbox 2187 3248 2454 3320; x_wconf 79' lang='grc' dir='ltr'>θυγατρὸς</span> <span class='ocrx_word' id='word_1_582' title='bbox 2478 3247 2616 3301; x_wconf 80' lang='grc' dir='ltr'>Σιών</span> <span class='ocrx_word' id='word_1_583' title='bbox 2632 3264 2645 3277; x_wconf 91' lang='grc'><strong>·</strong></span> <span class='ocrx_word' id='word_1_584' title='bbox 2661 3268 2678 3299; x_wconf 72' lang='grc' dir='ltr'><strong>ι</strong></span> <span class='ocrx_word' id='word_1_585' title='bbox 2712 3248 2786 3310; x_wconf 85' lang='grc' dir='ltr'>ὼς</span> <span class='ocrx_word' id='word_1_586' title='bbox 2802 3248 2902 3301; x_wconf 89' lang='grc' dir='ltr'><strong>ἀνα</strong></span> <span class='ocrx_word' id='word_1_587' title='bbox 2911 3246 3167 3319; x_wconf 71' lang='grc' dir='ltr'>μφίϐολον</span> <span class='ocrx_word' id='word_1_588' title='bbox 3187 3242 3323 3300; x_wconf 73' lang='grc' dir='ltr'>εἶναι</span> <span class='ocrx_word' id='word_1_589' title='bbox 3347 3247 3406 3300; x_wconf 85' lang='lat' dir='ltr'><strong>rb</strong></span> <span class='ocrx_word' id='word_1_590' title='bbox 3425 3248 3497 3317; x_wconf 81' lang='grc' dir='ltr'>μὴ</span> <span class='ocrx_word' id='word_1_591' title='bbox 3515 3245 3658 3317; x_wconf 79' lang='grc' dir='ltr'>πρὸς</span> 
     </span>
    </p>
   </div>
   <div class='ocr_carea' id='block_1_80' title="bbox 2070 3322 3718 3409">
    <p class='ocr_par' dir='ltr' id='par_1_80' title="bbox 2070 3322 3718 3409">
     <span class='ocr_line' id='line_1_80' title="bbox 2070 3322 3718 3409; baseline -0.003 -15"><span class='ocrx_word' id='word_1_592' title='bbox 2070 3340 2341 3402; x_wconf 86' lang='grc' dir='ltr'>Σεδεκίαν,</span> <span class='ocrx_word' id='word_1_593' title='bbox 2368 3340 2395 3394; x_wconf 87' lang='grc' dir='ltr'><strong>ὃ</strong></span> <span class='ocrx_word' id='word_1_594' title='bbox 2415 3357 2556 3403; x_wconf 88' lang='grc' dir='ltr'>τινες</span> <span class='ocrx_word' id='word_1_595' title='bbox 2581 3339 2680 3393; x_wconf 77' lang='grc' dir='ltr'><strong>οὐκ</strong></span> <span class='ocrx_word' id='word_1_596' title='bbox 2701 3333 2798 3392; x_wconf 75' lang='grc' dir='ltr'>οἶδ’</span> <span class='ocrx_word' id='word_1_597' title='bbox 2823 3340 2969 3402; x_wconf 82' lang='grc' dir='ltr'>ὅπως</span> <span class='ocrx_word' id='word_1_598' title='bbox 2997 3338 3273 3409; x_wconf 77' lang='grc' dir='ltr'>ᾠήθησαν,</span> <span class='ocrx_word' id='word_1_599' title='bbox 3301 3337 3436 3409; x_wconf 78' lang='grc' dir='ltr'>πρὸς</span> <span class='ocrx_word' id='word_1_600' title='bbox 3465 3336 3524 3389; x_wconf 80' lang='grc' dir='ltr'>δὲ</span> <span class='ocrx_word' id='word_1_601' title='bbox 3551 3336 3655 3407; x_wconf 81' lang='grc' dir='ltr'>τὴν</span> <span class='ocrx_word' id='word_1_602' title='bbox 3714 3322 3718 3326; x_wconf 47' lang='grc'><em>’</em></span> 
     </span>
    </p>
   </div>
   <div class='ocr_carea' id='block_1_81' title="bbox 2080 3425 3656 3501">
    <p class='ocr_par' dir='ltr' id='par_1_81' title="bbox 2080 3425 3656 3501">
     <span class='ocr_line' id='line_1_81' title="bbox 2080 3425 3656 3501; baseline -0.002 -18"><span class='ocrx_word' id='word_1_603' title='bbox 2080 3430 2438 3501; x_wconf 73' lang='grc' dir='ltr'>Ἰερουσαλὴμ</span> <span class='ocrx_word' id='word_1_604' title='bbox 2472 3428 2882 3500; x_wconf 83' lang='grc' dir='ltr'>ἀποστρέφοντα</span> <span class='ocrx_word' id='word_1_605' title='bbox 2938 3427 3205 3480; x_wconf 87' lang='grc' dir='ltr'>ποιεῖσθαι</span> <span class='ocrx_word' id='word_1_606' title='bbox 3237 3427 3328 3480; x_wconf 77' lang='grc' dir='ltr'>τὸν</span> <span class='ocrx_word' id='word_1_607' title='bbox 3374 3426 3529 3494; x_wconf 88' lang='grc' dir='ltr'>λόγον</span> <span class='ocrx_word' id='word_1_608' title='bbox 3562 3425 3656 3480; x_wconf 83' lang='grc' dir='ltr'>ἐν-</span> 
     </span>
    </p>
   </div>
   <div class='ocr_carea' id='block_1_82' title="bbox 2070 3517 3655 3592">
    <p class='ocr_par' dir='ltr' id='par_1_82' title="bbox 2070 3517 3655 3592">
     <span class='ocr_line' id='line_1_82' title="bbox 2070 3517 3655 3592; baseline -0.005 -15"><span class='ocrx_word' id='word_1_609' title='bbox 2070 3523 2196 3577; x_wconf 79' lang='grc' dir='ltr'>θάδε</span> <span class='ocrx_word' id='word_1_610' title='bbox 2217 3522 2311 3575; x_wconf 77' lang='grc' dir='ltr'><strong>τὸν</strong></span> <span class='ocrx_word' id='word_1_611' title='bbox 2340 3522 2625 3592; x_wconf 79' lang='grc' dir='ltr'>προφήτην</span> <span class='ocrx_word' id='word_1_612' title='bbox 2648 3537 2662 3550; x_wconf 78' lang='grc' dir='ltr'><strong>ο</strong></span> <span class='ocrx_word' id='word_1_613' title='bbox 2699 3524 2771 3591; x_wconf 86' lang='lat' dir='ltr'><strong>(p.</strong></span> <span class='ocrx_word' id='word_1_614' title='bbox 2803 3519 2930 3588; x_wconf 72' lang='lat'><strong>287)</strong></span> <span class='ocrx_word' id='word_1_615' title='bbox 2963 3520 3028 3589; x_wconf 77' lang='grc' dir='ltr'>ἢν</span> <span class='ocrx_word' id='word_1_616' title='bbox 3059 3518 3333 3591; x_wconf 85' lang='grc' dir='ltr'>θυγατέρα</span> <span class='ocrx_word' id='word_1_617' title='bbox 3354 3517 3491 3571; x_wconf 88' lang='grc' dir='ltr'>Σιὼν</span> <span class='ocrx_word' id='word_1_618' title='bbox 3505 3517 3655 3570; x_wconf 83' lang='grc' dir='ltr'><strong>κατά</strong></span> 
     </span>
    </p>
   </div>
   <div class='ocr_carea' id='block_1_83' title="bbox 2067 3608 3652 3686">
    <p class='ocr_par' dir='ltr' id='par_1_83' title="bbox 2067 3608 3652 3686">
     <span class='ocr_line' id='line_1_83' title="bbox 2067 3608 3652 3686; baseline -0.002 -19"><span class='ocrx_word' id='word_1_619' title='bbox 2067 3615 2133 3686; x_wconf 75' lang='lat' dir='ltr'><strong>rb</strong></span> <span class='ocrx_word' id='word_1_620' title='bbox 2180 3612 2370 3676; x_wconf 83' lang='grc' dir='ltr'>εἰωθὸς</span> <span class='ocrx_word' id='word_1_621' title='bbox 2423 3610 2723 3684; x_wconf 85' lang='grc' dir='ltr'>προειπὼν,</span> <span class='ocrx_word' id='word_1_622' title='bbox 2759 3610 2981 3675; x_wconf 82' lang='grc' dir='ltr'>εἰκότως</span> <span class='ocrx_word' id='word_1_623' title='bbox 3025 3610 3233 3683; x_wconf 91' lang='grc' dir='ltr'>πύργον</span> <span class='ocrx_word' id='word_1_624' title='bbox 3265 3609 3522 3680; x_wconf 79' lang='grc' dir='ltr'>ὀνομάζει</span> <span class='ocrx_word' id='word_1_625' title='bbox 3549 3608 3652 3664; x_wconf 84' lang='grc' dir='ltr'><strong>τοῦ</strong></span> 
     </span>
    </p>
   </div>
   <div class='ocr_carea' id='block_1_84' title="bbox 2069 3700 3656 3776">
    <p class='ocr_par' dir='ltr' id='par_1_84' title="bbox 2069 3700 3656 3776">
     <span class='ocr_line' id='line_1_84' title="bbox 2069 3700 3656 3776; baseline -0.001 -18"><span class='ocrx_word' id='word_1_626' title='bbox 2069 3705 2350 3776; x_wconf 88' lang='grc' dir='ltr'>ποιμνίου·</span> <span class='ocrx_word' id='word_1_627' title='bbox 2397 3703 2490 3757; x_wconf 70' lang='grc' dir='ltr'>ἅτε</span> <span class='ocrx_word' id='word_1_628' title='bbox 2560 3703 2773 3756; x_wconf 83' lang='grc' dir='ltr'>πάντων</span> <span class='ocrx_word' id='word_1_629' title='bbox 2816 3701 2922 3755; x_wconf 90' lang='grc' dir='ltr'><strong>τῶν</strong></span> <span class='ocrx_word' id='word_1_630' title='bbox 2959 3700 3310 3774; x_wconf 78' lang='grc' dir='ltr'>Ἰσραηλιτῶν</span> <span class='ocrx_word' id='word_1_631' title='bbox 3358 3700 3656 3772; x_wconf 81' lang='grc' dir='ltr'>ἐξέχουσαν</span> 
     </span>
    </p>
   </div>
   <div class='ocr_carea' id='block_1_85' title="bbox 2068 3794 3654 3866">
    <p class='ocr_par' dir='ltr' id='par_1_85' title="bbox 2068 3794 3654 3866">
     <span class='ocr_line' id='line_1_85' title="bbox 2068 3794 3654 3866; baseline -0.003 -15"><span class='ocrx_word' id='word_1_632' title='bbox 2068 3799 2181 3851; x_wconf 66' lang='grc' dir='ltr'>καὶκ</span> <span class='ocrx_word' id='word_1_633' title='bbox 2218 3797 2432 3852; x_wconf 75' lang='grc' dir='ltr'>πάντων</span> <span class='ocrx_word' id='word_1_634' title='bbox 2485 3795 2571 3849; x_wconf 83' lang='grc' dir='ltr'>ἐπ’</span> <span class='ocrx_word' id='word_1_635' title='bbox 2625 3795 2792 3865; x_wconf 84' lang='grc' dir='ltr'>αὐτὴν</span> <span class='ocrx_word' id='word_1_636' title='bbox 2851 3794 3314 3865; x_wconf 78' lang='grc' dir='ltr'>κατατρεχόντων,</span> <span class='ocrx_word' id='word_1_637' title='bbox 3350 3794 3438 3848; x_wconf 85' lang='grc' dir='ltr'><strong>διά</strong></span> <span class='ocrx_word' id='word_1_638' title='bbox 3468 3811 3527 3847; x_wconf 86' lang='grc' dir='ltr'><strong>τε</strong></span> <span class='ocrx_word' id='word_1_639' title='bbox 3548 3794 3654 3866; x_wconf 76' lang='grc' dir='ltr'>τὴν</span> 
     </span>
    </p>
   </div>
   <div class='ocr_carea' id='block_1_86' title="bbox 2067 3884 3655 3960">
    <p class='ocr_par' dir='ltr' id='par_1_86' title="bbox 2067 3884 3655 3960">
     <span class='ocr_line' id='line_1_86' title="bbox 2067 3884 3655 3960; baseline -0.003 -17"><span class='ocrx_word' id='word_1_640' title='bbox 2067 3890 2461 3960; x_wconf 83' lang='grc' dir='ltr'>ἐκτελουμένην</span> <span class='ocrx_word' id='word_1_641' title='bbox 2514 3886 2702 3941; x_wconf 78' lang='grc' dir='ltr'>αὐτόθι</span> <span class='ocrx_word' id='word_1_642' title='bbox 2771 3885 2848 3957; x_wconf 82' lang='grc' dir='ltr'>τῷ</span> <span class='ocrx_word' id='word_1_643' title='bbox 2897 3884 3016 3957; x_wconf 87' lang='grc' dir='ltr'><strong>Θεῷ</strong></span> <span class='ocrx_word' id='word_1_644' title='bbox 3059 3885 3375 3957; x_wconf 84' lang='grc' dir='ltr'>θεραπείαν,</span> <span class='ocrx_word' id='word_1_645' title='bbox 3417 3885 3510 3938; x_wconf 78' lang='grc' dir='ltr'>καὶ</span> <span class='ocrx_word' id='word_1_646' title='bbox 3548 3885 3655 3957; x_wconf 82' lang='grc' dir='ltr'>τὴν</span> 
     </span>
    </p>
   </div>
   <div class='ocr_carea' id='block_1_87' title="bbox 2068 3974 3656 4051">
    <p class='ocr_par' dir='ltr' id='par_1_87' title="bbox 2068 3974 3656 4051">
     <span class='ocr_line' id='line_1_87' title="bbox 2068 3974 3656 4051; baseline -0.002 -17"><span class='ocrx_word' id='word_1_647' title='bbox 2068 3980 2319 4051; x_wconf 76' lang='grc' dir='ltr'>βοήθειαν</span> <span class='ocrx_word' id='word_1_648' title='bbox 2338 3974 2405 4050; x_wconf 81' lang='grc' dir='ltr'>ἧς</span> <span class='ocrx_word' id='word_1_649' title='bbox 2426 3977 2651 4048; x_wconf 77' lang='grc' dir='ltr'>ἤλπιζον</span> <span class='ocrx_word' id='word_1_650' title='bbox 2676 3977 2885 4033; x_wconf 86' lang='grc' dir='ltr'>ἐκεῖθεν</span> <span class='ocrx_word' id='word_1_651' title='bbox 2939 3978 3248 4048; x_wconf 80' lang='grc' dir='ltr'>τυγχάνειν,</span> <span class='ocrx_word' id='word_1_652' title='bbox 3280 3977 3356 4040; x_wconf 86' lang='grc' dir='ltr'>ὡς</span> <span class='ocrx_word' id='word_1_653' title='bbox 3392 3978 3507 4029; x_wconf 86' lang='grc' dir='ltr'>ἐκεῖ</span> <span class='ocrx_word' id='word_1_654' title='bbox 3532 3977 3656 4031; x_wconf 82' lang='grc' dir='ltr'>διά-</span> 
     </span>
    </p>
   </div>
   <div class='ocr_carea' id='block_1_88' title="bbox 2066 4068 3655 4142">
    <p class='ocr_par' dir='ltr' id='par_1_88' title="bbox 2066 4068 3655 4142">
     <span class='ocr_line' id='line_1_88' title="bbox 2066 4068 3655 4142; baseline 0 -19"><span class='ocrx_word' id='word_1_655' title='bbox 2066 4089 2180 4141; x_wconf 86' lang='grc' dir='ltr'>γειν</span> <span class='ocrx_word' id='word_1_656' title='bbox 2202 4070 2606 4140; x_wconf 79' lang='grc' dir='ltr'>ὑπειλημμένον</span> <span class='ocrx_word' id='word_1_657' title='bbox 2629 4069 2721 4122; x_wconf 88' lang='grc' dir='ltr'><strong>τοῦ</strong></span> <span class='ocrx_word' id='word_1_658' title='bbox 2750 4069 2884 4122; x_wconf 84' lang='grc' dir='ltr'>Θεοῦ</span> <span class='ocrx_word' id='word_1_659' title='bbox 2904 4087 2918 4101; x_wconf 68' lang='grc' dir='ltr'>θ</span> <span class='ocrx_word' id='word_1_660' title='bbox 2952 4068 3209 4142; x_wconf 81' lang='grc' dir='ltr'>αὐχμώδη</span> <span class='ocrx_word' id='word_1_661' title='bbox 3238 4070 3293 4123; x_wconf 85' lang='grc' dir='ltr'>δὲ</span> <span class='ocrx_word' id='word_1_662' title='bbox 3322 4070 3492 4141; x_wconf 84' lang='grc' dir='ltr'>αὐτὴν</span> <span class='ocrx_word' id='word_1_663' title='bbox 3507 4071 3655 4125; x_wconf 87' lang='grc' dir='ltr'>ὀνει-</span> 
     </span>
    </p>
   </div>
   <div class='ocr_carea' id='block_1_89' title="bbox 2064 4161 3678 4234">
    <p class='ocr_par' dir='ltr' id='par_1_89' title="bbox 2064 4161 3678 4234">
     <span class='ocr_line' id='line_1_89' title="bbox 2064 4161 3678 4234; baseline 0 -18"><span class='ocrx_word' id='word_1_664' title='bbox 2064 4164 2224 4227; x_wconf 76' lang='grc' dir='ltr'>δίζων</span> <span class='ocrx_word' id='word_1_665' title='bbox 2254 4162 2438 4231; x_wconf 80' lang='grc' dir='ltr'>φησίν,</span> <span class='ocrx_word' id='word_1_666' title='bbox 2459 4162 2533 4224; x_wconf 80' lang='grc' dir='ltr'><strong>ῶς</strong></span> <span class='ocrx_word' id='word_1_667' title='bbox 2570 4161 2723 4231; x_wconf 84' lang='grc' dir='ltr'>δίκην</span> <span class='ocrx_word' id='word_1_668' title='bbox 2749 4162 2958 4231; x_wconf 84' lang='grc' dir='ltr'>αὐχμοῦ</span> <span class='ocrx_word' id='word_1_669' title='bbox 2991 4164 3057 4233; x_wconf 85' lang='grc' dir='ltr'>τῇ</span> <span class='ocrx_word' id='word_1_670' title='bbox 3087 4161 3311 4233; x_wconf 73' lang='grc' dir='ltr'>ἀσεϐείᾳ</span> <span class='ocrx_word' id='word_1_671' title='bbox 3351 4164 3678 4234; x_wconf 81' lang='grc' dir='ltr'>συνεχομέ-⁶</span> 
     </span>
    </p>
   </div>
   <div class='ocr_carea' id='block_1_90' title="bbox 2065 4248 3653 4323">
    <p class='ocr_par' dir='ltr' id='par_1_90' title="bbox 2065 4248 3653 4323">
     <span class='ocr_line' id='line_1_90' title="bbox 2065 4248 3653 4323; baseline -0.001 -17"><span class='ocrx_word' id='word_1_672' title='bbox 2065 4268 2161 4323; x_wconf 88' lang='grc' dir='ltr'><strong>νην</strong></span> <span class='ocrx_word' id='word_1_673' title='bbox 2184 4292 2197 4317; x_wconf 91' lang='grc'><strong>,</strong></span> <span class='ocrx_word' id='word_1_674' title='bbox 2225 4250 2315 4304; x_wconf 72' lang='grc' dir='ltr'><strong>καὶ</strong></span> <span class='ocrx_word' id='word_1_675' title='bbox 2344 4249 2407 4317; x_wconf 85' lang='grc' dir='ltr'>δὴ</span> <span class='ocrx_word' id='word_1_676' title='bbox 2441 4249 2602 4303; x_wconf 77' lang='grc' dir='ltr'>παντὶ</span> <span class='ocrx_word' id='word_1_677' title='bbox 2634 4249 2711 4320; x_wconf 82' lang='grc' dir='ltr'>τῷ</span> <span class='ocrx_word' id='word_1_678' title='bbox 2744 4249 2978 4319; x_wconf 82' lang='grc' dir='ltr'>ποιμνίῳ</span> <span class='ocrx_word' id='word_1_679' title='bbox 3010 4248 3116 4303; x_wconf 90' lang='grc' dir='ltr'><strong>τῶν</strong></span> <span class='ocrx_word' id='word_1_680' title='bbox 3150 4250 3405 4323; x_wconf 78' lang='grc' dir='ltr'>χειρόνων</span> <span class='ocrx_word' id='word_1_681' title='bbox 3435 4252 3653 4320; x_wconf 85' lang='grc' dir='ltr'>κατάρ-</span> 
     </span>
    </p>
   </div>
   <div class='ocr_carea' id='block_1_91' title="bbox 2064 4340 3653 4415">
    <p class='ocr_par' dir='ltr' id='par_1_91' title="bbox 2064 4340 3653 4415">
     <span class='ocr_line' id='line_1_91' title="bbox 2064 4340 3653 4415; baseline 0.002 -20"><span class='ocrx_word' id='word_1_682' title='bbox 2064 4360 2283 4415; x_wconf 90' lang='grc' dir='ltr'>χουσαν,</span> <span class='ocrx_word' id='word_1_683' title='bbox 2306 4342 2425 4395; x_wconf 82' lang='grc' dir='ltr'>δέον</span> <span class='ocrx_word' id='word_1_684' title='bbox 2467 4343 2523 4394; x_wconf 85' lang='grc' dir='ltr'><strong>ἐν</strong></span> <span class='ocrx_word' id='word_1_685' title='bbox 2572 4340 2684 4404; x_wconf 83' lang='grc' dir='ltr'>τοῖς</span> <span class='ocrx_word' id='word_1_686' title='bbox 2725 4342 3028 4413; x_wconf 78' lang='grc' dir='ltr'>κρείττοσιν</span> <span class='ocrx_word' id='word_1_687' title='bbox 3077 4344 3342 4414; x_wconf 78' lang='grc' dir='ltr'>ἡγεῖσθαι.</span> <span class='ocrx_word' id='word_1_688' title='bbox 3375 4363 3395 4396; x_wconf 74' lang='grc' dir='ltr'><strong>ι</strong></span> <span class='ocrx_word' id='word_1_689' title='bbox 3437 4344 3562 4398; x_wconf 78' lang='grc' dir='ltr'><strong>Ἐπὶ</strong></span> <span class='ocrx_word' id='word_1_690' title='bbox 3585 4346 3653 4398; x_wconf 79' lang='grc' dir='ltr'>σὲ</span> 
     </span>
    </p>
   </div>
   <div class='ocr_carea' id='block_1_92' title="bbox 2063 4429 3651 4505">
    <p class='ocr_par' dir='ltr' id='par_1_92' title="bbox 2063 4429 3651 4505">
     <span class='ocr_line' id='line_1_92' title="bbox 2063 4429 3651 4505; baseline 0.002 -20"><span class='ocrx_word' id='word_1_691' title='bbox 2063 4434 2203 4505; x_wconf 68' lang='grc' dir='ltr'>ἥξει,</span> <span class='ocrx_word' id='word_1_692' title='bbox 2229 4432 2323 4485; x_wconf 71' lang='grc' dir='ltr'><strong>καὶ</strong></span> <span class='ocrx_word' id='word_1_693' title='bbox 2354 4429 2719 4484; x_wconf 87' lang='grc' dir='ltr'>εἰσελεύσεται</span> <span class='ocrx_word' id='word_1_694' title='bbox 2757 4434 2789 4502; x_wconf 82' lang='grc' dir='ltr'>ἡ</span> <span class='ocrx_word' id='word_1_695' title='bbox 2835 4433 2975 4502; x_wconf 84' lang='grc' dir='ltr'>ἀρχὴ</span> <span class='ocrx_word' id='word_1_696' title='bbox 3017 4435 3048 4502; x_wconf 81' lang='grc' dir='ltr'>ἡ</span> <span class='ocrx_word' id='word_1_697' title='bbox 3091 4432 3279 4505; x_wconf 83' lang='grc' dir='ltr'>πρώτη</span> <span class='ocrx_word' id='word_1_698' title='bbox 3314 4434 3651 4505; x_wconf 61' lang='grc' dir='ltr'>βασιλείῐέκ</span> 
     </span>
    </p>
   </div>
   <div class='ocr_carea' id='block_1_93' title="bbox 1995 4522 3646 4597">
    <p class='ocr_par' dir='ltr' id='par_1_93' title="bbox 1995 4522 3646 4597">
     <span class='ocr_line' id='line_1_93' title="bbox 1995 4522 3646 4597; baseline -0.004 -16"><span class='ocrx_word' id='word_1_699' title='bbox 1995 4526 2040 4581; x_wconf 92' lang='lat' dir='ltr'><strong>D</strong></span> <span class='ocrx_word' id='word_1_700' title='bbox 2068 4522 2404 4585; x_wconf 79' lang='grc' dir='ltr'>Βαϐυλῶνος,</span> <span class='ocrx_word' id='word_1_701' title='bbox 2462 4524 2529 4593; x_wconf 82' lang='grc' dir='ltr'>τῇ</span> <span class='ocrx_word' id='word_1_702' title='bbox 2571 4522 2801 4593; x_wconf 83' lang='grc' dir='ltr'>θυγατρί</span> <span class='ocrx_word' id='word_1_703' title='bbox 2854 4522 3227 4594; x_wconf 84' lang='grc' dir='ltr'>Ἰερουσαλήμ.</span> <span class='ocrx_word' id='word_1_704' title='bbox 3267 4544 3285 4576; x_wconf 75' lang='grc' dir='ltr'><strong>ι</strong></span> <span class='ocrx_word' id='word_1_705' title='bbox 3328 4525 3499 4596; x_wconf 79' lang='grc' dir='ltr'>’Υπὲρ</span> <span class='ocrx_word' id='word_1_706' title='bbox 3532 4526 3646 4597; x_wconf 70' lang='grc' dir='ltr'><strong>γὰρ</strong></span> 
     </span>
    </p>
   </div>
   <div class='ocr_carea' id='block_1_94' title="bbox 392 4613 3641 4693">
    <p class='ocr_par' dir='ltr' id='par_1_94' title="bbox 392 4613 3641 4693">
     <span class='ocr_line' id='line_1_94' title="bbox 392 4613 3641 4693; baseline 0.001 -26"><span class='ocrx_word' id='word_1_707' title='bbox 392 4615 499 4668; x_wconf 86' lang='grc' dir='ltr'><strong>τῶν</strong></span> <span class='ocrx_word' id='word_1_708' title='bbox 525 4613 585 4667; x_wconf 82' lang='grc' dir='ltr'>οὑ</span> <span class='ocrx_word' id='word_1_709' title='bbox 618 4613 843 4667; x_wconf 87' lang='grc' dir='ltr'>δεόντων</span> <span class='ocrx_word' id='word_1_710' title='bbox 872 4614 929 4667; x_wconf 89' lang='grc' dir='ltr'><strong>ἐν</strong></span> <span class='ocrx_word' id='word_1_711' title='bbox 955 4614 1035 4667; x_wconf 77' lang='grc' dir='ltr'><strong>σοὶ</strong></span> <span class='ocrx_word' id='word_1_712' title='bbox 1075 4617 1481 4686; x_wconf 82' lang='grc' dir='ltr'>πραττομένων,</span> <span class='ocrx_word' id='word_1_713' title='bbox 1512 4618 1862 4675; x_wconf 82' lang='grc' dir='ltr'>ἐπελεύσεταί</span> <span class='ocrx_word' id='word_1_714' title='bbox 1901 4639 1983 4676; x_wconf 84' lang='grc' dir='ltr'><strong>σοι</strong></span> <span class='ocrx_word' id='word_1_715' title='bbox 2019 4617 2266 4693; x_wconf 83' lang='grc' dir='ltr'>βασιλεὺς</span> <span class='ocrx_word' id='word_1_716' title='bbox 2329 4615 2583 4686; x_wconf 82' lang='grc' dir='ltr'>μέγιστος</span> <span class='ocrx_word' id='word_1_717' title='bbox 2631 4616 2725 4668; x_wconf 80' lang='grc' dir='ltr'>καὶ</span> <span class='ocrx_word' id='word_1_718' title='bbox 2767 4615 2905 4683; x_wconf 84' lang='grc' dir='ltr'>ἄγαν</span> <span class='ocrx_word' id='word_1_719' title='bbox 2936 4616 3158 4680; x_wconf 81' lang='grc' dir='ltr'>δυνατὸς</span> <span class='ocrx_word' id='word_1_720' title='bbox 3186 4619 3214 4671; x_wconf 82' lang='grc' dir='ltr'><em>ὁ</em></span> <span class='ocrx_word' id='word_1_721' title='bbox 3240 4618 3339 4689; x_wconf 82' lang='grc' dir='ltr'>τῆς</span> <span class='ocrx_word' id='word_1_722' title='bbox 3380 4617 3641 4672; x_wconf 78' lang='grc' dir='ltr'>Βαϐυλῶ-</span> 
     </span>
    </p>
   </div>
   <div class='ocr_carea' id='block_1_95' title="bbox 392 4701 2448 4781">
    <p class='ocr_par' dir='ltr' id='par_1_95' title="bbox 392 4701 2448 4781">
     <span class='ocr_line' id='line_1_95' title="bbox 392 4701 2448 4781; baseline 0.002 -23"><span class='ocrx_word' id='word_1_723' title='bbox 392 4722 500 4767; x_wconf 89' lang='grc' dir='ltr'>νος,</span> <span class='ocrx_word' id='word_1_724' title='bbox 537 4704 594 4769; x_wconf 84' lang='grc' dir='ltr'>ὃς</span> <span class='ocrx_word' id='word_1_725' title='bbox 615 4703 856 4775; x_wconf 77' lang='grc' dir='ltr'>διαθήσει</span> <span class='ocrx_word' id='word_1_726' title='bbox 889 4720 970 4769; x_wconf 89' lang='grc' dir='ltr'><strong>σε,</strong></span> <span class='ocrx_word' id='word_1_727' title='bbox 1002 4701 1089 4757; x_wconf 73' lang='grc' dir='ltr'>οἷα</span> <span class='ocrx_word' id='word_1_728' title='bbox 1139 4707 1282 4769; x_wconf 77' lang='grc' dir='ltr'>εἰκὸς</span> <span class='ocrx_word' id='word_1_729' title='bbox 1331 4705 1552 4759; x_wconf 69' lang='grc' dir='ltr'>δυνατὸν</span> <span class='ocrx_word' id='word_1_730' title='bbox 1596 4711 1963 4781; x_wconf 83' lang='grc' dir='ltr'>ἐπεληλυθότα</span> <span class='ocrx_word' id='word_1_731' title='bbox 1999 4713 2171 4767; x_wconf 87' lang='grc' dir='ltr'>ποιεῖν</span> <span class='ocrx_word' id='word_1_732' title='bbox 2204 4706 2448 4779; x_wconf 82' lang='grc' dir='ltr'>βασιλέα.</span> 
     </span>
    </p>
   </div>
   <div class='ocr_carea' id='block_1_96' title="bbox 465 4794 1962 4861">
    <p class='ocr_par' dir='ltr' id='par_1_96' title="bbox 465 4794 1962 4861">
     <span class='ocr_line' id='line_1_96' title="bbox 465 4794 1962 4861; baseline 0.009 -14"><span class='ocrx_word' id='word_1_733' title='bbox 465 4794 631 4851; x_wconf 75' lang='lat' dir='ltr'><strong>Vsus.</strong></span> <span class='ocrx_word' id='word_1_734' title='bbox 672 4796 727 4859; x_wconf 87' lang='lat'><strong>9,</strong></span> <span class='ocrx_word' id='word_1_735' title='bbox 762 4794 848 4848; x_wconf 79' lang='grc'><strong>10.</strong></span> <span class='ocrx_word' id='word_1_736' title='bbox 877 4827 944 4836; x_wconf 92' lang='grc'><strong>-</strong></span> <span class='ocrx_word' id='word_1_737' title='bbox 968 4814 985 4845; x_wconf 74' lang='grc' dir='ltr'><strong>ι</strong></span> <span class='ocrx_word' id='word_1_738' title='bbox 1025 4795 1090 4848; x_wconf 84' lang='grc' dir='ltr'>Ει</span> <span class='ocrx_word' id='word_1_739' title='bbox 1112 4812 1257 4852; x_wconf 91' lang='lat' dir='ltr'><strong>nunc</strong></span> <span class='ocrx_word' id='word_1_740' title='bbox 1285 4814 1384 4853; x_wconf 88' lang='lat' dir='ltr'><strong>cur</strong></span> <span class='ocrx_word' id='word_1_741' title='bbox 1414 4800 1468 4853; x_wconf 93' lang='lat' dir='ltr'><strong>in</strong></span> <span class='ocrx_word' id='word_1_742' title='bbox 1494 4802 1652 4856; x_wconf 91' lang='lat' dir='ltr'><strong>malis</strong></span> <span class='ocrx_word' id='word_1_743' title='bbox 1687 4806 1962 4861; x_wconf 85' lang='lat' dir='ltr'><strong>versaris?</strong></span> 
     </span>
    </p>
   </div>
   <div class='ocr_carea' id='block_1_97' title="bbox 390 4883 1961 4964">
    <p class='ocr_par' dir='ltr' id='par_1_97' title="bbox 390 4883 1961 4964">
     <span class='ocr_line' id='line_1_97' title="bbox 390 4883 1961 4964; baseline 0.008 -27"><span class='ocrx_word' id='word_1_744' title='bbox 390 4884 583 4939; x_wconf 76' lang='lat' dir='ltr'><strong>Nonne</strong></span> <span class='ocrx_word' id='word_1_745' title='bbox 612 4883 709 4937; x_wconf 90' lang='lat' dir='ltr'><strong>tibi</strong></span> <span class='ocrx_word' id='word_1_746' title='bbox 739 4898 832 4937; x_wconf 81' lang='lat' dir='ltr'><strong>rex</strong></span> <span class='ocrx_word' id='word_1_747' title='bbox 859 4892 986 4937; x_wconf 90' lang='lat' dir='ltr'><strong>tuus</strong></span> <span class='ocrx_word' id='word_1_748' title='bbox 1020 4886 1169 4940; x_wconf 82' lang='lat' dir='ltr'><strong>erat?</strong></span> <span class='ocrx_word' id='word_1_749' title='bbox 1214 4886 1317 4941; x_wconf 85' lang='lat' dir='ltr'><strong>Aut</strong></span> <span class='ocrx_word' id='word_1_750' title='bbox 1352 4889 1641 4943; x_wconf 90' lang='lat' dir='ltr'><strong>consilium</strong></span> <span class='ocrx_word' id='word_1_751' title='bbox 1673 4898 1825 4947; x_wconf 93' lang='lat' dir='ltr'><strong>tuum</strong></span> <span class='ocrx_word' id='word_1_752' title='bbox 1866 4910 1961 4964; x_wconf 85' lang='lat' dir='ltr'><strong>pe-</strong></span> 
     </span>
    </p>
   </div>
   <div class='ocr_carea' id='block_1_98' title="bbox 395 4974 1961 5054">
    <p class='ocr_par' dir='ltr' id='par_1_98' title="bbox 395 4974 1961 5054">
     <span class='ocr_line' id='line_1_98' title="bbox 395 4974 1961 5054; baseline 0.008 -26"><span class='ocrx_word' id='word_1_753' title='bbox 395 4978 503 5039; x_wconf 88' lang='lat' dir='ltr'><strong>riit,</strong></span> <span class='ocrx_word' id='word_1_754' title='bbox 543 4974 807 5046; x_wconf 90' lang='lat' dir='ltr'><strong>quoniam</strong></span> <span class='ocrx_word' id='word_1_755' title='bbox 847 4981 899 5029; x_wconf 92' lang='lat' dir='ltr'><strong>te</strong></span> <span class='ocrx_word' id='word_1_756' title='bbox 936 4985 1273 5046; x_wconf 86' lang='lat' dir='ltr'><strong>occuparunt</strong></span> <span class='ocrx_word' id='word_1_757' title='bbox 1311 4979 1528 5035; x_wconf 88' lang='lat' dir='ltr'><strong>dolores</strong></span> <span class='ocrx_word' id='word_1_758' title='bbox 1572 4984 1731 5051; x_wconf 89' lang='lat' dir='ltr'><strong>quasi</strong></span> <span class='ocrx_word' id='word_1_759' title='bbox 1772 4995 1961 5054; x_wconf 90' lang='lat' dir='ltr'><strong>partu-</strong></span> 
     </span>
    </p>
   </div>
   <div class='ocr_carea' id='block_1_99' title="bbox 394 5065 1961 5146">
    <p class='ocr_par' dir='ltr' id='par_1_99' title="bbox 394 5065 1961 5146">
     <span class='ocr_line' id='line_1_99' title="bbox 394 5065 1961 5146; baseline 0.008 -28"><span class='ocrx_word' id='word_1_760' title='bbox 394 5066 630 5122; x_wconf 79' lang='lat' dir='ltr'><strong>rientis?</strong></span> <span class='ocrx_word' id='word_1_761' title='bbox 659 5084 679 5119; x_wconf 72' lang='grc' dir='ltr'><strong>ι</strong></span> <span class='ocrx_word' id='word_1_762' title='bbox 718 5065 838 5122; x_wconf 87' lang='lat' dir='ltr'><strong>Jam</strong></span> <span class='ocrx_word' id='word_1_763' title='bbox 864 5081 997 5121; x_wconf 90' lang='lat' dir='ltr'><strong>vero</strong></span> <span class='ocrx_word' id='word_1_764' title='bbox 1041 5082 1139 5121; x_wconf 89' lang='lat' dir='ltr'><strong>cur</strong></span> <span class='ocrx_word' id='word_1_765' title='bbox 1167 5075 1222 5122; x_wconf 90' lang='lat' dir='ltr'><strong>tu</strong></span> <span class='ocrx_word' id='word_1_766' title='bbox 1252 5071 1303 5123; x_wconf 92' lang='lat' dir='ltr'><strong>in</strong></span> <span class='ocrx_word' id='word_1_767' title='bbox 1342 5071 1483 5126; x_wconf 85' lang='lat' dir='ltr'><strong>mala</strong></span> <span class='ocrx_word' id='word_1_768' title='bbox 1524 5079 1673 5127; x_wconf 88' lang='lat' dir='ltr'><strong>tanta</strong></span> <span class='ocrx_word' id='word_1_769' title='bbox 1706 5070 1961 5146; x_wconf 88' lang='lat' dir='ltr'><strong>prolapsa</strong></span> 
     </span>
    </p>
   </div>
   <div class='ocr_carea' id='block_1_100' title="bbox 391 5156 1960 5235">
    <p class='ocr_par' dir='ltr' id='par_1_100' title="bbox 391 5156 1960 5235">
     <span class='ocr_line' id='line_1_100' title="bbox 391 5156 1960 5235; baseline 0.006 -24"><span class='ocrx_word' id='word_1_770' title='bbox 391 5159 489 5212; x_wconf 85' lang='lat' dir='ltr'><strong>es?</strong></span> <span class='ocrx_word' id='word_1_771' title='bbox 518 5156 782 5229; x_wconf 87' lang='lat' dir='ltr'><strong>Equidem</strong></span> <span class='ocrx_word' id='word_1_772' title='bbox 815 5168 869 5215; x_wconf 90' lang='lat' dir='ltr'><strong>et</strong></span> <span class='ocrx_word' id='word_1_773' title='bbox 906 5175 1087 5231; x_wconf 82' lang='lat' dir='ltr'><strong>regem</strong></span> <span class='ocrx_word' id='word_1_774' title='bbox 1129 5163 1387 5228; x_wconf 86' lang='lat' dir='ltr'><strong>habebas,</strong></span> <span class='ocrx_word' id='word_1_775' title='bbox 1425 5167 1518 5235; x_wconf 91' lang='lat' dir='ltr'><strong>qui</strong></span> <span class='ocrx_word' id='word_1_776' title='bbox 1552 5166 1647 5221; x_wconf 87' lang='lat' dir='ltr'><strong>tibi</strong></span> <span class='ocrx_word' id='word_1_777' title='bbox 1690 5166 1799 5221; x_wconf 81' lang='lat' dir='ltr'><strong>dux</strong></span> <span class='ocrx_word' id='word_1_778' title='bbox 1836 5168 1960 5223; x_wconf 88' lang='lat' dir='ltr'><strong>belli</strong></span> 
     </span>
    </p>
   </div>
   <div class='ocr_carea' id='block_1_101' title="bbox 390 5250 1955 5331">
    <p class='ocr_par' dir='ltr' id='par_1_101' title="bbox 390 5250 1955 5331">
     <span class='ocr_line' id='line_1_101' title="bbox 390 5250 1955 5331; baseline 0.008 -28"><span class='ocrx_word' id='word_1_779' title='bbox 390 5250 760 5320; x_wconf 71' lang='lat' dir='ltr'><strong>defensorque</strong></span> <span class='ocrx_word' id='word_1_780' title='bbox 794 5262 971 5320; x_wconf 90' lang='lat' dir='ltr'><strong>esset;</strong></span> <span class='ocrx_word' id='word_1_781' title='bbox 1007 5271 1170 5325; x_wconf 89' lang='lat' dir='ltr'><strong>quem</strong></span> <span class='ocrx_word' id='word_1_782' title='bbox 1202 5263 1254 5311; x_wconf 89' lang='lat' dir='ltr'><strong>et</strong></span> <span class='ocrx_word' id='word_1_783' title='bbox 1278 5256 1485 5313; x_wconf 89' lang='lat' dir='ltr'><strong>idcirco</strong></span> <span class='ocrx_word' id='word_1_784' title='bbox 1518 5259 1646 5313; x_wconf 91' lang='lat' dir='ltr'><strong>olim</strong></span> <span class='ocrx_word' id='word_1_785' title='bbox 1678 5260 1955 5331; x_wconf 82' lang='lat' dir='ltr'><strong>elegeras,</strong></span> 
     </span>
    </p>
   </div>
   <div class='ocr_carea' id='block_1_102' title="bbox 392 5340 1961 5418">
    <p class='ocr_par' dir='ltr' id='par_1_102' title="bbox 392 5340 1961 5418">
     <span class='ocr_line' id='line_1_102' title="bbox 392 5340 1961 5418; baseline 0.007 -25"><span class='ocrx_word' id='word_1_786' title='bbox 392 5341 641 5411; x_wconf 78' lang='lat' dir='ltr'><strong>deposito</strong></span> <span class='ocrx_word' id='word_1_787' title='bbox 662 5340 960 5413; x_wconf 88' lang='lat' dir='ltr'><strong>(Samuele)</strong></span> <span class='ocrx_word' id='word_1_788' title='bbox 999 5360 1161 5415; x_wconf 87' lang='lat' dir='ltr'><strong>quem</strong></span> <span class='ocrx_word' id='word_1_789' title='bbox 1196 5361 1296 5418; x_wconf 89' lang='lat' dir='ltr'><strong>ego</strong></span> <span class='ocrx_word' id='word_1_790' title='bbox 1322 5346 1422 5402; x_wconf 91' lang='lat' dir='ltr'><strong>tibi</strong></span> <span class='ocrx_word' id='word_1_791' title='bbox 1453 5348 1723 5403; x_wconf 89' lang='lat' dir='ltr'><strong>dominari</strong></span> <span class='ocrx_word' id='word_1_792' title='bbox 1751 5350 1961 5405; x_wconf 89' lang='lat' dir='ltr'><strong>consti-</strong></span> 
     </span>
    </p>
   </div>
   <div class='ocr_carea' id='block_1_103' title="bbox 392 5431 1958 5512">
    <p class='ocr_par' dir='ltr' id='par_1_103' title="bbox 392 5431 1958 5512">
     <span class='ocr_line' id='line_1_103' title="bbox 392 5431 1958 5512; baseline 0.008 -28"><span class='ocrx_word' id='word_1_793' title='bbox 392 5441 623 5486; x_wconf 84' lang='lat' dir='ltr'><strong>tueram.</strong></span> <span class='ocrx_word' id='word_1_794' title='bbox 654 5431 790 5487; x_wconf 88' lang='lat' dir='ltr'><strong>Tum</strong></span> <span class='ocrx_word' id='word_1_795' title='bbox 822 5435 986 5490; x_wconf 87' lang='lat' dir='ltr'><strong>etiam</strong></span> <span class='ocrx_word' id='word_1_796' title='bbox 1010 5436 1275 5505; x_wconf 89' lang='lat' dir='ltr'><strong>plurimos</strong></span> <span class='ocrx_word' id='word_1_797' title='bbox 1302 5438 1446 5509; x_wconf 89' lang='lat' dir='ltr'><strong>apud</strong></span> <span class='ocrx_word' id='word_1_798' title='bbox 1483 5448 1539 5496; x_wconf 90' lang='lat' dir='ltr'><strong>te</strong></span> <span class='ocrx_word' id='word_1_799' title='bbox 1565 5440 1765 5496; x_wconf 89' lang='lat' dir='ltr'><strong>habere</strong></span> <span class='ocrx_word' id='word_1_800' title='bbox 1795 5448 1958 5512; x_wconf 85' lang='lat' dir='ltr'><strong>puta-</strong></span> 
     </span>
    </p>
   </div>
   <div class='ocr_carea' id='block_1_104' title="bbox 392 5520 1954 5602">
    <p class='ocr_par' dir='ltr' id='par_1_104' title="bbox 392 5520 1954 5602">
     <span class='ocr_line' id='line_1_104' title="bbox 392 5520 1954 5602; baseline 0.007 -27"><span class='ocrx_word' id='word_1_801' title='bbox 392 5520 491 5576; x_wconf 81' lang='lat' dir='ltr'><strong>bas</strong></span> <span class='ocrx_word' id='word_1_802' title='bbox 522 5520 807 5590; x_wconf 89' lang='lat' dir='ltr'><strong>prudentia</strong></span> <span class='ocrx_word' id='word_1_803' title='bbox 839 5531 1160 5593; x_wconf 63' lang='lat' dir='ltr'><strong>prestantes</strong></span> <span class='ocrx_word' id='word_1_804' title='bbox 1188 5529 1359 5585; x_wconf 91' lang='lat' dir='ltr'><strong>viros.</strong></span> <span class='ocrx_word' id='word_1_805' title='bbox 1409 5528 1696 5596; x_wconf 87' lang='lat' dir='ltr'><strong>Quomodo</strong></span> <span class='ocrx_word' id='word_1_806' title='bbox 1725 5546 1859 5602; x_wconf 86' lang='lat' dir='ltr'><strong>ergo</strong></span> <span class='ocrx_word' id='word_1_807' title='bbox 1898 5531 1954 5586; x_wconf 91' lang='lat' dir='ltr'><strong>in</strong></span> 
     </span>
    </p>
   </div>
   <div class='ocr_carea' id='block_1_105' title="bbox 393 5611 2015 5693">
    <p class='ocr_par' dir='ltr' id='par_1_105' title="bbox 393 5611 2015 5693">
     <span class='ocr_line' id='line_1_105' title="bbox 393 5611 2015 5693; baseline 0.009 -27"><span class='ocrx_word' id='word_1_808' title='bbox 393 5612 535 5667; x_wconf 84' lang='lat' dir='ltr'><strong>mala</strong></span> <span class='ocrx_word' id='word_1_809' title='bbox 560 5618 713 5665; x_wconf 86' lang='lat' dir='ltr'><strong>tanta</strong></span> <span class='ocrx_word' id='word_1_810' title='bbox 743 5611 1020 5671; x_wconf 85' lang='lat' dir='ltr'><strong>incurristi</strong></span> <span class='ocrx_word' id='word_1_811' title='bbox 1041 5655 1057 5683; x_wconf 94' lang='lat'><strong>,</strong></span> <span class='ocrx_word' id='word_1_812' title='bbox 1088 5619 1289 5689; x_wconf 75' lang='lat' dir='ltr'><strong>quibus</strong></span> <span class='ocrx_word' id='word_1_813' title='bbox 1316 5632 1563 5693; x_wconf 87' lang='lat' dir='ltr'><strong>correpta</strong></span> <span class='ocrx_word' id='word_1_814' title='bbox 1597 5623 1734 5679; x_wconf 89' lang='lat' dir='ltr'><strong>nihil</strong></span> <span class='ocrx_word' id='word_1_815' title='bbox 1764 5623 1951 5680; x_wconf 83' lang='lat' dir='ltr'><strong>diﬁ‘ers</strong></span> <span class='ocrx_word' id='word_1_816' title='bbox 2006 5629 2015 5637; x_wconf 84' lang='grc'><em>”</em></span> 
     </span>
    </p>
   </div>
   <div class='ocr_carea' id='block_1_106' title="bbox 462 5784 928 5845">
    <p class='ocr_par' dir='ltr' id='par_1_106' title="bbox 462 5784 928 5845">
     <span class='ocr_line' id='line_1_106' title="bbox 462 5784 928 5845; baseline -0.006 -5"><span class='ocrx_word' id='word_1_817' title='bbox 462 5787 510 5818; x_wconf 85' lang='grc'><strong><em>⁸³</em></strong></span> <span class='ocrx_word' id='word_1_818' title='bbox 526 5784 683 5840; x_wconf 80' lang='lat' dir='ltr'><strong>Psal.</strong></span> <span class='ocrx_word' id='word_1_819' title='bbox 720 5799 797 5845; x_wconf 71' lang='lat' dir='ltr'><strong>nr.</strong></span> <span class='ocrx_word' id='word_1_820' title='bbox 842 5786 928 5839; x_wconf 79' lang='grc'><strong>15.</strong></span> 
     </span>
    </p>
   </div>
   <div class='ocr_carea' id='block_1_107' title="bbox 2123 4796 3641 4879">
    <p class='ocr_par' dir='ltr' id='par_1_107' title="bbox 2123 4796 3641 4879">
     <span class='ocr_line' id='line_1_107' title="bbox 2123 4796 3641 4879; baseline 0.002 -26"><span class='ocrx_word' id='word_1_821' title='bbox 2123 4802 2270 4872; x_wconf 88' lang='grc' dir='ltr'>Στίχ.</span> <span class='ocrx_word' id='word_1_822' title='bbox 2300 4799 2366 4864; x_wconf 84' lang='grc' dir='ltr'>θ’,</span> <span class='ocrx_word' id='word_1_823' title='bbox 2399 4796 2450 4852; x_wconf 86' lang='grc' dir='ltr'><strong>ι’.</strong></span> <span class='ocrx_word' id='word_1_824' title='bbox 2484 4827 2553 4840; x_wconf 91' lang='lat'><strong>-</strong></span> <span class='ocrx_word' id='word_1_825' title='bbox 2596 4817 2613 4849; x_wconf 81' lang='grc' dir='ltr'><strong>ι</strong></span> <span class='ocrx_word' id='word_1_826' title='bbox 2642 4796 2753 4851; x_wconf 72' lang='grc' dir='ltr'>Καὶ</span> <span class='ocrx_word' id='word_1_827' title='bbox 2791 4796 2884 4851; x_wconf 83' lang='grc' dir='ltr'><strong>νῦν</strong></span> <span class='ocrx_word' id='word_1_828' title='bbox 2930 4797 3015 4850; x_wconf 79' lang='grc' dir='ltr'><strong>ἵνα</strong></span> <span class='ocrx_word' id='word_1_829' title='bbox 3038 4797 3110 4879; x_wconf 82' lang='grc' dir='ltr'><strong>τί</strong></span> <span class='ocrx_word' id='word_1_830' title='bbox 3146 4797 3316 4867; x_wconf 83' lang='grc' dir='ltr'>ἔγνως</span> <span class='ocrx_word' id='word_1_831' title='bbox 3347 4798 3513 4864; x_wconf 78' lang='grc' dir='ltr'>κακά;</span> <span class='ocrx_word' id='word_1_832' title='bbox 3561 4803 3641 4875; x_wconf 80' lang='grc' dir='ltr'>μὴ</span> 
     </span>
    </p>
   </div>
   <div class='ocr_carea' id='block_1_108' title="bbox 2064 4886 3647 4966">
    <p class='ocr_par' dir='ltr' id='par_1_108' title="bbox 2064 4886 3647 4966">
     <span class='ocr_line' id='line_1_108' title="bbox 2064 4886 3647 4966; baseline -0.003 -17"><span class='ocrx_word' id='word_1_833' title='bbox 2064 4894 2315 4966; x_wconf 80' lang='grc' dir='ltr'>βασιλεὺς</span> <span class='ocrx_word' id='word_1_834' title='bbox 2354 4894 2473 4965; x_wconf 74' lang='grc' dir='ltr'>οὐκ</span> <span class='ocrx_word' id='word_1_835' title='bbox 2521 4886 2588 4963; x_wconf 80' lang='grc' dir='ltr'>ἦν</span> <span class='ocrx_word' id='word_1_836' title='bbox 2656 4907 2774 4957; x_wconf 89' lang='grc' dir='ltr'>σοι;</span> <span class='ocrx_word' id='word_1_837' title='bbox 2826 4888 2858 4960; x_wconf 80' lang='grc' dir='ltr'>ἦ</span> <span class='ocrx_word' id='word_1_838' title='bbox 2901 4891 2934 4961; x_wconf 83' lang='grc' dir='ltr'>ἡ</span> <span class='ocrx_word' id='word_1_839' title='bbox 2988 4888 3149 4961; x_wconf 83' lang='grc' dir='ltr'>βουλή</span> <span class='ocrx_word' id='word_1_840' title='bbox 3200 4908 3294 4945; x_wconf 88' lang='grc' dir='ltr'><strong>σου</strong></span> <span class='ocrx_word' id='word_1_841' title='bbox 3350 4892 3647 4961; x_wconf 85' lang='grc' dir='ltr'>άπώλετο;,</span> 
     </span>
    </p>
   </div>
   <div class='ocr_carea' id='block_1_109' title="bbox 2061 4978 3633 5055">
    <p class='ocr_par' dir='ltr' id='par_1_109' title="bbox 2061 4978 3633 5055">
     <span class='ocr_line' id='line_1_109' title="bbox 2061 4978 3633 5055; baseline 0 -17"><span class='ocrx_word' id='word_1_842' title='bbox 2061 4987 2142 5039; x_wconf 84' lang='grc' dir='ltr'>ὅτι</span> <span class='ocrx_word' id='word_1_843' title='bbox 2217 4981 2631 5053; x_wconf 83' lang='grc' dir='ltr'>κατεκράτησάν</span> <span class='ocrx_word' id='word_1_844' title='bbox 2683 4997 2776 5032; x_wconf 91' lang='grc' dir='ltr'><strong>σου</strong></span> <span class='ocrx_word' id='word_1_845' title='bbox 2847 4978 3033 5045; x_wconf 80' lang='grc' dir='ltr'>ὠδῖνες</span> <span class='ocrx_word' id='word_1_846' title='bbox 3097 4979 3172 5044; x_wconf 82' lang='grc' dir='ltr'><strong>ὡς</strong></span> <span class='ocrx_word' id='word_1_847' title='bbox 3230 4982 3540 5055; x_wconf 84' lang='grc' dir='ltr'>τικτούσης.</span> <span class='ocrx_word' id='word_1_848' title='bbox 3612 5005 3633 5038; x_wconf 75' lang='grc' dir='ltr'><strong>ι</strong></span> 
     </span>
    </p>
   </div>
   <div class='ocr_carea' id='block_1_110' title="bbox 2071 5073 3635 5145">
    <p class='ocr_par' dir='ltr' id='par_1_110' title="bbox 2071 5073 3635 5145">
     <span class='ocr_line' id='line_1_110' title="bbox 2071 5073 3635 5145; baseline 0.003 -18"><span class='ocrx_word' id='word_1_849' title='bbox 2071 5075 2231 5129; x_wconf 85' lang='grc' dir='ltr'>Ἀλλὰ</span> <span class='ocrx_word' id='word_1_850' title='bbox 2283 5074 2391 5145; x_wconf 86' lang='grc' dir='ltr'>γὰρ</span> <span class='ocrx_word' id='word_1_851' title='bbox 2427 5075 2564 5145; x_wconf 83' lang='grc' dir='ltr'>ὑπὲρ</span> <span class='ocrx_word' id='word_1_852' title='bbox 2599 5073 2761 5135; x_wconf 82' lang='grc' dir='ltr'>ὅτου,</span> <span class='ocrx_word' id='word_1_853' title='bbox 2805 5073 2998 5143; x_wconf 71' lang='grc' dir='ltr'>φησὶν,</span> <span class='ocrx_word' id='word_1_854' title='bbox 3065 5075 3146 5136; x_wconf 85' lang='grc' dir='ltr'><strong>εἰς</strong></span> <span class='ocrx_word' id='word_1_855' title='bbox 3204 5075 3465 5145; x_wconf 81' lang='grc' dir='ltr'>τοσαύτην</span> <span class='ocrx_word' id='word_1_856' title='bbox 3526 5094 3635 5131; x_wconf 87' lang='grc' dir='ltr'>κα-</span> 
     </span>
    </p>
   </div>
   <div class='ocr_carea' id='block_1_111' title="bbox 2062 5165 3641 5238">
    <p class='ocr_par' dir='ltr' id='par_1_111' title="bbox 2062 5165 3641 5238">
     <span class='ocr_line' id='line_1_111' title="bbox 2062 5165 3641 5238; baseline -0.003 -17"><span class='ocrx_word' id='word_1_857' title='bbox 2062 5168 2171 5221; x_wconf 88' lang='grc' dir='ltr'><strong>κῶν</strong></span> <span class='ocrx_word' id='word_1_858' title='bbox 2237 5165 2574 5237; x_wconf 85' lang='grc' dir='ltr'>κατηνέχθης</span> <span class='ocrx_word' id='word_1_859' title='bbox 2619 5167 2850 5237; x_wconf 87' lang='grc' dir='ltr'>πεῖραν;</span> <span class='ocrx_word' id='word_1_860' title='bbox 2892 5168 2928 5238; x_wconf 74' lang='grc' dir='ltr'>ἦ</span> <span class='ocrx_word' id='word_1_861' title='bbox 2973 5184 3037 5237; x_wconf 87' lang='grc' dir='ltr'><strong>γε</strong></span> <span class='ocrx_word' id='word_1_862' title='bbox 3091 5168 3185 5221; x_wconf 74' lang='grc' dir='ltr'>καὶ</span> <span class='ocrx_word' id='word_1_863' title='bbox 3228 5166 3454 5237; x_wconf 82' lang='grc' dir='ltr'>βασιλέα</span> <span class='ocrx_word' id='word_1_864' title='bbox 3511 5169 3641 5223; x_wconf 76' lang='grc' dir='ltr'>ἐκέ-</span> 
     </span>
    </p>
   </div>
   <div class='ocr_carea' id='block_1_112' title="bbox 2058 5256 3645 5329">
    <p class='ocr_par' dir='ltr' id='par_1_112' title="bbox 2058 5256 3645 5329">
     <span class='ocr_line' id='line_1_112' title="bbox 2058 5256 3645 5329; baseline -0.003 -17"><span class='ocrx_word' id='word_1_865' title='bbox 2058 5275 2228 5328; x_wconf 85' lang='grc' dir='ltr'>κτησο</span> <span class='ocrx_word' id='word_1_866' title='bbox 2276 5257 2603 5329; x_wconf 82' lang='grc' dir='ltr'>στρατηγεῖν</span> <span class='ocrx_word' id='word_1_867' title='bbox 2651 5258 2708 5309; x_wconf 86' lang='grc' dir='ltr'><strong>ἐν</strong></span> <span class='ocrx_word' id='word_1_868' title='bbox 2752 5259 2863 5320; x_wconf 88' lang='grc' dir='ltr'>τοῖς</span> <span class='ocrx_word' id='word_1_869' title='bbox 2910 5256 3049 5328; x_wconf 80' lang='grc' dir='ltr'>ὑπὲρ</span> <span class='ocrx_word' id='word_1_870' title='bbox 3086 5256 3179 5310; x_wconf 88' lang='grc' dir='ltr'><strong>σοῦ</strong></span> <span class='ocrx_word' id='word_1_871' title='bbox 3228 5257 3482 5328; x_wconf 82' lang='grc' dir='ltr'>πολέμοις</span> <span class='ocrx_word' id='word_1_872' title='bbox 3546 5267 3645 5322; x_wconf 77' lang='grc' dir='ltr'><strong>δυ..</strong></span> 
     </span>
    </p>
   </div>
   <div class='ocr_carea' id='block_1_113' title="bbox 2064 5332 3629 5421">
    <p class='ocr_par' dir='ltr' id='par_1_113' title="bbox 2064 5332 3629 5421">
     <span class='ocr_line' id='line_1_113' title="bbox 2064 5332 3629 5421; baseline 0.003 -21"><span class='ocrx_word' id='word_1_873' title='bbox 2064 5346 2418 5420; x_wconf 72' lang='grc' dir='ltr'>νάμεννονοόν</span> <span class='ocrx_word' id='word_1_874' title='bbox 2433 5332 2527 5404; x_wconf 75' lang='grc' dir='ltr'>καὶ</span> <span class='ocrx_word' id='word_1_875' title='bbox 2542 5347 2627 5398; x_wconf 82' lang='grc' dir='ltr'>ἐπ’</span> <span class='ocrx_word' id='word_1_876' title='bbox 2660 5345 2808 5417; x_wconf 82' lang='grc' dir='ltr'>αὐτῷ</span> <span class='ocrx_word' id='word_1_877' title='bbox 2857 5364 2921 5415; x_wconf 89' lang='grc' dir='ltr'><strong>γε</strong></span> <span class='ocrx_word' id='word_1_878' title='bbox 2951 5347 3093 5400; x_wconf 83' lang='grc' dir='ltr'>εἵλου</span> <span class='ocrx_word' id='word_1_879' title='bbox 3134 5346 3312 5419; x_wconf 78' lang='grc' dir='ltr'>’τούτῳ</span> <span class='ocrx_word' id='word_1_880' title='bbox 3350 5366 3629 5421; x_wconf 69' lang='grc' dir='ltr'>παραγραρ</span> 
     </span>
    </p>
   </div>
   <div class='ocr_carea' id='block_1_114' title="bbox 2053 5436 3639 5511">
    <p class='ocr_par' dir='ltr' id='par_1_114' title="bbox 2053 5436 3639 5511">
     <span class='ocr_line' id='line_1_114' title="bbox 2053 5436 3639 5511; baseline 0.002 -18"><span class='ocrx_word' id='word_1_881' title='bbox 2053 5438 2271 5511; x_wconf 66' lang='grc' dir='ltr'>φαμένη</span> <span class='ocrx_word' id='word_1_882' title='bbox 2298 5440 2389 5493; x_wconf 81' lang='grc' dir='ltr'><strong>τὸν</strong></span> <span class='ocrx_word' id='word_1_883' title='bbox 2415 5437 2602 5511; x_wconf 79' lang='grc' dir='ltr'>ἄρχειν</span> <span class='ocrx_word' id='word_1_884' title='bbox 2627 5438 2758 5508; x_wconf 86' lang='grc' dir='ltr'>παρ’</span> <span class='ocrx_word' id='word_1_885' title='bbox 2789 5436 2925 5507; x_wconf 87' lang='grc' dir='ltr'>ἐμοῦ</span> <span class='ocrx_word' id='word_1_886' title='bbox 2957 5438 3286 5508; x_wconf 84' lang='grc' dir='ltr'>τεταγμένον</span> <span class='ocrx_word' id='word_1_887' title='bbox 3310 5439 3466 5511; x_wconf 84' lang='grc' dir='ltr'>ὑμῶν</span> <span class='ocrx_word' id='word_1_888' title='bbox 3497 5459 3510 5474; x_wconf 86' lang='grc'><strong>·</strong></span> <span class='ocrx_word' id='word_1_889' title='bbox 3541 5444 3639 5496; x_wconf 79' lang='grc' dir='ltr'>καὶ</span> 
     </span>
    </p>
   </div>
   <div class='ocr_carea' id='block_1_115' title="bbox 2057 5526 3636 5604">
    <p class='ocr_par' dir='ltr' id='par_1_115' title="bbox 2057 5526 3636 5604">
     <span class='ocr_line' id='line_1_115' title="bbox 2057 5526 3636 5604; baseline 0.002 -21"><span class='ocrx_word' id='word_1_890' title='bbox 2057 5531 2117 5583; x_wconf 84' lang='grc' dir='ltr'><strong>ἐν</strong></span> <span class='ocrx_word' id='word_1_891' title='bbox 2179 5530 2388 5583; x_wconf 82' lang='grc' dir='ltr'>συνέσει</span> <span class='ocrx_word' id='word_1_892' title='bbox 2416 5528 2473 5582; x_wconf 85' lang='grc' dir='ltr'>δὲ</span> <span class='ocrx_word' id='word_1_893' title='bbox 2515 5526 2891 5598; x_wconf 83' lang='grc' dir='ltr'>πρωτεύοντας</span> <span class='ocrx_word' id='word_1_894' title='bbox 2929 5530 3189 5603; x_wconf 82' lang='grc' dir='ltr'>ἐκέκτησο</span> <span class='ocrx_word' id='word_1_895' title='bbox 3219 5530 3532 5604; x_wconf 79' lang='grc' dir='ltr'>πλείστους,</span> <span class='ocrx_word' id='word_1_896' title='bbox 3561 5536 3636 5601; x_wconf 79' lang='grc' dir='ltr'>ὡς</span> 
     </span>
    </p>
   </div>
   <div class='ocr_carea' id='block_1_116' title="bbox 2059 5612 3644 5699">
    <p class='ocr_par' dir='ltr' id='par_1_116' title="bbox 2059 5612 3644 5699">
     <span class='ocr_line' id='line_1_116' title="bbox 2059 5612 3644 5699; baseline 0.009 -29"><span class='ocrx_word' id='word_1_897' title='bbox 2059 5620 2199 5693; x_wconf 76' lang='grc' dir='ltr'>ῷου·</span> <span class='ocrx_word' id='word_1_898' title='bbox 2236 5620 2355 5684; x_wconf 88' lang='grc' dir='ltr'><strong>πῶς</strong></span> <span class='ocrx_word' id='word_1_899' title='bbox 2408 5612 2501 5674; x_wconf 76' lang='grc' dir='ltr'>οὖν</span> <span class='ocrx_word' id='word_1_900' title='bbox 2534 5621 2640 5673; x_wconf 81' lang='grc' dir='ltr'>ὑπὸ</span> <span class='ocrx_word' id='word_1_901' title='bbox 2682 5620 3015 5692; x_wconf 89' lang='grc' dir='ltr'>τηλικούτων</span> <span class='ocrx_word' id='word_1_902' title='bbox 3060 5621 3412 5695; x_wconf 76' lang='grc' dir='ltr'>περιείληψαι</span> <span class='ocrx_word' id='word_1_903' title='bbox 3430 5634 3644 5699; x_wconf 77' lang='grc' dir='ltr'>κακῶν,</span> 
     </span>
    </p>
   </div>
  </div>
