  <div class='ocr_page' id='page_1' title='image "/cluster/home/n/w/nwhite01/storage/ocr_20150623/66/mdp.39015008467477/192.png"; bbox 0 0 3966 6134; ppageno 0'>
   <div class='ocr_carea' id='block_1_1' title="bbox 296 306 404 363">
    <p class='ocr_par' dir='ltr' id='par_1_1' title="bbox 296 306 404 363">
     <span class='ocr_line' id='line_1_1' title="bbox 296 306 404 363; baseline -0.019 0"><span class='ocrx_word' id='word_1_1' title='bbox 296 306 404 363; x_wconf 77' lang='lat'><strong>389</strong></span> 
     </span>
    </p>
   </div>
   <div class='ocr_carea' id='block_1_2' title="bbox 1234 300 2584 365">
    <p class='ocr_par' dir='ltr' id='par_1_2' title="bbox 1234 300 2584 365">
     <span class='ocr_line' id='line_1_2' title="bbox 1234 300 2584 365; baseline 0.004 -5"><span class='ocrx_word' id='word_1_2' title='bbox 1234 303 1780 361; x_wconf 77' lang='lat' dir='ltr'><strong>COMMENTARIUS</strong></span> <span class='ocrx_word' id='word_1_3' title='bbox 1816 300 1883 356; x_wconf 76' lang='lat' dir='ltr'><strong>IN</strong></span> <span class='ocrx_word' id='word_1_4' title='bbox 1926 300 2231 359; x_wconf 67' lang='grc' dir='ltr'><strong>ΜΙΟΗΔΕᾸΞ</strong></span> <span class='ocrx_word' id='word_1_5' title='bbox 2289 305 2437 361; x_wconf 78' lang='lat' dir='ltr'><strong>CAP.</strong></span> <span class='ocrx_word' id='word_1_6' title='bbox 2502 300 2584 365; x_wconf 76' lang='lat' dir='ltr'><strong>IV.</strong></span> 
     </span>
    </p>
   </div>
   <div class='ocr_carea' id='block_1_3' title="bbox 3449 310 3553 367">
    <p class='ocr_par' dir='ltr' id='par_1_3' title="bbox 3449 310 3553 367">
     <span class='ocr_line' id='line_1_3' title="bbox 3449 310 3553 367; baseline 0.029 -4"><span class='ocrx_word' id='word_1_7' title='bbox 3449 310 3553 367; x_wconf 77' lang='lat'><strong>370</strong></span> 
     </span>
    </p>
   </div>
   <div class='ocr_carea' id='block_1_4' title="bbox 302 415 1890 495">
    <p class='ocr_par' dir='ltr' id='par_1_4' title="bbox 302 415 1872 493">
     <span class='ocr_line' id='line_1_4' title="bbox 302 415 1872 493; baseline -0.004 -14"><span class='ocrx_word' id='word_1_8' title='bbox 302 420 393 493; x_wconf 66' lang='grc' dir='ltr'><strong>ὕφ’</strong></span> <span class='ocrx_word' id='word_1_9' title='bbox 437 415 510 477; x_wconf 80' lang='grc' dir='ltr'><strong>ὧν</strong></span> <span class='ocrx_word' id='word_1_10' title='bbox 547 422 936 492; x_wconf 83' lang='grc' dir='ltr'>κεκρατημένη</span> <span class='ocrx_word' id='word_1_11' title='bbox 982 421 1312 484; x_wconf 83' lang='grc' dir='ltr'>διαλλάττεις</span> <span class='ocrx_word' id='word_1_12' title='bbox 1352 422 1501 475; x_wconf 79' lang='grc' dir='ltr'>οὐδὲν</span> <span class='ocrx_word' id='word_1_13' title='bbox 1542 422 1633 476; x_wconf 81' lang='grc' dir='ltr'><strong>ἐπὶ</strong></span> <span class='ocrx_word' id='word_1_14' title='bbox 1667 420 1872 493; x_wconf 87' lang='grc' dir='ltr'>τοκετῷ</span> 
     </span>
    </p>
   </div>
   <div class='ocr_carea' id='block_1_5' title="bbox 1994 415 3551 495">
    <p class='ocr_par' dir='ltr' id='par_1_5' title="bbox 1994 420 3551 495">
     <span class='ocr_line' id='line_1_5' title="bbox 1994 420 3551 495; baseline -0.003 -16"><span class='ocrx_word' id='word_1_15' title='bbox 1994 437 2003 473; x_wconf 85' lang='grc' dir='ltr'>ι</span> <span class='ocrx_word' id='word_1_16' title='bbox 2039 420 2199 492; x_wconf 75' lang='lat'><strong>189</strong></span> <span class='ocrx_word' id='word_1_17' title='bbox 2250 422 2480 477; x_wconf 83' lang='lat' dir='ltr'><strong>muliere</strong></span> <span class='ocrx_word' id='word_1_18' title='bbox 2531 424 2585 477; x_wconf 91' lang='lat' dir='ltr'><strong>in</strong></span> <span class='ocrx_word' id='word_1_19' title='bbox 2614 433 2769 493; x_wconf 87' lang='lat' dir='ltr'><strong>partu</strong></span> <span class='ocrx_word' id='word_1_20' title='bbox 2806 424 3061 479; x_wconf 77' lang='lat' dir='ltr'><strong>dolente?</strong></span> <span class='ocrx_word' id='word_1_21' title='bbox 3108 440 3228 495; x_wconf 72' lang='lat' dir='ltr'><strong>qua:</strong></span> <span class='ocrx_word' id='word_1_22' title='bbox 3271 438 3551 493; x_wconf 80' lang='lat' dir='ltr'><strong>nunquam</strong></span> 
     </span>
    </p>
   </div>
   <div class='ocr_carea' id='block_1_6' title="bbox 305 505 1875 584">
    <p class='ocr_par' dir='ltr' id='par_1_6' title="bbox 305 505 1875 584">
     <span class='ocr_line' id='line_1_6' title="bbox 305 505 1875 584; baseline 0 -19"><span class='ocrx_word' id='word_1_23' title='bbox 305 513 550 583; x_wconf 77' lang='grc' dir='ltr'>γυναικὸς</span> <span class='ocrx_word' id='word_1_24' title='bbox 574 512 903 583; x_wconf 71' lang='grc' dir='ltr'>ώδινούσηςς</span> <span class='ocrx_word' id='word_1_25' title='bbox 938 505 1013 568; x_wconf 79' lang='grc' dir='ltr'><strong>ὧν</strong></span> <span class='ocrx_word' id='word_1_26' title='bbox 1034 514 1133 566; x_wconf 82' lang='grc' dir='ltr'><strong>οὐκ</strong></span> <span class='ocrx_word' id='word_1_27' title='bbox 1148 514 1212 567; x_wconf 74' lang='grc' dir='ltr'>ἄν</span> <span class='ocrx_word' id='word_1_28' title='bbox 1226 530 1356 566; x_wconf 87' lang='grc' dir='ltr'>ποτε</span> <span class='ocrx_word' id='word_1_29' title='bbox 1388 517 1581 584; x_wconf 82' lang='grc' dir='ltr'>πεῖραν</span> <span class='ocrx_word' id='word_1_30' title='bbox 1613 515 1875 584; x_wconf 74' lang='grc' dir='ltr'>είλήφεις,</span> 
     </span>
    </p>
   </div>
   <div class='ocr_carea' id='block_1_7' title="bbox 307 603 1875 675">
    <p class='ocr_par' dir='ltr' id='par_1_7' title="bbox 307 603 1875 675">
     <span class='ocr_line' id='line_1_7' title="bbox 307 603 1875 675; baseline -0.001 -16"><span class='ocrx_word' id='word_1_31' title='bbox 307 608 352 659; x_wconf 77' lang='grc' dir='ltr'><strong>εί</strong></span> <span class='ocrx_word' id='word_1_32' title='bbox 392 608 501 667; x_wconf 85' lang='grc' dir='ltr'>τοῖς</span> <span class='ocrx_word' id='word_1_33' title='bbox 550 604 803 674; x_wconf 80' lang='grc' dir='ltr'><strong>νομίμοις</strong></span> <span class='ocrx_word' id='word_1_34' title='bbox 870 603 1199 668; x_wconf 71' lang='grc' dir='ltr'><strong>ἐσπούδαζες</strong></span> <span class='ocrx_word' id='word_1_35' title='bbox 1253 604 1479 657; x_wconf 76' lang='grc' dir='ltr'>ἕπεσθαι</span> <span class='ocrx_word' id='word_1_36' title='bbox 1529 608 1639 668; x_wconf 90' lang='grc' dir='ltr'>τοῖς</span> <span class='ocrx_word' id='word_1_37' title='bbox 1694 607 1875 675; x_wconf 83' lang='grc' dir='ltr'>ἐμοῐς’</span> 
     </span>
    </p>
   </div>
   <div class='ocr_carea' id='block_1_8' title="bbox 309 696 1881 769">
    <p class='ocr_par' dir='ltr' id='par_1_8' title="bbox 309 696 1881 769">
     <span class='ocr_line' id='line_1_8' title="bbox 309 696 1881 769; baseline -0.003 -15"><span class='ocrx_word' id='word_1_38' title='bbox 309 704 382 769; x_wconf 84' lang='lat' dir='ltr'><strong>(p.</strong></span> <span class='ocrx_word' id='word_1_39' title='bbox 414 697 536 767; x_wconf 66' lang='grc'><strong>288)</strong></span> <span class='ocrx_word' id='word_1_40' title='bbox 586 698 724 767; x_wconf 83' lang='grc' dir='ltr'>ὅπερ</span> <span class='ocrx_word' id='word_1_41' title='bbox 758 696 952 766; x_wconf 80' lang='grc' dir='ltr'>ἐπειδὴ</span> <span class='ocrx_word' id='word_1_42' title='bbox 1006 697 1079 767; x_wconf 78' lang='grc' dir='ltr'><strong>μὴ</strong></span> <span class='ocrx_word' id='word_1_43' title='bbox 1124 696 1451 766; x_wconf 88' lang='grc' dir='ltr'>πεποίηκας,</span> <span class='ocrx_word' id='word_1_44' title='bbox 1492 716 1510 748; x_wconf 81' lang='grc' dir='ltr'>ι</span> <span class='ocrx_word' id='word_1_45' title='bbox 1551 698 1749 759; x_wconf 82' lang='grc' dir='ltr'>Ὤδινε,</span> <span class='ocrx_word' id='word_1_46' title='bbox 1787 698 1881 750; x_wconf 75' lang='grc' dir='ltr'>καὶ</span> 
     </span>
    </p>
   </div>
   <div class='ocr_carea' id='block_1_9' title="bbox 309 787 1875 859">
    <p class='ocr_par' dir='ltr' id='par_1_9' title="bbox 309 787 1875 859">
     <span class='ocr_line' id='line_1_9' title="bbox 309 787 1875 859; baseline -0.003 -15"><span class='ocrx_word' id='word_1_47' title='bbox 309 789 568 859; x_wconf 80' lang='grc' dir='ltr'>ὰνδρίζου,</span> <span class='ocrx_word' id='word_1_48' title='bbox 605 790 701 842; x_wconf 69' lang='grc' dir='ltr'>καὶ</span> <span class='ocrx_word' id='word_1_49' title='bbox 731 788 941 857; x_wconf 80' lang='grc' dir='ltr'>ἑγ-γιζε,</span> <span class='ocrx_word' id='word_1_50' title='bbox 964 788 1202 858; x_wconf 77' lang='grc' dir='ltr'><strong>θύγατερ</strong></span> <span class='ocrx_word' id='word_1_51' title='bbox 1232 787 1389 853; x_wconf 88' lang='grc' dir='ltr'>Σιὼν,</span> <span class='ocrx_word' id='word_1_52' title='bbox 1420 789 1496 851; x_wconf 86' lang='grc' dir='ltr'>ὠς</span> <span class='ocrx_word' id='word_1_53' title='bbox 1516 791 1548 859; x_wconf 67' lang='grc' dir='ltr'><strong>η</strong></span> <span class='ocrx_word' id='word_1_54' title='bbox 1571 788 1875 842; x_wconf 78' lang='grc' dir='ltr'><strong>τίκτουσα.»</strong></span> 
     </span>
    </p>
   </div>
   <div class='ocr_carea' id='block_1_10' title="bbox 302 879 1882 950">
    <p class='ocr_par' dir='ltr' id='par_1_10' title="bbox 302 879 1882 950">
     <span class='ocr_line' id='line_1_10' title="bbox 302 879 1882 950; baseline -0.001 -15"><span class='ocrx_word' id='word_1_55' title='bbox 302 882 579 950; x_wconf 80' lang='grc' dir='ltr'>’Ὺπόμενε</span> <span class='ocrx_word' id='word_1_56' title='bbox 597 879 698 943; x_wconf 80' lang='grc' dir='ltr'><strong>τὰς</strong></span> <span class='ocrx_word' id='word_1_57' title='bbox 726 879 1079 950; x_wconf 73' lang='grc' dir='ltr'><strong>ἐπικειμένας</strong></span> <span class='ocrx_word' id='word_1_58' title='bbox 1108 881 1320 943; x_wconf 78' lang='grc' dir='ltr'>ὠδῖνας,</span> <span class='ocrx_word' id='word_1_59' title='bbox 1345 881 1439 935; x_wconf 73' lang='grc' dir='ltr'>καὶ</span> <span class='ocrx_word' id='word_1_60' title='bbox 1460 882 1516 933; x_wconf 86' lang='grc' dir='ltr'><strong>ἐν</strong></span> <span class='ocrx_word' id='word_1_61' title='bbox 1545 881 1736 943; x_wconf 79' lang='grc' dir='ltr'>αὐταῖς</span> <span class='ocrx_word' id='word_1_62' title='bbox 1767 880 1882 933; x_wconf 87' lang='grc' dir='ltr'>δια-</span> 
     </span>
    </p>
   </div>
   <div class='ocr_carea' id='block_1_11' title="bbox 312 971 1882 1043">
    <p class='ocr_par' dir='ltr' id='par_1_11' title="bbox 312 971 1882 1043">
     <span class='ocr_line' id='line_1_11' title="bbox 312 971 1882 1043; baseline -0.001 -16"><span class='ocrx_word' id='word_1_63' title='bbox 312 973 559 1043; x_wconf 74' lang='grc' dir='ltr'>καρτέριι</span> <span class='ocrx_word' id='word_1_64' title='bbox 582 972 741 1043; x_wconf 85' lang='grc' dir='ltr'>δίκην</span> <span class='ocrx_word' id='word_1_65' title='bbox 761 971 1073 1042; x_wconf 79' lang='grc' dir='ltr'><strong>τικτούσης,</strong></span> <span class='ocrx_word' id='word_1_66' title='bbox 1093 973 1524 1043; x_wconf 75' lang='grc' dir='ltr'>προσεγγίζουοα</span> <span class='ocrx_word' id='word_1_67' title='bbox 1549 974 1666 1035; x_wconf 86' lang='grc' dir='ltr'>ταῖς</span> <span class='ocrx_word' id='word_1_68' title='bbox 1696 974 1760 1025; x_wconf 90' lang='grc' dir='ltr'><strong>ἐκ</strong></span> <span class='ocrx_word' id='word_1_69' title='bbox 1787 973 1882 1025; x_wconf 78' lang='grc' dir='ltr'>τοῦ</span> 
     </span>
    </p>
   </div>
   <div class='ocr_carea' id='block_1_12' title="bbox 310 1062 1883 1134">
    <p class='ocr_par' dir='ltr' id='par_1_12' title="bbox 310 1062 1883 1134">
     <span class='ocr_line' id='line_1_12' title="bbox 310 1062 1883 1134; baseline -0.001 -17"><span class='ocrx_word' id='word_1_70' title='bbox 310 1066 504 1121; x_wconf 81' lang='grc' dir='ltr'>τίκτειν</span> <span class='ocrx_word' id='word_1_71' title='bbox 534 1063 775 1127; x_wconf 87' lang='grc' dir='ltr'>ώδίναις.</span> <span class='ocrx_word' id='word_1_72' title='bbox 815 1081 834 1115; x_wconf 82' lang='grc' dir='ltr'>ι</span> <span class='ocrx_word' id='word_1_73' title='bbox 871 1064 1027 1116; x_wconf 56' lang='grc' dir='ltr'>Διότικ</span> <span class='ocrx_word' id='word_1_74' title='bbox 1047 1064 1137 1117; x_wconf 79' lang='grc' dir='ltr'><strong>νῦν</strong></span> <span class='ocrx_word' id='word_1_75' title='bbox 1169 1062 1424 1134; x_wconf 76' lang='grc' dir='ltr'>ἐξελεύσῃ</span> <span class='ocrx_word' id='word_1_76' title='bbox 1451 1066 1514 1116; x_wconf 83' lang='grc' dir='ltr'><strong>ἐκ</strong></span> <span class='ocrx_word' id='word_1_77' title='bbox 1540 1064 1765 1125; x_wconf 58' lang='grc' dir='ltr'>πόλεως,</span> <span class='ocrx_word' id='word_1_78' title='bbox 1790 1065 1883 1116; x_wconf 75' lang='grc' dir='ltr'>καὶ</span> 
     </span>
    </p>
   </div>
   <div class='ocr_carea' id='block_1_13' title="bbox 312 1153 1871 1227">
    <p class='ocr_par' dir='ltr' id='par_1_13' title="bbox 312 1153 1871 1227">
     <span class='ocr_line' id='line_1_13' title="bbox 312 1153 1871 1227; baseline -0.004 -17"><span class='ocrx_word' id='word_1_79' title='bbox 312 1156 751 1227; x_wconf 77' lang='grc' dir='ltr'><strong>κατασκηνώσεις</strong></span> <span class='ocrx_word' id='word_1_80' title='bbox 778 1158 838 1209; x_wconf 81' lang='grc' dir='ltr'><strong>ἐν</strong></span> <span class='ocrx_word' id='word_1_81' title='bbox 866 1154 1052 1225; x_wconf 81' lang='grc' dir='ltr'>πεδίῳ,</span> <span class='ocrx_word' id='word_1_82' title='bbox 1082 1156 1176 1207; x_wconf 75' lang='grc' dir='ltr'>καὶ</span> <span class='ocrx_word' id='word_1_83' title='bbox 1204 1153 1356 1227; x_wconf 68' lang='grc' dir='ltr'>ἥξεις</span> <span class='ocrx_word' id='word_1_84' title='bbox 1383 1154 1487 1216; x_wconf 75' lang='grc' dir='ltr'>ἕως</span> <span class='ocrx_word' id='word_1_85' title='bbox 1506 1153 1871 1216; x_wconf 66' lang='grc' dir='ltr'>Βαϐυλῶνος..</span> 
     </span>
    </p>
   </div>
   <div class='ocr_carea' id='block_1_14' title="bbox 313 1243 1893 1317">
    <p class='ocr_par' dir='ltr' id='par_1_14' title="bbox 313 1243 1893 1317">
     <span class='ocr_line' id='line_1_14' title="bbox 313 1243 1893 1317; baseline -0.004 -17"><span class='ocrx_word' id='word_1_86' title='bbox 313 1245 485 1317; x_wconf 84' lang='grc' dir='ltr'>Πέρας</span> <span class='ocrx_word' id='word_1_87' title='bbox 501 1246 613 1316; x_wconf 81' lang='grc' dir='ltr'><strong>γὰρ</strong></span> <span class='ocrx_word' id='word_1_88' title='bbox 646 1246 837 1315; x_wconf 76' lang='grc' dir='ltr'>εἴληφε</span> <span class='ocrx_word' id='word_1_89' title='bbox 889 1244 958 1297; x_wconf 83' lang='grc' dir='ltr'>τὰ</span> <span class='ocrx_word' id='word_1_90' title='bbox 987 1244 1125 1298; x_wconf 82' lang='grc' dir='ltr'>κατὰ</span> <span class='ocrx_word' id='word_1_91' title='bbox 1161 1245 1238 1308; x_wconf 82' lang='grc' dir='ltr'><strong>σέ,</strong></span> <span class='ocrx_word' id='word_1_92' title='bbox 1268 1244 1360 1297; x_wconf 77' lang='grc' dir='ltr'>καὶ</span> <span class='ocrx_word' id='word_1_93' title='bbox 1393 1243 1641 1313; x_wconf 79' lang='grc' dir='ltr'>ληφθήσῃ</span> <span class='ocrx_word' id='word_1_94' title='bbox 1690 1243 1787 1312; x_wconf 81' lang='grc' dir='ltr'>μὲν</span> <span class='ocrx_word' id='word_1_95' title='bbox 1821 1244 1893 1294; x_wconf 65' lang='grc' dir='ltr'>ἐκι</span> 
     </span>
    </p>
   </div>
   <div class='ocr_carea' id='block_1_15' title="bbox 314 1333 1901 1408">
    <p class='ocr_par' dir='ltr' id='par_1_15' title="bbox 314 1333 1901 1408">
     <span class='ocr_line' id='line_1_15' title="bbox 314 1333 1901 1408; baseline -0.005 -17"><span class='ocrx_word' id='word_1_96' title='bbox 314 1341 400 1408; x_wconf 79' lang='grc' dir='ltr'>τῆς</span> <span class='ocrx_word' id='word_1_97' title='bbox 428 1338 636 1401; x_wconf 79' lang='grc' dir='ltr'>πόλεως</span> <span class='ocrx_word' id='word_1_98' title='bbox 666 1340 748 1399; x_wconf 87' lang='grc' dir='ltr'><strong>είς</strong></span> <span class='ocrx_word' id='word_1_99' title='bbox 775 1336 1151 1407; x_wconf 84' lang='grc' dir='ltr'>αίχμαλωσίαν</span> <span class='ocrx_word' id='word_1_100' title='bbox 1180 1352 1194 1365; x_wconf 90' lang='grc'><strong>·</strong></span> <span class='ocrx_word' id='word_1_101' title='bbox 1224 1335 1544 1404; x_wconf 81' lang='grc' dir='ltr'><strong>ἀπαγομένη</strong></span> <span class='ocrx_word' id='word_1_102' title='bbox 1574 1335 1631 1386; x_wconf 77' lang='grc' dir='ltr'><strong>δέ</strong></span> <span class='ocrx_word' id='word_1_103' title='bbox 1655 1335 1732 1395; x_wconf 86' lang='grc' dir='ltr'><strong>είς</strong></span> <span class='ocrx_word' id='word_1_104' title='bbox 1757 1333 1901 1395; x_wconf 72' lang='grc' dir='ltr'>τοὺς-</span> 
     </span>
    </p>
   </div>
   <div class='ocr_carea' id='block_1_16' title="bbox 313 1422 1885 1498">
    <p class='ocr_par' dir='ltr' id='par_1_16' title="bbox 313 1422 1885 1498">
     <span class='ocr_line' id='line_1_16' title="bbox 313 1422 1885 1498; baseline -0.004 -17"><span class='ocrx_word' id='word_1_105' title='bbox 313 1430 560 1497; x_wconf 75' lang='grc' dir='ltr'>τυχόντας</span> <span class='ocrx_word' id='word_1_106' title='bbox 574 1428 797 1491; x_wconf 80' lang='grc' dir='ltr'><strong>τόπους,</strong></span> <span class='ocrx_word' id='word_1_107' title='bbox 822 1427 1130 1498; x_wconf 76' lang='grc' dir='ltr'>ἐρῤιμμένη</span> <span class='ocrx_word' id='word_1_108' title='bbox 1157 1427 1379 1492; x_wconf 79' lang='grc' dir='ltr'><strong>διάξεις,</strong></span> <span class='ocrx_word' id='word_1_109' title='bbox 1400 1422 1486 1478; x_wconf 78' lang='grc' dir='ltr'>οἷα</span> <span class='ocrx_word' id='word_1_110' title='bbox 1516 1424 1885 1493; x_wconf 59' lang='grc' dir='ltr'>εἰκὸςεαίχμά-</span> 
     </span>
    </p>
   </div>
   <div class='ocr_carea' id='block_1_17' title="bbox 313 1516 1889 1589">
    <p class='ocr_par' dir='ltr' id='par_1_17' title="bbox 313 1516 1889 1589">
     <span class='ocr_line' id='line_1_17' title="bbox 313 1516 1889 1589; baseline -0.003 -17"><span class='ocrx_word' id='word_1_111' title='bbox 313 1520 468 1583; x_wconf 85' lang='grc' dir='ltr'>λωτος</span> <span class='ocrx_word' id='word_1_112' title='bbox 531 1521 874 1589; x_wconf 86' lang='grc' dir='ltr'>ἐπαγομένη,</span> <span class='ocrx_word' id='word_1_113' title='bbox 926 1519 1083 1589; x_wconf 77' lang='grc' dir='ltr'>ἄχρις</span> <span class='ocrx_word' id='word_1_114' title='bbox 1134 1518 1201 1571; x_wconf 76' lang='grc' dir='ltr'>ἂν</span> <span class='ocrx_word' id='word_1_115' title='bbox 1251 1519 1334 1581; x_wconf 79' lang='grc' dir='ltr'><strong>εἰς</strong></span> <span class='ocrx_word' id='word_1_116' title='bbox 1388 1516 1556 1587; x_wconf 73' lang='grc' dir='ltr'>αὐτὴν</span> <span class='ocrx_word' id='word_1_117' title='bbox 1589 1516 1766 1584; x_wconf 82' lang='grc' dir='ltr'>γένοιο</span> <span class='ocrx_word' id='word_1_118' title='bbox 1784 1517 1889 1583; x_wconf 74' lang='grc' dir='ltr'>τὴν</span> 
     </span>
    </p>
   </div>
   <div class='ocr_carea' id='block_1_18' title="bbox 314 1605 1884 1684">
    <p class='ocr_par' dir='ltr' id='par_1_18' title="bbox 314 1605 1884 1684">
     <span class='ocr_line' id='line_1_18' title="bbox 314 1605 1884 1684; baseline -0.004 -19"><span class='ocrx_word' id='word_1_119' title='bbox 314 1611 622 1677; x_wconf 73' lang='grc' dir='ltr'>Βαϐυλῶνα,</span> <span class='ocrx_word' id='word_1_120' title='bbox 680 1612 740 1664; x_wconf 76' lang='grc' dir='ltr'>ἐν</span> <span class='ocrx_word' id='word_1_121' title='bbox 786 1605 932 1684; x_wconf 76' lang='grc' dir='ltr'>ᾗπερ</span> <span class='ocrx_word' id='word_1_122' title='bbox 974 1610 1179 1677; x_wconf 78' lang='grc' dir='ltr'>διάγειν</span> <span class='ocrx_word' id='word_1_123' title='bbox 1211 1626 1269 1663; x_wconf 83' lang='grc' dir='ltr'><strong>σε</strong></span> <span class='ocrx_word' id='word_1_124' title='bbox 1305 1608 1440 1680; x_wconf 82' lang='grc' dir='ltr'>μετὰ</span> <span class='ocrx_word' id='word_1_125' title='bbox 1472 1609 1572 1678; x_wconf 84' lang='grc' dir='ltr'>τῆς</span> <span class='ocrx_word' id='word_1_126' title='bbox 1599 1608 1884 1677; x_wconf 77' lang='grc' dir='ltr'>συμφορᾶς</span> 
     </span>
    </p>
   </div>
   <div class='ocr_carea' id='block_1_19' title="bbox 315 1698 1883 1774">
    <p class='ocr_par' dir='ltr' id='par_1_19' title="bbox 315 1698 1883 1774">
     <span class='ocr_line' id='line_1_19' title="bbox 315 1698 1883 1774; baseline -0.003 -18"><span class='ocrx_word' id='word_1_127' title='bbox 315 1703 516 1774; x_wconf 73' lang='grc' dir='ltr'>ἀνάγκη</span> <span class='ocrx_word' id='word_1_128' title='bbox 570 1704 670 1772; x_wconf 83' lang='grc' dir='ltr'><strong>τῆς</strong></span> <span class='ocrx_word' id='word_1_129' title='bbox 720 1703 929 1765; x_wconf 71' lang='grc' dir='ltr'>οἰκείας</span> <span class='ocrx_word' id='word_1_130' title='bbox 956 1720 970 1733; x_wconf 88' lang='grc'><strong>·</strong></span> <span class='ocrx_word' id='word_1_131' title='bbox 1013 1698 1130 1755; x_wconf 74' lang='grc' dir='ltr'>εἶτα</span> <span class='ocrx_word' id='word_1_132' title='bbox 1186 1702 1285 1771; x_wconf 84' lang='grc' dir='ltr'>τὴν</span> <span class='ocrx_word' id='word_1_133' title='bbox 1321 1700 1590 1771; x_wconf 80' lang='grc' dir='ltr'><strong>τιμωρίαν</strong></span> <span class='ocrx_word' id='word_1_134' title='bbox 1627 1698 1883 1770; x_wconf 74' lang='grc' dir='ltr'>εἰρηκὼς,</span> 
     </span>
    </p>
   </div>
   <div class='ocr_carea' id='block_1_20' title="bbox 1986 519 3552 590">
    <p class='ocr_par' dir='ltr' id='par_1_20' title="bbox 1986 519 3552 590">
     <span class='ocr_line' id='line_1_20' title="bbox 1986 519 3552 590; baseline -0.001 -17"><span class='ocrx_word' id='word_1_135' title='bbox 1986 527 2208 588; x_wconf 70' lang='lat' dir='ltr'><strong>experta</strong></span> <span class='ocrx_word' id='word_1_136' title='bbox 2250 519 2469 586; x_wconf 82' lang='lat' dir='ltr'><strong>fuisses,</strong></span> <span class='ocrx_word' id='word_1_137' title='bbox 2502 519 2548 574; x_wconf 90' lang='lat' dir='ltr'><strong>si</strong></span> <span class='ocrx_word' id='word_1_138' title='bbox 2589 522 2759 590; x_wconf 81' lang='lat' dir='ltr'><strong>legem</strong></span> <span class='ocrx_word' id='word_1_139' title='bbox 2802 536 2978 575; x_wconf 88' lang='lat' dir='ltr'><strong>meam</strong></span> <span class='ocrx_word' id='word_1_140' title='bbox 3023 519 3420 575; x_wconf 81' lang='lat' dir='ltr'><strong>observandam</strong></span> <span class='ocrx_word' id='word_1_141' title='bbox 3452 532 3552 572; x_wconf 82' lang='lat' dir='ltr'><strong>cu-</strong></span> 
     </span>
    </p>
   </div>
   <div class='ocr_carea' id='block_1_21' title="bbox 1992 608 3554 677">
    <p class='ocr_par' dir='ltr' id='par_1_21' title="bbox 1992 608 3554 677">
     <span class='ocr_line' id='line_1_21' title="bbox 1992 608 3554 677; baseline -0.001 -14"><span class='ocrx_word' id='word_1_142' title='bbox 1992 625 2197 666; x_wconf 86' lang='lat' dir='ltr'><strong>rasses.</strong></span> <span class='ocrx_word' id='word_1_143' title='bbox 2228 610 2382 677; x_wconf 88' lang='lat' dir='ltr'><strong>Quod</strong></span> <span class='ocrx_word' id='word_1_144' title='bbox 2411 628 2537 665; x_wconf 90' lang='lat' dir='ltr'><strong>cum</strong></span> <span class='ocrx_word' id='word_1_145' title='bbox 2562 628 2669 666; x_wconf 90' lang='lat' dir='ltr'><strong>non</strong></span> <span class='ocrx_word' id='word_1_146' title='bbox 2699 612 2916 674; x_wconf 80' lang='lat' dir='ltr'><strong>feceris,</strong></span> <span class='ocrx_word' id='word_1_147' title='bbox 2942 611 3067 665; x_wconf 90' lang='lat' dir='ltr'><strong>audi</strong></span> <span class='ocrx_word' id='word_1_148' title='bbox 3098 628 3111 664; x_wconf 89' lang='lat'><strong>:</strong></span> <span class='ocrx_word' id='word_1_149' title='bbox 3148 630 3166 662; x_wconf 79' lang='grc' dir='ltr'>ι</span> <span class='ocrx_word' id='word_1_150' title='bbox 3198 608 3359 674; x_wconf 89' lang='lat' dir='ltr'><strong>Dole,</strong></span> <span class='ocrx_word' id='word_1_151' title='bbox 3392 615 3446 663; x_wconf 89' lang='lat' dir='ltr'><strong>et</strong></span> <span class='ocrx_word' id='word_1_152' title='bbox 3475 609 3554 662; x_wconf 86' lang='lat' dir='ltr'><strong>vi-</strong></span> 
     </span>
    </p>
   </div>
   <div class='ocr_carea' id='block_1_22' title="bbox 1988 700 3555 774">
    <p class='ocr_par' dir='ltr' id='par_1_22' title="bbox 1988 700 3555 774">
     <span class='ocr_line' id='line_1_22' title="bbox 1988 700 3555 774; baseline -0.003 -19"><span class='ocrx_word' id='word_1_153' title='bbox 1988 702 2167 756; x_wconf 92' lang='lat' dir='ltr'><strong>riliter</strong></span> <span class='ocrx_word' id='word_1_154' title='bbox 2193 718 2314 773; x_wconf 88' lang='lat' dir='ltr'><strong>age,</strong></span> <span class='ocrx_word' id='word_1_155' title='bbox 2351 712 2405 757; x_wconf 92' lang='lat' dir='ltr'><strong>et</strong></span> <span class='ocrx_word' id='word_1_156' title='bbox 2433 705 2832 774; x_wconf 86' lang='lat' dir='ltr'><strong>appropinqua.</strong></span> <span class='ocrx_word' id='word_1_157' title='bbox 2865 704 2973 757; x_wconf 83' lang='lat' dir='ltr'><strong>tilia</strong></span> <span class='ocrx_word' id='word_1_158' title='bbox 3011 700 3215 765; x_wconf 88' lang='lat' dir='ltr'><strong>Sionis,</strong></span> <span class='ocrx_word' id='word_1_159' title='bbox 3254 701 3399 756; x_wconf 91' lang='lat' dir='ltr'><strong>sicut</strong></span> <span class='ocrx_word' id='word_1_160' title='bbox 3435 714 3555 769; x_wconf 89' lang='lat' dir='ltr'><strong>par-</strong></span> 
     </span>
    </p>
   </div>
   <div class='ocr_carea' id='block_1_23' title="bbox 1989 793 3557 865">
    <p class='ocr_par' dir='ltr' id='par_1_23' title="bbox 1989 793 3557 865">
     <span class='ocr_line' id='line_1_23' title="bbox 1989 793 3557 865; baseline -0.003 -19"><span class='ocrx_word' id='word_1_161' title='bbox 1989 793 2223 848; x_wconf 89' lang='lat' dir='ltr'><strong>turiens.</strong></span> <span class='ocrx_word' id='word_1_162' title='bbox 2246 812 2282 845; x_wconf 69' lang='grc' dir='ltr'><strong>ι»</strong></span> <span class='ocrx_word' id='word_1_163' title='bbox 2311 793 2495 849; x_wconf 85' lang='lat' dir='ltr'><strong>Perfer</strong></span> <span class='ocrx_word' id='word_1_164' title='bbox 2523 796 2839 865; x_wconf 83' lang='lat' dir='ltr'><strong>ingruentes</strong></span> <span class='ocrx_word' id='word_1_165' title='bbox 2861 795 3100 859; x_wconf 81' lang='lat' dir='ltr'><strong>dolores,</strong></span> <span class='ocrx_word' id='word_1_166' title='bbox 3134 795 3187 845; x_wconf 91' lang='lat' dir='ltr'><strong>in</strong></span> <span class='ocrx_word' id='word_1_167' title='bbox 3220 793 3397 861; x_wconf 88' lang='lat' dir='ltr'><strong>iisque</strong></span> <span class='ocrx_word' id='word_1_168' title='bbox 3423 804 3557 844; x_wconf 81' lang='lat' dir='ltr'><strong>con-</strong></span> 
     </span>
    </p>
   </div>
   <div class='ocr_carea' id='block_1_24' title="bbox 1990 883 3557 955">
    <p class='ocr_par' dir='ltr' id='par_1_24' title="bbox 1990 883 3557 955">
     <span class='ocr_line' id='line_1_24' title="bbox 1990 883 3557 955; baseline -0.003 -17"><span class='ocrx_word' id='word_1_169' title='bbox 1990 892 2201 938; x_wconf 87' lang='lat' dir='ltr'><strong>stanter</strong></span> <span class='ocrx_word' id='word_1_170' title='bbox 2231 900 2327 953; x_wconf 92' lang='lat' dir='ltr'><strong>age</strong></span> <span class='ocrx_word' id='word_1_171' title='bbox 2359 886 2516 954; x_wconf 85' lang='lat' dir='ltr'><strong>quasi</strong></span> <span class='ocrx_word' id='word_1_172' title='bbox 2549 886 2885 955; x_wconf 74' lang='lat' dir='ltr'><strong>parturiens,</strong></span> <span class='ocrx_word' id='word_1_173' title='bbox 2908 883 3405 954; x_wconf 85' lang='lat' dir='ltr'><strong>prepinquautibus</strong></span> <span class='ocrx_word' id='word_1_174' title='bbox 3437 894 3557 949; x_wconf 79' lang='lat' dir='ltr'><strong>par-</strong></span> 
     </span>
    </p>
   </div>
   <div class='ocr_carea' id='block_1_25' title="bbox 1990 968 3555 1041">
    <p class='ocr_par' dir='ltr' id='par_1_25' title="bbox 1990 968 3555 1041">
     <span class='ocr_line' id='line_1_25' title="bbox 1990 968 3555 1041; baseline -0.004 -15"><span class='ocrx_word' id='word_1_175' title='bbox 1990 981 2083 1028; x_wconf 85' lang='lat' dir='ltr'><strong>tus</strong></span> <span class='ocrx_word' id='word_1_176' title='bbox 2116 972 2420 1028; x_wconf 81' lang='lat' dir='ltr'><strong>doloribus.</strong></span> <span class='ocrx_word' id='word_1_177' title='bbox 2464 993 2482 1025; x_wconf 84' lang='grc' dir='ltr'>ι</span> <span class='ocrx_word' id='word_1_178' title='bbox 2526 974 2664 1039; x_wconf 80' lang='lat' dir='ltr'><strong>Quia</strong></span> <span class='ocrx_word' id='word_1_179' title='bbox 2690 990 2835 1027; x_wconf 89' lang='lat' dir='ltr'><strong>nunc</strong></span> <span class='ocrx_word' id='word_1_180' title='bbox 2879 971 3179 1041; x_wconf 86' lang='lat' dir='ltr'><strong>egredieris</strong></span> <span class='ocrx_word' id='word_1_181' title='bbox 3218 970 3285 1023; x_wconf 89' lang='lat' dir='ltr'><strong>de</strong></span> <span class='ocrx_word' id='word_1_182' title='bbox 3317 968 3555 1028; x_wconf 85' lang='lat' dir='ltr'><strong>civitate,</strong></span> 
     </span>
    </p>
   </div>
   <div class='ocr_carea' id='block_1_26' title="bbox 1987 1059 3563 1135">
    <p class='ocr_par' dir='ltr' id='par_1_26' title="bbox 1987 1059 3563 1135">
     <span class='ocr_line' id='line_1_26' title="bbox 1987 1059 3563 1135; baseline -0.003 -18"><span class='ocrx_word' id='word_1_183' title='bbox 1987 1073 2041 1117; x_wconf 91' lang='lat' dir='ltr'><strong>et</strong></span> <span class='ocrx_word' id='word_1_184' title='bbox 2072 1064 2349 1119; x_wconf 84' lang='lat' dir='ltr'><strong>babitabis</strong></span> <span class='ocrx_word' id='word_1_185' title='bbox 2396 1066 2450 1118; x_wconf 89' lang='lat' dir='ltr'><strong>in</strong></span> <span class='ocrx_word' id='word_1_186' title='bbox 2490 1080 2726 1135; x_wconf 87' lang='lat' dir='ltr'><strong>campo,</strong></span> <span class='ocrx_word' id='word_1_187' title='bbox 2768 1074 2823 1119; x_wconf 89' lang='lat' dir='ltr'><strong>et</strong></span> <span class='ocrx_word' id='word_1_188' title='bbox 2878 1064 3065 1118; x_wconf 87' lang='lat' dir='ltr'><strong>venies</strong></span> <span class='ocrx_word' id='word_1_189' title='bbox 3112 1075 3284 1131; x_wconf 87' lang='lat' dir='ltr'><strong>usque</strong></span> <span class='ocrx_word' id='word_1_190' title='bbox 3331 1059 3563 1129; x_wconf 80' lang='lat' dir='ltr'><strong>Babylo-</strong></span> 
     </span>
    </p>
   </div>
   <div class='ocr_carea' id='block_1_27' title="bbox 1989 1149 3557 1217">
    <p class='ocr_par' dir='ltr' id='par_1_27' title="bbox 1989 1149 3557 1217">
     <span class='ocr_line' id='line_1_27' title="bbox 1989 1149 3557 1217; baseline -0.004 -10"><span class='ocrx_word' id='word_1_191' title='bbox 1989 1169 2134 1209; x_wconf 86' lang='lat' dir='ltr'><strong>nem.</strong></span> <span class='ocrx_word' id='word_1_192' title='bbox 2176 1173 2196 1207; x_wconf 73' lang='grc' dir='ltr'>ι</span> <span class='ocrx_word' id='word_1_193' title='bbox 2249 1153 2403 1210; x_wconf 85' lang='lat' dir='ltr'><strong>Finis</strong></span> <span class='ocrx_word' id='word_1_194' title='bbox 2451 1171 2632 1210; x_wconf 85' lang='lat' dir='ltr'><strong>rerum</strong></span> <span class='ocrx_word' id='word_1_195' title='bbox 2689 1164 2905 1209; x_wconf 85' lang='lat' dir='ltr'><strong>tuarum</strong></span> <span class='ocrx_word' id='word_1_196' title='bbox 2960 1161 3077 1217; x_wconf 89' lang='lat' dir='ltr'><strong>est,</strong></span> <span class='ocrx_word' id='word_1_197' title='bbox 3127 1162 3182 1208; x_wconf 91' lang='lat' dir='ltr'><strong>et</strong></span> <span class='ocrx_word' id='word_1_198' title='bbox 3223 1169 3288 1206; x_wconf 79' lang='lat' dir='ltr'><strong>ex</strong></span> <span class='ocrx_word' id='word_1_199' title='bbox 3328 1151 3465 1204; x_wconf 90' lang='lat' dir='ltr'><strong>urbe</strong></span> <span class='ocrx_word' id='word_1_200' title='bbox 3502 1149 3557 1202; x_wconf 92' lang='lat' dir='ltr'><strong>in</strong></span> 
     </span>
    </p>
   </div>
   <div class='ocr_carea' id='block_1_28' title="bbox 1990 1243 3557 1316">
    <p class='ocr_par' dir='ltr' id='par_1_28' title="bbox 1990 1243 3557 1316">
     <span class='ocr_line' id='line_1_28' title="bbox 1990 1243 3557 1316; baseline -0.001 -20"><span class='ocrx_word' id='word_1_201' title='bbox 1990 1245 2364 1314; x_wconf 76' lang='lat' dir='ltr'><strong>captivitatem</strong></span> <span class='ocrx_word' id='word_1_202' title='bbox 2408 1246 2788 1316; x_wconf 88' lang='lat' dir='ltr'><strong>deportaberis</strong></span> <span class='ocrx_word' id='word_1_203' title='bbox 2822 1264 2834 1300; x_wconf 90' lang='lat'><strong>:</strong></span> <span class='ocrx_word' id='word_1_204' title='bbox 2869 1245 3105 1300; x_wconf 83' lang='lat' dir='ltr'><strong>abducta</strong></span> <span class='ocrx_word' id='word_1_205' title='bbox 3149 1258 3280 1299; x_wconf 90' lang='lat' dir='ltr'><strong>vero</strong></span> <span class='ocrx_word' id='word_1_206' title='bbox 3318 1243 3374 1296; x_wconf 91' lang='lat' dir='ltr'><strong>in</strong></span> <span class='ocrx_word' id='word_1_207' title='bbox 3406 1255 3557 1311; x_wconf 69' lang='lat' dir='ltr'><strong>quas-</strong></span> 
     </span>
    </p>
   </div>
   <div class='ocr_carea' id='block_1_29' title="bbox 1990 1332 3559 1423">
    <p class='ocr_par' dir='ltr' id='par_1_29' title="bbox 1990 1332 3559 1423">
     <span class='ocr_line' id='line_1_29' title="bbox 1990 1332 3559 1423; baseline -0.002 -34"><span class='ocrx_word' id='word_1_208' title='bbox 1990 1337 2120 1391; x_wconf 90' lang='lat' dir='ltr'><strong>libet</strong></span> <span class='ocrx_word' id='word_1_209' title='bbox 2166 1337 2305 1401; x_wconf 89' lang='lat' dir='ltr'><strong>loca,</strong></span> <span class='ocrx_word' id='word_1_210' title='bbox 2355 1337 2598 1423; x_wconf 40' lang='lat' dir='ltr'><strong>proje‘cta</strong></span> <span class='ocrx_word' id='word_1_211' title='bbox 2639 1337 2885 1407; x_wconf 84' lang='lat' dir='ltr'><strong>jacebis,</strong></span> <span class='ocrx_word' id='word_1_212' title='bbox 2936 1344 2991 1390; x_wconf 88' lang='lat' dir='ltr'><strong>ut</strong></span> <span class='ocrx_word' id='word_1_213' title='bbox 3040 1336 3264 1407; x_wconf 72' lang='lat' dir='ltr'><strong>captiva:</strong></span> <span class='ocrx_word' id='word_1_214' title='bbox 3315 1332 3559 1388; x_wconf 82' lang='lat' dir='ltr'><strong>conditio</strong></span> 
     </span>
    </p>
   </div>
   <div class='ocr_carea' id='block_1_30' title="bbox 1991 1425 3557 1499">
    <p class='ocr_par' dir='ltr' id='par_1_30' title="bbox 1991 1425 3557 1499">
     <span class='ocr_line' id='line_1_30' title="bbox 1991 1425 3557 1499; baseline 0 -19"><span class='ocrx_word' id='word_1_215' title='bbox 1991 1427 2115 1492; x_wconf 88' lang='lat' dir='ltr'><strong>fert,</strong></span> <span class='ocrx_word' id='word_1_216' title='bbox 2143 1426 2314 1483; x_wconf 88' lang='lat' dir='ltr'><strong>donec</strong></span> <span class='ocrx_word' id='word_1_217' title='bbox 2351 1428 2419 1483; x_wconf 91' lang='lat' dir='ltr'><strong>ad</strong></span> <span class='ocrx_word' id='word_1_218' title='bbox 2452 1430 2623 1499; x_wconf 87' lang='lat' dir='ltr'><strong>ipsam</strong></span> <span class='ocrx_word' id='word_1_219' title='bbox 2657 1444 2831 1499; x_wconf 88' lang='lat' dir='ltr'><strong>usque</strong></span> <span class='ocrx_word' id='word_1_220' title='bbox 2861 1428 3189 1499; x_wconf 84' lang='lat' dir='ltr'><strong>Babylonem</strong></span> <span class='ocrx_word' id='word_1_221' title='bbox 3226 1425 3557 1496; x_wconf 79' lang='lat' dir='ltr'><strong>perveneris,</strong></span> 
     </span>
    </p>
   </div>
   <div class='ocr_carea' id='block_1_31' title="bbox 1991 1519 3561 1588">
    <p class='ocr_par' dir='ltr' id='par_1_31' title="bbox 1991 1519 3561 1588">
     <span class='ocr_line' id='line_1_31' title="bbox 1991 1519 3561 1588; baseline -0.001 -16"><span class='ocrx_word' id='word_1_222' title='bbox 1991 1520 2046 1572; x_wconf 91' lang='lat' dir='ltr'><strong>in</strong></span> <span class='ocrx_word' id='word_1_223' title='bbox 2078 1528 2266 1588; x_wconf 85' lang='lat' dir='ltr'><strong>quate</strong></span> <span class='ocrx_word' id='word_1_224' title='bbox 2293 1520 2540 1575; x_wconf 84' lang='lat' dir='ltr'><strong>habitare</strong></span> <span class='ocrx_word' id='word_1_225' title='bbox 2572 1521 2881 1576; x_wconf 83' lang='lat' dir='ltr'><strong>calamitate</strong></span> <span class='ocrx_word' id='word_1_226' title='bbox 2921 1530 3012 1574; x_wconf 88' lang='lat' dir='ltr'><strong>tua</strong></span> <span class='ocrx_word' id='word_1_227' title='bbox 3054 1519 3308 1573; x_wconf 87' lang='lat' dir='ltr'><strong>obrutam</strong></span> <span class='ocrx_word' id='word_1_228' title='bbox 3336 1532 3561 1572; x_wconf 81' lang='lat' dir='ltr'><strong>necesse</strong></span> 
     </span>
    </p>
   </div>
   <div class='ocr_carea' id='block_1_32' title="bbox 1991 1609 3562 1681">
    <p class='ocr_par' dir='ltr' id='par_1_32' title="bbox 1991 1609 3562 1681">
     <span class='ocr_line' id='line_1_32' title="bbox 1991 1609 3562 1681; baseline -0.002 -17"><span class='ocrx_word' id='word_1_229' title='bbox 1991 1617 2096 1664; x_wconf 88' lang='lat' dir='ltr'><strong>est.</strong></span> <span class='ocrx_word' id='word_1_230' title='bbox 2132 1609 2269 1664; x_wconf 81' lang='lat' dir='ltr'><strong>Tum</strong></span> <span class='ocrx_word' id='word_1_231' title='bbox 2305 1619 2427 1681; x_wconf 89' lang='lat' dir='ltr'><strong>post</strong></span> <span class='ocrx_word' id='word_1_232' title='bbox 2456 1622 2740 1665; x_wconf 84' lang='lat' dir='ltr'><strong>narratam</strong></span> <span class='ocrx_word' id='word_1_233' title='bbox 2780 1626 2996 1680; x_wconf 64' lang='lat' dir='ltr'><strong>poenam</strong></span> <span class='ocrx_word' id='word_1_234' title='bbox 3018 1651 3032 1673; x_wconf 86' lang='lat'><strong>,</strong></span> <span class='ocrx_word' id='word_1_235' title='bbox 3058 1610 3306 1679; x_wconf 82' lang='lat' dir='ltr'><strong>ejusdem</strong></span> <span class='ocrx_word' id='word_1_236' title='bbox 3332 1609 3562 1664; x_wconf 81' lang='lat' dir='ltr'><strong>solutio-</strong></span> 
     </span>
    </p>
   </div>
   <div class='ocr_carea' id='block_1_33' title="bbox 1992 1699 3561 1764">
    <p class='ocr_par' dir='ltr' id='par_1_33' title="bbox 1992 1699 3561 1764">
     <span class='ocr_line' id='line_1_33' title="bbox 1992 1699 3561 1764; baseline -0.004 -9"><span class='ocrx_word' id='word_1_237' title='bbox 1992 1718 2114 1755; x_wconf 89' lang='lat' dir='ltr'><strong>nem</strong></span> <span class='ocrx_word' id='word_1_238' title='bbox 2144 1703 2451 1756; x_wconf 90' lang='lat' dir='ltr'><strong>connectit:</strong></span> <span class='ocrx_word' id='word_1_239' title='bbox 2471 1719 2490 1753; x_wconf 83' lang='lat' dir='ltr'><strong>t</strong></span> <span class='ocrx_word' id='word_1_240' title='bbox 2532 1701 2663 1756; x_wconf 89' lang='lat' dir='ltr'><strong>lude</strong></span> <span class='ocrx_word' id='word_1_241' title='bbox 2701 1712 2750 1756; x_wconf 92' lang='lat' dir='ltr'><strong>te</strong></span> <span class='ocrx_word' id='word_1_242' title='bbox 2777 1702 3057 1764; x_wconf 81' lang='lat' dir='ltr'><strong>liberabit,</strong></span> <span class='ocrx_word' id='word_1_243' title='bbox 3096 1699 3222 1754; x_wconf 88' lang='lat' dir='ltr'><strong>inde</strong></span> <span class='ocrx_word' id='word_1_244' title='bbox 3254 1707 3307 1753; x_wconf 90' lang='lat' dir='ltr'><strong>te</strong></span> <span class='ocrx_word' id='word_1_245' title='bbox 3333 1699 3561 1752; x_wconf 83' lang='lat' dir='ltr'><strong>redimet</strong></span> 
     </span>
    </p>
   </div>
   <div class='ocr_carea' id='block_1_34' title="bbox 316 1766 1890 1866">
    <p class='ocr_par' dir='ltr' id='par_1_34' title="bbox 316 1766 1885 1866">
     <span class='ocr_line' id='line_1_34' title="bbox 316 1766 1885 1866; baseline -0.004 -16"><span class='ocrx_word' id='word_1_246' title='bbox 316 1766 467 1850; x_wconf 78' lang='grc' dir='ltr'>πάλιν</span> <span class='ocrx_word' id='word_1_247' title='bbox 504 1766 669 1864; x_wconf 44' lang='grc' dir='ltr'>’λέγει</span> <span class='ocrx_word' id='word_1_248' title='bbox 722 1795 825 1866; x_wconf 76' lang='grc' dir='ltr'><strong>τὴν</strong></span> <span class='ocrx_word' id='word_1_249' title='bbox 869 1795 1022 1849; x_wconf 73' lang='grc' dir='ltr'>λύσιν</span> <span class='ocrx_word' id='word_1_250' title='bbox 1045 1813 1060 1827; x_wconf 77' lang='grc' dir='ltr'><strong><em>ο</em></strong></span> <span class='ocrx_word' id='word_1_251' title='bbox 1093 1813 1112 1846; x_wconf 80' lang='grc' dir='ltr'>ι</span> <span class='ocrx_word' id='word_1_252' title='bbox 1161 1766 1400 1847; x_wconf 79' lang='grc' dir='ltr'>Ἐκεῖθεν</span> <span class='ocrx_word' id='word_1_253' title='bbox 1432 1766 1653 1863; x_wconf 66' lang='grc' dir='ltr'>ρίὂσεταί</span> <span class='ocrx_word' id='word_1_254' title='bbox 1678 1766 1759 1856; x_wconf 77' lang='grc' dir='ltr'><strong>σε,</strong></span> <span class='ocrx_word' id='word_1_255' title='bbox 1791 1793 1885 1845; x_wconf 76' lang='grc' dir='ltr'>καὶ</span> 
     </span>
    </p>
   </div>
   <div class='ocr_carea' id='block_1_35' title="bbox 1994 1766 3555 1866">
    <p class='ocr_par' dir='ltr' id='par_1_35' title="bbox 1994 1792 3555 1847">
     <span class='ocr_line' id='line_1_35' title="bbox 1994 1792 3555 1847; baseline -0.003 -3"><span class='ocrx_word' id='word_1_256' title='bbox 1994 1792 2249 1847; x_wconf 87' lang='lat' dir='ltr'><strong>Dominus</strong></span> <span class='ocrx_word' id='word_1_257' title='bbox 2276 1792 2414 1847; x_wconf 85' lang='lat' dir='ltr'><strong>Deus</strong></span> <span class='ocrx_word' id='word_1_258' title='bbox 2438 1803 2565 1847; x_wconf 89' lang='lat' dir='ltr'><strong>tuus</strong></span> <span class='ocrx_word' id='word_1_259' title='bbox 2590 1793 2658 1847; x_wconf 88' lang='lat' dir='ltr'><strong>de</strong></span> <span class='ocrx_word' id='word_1_260' title='bbox 2691 1809 2855 1846; x_wconf 91' lang='lat' dir='ltr'><strong>manu</strong></span> <span class='ocrx_word' id='word_1_261' title='bbox 2884 1792 3230 1846; x_wconf 89' lang='lat' dir='ltr'><strong>inimicorum</strong></span> <span class='ocrx_word' id='word_1_262' title='bbox 3260 1798 3500 1843; x_wconf 89' lang='lat' dir='ltr'><strong>tuorum.</strong></span> <span class='ocrx_word' id='word_1_263' title='bbox 3536 1807 3555 1839; x_wconf 75' lang='grc' dir='ltr'><strong>ο</strong></span> 
     </span>
    </p>
   </div>
   <div class='ocr_carea' id='block_1_36' title="bbox 315 1885 1886 1958">
    <p class='ocr_par' dir='ltr' id='par_1_36' title="bbox 315 1885 1886 1958">
     <span class='ocr_line' id='line_1_36' title="bbox 315 1885 1886 1958; baseline -0.001 -17"><span class='ocrx_word' id='word_1_264' title='bbox 315 1888 514 1941; x_wconf 81' lang='grc' dir='ltr'>ἐκεῖθεν</span> <span class='ocrx_word' id='word_1_265' title='bbox 570 1886 912 1958; x_wconf 85' lang='grc' dir='ltr'>λυτρώσεταί</span> <span class='ocrx_word' id='word_1_266' title='bbox 945 1902 1005 1939; x_wconf 84' lang='grc' dir='ltr'><strong>σε</strong></span> <span class='ocrx_word' id='word_1_267' title='bbox 1054 1885 1256 1957; x_wconf 81' lang='grc' dir='ltr'>Κύριος</span> <span class='ocrx_word' id='word_1_268' title='bbox 1275 1890 1303 1939; x_wconf 90' lang='grc' dir='ltr'>ὁ</span> <span class='ocrx_word' id='word_1_269' title='bbox 1332 1887 1462 1949; x_wconf 79' lang='grc' dir='ltr'>Θεός</span> <span class='ocrx_word' id='word_1_270' title='bbox 1493 1904 1586 1939; x_wconf 90' lang='grc' dir='ltr'><strong>σου</strong></span> <span class='ocrx_word' id='word_1_271' title='bbox 1615 1888 1679 1940; x_wconf 85' lang='grc' dir='ltr'><strong>ἐκ</strong></span> <span class='ocrx_word' id='word_1_272' title='bbox 1706 1887 1886 1957; x_wconf 80' lang='grc' dir='ltr'>χειρὸς</span> 
     </span>
    </p>
   </div>
   <div class='ocr_carea' id='block_1_37' title="bbox 316 1979 1886 2051">
    <p class='ocr_par' dir='ltr' id='par_1_37' title="bbox 316 1979 1886 2051">
     <span class='ocr_line' id='line_1_37' title="bbox 316 1979 1886 2051; baseline -0.001 -17"><span class='ocrx_word' id='word_1_273' title='bbox 316 1982 517 2051; x_wconf 74' lang='grc' dir='ltr'>ἐχθρῶν</span> <span class='ocrx_word' id='word_1_274' title='bbox 561 1997 678 2035; x_wconf 90' lang='grc' dir='ltr'>σου.</span> <span class='ocrx_word' id='word_1_275' title='bbox 719 2000 738 2032; x_wconf 77' lang='grc' dir='ltr'><strong>ι</strong></span> <span class='ocrx_word' id='word_1_276' title='bbox 796 1979 932 2033; x_wconf 80' lang='grc' dir='ltr'>Ἀλλ’</span> <span class='ocrx_word' id='word_1_277' title='bbox 981 1980 1147 2033; x_wconf 85' lang='grc' dir='ltr'>ἐπειδ⁹</span> <span class='ocrx_word' id='word_1_278' title='bbox 1203 1979 1268 2032; x_wconf 84' lang='grc' dir='ltr'>ἂν</span> <span class='ocrx_word' id='word_1_279' title='bbox 1302 1981 1381 2042; x_wconf 83' lang='grc' dir='ltr'><strong>είς</strong></span> <span class='ocrx_word' id='word_1_280' title='bbox 1410 1981 1650 2043; x_wconf 79' lang='grc' dir='ltr'>ἐκείνους</span> <span class='ocrx_word' id='word_1_281' title='bbox 1688 1980 1886 2050; x_wconf 85' lang='grc' dir='ltr'>αίχμά-</span> 
     </span>
    </p>
   </div>
   <div class='ocr_carea' id='block_1_38' title="bbox 313 2066 1886 2144">
    <p class='ocr_par' dir='ltr' id='par_1_38' title="bbox 313 2066 1886 2144">
     <span class='ocr_line' id='line_1_38' title="bbox 313 2066 1886 2144; baseline -0.002 -16"><span class='ocrx_word' id='word_1_282' title='bbox 313 2076 472 2137; x_wconf 75' lang='grc' dir='ltr'>λωτος</span> <span class='ocrx_word' id='word_1_283' title='bbox 500 2076 674 2144; x_wconf 80' lang='grc' dir='ltr'>ἀφίκῃ</span> <span class='ocrx_word' id='word_1_284' title='bbox 713 2075 840 2136; x_wconf 78' lang='grc' dir='ltr'>τοὺς</span> <span class='ocrx_word' id='word_1_285' title='bbox 862 2074 1079 2136; x_wconf 81' lang='grc' dir='ltr'>τόπους,</span> <span class='ocrx_word' id='word_1_286' title='bbox 1103 2074 1193 2141; x_wconf 80' lang='grc' dir='ltr'><strong>ἀφ’</strong></span> <span class='ocrx_word' id='word_1_287' title='bbox 1214 2066 1289 2125; x_wconf 85' lang='grc' dir='ltr'><strong>ὧν</strong></span> <span class='ocrx_word' id='word_1_288' title='bbox 1310 2073 1429 2126; x_wconf 80' lang='grc' dir='ltr'><strong>οὐδὲ</strong></span> <span class='ocrx_word' id='word_1_289' title='bbox 1452 2072 1549 2142; x_wconf 89' lang='grc' dir='ltr'><strong>μία</strong></span> <span class='ocrx_word' id='word_1_290' title='bbox 1567 2090 1646 2125; x_wconf 92' lang='grc' dir='ltr'><strong>σοι</strong></span> <span class='ocrx_word' id='word_1_291' title='bbox 1680 2073 1886 2136; x_wconf 77' lang='grc' dir='ltr'>λύσεως</span> 
     </span>
    </p>
   </div>
   <div class='ocr_carea' id='block_1_39' title="bbox 318 2163 1886 2236">
    <p class='ocr_par' dir='ltr' id='par_1_39' title="bbox 318 2163 1886 2236">
     <span class='ocr_line' id='line_1_39' title="bbox 318 2163 1886 2236; baseline 0 -18"><span class='ocrx_word' id='word_1_292' title='bbox 318 2168 461 2229; x_wconf 72' lang='grc' dir='ltr'>ἐλπὶς</span> <span class='ocrx_word' id='word_1_293' title='bbox 495 2166 875 2233; x_wconf 73' lang='grc' dir='ltr'>ὑποφαίνεται,</span> <span class='ocrx_word' id='word_1_294' title='bbox 918 2163 1218 2235; x_wconf 81' lang='grc' dir='ltr'>παραδόξου</span> <span class='ocrx_word' id='word_1_295' title='bbox 1260 2164 1421 2234; x_wconf 76' lang='grc' dir='ltr'>τεύξῃ</span> <span class='ocrx_word' id='word_1_296' title='bbox 1451 2164 1550 2232; x_wconf 85' lang='grc' dir='ltr'>τῆς</span> <span class='ocrx_word' id='word_1_297' title='bbox 1583 2163 1731 2228; x_wconf 82' lang='grc' dir='ltr'>θείας</span> <span class='ocrx_word' id='word_1_298' title='bbox 1761 2166 1886 2236; x_wconf 85' lang='grc' dir='ltr'>βοη-</span> 
     </span>
    </p>
   </div>
   <div class='ocr_carea' id='block_1_40' title="bbox 317 2255 1887 2327">
    <p class='ocr_par' dir='ltr' id='par_1_40' title="bbox 317 2255 1887 2327">
     <span class='ocr_line' id='line_1_40' title="bbox 317 2255 1887 2327; baseline 0.001 -18"><span class='ocrx_word' id='word_1_299' title='bbox 317 2258 477 2322; x_wconf 83' lang='grc' dir='ltr'>θείας,</span> <span class='ocrx_word' id='word_1_300' title='bbox 519 2258 575 2327; x_wconf 77' lang='grc' dir='ltr'>ἡ,</span> <span class='ocrx_word' id='word_1_301' title='bbox 608 2256 753 2310; x_wconf 78' lang='grc' dir='ltr'>κατὰ</span> <span class='ocrx_word' id='word_1_302' title='bbox 781 2257 880 2327; x_wconf 79' lang='grc' dir='ltr'><strong>τὴν</strong></span> <span class='ocrx_word' id='word_1_303' title='bbox 912 2257 1114 2308; x_wconf 83' lang='grc' dir='ltr'>οἰκείαν</span> <span class='ocrx_word' id='word_1_304' title='bbox 1132 2255 1379 2326; x_wconf 77' lang='grc' dir='ltr'>δύναμιν,</span> <span class='ocrx_word' id='word_1_305' title='bbox 1398 2257 1495 2323; x_wconf 80' lang='grc' dir='ltr'>τῆς</span> <span class='ocrx_word' id='word_1_306' title='bbox 1519 2273 1578 2309; x_wconf 82' lang='grc' dir='ltr'><strong>τε</strong></span> <span class='ocrx_word' id='word_1_307' title='bbox 1611 2257 1887 2327; x_wconf 75' lang='grc' dir='ltr'>αίχμαλωι-</span> 
     </span>
    </p>
   </div>
   <div class='ocr_carea' id='block_1_41' title="bbox 318 2348 1889 2421">
    <p class='ocr_par' dir='ltr' id='par_1_41' title="bbox 318 2348 1889 2421">
     <span class='ocr_line' id='line_1_41' title="bbox 318 2348 1889 2421; baseline 0.001 -20"><span class='ocrx_word' id='word_1_308' title='bbox 318 2350 430 2413; x_wconf 84' lang='grc' dir='ltr'>σίας</span> <span class='ocrx_word' id='word_1_309' title='bbox 462 2353 556 2404; x_wconf 71' lang='grc' dir='ltr'>καὶ</span> <span class='ocrx_word' id='word_1_310' title='bbox 600 2350 704 2420; x_wconf 78' lang='grc' dir='ltr'>τῆς</span> <span class='ocrx_word' id='word_1_311' title='bbox 740 2348 849 2403; x_wconf 81' lang='grc' dir='ltr'><strong>τῶν</strong></span> <span class='ocrx_word' id='word_1_312' title='bbox 891 2349 1226 2419; x_wconf 74' lang='grc' dir='ltr'><strong>κατεχόντων</strong></span> <span class='ocrx_word' id='word_1_313' title='bbox 1283 2348 1568 2421; x_wconf 77' lang='grc' dir='ltr'><strong>ἀπαλλάξῃ</strong></span> <span class='ocrx_word' id='word_1_314' title='bbox 1622 2365 1678 2401; x_wconf 90' lang='grc' dir='ltr'><strong>σε</strong></span> <span class='ocrx_word' id='word_1_315' title='bbox 1730 2349 1889 2403; x_wconf 62' lang='grc' dir='ltr'>δυναγ-</span> 
     </span>
    </p>
   </div>
   <div class='ocr_carea' id='block_1_42' title="bbox 320 2457 517 2503">
    <p class='ocr_par' dir='ltr' id='par_1_42' title="bbox 320 2457 517 2503">
     <span class='ocr_line' id='line_1_42' title="bbox 320 2457 517 2503; baseline 0.015 -12"><span class='ocrx_word' id='word_1_316' title='bbox 320 2457 517 2503; x_wconf 81' lang='grc' dir='ltr'>στειας.</span> 
     </span>
    </p>
   </div>
   <div class='ocr_carea' id='block_1_43' title="bbox 382 2532 1885 2604">
    <p class='ocr_par' dir='ltr' id='par_1_43' title="bbox 382 2532 1885 2604">
     <span class='ocr_line' id='line_1_43' title="bbox 382 2532 1885 2604; baseline 0.002 -21"><span class='ocrx_word' id='word_1_317' title='bbox 382 2533 528 2602; x_wconf 76' lang='grc' dir='ltr'>Στίχ.</span> <span class='ocrx_word' id='word_1_318' title='bbox 563 2537 754 2602; x_wconf 64' lang='grc' dir='ltr'>ιαὀιτ.</span> <span class='ocrx_word' id='word_1_319' title='bbox 784 2532 1003 2590; x_wconf 80' lang='grc' dir='ltr'><strong>-ιΚαὶ</strong></span> <span class='ocrx_word' id='word_1_320' title='bbox 1029 2532 1124 2586; x_wconf 75' lang='grc' dir='ltr'><strong>νῦν</strong></span> <span class='ocrx_word' id='word_1_321' title='bbox 1166 2534 1655 2604; x_wconf 82' lang='grc' dir='ltr'>ἐπισυναχθήσεται</span> <span class='ocrx_word' id='word_1_322' title='bbox 1688 2534 1780 2586; x_wconf 78' lang='grc' dir='ltr'>ἐπὶ</span> <span class='ocrx_word' id='word_1_323' title='bbox 1824 2534 1885 2586; x_wconf 70' lang='grc' dir='ltr'>σὺ</span> 
     </span>
    </p>
   </div>
   <div class='ocr_carea' id='block_1_44' title="bbox 319 2620 1888 2694">
    <p class='ocr_par' dir='ltr' id='par_1_44' title="bbox 319 2620 1888 2694">
     <span class='ocr_line' id='line_1_44' title="bbox 319 2620 1888 2694; baseline 0.003 -21"><span class='ocrx_word' id='word_1_324' title='bbox 319 2620 436 2692; x_wconf 73' lang='grc' dir='ltr'>ἔθνη</span> <span class='ocrx_word' id='word_1_325' title='bbox 465 2623 654 2685; x_wconf 72' lang='grc' dir='ltr'>πολλὰ,</span> <span class='ocrx_word' id='word_1_326' title='bbox 683 2625 779 2676; x_wconf 68' lang='grc' dir='ltr'>καὶ</span> <span class='ocrx_word' id='word_1_327' title='bbox 827 2623 947 2677; x_wconf 75' lang='grc' dir='ltr'>λαοὶ</span> <span class='ocrx_word' id='word_1_328' title='bbox 986 2622 1255 2691; x_wconf 81' lang='grc' dir='ltr'>λέγοντες·</span> <span class='ocrx_word' id='word_1_329' title='bbox 1306 2623 1764 2694; x_wconf 77' lang='grc' dir='ltr'>Ἐπιχαρούμεθα,</span> <span class='ocrx_word' id='word_1_330' title='bbox 1793 2625 1888 2677; x_wconf 74' lang='grc' dir='ltr'>καὶ</span> 
     </span>
    </p>
   </div>
   <div class='ocr_carea' id='block_1_45' title="bbox 319 2711 1883 2785">
    <p class='ocr_par' dir='ltr' id='par_1_45' title="bbox 319 2711 1883 2785">
     <span class='ocr_line' id='line_1_45' title="bbox 319 2711 1883 2785; baseline 0.003 -19"><span class='ocrx_word' id='word_1_331' title='bbox 319 2712 599 2781; x_wconf 57' lang='grc' dir='ltr'>ἐπάᾷονται</span> <span class='ocrx_word' id='word_1_332' title='bbox 634 2714 727 2766; x_wconf 73' lang='grc' dir='ltr'>ἐπὶ</span> <span class='ocrx_word' id='word_1_333' title='bbox 768 2711 906 2766; x_wconf 86' lang='grc' dir='ltr'>Σιὼν</span> <span class='ocrx_word' id='word_1_334' title='bbox 957 2714 1007 2766; x_wconf 79' lang='grc' dir='ltr'>οἱ</span> <span class='ocrx_word' id='word_1_335' title='bbox 1053 2713 1318 2784; x_wconf 69' lang='grc' dir='ltr'>ὀφθαλμοὶ</span> <span class='ocrx_word' id='word_1_336' title='bbox 1358 2714 1534 2785; x_wconf 81' lang='grc' dir='ltr'>ἡμῶν.</span> <span class='ocrx_word' id='word_1_337' title='bbox 1567 2734 1585 2766; x_wconf 75' lang='grc' dir='ltr'><strong>ι</strong></span> <span class='ocrx_word' id='word_1_338' title='bbox 1626 2718 1701 2785; x_wconf 85' lang='grc' dir='ltr'><strong>(ρ.</strong></span> <span class='ocrx_word' id='word_1_339' title='bbox 1756 2716 1883 2783; x_wconf 76' lang='lat'><strong>289)</strong></span> 
     </span>
    </p>
   </div>
   <div class='ocr_carea' id='block_1_46' title="bbox 320 2804 1885 2879">
    <p class='ocr_par' dir='ltr' id='par_1_46' title="bbox 320 2804 1885 2879">
     <span class='ocr_line' id='line_1_46' title="bbox 320 2804 1885 2879; baseline 0.001 -21"><span class='ocrx_word' id='word_1_340' title='bbox 320 2806 443 2859; x_wconf 81' lang='grc' dir='ltr'>Τότε</span> <span class='ocrx_word' id='word_1_341' title='bbox 471 2806 535 2877; x_wconf 83' lang='grc' dir='ltr'><strong>δὴ</strong></span> <span class='ocrx_word' id='word_1_342' title='bbox 570 2804 694 2875; x_wconf 77' lang='grc' dir='ltr'>ἑθνη</span> <span class='ocrx_word' id='word_1_343' title='bbox 741 2804 979 2859; x_wconf 81' lang='grc' dir='ltr'>Σκυθικὰ</span> <span class='ocrx_word' id='word_1_344' title='bbox 1023 2806 1192 2860; x_wconf 88' lang='grc' dir='ltr'>πολλά</span> <span class='ocrx_word' id='word_1_345' title='bbox 1221 2823 1281 2859; x_wconf 84' lang='grc' dir='ltr'><strong>τε</strong></span> <span class='ocrx_word' id='word_1_346' title='bbox 1315 2807 1407 2859; x_wconf 68' lang='grc' dir='ltr'>καὶ</span> <span class='ocrx_word' id='word_1_347' title='bbox 1438 2808 1689 2879; x_wconf 80' lang='grc' dir='ltr'>ἀνήμερα</span> <span class='ocrx_word' id='word_1_348' title='bbox 1719 2807 1885 2876; x_wconf 79' lang='grc' dir='ltr'>(λέγει</span> 
     </span>
    </p>
   </div>
   <div class='ocr_carea' id='block_1_47' title="bbox 320 2896 1885 2968">
    <p class='ocr_par' dir='ltr' id='par_1_47' title="bbox 320 2896 1885 2968">
     <span class='ocr_line' id='line_1_47' title="bbox 320 2896 1885 2968; baseline -0.001 -17"><span class='ocrx_word' id='word_1_349' title='bbox 320 2898 373 2951; x_wconf 73' lang='grc' dir='ltr'><strong>δέ</strong></span> <span class='ocrx_word' id='word_1_350' title='bbox 398 2900 521 2960; x_wconf 82' lang='grc' dir='ltr'>τοὺς</span> <span class='ocrx_word' id='word_1_351' title='bbox 548 2898 679 2968; x_wconf 79' lang='grc' dir='ltr'>περὶ</span> <span class='ocrx_word' id='word_1_352' title='bbox 727 2896 816 2949; x_wconf 79' lang='grc' dir='ltr'>τὸν</span> <span class='ocrx_word' id='word_1_353' title='bbox 851 2896 1017 2965; x_wconf 86' lang='grc' dir='ltr'>Γὼγ),</span> <span class='ocrx_word' id='word_1_354' title='bbox 1056 2898 1155 2966; x_wconf 84' lang='grc' dir='ltr'>τὴν</span> <span class='ocrx_word' id='word_1_355' title='bbox 1190 2896 1495 2966; x_wconf 70' lang='grc' dir='ltr'>εὐπραγίαν</span> <span class='ocrx_word' id='word_1_356' title='bbox 1529 2897 1588 2948; x_wconf 77' lang='grc' dir='ltr'><strong>οὐ</strong></span> <span class='ocrx_word' id='word_1_357' title='bbox 1629 2896 1885 2966; x_wconf 83' lang='grc' dir='ltr'>φέροντες</span> 
     </span>
    </p>
   </div>
   <div class='ocr_carea' id='block_1_48' title="bbox 320 2985 1885 3059">
    <p class='ocr_par' dir='ltr' id='par_1_48' title="bbox 320 2985 1885 3059">
     <span class='ocr_line' id='line_1_48' title="bbox 320 2985 1885 3059; baseline -0.005 -14"><span class='ocrx_word' id='word_1_358' title='bbox 320 2992 407 3045; x_wconf 78' lang='grc' dir='ltr'><strong>καὶ</strong></span> <span class='ocrx_word' id='word_1_359' title='bbox 455 2989 552 3059; x_wconf 77' lang='grc' dir='ltr'>τὴν</span> <span class='ocrx_word' id='word_1_360' title='bbox 580 2988 838 3042; x_wconf 90' lang='grc' dir='ltr'>ἐπάνοδον</span> <span class='ocrx_word' id='word_1_361' title='bbox 888 2988 984 3057; x_wconf 83' lang='grc' dir='ltr'>τὴν</span> <span class='ocrx_word' id='word_1_362' title='bbox 1012 2987 1129 3058; x_wconf 84' lang='grc' dir='ltr'>σὴν,</span> <span class='ocrx_word' id='word_1_363' title='bbox 1160 2986 1540 3040; x_wconf 84' lang='grc' dir='ltr'>ἐπελεύσονταί</span> <span class='ocrx_word' id='word_1_364' title='bbox 1584 3004 1684 3046; x_wconf 84' lang='grc' dir='ltr'>σοι,</span> <span class='ocrx_word' id='word_1_365' title='bbox 1744 2985 1885 3055; x_wconf 91' lang='grc' dir='ltr'>μάλα</span> 
     </span>
    </p>
   </div>
   <div class='ocr_carea' id='block_1_49' title="bbox 1987 1876 3561 1952">
    <p class='ocr_par' dir='ltr' id='par_1_49' title="bbox 1987 1876 3561 1952">
     <span class='ocr_line' id='line_1_49' title="bbox 1987 1876 3561 1952; baseline -0.006 -14"><span class='ocrx_word' id='word_1_366' title='bbox 1987 1883 2091 1938; x_wconf 89' lang='lat' dir='ltr'><strong>Sed</strong></span> <span class='ocrx_word' id='word_1_367' title='bbox 2118 1891 2469 1952; x_wconf 86' lang='lat' dir='ltr'><strong>posteaquam</strong></span> <span class='ocrx_word' id='word_1_368' title='bbox 2521 1881 2739 1951; x_wconf 89' lang='lat' dir='ltr'><strong>captiva</strong></span> <span class='ocrx_word' id='word_1_369' title='bbox 2772 1883 2825 1934; x_wconf 90' lang='lat' dir='ltr'><strong>in</strong></span> <span class='ocrx_word' id='word_1_370' title='bbox 2854 1896 2915 1934; x_wconf 89' lang='lat' dir='ltr'><strong>ea</strong></span> <span class='ocrx_word' id='word_1_371' title='bbox 2948 1882 3066 1934; x_wconf 86' lang='lat' dir='ltr'><strong>loca</strong></span> <span class='ocrx_word' id='word_1_372' title='bbox 3089 1880 3392 1941; x_wconf 83' lang='lat' dir='ltr'><strong>deveneris,</strong></span> <span class='ocrx_word' id='word_1_373' title='bbox 3418 1876 3561 1930; x_wconf 89' lang='lat' dir='ltr'><strong>unde</strong></span> 
     </span>
    </p>
   </div>
   <div class='ocr_carea' id='block_1_50' title="bbox 1990 1969 3559 2043">
    <p class='ocr_par' dir='ltr' id='par_1_50' title="bbox 1990 1969 3559 2043">
     <span class='ocr_line' id='line_1_50' title="bbox 1990 1969 3559 2043; baseline -0.004 -15"><span class='ocrx_word' id='word_1_374' title='bbox 1990 1976 2091 2029; x_wconf 90' lang='lat' dir='ltr'><strong>tibi</strong></span> <span class='ocrx_word' id='word_1_375' title='bbox 2124 1974 2390 2029; x_wconf 85' lang='lat' dir='ltr'><strong>evadendi</strong></span> <span class='ocrx_word' id='word_1_376' title='bbox 2422 1973 2573 2027; x_wconf 84' lang='lat' dir='ltr'><strong>nulla</strong></span> <span class='ocrx_word' id='word_1_377' title='bbox 2613 1987 2740 2043; x_wconf 84' lang='lat' dir='ltr'><strong>spes</strong></span> <span class='ocrx_word' id='word_1_378' title='bbox 2768 1971 3045 2042; x_wconf 81' lang='lat' dir='ltr'><strong>afl‘ulgebit</strong></span> <span class='ocrx_word' id='word_1_379' title='bbox 3066 2010 3080 2034; x_wconf 91' lang='lat'><strong>,</strong></span> <span class='ocrx_word' id='word_1_380' title='bbox 3116 1969 3368 2023; x_wconf 81' lang='lat' dir='ltr'><strong>mirabile</strong></span> <span class='ocrx_word' id='word_1_381' title='bbox 3396 1982 3559 2037; x_wconf 75' lang='lat' dir='ltr'><strong>expe-</strong></span> 
     </span>
    </p>
   </div>
   <div class='ocr_carea' id='block_1_51' title="bbox 1987 2059 3555 2129">
    <p class='ocr_par' dir='ltr' id='par_1_51' title="bbox 1987 2059 3555 2129">
     <span class='ocr_line' id='line_1_51' title="bbox 1987 2059 3555 2129; baseline -0.006 -8"><span class='ocrx_word' id='word_1_382' title='bbox 1987 2069 2149 2123; x_wconf 88' lang='lat' dir='ltr'><strong>rieris</strong></span> <span class='ocrx_word' id='word_1_383' title='bbox 2173 2068 2316 2122; x_wconf 89' lang='lat' dir='ltr'><strong>ultra</strong></span> <span class='ocrx_word' id='word_1_384' title='bbox 2362 2069 2507 2121; x_wconf 88' lang='lat' dir='ltr'><strong>vires</strong></span> <span class='ocrx_word' id='word_1_385' title='bbox 2544 2076 2666 2122; x_wconf 83' lang='lat' dir='ltr'><strong>tuas</strong></span> <span class='ocrx_word' id='word_1_386' title='bbox 2707 2066 2798 2120; x_wconf 88' lang='lat' dir='ltr'><strong>Dei</strong></span> <span class='ocrx_word' id='word_1_387' title='bbox 2833 2064 3130 2129; x_wconf 79' lang='lat' dir='ltr'><strong>auxilium;</strong></span> <span class='ocrx_word' id='word_1_388' title='bbox 3170 2062 3225 2116; x_wconf 90' lang='lat' dir='ltr'><strong>id</strong></span> <span class='ocrx_word' id='word_1_389' title='bbox 3260 2060 3465 2122; x_wconf 90' lang='lat' dir='ltr'><strong>est,ille</strong></span> <span class='ocrx_word' id='word_1_390' title='bbox 3503 2059 3555 2113; x_wconf 88' lang='lat' dir='ltr'><strong>vi</strong></span> 
     </span>
    </p>
   </div>
   <div class='ocr_carea' id='block_1_52' title="bbox 1984 2149 3631 2229">
    <p class='ocr_par' dir='ltr' id='par_1_52' title="bbox 1984 2149 3631 2229">
     <span class='ocr_line' id='line_1_52' title="bbox 1984 2149 3631 2229; baseline -0.006 -18"><span class='ocrx_word' id='word_1_391' title='bbox 1984 2159 2205 2229; x_wconf 76' lang='lat' dir='ltr'><strong>prppria</strong></span> <span class='ocrx_word' id='word_1_392' title='bbox 2235 2166 2285 2212; x_wconf 90' lang='lat' dir='ltr'><strong>te</strong></span> <span class='ocrx_word' id='word_1_393' title='bbox 2309 2157 2533 2212; x_wconf 87' lang='lat' dir='ltr'><strong>servitio</strong></span> <span class='ocrx_word' id='word_1_394' title='bbox 2572 2164 2626 2211; x_wconf 91' lang='lat' dir='ltr'><strong>et</strong></span> <span class='ocrx_word' id='word_1_395' title='bbox 2671 2169 3061 2226; x_wconf 81' lang='lat' dir='ltr'><strong>Oppressorum</strong></span> <span class='ocrx_word' id='word_1_396' title='bbox 3104 2151 3350 2223; x_wconf 78' lang='lat' dir='ltr'><strong>expediet</strong></span> <span class='ocrx_word' id='word_1_397' title='bbox 3384 2149 3560 2205; x_wconf 86' lang='lat' dir='ltr'><strong>domi-</strong></span> <span class='ocrx_word' id='word_1_398' title='bbox 3628 2172 3631 2179; x_wconf 60' lang='grc' dir='ltr'>ι</span> 
     </span>
    </p>
   </div>
   <div class='ocr_carea' id='block_1_53' title="bbox 1988 2248 2833 2303">
    <p class='ocr_par' dir='ltr' id='par_1_53' title="bbox 1988 2248 2833 2303">
     <span class='ocr_line' id='line_1_53' title="bbox 1988 2248 2833 2303; baseline -0.001 -1"><span class='ocrx_word' id='word_1_399' title='bbox 1988 2250 2232 2303; x_wconf 87' lang='lat' dir='ltr'><strong>natione.</strong></span> <span class='ocrx_word' id='word_1_400' title='bbox 2818 2248 2833 2253; x_wconf 83' lang='grc'><strong>’</strong></span> 
     </span>
    </p>
   </div>
   <div class='ocr_carea' id='block_1_54' title="bbox 2059 2529 3585 2603">
    <p class='ocr_par' dir='ltr' id='par_1_54' title="bbox 2059 2529 3585 2603">
     <span class='ocr_line' id='line_1_54' title="bbox 2059 2529 3585 2603; baseline -0.008 -13"><span class='ocrx_word' id='word_1_401' title='bbox 2059 2536 2226 2591; x_wconf 70' lang='lat' dir='ltr'><strong>Vens.</strong></span> <span class='ocrx_word' id='word_1_402' title='bbox 2254 2535 2432 2589; x_wconf 73' lang='lat'><strong>“~13.</strong></span> <span class='ocrx_word' id='word_1_403' title='bbox 2471 2564 2538 2575; x_wconf 93' lang='lat'><strong>—</strong></span> <span class='ocrx_word' id='word_1_404' title='bbox 2569 2553 2588 2587; x_wconf 83' lang='grc' dir='ltr'>ι</span> <span class='ocrx_word' id='word_1_405' title='bbox 2623 2533 2687 2588; x_wconf 79' lang='lat' dir='ltr'><strong>Et</strong></span> <span class='ocrx_word' id='word_1_406' title='bbox 2717 2548 2863 2587; x_wconf 90' lang='lat' dir='ltr'><strong>nunc</strong></span> <span class='ocrx_word' id='word_1_407' title='bbox 2891 2529 3368 2603; x_wconf 81' lang='lat' dir='ltr'><strong>congregabuntur</strong></span> <span class='ocrx_word' id='word_1_408' title='bbox 3397 2539 3585 2595; x_wconf 74' lang='lat' dir='ltr'><strong>super</strong></span> 
     </span>
    </p>
   </div>
   <div class='ocr_carea' id='block_1_55' title="bbox 1986 2619 3556 2701">
    <p class='ocr_par' dir='ltr' id='par_1_55' title="bbox 1986 2619 3556 2701">
     <span class='ocr_line' id='line_1_55' title="bbox 1986 2619 3556 2701; baseline -0.009 -17"><span class='ocrx_word' id='word_1_409' title='bbox 1986 2638 2040 2686; x_wconf 89' lang='lat' dir='ltr'><strong>te</strong></span> <span class='ocrx_word' id='word_1_410' title='bbox 2068 2637 2256 2701; x_wconf 79' lang='lat' dir='ltr'><strong>gentes</strong></span> <span class='ocrx_word' id='word_1_411' title='bbox 2277 2628 2458 2682; x_wconf 72' lang='lat' dir='ltr'><strong>multa:</strong></span> <span class='ocrx_word' id='word_1_412' title='bbox 2481 2627 2775 2698; x_wconf 81' lang='lat' dir='ltr'><strong>populique</strong></span> <span class='ocrx_word' id='word_1_413' title='bbox 2795 2668 2810 2691; x_wconf 92' lang='lat'><strong>,</strong></span> <span class='ocrx_word' id='word_1_414' title='bbox 2850 2624 3093 2679; x_wconf 88' lang='lat' dir='ltr'><strong>dicentes</strong></span> <span class='ocrx_word' id='word_1_415' title='bbox 3132 2640 3146 2676; x_wconf 90' lang='lat'><strong>:</strong></span> <span class='ocrx_word' id='word_1_416' title='bbox 3182 2619 3516 2674; x_wconf 86' lang='lat' dir='ltr'><strong>lnsultemus</strong></span> <span class='ocrx_word' id='word_1_417' title='bbox 3541 2631 3556 2679; x_wconf 90' lang='lat'><strong>;</strong></span> 
     </span>
    </p>
   </div>
   <div class='ocr_carea' id='block_1_56' title="bbox 1986 2708 3562 2793">
    <p class='ocr_par' dir='ltr' id='par_1_56' title="bbox 1986 2708 3562 2793">
     <span class='ocr_line' id='line_1_56' title="bbox 1986 2708 3562 2793; baseline -0.011 -16"><span class='ocrx_word' id='word_1_418' title='bbox 1986 2722 2281 2793; x_wconf 83' lang='lat' dir='ltr'><strong>respiciant</strong></span> <span class='ocrx_word' id='word_1_419' title='bbox 2300 2722 2355 2774; x_wconf 88' lang='lat' dir='ltr'><strong>in</strong></span> <span class='ocrx_word' id='word_1_420' title='bbox 2389 2718 2609 2773; x_wconf 84' lang='lat' dir='ltr'><strong>Sionem</strong></span> <span class='ocrx_word' id='word_1_421' title='bbox 2631 2718 2778 2773; x_wconf 89' lang='lat' dir='ltr'><strong>oculi</strong></span> <span class='ocrx_word' id='word_1_422' title='bbox 2812 2717 3008 2775; x_wconf 79' lang='lat' dir='ltr'><strong>nostri.</strong></span> <span class='ocrx_word' id='word_1_423' title='bbox 3049 2735 3066 2765; x_wconf 75' lang='grc' dir='ltr'><strong>ι</strong></span> <span class='ocrx_word' id='word_1_424' title='bbox 3096 2711 3251 2767; x_wconf 85' lang='lat' dir='ltr'><strong>Tunc</strong></span> <span class='ocrx_word' id='word_1_425' title='bbox 3290 2708 3562 2780; x_wconf 69' lang='lat' dir='ltr'><strong>Scythicae</strong></span> 
     </span>
    </p>
   </div>
   <div class='ocr_carea' id='block_1_57' title="bbox 1986 2800 3563 2885">
    <p class='ocr_par' dir='ltr' id='par_1_57' title="bbox 1986 2800 3563 2885">
     <span class='ocr_line' id='line_1_57' title="bbox 1986 2800 3563 2885; baseline -0.01 -18"><span class='ocrx_word' id='word_1_426' title='bbox 1986 2819 2176 2885; x_wconf 87' lang='lat' dir='ltr'><strong>gentes</strong></span> <span class='ocrx_word' id='word_1_427' title='bbox 2210 2825 2518 2865; x_wconf 77' lang='lat' dir='ltr'><strong>numerosa:</strong></span> <span class='ocrx_word' id='word_1_428' title='bbox 2545 2817 2599 2863; x_wconf 92' lang='lat' dir='ltr'><strong>et</strong></span> <span class='ocrx_word' id='word_1_429' title='bbox 2643 2821 2800 2863; x_wconf 72' lang='lat' dir='ltr'><strong>saevae</strong></span> <span class='ocrx_word' id='word_1_430' title='bbox 2829 2806 2985 2877; x_wconf 88' lang='lat' dir='ltr'><strong>(dicit</strong></span> <span class='ocrx_word' id='word_1_431' title='bbox 3018 2819 3149 2859; x_wconf 87' lang='lat' dir='ltr'><strong>vero</strong></span> <span class='ocrx_word' id='word_1_432' title='bbox 3178 2800 3409 2869; x_wconf 88' lang='lat' dir='ltr'><strong>Gogum)</strong></span> <span class='ocrx_word' id='word_1_433' title='bbox 3444 2812 3563 2868; x_wconf 84' lang='lat' dir='ltr'><strong>pro-</strong></span> 
     </span>
    </p>
   </div>
   <div class='ocr_carea' id='block_1_58' title="bbox 1986 2889 3561 2975">
    <p class='ocr_par' dir='ltr' id='par_1_58' title="bbox 1986 2889 3561 2975">
     <span class='ocr_line' id='line_1_58' title="bbox 1986 2889 3561 2975; baseline -0.011 -14"><span class='ocrx_word' id='word_1_434' title='bbox 1986 2905 2298 2975; x_wconf 90' lang='lat' dir='ltr'><strong>speritatem</strong></span> <span class='ocrx_word' id='word_1_435' title='bbox 2348 2916 2498 2955; x_wconf 90' lang='lat' dir='ltr'><strong>tuam</strong></span> <span class='ocrx_word' id='word_1_436' title='bbox 2542 2900 2886 2969; x_wconf 89' lang='lat' dir='ltr'><strong>reditumque</strong></span> <span class='ocrx_word' id='word_1_437' title='bbox 2916 2912 3074 2968; x_wconf 78' lang='lat' dir='ltr'><strong>aequo</strong></span> <span class='ocrx_word' id='word_1_438' title='bbox 3111 2895 3296 2950; x_wconf 89' lang='lat' dir='ltr'><strong>animo</strong></span> <span class='ocrx_word' id='word_1_439' title='bbox 3329 2905 3436 2947; x_wconf 91' lang='lat' dir='ltr'><strong>non</strong></span> <span class='ocrx_word' id='word_1_440' title='bbox 3479 2889 3561 2944; x_wconf 87' lang='lat' dir='ltr'><strong>fe-</strong></span> 
     </span>
    </p>
   </div>
   <div class='ocr_carea' id='block_1_59' title="bbox 1988 2986 3550 3059">
    <p class='ocr_par' dir='ltr' id='par_1_59' title="bbox 1988 2986 3550 3059">
     <span class='ocr_line' id='line_1_59' title="bbox 1988 2986 3550 3059; baseline -0.01 -7"><span class='ocrx_word' id='word_1_441' title='bbox 1988 3005 2194 3059; x_wconf 87' lang='lat' dir='ltr'><strong>rentes,</strong></span> <span class='ocrx_word' id='word_1_442' title='bbox 2233 2995 2489 3049; x_wconf 69' lang='lat' dir='ltr'><strong>iuvadent</strong></span> <span class='ocrx_word' id='word_1_443' title='bbox 2516 3001 2588 3059; x_wconf 91' lang='lat' dir='ltr'><strong>te,</strong></span> <span class='ocrx_word' id='word_1_444' title='bbox 2618 2991 2776 3046; x_wconf 84' lang='lat' dir='ltr'><strong>valde</strong></span> <span class='ocrx_word' id='word_1_445' title='bbox 2810 2997 3095 3059; x_wconf 89' lang='lat' dir='ltr'><strong>sperantes</strong></span> <span class='ocrx_word' id='word_1_446' title='bbox 3125 2986 3285 3041; x_wconf 87' lang='lat' dir='ltr'><strong>facile</strong></span> <span class='ocrx_word' id='word_1_447' title='bbox 3323 3001 3383 3040; x_wconf 91' lang='lat' dir='ltr'><strong>se</strong></span> <span class='ocrx_word' id='word_1_448' title='bbox 3411 2999 3550 3054; x_wconf 87' lang='lat' dir='ltr'><strong>quas</strong></span> 
     </span>
    </p>
   </div>
   <div class='ocr_carea' id='block_1_60' title="bbox 320 3075 1890 3156">
    <p class='ocr_par' dir='ltr' id='par_1_60' title="bbox 320 3077 1886 3153">
     <span class='ocr_line' id='line_1_60' title="bbox 320 3077 1886 3153; baseline -0.004 -17"><span class='ocrx_word' id='word_1_449' title='bbox 320 3081 716 3153; x_wconf 76' lang='grc' dir='ltr'>προσδοκῶντες</span> <span class='ocrx_word' id='word_1_450' title='bbox 780 3079 975 3151; x_wconf 79' lang='grc' dir='ltr'>ῥᾳδίως</span> <span class='ocrx_word' id='word_1_451' title='bbox 1006 3078 1075 3131; x_wconf 80' lang='grc' dir='ltr'><strong>τὰ</strong></span> <span class='ocrx_word' id='word_1_452' title='bbox 1122 3078 1381 3131; x_wconf 75' lang='grc' dir='ltr'>δοκοῦντα</span> <span class='ocrx_word' id='word_1_453' title='bbox 1425 3080 1635 3138; x_wconf 79' lang='grc' dir='ltr'>ἑαυτοῖς</span> <span class='ocrx_word' id='word_1_454' title='bbox 1680 3077 1773 3129; x_wconf 77' lang='grc' dir='ltr'>ἐπὶ</span> <span class='ocrx_word' id='word_1_455' title='bbox 1804 3079 1886 3129; x_wconf 73' lang='grc' dir='ltr'>σοὶ</span> 
     </span>
    </p>
   </div>
   <div class='ocr_carea' id='block_1_61' title="bbox 1994 3075 3563 3156">
    <p class='ocr_par' dir='ltr' id='par_1_61' title="bbox 1994 3075 3563 3152">
     <span class='ocr_line' id='line_1_61' title="bbox 1994 3075 3563 3152; baseline -0.006 -14"><span class='ocrx_word' id='word_1_456' title='bbox 1994 3087 2256 3142; x_wconf 88' lang='lat' dir='ltr'><strong>voluerint</strong></span> <span class='ocrx_word' id='word_1_457' title='bbox 2283 3087 2380 3140; x_wconf 91' lang='lat' dir='ltr'><strong>tibi</strong></span> <span class='ocrx_word' id='word_1_458' title='bbox 2415 3100 2688 3141; x_wconf 77' lang='lat' dir='ltr'><strong>aerumnas</strong></span> <span class='ocrx_word' id='word_1_459' title='bbox 2714 3083 3003 3152; x_wconf 86' lang='lat' dir='ltr'><strong>imponere</strong></span> <span class='ocrx_word' id='word_1_460' title='bbox 3033 3094 3217 3152; x_wconf 89' lang='lat' dir='ltr'><strong>posse.</strong></span> <span class='ocrx_word' id='word_1_461' title='bbox 3280 3097 3298 3129; x_wconf 78' lang='grc' dir='ltr'>ι</span> <span class='ocrx_word' id='word_1_462' title='bbox 3336 3076 3401 3131; x_wconf 82' lang='grc' dir='ltr'><strong>Εῑ</strong></span> <span class='ocrx_word' id='word_1_463' title='bbox 3454 3075 3563 3145; x_wconf 85' lang='lat' dir='ltr'><strong>ipsi</strong></span> 
     </span>
    </p>
   </div>
   <div class='ocr_carea' id='block_1_62' title="bbox 322 3170 1887 3245">
    <p class='ocr_par' dir='ltr' id='par_1_62' title="bbox 322 3170 1887 3245">
     <span class='ocr_line' id='line_1_62' title="bbox 322 3170 1887 3245; baseline -0.004 -17"><span class='ocrx_word' id='word_1_464' title='bbox 322 3173 769 3245; x_wconf 77' lang='grc' dir='ltr'>καταπράξασθαι</span> <span class='ocrx_word' id='word_1_465' title='bbox 802 3171 965 3226; x_wconf 89' lang='grc' dir='ltr'>κακά.</span> <span class='ocrx_word' id='word_1_466' title='bbox 1007 3189 1024 3223; x_wconf 82' lang='grc' dir='ltr'>ι</span> <span class='ocrx_word' id='word_1_467' title='bbox 1060 3172 1169 3225; x_wconf 73' lang='grc' dir='ltr'><strong>Καὶ</strong></span> <span class='ocrx_word' id='word_1_468' title='bbox 1209 3171 1361 3223; x_wconf 79' lang='grc' dir='ltr'>αὐτοὶ</span> <span class='ocrx_word' id='word_1_469' title='bbox 1392 3173 1492 3223; x_wconf 81' lang='grc' dir='ltr'>οὐκ</span> <span class='ocrx_word' id='word_1_470' title='bbox 1528 3170 1767 3237; x_wconf 73' lang='grc' dir='ltr'>ἔγνωσαν</span> <span class='ocrx_word' id='word_1_471' title='bbox 1797 3170 1887 3222; x_wconf 80' lang='grc' dir='ltr'><strong>τὸν</strong></span> 
     </span>
    </p>
   </div>
   <div class='ocr_carea' id='block_1_63' title="bbox 320 3260 1885 3335">
    <p class='ocr_par' dir='ltr' id='par_1_63' title="bbox 320 3260 1885 3335">
     <span class='ocr_line' id='line_1_63' title="bbox 320 3260 1885 3335; baseline -0.003 -17"><span class='ocrx_word' id='word_1_472' title='bbox 320 3265 571 3335; x_wconf 74' lang='grc' dir='ltr'>λογισμὸν</span> <span class='ocrx_word' id='word_1_473' title='bbox 596 3264 823 3335; x_wconf 79' lang='grc' dir='ltr'>Κυρίου,</span> <span class='ocrx_word' id='word_1_474' title='bbox 852 3264 945 3316; x_wconf 77' lang='grc' dir='ltr'><strong>καὶ</strong></span> <span class='ocrx_word' id='word_1_475' title='bbox 988 3263 1048 3315; x_wconf 84' lang='grc' dir='ltr'><strong>οὐ</strong></span> <span class='ocrx_word' id='word_1_476' title='bbox 1079 3264 1315 3333; x_wconf 81' lang='grc' dir='ltr'>συνῆκαν</span> <span class='ocrx_word' id='word_1_477' title='bbox 1346 3263 1443 3333; x_wconf 81' lang='grc' dir='ltr'>τὴν</span> <span class='ocrx_word' id='word_1_478' title='bbox 1472 3262 1665 3332; x_wconf 75' lang='grc' dir='ltr'>βουλὴν</span> <span class='ocrx_word' id='word_1_479' title='bbox 1698 3260 1885 3326; x_wconf 75' lang='grc' dir='ltr'>αὑτοῦ,</span> 
     </span>
    </p>
   </div>
   <div class='ocr_carea' id='block_1_64' title="bbox 322 3354 1891 3427">
    <p class='ocr_par' dir='ltr' id='par_1_64' title="bbox 322 3354 1891 3427">
     <span class='ocr_line' id='line_1_64' title="bbox 322 3354 1891 3427; baseline -0.001 -17"><span class='ocrx_word' id='word_1_480' title='bbox 322 3358 398 3410; x_wconf 82' lang='grc' dir='ltr'><strong>ὅτι</strong></span> <span class='ocrx_word' id='word_1_481' title='bbox 426 3361 732 3427; x_wconf 78' lang='grc' dir='ltr'>συνήγαγεν</span> <span class='ocrx_word' id='word_1_482' title='bbox 777 3356 995 3417; x_wconf 79' lang='grc' dir='ltr'>αὐτοὺς,</span> <span class='ocrx_word' id='word_1_483' title='bbox 1019 3355 1092 3418; x_wconf 86' lang='grc' dir='ltr'>ὠς</span> <span class='ocrx_word' id='word_1_484' title='bbox 1126 3355 1416 3423; x_wconf 76' lang='grc' dir='ltr'>δράγματα</span> <span class='ocrx_word' id='word_1_485' title='bbox 1455 3354 1673 3418; x_wconf 73' lang='grc' dir='ltr'>ἅλωνος.</span> <span class='ocrx_word' id='word_1_486' title='bbox 1722 3374 1741 3406; x_wconf 70' lang='grc' dir='ltr'><strong>ι</strong></span> <span class='ocrx_word' id='word_1_487' title='bbox 1792 3356 1891 3408; x_wconf 86' lang='grc' dir='ltr'><strong>Πε-</strong></span> 
     </span>
    </p>
   </div>
   <div class='ocr_carea' id='block_1_65' title="bbox 324 3442 1891 3517">
    <p class='ocr_par' dir='ltr' id='par_1_65' title="bbox 324 3442 1891 3517">
     <span class='ocr_line' id='line_1_65' title="bbox 324 3442 1891 3517; baseline -0.001 -18"><span class='ocrx_word' id='word_1_488' title='bbox 324 3447 564 3517; x_wconf 71' lang='grc' dir='ltr'><strong>¹εοοίηντει.ι</strong></span> <span class='ocrx_word' id='word_1_489' title='bbox 594 3446 653 3498; x_wconf 82' lang='grc' dir='ltr'>δὲ</span> <span class='ocrx_word' id='word_1_490' title='bbox 677 3443 774 3515; x_wconf 84' lang='grc' dir='ltr'>τὴν</span> <span class='ocrx_word' id='word_1_491' title='bbox 800 3443 1008 3512; x_wconf 73' lang='grc' dir='ltr'>ἔφοδον,</span> <span class='ocrx_word' id='word_1_492' title='bbox 1031 3443 1107 3514; x_wconf 82' lang='grc' dir='ltr'>τῷ</span> <span class='ocrx_word' id='word_1_493' title='bbox 1133 3460 1193 3496; x_wconf 83' lang='grc' dir='ltr'><strong>τε</strong></span> <span class='ocrx_word' id='word_1_494' title='bbox 1234 3442 1427 3513; x_wconf 81' lang='grc' dir='ltr'>πλήθει</span> <span class='ocrx_word' id='word_1_495' title='bbox 1466 3444 1557 3496; x_wconf 70' lang='grc' dir='ltr'>καὶ</span> <span class='ocrx_word' id='word_1_496' title='bbox 1579 3447 1643 3515; x_wconf 77' lang='grc' dir='ltr'>τῇ</span> <span class='ocrx_word' id='word_1_497' title='bbox 1666 3444 1891 3514; x_wconf 80' lang='grc' dir='ltr'>δυνάμει</span> 
     </span>
    </p>
   </div>
   <div class='ocr_carea' id='block_1_66' title="bbox 322 3535 1893 3609">
    <p class='ocr_par' dir='ltr' id='par_1_66' title="bbox 322 3535 1893 3609">
     <span class='ocr_line' id='line_1_66' title="bbox 322 3535 1893 3609; baseline -0.003 -18"><span class='ocrx_word' id='word_1_498' title='bbox 322 3543 386 3609; x_wconf 82' lang='grc' dir='ltr'>τῇ</span> <span class='ocrx_word' id='word_1_499' title='bbox 406 3538 579 3609; x_wconf 77' lang='grc' dir='ltr'>οἰκεία</span> <span class='ocrx_word' id='word_1_500' title='bbox 607 3535 959 3608; x_wconf 75' lang='grc' dir='ltr'>θαρροῦντες,</span> <span class='ocrx_word' id='word_1_501' title='bbox 988 3535 1083 3589; x_wconf 73' lang='grc' dir='ltr'>καὶ</span> <span class='ocrx_word' id='word_1_502' title='bbox 1112 3536 1211 3587; x_wconf 80' lang='grc' dir='ltr'>οὑκ</span> <span class='ocrx_word' id='word_1_503' title='bbox 1249 3535 1444 3597; x_wconf 75' lang='grc' dir='ltr'>εἰδότες</span> <span class='ocrx_word' id='word_1_504' title='bbox 1495 3535 1589 3587; x_wconf 79' lang='grc' dir='ltr'><strong>τοῦ</strong></span> <span class='ocrx_word' id='word_1_505' title='bbox 1623 3536 1893 3605; x_wconf 81' lang='grc' dir='ltr'>ἡμετέρου</span> 
     </span>
    </p>
   </div>
   <div class='ocr_carea' id='block_1_67' title="bbox 324 3624 1892 3698">
    <p class='ocr_par' dir='ltr' id='par_1_67' title="bbox 324 3624 1892 3698">
     <span class='ocr_line' id='line_1_67' title="bbox 324 3624 1892 3698; baseline -0.002 -18"><span class='ocrx_word' id='word_1_506' title='bbox 324 3628 453 3680; x_wconf 85' lang='grc' dir='ltr'><strong>Θεοῦ</strong></span> <span class='ocrx_word' id='word_1_507' title='bbox 477 3627 575 3698; x_wconf 77' lang='grc' dir='ltr'>τὴν</span> <span class='ocrx_word' id='word_1_508' title='bbox 609 3626 834 3698; x_wconf 83' lang='grc' dir='ltr'>γνώμην</span> <span class='ocrx_word' id='word_1_509' title='bbox 862 3640 877 3654; x_wconf 81' lang='grc'><strong><em>⁸</em></strong></span> <span class='ocrx_word' id='word_1_510' title='bbox 916 3625 974 3688; x_wconf 80' lang='grc' dir='ltr'>ὃς</span> <span class='ocrx_word' id='word_1_511' title='bbox 1004 3624 1093 3679; x_wconf 79' lang='grc' dir='ltr'>διὰ</span> <span class='ocrx_word' id='word_1_512' title='bbox 1121 3624 1278 3677; x_wconf 75' lang='grc' dir='ltr'>τοῦτο</span> <span class='ocrx_word' id='word_1_513' title='bbox 1310 3624 1683 3695; x_wconf 82' lang='grc' dir='ltr'>συνεχώρησεν</span> <span class='ocrx_word' id='word_1_514' title='bbox 1711 3626 1892 3689; x_wconf 75' lang='grc' dir='ltr'>αὐτοῖς</span> 
     </span>
    </p>
   </div>
   <div class='ocr_carea' id='block_1_68' title="bbox 326 3715 1893 3787">
    <p class='ocr_par' dir='ltr' id='par_1_68' title="bbox 326 3715 1893 3787">
     <span class='ocr_line' id='line_1_68' title="bbox 326 3715 1893 3787; baseline -0.001 -16"><span class='ocrx_word' id='word_1_515' title='bbox 326 3719 414 3771; x_wconf 75' lang='grc' dir='ltr'>ἐπὶ</span> <span class='ocrx_word' id='word_1_516' title='bbox 430 3719 521 3771; x_wconf 77' lang='grc' dir='ltr'><strong>τὸν</strong></span> <span class='ocrx_word' id='word_1_517' title='bbox 549 3717 786 3787; x_wconf 85' lang='grc' dir='ltr'>πόλεμον</span> <span class='ocrx_word' id='word_1_518' title='bbox 811 3717 997 3770; x_wconf 83' lang='grc' dir='ltr'>τοῦτον</span> <span class='ocrx_word' id='word_1_519' title='bbox 1028 3715 1362 3786; x_wconf 81' lang='grc' dir='ltr'>βουληθεῖσιν</span> <span class='ocrx_word' id='word_1_520' title='bbox 1389 3716 1644 3780; x_wconf 77' lang='grc' dir='ltr'>ἐξελθεῖν,</span> <span class='ocrx_word' id='word_1_521' title='bbox 1676 3717 1763 3769; x_wconf 86' lang='grc' dir='ltr'><strong>ῖνα</strong></span> <span class='ocrx_word' id='word_1_522' title='bbox 1792 3719 1893 3786; x_wconf 90' lang='grc' dir='ltr'>τήν</span> 
     </span>
    </p>
   </div>
   <div class='ocr_carea' id='block_1_69' title="bbox 325 3801 1893 3882">
    <p class='ocr_par' dir='ltr' id='par_1_69' title="bbox 325 3801 1893 3882">
     <span class='ocr_line' id='line_1_69' title="bbox 325 3801 1893 3882; baseline -0.001 -18"><span class='ocrx_word' id='word_1_523' title='bbox 325 3829 381 3864; x_wconf 86' lang='grc' dir='ltr'><strong>τε</strong></span> <span class='ocrx_word' id='word_1_524' title='bbox 408 3814 538 3881; x_wconf 74' lang='grc' dir='ltr'>περὶ</span> <span class='ocrx_word' id='word_1_525' title='bbox 567 3812 712 3881; x_wconf 76' lang='grc' dir='ltr'><strong>ὑμᾶς</strong></span> <span class='ocrx_word' id='word_1_526' title='bbox 726 3810 968 3881; x_wconf 78' lang='grc' dir='ltr'>ἐπιδείξῃ</span> <span class='ocrx_word' id='word_1_527' title='bbox 984 3801 1447 3882; x_wconf 71' lang='grc' dir='ltr'>κηδεμονίαν,ἷιαὶ</span> <span class='ocrx_word' id='word_1_528' title='bbox 1464 3812 1561 3880; x_wconf 85' lang='grc' dir='ltr'>τὴν</span> <span class='ocrx_word' id='word_1_529' title='bbox 1589 3811 1795 3864; x_wconf 75' lang='grc' dir='ltr'>οἰκείαν</span> <span class='ocrx_word' id='word_1_530' title='bbox 1814 3813 1893 3874; x_wconf 87' lang='grc' dir='ltr'><strong>είς</strong></span> 
     </span>
    </p>
   </div>
   <div class='ocr_carea' id='block_1_70' title="bbox 327 3899 1903 3973">
    <p class='ocr_par' dir='ltr' id='par_1_70' title="bbox 327 3899 1903 3973">
     <span class='ocr_line' id='line_1_70' title="bbox 327 3899 1903 3973; baseline 0.001 -20"><span class='ocrx_word' id='word_1_531' title='bbox 327 3902 518 3964; x_wconf 73' lang='grc' dir='ltr'>αὖτοὺς</span> <span class='ocrx_word' id='word_1_532' title='bbox 563 3900 755 3973; x_wconf 79' lang='grc' dir='ltr'>ἐλέγξῃ</span> <span class='ocrx_word' id='word_1_533' title='bbox 794 3899 1043 3970; x_wconf 72' lang='grc' dir='ltr'>δύναμιν,</span> <span class='ocrx_word' id='word_1_534' title='bbox 1064 3901 1219 3970; x_wconf 90' lang='grc' dir='ltr'>δίκην</span> <span class='ocrx_word' id='word_1_535' title='bbox 1236 3900 1603 3971; x_wconf 76' lang='grc' dir='ltr'>θεριζομένων</span> <span class='ocrx_word' id='word_1_536' title='bbox 1648 3900 1903 3971; x_wconf 33' lang='grc' dir='ltr'>δραγμάτη</span> 
     </span>
    </p>
   </div>
   <div class='ocr_carea' id='block_1_71' title="bbox 327 3991 1895 4063">
    <p class='ocr_par' dir='ltr' id='par_1_71' title="bbox 327 3991 1895 4063">
     <span class='ocr_line' id='line_1_71' title="bbox 327 3991 1895 4063; baseline 0.001 -19"><span class='ocrx_word' id='word_1_537' title='bbox 327 4009 430 4051; x_wconf 84' lang='grc' dir='ltr'><strong>των</strong></span> <span class='ocrx_word' id='word_1_538' title='bbox 452 3994 547 4045; x_wconf 84' lang='grc' dir='ltr'><strong>καί</strong></span> <span class='ocrx_word' id='word_1_539' title='bbox 583 3994 661 4055; x_wconf 85' lang='grc' dir='ltr'><strong>είς</strong></span> <span class='ocrx_word' id='word_1_540' title='bbox 679 3991 858 4045; x_wconf 76' lang='grc' dir='ltr'>άλωνα</span> <span class='ocrx_word' id='word_1_541' title='bbox 882 3991 1306 4063; x_wconf 80' lang='grc' dir='ltr'>ἀποτιθεμένων,</span> <span class='ocrx_word' id='word_1_542' title='bbox 1331 3994 1538 4055; x_wconf 81' lang='grc' dir='ltr'>πάντας</span> <span class='ocrx_word' id='word_1_543' title='bbox 1558 3993 1752 4056; x_wconf 78' lang='grc' dir='ltr'>αὐτοὺς</span> <span class='ocrx_word' id='word_1_544' title='bbox 1775 3996 1895 4056; x_wconf 86' lang='grc' dir='ltr'>ταῖς</span> 
     </span>
    </p>
   </div>
   <div class='ocr_carea' id='block_1_72' title="bbox 329 4083 1895 4157">
    <p class='ocr_par' dir='ltr' id='par_1_72' title="bbox 329 4083 1895 4157">
     <span class='ocr_line' id='line_1_72' title="bbox 329 4083 1895 4157; baseline 0.002 -19"><span class='ocrx_word' id='word_1_545' title='bbox 329 4088 560 4156; x_wconf 77' lang='grc' dir='ltr'>σφαγαῖς</span> <span class='ocrx_word' id='word_1_546' title='bbox 611 4083 719 4141; x_wconf 80' lang='grc' dir='ltr'><strong>τῶν</strong></span> <span class='ocrx_word' id='word_1_547' title='bbox 783 4085 1060 4157; x_wconf 79' lang='grc' dir='ltr'>ὑμετέρων</span> <span class='ocrx_word' id='word_1_548' title='bbox 1110 4086 1308 4157; x_wconf 83' lang='grc' dir='ltr'>χειρῶν</span> <span class='ocrx_word' id='word_1_549' title='bbox 1363 4087 1633 4150; x_wconf 58' lang='grc' dir='ltr'>ἐκδιδούς·</span> <span class='ocrx_word' id='word_1_550' title='bbox 1688 4088 1784 4147; x_wconf 64' lang='grc' dir='ltr'><strong>καὶι</strong></span> <span class='ocrx_word' id='word_1_551' title='bbox 1820 4088 1895 4151; x_wconf 87' lang='grc' dir='ltr'>ὡς</span> 
     </span>
    </p>
   </div>
   <div class='ocr_carea' id='block_1_73' title="bbox 330 4177 1897 4249">
    <p class='ocr_par' dir='ltr' id='par_1_73' title="bbox 330 4177 1897 4249">
     <span class='ocr_line' id='line_1_73' title="bbox 330 4177 1897 4249; baseline 0 -18"><span class='ocrx_word' id='word_1_552' title='bbox 330 4179 498 4249; x_wconf 79' lang='grc' dir='ltr'>τούτῳ</span> <span class='ocrx_word' id='word_1_553' title='bbox 529 4195 596 4247; x_wconf 70' lang='grc' dir='ltr'><strong>γε</strong></span> <span class='ocrx_word' id='word_1_554' title='bbox 625 4178 838 4242; x_wconf 80' lang='grc' dir='ltr'>πάντως</span> <span class='ocrx_word' id='word_1_555' title='bbox 894 4177 1135 4248; x_wconf 80' lang='grc' dir='ltr'>ἐσομένῳ</span> <span class='ocrx_word' id='word_1_556' title='bbox 1164 4178 1403 4249; x_wconf 72' lang='grc' dir='ltr'>θαρρῶν,</span> <span class='ocrx_word' id='word_1_557' title='bbox 1434 4178 1580 4246; x_wconf 82' lang='grc' dir='ltr'>λέγει</span> <span class='ocrx_word' id='word_1_558' title='bbox 1612 4181 1747 4249; x_wconf 85' lang='grc' dir='ltr'>πρὸς</span> <span class='ocrx_word' id='word_1_559' title='bbox 1771 4180 1897 4243; x_wconf 78' lang='grc' dir='ltr'>τοὺς</span> 
     </span>
    </p>
   </div>
   <div class='ocr_carea' id='block_1_74' title="bbox 341 4270 1898 4343">
    <p class='ocr_par' dir='ltr' id='par_1_74' title="bbox 341 4270 1898 4343">
     <span class='ocr_line' id='line_1_74' title="bbox 341 4270 1898 4343; baseline 0 -19"><span class='ocrx_word' id='word_1_560' title='bbox 341 4271 710 4343; x_wconf 53' lang='grc' dir='ltr'>Ἰσραηλίτας</span> <span class='ocrx_word' id='word_1_561' title='bbox 777 4288 796 4322; x_wconf 79' lang='grc' dir='ltr'><strong>ι</strong></span> <span class='ocrx_word' id='word_1_562' title='bbox 854 4270 1141 4340; x_wconf 74' lang='grc' dir='ltr'>Ἀνάστηθι</span> <span class='ocrx_word' id='word_1_563' title='bbox 1197 4274 1291 4325; x_wconf 77' lang='grc' dir='ltr'>καὶ</span> <span class='ocrx_word' id='word_1_564' title='bbox 1333 4272 1466 4325; x_wconf 83' lang='grc' dir='ltr'>άλόα</span> <span class='ocrx_word' id='word_1_565' title='bbox 1539 4273 1756 4336; x_wconf 77' lang='grc' dir='ltr'>αὐτοὺς,</span> <span class='ocrx_word' id='word_1_566' title='bbox 1806 4271 1898 4324; x_wconf 79' lang='grc' dir='ltr'><strong>Θύ-</strong></span> 
     </span>
    </p>
   </div>
   <div class='ocr_carea' id='block_1_75' title="bbox 331 4362 1897 4434">
    <p class='ocr_par' dir='ltr' id='par_1_75' title="bbox 331 4362 1897 4434">
     <span class='ocr_line' id='line_1_75' title="bbox 331 4362 1897 4434; baseline -0.001 -17"><span class='ocrx_word' id='word_1_567' title='bbox 331 4381 495 4434; x_wconf 83' lang='grc' dir='ltr'>γατερ</span> <span class='ocrx_word' id='word_1_568' title='bbox 516 4363 675 4418; x_wconf 86' lang='grc' dir='ltr'>Σιών.</span> <span class='ocrx_word' id='word_1_569' title='bbox 713 4382 733 4416; x_wconf 76' lang='grc' dir='ltr'><strong>ι</strong></span> <span class='ocrx_word' id='word_1_570' title='bbox 767 4362 1024 4421; x_wconf 75' lang='grc' dir='ltr'>Λαδοῦσα</span> <span class='ocrx_word' id='word_1_571' title='bbox 1076 4362 1154 4429; x_wconf 76' lang='grc' dir='ltr'>δὲ,</span> <span class='ocrx_word' id='word_1_572' title='bbox 1192 4363 1376 4432; x_wconf 74' lang='grc' dir='ltr'>φησὶν,</span> <span class='ocrx_word' id='word_1_573' title='bbox 1431 4364 1627 4427; x_wconf 67' lang='grc' dir='ltr'>αὐτοὺς</span> <span class='ocrx_word' id='word_1_574' title='bbox 1680 4366 1897 4433; x_wconf 78' lang='grc' dir='ltr'>ὑποχει-</span> 
     </span>
    </p>
   </div>
   <div class='ocr_carea' id='block_1_76' title="bbox 334 4454 1897 4526">
    <p class='ocr_par' dir='ltr' id='par_1_76' title="bbox 334 4454 1897 4526">
     <span class='ocr_line' id='line_1_76' title="bbox 334 4454 1897 4526; baseline -0.001 -18"><span class='ocrx_word' id='word_1_575' title='bbox 334 4457 475 4524; x_wconf 80' lang='grc' dir='ltr'>ρίους</span> <span class='ocrx_word' id='word_1_576' title='bbox 493 4459 559 4526; x_wconf 82' lang='grc' dir='ltr'><strong>τῇ</strong></span> <span class='ocrx_word' id='word_1_577' title='bbox 590 4455 814 4526; x_wconf 77' lang='grc' dir='ltr'>δυνάμει</span> <span class='ocrx_word' id='word_1_578' title='bbox 862 4456 956 4507; x_wconf 77' lang='grc' dir='ltr'>τοῦ</span> <span class='ocrx_word' id='word_1_579' title='bbox 1010 4454 1166 4520; x_wconf 75' lang='grc' dir='ltr'>Θεοῦ,</span> <span class='ocrx_word' id='word_1_580' title='bbox 1217 4456 1422 4517; x_wconf 83' lang='grc' dir='ltr'>πάντας</span> <span class='ocrx_word' id='word_1_581' title='bbox 1483 4456 1676 4517; x_wconf 71' lang='grc' dir='ltr'>αὐτοὺς</span> <span class='ocrx_word' id='word_1_582' title='bbox 1727 4454 1801 4516; x_wconf 81' lang='grc' dir='ltr'>ὡς</span> <span class='ocrx_word' id='word_1_583' title='bbox 1840 4458 1897 4507; x_wconf 87' lang='grc' dir='ltr'><strong>ἐν</strong></span> 
     </span>
    </p>
   </div>
   <div class='ocr_carea' id='block_1_77' title="bbox 334 4545 1897 4615">
    <p class='ocr_par' dir='ltr' id='par_1_77' title="bbox 334 4545 1897 4615">
     <span class='ocr_line' id='line_1_77' title="bbox 334 4545 1897 4615; baseline -0.003 -16"><span class='ocrx_word' id='word_1_584' title='bbox 334 4546 493 4600; x_wconf 52' lang='lat' dir='ltr'><strong>atem</strong></span> <span class='ocrx_word' id='word_1_585' title='bbox 535 4546 811 4615; x_wconf 75' lang='grc' dir='ltr'>διαφόροις</span> <span class='ocrx_word' id='word_1_586' title='bbox 865 4545 1150 4615; x_wconf 59' lang='grc' dir='ltr'>σύντριψον</span> <span class='ocrx_word' id='word_1_587' title='bbox 1209 4546 1303 4598; x_wconf 74' lang='grc' dir='ltr'>καὶ</span> <span class='ocrx_word' id='word_1_588' title='bbox 1359 4545 1735 4597; x_wconf 80' lang='grc' dir='ltr'>κατανάλωσον</span> <span class='ocrx_word' id='word_1_589' title='bbox 1779 4547 1897 4607; x_wconf 80' lang='grc' dir='ltr'>ταῖς</span> 
     </span>
    </p>
   </div>
   <div class='ocr_carea' id='block_1_78' title="bbox 336 4636 1898 4705">
    <p class='ocr_par' dir='ltr' id='par_1_78' title="bbox 336 4636 1898 4705">
     <span class='ocr_line' id='line_1_78' title="bbox 336 4636 1898 4705; baseline 0 -17"><span class='ocrx_word' id='word_1_590' title='bbox 336 4638 581 4705; x_wconf 66' lang='grc' dir='ltr'>σφαγαῖς.</span> <span class='ocrx_word' id='word_1_591' title='bbox 620 4654 637 4687; x_wconf 84' lang='lat' dir='ltr'><strong>t</strong></span> <span class='ocrx_word' id='word_1_592' title='bbox 675 4636 798 4689; x_wconf 82' lang='grc' dir='ltr'><strong>Ὅτι</strong></span> <span class='ocrx_word' id='word_1_593' title='bbox 831 4636 900 4688; x_wconf 81' lang='grc' dir='ltr'><strong>τὰ</strong></span> <span class='ocrx_word' id='word_1_594' title='bbox 933 4636 1138 4705; x_wconf 86' lang='grc' dir='ltr'>κέρατά</span> <span class='ocrx_word' id='word_1_595' title='bbox 1171 4653 1262 4688; x_wconf 85' lang='grc' dir='ltr'><strong>σου</strong></span> <span class='ocrx_word' id='word_1_596' title='bbox 1295 4636 1528 4705; x_wconf 78' lang='grc' dir='ltr'>θήσομαι</span> <span class='ocrx_word' id='word_1_597' title='bbox 1558 4636 1771 4704; x_wconf 74' lang='grc' dir='ltr'>σιδηρᾶ,</span> <span class='ocrx_word' id='word_1_598' title='bbox 1806 4637 1898 4688; x_wconf 71' lang='grc' dir='ltr'>καὶ</span> 
     </span>
    </p>
   </div>
   <div class='ocr_carea' id='block_1_79' title="bbox 334 4723 1897 4794">
    <p class='ocr_par' dir='ltr' id='par_1_79' title="bbox 334 4723 1897 4794">
     <span class='ocr_line' id='line_1_79' title="bbox 334 4723 1897 4794; baseline 0 -18"><span class='ocrx_word' id='word_1_599' title='bbox 334 4725 427 4787; x_wconf 65' lang='grc' dir='ltr'><strong>τὰς</strong></span> <span class='ocrx_word' id='word_1_600' title='bbox 469 4723 638 4787; x_wconf 82' lang='grc' dir='ltr'>ὁπλάς</span> <span class='ocrx_word' id='word_1_601' title='bbox 671 4740 764 4776; x_wconf 90' lang='grc' dir='ltr'><strong>σου</strong></span> <span class='ocrx_word' id='word_1_602' title='bbox 809 4723 1041 4794; x_wconf 78' lang='grc' dir='ltr'>θήσομαι</span> <span class='ocrx_word' id='word_1_603' title='bbox 1090 4724 1313 4794; x_wconf 83' lang='grc' dir='ltr'>χαλκᾶς.</span> <span class='ocrx_word' id='word_1_604' title='bbox 1359 4743 1378 4774; x_wconf 70' lang='grc' dir='ltr'>ι</span> <span class='ocrx_word' id='word_1_605' title='bbox 1417 4724 1632 4775; x_wconf 84' lang='grc' dir='ltr'>Δέὸωκα</span> <span class='ocrx_word' id='word_1_606' title='bbox 1677 4725 1784 4793; x_wconf 83' lang='grc' dir='ltr'><strong>γάρ</strong></span> <span class='ocrx_word' id='word_1_607' title='bbox 1818 4742 1897 4777; x_wconf 78' lang='grc' dir='ltr'>σοι</span> 
     </span>
    </p>
   </div>
   <div class='ocr_carea' id='block_1_80' title="bbox 334 4809 1902 4885">
    <p class='ocr_par' dir='ltr' id='par_1_80' title="bbox 334 4809 1902 4885">
     <span class='ocr_line' id='line_1_80' title="bbox 334 4809 1902 4885; baseline 0.002 -18"><span class='ocrx_word' id='word_1_608' title='bbox 334 4813 552 4883; x_wconf 72' lang='grc' dir='ltr'>δύναμιν</span> <span class='ocrx_word' id='word_1_609' title='bbox 575 4815 674 4883; x_wconf 83' lang='grc' dir='ltr'><strong>οὐχ</strong></span> <span class='ocrx_word' id='word_1_610' title='bbox 708 4809 869 4885; x_wconf 79' lang='grc' dir='ltr'>ἧττον</span> <span class='ocrx_word' id='word_1_611' title='bbox 900 4814 1130 4884; x_wconf 83' lang='grc' dir='ltr'>σιδηρῶν</span> <span class='ocrx_word' id='word_1_612' title='bbox 1162 4815 1425 4885; x_wconf 85' lang='grc' dir='ltr'>κεράτων,</span> <span class='ocrx_word' id='word_1_613' title='bbox 1452 4813 1750 4884; x_wconf 78' lang='grc' dir='ltr'>ἀμύνεσθαι</span> <span class='ocrx_word' id='word_1_614' title='bbox 1776 4817 1902 4878; x_wconf 82' lang='grc' dir='ltr'>τοὺς</span> 
     </span>
    </p>
   </div>
   <div class='ocr_carea' id='block_1_81' title="bbox 334 4905 1900 4976">
    <p class='ocr_par' dir='ltr' id='par_1_81' title="bbox 334 4905 1900 4976">
     <span class='ocr_line' id='line_1_81' title="bbox 334 4905 1900 4976; baseline 0 -19"><span class='ocrx_word' id='word_1_615' title='bbox 334 4906 603 4968; x_wconf 82' lang='grc' dir='ltr'>ἐναντίους</span> <span class='ocrx_word' id='word_1_616' title='bbox 639 4906 939 4975; x_wconf 79' lang='grc' dir='ltr'>ἀρκοῦσαν,</span> <span class='ocrx_word' id='word_1_617' title='bbox 981 4907 1072 4958; x_wconf 77' lang='grc' dir='ltr'>καὶ</span> <span class='ocrx_word' id='word_1_618' title='bbox 1106 4909 1295 4958; x_wconf 89' lang='grc' dir='ltr'>πατεῖν</span> <span class='ocrx_word' id='word_1_619' title='bbox 1323 4906 1520 4976; x_wconf 73' lang='grc' dir='ltr'>μᾶλλον</span> <span class='ocrx_word' id='word_1_620' title='bbox 1544 4905 1576 4975; x_wconf 75' lang='grc' dir='ltr'>ἢ</span> <span class='ocrx_word' id='word_1_621' title='bbox 1604 4905 1793 4965; x_wconf 82' lang='grc' dir='ltr'>ὁπλαῖς</span> <span class='ocrx_word' id='word_1_622' title='bbox 1816 4923 1900 4967; x_wconf 88' lang='grc' dir='ltr'><strong>τις</strong></span> 
     </span>
    </p>
   </div>
   <div class='ocr_carea' id='block_1_82' title="bbox 334 4997 1901 5068">
    <p class='ocr_par' dir='ltr' id='par_1_82' title="bbox 334 4997 1901 5068">
     <span class='ocr_line' id='line_1_82' title="bbox 334 4997 1901 5068; baseline -0.001 -17"><span class='ocrx_word' id='word_1_623' title='bbox 334 4999 555 5068; x_wconf 80' lang='grc' dir='ltr'>χαλκαῖς</span> <span class='ocrx_word' id='word_1_624' title='bbox 614 4998 894 5067; x_wconf 79' lang='grc' dir='ltr'>χρώμενος</span> <span class='ocrx_word' id='word_1_625' title='bbox 958 4998 1249 5067; x_wconf 81' lang='grc' dir='ltr'>πατήσειεν</span> <span class='ocrx_word' id='word_1_626' title='bbox 1309 4998 1393 5050; x_wconf 81' lang='grc' dir='ltr'><strong>ἄν.</strong></span> <span class='ocrx_word' id='word_1_627' title='bbox 1444 4997 1517 5067; x_wconf 91' lang='lat' dir='ltr'><strong>(p.</strong></span> <span class='ocrx_word' id='word_1_628' title='bbox 1574 4998 1698 5064; x_wconf 70' lang='lat'><strong>9.90)</strong></span> <span class='ocrx_word' id='word_1_629' title='bbox 1732 5016 1749 5049; x_wconf 82' lang='grc' dir='ltr'>ι</span> <span class='ocrx_word' id='word_1_630' title='bbox 1793 4999 1901 5051; x_wconf 70' lang='grc' dir='ltr'><strong>Καὶ</strong></span> 
     </span>
    </p>
   </div>
   <div class='ocr_carea' id='block_1_83' title="bbox 334 5086 1902 5158">
    <p class='ocr_par' dir='ltr' id='par_1_83' title="bbox 334 5086 1902 5158">
     <span class='ocr_line' id='line_1_83' title="bbox 334 5086 1902 5158; baseline -0.003 -17"><span class='ocrx_word' id='word_1_631' title='bbox 334 5088 651 5158; x_wconf 77' lang='grc' dir='ltr'>κατατήξεις</span> <span class='ocrx_word' id='word_1_632' title='bbox 682 5090 738 5141; x_wconf 87' lang='grc' dir='ltr'>ἐν</span> <span class='ocrx_word' id='word_1_633' title='bbox 771 5088 959 5148; x_wconf 70' lang='grc' dir='ltr'>αὑταῖς</span> <span class='ocrx_word' id='word_1_634' title='bbox 991 5086 1136 5156; x_wconf 73' lang='grc' dir='ltr'>ἔθνη,</span> <span class='ocrx_word' id='word_1_635' title='bbox 1165 5087 1258 5139; x_wconf 77' lang='grc' dir='ltr'>καὶ</span> <span class='ocrx_word' id='word_1_636' title='bbox 1282 5087 1558 5150; x_wconf 83' lang='grc' dir='ltr'>λεπτυνεῖς</span> <span class='ocrx_word' id='word_1_637' title='bbox 1585 5087 1743 5150; x_wconf 83' lang='grc' dir='ltr'>λαοὺς</span> <span class='ocrx_word' id='word_1_638' title='bbox 1775 5087 1902 5139; x_wconf 86' lang='grc' dir='ltr'>πολ-</span> 
     </span>
    </p>
   </div>
   <div class='ocr_carea' id='block_1_84' title="bbox 333 5176 1900 5247">
    <p class='ocr_par' dir='ltr' id='par_1_84' title="bbox 333 5176 1900 5247">
     <span class='ocr_line' id='line_1_84' title="bbox 333 5176 1900 5247; baseline 0.001 -18"><span class='ocrx_word' id='word_1_639' title='bbox 333 5176 452 5241; x_wconf 78' lang='grc' dir='ltr'>λούς</span> <span class='ocrx_word' id='word_1_640' title='bbox 471 5195 485 5208; x_wconf 89' lang='grc'><strong>·</strong></span> <span class='ocrx_word' id='word_1_641' title='bbox 520 5179 612 5231; x_wconf 71' lang='grc' dir='ltr'>καὶ</span> <span class='ocrx_word' id='word_1_642' title='bbox 635 5176 927 5246; x_wconf 75' lang='grc' dir='ltr'>ἀναθήσεις</span> <span class='ocrx_word' id='word_1_643' title='bbox 950 5177 1024 5245; x_wconf 79' lang='grc' dir='ltr'>τῷ</span> <span class='ocrx_word' id='word_1_644' title='bbox 1048 5176 1236 5247; x_wconf 82' lang='grc' dir='ltr'>Κυρίῳ</span> <span class='ocrx_word' id='word_1_645' title='bbox 1265 5178 1325 5228; x_wconf 79' lang='grc' dir='ltr'>τὸ</span> <span class='ocrx_word' id='word_1_646' title='bbox 1350 5178 1549 5246; x_wconf 73' lang='grc' dir='ltr'>πλῆθος</span> <span class='ocrx_word' id='word_1_647' title='bbox 1572 5179 1769 5243; x_wconf 78' lang='grc' dir='ltr'>αὐτῶν,</span> <span class='ocrx_word' id='word_1_648' title='bbox 1808 5178 1900 5231; x_wconf 75' lang='grc' dir='ltr'>καὶ</span> 
     </span>
    </p>
   </div>
   <div class='ocr_carea' id='block_1_85' title="bbox 331 5266 1898 5338">
    <p class='ocr_par' dir='ltr' id='par_1_85' title="bbox 331 5266 1898 5338">
     <span class='ocr_line' id='line_1_85' title="bbox 331 5266 1898 5338; baseline 0 -19"><span class='ocrx_word' id='word_1_649' title='bbox 331 5267 423 5337; x_wconf 82' lang='grc' dir='ltr'><strong>τὴν</strong></span> <span class='ocrx_word' id='word_1_650' title='bbox 452 5266 817 5336; x_wconf 72' lang='grc' dir='ltr'><strong>ίσχῦναὺτῶν</strong></span> <span class='ocrx_word' id='word_1_651' title='bbox 851 5266 927 5334; x_wconf 79' lang='grc' dir='ltr'>τῷ</span> <span class='ocrx_word' id='word_1_652' title='bbox 961 5268 1149 5335; x_wconf 85' lang='grc' dir='ltr'>Κυρίῳ</span> <span class='ocrx_word' id='word_1_653' title='bbox 1177 5267 1354 5337; x_wconf 80' lang='grc' dir='ltr'>πάσης</span> <span class='ocrx_word' id='word_1_654' title='bbox 1384 5269 1482 5335; x_wconf 73' lang='grc' dir='ltr'>τῆς</span> <span class='ocrx_word' id='word_1_655' title='bbox 1513 5270 1632 5337; x_wconf 77' lang='grc' dir='ltr'>γῆς.</span> <span class='ocrx_word' id='word_1_656' title='bbox 1662 5287 1680 5319; x_wconf 84' lang='grc'><strong><em>›</em></strong></span> <span class='ocrx_word' id='word_1_657' title='bbox 1717 5268 1898 5338; x_wconf 65' lang='grc' dir='ltr'>Ταύτῃ</span> 
     </span>
    </p>
   </div>
   <div class='ocr_carea' id='block_1_86' title="bbox 332 5355 1897 5429">
    <p class='ocr_par' dir='ltr' id='par_1_86' title="bbox 332 5355 1897 5429">
     <span class='ocr_line' id='line_1_86' title="bbox 332 5355 1897 5429; baseline 0.003 -23"><span class='ocrx_word' id='word_1_658' title='bbox 332 5355 391 5425; x_wconf 78' lang='grc' dir='ltr'>δὴ</span> <span class='ocrx_word' id='word_1_659' title='bbox 421 5360 489 5427; x_wconf 79' lang='grc' dir='ltr'>τῇ</span> <span class='ocrx_word' id='word_1_660' title='bbox 521 5355 677 5425; x_wconf 74' lang='grc' dir='ltr'>παρὰ</span> <span class='ocrx_word' id='word_1_661' title='bbox 698 5355 949 5415; x_wconf 77' lang='grc' dir='ltr'><strong>τοῦΘεοῦ</strong></span> <span class='ocrx_word' id='word_1_662' title='bbox 984 5373 1063 5407; x_wconf 83' lang='grc' dir='ltr'>σοι</span> <span class='ocrx_word' id='word_1_663' title='bbox 1100 5359 1478 5429; x_wconf 74' lang='grc' dir='ltr'>χορηγουμένῃ</span> <span class='ocrx_word' id='word_1_664' title='bbox 1514 5362 1649 5427; x_wconf 72' lang='grc' dir='ltr'>ῥοπῇ</span> <span class='ocrx_word' id='word_1_665' title='bbox 1696 5360 1897 5421; x_wconf 68' lang='grc' dir='ltr'>πάντας</span> 
     </span>
    </p>
   </div>
   <div class='ocr_carea' id='block_1_87' title="bbox 334 5446 1897 5515">
    <p class='ocr_par' dir='ltr' id='par_1_87' title="bbox 334 5446 1897 5515">
     <span class='ocr_line' id='line_1_87' title="bbox 334 5446 1897 5515; baseline 0.003 -18"><span class='ocrx_word' id='word_1_666' title='bbox 334 5446 524 5508; x_wconf 73' lang='grc' dir='ltr'>αὐτοὺς</span> <span class='ocrx_word' id='word_1_667' title='bbox 566 5447 814 5514; x_wconf 85' lang='grc' dir='ltr'>ἀφανιεῖς</span> <span class='ocrx_word' id='word_1_668' title='bbox 866 5446 1159 5512; x_wconf 78' lang='grc' dir='ltr'>παντελῶς,</span> <span class='ocrx_word' id='word_1_669' title='bbox 1206 5448 1481 5511; x_wconf 69' lang='grc' dir='ltr'>πλείστους</span> <span class='ocrx_word' id='word_1_670' title='bbox 1510 5466 1567 5515; x_wconf 83' lang='grc' dir='ltr'><strong>γε</strong></span> <span class='ocrx_word' id='word_1_671' title='bbox 1598 5452 1773 5511; x_wconf 63' lang='grc' dir='ltr'>διτας,</span> <span class='ocrx_word' id='word_1_672' title='bbox 1808 5453 1897 5501; x_wconf 69' lang='grc' dir='ltr'>καὶ</span> 
     </span>
    </p>
   </div>
   <div class='ocr_carea' id='block_1_88' title="bbox 331 5538 1895 5614">
    <p class='ocr_par' dir='ltr' id='par_1_88' title="bbox 331 5538 1895 5614">
     <span class='ocr_line' id='line_1_88' title="bbox 331 5538 1895 5614; baseline -0.001 -22"><span class='ocrx_word' id='word_1_673' title='bbox 331 5540 529 5602; x_wconf 70' lang='grc' dir='ltr'>παντὸς</span> <span class='ocrx_word' id='word_1_674' title='bbox 561 5539 655 5591; x_wconf 72' lang='grc' dir='ltr'>τοῦ</span> <span class='ocrx_word' id='word_1_675' title='bbox 711 5538 949 5608; x_wconf 76' lang='grc' dir='ltr'>πλήθους</span> <span class='ocrx_word' id='word_1_676' title='bbox 970 5539 1144 5591; x_wconf 70' lang='grc' dir='ltr'>αὐτῶν</span> <span class='ocrx_word' id='word_1_677' title='bbox 1167 5540 1263 5608; x_wconf 77' lang='grc' dir='ltr'>τὴν</span> <span class='ocrx_word' id='word_1_678' title='bbox 1290 5540 1558 5593; x_wconf 70' lang='grc' dir='ltr'>ἀπώλειαν</span> <span class='ocrx_word' id='word_1_679' title='bbox 1585 5541 1751 5609; x_wconf 69' lang='grc' dir='ltr'>λογιεῖ</span> <span class='ocrx_word' id='word_1_680' title='bbox 1784 5544 1895 5614; x_wconf 59' lang='grc'><strong>(58)</strong></span> 
     </span>
    </p>
   </div>
   <div class='ocr_carea' id='block_1_89' title="bbox 1990 3167 3566 3249">
    <p class='ocr_par' dir='ltr' id='par_1_89' title="bbox 1990 3167 3566 3249">
     <span class='ocr_line' id='line_1_89' title="bbox 1990 3167 3566 3249; baseline -0.009 -17"><span class='ocrx_word' id='word_1_681' title='bbox 1990 3194 2095 3233; x_wconf 91' lang='lat' dir='ltr'><strong>non</strong></span> <span class='ocrx_word' id='word_1_682' title='bbox 2128 3185 2502 3249; x_wconf 82' lang='lat' dir='ltr'><strong>cognoverunt</strong></span> <span class='ocrx_word' id='word_1_683' title='bbox 2530 3177 2917 3245; x_wconf 82' lang='lat' dir='ltr'><strong>cogitationem</strong></span> <span class='ocrx_word' id='word_1_684' title='bbox 2944 3171 3183 3235; x_wconf 87' lang='lat' dir='ltr'><strong>Domini,</strong></span> <span class='ocrx_word' id='word_1_685' title='bbox 3204 3184 3382 3239; x_wconf 85' lang='lat' dir='ltr'><strong>neque</strong></span> <span class='ocrx_word' id='word_1_686' title='bbox 3408 3167 3566 3221; x_wconf 88' lang='lat' dir='ltr'><strong>intel-</strong></span> 
     </span>
    </p>
   </div>
   <div class='ocr_carea' id='block_1_90' title="bbox 1990 3260 3564 3338">
    <p class='ocr_par' dir='ltr' id='par_1_90' title="bbox 1990 3260 3564 3338">
     <span class='ocr_line' id='line_1_90' title="bbox 1990 3260 3564 3338; baseline -0.009 -12"><span class='ocrx_word' id='word_1_687' title='bbox 1990 3274 2237 3327; x_wconf 80' lang='lat' dir='ltr'><strong>lexerunt</strong></span> <span class='ocrx_word' id='word_1_688' title='bbox 2283 3271 2573 3325; x_wconf 84' lang='lat' dir='ltr'><strong>consilium</strong></span> <span class='ocrx_word' id='word_1_689' title='bbox 2621 3270 2763 3338; x_wconf 87' lang='lat' dir='ltr'><strong>ejus,</strong></span> <span class='ocrx_word' id='word_1_690' title='bbox 2812 3267 2958 3337; x_wconf 92' lang='lat' dir='ltr'><strong>quod</strong></span> <span class='ocrx_word' id='word_1_691' title='bbox 3004 3280 3197 3335; x_wconf 89' lang='lat' dir='ltr'><strong>nempe</strong></span> <span class='ocrx_word' id='word_1_692' title='bbox 3242 3260 3564 3317; x_wconf 81' lang='lat' dir='ltr'><strong>adunaverit</strong></span> 
     </span>
    </p>
   </div>
   <div class='ocr_carea' id='block_1_91' title="bbox 1989 3353 3568 3434">
    <p class='ocr_par' dir='ltr' id='par_1_91' title="bbox 1989 3353 3568 3434">
     <span class='ocr_line' id='line_1_91' title="bbox 1989 3353 3568 3434; baseline -0.008 -15"><span class='ocrx_word' id='word_1_693' title='bbox 1989 3380 2082 3419; x_wconf 89' lang='lat' dir='ltr'><strong>eos</strong></span> <span class='ocrx_word' id='word_1_694' title='bbox 2108 3364 2264 3434; x_wconf 90' lang='lat' dir='ltr'><strong>quasi</strong></span> <span class='ocrx_word' id='word_1_695' title='bbox 2292 3361 2597 3431; x_wconf 87' lang='lat' dir='ltr'><strong>manipulos</strong></span> <span class='ocrx_word' id='word_1_696' title='bbox 2624 3376 2787 3414; x_wconf 67' lang='lat' dir='ltr'><strong>areae.</strong></span> <span class='ocrx_word' id='word_1_697' title='bbox 2815 3380 2834 3412; x_wconf 73' lang='grc' dir='ltr'>ι</span> <span class='ocrx_word' id='word_1_698' title='bbox 2865 3358 3273 3429; x_wconf 76' lang='lat' dir='ltr'><strong>Expeditionem</strong></span> <span class='ocrx_word' id='word_1_699' title='bbox 3323 3353 3568 3409; x_wconf 84' lang='lat' dir='ltr'><strong>fecerunt</strong></span> 
     </span>
    </p>
   </div>
   <div class='ocr_carea' id='block_1_92' title="bbox 1991 3440 3563 3521">
    <p class='ocr_par' dir='ltr' id='par_1_92' title="bbox 1991 3440 3563 3521">
     <span class='ocr_line' id='line_1_92' title="bbox 1991 3440 3563 3521; baseline -0.01 -13"><span class='ocrx_word' id='word_1_700' title='bbox 1991 3469 2218 3509; x_wconf 87' lang='lat' dir='ltr'><strong>numero</strong></span> <span class='ocrx_word' id='word_1_701' title='bbox 2248 3453 2565 3521; x_wconf 76' lang='lat' dir='ltr'><strong>viribusque</strong></span> <span class='ocrx_word' id='word_1_702' title='bbox 2590 3452 2708 3505; x_wconf 86' lang='lat' dir='ltr'><strong>suis</strong></span> <span class='ocrx_word' id='word_1_703' title='bbox 2730 3448 3088 3510; x_wconf 80' lang='lat' dir='ltr'><strong>confidentes,</strong></span> <span class='ocrx_word' id='word_1_704' title='bbox 3126 3445 3221 3501; x_wconf 91' lang='lat' dir='ltr'><strong>sed</strong></span> <span class='ocrx_word' id='word_1_705' title='bbox 3261 3442 3357 3497; x_wconf 88' lang='lat' dir='ltr'><strong>Dei</strong></span> <span class='ocrx_word' id='word_1_706' title='bbox 3389 3440 3563 3496; x_wconf 87' lang='lat' dir='ltr'><strong>nostri</strong></span> 
     </span>
    </p>
   </div>
   <div class='ocr_carea' id='block_1_93' title="bbox 1993 3532 3566 3611">
    <p class='ocr_par' dir='ltr' id='par_1_93' title="bbox 1993 3532 3566 3611">
     <span class='ocr_line' id='line_1_93' title="bbox 1993 3532 3566 3611; baseline -0.011 -11"><span class='ocrx_word' id='word_1_707' title='bbox 1993 3546 2318 3600; x_wconf 84' lang='lat' dir='ltr'><strong>sententiam</strong></span> <span class='ocrx_word' id='word_1_708' title='bbox 2359 3544 2700 3607; x_wconf 75' lang='lat' dir='ltr'><strong>nescientes;</strong></span> <span class='ocrx_word' id='word_1_709' title='bbox 2744 3541 2837 3611; x_wconf 80' lang='lat' dir='ltr'><strong>qui</strong></span> <span class='ocrx_word' id='word_1_710' title='bbox 2886 3554 2983 3594; x_wconf 91' lang='lat' dir='ltr'><strong>eos</strong></span> <span class='ocrx_word' id='word_1_711' title='bbox 3030 3538 3234 3590; x_wconf 87' lang='lat' dir='ltr'><strong>idcirco</strong></span> <span class='ocrx_word' id='word_1_712' title='bbox 3282 3532 3411 3589; x_wconf 84' lang='lat' dir='ltr'><strong>sivit</strong></span> <span class='ocrx_word' id='word_1_713' title='bbox 3463 3533 3566 3585; x_wconf 82' lang='lat' dir='ltr'><strong>hoc</strong></span> 
     </span>
    </p>
   </div>
   <div class='ocr_carea' id='block_1_94' title="bbox 1992 3625 3568 3707">
    <p class='ocr_par' dir='ltr' id='par_1_94' title="bbox 1992 3625 3568 3707">
     <span class='ocr_line' id='line_1_94' title="bbox 1992 3625 3568 3707; baseline -0.01 -16"><span class='ocrx_word' id='word_1_714' title='bbox 1992 3637 2189 3707; x_wconf 90' lang='lat' dir='ltr'><strong>cupide</strong></span> <span class='ocrx_word' id='word_1_715' title='bbox 2230 3637 2433 3693; x_wconf 87' lang='lat' dir='ltr'><strong>bellum</strong></span> <span class='ocrx_word' id='word_1_716' title='bbox 2484 3643 2674 3690; x_wconf 85' lang='lat' dir='ltr'><strong>contra</strong></span> <span class='ocrx_word' id='word_1_717' title='bbox 2701 3648 2799 3689; x_wconf 91' lang='lat' dir='ltr'><strong>vos</strong></span> <span class='ocrx_word' id='word_1_718' title='bbox 2833 3632 3137 3699; x_wconf 85' lang='lat' dir='ltr'><strong>suscipere,</strong></span> <span class='ocrx_word' id='word_1_719' title='bbox 3181 3634 3241 3681; x_wconf 93' lang='lat' dir='ltr'><strong>ut</strong></span> <span class='ocrx_word' id='word_1_720' title='bbox 3279 3625 3568 3695; x_wconf 81' lang='lat' dir='ltr'><strong>providen-</strong></span> 
     </span>
    </p>
   </div>
   <div class='ocr_carea' id='block_1_95' title="bbox 1994 3717 3566 3795">
    <p class='ocr_par' dir='ltr' id='par_1_95' title="bbox 1994 3717 3566 3795">
     <span class='ocr_line' id='line_1_95' title="bbox 1994 3717 3566 3795; baseline -0.007 -15"><span class='ocrx_word' id='word_1_721' title='bbox 1994 3729 2124 3783; x_wconf 84' lang='lat' dir='ltr'><strong>tiam</strong></span> <span class='ocrx_word' id='word_1_722' title='bbox 2149 3742 2277 3795; x_wconf 88' lang='lat' dir='ltr'><strong>erga</strong></span> <span class='ocrx_word' id='word_1_723' title='bbox 2325 3741 2421 3781; x_wconf 87' lang='lat' dir='ltr'><strong>vos</strong></span> <span class='ocrx_word' id='word_1_724' title='bbox 2456 3740 2609 3781; x_wconf 83' lang='lat' dir='ltr'><strong>suam</strong></span> <span class='ocrx_word' id='word_1_725' title='bbox 2656 3723 2992 3784; x_wconf 85' lang='lat' dir='ltr'><strong>ostenderet,</strong></span> <span class='ocrx_word' id='word_1_726' title='bbox 3028 3728 3084 3774; x_wconf 90' lang='lat' dir='ltr'><strong>et</strong></span> <span class='ocrx_word' id='word_1_727' title='bbox 3124 3718 3269 3773; x_wconf 83' lang='lat' dir='ltr'><strong>vires</strong></span> <span class='ocrx_word' id='word_1_728' title='bbox 3314 3717 3566 3786; x_wconf 78' lang='lat' dir='ltr'><strong>prpprias</strong></span> 
     </span>
    </p>
   </div>
   <div class='ocr_carea' id='block_1_96' title="bbox 1994 3798 3569 3879">
    <p class='ocr_par' dir='ltr' id='par_1_96' title="bbox 1994 3798 3569 3879">
     <span class='ocr_line' id='line_1_96' title="bbox 1994 3798 3569 3879; baseline -0.01 -6"><span class='ocrx_word' id='word_1_729' title='bbox 1994 3828 2291 3879; x_wconf 77' lang='lat' dir='ltr'><strong>exsereret,</strong></span> <span class='ocrx_word' id='word_1_730' title='bbox 2332 3798 2706 3870; x_wconf 86' lang='lat' dir='ltr'><strong>demessorum</strong></span> <span class='ocrx_word' id='word_1_731' title='bbox 2742 3814 2916 3868; x_wconf 89' lang='lat' dir='ltr'><strong>instar</strong></span> <span class='ocrx_word' id='word_1_732' title='bbox 2959 3808 3360 3879; x_wconf 90' lang='lat' dir='ltr'><strong>manipulorum</strong></span> <span class='ocrx_word' id='word_1_733' title='bbox 3408 3805 3569 3875; x_wconf 73' lang='lat'><strong>190</strong></span> 
     </span>
    </p>
   </div>
   <div class='ocr_carea' id='block_1_97' title="bbox 1994 3900 3565 3975">
    <p class='ocr_par' dir='ltr' id='par_1_97' title="bbox 1994 3900 3565 3975">
     <span class='ocr_line' id='line_1_97' title="bbox 1994 3900 3565 3975; baseline -0.01 -11"><span class='ocrx_word' id='word_1_734' title='bbox 1994 3916 2049 3964; x_wconf 87' lang='lat' dir='ltr'><strong>et</strong></span> <span class='ocrx_word' id='word_1_735' title='bbox 2083 3907 2137 3961; x_wconf 89' lang='lat' dir='ltr'><strong>in</strong></span> <span class='ocrx_word' id='word_1_736' title='bbox 2172 3921 2294 3962; x_wconf 83' lang='lat' dir='ltr'><strong>area</strong></span> <span class='ocrx_word' id='word_1_737' title='bbox 2343 3906 2708 3975; x_wconf 90' lang='lat' dir='ltr'><strong>repositorum</strong></span> <span class='ocrx_word' id='word_1_738' title='bbox 2730 3943 2745 3968; x_wconf 93' lang='lat'><strong>,</strong></span> <span class='ocrx_word' id='word_1_739' title='bbox 2789 3903 3073 3957; x_wconf 82' lang='lat' dir='ltr'><strong>universos</strong></span> <span class='ocrx_word' id='word_1_740' title='bbox 3106 3900 3229 3954; x_wconf 90' lang='lat' dir='ltr'><strong>illos</strong></span> <span class='ocrx_word' id='word_1_741' title='bbox 3259 3905 3565 3951; x_wconf 80' lang='lat' dir='ltr'><strong>vestrarum</strong></span> 
     </span>
    </p>
   </div>
   <div class='ocr_carea' id='block_1_98' title="bbox 1996 3987 3567 4081">
    <p class='ocr_par' dir='ltr' id='par_1_98' title="bbox 1996 3987 3567 4081">
     <span class='ocr_line' id='line_1_98' title="bbox 1996 3987 3567 4081; baseline -0.008 -29"><span class='ocrx_word' id='word_1_742' title='bbox 1996 4013 2255 4081; x_wconf 76' lang='lat' dir='ltr'><strong>manuum</strong></span> <span class='ocrx_word' id='word_1_743' title='bbox 2286 3996 2421 4052; x_wconf 67' lang='lat' dir='ltr'><strong>caedi</strong></span> <span class='ocrx_word' id='word_1_744' title='bbox 2453 3996 2802 4050; x_wconf 85' lang='lat' dir='ltr'><strong>contradens.</strong></span> <span class='ocrx_word' id='word_1_745' title='bbox 2838 3995 3014 4062; x_wconf 81' lang='lat' dir='ltr'><strong>Atque</strong></span> <span class='ocrx_word' id='word_1_746' title='bbox 3049 3993 3151 4046; x_wconf 90' lang='lat' dir='ltr'><strong>bac</strong></span> <span class='ocrx_word' id='word_1_747' title='bbox 3177 4005 3235 4044; x_wconf 91' lang='lat' dir='ltr'><strong>re</strong></span> <span class='ocrx_word' id='word_1_748' title='bbox 3261 3990 3380 4045; x_wconf 91' lang='lat' dir='ltr'><strong>sine</strong></span> <span class='ocrx_word' id='word_1_749' title='bbox 3399 3987 3567 4043; x_wconf 89' lang='lat' dir='ltr'><strong>dubio</strong></span> 
     </span>
    </p>
   </div>
   <div class='ocr_carea' id='block_1_99' title="bbox 1995 4081 3566 4151">
    <p class='ocr_par' dir='ltr' id='par_1_99' title="bbox 1995 4081 3566 4151">
     <span class='ocr_line' id='line_1_99' title="bbox 1995 4081 3566 4151; baseline -0.01 -3"><span class='ocrx_word' id='word_1_750' title='bbox 1995 4101 2252 4147; x_wconf 87' lang='lat' dir='ltr'><strong>eventura</strong></span> <span class='ocrx_word' id='word_1_751' title='bbox 2282 4090 2515 4151; x_wconf 73' lang='lat' dir='ltr'><strong>laetatus,</strong></span> <span class='ocrx_word' id='word_1_752' title='bbox 2547 4087 2678 4142; x_wconf 91' lang='lat' dir='ltr'><strong>dicit</strong></span> <span class='ocrx_word' id='word_1_753' title='bbox 2711 4085 2976 4141; x_wconf 90' lang='lat' dir='ltr'><strong>lsraelitis</strong></span> <span class='ocrx_word' id='word_1_754' title='bbox 3001 4102 3014 4138; x_wconf 90' lang='lat'><strong>:</strong></span> <span class='ocrx_word' id='word_1_755' title='bbox 3044 4103 3062 4135; x_wconf 78' lang='grc' dir='ltr'>ι</span> <span class='ocrx_word' id='word_1_756' title='bbox 3093 4081 3266 4150; x_wconf 90' lang='lat' dir='ltr'><strong>Surge</strong></span> <span class='ocrx_word' id='word_1_757' title='bbox 3288 4089 3342 4134; x_wconf 91' lang='lat' dir='ltr'><strong>et</strong></span> <span class='ocrx_word' id='word_1_758' title='bbox 3371 4081 3566 4134; x_wconf 86' lang='lat' dir='ltr'><strong>tritura</strong></span> 
     </span>
    </p>
   </div>
   <div class='ocr_carea' id='block_1_100' title="bbox 1995 4172 3563 4246">
    <p class='ocr_par' dir='ltr' id='par_1_100' title="bbox 1995 4172 3563 4246">
     <span class='ocr_line' id='line_1_100' title="bbox 1995 4172 3563 4246; baseline -0.009 -7"><span class='ocrx_word' id='word_1_759' title='bbox 1995 4200 2113 4246; x_wconf 89' lang='lat' dir='ltr'><strong>eos,</strong></span> <span class='ocrx_word' id='word_1_760' title='bbox 2160 4183 2268 4237; x_wconf 77' lang='lat' dir='ltr'><strong>filia</strong></span> <span class='ocrx_word' id='word_1_761' title='bbox 2304 4182 2455 4236; x_wconf 81' lang='lat' dir='ltr'><strong>Sion.</strong></span> <span class='ocrx_word' id='word_1_762' title='bbox 2499 4199 2516 4232; x_wconf 74' lang='grc' dir='ltr'><strong>ι</strong></span> <span class='ocrx_word' id='word_1_763' title='bbox 2578 4178 2689 4234; x_wconf 92' lang='lat' dir='ltr'><strong>llos</strong></span> <span class='ocrx_word' id='word_1_764' title='bbox 2734 4179 2833 4232; x_wconf 90' lang='lat' dir='ltr'><strong>tibi</strong></span> <span class='ocrx_word' id='word_1_765' title='bbox 2891 4180 3094 4231; x_wconf 83' lang='lat' dir='ltr'><strong>virtute</strong></span> <span class='ocrx_word' id='word_1_766' title='bbox 3130 4176 3222 4230; x_wconf 91' lang='lat' dir='ltr'><strong>Dei</strong></span> <span class='ocrx_word' id='word_1_767' title='bbox 3263 4172 3563 4241; x_wconf 78' lang='lat' dir='ltr'><strong>subjectos,</strong></span> 
     </span>
    </p>
   </div>
   <div class='ocr_carea' id='block_1_101' title="bbox 1999 4263 3564 4343">
    <p class='ocr_par' dir='ltr' id='par_1_101' title="bbox 1999 4263 3564 4343">
     <span class='ocr_line' id='line_1_101' title="bbox 1999 4263 3564 4343; baseline -0.008 -15"><span class='ocrx_word' id='word_1_768' title='bbox 1999 4286 2256 4343; x_wconf 89' lang='lat' dir='ltr'><strong>tanquam</strong></span> <span class='ocrx_word' id='word_1_769' title='bbox 2300 4275 2355 4327; x_wconf 92' lang='lat' dir='ltr'><strong>in</strong></span> <span class='ocrx_word' id='word_1_770' title='bbox 2389 4288 2513 4326; x_wconf 85' lang='lat' dir='ltr'><strong>arca</strong></span> <span class='ocrx_word' id='word_1_771' title='bbox 2547 4272 2710 4325; x_wconf 86' lang='lat' dir='ltr'><strong>variis</strong></span> <span class='ocrx_word' id='word_1_772' title='bbox 2740 4278 2961 4324; x_wconf 89' lang='lat' dir='ltr'><strong>contere</strong></span> <span class='ocrx_word' id='word_1_773' title='bbox 3011 4274 3067 4322; x_wconf 89' lang='lat' dir='ltr'><strong>’ct</strong></span> <span class='ocrx_word' id='word_1_774' title='bbox 3099 4281 3363 4325; x_wconf 81' lang='lat' dir='ltr'><strong>consume</strong></span> <span class='ocrx_word' id='word_1_775' title='bbox 3397 4263 3564 4318; x_wconf 61' lang='lat' dir='ltr'><strong>cauli-</strong></span> 
     </span>
    </p>
   </div>
   <div class='ocr_carea' id='block_1_102' title="bbox 1998 4355 3566 4430">
    <p class='ocr_par' dir='ltr' id='par_1_102' title="bbox 1998 4355 3566 4430">
     <span class='ocr_line' id='line_1_102' title="bbox 1998 4355 3566 4430; baseline -0.008 -11"><span class='ocrx_word' id='word_1_776' title='bbox 1998 4368 2119 4419; x_wconf 85' lang='lat' dir='ltr'><strong>bus.</strong></span> <span class='ocrx_word' id='word_1_777' title='bbox 2164 4384 2181 4415; x_wconf 84' lang='grc' dir='ltr'>ι</span> <span class='ocrx_word' id='word_1_778' title='bbox 2206 4364 2338 4417; x_wconf 87' lang='lat' dir='ltr'><strong>Nam</strong></span> <span class='ocrx_word' id='word_1_779' title='bbox 2378 4379 2582 4416; x_wconf 83' lang='lat' dir='ltr'><strong>cornua</strong></span> <span class='ocrx_word' id='word_1_780' title='bbox 2614 4370 2708 4429; x_wconf 74' lang='lat' dir='ltr'><strong>tua</strong></span> <span class='ocrx_word' id='word_1_781' title='bbox 2760 4375 2957 4430; x_wconf 91' lang='lat' dir='ltr'><strong>ponam</strong></span> <span class='ocrx_word' id='word_1_782' title='bbox 3001 4359 3208 4423; x_wconf 83' lang='lat' dir='ltr'><strong>ferrea,</strong></span> <span class='ocrx_word' id='word_1_783' title='bbox 3235 4368 3289 4411; x_wconf 89' lang='lat' dir='ltr'><strong>et</strong></span> <span class='ocrx_word' id='word_1_784' title='bbox 3335 4355 3566 4425; x_wconf 81' lang='lat' dir='ltr'><strong>ungulas</strong></span> 
     </span>
    </p>
   </div>
   <div class='ocr_carea' id='block_1_103' title="bbox 1932 4438 3565 4523">
    <p class='ocr_par' dir='ltr' id='par_1_103' title="bbox 1932 4438 3565 4523">
     <span class='ocr_line' id='line_1_103' title="bbox 1932 4438 3565 4523; baseline -0.01 -11"><span class='ocrx_word' id='word_1_785' title='bbox 1932 4438 1974 4491; x_wconf 72' lang='grc' dir='ltr'><strong>θ</strong></span> <span class='ocrx_word' id='word_1_786' title='bbox 2008 4468 2123 4513; x_wconf 88' lang='lat' dir='ltr'><strong>tuas</strong></span> <span class='ocrx_word' id='word_1_787' title='bbox 2164 4469 2357 4523; x_wconf 88' lang='lat' dir='ltr'><strong>ponam</strong></span> <span class='ocrx_word' id='word_1_788' title='bbox 2400 4468 2591 4505; x_wconf 65' lang='lat' dir='ltr'><strong>aereas.</strong></span> <span class='ocrx_word' id='word_1_789' title='bbox 2636 4472 2653 4503; x_wconf 75' lang='grc' dir='ltr'><strong>ι</strong></span> <span class='ocrx_word' id='word_1_790' title='bbox 2683 4451 2917 4519; x_wconf 52' lang='grc' dir='ltr'>,Οοιιιυιί</span> <span class='ocrx_word' id='word_1_791' title='bbox 2970 4449 3081 4509; x_wconf 82' lang='lat' dir='ltr'><strong>tibi</strong></span> <span class='ocrx_word' id='word_1_792' title='bbox 3115 4448 3256 4501; x_wconf 87' lang='lat' dir='ltr'><strong>haud</strong></span> <span class='ocrx_word' id='word_1_793' title='bbox 3300 4447 3565 4499; x_wconf 86' lang='lat' dir='ltr'><strong>minorem</strong></span> 
     </span>
    </p>
   </div>
   <div class='ocr_carea' id='block_1_104' title="bbox 2005 4537 3568 4610">
    <p class='ocr_par' dir='ltr' id='par_1_104' title="bbox 2005 4537 3568 4610">
     <span class='ocr_line' id='line_1_104' title="bbox 2005 4537 3568 4610; baseline -0.008 -10"><span class='ocrx_word' id='word_1_794' title='bbox 2005 4546 2263 4600; x_wconf 81' lang='lat' dir='ltr'><strong>cornibus</strong></span> <span class='ocrx_word' id='word_1_795' title='bbox 2310 4544 2504 4596; x_wconf 87' lang='lat' dir='ltr'><strong>ferreis</strong></span> <span class='ocrx_word' id='word_1_796' title='bbox 2538 4543 2665 4604; x_wconf 90' lang='lat' dir='ltr'><strong>vim,</strong></span> <span class='ocrx_word' id='word_1_797' title='bbox 2714 4557 2820 4610; x_wconf 89' lang='lat' dir='ltr'><strong>qua</strong></span> <span class='ocrx_word' id='word_1_798' title='bbox 2860 4542 3178 4610; x_wconf 85' lang='lat' dir='ltr'><strong>prOpulsare</strong></span> <span class='ocrx_word' id='word_1_799' title='bbox 3218 4537 3568 4590; x_wconf 70' lang='lat' dir='ltr'><strong>adversarios</strong></span> 
     </span>
    </p>
   </div>
   <div class='ocr_carea' id='block_1_105' title="bbox 2006 4624 3569 4702">
    <p class='ocr_par' dir='ltr' id='par_1_105' title="bbox 2006 4624 3569 4702">
     <span class='ocr_line' id='line_1_105' title="bbox 2006 4624 3569 4702; baseline -0.012 -11"><span class='ocrx_word' id='word_1_800' title='bbox 2006 4637 2206 4695; x_wconf 83' lang='lat' dir='ltr'><strong>valeas,</strong></span> <span class='ocrx_word' id='word_1_801' title='bbox 2249 4647 2452 4702; x_wconf 85' lang='lat' dir='ltr'><strong>eosque</strong></span> <span class='ocrx_word' id='word_1_802' title='bbox 2496 4633 2667 4701; x_wconf 79' lang='lat' dir='ltr'><strong>magis</strong></span> <span class='ocrx_word' id='word_1_803' title='bbox 2700 4634 3025 4684; x_wconf 71' lang='lat' dir='ltr'><strong>conculcare</strong></span> <span class='ocrx_word' id='word_1_804' title='bbox 3049 4643 3207 4695; x_wconf 88' lang='lat' dir='ltr'><strong>quam</strong></span> <span class='ocrx_word' id='word_1_805' title='bbox 3237 4627 3280 4678; x_wconf 90' lang='lat' dir='ltr'><strong>si</strong></span> <span class='ocrx_word' id='word_1_806' title='bbox 3318 4624 3440 4693; x_wconf 75' lang='lat' dir='ltr'><strong>quis</strong></span> <span class='ocrx_word' id='word_1_807' title='bbox 3468 4640 3569 4675; x_wconf 90' lang='lat' dir='ltr'><strong>uu-</strong></span> 
     </span>
    </p>
   </div>
   <div class='ocr_carea' id='block_1_106' title="bbox 2006 4715 3568 4797">
    <p class='ocr_par' dir='ltr' id='par_1_106' title="bbox 2006 4715 3568 4797">
     <span class='ocr_line' id='line_1_106' title="bbox 2006 4715 3568 4797; baseline -0.007 -18"><span class='ocrx_word' id='word_1_808' title='bbox 2006 4728 2143 4797; x_wconf 84' lang='lat' dir='ltr'><strong>gulis</strong></span> <span class='ocrx_word' id='word_1_809' title='bbox 2184 4725 2344 4780; x_wconf 62' lang='lat' dir='ltr'><strong>aereis</strong></span> <span class='ocrx_word' id='word_1_810' title='bbox 2380 4724 2637 4793; x_wconf 66' lang='lat' dir='ltr'><strong>praeditus</strong></span> <span class='ocrx_word' id='word_1_811' title='bbox 2668 4731 2837 4777; x_wconf 84' lang='lat' dir='ltr'><strong>esset.</strong></span> <span class='ocrx_word' id='word_1_812' title='bbox 2880 4739 2897 4771; x_wconf 79' lang='grc' dir='ltr'>ι</span> <span class='ocrx_word' id='word_1_813' title='bbox 2940 4719 3001 4772; x_wconf 85' lang='lat' dir='ltr'><strong>Et</strong></span> <span class='ocrx_word' id='word_1_814' title='bbox 3039 4720 3122 4772; x_wconf 84' lang='lat' dir='ltr'><strong>lllS</strong></span> <span class='ocrx_word' id='word_1_815' title='bbox 3166 4715 3568 4770; x_wconf 79' lang='lat' dir='ltr'><strong>contabefacies</strong></span> 
     </span>
    </p>
   </div>
   <div class='ocr_carea' id='block_1_107' title="bbox 2005 4805 3567 4886">
    <p class='ocr_par' dir='ltr' id='par_1_107' title="bbox 2005 4805 3567 4886">
     <span class='ocr_line' id='line_1_107' title="bbox 2005 4805 3567 4886; baseline -0.008 -14"><span class='ocrx_word' id='word_1_816' title='bbox 2005 4825 2363 4886; x_wconf 82' lang='lat' dir='ltr'><strong>centeresque</strong></span> <span class='ocrx_word' id='word_1_817' title='bbox 2419 4817 2646 4885; x_wconf 86' lang='lat' dir='ltr'><strong>populos</strong></span> <span class='ocrx_word' id='word_1_818' title='bbox 2691 4815 2922 4878; x_wconf 85' lang='lat' dir='ltr'><strong>multos;</strong></span> <span class='ocrx_word' id='word_1_819' title='bbox 2971 4819 3024 4866; x_wconf 88' lang='lat' dir='ltr'><strong>et</strong></span> <span class='ocrx_word' id='word_1_820' title='bbox 3056 4811 3163 4864; x_wconf 84' lang='lat' dir='ltr'><strong>Deo</strong></span> <span class='ocrx_word' id='word_1_821' title='bbox 3219 4805 3567 4862; x_wconf 85' lang='lat' dir='ltr'><strong>consecrabis</strong></span> 
     </span>
    </p>
   </div>
   <div class='ocr_carea' id='block_1_108' title="bbox 2003 4898 3565 4970">
    <p class='ocr_par' dir='ltr' id='par_1_108' title="bbox 2003 4898 3565 4970">
     <span class='ocr_line' id='line_1_108' title="bbox 2003 4898 3565 4970; baseline -0.008 -8"><span class='ocrx_word' id='word_1_822' title='bbox 2003 4908 2403 4962; x_wconf 87' lang='lat' dir='ltr'><strong>multitudinem</strong></span> <span class='ocrx_word' id='word_1_823' title='bbox 2452 4908 2696 4970; x_wconf 88' lang='lat' dir='ltr'><strong>illorum,</strong></span> <span class='ocrx_word' id='word_1_824' title='bbox 2745 4914 2798 4960; x_wconf 90' lang='lat' dir='ltr'><strong>et</strong></span> <span class='ocrx_word' id='word_1_825' title='bbox 2842 4903 3213 4958; x_wconf 85' lang='lat' dir='ltr'><strong>fortitudinem</strong></span> <span class='ocrx_word' id='word_1_826' title='bbox 3250 4898 3565 4954; x_wconf 85' lang='lat' dir='ltr'><strong>eorumdem</strong></span> 
     </span>
    </p>
   </div>
   <div class='ocr_carea' id='block_1_109' title="bbox 2005 4991 3566 5054">
    <p class='ocr_par' dir='ltr' id='par_1_109' title="bbox 2005 4991 3566 5054">
     <span class='ocr_line' id='line_1_109' title="bbox 2005 4991 3566 5054; baseline -0.008 1"><span class='ocrx_word' id='word_1_827' title='bbox 2005 5000 2232 5054; x_wconf 91' lang='lat' dir='ltr'><strong>Domino</strong></span> <span class='ocrx_word' id='word_1_828' title='bbox 2266 5001 2533 5053; x_wconf 66' lang='lat' dir='ltr'><strong>universae</strong></span> <span class='ocrx_word' id='word_1_829' title='bbox 2562 5007 2740 5053; x_wconf 79' lang='lat' dir='ltr'><strong>teme.</strong></span> <span class='ocrx_word' id='word_1_830' title='bbox 2780 5017 2798 5050; x_wconf 76' lang='grc' dir='ltr'>ι</span> <span class='ocrx_word' id='word_1_831' title='bbox 2839 4996 2934 5051; x_wconf 90' lang='lat' dir='ltr'><strong>llis</strong></span> <span class='ocrx_word' id='word_1_832' title='bbox 2967 4997 3061 5050; x_wconf 85' lang='lat' dir='ltr'><strong>tibi</strong></span> <span class='ocrx_word' id='word_1_833' title='bbox 3096 5011 3124 5046; x_wconf 88' lang='lat' dir='ltr'><strong>a</strong></span> <span class='ocrx_word' id='word_1_834' title='bbox 3150 4993 3256 5044; x_wconf 77' lang='lat' dir='ltr'><strong>Deo</strong></span> <span class='ocrx_word' id='word_1_835' title='bbox 3289 4991 3566 5043; x_wconf 76' lang='lat' dir='ltr'><strong>conceSsis</strong></span> 
     </span>
    </p>
   </div>
   <div class='ocr_carea' id='block_1_110' title="bbox 2000 5084 3561 5157">
    <p class='ocr_par' dir='ltr' id='par_1_110' title="bbox 2000 5084 3561 5157">
     <span class='ocr_line' id='line_1_110' title="bbox 2000 5084 3561 5157; baseline -0.008 -14"><span class='ocrx_word' id='word_1_836' title='bbox 2000 5092 2206 5144; x_wconf 83' lang='lat' dir='ltr'><strong>viribus</strong></span> <span class='ocrx_word' id='word_1_837' title='bbox 2244 5091 2425 5143; x_wconf 88' lang='lat' dir='ltr'><strong>hostes</strong></span> <span class='ocrx_word' id='word_1_838' title='bbox 2449 5106 2637 5144; x_wconf 90' lang='lat' dir='ltr'><strong>omnes</strong></span> <span class='ocrx_word' id='word_1_839' title='bbox 2667 5104 2891 5157; x_wconf 85' lang='lat' dir='ltr'><strong>prorsus</strong></span> <span class='ocrx_word' id='word_1_840' title='bbox 2916 5084 3220 5154; x_wconf 80' lang='lat' dir='ltr'><strong>disperdes,</strong></span> <span class='ocrx_word' id='word_1_841' title='bbox 3254 5094 3561 5149; x_wconf 56' lang='lat' dir='ltr'><strong>(“tanquam</strong></span> 
     </span>
    </p>
   </div>
   <div class='ocr_carea' id='block_1_111' title="bbox 2004 5171 3563 5250">
    <p class='ocr_par' dir='ltr' id='par_1_111' title="bbox 2004 5171 3563 5250">
     <span class='ocr_line' id='line_1_111' title="bbox 2004 5171 3563 5250; baseline -0.008 -16"><span class='ocrx_word' id='word_1_842' title='bbox 2004 5182 2237 5250; x_wconf 90' lang='lat' dir='ltr'><strong>plurimo</strong></span> <span class='ocrx_word' id='word_1_843' title='bbox 2279 5196 2537 5246; x_wconf 81' lang='lat' dir='ltr'><strong>numero;</strong></span> <span class='ocrx_word' id='word_1_844' title='bbox 2588 5188 2641 5233; x_wconf 90' lang='lat' dir='ltr'><strong>et</strong></span> <span class='ocrx_word' id='word_1_845' title='bbox 2685 5180 2949 5232; x_wconf 55' lang='lat' dir='ltr'><strong>universe</strong></span> <span class='ocrx_word' id='word_1_846' title='bbox 3011 5177 3161 5244; x_wconf 76' lang='lat' dir='ltr'><strong>(‘jtlS&#39;</strong></span> <span class='ocrx_word' id='word_1_847' title='bbox 3200 5171 3563 5225; x_wconf 82' lang='lat' dir='ltr'><strong>multitudinis</strong></span> 
     </span>
    </p>
   </div>
   <div class='ocr_carea' id='block_1_112' title="bbox 2004 5263 3567 5337">
    <p class='ocr_par' dir='ltr' id='par_1_112' title="bbox 2004 5263 3567 5337">
     <span class='ocr_line' id='line_1_112' title="bbox 2004 5263 3567 5337; baseline -0.006 -10"><span class='ocrx_word' id='word_1_848' title='bbox 2004 5273 2270 5327; x_wconf 76' lang='lat' dir='ltr'><strong>excidium</strong></span> <span class='ocrx_word' id='word_1_849' title='bbox 2299 5272 2407 5324; x_wconf 91' lang='lat' dir='ltr'><strong>Deo</strong></span> <span class='ocrx_word' id='word_1_850' title='bbox 2443 5270 2765 5337; x_wconf 84' lang='lat' dir='ltr'><strong>imputabis,</strong></span> <span class='ocrx_word' id='word_1_851' title='bbox 2799 5268 2890 5335; x_wconf 85' lang='lat' dir='ltr'><strong>qui</strong></span> <span class='ocrx_word' id='word_1_852' title='bbox 2926 5282 3045 5319; x_wconf 83' lang='lat' dir='ltr'><strong>cum</strong></span> <span class='ocrx_word' id='word_1_853' title='bbox 3090 5266 3256 5317; x_wconf 89' lang='lat' dir='ltr'><strong>totius</strong></span> <span class='ocrx_word' id='word_1_854' title='bbox 3303 5271 3459 5316; x_wconf 77' lang='lat' dir='ltr'><strong>terra:</strong></span> <span class='ocrx_word' id='word_1_855' title='bbox 3498 5263 3567 5317; x_wconf 86' lang='lat' dir='ltr'><strong>sit</strong></span> 
     </span>
    </p>
   </div>
   <div class='ocr_carea' id='block_1_113' title="bbox 2008 5353 3565 5429">
    <p class='ocr_par' dir='ltr' id='par_1_113' title="bbox 2008 5353 3565 5429">
     <span class='ocr_line' id='line_1_113' title="bbox 2008 5353 3565 5429; baseline -0.008 -10"><span class='ocrx_word' id='word_1_856' title='bbox 2008 5366 2285 5420; x_wconf 64' lang='lat' dir='ltr'><strong>Dominus.</strong></span> <span class='ocrx_word' id='word_1_857' title='bbox 2323 5372 2487 5415; x_wconf 85' lang='lat' dir='ltr'><strong>lotam</strong></span> <span class='ocrx_word' id='word_1_858' title='bbox 2516 5363 2731 5413; x_wconf 88' lang='lat' dir='ltr'><strong>illorum</strong></span> <span class='ocrx_word' id='word_1_859' title='bbox 2759 5376 2855 5429; x_wconf 87' lang='lat' dir='ltr'><strong>pro</strong></span> <span class='ocrx_word' id='word_1_860' title='bbox 2884 5373 2985 5411; x_wconf 87' lang='lat' dir='ltr'><strong>suo</strong></span> <span class='ocrx_word' id='word_1_861' title='bbox 3014 5357 3165 5411; x_wconf 85' lang='lat' dir='ltr'><strong>libito</strong></span> <span class='ocrx_word' id='word_1_862' title='bbox 3193 5353 3565 5413; x_wconf 76' lang='lat' dir='ltr'><strong>fortitudinem</strong></span> 
     </span>
    </p>
   </div>
   <div class='ocr_carea' id='block_1_114' title="bbox 2007 5449 3563 5518">
    <p class='ocr_par' dir='ltr' id='par_1_114' title="bbox 2007 5449 3563 5518">
     <span class='ocr_line' id='line_1_114' title="bbox 2007 5449 3563 5518; baseline -0.01 -8"><span class='ocrx_word' id='word_1_863' title='bbox 2007 5456 2332 5511; x_wconf 72' lang='lat' dir='ltr'><strong>exsulllabit.</strong></span> <span class='ocrx_word' id='word_1_864' title='bbox 2378 5453 2577 5506; x_wconf 83' lang='lat' dir='ltr'><strong>Deinde</strong></span> <span class='ocrx_word' id='word_1_865' title='bbox 2609 5452 2842 5505; x_wconf 83' lang='lat' dir='ltr'><strong>hostium</strong></span> <span class='ocrx_word' id='word_1_866' title='bbox 2882 5449 3284 5518; x_wconf 73' lang='lat' dir='ltr'><strong>aggressionem</strong></span> <span class='ocrx_word' id='word_1_867' title='bbox 3304 5458 3563 5508; x_wconf 81' lang='lat' dir='ltr'><strong>narrans,</strong></span> 
     </span>
    </p>
   </div>
   <div class='ocr_carea' id='block_1_115' title="bbox 2006 5535 3496 5614">
    <p class='ocr_par' dir='ltr' id='par_1_115' title="bbox 2006 5535 3496 5614">
     <span class='ocr_line' id='line_1_115' title="bbox 2006 5535 3496 5614; baseline -0.011 -13"><span class='ocrx_word' id='word_1_868' title='bbox 2006 5548 2162 5614; x_wconf 74' lang='lat' dir='ltr'><strong>cujus</strong></span> <span class='ocrx_word' id='word_1_869' title='bbox 2194 5561 2356 5597; x_wconf 76' lang='lat' dir='ltr'><strong>causa</strong></span> <span class='ocrx_word' id='word_1_870' title='bbox 2390 5560 2505 5612; x_wconf 64' lang='lat' dir='ltr'><strong>qua:</strong></span> <span class='ocrx_word' id='word_1_871' title='bbox 2542 5559 2702 5611; x_wconf 80' lang='lat' dir='ltr'><strong>supra</strong></span> <span class='ocrx_word' id='word_1_872' title='bbox 2738 5550 2861 5593; x_wconf 86' lang='lat' dir='ltr'><strong>sunt</strong></span> <span class='ocrx_word' id='word_1_873' title='bbox 2890 5541 3030 5592; x_wconf 79' lang='lat' dir='ltr'><strong>dicta</strong></span> <span class='ocrx_word' id='word_1_874' title='bbox 3061 5539 3353 5608; x_wconf 78' lang='lat' dir='ltr'><strong>patientur,</strong></span> <span class='ocrx_word' id='word_1_875' title='bbox 3392 5535 3496 5586; x_wconf 86' lang='lat' dir='ltr'><strong>ait:</strong></span> 
     </span>
    </p>
   </div>
   <div class='ocr_carea' id='block_1_116' title="bbox 412 5736 1890 5812">
    <p class='ocr_par' dir='ltr' id='par_1_116' title="bbox 412 5736 1890 5810">
     <span class='ocr_line' id='line_1_116' title="bbox 412 5736 1890 5810; baseline 0.001 -19"><span class='ocrx_word' id='word_1_876' title='bbox 412 5736 523 5810; x_wconf 71' lang='grc'><strong>(38)</strong></span> <span class='ocrx_word' id='word_1_877' title='bbox 557 5738 690 5794; x_wconf 82' lang='lat' dir='ltr'><strong>Cod.</strong></span> <span class='ocrx_word' id='word_1_878' title='bbox 731 5737 851 5794; x_wconf 82' lang='lat' dir='ltr'><strong>Vat.</strong></span> <span class='ocrx_word' id='word_1_879' title='bbox 880 5739 1055 5808; x_wconf 74' lang='grc' dir='ltr'>λογεῇ,</span> <span class='ocrx_word' id='word_1_880' title='bbox 1122 5738 1240 5793; x_wconf 80' lang='lat' dir='ltr'><strong>cod.</strong></span> <span class='ocrx_word' id='word_1_881' title='bbox 1294 5738 1571 5794; x_wconf 72' lang='lat' dir='ltr'><strong>Vindobon</strong></span> <span class='ocrx_word' id='word_1_882' title='bbox 1612 5742 1890 5810; x_wconf 52' lang='grc' dir='ltr'>ἀναλογεῖ,</span> 
     </span>
    </p>
   </div>
   <div class='ocr_carea' id='block_1_117' title="bbox 1994 5736 3036 5812">
    <p class='ocr_par' dir='ltr' id='par_1_117' title="bbox 1994 5740 3036 5812">
     <span class='ocr_line' id='line_1_117' title="bbox 1994 5740 3036 5812; baseline -0.004 -14"><span class='ocrx_word' id='word_1_883' title='bbox 1994 5760 2010 5798; x_wconf 77' lang='lat'>3</span> <span class='ocrx_word' id='word_1_884' title='bbox 2044 5742 2208 5812; x_wconf 69' lang='lat' dir='ltr'><strong>\Vegu</strong></span> <span class='ocrx_word' id='word_1_885' title='bbox 2259 5741 2359 5812; x_wconf 68' lang='lat' dir='ltr'><strong>legi</strong></span> <span class='ocrx_word' id='word_1_886' title='bbox 2387 5742 2588 5797; x_wconf 74' lang='lat' dir='ltr'><strong>tuuvttll</strong></span> <span class='ocrx_word' id='word_1_887' title='bbox 2631 5740 2926 5809; x_wconf 68' lang='grc' dir='ltr'>ἀναλογεεῖς</span> <span class='ocrx_word' id='word_1_888' title='bbox 2952 5740 3036 5810; x_wconf 56' lang='lat' dir='ltr'><strong>t3).</strong></span> 
     </span>
    </p>
   </div>
  </div>
