3966 6134
340 241 427 295 57!
684 300 703 315 ,
1500 248 1849 313 rumpam
1889 226 2367 313 MOPSUESTENI
3497 246 3604 299 δη

339 370 411 440 τῷ
432 368 575 440 θεῷ,
607 369 665 433 ὃς
693 370 910 441 ἀπάσης
937 370 1138 442 Κύριος
1168 370 1245 423 ὢν
1270 370 1368 441 τῆς
1398 371 1521 442 γῆς,
1549 370 1766 427 ἃπασαν
1791 371 1970 431 αὐτῶν
2021 372 2161 427 κατά
2181 373 2243 426 τὸ
2268 371 2456 429 δοκοῦν
2486 372 2700 441 ἀφανιεῖ
2718 370 2814 442 τήν
2842 367 3019 440 ίσκχύψ
3054 365 3172 421 ε’τα
3192 368 3290 438 τὴν
3319 366 3426 421 τῶν
3455 366 3607 419 ἔναν-

341 468 466 520 τίων
503 464 844 536 ἐπιχείρησιν
878 462 1049 532 λέγων
1068 463 1211 534 ὑπὲρ
1233 457 1302 536 ἧς
1339 463 1405 535 δὴ
1429 464 1499 518 τά
1520 465 1754 537 ῥηθέντα
1783 465 2166 535 ὑπομένουσινο

996 640 1148 696 CAP.
1188 640 1257 695 v.
1701 598 1719 633 ³

2679 640 2836 693 ΚΕΦ.
2869 641 2944 693 E'.

411 751 575 820 Ysus.
603 754 655 818 1,
687 754 739 807 2.
767 783 836 795 —-
868 772 889 807 ‹
928 754 1087 811 Nunc
1125 757 1433 827 sepimento
1472 758 1717 829 sepietur
1751 758 1861 817 tilia
1897 775 1911 812 :

340 842 682 908 obsidionem
729 854 1033 915 posuerunt
1072 846 1237 913 (vobis,
1265 861 1280 900 :
1308 847 1461 919 virga
1507 849 1813 917 percutient
1860 848 1916 903 in

340 934 559 995 maxilla
615 935 796 1005 tribus
829 935 1071 1000 lsraelis.
1121 957 1139 990 ι
1196 937 1321 993 llaec
1372 940 1664 1009 patientur,
1713 939 1915 1011 inquit,

337 1026 467 1096 quia
524 1042 758 1083 numero
817 1028 1139 1099 viribusque
1180 1030 1298 1086 suis
1338 1030 1565 1086 ﬁdentes
1600 1040 1907 1099 venerunt,

339 1119 616 1191 sepieutcs
656 1134 754 1181 vos
789 1128 845 1176 et
892 1120 1305 1177 circumdantes
1346 1137 1457 1177 .ceu
1508 1129 1746 1193 quadam
1787 1140 1917 1194 sepe

314 1208 692 1279 multitudine
724 1225 847 1281 spa,
877 1220 939 1267 ut
970 1213 1398 1283 comprehensos
1428 1228 1623 1270 omnes
1668 1213 1917 1272 funditus

341 1299 606 1373 perdant;
637 1316 702 1357 ac
746 1302 1140 1373 propemodum
1196 1304 1434 1360 maxillis
1478 1304 1681 1360 vestris
1719 1314 1914 1374 poten-

344 1402 430 1461 tiae
453 1406 566 1457 sua;
597 1394 821 1463 verbera
854 1391 1181 1462 indigentes.
1216 1393 1338 1449 Mox
1367 1395 1534 1451 etiam
1566 1396 1693 1451 belli
1718 1396 1911 1453 ducem

340 1482 501 1559 dicit,
541 1491 600 1537 ut
647 1483 901 1554 ostendat
954 1485 1070 1538 haec
1123 1500 1248 1541 esse
1289 1493 1577 1550 eventura,
1623 1497 1910 1557 propterea

340 1574 484 1640 quod
512 1574 592 1629 eis
616 1574 905 1645 imperabit
940 1576 1030 1632 ille
1063 1576 1156 1646 qui
1186 1578 1464 1634 voluntate
1496 1577 1589 1633 Dei
1620 1577 1685 1633 ad
1720 1577 1774 1633 id
1796 1574 1912 1647 olli-

2086 753 2236 825 Στίχ.
2270 761 2343 820 α’,
2374 751 2438 824 β’.
2469 783 2538 795 ——
2572 772 2589 804 ι
2631 751 2747 806 Νῦν
2788 751 3243 824 ὲμφραχθήσεται
3271 750 3518 823 θυγατηρ
3547 754 3606 804 ὲν

2015 845 2255 917 φραγμῷ
2281 864 2295 878 ·
2342 846 2575 921 συνοχὴν
2632 844 2821 913 ἔταξεν
2869 844 2954 913 ἐφ’
2992 845 3139 915 ὑμᾶς
3161 860 3176 875 ο
3208 843 3390 915 ῥάϐδῳ
3430 844 3610 898 πατά-

2015 938 2194 1003 ξουσιν
2228 940 2322 993 ἐπὶ
2344 939 2568 1009 σιαγόνα
2612 938 2713 1002 τὰς
2743 937 2914 1008 φυλὰς
2938 936 3031 991 τοῦ
3056 936 3286 1009 Ἰσραήλ.
3320 955 3340 989 ι
3368 935 3607 991 Τοιαῦτα

2013 1031 2070 1085 δὲ
2128 1032 2428 1092 πείσονται,
2476 1031 2662 1103 φησιν,
2693 1030 2835 1101 ὑπὲρ
2864 1023 2940 1084 ὧν
2973 1028 3050 1101 τῷ
3075 1046 3135 1082 τε
3173 1029 3367 1100 πλήθει
3407 1029 3502 1082 καὶ
3536 1032 3606 1100 τῇ

2016 1124 2242 1196 δυνάμει
2262 1124 2592 1196 θαρῥοῦντες
2616 1124 2872 1195 τῇοίκείᾳ
2900 1121 3286 1192 ὲπεληλύθασι,
3303 1122 3607 1193 περιφράτ-

2014 1232 2198 1279 τοντες
2221 1216 2365 1287 ὑμᾶς
2398 1214 2492 1270 καὶ
2535 1215 2955 1286 περιϐάλλοντες
2988 1214 3180 1286 ῶσπερ
3211 1214 3319 1266 τινὶ
3362 1212 3607 1282 φραγμῷ

2012 1305 2091 1375 τῷ
2112 1305 2309 1378 πλήθει
2336 1304 2414 1377 τῷ
2454 1306 2661 1375 οἰκείῳ,
2693 1304 2764 1368 ὡς
2810 1303 2876 1357 ἂν
2904 1303 3223 1373 συνέχοντες
3247 1300 3417 1371 άρδην
3449 1301 3605 1353 ἀπω-

2010 1395 2269 1469 λ[έσ]οιεν
2303 1397 2566 1461 ἅπαντας,
2594 1398 2689 1453 καὶ
2718 1398 2876 1468 μόνον
2912 1396 3013 1448 ούκ
3031 1397 3118 1448 ἐπ’
3142 1394 3312 1456 αὑτὰς
3350 1394 3476 1463 ὑμῖν
3508 1392 3609 1455 τὰς

2017 1489 2271 1557 σιαγόνας
2292 1488 2391 1559 τῆς
2426 1489 2633 1542 ἑαυτῶν
2677 1489 2959 1558 δυνάμεως
3008 1487 3305 1554 ἐπάγοντι-ς
3342 1484 3441 1548 τὰς
3471 1483 3611 1555 πλη-

2015 1578 2137 1646 γάς.
2174 1573 2309 1631 Εἶτα
2339 1579 2432 1631 καὶ⁵
2462 1578 2553 1633 τὸν
2608 1577 2914 1649 ἡγούμενον
2965 1575 3061 1629 τοῦ
3119 1575 3359 1645 πολέμου
3416 1573 3608 1644 φησὶν,

340 1665 486 1730 cium
530 1674 617 1727 est
663 1675 973 1738 promotus.
1013 1687 1031 1721 ι
1079 1668 1146 1723 Et
1199 1678 1293 1734 tu,
1357 1669 1672 1727 Bethlehem
1720 1671 1915 1726 domus

2025 1670 2096 1735 ὡς
2150 1669 2217 1723 ἂν
2268 1668 2490 1735 δείξειεν
2540 1672 2621 1724 ὅτι
2674 1669 2849 1723 ταῦτα
2890 1670 3179 1739 γενήσεται
3210 1665 3299 1718 διὰ
3326 1665 3387 1717 τὸ
3415 1665 3608 1735 ἄρχειν

339 1756 654 1827 Εριιηιιιω,
707 1773 1055 1831 nequaquam
1092 1761 1315 1815 minima
1341 1776 1434 1827 es,
1464 1770 1525 1816 ut
1552 1763 1629 1819 sis
1662 1762 1719 1817 in
1752 1763 1917 1817 milli-

2025 1760 2202 1815 αὐτῶν
2228 1761 2321 1814 τὸν
2381 1761 2576 1833 γνώμῃ
2625 1760 2763 1814 Θεοῦ
2791 1761 2926 1829 πρὸς
2960 1758 3117 1812 τοῦτο
3148 1757 3406 1828 ἠγμένον.
3435 1774 3454 1806 ι
3495 1755 3610 1809 Καὶ

342 1849 444 1919 lius
472 1846 627 1909 Iudae
676 1865 691 1903 :
730 1864 798 1905 ex
835 1859 889 1905 te
935 1849 1071 1915 mihi
1110 1846 1255 1905 exiet
1302 1850 1396 1921 qui
1435 1852 1507 1907 sit
1561 1852 1816 1922 princeps
1859 1853 1913 1907 in

2025 1855 2110 1919 σὺ,
2164 1853 2434 1925 Βηθλεὲμ,
2486 1849 2633 1917 οἶκος
2695 1851 3095 1923 τοῦ’ἙφραΟά,
3135 1852 3210 1921 μὴ
3248 1850 3521 1917 ὀλίγιστος
3559 1845 3609 1911 εἷ

340 1939 571 2010 lsraelc;
599 1948 654 1997 et
673 1941 1023 2014 egressiones
1062 1943 1183 2011 ejus
1226 1942 1382 2014 191
1425 1943 1494 1997 ah
1521 1944 1714 2008 initio,
1749 1944 1917 2000 adie-

2025 1945 2115 2003 τοῦ
2153 1941 2293 2000 εἶναι
2323 1947 2382 1999 ὲν
2420 1946 2655 2017 χιλιάσιν
2690 1944 2892 1998 Ἰούδου
2926 1945 2991 1996 ὲκ
3026 1942 3120 1996 σοῦ
3146 1959 3237 2013 μοι
3266 1940 3611 2006 ἐξελεύσεται

340 2008 451 2089 bus‘
470 2008 811 2090 aeternitatis.
852 2055 871 2087 ι
912 2034 1047 2090 Nam
1077 2008 1170 2107 qui
1203 2008 1702 2093 nunc—"Bethlehem
1728 2038 1913 2094 orien-

2025 2037 2112 2091 τοῦ
2141 2033 2280 2092 εῖναι
2312 2039 2392 2102 είς
2422 2008 2677 2108 ’ἀρχοντα
2713 2037 2772 2090 ὲν
2804 2035 2883 2106 τῷ
2923 2008 3184 2106 Ἰσραήλί⁸
3225 2032 3320 2087 καὶ
3352 2034 3410 2086 αἱ
3438 2031 3611 2099 ἔξοδοι,

341 2122 447 2189 (ius
475 2137 567 2178 rex
608 2130 786 2179 vester
811 2132 932 2189 est,
971 2125 1186 2181 etiamsi
1234 2140 1331 2183 vos
1376 2127 1607 2198 exiguus
1654 2126 1917 2187 videmini

2025 2128 2185 2184 αὐτοῦ
2213 2131 2305 2183 ἀπ’
2330 2130 2504 2201 ἀρχῆς
2537 2129 2596 2194 ἐξ
2621 2127 2845 2200 ἡμερῶν
2880 2126 3096 2191 αἰῶνος.
3124 2145 3142 2177 ι
3189 2124 3247 2179 '0
3280 2126 3392 2196 γὰρ
3413 2125 3477 2177 ὲκ
3505 2122 3610 2192 τῆς

342 2227 604 2277 numerus
649 2228 758 2284 prae
806 2215 903 2281 illo,
946 2216 1211 2287 hostium,
1256 2231 1381 2285 meo
1405 2224 1589 2272 tamen
1633 2216 1820 2273 favore
1863 2225 1917 2273 et

2025 2220 2270 2292 Βηθλεὲμ
2298 2222 2391 2275 νῦν
2445 2218 2744 2291 βασιλεύων
2793 2218 2970 2290 ὑμῶν,
3007 2218 3083 2288 (p.
3115 2217 3247 2284 291)
3279 2215 3383 2268 κᾶν
3428 2213 3612 2285 εὐαρίς

343 2305 572 2371 viribus,
620 2314 812 2365 contra
865 2307 1107 2384 hostium
1160 2308 1383 2375 bellum,
1441 2310 1739 2366 multorum
1791 2310 1917 2365 licet

2025 2312 2219 2384 θμητοί
2244 2328 2390 2375 τινες
2442 2307 2582 2364 εἶναι
2644 2308 2893 2378 δοκοίητε
2944 2306 3079 2379 πρὸς
3118 2306 3246 2367 τοὺς
3291 2302 3610 2373 πολεμίους,

343 2404 506 2467 atque
531 2398 870 2467 potentium,
905 2398 1124 2469 abunde
1162 2398 1432 2457 sufficiet:
1471 2399 1914 2471 quandoquidem

2025 2407 2088 2475 τῇ
2138 2406 2245 2475 ἐμῇ
2298 2420 2363 2471 γε
2393 2404 2531 2473 ῥοπῇ
2574 2418 2635 2456 τε
2691 2401 2785 2454 καὶ
2814 2399 3061 2470 δυνάμει.
3094 2396 3331 2492 μάλασγε
3358 2394 3494 2492 πρὸς
3515 2393 3613 2492 τδν

342 2487 563 2545 ctelitus
615 2489 667 2551 ei
713 2490 830 2559 haec
874 2492 1072 2554 electio
1108 2492 1355 2557 obvenit,
1399 2492 1513 2562 jam
1561 2492 1688 2555 inde
1742 2493 1813 2548 ab
1854 2508 1917 2547 eo

2025 2495 2133 2552 τῶν
2152 2494 2406 2550 ἐναντίων
2444 2495 2681 2565 πόλεμον
2711 2490 2922 2546 πολλῶν
2952 2508 3011 2544 τε
3038 2489 3207 2567 ὄντων
3241 2485 3337 2541 καὶ
3366 2485 3611 2541 δυνατῶν

345 2589 611 2657 tempore,
638 2597 750 2656 quo
784 2581 976 2645 Davidi
1001 2583 1145 2639 Deus
1168 2584 1425 2655 promisit
1460 2583 1577 2640 fore
1607 2591 1668 2639 ut
1700 2600 1917 2641 succes-

2026 2587 2290 2660 ἀρκέσει·
2315 2585 2613 2656 ἐπειδήπερ
2641 2582 2847 2637 ἀνωθεν
2872 2579 3038 2635 αὑτοῦ
3062 2581 3162 2651 τὴν
3185 2576 3456 2651 προϐολὴν
3480 2574 3615 2630 ταύ-

343 2673 562 2731 scribus
581 2672 704 2744 ejus
740 2689 967 2753 regnum
996 2684 1307 2743 conservet.
1339 2675 1522 2743 Quare
1558 2684 1613 2732 et
1634 2660 1737 2732 'hic
1767 2676 1835 2732 ab
1856 2692 1917 2733 ea

2025 2696 2123 2751 την
2146 2677 2406 2748 τετάχθαι
2441 2674 2788 2745 συμϐέϐηκεν
2810 2690 2824 2704 ·
2852 2671 3000 2739 ἐξότε
3029 2686 3134 2740 περ
3165 2668 3303 2739 πρὸς
3320 2667 3413 2720 τὸν
3446 2661 3615 2720 Δαυῖδ

342 2764 711 2836 promissione
756 2766 811 2820 in
859 2781 1085 2838 rcgnum
1119 2775 1450 2838 provectus,
1487 2783 1586 2839 par
1631 2769 1736 2824 erit
1782 2783 1917 2840 prte-

2025 2770 2391 2841 ὲπηγγείλατο
2434 2767 2587 2830 Θεὸς,
2620 2766 2702 2819 ὅτι
2729 2767 2842 2828 τοῖς
2891 2762 2951 2828 ὲξ
2997 2758 3162 2817 αὐτοῦ
3194 2758 3334 2813 κατὰ
3360 2754 3613 2825 διαδοχὴν

343 2856 579 2923 sentiunt
612 2858 885 2915 malorum
916 2860 1251 2927 sustinenda:
1288 2861 1442 2917 moli.
1477 2861 1745 2931 Loquitur
1771 2861 1917 2916 scili-

2027 2862 2251 2932 φυλάξει
2285 2862 2383 2933 τήν
2410 2857 2689 2930 βασιλείαν
2709 2874 2723 2889 ·
2748 2855 2808 2921 ἐξ
2858 2854 3076 2925 ἐκείνης
3099 2851 3155 2905 δὲ
3198 2850 3293 2903 καὶ
3331 2841 3487 2911 οὗτος
3511 2846 3614 2937 τῆς

344 2953 433 3003 cet
453 2947 519 3002 de
544 2945 883 3023 Zorobabele
908 2950 1033 3005 :hic
1061 2952 1206 3006 enim
1237 2959 1369 3006 tunc
1399 2957 1517 3006 erat
1550 2949 1917 3006 lsraelitarum

2028 2953 2359 3024 ἐπαγγελίας
2381 2947 2824 3022 προϐεϐλημένος
2844 2947 2924 3010 είς
2939 2944 3040 3014 τὴν
3062 2939 3362 3013 βασιλείαν,
3388 2935 3614 3009 ἀρκέσει

347 3053 462 3107 rex,
491 3038 695 3095 Davide
718 3041 1008 3109 oriundus,
1033 3057 1130 3114 per
1153 3049 1367 3113 tempus
1390 3041 1601 3097 reditus
1625 3041 1917 3116 Babylone,

2030 3047 2168 3115 πρὸς
2196 3043 2259 3099 τὸ
2290 3038 2519 3115 μέγεθός
2539 3040 2647 3096 τῶν
2672 3039 2955 3129 παρόντων
2987 3032 3205 3090 κακῶνο
3233 3032 3384 3129 λέγει
3416 3028 3471 3082 δὲ
3519 3028 3614 3129 “rev

345 3139 399 3197 et
426 3126 563 3200 (ἔοκί
588 3130 852 3188 adversus
878 3130 1219 3190 Hierusalem
1242 3134 1626 3205 expeditionis.

2031 3133 2367 3206 Ζοροϐάϐελ·
2424 3125 2580 3197 οὗτος
2631 3121 2741 3202 γὰρ
2784 3123 2854 3200 ἦν
2913 3128 2942 3180 ὁ
2987 3125 3109 3179 τότε
3167 3120 3467 3195 βασιλεύων
3502 3120 3614 3171 τῶν

358 3219 726 3291 Ἰσραηλιτῶν,
779 3224 843 3275 ἐκ
891 3221 984 3276 τοῦ
1030 3222 1195 3278 Δαυῖδ
1240 3224 1629 3294 καταγόμενος,
1671 3226 1906 3297 ὁπηνίκα
1956 3227 2053 3297 ήτε
2111 3227 2175 3279 ὲκ
2213 3223 2531 3287 Βαϐυλῶνος
2587 3221 2847 3279 ἐπάνοδος
2897 3217 3125 3286 ἐγίνετο,
3169 3214 3266 3269 καὶ
3296 3209 3498 3283 οἱπερὶ
3520 3208 3614 3262 τδν

348 3312 471 3389 Γὼγ
501 3317 616 3391 τοῖς
673 3315 819 3393 κατά
860 3317 959 3389 τὴν
997 3316 1352 3390 Ἰερουσαλὴμ
1411 3319 1655 3375 ἐπελθεῖν
1710 3321 2086 3395 ἐπεχείρησαν.

417 3447 526 3511 Sed
564 3454 762 3527 tamen
798 3448 935 3503 illud
966 3463 1188 3521 quoque
1219 3449 1572 3513 manifestum
1607 3463 1691 3512 est
1718 3492 1734 3518 ,
1773 3454 1917 3523 quod

2098 3453 2266 3527 Δήλου
2297 3469 2358 3521 γε
2394 3452 2547 3516 ὄντος
2590 3450 2821 3517 ἐκείνου,
2855 3451 2938 3504 ὅτι
2960 3448 3065 3503 κᾶν
3096 3447 3227 3518 περὶ
3260 3442 3352 3498 τοῦ
3382 3440 3616 3513 Ζοροϐά-

348 3524 567 3595 ctiamsi
604 3540 671 3595 de
722 3539 1056 3611 Zorobabele
1086 3580 1102 3607 ,
1151 3542 1452 3607 secundum
1500 3545 1917 3616 praecedentium

2027 3547 2121 3602 ϐελ
2161 3524 2229 3602 εκ
2283 3548 2383 3629 τῆς
2440 3545 2550 3600 τῶν
2599 3543 2974 3615 προκειμένων
3025 3536 3346 3599 ἀκολουθίας
3400 3533 3617 3636 εἴρηται

348 3641 630 3698 tenorem,
666 3632 811 3690 dicta
863 3634 975 3693 sint
1010 3634 1144 3697 haec,
1191 3636 1285 3707 qui
1329 3638 1396 3694 de
1433 3637 1653 3694 Davidis
1687 3640 1917 3711 posteris

2029 3639 2222 3703 ταῦτα,
2258 3640 2323 3692 ὲκ
2352 3622 2454 3710 τῆς
2478 3637 2572 3691 τοῦ
2602 3635 2767 3691 Δαυῗδ
2789 3629 3162 3703 καταγομένου
3187 3627 3455 3697 διαδοχῆς,
3480 3623 3618 3678 ἀλλά

347 3733 488 3793 erat,
512 3723 872 3790 nihilominus
902 3743 1064 3793 verus
1087 3728 1361 3784 dictorqu
1393 3732 1665 3788 terminus
1694 3732 1748 3786 in
1767 3730 1917 3786 Chri-

2029 3733 2089 3786 τό
2123 3749 2187 3801 γε
2230 3730 2426 3801 ἀληθὲς
2475 3730 2584 3784 τῶν
2623 3726 2925 3799 εἰρημένων
2960 3723 3133 3809 πέρας
3162 3718 3259 3791 τὴν
3288 3716 3508 3773 ἔκϐασιν
3541 3714 3619 3767 εί-

350 3825 438 3871 sto
468 3816 699 3875 Domino
728 3818 936 3892 exitum
977 3819 1259 3890 habuerit;
1306 3824 1433 3893 quia
1469 3834 1523 3880 et
1578 3832 1692 3880 tota
1727 3824 1916 3881 Davidi

2031 3826 2200 3896 ληφεν
2233 3825 2326 3878 ἐπὶ
2362 3823 2457 3879 τοῦ
2495 3821 2767 3876 Δεσπότσυ
2807 3815 3077 3892 Χριστοῦο
3110 3814 3231 3867 ἐπεὶ
3269 3812 3364 3866 καί⁸
3398 3811 3547 3863 πᾶσα
3580 3810 3614 3879 ἡ

351 3910 494 3963 facta
533 3909 831 3980 promissio
881 3909 949 3967 de
997 3913 1150 3983 regni
1207 3914 1662 3983 continuatione,
1706 3918 1917 3974 videtur

2028 3916 2163 3990 πρὸς
2189 3917 2278 3970 τὸν
2311 3912 2473 3969 Δαυῖδ
2501 3911 2802 3982 ἐπαγγελία
2835 3910 2964 3982 περὶ
2991 3905 3086 3962 τοῦ
3123 3902 3462 3977 βασιλεύσειν
3488 3900 3617 3965 τοὺς

354 4001 532 4072 priore
549 4002 858 4075 signiﬁcatu
881 4017 1231 4073 successores
1250 4006 1370 4077 ejus
1392 4007 1655 4063 denotare
1676 4009 1730 4064 in
1759 4026 1917 4081 regno

2025 4009 2085 4075 ἐξ
2131 4008 2295 4063 αυτοῦ
2346 4006 2635 4077 γενομένη,
2686 4005 2835 4058 δοκεῖ
2876 4003 2975 4072 μὲν
3008 3999 3152 4054 κατὰ
3201 3996 3416 4070 πρῶτον
3456 3993 3618 4062 λόγον

356 4091 603 4166 lsraelis;
644 4109 703 4150 re
734 4104 918 4174 tamen
945 4110 1074 4151 vera
1100 4095 1384 4154 Christum
1417 4098 1711 4155 Dominum
1741 4102 1917 4156 incar-

2028 4101 2313 4172 σημαίνειν
2358 4100 2485 4163 τοὺς
2541 4097 2682 4151 κατά
2735 4094 2984 4165 διαδοχὴν
3026 4090 3086 4156 ἐξ
3129 4088 3293 4143 αὐτοῦ
3326 4084 3618 4156 γεγονότας

355 4193 543 4241 natum
579 4187 898 4259 portendit,
926 4189 1020 4259 qui
1053 4190 1121 4246 de
1150 4191 1372 4248 Davidis
1398 4194 1813 4250 successoribus
1836 4208 1917 4249 or-

2030 4192 2288 4265 βασιλέας
2317 4189 2410 4245 τοῦ
2456 4189 2702 4261 Ἰσραήλ·
2744 4190 2817 4259 τῇ
2856 4184 3084 4256 ἀληθείᾳ
3115 4183 3173 4236 δὲ
3222 4181 3314 4235 τὸν
3340 4178 3617 4245 Δεσπότην

354 4292 464 4344 tus,
491 4294 681 4335 verum
712 4288 770 4335 et
796 4282 1141 4343 immutabile
1163 4300 1389 4356 regnum
1422 4292 1590 4342 tenet.
1626 4287 1803 4358 Atque
1819 4285 1923 4353 hoc

352 4388 420 4430 ex
447 4370 785 4444 octogesimo
812 4373 1115 4446 praesertim
1136 4384 1330 4433 octavo
1356 4379 1568 4448 psalmo
1592 4393 1925 4450 cognoscere

354 4463 535 4537 quivis
584 4463 874 4523 manifeste
918 4474 1135 4537 potest;
1169 4468 1261 4523 ubi
1289 4468 1556 4538 aﬂirmat,
1597 4471 1748 4542 regni
1802 4485 1927 4543 pro-

354 4550 648 4613 missiones
671 4556 740 4613 ad
762 4557 933 4629 ipsius
956 4566 1207 4630 posteros
1245 4576 1598 4618 successores
1627 4563 1922 4633 pertinere.

358 4647 431 4719 De
462 4648 666 4719 quibus
700 4658 880 4705 tamen
910 4650 1081 4706 dicit:
1125 4670 1142 4701 ι
1170 4648 1227 4705 Si
1255 4651 1645 4724 dereliquerint
1677 4652 1771 4707 lilii
1806 4653 1927 4723 ejus

356 4743 528 4813 legem
555 4756 757 4808 meam,
783 4750 837 4797 et
863 4744 915 4797 in
935 4742 1164 4814 judiciis
1192 4744 1328 4800 meis
1361 4761 1471 4800 non
1502 4745 1924 4811 ambulaverint,

2031 4283 2264 4356 Χριστὸν
2296 4282 2359 4336 τὸ
2388 4281 2529 4336 κατά
2559 4281 2736 4351 σάρκα
2778 4276 2990 4349 μηνύει,
3020 4275 3078 4339 ὃς
3110 4276 3175 4327 ὲκ
3200 4272 3299 4343 τῆς
3328 4268 3422 4324 τοῦ
3454 4265 3622 4321 Δαυῒδ

2031 4374 2278 4446 διαδοχῆς
2308 4373 2566 4443 γεγονὼς,
2605 4372 2680 4444 (p.
2722 4370 2849 4438 292)
2890 4366 3066 4440 ἀληθῆ
3104 4364 3197 4420 καὶ
3238 4360 3620 4432 ἀπαρασάλευ-

2032 4483 2123 4521 τον
2155 4466 2267 4536 ἔχει
2302 4465 2411 4519 τῶν
2441 4466 2696 4519 ἁπάντων
2730 4462 2828 4534 τὴν
2869 4457 3164 4532 βασιλείαν.
3210 4455 3323 4510 Καὶ
3362 4451 3521 4507 τοῦτό
3553 4467 3619 4519 γε

2033 4558 2142 4613 ἀπὸ
2165 4556 2259 4611 τοῦ
2292 4554 2649 4627 δγδοηκοστοῦ
2689 4554 2783 4608 καὶ
2824 4551 3009 4621 ὀγδόου
3039 4546 3254 4619 ψαλμοῦ
3286 4544 3619 4614 σαφέστερον

2033 4650 2186 4721 γνοίη
2216 4666 2301 4713 τις
2333 4648 2419 4715 ἂν,
2450 4648 2577 4701 ἔνθα
2605 4646 2670 4719 δὴ
2709 4643 2959 4716 σημαίνει
2991 4641 3088 4712 μὲν
3116 4641 3178 4692 τὸ
3209 4637 3308 4701 τὰς
3344 4633 3621 4706 βασιλείας

2034 4722 2362 4807 ἐπαγγελίας
2409 4739 2520 4799 τοῖς
2567 4736 2627 4800 ἐξ
2679 4734 2842 4788 αὑτοῦ
2894 4729 3033 4784 κατὰ
3068 4725 3316 4798 διαδοχὴν
3344 4721 3619 4792 ἐσομένοις

354 4842 408 4889 et
443 4832 689 4904 justitias
722 4848 874 4889 meas
905 4813 1351 4905 profanaverint,
1392 4843 1446 4890 et
1494 4834 1753 4889 mandata
1806 4851 1917 4890 mea

2036 4832 2365 4902 προσήκειν
2394 4828 2522 4898 περὶ
2561 4823 2636 4881 ὧν
2674 4825 2737 4891 δή
2781 4837 2974 4894 φησιν·
3010 4839 3029 4871 ι
3082 4817 3206 4871 Ἐὰν
3241 4813 3619 4905 ἐγκαταλίπωιῖ

355 4900 463 4981 non
483 4924 879 4993 custodierint;
896 4900 1132 4989 visitabo
1146 4929 1202 4984 in
1216 4923 1368 4997 virga
1381 4913 1697 4997 iniquitates
1713 4941 1917 5001 eorum,

2037 4900 2120 4976 σιν
2173 4921 2223 4974 οί
2266 4920 2374 4973 υἱοὶ
2414 4918 2578 4972 αὑτοῦ
2617 4917 2710 4971 τὸν
2748 4916 2911 4986 νόμον
2949 4929 3072 4984 μου,
3099 4909 3195 5011 καὶἰ
3244 4909 3358 4970 τοῖς
3377 4900 3621 5011 Anagniae!

355 5017 491 5074 etin
521 5018 848 5075 verberibus
870 5024 1095 5090 peccata
1115 5032 1304 5074 eorum
1331 5037 1345 5073 :
1376 5018 1807 5074 misericordiam
1832 5035 1917 5076 au-

2035 5031 2135 5086 μου
2174 5013 2248 5083 μή
2280 5009 2604 5082 πορευθῶσι,
2637 5007 2729 5062 καὶ
2769 5007 2837 5061 τὰ
2864 5001 3207 5074 δικαιώματά
3241 5015 3343 5069 μου
3376 4994 3617 5090 βεϐηλιῖι-

357 5117 468 5165 tem
515 5124 692 5165 meam
721 5125 835 5165 non
870 5082 1193 5182 dispergam
1228 5108 1298 5165 ab
1323 5108 1405 5166 eis
1443 5108 1509 5164 “.
1536 5128 1555 5162 ι
1589 5110 1751 5166 Certe
1782 5120 1917 5182 patel

2031 5082 2187 5172 σωσι,
2227 5082 2319 5160 καὶ
2353 5104 2451 5167 τὰς
2496 5101 2715 5163 ἐντολάς
2752 5116 2851 5170 μου
2905 5095 2979 5167 μὴ
3031 5090 3357 5198 ιρυλάξωσιν,
3395 5082 3618 5198 ἐπιεικὲ-

357 5203 654 5258 conrenire
690 5202 806 5259 haec
835 5201 1060 5259 Davidis
1093 5203 1513 5259 successoribus
1540 5202 1757 5258 lsraelis
1791 5204 1917 5274 regi-

2030 5201 2205 5271 ψομαι
2237 5200 2294 5250 ὲν
2339 5196 2517 5268 ῥάϐδῳ
2554 5193 2652 5257 τὰς
2680 5191 2909 5261 ἀνομίας
2944 5184 3141 5249 αὐτῶν,
3183 5183 3279 5236 καὶ
3311 5183 3369 5274 ὲν
3399 5175 3621 5274 μάστιξι

361 5292 465 5347 bus
512 5291 761 5361 futuris;
823 5308 965 5365 quos
1021 5293 1242 5366 quidem
1279 5301 1569 5366 peccantes
1613 5270 1917 5364 puniturun

2034 5270 2132 5357 τὰς
2165 5291 2375 5354 ἀδικίας
2425 5286 2600 5342 αὐτῶν
2620 5302 2632 5314 ·
2673 5285 2734 5338 τὸ
2764 5282 2820 5335 δὲ
2865 5279 3025 5376 ἔλεός⁸
3056 5294 3157 5376 μου
3200 5275 3262 5376 ού
3282 5271 3371 5343 μὴ
3407 5270 3626 5376 διασκξ.

366 5380 525 5452 192
556 5398 615 5439 se
646 5386 902 5453 spondet,
942 5401 1051 5441 non
1072 5394 1255 5441 tamen
1290 5400 1462 5456 regno
1484 5385 1710 5441 omnino
1745 5386 1917 5441 exclu‘

2037 5356 2183 5439 δάσω
2214 5384 2308 5437 ἀπ’
2335 5379 2532 5434 αὐτῶν.
2574 5397 2592 5430 ι
2620 5375 2801 5430 Ταῦτα
2829 5372 2938 5444 γὰρ
2971 5368 3190 5440 εὔδηλον
3347 5363 3458 5424 τοῖς
3473 5356 3618 5456 Δκαθ.

362 5447 576 5539 ξυῖυήω.
607 5447 793 5543 Pergit
822 5447 1000 5531 autem
1030 5477 1295 5534 denotare
1324 5447 1602 5534 Christum
1638 5476 1917 5534 Donniuem

2039 5474 2164 5543 εξῆς
2207 5472 2313 5527 ἀπὸ
2346 5470 2438 5525 τοῦ
2472 5464 2636 5522 Δαυῒδ
2668 5461 3058 5534 καταγομένοις
3095 5474 3153 5511 τε
3190 5452 3437 5527 μέλλουσι
3468 5447 3619 5543 βασιο

432 5665 481 5699 ⁸⁸
520 5665 666 5726 Psal.
704 5681 969 5733 Lxxxvm,
1010 5669 1193 5725 lii-5.1.
