3966 6134
309 251 421 308 3ῗό

1299 235 1963 313 corruenuruusm
1990 233 2295 293 MICHJEA'I
2337 232 2493 289 car.
2532 231 2598 288 v.

3453 224 3559 281 5Ἱὸ

314 372 493 425 λεύειν
516 366 610 421 τοῦ
646 366 861 438 Ἰσραὴλ
905 366 1193 438 άρμόσειεν
1234 366 1319 432 ἂν,
1360 365 1452 431 οὒς
1492 364 1764 420 παιδεύειν
1798 360 1897 427 μὲν

2016 365 2366 419 ιιιοπιιοιιιω,
2400 352 2455 406 in
2493 364 2602 421 quo
2631 348 3057 421 promissionum
3098 360 3322 403 suarum
3363 344 3561 400 verita-

316 458 735 530 ἁμαρτάνοντας·
782 456 1141 525 ὑπισχνεῖται,
1196 454 1257 508 οὐ
1313 455 1422 525 μὴν
1475 454 1748 517 παντελῶς
1803 451 1896 516 ἑξ-

319 548 572 602 ωθεῖσθαι
622 548 722 617 τῆς
767 546 1078 616 βασιλείας*
1122 544 1313 617 μηνύει
1366 545 1429 599 δὲ
1464 545 1769 616 προϐαίνων
1804 543 1897 596 τὸν

320 639 458 695 κατὰ
487 639 668 711 σάρκα
709 638 986 707 Δεσπότην
1030 638 1283 707 Χριστὸν,
1325 637 1410 705 ἐφ’
1455 632 1627 708 οὗπερ
1653 636 1760 691 τῶν
1795 639 1897 692 ἐπ-

322 728 584 798 αγγελιῶν
613 728 721 781 τῶν
739 728 955 781 οἰκείων
984 726 1180 797 ἀληθὲς
1212 726 1379 790 ἔδειξε
1406 727 1466 789 τὸ
1494 727 1667 799 πέρας
1687 729 1717 779 ὁ
1743 727 1896 788 Θεός’

319 821 380 873 τὸ
410 820 539 890 γὰρ,
592 838 612 871 ι
666 818 913 889 Θήσομαι
950 818 1030 881 είς
1077 817 1168 870 τὸν
1216 816 1390 871 αἰῶνα
1440 816 1532 870 τοῦ
1591 817 1782 882 αἰῶνος
1836 817 1901 869 τὸ

322 911 540 983 σπέρμα
568 908 755 972 αὑτοῦ,
782 909 878 961 καὶ
909 907 1000 961 τὸν
1032 908 1217 979 θρόνον
1260 907 1422 961 αὐτοῦ
1454 907 1530 972 ὡς
1554 908 1654 972 τὰς
1684 908 1899 979 ἡμέρας

318 1000 410 1055 τοῦ
448 998 703 1071 οὐρανοῦ,
728 1000 822 1053 καὶ
874 999 936 1052 τὺ
982 998 1201 1068 σπέρμα
1250 1000 1410 1053 αὐτοῦ
1457 1000 1538 1063 είς
1582 1000 1673 1053 τὸν
1726 1000 1897 1053 αἰῶνα

323 1090 491 1161 μένει,
519 1090 613 1143 καὶ⁵
638 1091 668 1143 ό
702 1088 891 1161 θρόνος
917 1089 1082 1144 αὑτοῦ
1120 1090 1196 1155 ὡς
1240 1092 1268 1144 ὁ
1306 1089 1453 1159 ἥλιος
1498 1089 1736 1142 ἐναντίον
1774 1106 1895 1159 μου,

320 1183 412 1234 καὶ
444 1181 579 1252 ὠςή
610 1181 803 1253 σελήνη
838 1182 1245 1253 κατηρτισμένη
1281 1183 1359 1246 είς
1386 1181 1475 1234 τὸν
1501 1181 1731 1243 atrium,»
1765 1184 1899 1252 πρό-

320 1272 471 1342 δηλον
506 1273 581 1336 ὡς
618 1274 704 1325 ἐπ’
736 1273 949 1335 οὐδενὸς
996 1273 1095 1343 μὲν
1138 1273 1247 1327 τῶν
1291 1273 1545 1344 διαδόχων
1584 1272 1693 1337 ἕξει
1719 1272 1899 1343 χώραν

322 1365 615 1435 λεγόμενα·
663 1367 739 1434 (p.
788 1364 915 1435 293)
975 1365 1160 1434 σαφῶς
1211 1365 1268 1419 δὲ
1319 1364 1414 1419 τοῦ
1460 1364 1728 1417 Δεσπότω
1770 1364 1901 1434 Χρι-

326 1452 447 1506 στοῦ
464 1453 705 1507 δείκνυσι
729 1455 827 1524 τὴν
852 1454 1125 1524 βασιλείαν
1145 1455 1365 1525 διηνεκῆ
1383 1470 1443 1507 τε
1469 1454 1563 1508 καὶ
1589 1452 1900 1516 ἀσάλευτον,

326 1545 462 1616 μετὰ
492 1545 689 1615 πολλῆς
719 1546 818 1617 μὲν
844 1546 942 1616 τῆς
975 1546 1275 1617 δυνάμεως.
1312 1544 1510 1615 πολλῆς
1541 1545 1596 1596 δὲ
1635 1545 1732 1614 τῆς
1766 1544 1904 1613 λαμ-

326 1639 610 1710 πρότητος,
658 1639 738 1701 είς
786 1637 875 1689 τὸν
926 1636 1115 1690 ἔπειτα
1158 1636 1446 1707 διαμένονσ
1477 1633 1620 1687 οὕτω
1668 1634 1761 1686 καὶ
1806 1632 1902 1701 τὴν

1999 458 2107 504 tem
2149 446 2354 503 exitum
2405 442 2664 499 habuisse
2699 441 2941 498 ostendit
2975 439 3140 496 Deus.
3168 437 3305 491 Nam
3344 434 3509 490 verba
3542 451 3560 487 :

2006 537 2236 594 «Ponam
2258 535 2312 590 in
2337 534 2603 593 saeculum
2622 533 2806 590 seculi
2836 547 3021 588 semen
3045 531 3198 601 ejus;
3222 534 3279 585 ‘et
3302 529 3559 582 thronum

1998 628 2127 698 ejus
2147 626 2290 681 sicut
2315 624 2434 680 dies
2453 625 2602 691 cali;
2633 634 2687 679 et
2715 637 2898 677 semen
2920 622 3038 692 ejus
3061 620 3298 675 manebit
3327 618 3382 673 in
3406 626 3563 672 teter-

2000 734 2165 783 num;
2192 725 2245 772 ct
2275 714 2651 786 thronusejus
2691 714 2834 770 sicut
2875 713 2958 768 sol
2996 712 3053 768 in
3090 716 3385 780 conspectu
3416 722 3560 770 meo,

1998 819 2054 865 et
2104 808 2246 864 sicut
2279 808 2408 863 luna
2442 804 2687 877 perlecta
2720 805 2776 859 in
2818 811 3081 859 mternum
3103 798 3562 867 ",motissimum

2000 908 2085 957 est
2116 901 2184 956 de
2227 899 2444 955 nemine
2471 910 2855 954 successorum
2886 893 3107 950 Davidis
3136 892 3243 947 dici
3273 889 3516 962 potuisse
3545 907 3562 945 :
3666 966 3677 971 _

2004 993 2290 1064 perspicue
2312 999 2491 1047 autem
2513 989 2717 1045 Christi
2747 985 2961 1043 Domini
2990 999 3217 1056 regnum
3242 989 3563 1054 perpetuum

2003 1083 2311 1150 ostendere,
2365 1091 2420 1139 et
2458 1080 2734 1137 immobile
2762 1078 2936 1135 multa
2967 1091 3091 1131 cum
3130 1075 3331 1130 virtute
3369 1071 3567 1126 multo-

2000 1189 2108 1246 que
2133 1174 2419 1245 splendore
2440 1173 2494 1227 in
2528 1181 2805 1242 posterum
2828 1177 3043 1240 tempus
3069 1172 3563 1238 perseveraturum.

1999 1267 2179 1336 Atque
2205 1265 2279 1318 ita
2310 1278 2550 1334 praesens
2573 1261 2963 1321 testimonium,
2986 1255 3316 1312 conveniens
3346 1251 3567 1324 quidem

2002 1357 2303 1414 secundum
2338 1356 2621 1411 veritatem
2662 1361 2826 1421 atque
2854 1348 3178 1406 evidentiam
3211 1353 3456 1401 actarum
3482 1358 3569 1399 rc-

2002 1464 2123 1506 rum
2176 1446 2575 1517 compericmus
2625 1445 2678 1501 iu
2709 1443 2926 1499 Christo
2944 1439 3192 1500 Domino,
3226 1436 3381 1507 juxta
3407 1448 3571 1489 evan.

2005 1542 2238 1613 gelicum
2272 1545 2480 1592 textum
2514 1538 2597 1591 ’σε
2627 1536 2722 1592 sed
2759 1543 2942 1591 tamen
2976 1529 3083 1586 dici
3108 1528 3271 1585 etiam
3294 1526 3362 1582 de
3384 1532 3568 1595 poste-

2009 1627 2085 1681 ris
2119 1624 2340 1680 Davidis
2364 1665 2379 1691 ,
2409 1624 2504 1694 qui
2545 1637 2641 1693 per
2682 1630 2925 1690 tempora
2968 1616 3267 1674 secundum
3311 1613 3404 1668 Dei
3443 1626 3571 1684 pro-

330 1705 605 1799 crapofio’av
641 1728 943 1798 μαρτυρίαν
969 1705 1343 1798 ἁρμόττουσαν
1379 1723 1477 1795 μὲν
1513 1723 1654 1777 κατὰ
1686 1723 1745 1775 τὸ
1772 1722 1903 1791 άλη-

2016 1717 2324 1773 missionem
2372 1731 2526 1786 reges
2574 1712 2789 1770 lsraelis
2818 1712 3148 1768 exstiterunt
3183 1726 3197 1762 :
3237 1705 3383 1762 unde
3425 1718 3572 1760 nunc

227 1891 237 1902 .
332 1818 418 1880 θὲς
442 1818 535 1871 καὶ
577 1817 968 1888 ἀναντίρρητον
1008 1817 1117 1870 τῶν
1170 1815 1509 1886 πραγμάτων
1562 1814 1659 1867 ἴδοι
1703 1831 1788 1876 τις
1840 1813 1907 1866 ἂν

328 1913 416 1965 ἐπὶ
442 1910 536 1964 τοῦ
570 1912 845 1963 Δεσπότου
890 1908 1147 1981 Χριστοῦ,
1184 1907 1325 1962 κατὰ
1376 1906 1474 1977 τὴν
1496 1908 1555 1959 ἐν
1592 1907 1704 1968 rei;
1740 1905 1909 1974 Εὑαγ-

329 1999 522 2067 γελίοις
572 2000 790 2068 φωνήν·
841 1998 1147 2068 λεγομένων
1186 1999 1250 2049 ἐκ
1296 1994 1388 2050 τοῦ
1444 1995 1605 2048 Δαυίδ
1648 1993 1910 2064 βασιλέοιν

329 2088 419 2143 τοῦ
456 2089 671 2160 Ἰσραὴλ
710 2091 797 2144 διὰ
836 2089 934 2160 τὴν
970 2087 1297 2158 ἐπαγγελίαν
1323 2087 1421 2157 τὴν
1460 2085 1642 2139 θείανο
1685 2085 1807 2139 ὅθεν
1846 2085 1911 2157 δὴ

333 2180 423 2233 καὶ
464 2179 557 2233 νῦν
598 2181 627 2232 ὁ
675 2179 983 2249 προφήτης,
1026 2179 1117 2230 ἐπὶ
1147 2176 1240 2231 τοῦ
1278 2175 1581 2249 Ζοροϐάϐελ
1623 2175 1791 2245 αὐτὴν
1824 2174 1909 2238 ἐξ-

332 2270 545 2342 είληφεν
581 2270 806 2335 εἰκότως
827 2287 840 2300 ·
872 2266 1062 2338 ἐπειδὴ
1081 2269 1189 2341 γὰρ
1220 2268 1290 2323 τὰ
1325 2268 1463 2338 μετὰ
1509 2268 1607 2338 τὴν
1653 2266 1911 2320 ἐπάνοδον

335 2360 478 2429 ἔλεγε
513 2360 612 2431 τὴν
654 2360 773 2437 ἀπὸ]
805 2359 1136 2423 Βαϐυλῶνος,
1168 2361 1264 2412 καὶ
1303 2360 1401 2430 τὴν
1426 2357 1614 2428 ἔφοδον
1646 2356 1753 2410 τῶν
1785 2355 1912 2427 περὶ

334 2448 421 2501 τδν
444 2448 587 2517 Γὼγ,
615 2451 715 2520 τήν
748 2466 807 2500 τε
837 2447 1218 2518 ἐπενεχθεῖσαν
1255 2447 1438 2511 αὐτοῖς
1466 2447 1615 2517 παρὰ
1653 2446 1745 2499 τοῦ
1775 2445 1911 2500 Θεοῦ

336 2540 618 2610 τιμωρίαν,
646 2539 951 2603 ἀκολούθως
983 2539 1254 2611 μέμνηται
1288 2539 1382 2592 καὶ
1406 2536 1499 2591 τοῦ
1535 2537 1652 2591 κατ’
1674 2539 1910 2605 ἐπαγγε-

337 2630 449 2683 λίαν
483 2631 631 2684 θείαν
663 2632 728 2684 ὲκ
760 2631 860 2702 τῆς
886 2631 979 2685 τοῦ
1015 2631 1178 2685 Δαυῒδ
1198 2631 1447 2701 διαδοχῆς
1484 2629 1580 2701 τὴν
1617 2629 1788 2701 ἀρχὴν
1818 2628 1913 2681 αὑ-

339 2721 439 2773 τῶν
474 2721 595 2773 τότε
639 2723 1095 2792 πεπιστευμένου,
1133 2721 1208 2786 ὡς
1258 2721 1322 2776 ἂν
1352 2721 1575 2786 δείξειεν
1607 2723 1699 2774 καὶ
1732 2720 1799 2774 τὰ
1826 2719 1912 2773 διὰ

2004 1809 2168 1864 etiam
2207 1808 2472 1879 propheta
2522 1808 2591 1860 de
2635 1791 2970 1861 Zorobabele
3029 1800 3227 1856 merito
3284 1796 3570 1853 intellexit.

2005 1900 2139 1954 Nam
2172 1915 2295 1955 cum
2321 1900 2386 1955 de
2409 1898 2573 1953 rebus
2591 1907 2712 1967 post
2743 1896 2974 1949 reditum
2991 1892 3266 1963 Babylone
3298 1891 3571 1959 loquatur,

2005 2000 2058 2046 et
2084 1991 2151 2045 de
2167 1990 2300 2060 (ἶοεί
2335 1988 2669 2051 incursione,
2695 1991 3059 2039 consentanea
3082 1979 3330 2036 meminit.
3351 1986 3405 2035 et
3428 1976 3575 2032 illius

2009 2083 2076 2138 de
2132 2081 2354 2136 llavidis
2389 2081 2558 2149 stirpe
2612 2077 2884 2138 hominis,
2941 2073 3033 2131 cui
3070 2081 3202 2128 tunc
3238 2069 3576 2141 principatus

1956 2214 1967 2225 κ
2007 2173 2241 2228 traditus
2270 2178 2419 2235 erat;
2443 2178 2503 2224 ut
2532 2165 2818 2232 ostendat,
2847 2177 3186 2234 quaecunque
3215 2160 3304 2216 hic
3334 2159 3401 2214 ad
3426 2159 3578 2215 salu-

2008 2274 2114 2321 tem
2141 2264 2318 2335 gentis
2351 2261 2577 2323 fecerit,
2614 2275 2677 2315 ea
2704 2275 2769 2314 ex
2802 2257 2891 2313 Dei
2942 2254 3009 2310 ad
3050 2253 3305 2308 Davidem
3340 2250 3577 2322 promis-

2009 2359 2163 2413 sione
2204 2355 2309 2410 vim
2344 2352 2639 2421 accepisse.
2674 2349 2827 2404 Unde
2856 2356 2910 2405 et
2942 2347 3079 2401 dixit
3109 2364 3123 2400 :
3169 2363 3188 2397 ι
3223 2342 3577 2415 Egressiones

2008 2447 2130 2517 ejus
2162 2445 2232 2499 ab
2262 2443 2440 2505 initio,
2475 2457 2504 2495 a
2525 2440 2718 2496 diebus
2746 2438 3069 2495 aeternitatis
3090 2454 3136 2491 ε»
3170 2435 3369 2507 quibus
3398 2433 3580 2488 verbis

2016 2536 2305 2609 signiﬁcat,
2327 2534 2470 2604 quod
2493 2547 2657 2603 supra
2684 2533 2889 2586 dictum
2920 2529 3021 2585 l'uit
3047 2535 3209 2598 atque
3224 2526 3577 2597 promissum,

2018 2627 2072 2682 id
2104 2627 2268 2681 Deum
2297 2640 2486 2696 reapse
2519 2622 2953 2694 pronuntiavisse
2984 2659 2999 2686 ,
3035 2626 3199 2689 atque
3236 2618 3304 2672 ab
3339 2616 3493 2672 initio
3522 2623 3581 2669 ut

2022 2720 2137 2775 lieri
2169 2726 2375 2788 posset,
2412 2714 2787 2771 constituisse.
2816 2711 3010 2767 Postea
3042 2709 3228 2766 addit:

339 2812 515 2867 τούτου
561 2816 691 2886 περὶ
736 2817 796 2869 τὸ
844 2776 995 2879 ἔθνος
1037 2776 1484 2887 κατορθωθέντα.,
1534 2815 1623 2870 διὰ
1650 2817 1748 2889 τὴν
1773 2812 1870 2889 ἤδη
1912 2776 2283 2887 γεγενημένην
2348 2776 2484 2883 πρὸς
2543 2810 2633 2864 τὸν
2706 2806 2867 2862 Δαυῒδ
2918 2803 3245 2874 ἐπαγγελίαν
3308 2799 3400 2853 τοῦ
3449 2776 3619 2852 Θεοῦ.

343 2912 432 2982 τὴν
456 2911 607 2980 ἰσχὺν
648 2909 956 2980 εἰληφέναιο
985 2909 1107 2963 ὅθεν
1158 2912 1249 2964 καὶ
1299 2905 1452 2963 εἶπεν
1510 2909 1590 2975 τὸ,
1634 2928 1651 2961 ι
1688 2911 1755 2962 Δί
1791 2908 1958 2974 ἔξοδοι
2010 2907 2171 2963 αὑτοῦ
2211 2908 2304 2961 ἀπ’
2339 2905 2510 2976 ἀρχῆς
2558 2902 2617 2967 ἐξ
2656 2900 2877 2973 ἡμερῶν
2912 2898 3135 2959 αἰῶνος·
3172 2915 3191 2949 ι
3224 2895 3310 2948 ἵνα
3346 2894 3475 2965 εἴπῃ
3505 2892 3585 2945 δτι

341 2980 403 3071 τά
428 3004 630 3058 ἄνωθεν
660 3001 924 3073 εἰρημένα
958 3020 1015 3055 τε
1064 3004 1157 3057 καὶ
1197 3003 1602 3089 ἐπηγγελμένα,
1668 3001 1820 3072 παρὰ
1870 3000 1962 3055 τοῦ
2006 3001 2139 3054 Θεοῦ
2176 2997 2535 3071 προεϐάλετο·
2581 2993 2767 3047 τοῦτον
2824 2992 2903 3055 είς
2934 2989 3030 3061 τὴν
3068 2987 3242 3062 ἀρχὴν
3297 2980 3591 3055 δυνηθῆναί

342 3111 396 3149 τε
419 3097 685 3166 πεποίηκε
718 3093 961 3157 τοιαῦτα,
990 3091 1120 3148 Εἶτα
1151 3095 1362 3164 ἐπάγει·

409 3272 552 3342 Στίχ.
579 3278 649 3341 γ’,
684 3270 747 3326 δ’.
776 3302 845 3313 -
884 3290 901 3324 ι
939 3271 1038 3326 Διὰ
1064 3272 1220 3326 τοῦτο
1242 3272 1401 3326 δώσει
1428 3248 1622 3336 αὐτους
1660 3272 1763 3335 ἓως
1800 3288 1914 3324 και-

2098 3268 2259 3322 Vens.
2297 3267 2351 3331 5,
2380 3266 2434 3320 4.
2465 3298 2532 3307 -
2564 3284 2581 3317 ι
2607 3263 2901 3335 Propterea
2936 3260 3088 3316 dabit
3142 3274 3238 3315 eos
3291 3272 3463 3328 usque
3518 3256 3586 3310 ad

350 3365 435 3434 ροῦ
466 3365 756 3434 τικτούσης
791 3364 1021 3432 τέξεται.
1056 3385 1075 3418 ι
1107 3365 1325 3419 Ὧδίνειν
1355 3366 1449 3419 καὶ⁵
1487 3365 1689 3422 τίκτειν
1722 3351 1919 3418 πολλάέ

352 3471 432 3518 κις
458 3457 491 3527 ἡ
521 3455 642 3509 θεία
670 3455 820 3525 λέγει
850 3456 1040 3528 Γραφὴ
1074 3456 1149 3526 (p.
1172 3455 1312 3523 294).
1330 3455 1391 3509 τὸ
1423 3458 1480 3509 ἐν
1513 3456 1659 3528 μέσῳ
1677 3456 1784 3511 τῶν
1805 3457 1915 3512 δει-

354 3544 449 3597 νῶν
470 3545 771 3617 παράδοξον
791 3548 888 3615 τὴν
910 3545 1058 3600 θείαν
1080 3546 1462 3616 ἀναφαίνεσθαι
1481 3546 1727 3617 βοήθειαν
1741 3564 1757 3580 ο
1775 3548 1915 3601 οὕτω

352 3633 495 3702 λέγει
514 3635 598 3700 τὸ,
631 3653 650 3686 ι
692 3634 791 3688 Διὰ
816 3635 907 3687 τὸν
935 3636 1096 3704 φόϐον
1123 3652 1236 3698 σου,
1265 3634 1455 3704 Κύριε,
1482 3636 1538 3687 ἐν
1569 3637 1766 3707 γαστρὶ
1792 3635 1912 3691 ἐλά-

358 3722 538 3794 ϐομεν,
577 3724 671 3776 καὶ
693 3723 1051 3795 ὠδινήσαμεν,
1087 3724 1176 3777 καὶ
1208 3724 1465 3794 ἐτέκομεν
1488 3724 1703 3794 πνεῦμα
1740 3742 1915 3793 σωτη-

354 3813 464 3880 ρίας
491 3813 520 3865 ὃ
560 3813 821 3883 ἐποίησας
855 3814 945 3866 ἐπὶ
988 3813 1085 3883 τῆς
1116 3815 1217 3884 γῆς
1238 3831 1249 3843 ·
1287 3832 1306 3866 ι
1343 3815 1429 3866 ἵνα
1462 3812 1608 3884 era-5,
1633 3814 1712 3866 ὅτι
1749 3814 1913 3884 ’Υπὲρ

350 3898 418 3956 ῶν
445 3904 789 3975 ἐφοϐούμεθά
817 3921 898 3968 σε,
932 3904 1292 3974 συνελάϐομεν
1333 3907 1388 3956 ἐν
1412 3905 1591 3967 αὐτοῖς
1616 3903 1712 3975 τὴν
1743 3904 1913 3976 ἀπόρ-

354 3995 506 4065 ρητόν
538 4013 636 4048 σου
661 3996 844 4067 χάριν,
871 3995 963 4066 ἀφ’
993 3990 1059 4068 ἧς
1083 3996 1168 4049 διὰ
1188 3996 1391 4049 πολλῶν
1415 3996 1617 4069 ιτέδίνων
1637 3998 1693 4048 ἐν
1721 3996 1795 4066 τῷ
1816 4014 1913 4067 με-

353 4086 493 4153 γέθει
520 4086 629 4139 τῶν
657 4085 844 4140 κακῶν
863 4087 1105 4157 σωτηρία
1129 4089 1259 4156 ἡμῖν
1290 4087 1559 4158 ἀπετέχοη
1577 4087 1872 4158 παράδοξος
1896 4103 1908 4115 ·

354 4171 624 4226 κάνταῦθα
648 4172 825 4226 τοίνυν
848 4173 921 4236 ὡς
957 4173 1021 4226 ἂν
1042 4176 1140 4240 τῆς
1173 4175 1475 4245 Ἰερουσαλὴ
1485 4195 1522 4245 μ
1552 4176 1916 4245 συλλαϐούσης

355 4281 407 4316 τε
437 4266 501 4319 ἐκ
524 4265 624 4335 τῆς
652 4264 801 4329 θείας
823 4264 1043 4335 χάριτος
1072 4266 1165 4318 καὶ
1193 4266 1290 4336 τὴν
1310 4266 1512 4336 δωρεὰν
1541 4267 1914 4337 ἀπο-τεκούσης

360 4355 574 4428 ταύτην,
600 4359 691 4425 ἀφ’
720 4354 789 4428 ἧς
814 4358 967 4411 αὐτοί
1010 4375 1069 4411 τε
1109 4356 1537 4428 περιεσώθησαν,
1569 4358 1661 4409 καὶ
1695 4356 1927 4425 παντελῆ

358 4447 449 4516 τὴν
482 4447 755 4502 ἀπώλειαν
784 4449 1029 4515 ἐδέξαντο
1061 4449 1109 4503 oi
1148 4448 1427 4518 πολέμιοι,
1466 4447 1623 4500 τοῦτο
1663 4448 1809 4515 λέγει
1847 4447 1928 4499 ὅτι

2018 3368 2267 3430 tempus,
2309 3372 2418 3427 quo
2459 3356 2678 3427 pariens
2708 3356 2905 3426 pariet.
2938 3373 2957 3405 ι
3001 3351 3280 3406 Parturire
3311 3356 3365 3403 et
3397 3359 3589 3416 parere

2019 3468 2161 3523 saepe
2180 3450 2316 3505 dicit
2351 3450 2542 3505 divina
2570 3449 2872 3518 Scriptura,
2908 3460 3031 3499 cum
3058 3444 3112 3497 in
3142 3440 3335 3496 mediis
3364 3437 3588 3493 calami-

2019 3544 2225 3598 tatibus
2282 3541 2527 3597 divinum
2584 3540 2861 3608 insperato
2911 3533 3170 3587 auxilium
3219 3528 3456 3599 ali‘ulget.
3495 3524 3589 3581 Sic

2021 3630 2398 3699 aitthropter
2448 3629 2696 3682 timorem
2732 3624 2830 3689 tui,
2864 3620 3089 3676 Domine
3112 3659 3127 3684 ,
3160 3619 3215 3673 in
3244 3625 3432 3672 ventre
3460 3630 3589 3670 con-

2020 3722 2299 3790 cepimus,
2333 3727 2388 3775 et
2441 3716 2830 3787 parturivimus
2874 3727 2937 3767 ac
2998 3710 3307 3781 peperimus
3337 3707 3587 3778 spiritum

2024 3812 2216 3868 salutis
2252 3825 2413 3880 quem
2466 3810 2520 3862 in
2562 3817 2708 3862 terra
2760 3805 2935 3861 fecisti
2970 3805 3053 3868 ‘7;
3083 3821 3101 3856 ι
3138 3809 3197 3856 ιιι
3240 3802 3419 3856 dicat:
3452 3798 3590 3864 Quia

2028 3901 2185 3974 193
2215 3908 2267 3956 te
2296 3898 2597 3962 timuimus,
2626 3897 2976 3966 concepimus
2999 3893 3053 3947 in
3082 3893 3239 3947 nobis
3263 3888 3587 3946 ineffabilem

2024 3994 2252 4066 gratiam
2286 3999 2431 4045 tuam
2453 4032 2467 4057 ,
2500 4004 2530 4043 a
2568 4005 2673 4059 qua
2703 4003 2799 4058 per
2826 3986 3028 4040 multos
3069 3984 3287 4038 dolores
3327 3983 3381 4035 in
3432 3979 3591 4035 malis

2026 4082 2278 4137 mximis
2316 4081 2468 4136 salus
2517 4079 2676 4133 nobis
2711 4076 3035 4131 mirabiliter
3084 4080 3235 4143 parta
3270 4079 3374 4126 est.
3425 4070 3592 4140 Igitur

2028 4176 2131 4229 hoc
2170 4189 2385 4245 quoque
2417 4174 2538 4226 loco
2561 4212 2577 4237 ,
2612 4172 2768 4240 quasi
2795 4167 3133 4223 Hierusalem
3162 4181 3228 4220 ex
3261 4164 3443 4218 divina
3468 4177 3593 4231 gra-

2027 4267 2102 4321 tia
2128 4266 2491 4334 concepisset,
2527 4269 2690 4331 atque
2722 4260 2824 4314 hoc
2854 4258 3057 4313 donum
3098 4252 3591 4326 peperisset,cujus

2027 4355 2290 4411 beneﬁcio
2318 4353 2421 4423 ipsi
2455 4351 2590 4407 salvi
2626 4349 2984 4413 exstitissent,
3022 4346 3205 4402 hostes
3236 4352 3428 4399 contra
3470 4340 3594 4393 lun-

2030 4447 2176 4503 ditus
2202 4445 2516 4515 periissent,
2548 4441 2622 4494 ait
2655 4455 2715 4495 se
2750 4439 3001 4493 inimicos
3038 4437 3205 4491 exitio
3240 4433 3594 4491 traditurum.

358 4539 474 4600 τοὺς
499 4537 774 4601 ἐναντίους
796 4538 1105 4610 παραδώσει
1131 4538 1392 4610 ἀπωλείᾳ,
1430 4536 1612 4608 ἐπειδὴ
1629 4540 1694 4608 τῇ
1731 4539 1914 4608 Ἰερου-

2032 4539 2291 4609 quoniam
2322 4536 2443 4590 urbi
2479 4532 2777 4588 Jerusalem
2807 4538 2929 4600 post
2963 4530 3179 4582 dolores
3227 4526 3427 4579 multos
3459 4538 3598 4592 quos

362 4626 534 4698 σαλὴμ
571 4628 710 4698 μετὰ
748 4605 958 4682 πολλῶν
986 4628 1207 4695 ὠδίνων,
1242 4628 1308 4693 ἃς
1342 4605 1626 4698 θπέμεινεν
1645 4605 1700 4678 ἐν
1724 4605 1914 4698 τῇὝτῶι

2037 4605 2260 4697 pertulit
2308 4623 2362 4677 in
2394 4622 2632 4676 hostium
2675 4619 2931 4679 incursu,
2989 4615 3237 4669 mirabile
3268 4620 3482 4683 partum
3515 4619 3599 4664 est

361 4716 626 4788 πολεμίων
648 4720 841 4792 ἐφόδῳ,
868 4719 1139 4791 ἀπετέχθη
1170 4718 1262 4772 τοῦ
1300 4718 1433 4772 Ε)εοῦ
1468 4718 1669 4787 δωρεά.
1695 4735 1711 4767 ι
1746 4719 1855 4769 Καὶ
1884 4717 1933 4769 οἱ

359 4812 621 4866 ἐπίλοιποι
651 4813 758 4866 τῶν
782 4812 1023 4881 ἀδελφῶν
1051 4810 1211 4865 αὑτοῦ
1245 4810 1660 4879 ἐπιστρέφουσιν
1696 4808 1786 4860 ἐπὶ
1810 4810 1932 4871 τοὺς

361 4906 504 4969 υἱοὺς
544 4905 785 4977 Ἰσραήλ.
841 4924 860 4956 ι
908 4904 1040 4956 Τότε
1084 4902 1190 4974 γὰρ
1234 4902 1297 4972 δὴ
1346 4901 1544 4963 πάντες
1588 4900 1636 4951 οἱ
1688 4898 1792 4951 ἀπὸ
1834 4898 1934 4967 τῆς

358 4997 729 5068 αἰχμαλωσίας
754 4993 1155 5059 ἐπανελθόντες,
1187 4993 1360 5047 κοινὸν
1390 4992 1682 5062 ἡγήσονται
1716 4987 1936 5058 βασιλέα

361 5091 445 5143 τὸν
503 5088 842 5158 Ζοροϐάϐελ’
897 5086 1078 5140 οὐκέτι
1139 5086 1244 5157 ἰδίᾳ
1306 5084 1405 5155 μὲν
1467 5082 1782 5152 ἀρχομένων
1833 5076 1940 5130 τῶν

357 5180 486 5235 δέκα
513 5181 720 5249 φυλῶν,
747 5180 848 5250 τῆς
881 5179 939 5232 δὲ
977 5176 1144 5230 Ἰούδα
1178 5175 1344 5246 μόνης
1377 5171 1513 5243 μετὰ
1554 5172 1649 5241 τῆς
1685 5169 1940 5239 Βενιαμὶν

358 5275 481 5337 τοὺς
505 5276 570 5326 ἐκ
592 5273 684 5325 τοῦ
710 5268 875 5324 Δαυῖδ
896 5268 1153 5338 βασιλέας
1176 5265 1314 5318 κατὰ
1339 5264 1398 5315 τὸ
1434 5262 1663 5334 πρόσθεν
1690 5261 1939 5329 ἐχούσης,

360 5368 492 5421 ἀλλὰ
524 5366 741 5418 πάντων
772 5362 868 5415 ἓνα
898 5358 1119 5430 βασιλέα
1166 5356 1255 5408 τὸν
1299 5354 1599 5424 Ζοροϐάϐελ
1627 5351 1943 5420 ἡγουμένων

360 5459 559 5512 λοιπόν.
580 5456 745 5511 Οὕτω
765 5453 861 5506 καὶ
887 5452 915 5503 ὁ
948 5449 1210 5519 μακάριος
1245 5446 1398 5512 Ὠσηὲ
1432 5444 1576 5509 λέγει
1597 5459 1610 5473 ’
1639 5462 1654 5491 ι
1694 5444 1798 5495 Καὶ
1830 5460 1944 5493 συν-

444 5642 487 5673 ⁸³
528 5640 659 5696 ibid.
699 5636 794 5701 50,
836 5634 926 5686 53.
1005 5632 1049 5662 9"
1077 5628 1202 5685 Luc.
1243 5646 1278 5693 1,
1307 5630 1391 5683 52.
1471 5629 1510 5657 ⁸⁷
1555 5627 1653 5679 lszt.
1702 5638 1846 5684 χλιι,
1889 5624 1959 5675 13.

2037 4717 2131 4773 Dei
2179 4715 2402 4769 donum.
2442 4730 2460 4763 ι
2484 4711 2548 4764 Et
2591 4710 2785 4780 reliqui
2822 4708 3019 4762 fratres
3047 4706 3168 4774 ejus
3215 4708 3600 4757 convertentur

2037 4808 2103 4861 ad
2135 4806 2273 4861 ﬁlios
2313 4803 2584 4860 lsraelis.»
2622 4802 2778 4855 Tunc
2805 4813 2995 4854 omnes
3023 4812 3052 4850 a
3094 4795 3405 4864 captivitate
3437 4792 3599 4847 redu-

2036 4913 2146 4960 ces,
2186 4909 2530 4951 communem
2550 4891 2943 4965 existimabunt
2971 4902 3148 4956 regem
3187 4881 3596 4937 Zorobabelcm:

2037 4988 2180 5041 haud
2234 4987 2440 5041 diutius
2476 4998 2722 5039 seorsum
2764 4982 2947 5036 decem
2983 4978 3232 5034 tribubus
3281 4975 3384 5028 sub
3435 4988 3601 5041 regno

2038 5078 2383 5139 constitutis.
2418 5076 2551 5130 solis
2576 5090 2706 5128 vero
2744 5072 2903 5128 ludar
2925 5087 2986 5124 ac
3018 5066 3316 5137 Benjamini
3350 5064 3601 5118 tribubus

2041 5185 2195 5239 reges
2223 5169 2289 5222 de
2328 5166 2544 5220 Davidis
2584 5166 2752 5232 stirpe
2786 5171 2844 5216 ut
2902 5173 3058 5214 antea
3108 5156 3475 5221 habentibus;
3508 5153 3602 5206 sed

2041 5259 2254 5313 cunctis
2279 5271 2444 5308 unum
2473 5270 2650 5324 regem
2672 5252 3059 5307 Zorobabclem
3093 5247 3287 5301 abhinc
3310 5259 3605 5314 agnoscen-

2044 5353 2209 5403 tibus.
2250 5346 2340 5399 Sic
2367 5346 2527 5398 ctiam
2569 5345 2757 5398 beatus
2791 5342 2960 5398 Oseas
2992 5340 3199 5394 aiebat:
3236 5357 3252 5389 ι
3282 5337 3348 5389 Et
3380 5350 3605 5405 congre-

2048 5445 2315 5512 g-abuutur
2339 5436 2427 5488 lilii
2457 5434 2607 5489 Iudae
2641 5443 2692 5490 ct
2727 5436 2816 5489 ﬁlii
2850 5433 3067 5489 lsraelis
3094 5433 3148 5488 in
3172 5430 3223 5485 id
3248 5430 3447 5499 ipsum,
3475 5441 3603 5480 cono
