3966 6134
300 223 407 278 575

1501 223 1848 281 Τιιιιουυειι
1878 230 2008 287 MOF
2024 229 2354 286 SUESTENI

3445 232 3552 287 376

302 342 641 411 stituentque
670 339 771 394 sibi
807 356 1031 411 regnum
1060 357 1224 395 unum
1256 342 1319 397 ³⁸.
1352 362 1371 393 ι
1416 342 1555 397 Tum
1598 355 1653 401 et
1686 348 1874 401 beatus

1984 346 2303 418 αχθήσονται
2335 347 2385 398 οἱ
2415 347 2521 399 υἱοὶ
2564 346 2732 400 Ἰούδα
2781 347 2873 399 καὶ
2920 347 2969 399 oi
3007 345 3109 397 υίοὶ
3145 345 3359 415 Ἰσραὴλ
3390 347 3563 401 ἐπὶτὸ

303 432 513 489 David:
553 431 738 488 «Ecce
784 447 949 501 quam
1000 431 1201 486 bonum
1249 439 1304 487 et
1352 448 1516 503 quam
1566 437 1872 505 jucundum

303 524 552 580 habitare
585 524 781 579 fratres
812 524 865 576 in
892 523 945 578 id
976 522 1155 593 ipsum
1177 523 1223 555 ”
1252 525 1264 577 ί
1290 542 1315 577 ο
1347 527 1696 582 concordiam
1728 530 1874 599 ipso-

300 630 424 668 rum
457 614 696 669 futuram
728 614 871 667 circa
899 612 1106 668 reditus
1137 625 1350 685 tempus
1390 616 1477 671 his
1500 619 1681 675 verbis
1705 621 1874 690 signi-

300 708 495 769 licans,
532 721 694 776 quam
730 706 1128 761 eunsenvabant
1149 708 1252 761 sub
1291 724 1556 779 unorege
1584 712 1872 765 constituti

302 798 579 866 deinceps.
623 795 735 850 lloc
774 798 958 865 itaque
996 798 1201 866 pariter
1261 801 1380 854 loco
1438 801 1699 870 propheta
1759 803 1867 857 ait:

308 906 327 938 ι
351 899 404 943 et
433 886 625 957 reliqui
664 887 890 943 fratres:
929 907 948 939 ι
1012 904 1110 957 pro
1139 903 1204 943 eo
1242 904 1307 943 ac
1342 890 1523 945 dicat:
1553 890 1748 946 Cuncti
1778 894 1871 963 qui

300 978 629 1036 extraludze
674 979 875 1033 tribum
933 987 1093 1044 sunt,
1138 980 1540 1051 conjungen‘tur
1572 998 1695 1039 cum
1747 986 1872 1039 reli-

300 1071 423 1140 quis
445 1071 660 1126 lsraelis
688 1071 834 1137 (iliis,
864 1087 1030 1126 unum
1062 1049 1634 1144 eumdemque‘regem
1663 1075 1870 1131 haben-

300 1171 404 1217 tes.
450 1181 469 1213 ι
495 1163 562 1216 Et
590 1163 755 1217 stabit
803 1169 857 1217 et
907 1160 1112 1217 videbit
1139 1170 1193 1217 et
1231 1172 1418 1231 pascet
1451 1180 1664 1234 gregem
1709 1180 1867 1220 suum

301 1270 426 1309 cum
462 1253 779 1309 fortitudine
800 1252 1099 1309 Dominus:
1133 1266 1187 1310 et
1221 1256 1275 1309 in
1309 1256 1480 1325 gloria
1512 1256 1749 1312 nominis
1774 1255 1872 1309 Do-

302 1346 438 1401 mini
463 1344 678 1402 Dei'sui
718 1355 911 1410 erunt;
942 1348 1067 1416 quia
1120 1362 1265 1400 nunc
1319 1348 1751 1417 magnificabitur
1778 1365 1870 1403 us-

300 1454 408 1509 que
452 1439 518 1494 ad
571 1439 834 1494 terminos
884 1446 1059 1493 terras.
1096 1458 1115 1490 ι
1168 1439 1318 1501 Erit,
1360 1439 1570 1508 inquit,
1605 1454 1702 1509 per
1749 1440 1868 1509 ejus

301 1530 560 1599 temporis
591 1544 770 1600 regem
813 1530 1031 1599 propria
1066 1544 1198 1583 cura
1233 1544 1465 1599 pascens
1497 1530 1656 1594 Deus,
1692 1530 1783 1600 qui
1816 1538 1870 1584 et

300 1620 426 1676 illos
475 1620 716 1676 illustres
755 1620 975 1675 nomine
1028 1636 1129 1676 suo
1158 1621 1390 1677 efficiet:
1446 1629 1869 1691 constanterque

1980 439 2131 504 αὐτὸ,
2161 439 2234 506 (p.
2255 437 2380 508 295)
2405 437 2497 491 καίΙ
2518 436 2772 507 θήσονται
2800 438 3008 500 ἑαυτοῖς
3028 433 3201 506 ἀρχὴν
3234 436 3382 506 μίαν.
3410 455 3427 488 ι
3451 438 3563 491 Καὶ

1976 530 2006 581 ὁ
2036 528 2300 598 μακάριος
2331 529 2360 579 6
2387 526 2578 580 Δαυῖδ’
2613 546 2633 577 ι
2669 525 2798 578 Ἰδοὺ
2824 525 2888 597 δὴ
2965 523 3017 577 τί
3049 525 3210 578 καλὸν
3246 525 3340 577 καὶ
3357 524 3411 576 τί
3436 540 3565 595 τερ-

1979 620 2129 684 πνὸν,
2162 619 2274 673 ἀλλ’
2305 619 2337 690 ἢ
2378 620 2439 671 τὸ
2482 620 2756 672 κατοικεῖν
2793 616 3053 685 ἀδελφοὺς
3101 616 3192 669 ἐπὶ
3222 612 3282 670 τὸ
3318 615 3489 670 αὐτόε
3532 635 3552 669 ι

1975 711 2073 781 τὴν
2100 711 2352 781 ὁμόνοιαν
2396 709 2574 764 αὐτῶν
2615 708 2712 780 τὴν
2758 709 3021 779 ἐσομένην
3050 707 3190 761 κατὰ
3220 708 3312 761 τὸν
3333 708 3432 778 τῆς
3458 708 3559 761 ἐπ-

1981 803 2166 857 ανόδου
2224 802 2413 873 καιρὸν
2466 802 2521 854 ἐν
2552 799 2725 870 τούτῳ
2771 798 3049 869 σημαίνων
3074 839 3089 862 ,
3153 798 3219 868 ἦν
3276 796 3560 861 ἀπέσωζον

1975 896 2063 964 ὑφ’
2094 895 2173 947 ἐνὶ
2209 894 2289 964 τῷ
2327 893 2660 962 βασιλεύοντι
2702 891 3041 953 καθεστῶτες
3078 890 3283 944 λοιπόν.
3325 889 3559 959 Ὁμοίως

1972 983 2065 1040 οὗν
2094 986 2369 1040 κάνταῦθα
2397 988 2425 1038 ὁ
2455 984 2737 1056 προφήτης
2778 982 2945 1050 λέγει,
2995 982 3075 1034 ὅτι
3107 1000 3126 1031 ‹
3173 981 3281 1033 Καὶ
3309 982 3357 1033 οἱ
3382 980 3559 1032 λοιποὶ

1971 1078 2077 1132 τῶν
2102 1076 2365 1146 ἀδελφῶν,
2398 1094 2418 1129 ι
2447 1076 2533 1130 ἵνα
2562 1075 2709 1146 εἴπῃ,
2734 1075 2816 1127 ὅτι
2838 1073 3038 1135 πάντες
3065 1072 3158 1125 καὶ
3175 1073 3222 1125 οἱ
3251 1071 3349 1139 τῆς
3389 1070 3557 1124 Ἰούδα

1972 1169 2145 1239 φυλῆς
2188 1169 2345 1232 ἐκτὸς
2397 1166 2823 1238 συναχθήσονται
2868 1167 2980 1228 τοῖς
3033 1163 3238 1225 λοιποῖς
3283 1165 3417 1226 υἱοῖς
3459 1161 3555 1214 τοῦ

1984 1260 2217 1331 Ἰσραήλ,
2247 1260 2343 1312 ἕνα
2372 1259 2467 1315 καὶ
2490 1258 2582 1311 τὸν
2606 1257 2767 1312 αὐτὸν
2796 1256 3091 1327 ἡγούμενοι
3122 1253 3361 1325 βασιλέα.
3393 1273 3410 1304 ι
3445 1255 3556 1307 Καὶ

1972 1351 2226 1421 στήσεται
2258 1350 2351 1403 καὶ
2378 1349 2586 1420 ὄψεται,
2610 1350 2703 1402 καί
2737 1349 2991 1419 ποιμανεῖ
3022 1346 3083 1399 τὸ
3110 1346 3354 1415 ποίμνιον
3388 1345 3555 1399 αὐτοῦ

1970 1444 2028 1495 ἐν
2066 1442 2209 1513 ίσχύῖ
2244 1441 2479 1513 Κύριος·
2523 1441 2618 1494 καὶ
2663 1442 2721 1493 ἐν
2767 1442 2833 1510 τῇ
2875 1438 3002 1512 δόξῃ
3047 1437 3313 1509 ὀνόματος
3342 1436 3554 1505 Κυρίου

1969 1534 2062 1588 τοῦ
2090 1533 2225 1587 Θεοῦ
2256 1534 2433 1587 αὐτῶν
2463 1532 2823 1604 ὑπάρξουσιν·
2855 1531 2987 1583 διότι
3023 1530 3117 1585 νῦν
3153 1528 3553 1600 μεγαλυνθήσε-

1969 1640 2058 1675 ται
2091 1622 2195 1684 ἕως
2221 1622 2404 1693 ἄκρων
2433 1625 2530 1693 τῆς
2550 1623 2670 1692 γῆς.
2709 1641 2726 1672 ι
2754 1622 2945 1673 Ἔσται
2974 1620 3050 1679 δὲ,
3082 1619 3266 1690 φησὶν,
3294 1621 3323 1672 6
3346 1611 3434 1671 διὰ
3460 1616 3555 1670 τοῦ

301 1729 398 1783 per
419 1714 729 1769 universam
766 1721 967 1767 terram
999 1714 1166 1766 multa
1206 1727 1329 1767 cum
1363 1712 1724 1767 admiratione
1750 1715 1866 1767 lau-

1984 1713 2092 1764 τότε
2126 1711 2498 1781 βασιλεύοντος
2524 1713 2767 1775 ἅπαντας
2794 1714 2860 1783 τῇ
2894 1712 3069 1782 οἰκεία
3101 1711 3394 1782 κηδεμονία
3436 1727 3554 1763 ποι-

300 1803 539 1868 dabitur,
568 1805 697 1875 quia
737 1811 819 1859 tot
848 1813 1108 1874 tantaque
1135 1820 1234 1874 pro
1273 1805 1340 1858 iis
1382 1804 1543 1869 fecit,
1586 1804 1744 1876 195
1773 1807 1866 1875 qui

303 1895 449 1950 illius
482 1909 681 1949 nomen
738 1895 1106 1965 participant;
1160 1896 1251 1963 qui
1286 1904 1413 1949 sunt
1462 1897 1679 1951 lsraelis
1735 1897 1867 1952 lilii:

300 2000 442 2055 quos
498 2000 646 2040 nunc
701 1984 919 2056 quidem
958 1985 1027 2040 de
1058 1985 1373 2056 captivitate
1424 1997 1617 2056 praeter
1656 2002 1870 2042 omnem

304 2093 454 2148 spem
478 2077 726 2132 reduxit:
757 2087 944 2148 postea
978 2093 1105 2133 vero
1135 2079 1415 2133 victoriam
1451 2095 1624 2149 pauco
1653 2081 1868 2134 illorum

304 2183 534 2223 numero
564 2170 816 2238 patrabit,
841 2184 949 2239 qua
978 2170 1430 2226 innumerabilem
1468 2170 1693 2226 fortium
1724 2171 1869 2226 viro-

304 2275 425 2313 rum
453 2260 877 2325 multitudinem,
896 2274 993 2330 per
1017 2260 1119 2316 hos
1140 2260 1375 2316 humiles
1402 2277 1735 2333 paucosque,
1770 2278 1869 2319 sua

306 2352 505 2406 virtute
539 2352 764 2407 omnino
790 2352 1115 2423 proﬂigabit.

1978 1804 2180 1875 μαίνων
2215 1803 2365 1867 Θεὸς,
2407 1804 2466 1867 ὃς
2516 1804 2608 1857 καὶ
2637 1804 2913 1867 ἐπιδόξους
2961 1804 3155 1866 αὐτοὺς
3192 1802 3278 1856 διὰ
3310 1803 3408 1874 τὴν
3440 1802 3557 1855 ὀνο-

1980 1896 2182 1966 μασίαν
2229 1895 2520 1966 ἐργάσεται
2564 1895 2662 1966 τὴν
2717 1896 2958 1949 οἰκεία-ι’
3008 1896 3253 1965 διαμενεῖ
3304 1910 3365 1947 τε
3413 1899 3556 1950 κατά

1979 1988 2160 2059 πάσης
2184 1987 2283 2057 τῆς
2312 1990 2412 2059 γῆς
2446 1989 2581 2059 μετὰ
2620 1988 2814 2041 πολλου
2849 1988 2943 2041 τοῦ
2985 1988 3259 2059 θαύματος
3289 1987 3558 2057 ἀνυμνού-

1985 2097 2164 2150 μενος,
2201 2080 2285 2149 ἐφ’
2317 2074 2396 2144 οἷς
2426 2080 2659 2133 τοσαῦτα
2689 2082 2782 2134 καὶ
2807 2078 3401 2150 τηλικαῦταπεποίηκε
3430 2079 3559 2150 περὶ

1976 2172 2102 2234 τοὺς
2138 2171 2236 2242 τὴν
2264 2171 2425 2224 αὑτοῦ
2471 2171 2750 2241 μετιόντας
2796 2173 3108 2242 ὀνομασίαν,
3150 2171 3292 2239 λέγω
3325 2170 3388 2240 δὴ
3431 2171 3557 2232 τοὺς

1979 2262 2126 2326 υἱοὺς
2161 2263 2407 2334 Ἰσραήλ·
2451 2261 2546 2316 νῦν
2577 2262 2676 2332 μὲν
2719 2264 2914 2325 αὐτοὺς
2955 2264 3018 2315 ἐκ
3054 2263 3153 2332 τῆς
3182 2260 3557 2331 αἰχμαλωσίας

1979 2357 2130 2428 παρὰ
2157 2359 2335 2411 πᾶσαν
2360 2357 2642 2426 ἐπανάγων
2673 2359 2860 2411 ἐλπίδα
2881 2374 2893 2387 ’
2934 2360 3049 2429 μετ’
3079 2361 3253 2411 ἐκεῖνο
3281 2359 3338 2411 δὲ
3367 2359 3425 2411 ἐν
3454 2358 3557 2411 ὀλί-

303 2460 420 2511 γοις
473 2444 654 2509 αὐτοῖς
701 2444 856 2516 νίκην
902 2445 1414 2516 καταπραττόμενος
1468 2447 1655 2518 αὐτὴν,
1686 2449 1778 2517 ἀφ’
1823 2444 1891 2520 ἧς
1949 2447 2316 2521 ἀναρίθμητόν
2349 2467 2401 2502 τι
2434 2449 2634 2521 πλῆθος
2677 2450 3002 2521 ἐρρωμένων
3058 2449 3283 2520 ἀνδρῶν,
3329 2449 3403 2519 (p.
3431 2442 3556 2507 296)

304 2533 399 2586 καὶ
441 2535 521 2597 είς
559 2534 856 2606 πολεμικήν
891 2536 1181 2607 ἐμπειρίαν
1212 2540 1763 2610 παρεσκευασμένων,
1795 2540 1881 2595 διὰ
1908 2541 2014 2596 τῶν
2034 2543 2264 2597 εὐτελῶν
2310 2542 2513 2595 τούτων
2557 2541 2650 2595 καὶ
2708 2541 3086 2613 εὐαριθμήτων
3116 2541 3390 2605 παντελῶς
3416 2539 3558 2593 κατὰ

299 2627 401 2699 τὴν
422 2628 625 2681 οἰκείαν
653 2629 990 2700 τροπώσεται
1027 2630 1274 2701 δύναμιν.

373 2719 463 2774 Sic
505 2728 685 2775 autem
719 2736 842 2775 cum
874 2737 937 2777 ea
972 2721 1237 2788 dixisset,
1293 2739 1415 2795 qua:
1452 2732 1577 2795 post
1633 2726 1867 2781 reditum

2058 2725 2217 2780 Ἀλλὰ
2244 2682 2350 2796 γὰρ
2374 2683 2515 2778 ούτω
2535 2722 2604 2776 τὰ
2625 2722 2761 2793 μετὰ
2774 2722 2871 2793 τὴν
2887 2721 2994 2777 ἀπὸ
3023 2720 3336 2782 Βαϐυλῶνος
3367 2719 3558 2773 ἐπάνο·

305 2810 576 2882 llabylone
607 2810 786 2865 futura
820 2820 1008 2878 erant,
1042 2829 1163 2884 qua:
1190 2815 1447 2870 nimirum
1500 2819 1603 2872 sub
1636 2817 1873 2873 Zoroha-

1984 2818 2063 2872 δον
2091 2815 2402 2887 ὑπάρξοντα
2426 2814 2606 2877 αὐτοῖς
2629 2811 2885 2883 εἰρηκὼς,
2920 2812 2955 2865 ἃ
2983 2811 3075 2865 τοῦ
3114 2810 3415 2880 Ζοροϐάϐελ
3436 2827 3556 2864 κατ’

308 2902 442 2966 Lele,
472 2900 690 2957 Davidis
722 2903 890 2972 stirpe
930 2912 1053 2959 orto
1074 2944 1088 2969 ,
1117 2905 1275 2976 juxta
1309 2906 1404 2962 Dei
1449 2909 1869 2978 promissionem

307 3004 584 3063 regnante,
625 2994 761 3063 ipsis
799 2996 919 3051 sine
953 2997 1121 3052 dubio
1146 2999 1550 3069 contingerent,
1588 3002 1874 3070 promissis

308 3085 542 3153 propriis
585 3085 797 3140 fidelem
842 3086 1009 3141 Deum
1046 3090 1236 3143 volens
1267 3092 1530 3161 propheta
1568 3093 1873 3153 ostendere,

305 3184 358 3229 et
392 3176 615 3229 multam
641 3176 865 3246 iis,qua:
887 3179 1186 3233 secundum
1212 3179 1455 3250 ejusdem
1478 3181 1874 3251 beneplacitum

308 3271 463 3330 tiunt,
497 3268 662 3321 robur
685 3268 1038 3337 przebentem,
1091 3285 1276 3326 rerum
1313 3270 1666 3327 Zorobahclis
1703 3289 1878 3329 exem-

310 3358 397 3427 plo
449 3361 638 3413 utitur.
667 3356 937 3413 Caeterum
977 3359 1104 3429 quia
1154 3360 1327 3415 multo
1359 3360 1536 3416 serius
1569 3361 1684 3416 haec
1716 3377 1877 3418 even-

308 3459 428 3503 tura
468 3451 822 3515 videbantur,
872 3452 1080 3507 scilicet
1133 3466 1163 3506 a
1200 3451 1476 3524 Babylone
1524 3454 1773 3515 reditus,
1825 3464 1878 3508 et

307 3540 439 3610 Gogi
475 3551 597 3610 post
656 3541 810 3595 illum
868 3541 1101 3596 reditum
1143 3543 1451 3612 expeditio;
1491 3556 1880 3600 commemorat

311 3636 561 3703 propiora
584 3673 599 3698 ,
630 3641 684 3689 et
717 3649 840 3704 qtue
888 3634 1032 3688 haud
1068 3646 1337 3688 remotum
1365 3635 1574 3690 exitum
1628 3636 1878 3692 habitura

308 3732 463 3777 erant
488 3764 504 3787 ,
542 3740 633 3780 res
686 3740 880 3794 nempe
932 3724 1281 3795 Assyriorum
1322 3726 1425 3781 sub
1452 3724 1684 3793 Ezecia;
1722 3734 1781 3781 ut
1812 3743 1879 3783 ex

310 3815 574 3883 proximis
596 3856 611 3881 ,
644 3829 739 3871 seu
773 3830 882 3869 non
938 3816 1111 3869 multo
1168 3823 1293 3885 post
1331 3814 1530 3871 futuris
1553 3856 1567 3883 ,
1596 3815 1755 3871 fidem
1809 3817 1880 3873 iis

310 3908 625 3963 conciliaret
657 3923 777 3977 quae
802 3908 959 3977 longa
992 3915 1114 3976 post
1144 3914 1389 3975 tempora
1422 3905 1619 3962 forent.
1650 3909 1880 3963 Constat

310 4009 491 4055 autem
526 4000 639 4053 inec
663 3999 975 4070 praadixisse
995 3998 1339 4069 prephetam,
1364 4007 1423 4053 ut
1452 4000 1590 4054 liber
1615 4000 1878 4066 ostendit,

310 4091 505 4145 diebus
531 4089 828 4152 Joathami,
867 4097 922 4144 et
966 4089 1191 4152 Achazi,
1228 4098 1281 4143 ct
1307 4087 1543 4155 Ezecias;
1580 4089 1654 4143 ita
1696 4100 1753 4143 ut
1782 4106 1876 4144 va-

1976 2909 2300 2978 ἐπαγγελίαν
2312 2906 2444 2960 Θεοῦ
2463 2907 2525 2959 ἐκ
2542 2906 2631 2958 τοῦ
2645 2903 2805 2958 Δαυῖδ
2824 2904 2997 2959 αὐτῶν
3016 2902 3383 2973 βασιλεύοντος
3398 2896 3464 2954 πε
3474 2920 3555 2973 ρι-

1975 2998 2227 3070 γενέσθαι
2255 2998 2469 3060 πάντως
2491 2995 2721 3066 ήμελλεν
2745 2996 2946 3058 αὐτοῖς,
2974 2992 3159 3065 ἐπειδή
3176 2996 3291 3057 ταῖς
3323 2994 3556 3061 ἐπαγγε·

1975 3094 2117 3156 λίαις
2150 3095 2268 3154 ταῖς
2299 3091 2522 3153 οίκείαις
2573 3089 2903 3160 προσέχοντα
2930 3087 3017 3139 τὸν
3041 3086 3171 3140 Θεὸν
3209 3086 3237 3137 6
3272 3086 3557 3156 προφήτης

1991 3175 2259 3247 ἐϐουλήθη
2284 3177 2474 3244 δεῖξαι,
2497 3177 2695 3249 πολλὴν
2710 3178 2821 3241 τοῖς
2837 3176 2975 3230 κατὰ
3001 3177 3062 3230 τὸ
3090 3176 3237 3248 αὐτῷ
3254 3176 3366 3247 (59)
3397 3194 3458 3245 γε
3474 3176 3559 3231 60-

1990 3265 2119 3319 κοῦν
2154 3268 2493 3338 γιγνομένοις
2510 3269 2816 3339 παρέχοντα
2837 3266 2935 3338 τὴν
2957 3267 3129 3337 ἰσχὺν,
3161 3264 3430 3331 ἀποδείξει
3446 3270 3557 3331 τοῖς

1990 3358 2131 3411 κατὰ
2148 3358 2238 3410 τὸν
2261 3359 2563 3428 Ζοροϐάϐελ
2583 3359 2926 3429 χρησάμενος
2950 3374 2963 3388 ⁸
2989 3358 3157 3411 ἐδόκει
3178 3358 3233 3411 δὲ
3266 3358 3401 3427 μετὰ
3422 3358 3555 3410 πολὺ

1985 3448 2154 3503 ταῦτα
2176 3449 2440 3517 γίνεσθαι,
2464 3450 2535 3503 τά
2546 3467 2601 3502 τε
2621 3450 2718 3519 τῆς
2744 3448 3001 3501 ἐπανόδου
3026 3447 3171 3517 λέγω
3191 3448 3288 3518 τῆς
3317 3448 3428 3502 ἀπὸ
3446 3449 3553 3501 Βα-

1986 3538 2241 3603 ϐυλῶνος,
2273 3539 2369 3592 καὶ
2397 3539 2465 3592 τὰ
2497 3538 2634 3610 μετὰ
2660 3538 2756 3609 τὴν
2788 3538 3044 3592 ἐπάνοδον
3071 3537 3285 3607 ἐκείνην
3325 3540 3404 3601 είς
3429 3538 3555 3602 τοὺς

1985 3630 2111 3701 περὶ
2130 3629 2219 3683 τὸν
2239 3627 2362 3696 Γὼγ
2384 3629 2643 3697 γεγονότα
2664 3645 2676 3657 ·
2704 3629 2974 3699 μέμνηται
3008 3627 3114 3680 τῶν
3140 3629 3308 3696 ἐγγὺς
3322 3629 3417 3681 καὶ
3443 3645 3559 3697 μετ’

1985 3725 2046 3777 οὐ
2072 3722 2208 3777 πολὺ
2239 3720 2336 3792 τὴν
2360 3718 2583 3774 ἔκϐασιν
2606 3720 3008 3791 λαμϐανόντων,
3035 3719 3177 3787 λέγω
3198 3719 3263 3791 δὴ
3293 3720 3401 3774 τῶν
3429 3720 3557 3791 περὶ

1983 3818 2110 3881 τοὺς
2150 3818 2463 3890 Ἀσσυρίους
2485 3820 2576 3872 ἐπὶ
2616 3818 2710 3870 τοῦ
2753 3816 2991 3882 Ἐζεκίου
3021 3817 3365 3889 συμϐάντων,
3400 3816 3465 3869 ἵν’
3497 3818 3560 3869 ἐκ

1987 3914 2096 3966 τῶν
2124 3913 2350 3983 ἐγγύθεν
2378 3915 2471 3967 καὶ
2508 3915 2623 3984 μετ’
2654 3914 2716 3966 οὐ
2752 3913 2886 3967 πολὺ
2926 3914 3247 3984 γινομένων,
3277 3913 3385 3966 τῶν
3421 3912 3559 3984 μετὰ

1990 4003 2231 4072 μακροὺς
2258 4002 2528 4071 ἐσομένων
2552 4003 2676 4065 τοὺς
2696 4003 2915 4073 χρόνους
2944 4003 3294 4074 παράσχηται
3325 4003 3425 4072 τὴν
3458 4001 3553 4053 πί-

1988 4108 2105 4143 στιν
2120 4107 2133 4119 ·
2160 4088 2377 4159 εὔδηλον
2393 4090 2506 4160 εγὰρ
2521 4090 2602 4142 ὅτι
2619 4088 2788 4143 ταῦτα
2814 4093 3184 4162 προηγόρευεν
3198 4092 3227 4144 6
3255 4093 3557 4162 προφήτης,

311 4182 559 4235 ticinium
590 4194 759 4248 prope
786 4181 927 4233 absit
968 4180 1037 4233 ab
1058 4177 1276 4233 'Ezecia:
1323 4178 1507 4233 rebus.
1535 4176 1641 4233 Sed
1695 4188 1875 4235 tamen

1986 4181 2062 4243 ὡς
2099 4182 2131 4251 ή
2153 4179 2342 4242 Βίϐλος
2360 4179 2525 4249 δηλοῖ,
2545 4182 2602 4234 ἐν
2629 4182 2861 4252 ἡμέραις
2889 4183 3125 4253 Ἰωάθαμ
3148 4183 3240 4236 καὶ
3270 4183 3449 4252 Ἀχαζ
3466 4182 3560 4236 καὶ

311 4282 443 4325 tunc
469 4270 871 4340 portendebat,
899 4279 954 4325 et
980 4271 1136 4340 quasi
1172 4279 1300 4325 ante
1338 4270 1505 4340 pedes
1545 4272 1883 4342 proponebat

312 4365 521 4418 exitum
552 4361 796 4418 omnium
824 4403 838 4425 ,
871 4376 1058 4416 coram
1095 4363 1162 4417 iis
1194 4363 1287 4433 qui
1327 4378 1451 4418 cum
1490 4370 1618 4417 ante
1648 4377 1884 4434 rem’ge—

314 4469 451 4511 stam
482 4455 829 4525 excepissent
858 4454 1156 4525 prophetize
1183 4470 1394 4522 vocem,
1433 4462 1690 4510 eventum
1724 4456 1882 4526 quasi

314 4547 621 4618 proximum
676 4545 1054 4617 aspiciebant;
1106 4553 1167 4598 ut
1206 4550 1285 4600 sic
1323 4546 1641 4601 ostenderet
1700 4561 1883 4602 rerum

317 4637 521 4693 lizecize
544 4620 918 4702 proximarum
945 4676 960 4701 ,
1009 4650 1137 4691 cum
1188 4636 1297 4691 illis
1327 4634 1679 4692 Zorobabelis
1709 4638 1882 4693 multo

313 4741 433 4801 post
460 4728 680 4795 futuris,
708 4729 1121 4800 cognationem;
1149 4737 1313 4797 atquc
1339 4742 1404 4781 ex
1429 4728 1677 4798 utrisque
1704 4729 1882 4797 palam

312 4826 540 4892 faceret,
562 4830 765 4895 quanta
797 4832 943 4877 esset
972 4819 1742 4891 divinarum‘promissionum
1777 4822 1881 4876 vis.

314 4917 470 4974 Unde
498 4932 605 4973 non
635 4925 766 4970 tunc
786 4911 1165 4967 tantummodo
1187 4926 1310 4967 cum
1335 4911 1605 4967 habebant
1626 4912 1885 4974 lsraelitae

315 5004 707 5065 Zorobat‘iclem
740 5005 935 5061 ducem
958 5046 973 5071 ,
1014 5003 1115 5058 sed
1140 5011 1299 5057 antea
1335 5019 1555 5074 quoque
1590 5021 1714 5061 cum
1752 5009 1885 5063 Eze-

312 5103 429 5157 cias
459 5101 592 5170 ipsis
644 5098 1021 5154 dominaretur
1058 5135 1073 5160 ,
1121 5111 1187 5151 ex
1243 5094 1335 5150 Dei
1371 5098 1738 5166 promissione
1770 5102 1886 5172 ipse

316 5195 515 5261 pariter
541 5193 906 5263 principatum
945 5196 1254 5254 assecutus,
1275 5196 1459 5244 tantus
1485 5194 1760 5250 exercitus
1786 5195 1884 5250 ad-

314 5301 508 5342 versus
539 5283 842 5340 Jerusalem
870 5283 1094 5338 veniens
1125 5282 1261 5336 nihil
1296 5282 1463 5336 valuit
1491 5282 1724 5350 ellicerc,
1759 5288 1886 5358 quia

387 5418 431 5451 "‘
466 5415 590 5472 05:.
631 5419 762 5483 |,H.
794 5414 843 5452 ⁸⁹
880 5419 1025 5474 Psal.
1060 5434 1265 5484 cum,
1296 5419 1344 5482 1,

388 5554 401 5611 (
412 5552 501 5622 50)
525 5552 660 5622 Cod.
679 5554 841 5622 καύτό.

391 5620 504 5693 (40)
546 5620 625 5677 Ita
657 5620 793 5676 Cod.

1998 4269 2257 4334 Ἐζεκίου·
2277 4270 2415 4323 ὥστε
2436 4271 2496 4324 οὐ
2527 4271 2803 4342 πόρρωθεν
2825 4274 2857 4345 ή
2876 4275 3175 4346 πρόρρησις
3198 4270 3264 4344 ἦν
3290 4273 3397 4326 τῶν
3420 4273 3559 4327 κατὰ

1985 4363 2077 4417 τὸν
2106 4360 2353 4426 Ἐζεκίαν
2371 4379 2383 4390 ·
2409 4361 2545 4415 ἀλλὰ
2563 4362 2670 4433 γὰρ
2690 4362 2893 4434 ἐμήνυε
2920 4363 3040 4417 τότε
3076 4362 3168 4416 καὶ
3196 4361 3345 4433 παρὰ
3391 4361 3556 4424 πόδας

1991 4455 2262 4525 ἐλάμϐανε
2273 4454 2370 4529 τὴν
2388 4453 2609 4515 ἔκϐασιν
2625 4453 2860 4519 πάντων,
2883 4458 2933 4508 oi
2949 4456 3059 4523 (40)
3076 4454 3179 4524 πρὸ
3192 4454 3297 4506 τῶν
3315 4451 3562 4522 πραγμά-

1992 4564 2097 4600 των
2135 4546 2234 4616 τῆς
2276 4545 2609 4618 προφητείας
2643 4545 2830 4616 ἐτυχον
2862 4546 3166 4616 δεδεγμένοι
3199 4544 3310 4615 (41)
3356 4543 3557 4615 φωνὴν,

1990 4638 2065 4705 (p.
2100 4637 2227 4708 297)
2280 4636 2508 4706 ἐγγύθεν
2570 4635 2818 4709 ὁρώντων
2866 4638 2963 4707 τὴν
3006 4637 3267 4691 ἔκϐασιν·
3316 4636 3560 4705 ἵν’,οὖτω

1985 4736 2130 4807 δείξῃ
2162 4736 2270 4789 τῶν
2301 4735 2440 4788 κατὰ
2471 4734 2559 4788 τὸν
2599 4714 2842 4797 Ἐζεκίαν
2870 4728 3096 4798 ἐγγύθεν
3119 4724 3303 4787 ὄντων,
3333 4722 3466 4793 πρὸς
3493 4722 3562 4771 τὰ

1989 4825 2081 4879 τοῦ
2118 4824 2419 4895 Ζοροϐάϐελ
2464 4822 2601 4893 μετὰ
2639 4820 2803 4874 πολὺν
2839 4819 2928 4871 τὸν
2961 4817 3149 4888 χρόνον
3187 4812 3437 4880 ἐσόμενα,
3466 4808 3562 4879 τὴν

1992 4918 2305 4987 συγγένειαν
2325 4934 2337 4946 ·
2366 4915 2523 4984 δῆλόν
2549 4931 2607 4966 τε
2636 4913 2701 4965 δι’
2728 4910 3045 4982 ἀμφοτέρων
3071 4907 3271 4977 ποιήσῃ
3312 4904 3448 4974 πόση
3477 4918 3561 4964 τις

1990 5007 2056 5081 ἦν
2080 5010 2177 5080 τῆς
2205 5006 2533 5076 ἐπαγγελίας
2564 5007 2597 5076 ή
2631 5004 2782 5074 ἰσχὺς
2804 5004 2901 5073 τῆς
2928 5002 3096 5064 θείαςο
3127 5001 3218 5069 ἀφ’
3252 4991 3327 5052 ὧν
3354 4998 3412 5050 οὐ
3443 4997 3560 5049 τότε

1995 5101 2152 5172 μόνον
2178 5100 2308 5172 (ὅτε)
2340 5098 2634 5168 τετύχηκεν
2659 5098 2687 5149 6
2715 5095 2928 5166 Ἰσραήλ
2960 5092 3258 5164 ἡγουμένου
3284 5088 3376 5143 τοῦ
3406 5089 3561 5158 Ζορο-

1994 5193 2177 5259 ϐάϐελ,
2202 5193 2336 5247 ἀλλὰ
2362 5193 2454 5245 καὶ
2490 5191 2750 5263 πρότερον
2786 5191 2874 5242 ὅτε
2903 5203 3008 5257 περ
3038 5187 3066 5239 6
3111 5183 3355 5248 Ἐζεκίας
3386 5177 3561 5233 αὐτῶν

1992 5286 2290 5350 ἐϐασίλευε,
2316 5284 2455 5338 κατὰ
2482 5283 2579 5355 τὴν
2605 5279 2933 5351 ἐπαγγελίαν
2972 5278 3070 5347 τὴν
3101 5275 3248 5329 θείαν
3284 5271 3373 5326 καὶ
3399 5267 3557 5347 αὐτὸς

2071 5554 2180 5625 (Η)
2214 5553 2349 5609 Cod.
2383 5555 2577 5624 δεδειγ.
