  <div class='ocr_page' id='page_1' title='image "/cluster/home/n/w/nwhite01/storage/ocr_20150623/66/mdp.39015008467477/196.png"; bbox 0 0 3966 6134; ppageno 0'>
   <div class='ocr_carea' id='block_1_1' title="bbox 221 261 332 314">
    <p class='ocr_par' dir='ltr' id='par_1_1' title="bbox 221 261 332 314">
     <span class='ocr_line' id='line_1_1' title="bbox 221 261 332 314; baseline -0.009 0"><span class='ocrx_word' id='word_1_1' title='bbox 221 261 332 314; x_wconf 75' lang='grc'><strong>57³1</strong></span> 
     </span>
    </p>
   </div>
   <div class='ocr_carea' id='block_1_2' title="bbox 1175 261 2469 324">
    <p class='ocr_par' dir='ltr' id='par_1_2' title="bbox 1175 261 2469 324">
     <span class='ocr_line' id='line_1_2' title="bbox 1175 261 2469 324; baseline 0.004 -6"><span class='ocrx_word' id='word_1_2' title='bbox 1175 261 1724 321; x_wconf 68' lang='lat' dir='ltr'><strong>COMMENTARIUS</strong></span> <span class='ocrx_word' id='word_1_3' title='bbox 1762 264 1830 319; x_wconf 86' lang='lat' dir='ltr'><strong>IN</strong></span> <span class='ocrx_word' id='word_1_4' title='bbox 1869 263 2180 321; x_wconf 66' lang='lat' dir='ltr'><strong>MICIM‘IE</strong></span> <span class='ocrx_word' id='word_1_5' title='bbox 2214 263 2366 321; x_wconf 76' lang='lat' dir='ltr'><strong>CAP.</strong></span> <span class='ocrx_word' id='word_1_6' title='bbox 2407 265 2469 324; x_wconf 73' lang='grc' dir='ltr'>ν.</span> 
     </span>
    </p>
   </div>
   <div class='ocr_carea' id='block_1_3' title="bbox 3390 277 3494 336">
    <p class='ocr_par' dir='ltr' id='par_1_3' title="bbox 3390 277 3494 336">
     <span class='ocr_line' id='line_1_3' title="bbox 3390 277 3494 336; baseline 0.019 -2"><span class='ocrx_word' id='word_1_7' title='bbox 3390 277 3494 336; x_wconf 68' lang='lat'><strong>7-73</strong></span> 
     </span>
    </p>
   </div>
   <div class='ocr_carea' id='block_1_4' title="bbox 227 376 1835 460">
    <p class='ocr_par' dir='ltr' id='par_1_4' title="bbox 227 376 1820 454">
     <span class='ocr_line' id='line_1_4' title="bbox 227 376 1820 454; baseline 0.001 -19"><span class='ocrx_word' id='word_1_8' title='bbox 227 384 314 444; x_wconf 79' lang='grc' dir='ltr'><strong>είς</strong></span> <span class='ocrx_word' id='word_1_9' title='bbox 339 382 439 452; x_wconf 78' lang='grc' dir='ltr'><strong>τήν</strong></span> <span class='ocrx_word' id='word_1_10' title='bbox 464 379 637 451; x_wconf 78' lang='grc' dir='ltr'>ἀρχὴν</span> <span class='ocrx_word' id='word_1_11' title='bbox 665 376 981 452; x_wconf 78' lang='grc' dir='ltr'>παρελθὼν,</span> <span class='ocrx_word' id='word_1_12' title='bbox 1021 382 1381 454; x_wconf 82' lang='grc' dir='ltr'>στρατοπέδου</span> <span class='ocrx_word' id='word_1_13' title='bbox 1417 383 1516 453; x_wconf 81' lang='grc' dir='ltr'>μὲν</span> <span class='ocrx_word' id='word_1_14' title='bbox 1558 383 1820 453; x_wconf 77' lang='grc' dir='ltr'>ἐπεληλυ-</span> 
     </span>
    </p>
   </div>
   <div class='ocr_carea' id='block_1_5' title="bbox 1935 376 3491 460">
    <p class='ocr_par' dir='ltr' id='par_1_5' title="bbox 1935 385 3491 460">
     <span class='ocr_line' id='line_1_5' title="bbox 1935 385 3491 460; baseline 0.007 -22"><span class='ocrx_word' id='word_1_15' title='bbox 1935 386 2166 440; x_wconf 76' lang='lat' dir='ltr'><strong>jivinnm</strong></span> <span class='ocrx_word' id='word_1_16' title='bbox 2201 387 2387 440; x_wconf 88' lang='lat' dir='ltr'><strong>aderat</strong></span> <span class='ocrx_word' id='word_1_17' title='bbox 2423 385 2581 456; x_wconf 80' lang='lat'><strong>195</strong></span> <span class='ocrx_word' id='word_1_18' title='bbox 2609 387 2870 442; x_wconf 81' lang='lat' dir='ltr'><strong>auxilium</strong></span> <span class='ocrx_word' id='word_1_19' title='bbox 2899 389 2946 444; x_wconf 88' lang='lat' dir='ltr'><strong>ei</strong></span> <span class='ocrx_word' id='word_1_20' title='bbox 2997 388 3092 459; x_wconf 88' lang='lat' dir='ltr'><strong>qui</strong></span> <span class='ocrx_word' id='word_1_21' title='bbox 3125 405 3190 445; x_wconf 83' lang='lat' dir='ltr'><strong>ex</strong></span> <span class='ocrx_word' id='word_1_22' title='bbox 3220 387 3315 445; x_wconf 86' lang='lat' dir='ltr'><strong>Dei</strong></span> <span class='ocrx_word' id='word_1_23' title='bbox 3366 407 3491 460; x_wconf 78' lang='lat' dir='ltr'><strong>pru-</strong></span> 
     </span>
    </p>
   </div>
   <div class='ocr_carea' id='block_1_6' title="bbox 230 469 1822 546">
    <p class='ocr_par' dir='ltr' id='par_1_6' title="bbox 230 469 1822 546">
     <span class='ocr_line' id='line_1_6' title="bbox 230 469 1822 546; baseline 0.003 -23"><span class='ocrx_word' id='word_1_24' title='bbox 230 472 386 533; x_wconf 66' lang='grc' dir='ltr'>ϐάτος</span> <span class='ocrx_word' id='word_1_25' title='bbox 413 469 661 524; x_wconf 74' lang='grc' dir='ltr'><strong>τοσούτου</strong></span> <span class='ocrx_word' id='word_1_26' title='bbox 692 473 761 542; x_wconf 81' lang='grc' dir='ltr'><strong>τῇ</strong></span> <span class='ocrx_word' id='word_1_27' title='bbox 799 472 1178 543; x_wconf 82' lang='grc' dir='ltr'>Ἰερουσαλὴμ,</span> <span class='ocrx_word' id='word_1_28' title='bbox 1199 471 1392 527; x_wconf 79' lang='grc' dir='ltr'>ἀνῦσαι</span> <span class='ocrx_word' id='word_1_29' title='bbox 1417 474 1474 527; x_wconf 84' lang='grc' dir='ltr'>δὲ</span> <span class='ocrx_word' id='word_1_30' title='bbox 1503 475 1822 546; x_wconf 78' lang='grc' dir='ltr'><strong>δυνηθέντος</strong></span> 
     </span>
    </p>
   </div>
   <div class='ocr_carea' id='block_1_7' title="bbox 233 561 1822 637">
    <p class='ocr_par' dir='ltr' id='par_1_7' title="bbox 233 561 1822 637">
     <span class='ocr_line' id='line_1_7' title="bbox 233 561 1822 637; baseline 0.001 -20"><span class='ocrx_word' id='word_1_31' title='bbox 233 563 408 627; x_wconf 64' lang='grc' dir='ltr'>οὐδὲν,</span> <span class='ocrx_word' id='word_1_32' title='bbox 437 561 521 615; x_wconf 76' lang='grc' dir='ltr'><strong>διὰ</strong></span> <span class='ocrx_word' id='word_1_33' title='bbox 554 563 613 616; x_wconf 74' lang='grc' dir='ltr'>τὸ</span> <span class='ocrx_word' id='word_1_34' title='bbox 639 563 742 633; x_wconf 80' lang='grc' dir='ltr'>τὴν</span> <span class='ocrx_word' id='word_1_35' title='bbox 773 563 928 616; x_wconf 81' lang='grc' dir='ltr'>Θείαν</span> <span class='ocrx_word' id='word_1_36' title='bbox 956 567 1232 635; x_wconf 84' lang='grc' dir='ltr'>προσεῖναι</span> <span class='ocrx_word' id='word_1_37' title='bbox 1267 567 1437 637; x_wconf 78' lang='grc' dir='ltr'>ῥοπὴν</span> <span class='ocrx_word' id='word_1_38' title='bbox 1457 563 1534 636; x_wconf 86' lang='grc' dir='ltr'>τῷ</span> <span class='ocrx_word' id='word_1_39' title='bbox 1563 566 1700 618; x_wconf 85' lang='grc' dir='ltr'><strong>κατά</strong></span> <span class='ocrx_word' id='word_1_40' title='bbox 1724 565 1822 636; x_wconf 77' lang='grc' dir='ltr'>τὴν</span> 
     </span>
    </p>
   </div>
   <div class='ocr_carea' id='block_1_8' title="bbox 236 651 1819 726">
    <p class='ocr_par' dir='ltr' id='par_1_8' title="bbox 236 651 1819 726">
     <span class='ocr_line' id='line_1_8' title="bbox 236 651 1819 726; baseline 0.001 -20"><span class='ocrx_word' id='word_1_41' title='bbox 236 653 566 722; x_wconf 68' lang='grc' dir='ltr'><strong>ἐπαγγελίαν</strong></span> <span class='ocrx_word' id='word_1_42' title='bbox 576 651 671 705; x_wconf 78' lang='grc' dir='ltr'>τοῦ</span> <span class='ocrx_word' id='word_1_43' title='bbox 691 652 833 706; x_wconf 84' lang='grc' dir='ltr'>Θεοῦ</span> <span class='ocrx_word' id='word_1_44' title='bbox 851 654 953 724; x_wconf 79' lang='grc' dir='ltr'><strong>τήν</strong></span> <span class='ocrx_word' id='word_1_45' title='bbox 977 653 1250 723; x_wconf 83' lang='grc' dir='ltr'>βασιλείαν</span> <span class='ocrx_word' id='word_1_46' title='bbox 1270 653 1446 724; x_wconf 80' lang='grc' dir='ltr'>ἔχοντι</span> <span class='ocrx_word' id='word_1_47' title='bbox 1468 655 1559 708; x_wconf 85' lang='grc' dir='ltr'>τοῦ</span> <span class='ocrx_word' id='word_1_48' title='bbox 1585 656 1819 726; x_wconf 72' lang='grc' dir='ltr'>Ἰσραήλο</span> 
     </span>
    </p>
   </div>
   <div class='ocr_carea' id='block_1_9' title="bbox 240 744 1822 815">
    <p class='ocr_par' dir='ltr' id='par_1_9' title="bbox 240 744 1822 815">
     <span class='ocr_line' id='line_1_9' title="bbox 240 744 1822 815; baseline 0.001 -17"><span class='ocrx_word' id='word_1_49' title='bbox 240 746 418 798; x_wconf 81' lang='grc' dir='ltr'>καίτοι</span> <span class='ocrx_word' id='word_1_50' title='bbox 446 761 508 812; x_wconf 87' lang='grc' dir='ltr'><strong>γε</strong></span> <span class='ocrx_word' id='word_1_51' title='bbox 537 744 634 813; x_wconf 78' lang='grc' dir='ltr'>τῆς</span> <span class='ocrx_word' id='word_1_52' title='bbox 662 745 773 799; x_wconf 85' lang='grc' dir='ltr'><strong>τῶν</strong></span> <span class='ocrx_word' id='word_1_53' title='bbox 808 745 939 798; x_wconf 75' lang='grc' dir='ltr'>δέκα</span> <span class='ocrx_word' id='word_1_54' title='bbox 979 745 1156 814; x_wconf 62' lang='grc' dir='ltr'>φυλῶν</span> <span class='ocrx_word' id='word_1_55' title='bbox 1191 745 1464 815; x_wconf 83' lang='grc' dir='ltr'>βασιλείας</span> <span class='ocrx_word' id='word_1_56' title='bbox 1495 747 1543 798; x_wconf 73' lang='lat' dir='ltr'><strong>oi</strong></span> <span class='ocrx_word' id='word_1_57' title='bbox 1579 746 1732 800; x_wconf 82' lang='grc' dir='ltr'>αὐτοί</span> <span class='ocrx_word' id='word_1_58' title='bbox 1757 762 1822 814; x_wconf 84' lang='grc' dir='ltr'><strong>γε</strong></span> 
     </span>
    </p>
   </div>
   <div class='ocr_carea' id='block_1_10' title="bbox 244 833 1828 906">
    <p class='ocr_par' dir='ltr' id='par_1_10' title="bbox 244 833 1828 906">
     <span class='ocr_line' id='line_1_10' title="bbox 244 833 1828 906; baseline 0.001 -20"><span class='ocrx_word' id='word_1_59' title='bbox 244 835 379 903; x_wconf 72' lang='grc' dir='ltr'>μετὰ</span> <span class='ocrx_word' id='word_1_60' title='bbox 414 834 615 904; x_wconf 82' lang='grc' dir='ltr'>πολλῆς</span> <span class='ocrx_word' id='word_1_61' title='bbox 661 835 1036 906; x_wconf 80' lang='grc' dir='ltr'><strong>κεκρατήκασι</strong></span> <span class='ocrx_word' id='word_1_62' title='bbox 1074 835 1174 905; x_wconf 78' lang='grc' dir='ltr'>τῆς</span> <span class='ocrx_word' id='word_1_63' title='bbox 1221 835 1536 906; x_wconf 85' lang='grc' dir='ltr'>εὐμαρείας,</span> <span class='ocrx_word' id='word_1_64' title='bbox 1593 833 1641 888; x_wconf 80' lang='grc' dir='ltr'>οἶ</span> <span class='ocrx_word' id='word_1_65' title='bbox 1689 835 1828 906; x_wconf 83' lang='grc' dir='ltr'><strong>μετά</strong></span> 
     </span>
    </p>
   </div>
   <div class='ocr_carea' id='block_1_11' title="bbox 238 924 1828 996">
    <p class='ocr_par' dir='ltr' id='par_1_11' title="bbox 238 924 1828 996">
     <span class='ocr_line' id='line_1_11' title="bbox 238 924 1828 996; baseline 0.001 -20"><span class='ocrx_word' id='word_1_66' title='bbox 238 929 336 994; x_wconf 78' lang='grc' dir='ltr'>τὴν</span> <span class='ocrx_word' id='word_1_67' title='bbox 379 925 502 976; x_wconf 84' lang='grc' dir='ltr'>κατ’</span> <span class='ocrx_word' id='word_1_68' title='bbox 550 925 773 978; x_wconf 73' lang='grc' dir='ltr'>ἐκείνοιν</span> <span class='ocrx_word' id='word_1_69' title='bbox 815 925 971 996; x_wconf 88' lang='grc' dir='ltr'>νίκην</span> <span class='ocrx_word' id='word_1_70' title='bbox 1017 924 1404 994; x_wconf 79' lang='grc' dir='ltr'><strong>ἐπεληλυθότες</strong></span> <span class='ocrx_word' id='word_1_71' title='bbox 1445 927 1510 996; x_wconf 77' lang='grc' dir='ltr'><strong>τῇ</strong></span> <span class='ocrx_word' id='word_1_72' title='bbox 1559 925 1828 995; x_wconf 78' lang='grc' dir='ltr'>Ἰερουσα-</span> 
     </span>
    </p>
   </div>
   <div class='ocr_carea' id='block_1_12' title="bbox 239 1015 1827 1088">
    <p class='ocr_par' dir='ltr' id='par_1_12' title="bbox 239 1015 1827 1088">
     <span class='ocr_line' id='line_1_12' title="bbox 239 1015 1827 1088; baseline 0.001 -20"><span class='ocrx_word' id='word_1_73' title='bbox 239 1016 367 1085; x_wconf 77' lang='grc' dir='ltr'>ὶὴμ,</span> <span class='ocrx_word' id='word_1_74' title='bbox 408 1015 674 1086; x_wconf 84' lang='grc' dir='ltr'>μεγίστην</span> <span class='ocrx_word' id='word_1_75' title='bbox 700 1019 766 1070; x_wconf 83' lang='grc' dir='ltr'>ὲκ</span> <span class='ocrx_word' id='word_1_76' title='bbox 795 1016 894 1086; x_wconf 85' lang='grc' dir='ltr'>τῆς</span> <span class='ocrx_word' id='word_1_77' title='bbox 925 1017 1016 1070; x_wconf 75' lang='grc' dir='ltr'><strong>τοῦ</strong></span> <span class='ocrx_word' id='word_1_78' title='bbox 1059 1015 1290 1086; x_wconf 77' lang='grc' dir='ltr'><strong>ἀγγέλου</strong></span> <span class='ocrx_word' id='word_1_79' title='bbox 1329 1017 1540 1088; x_wconf 82' lang='grc' dir='ltr'><strong>πληγῆς</strong></span> <span class='ocrx_word' id='word_1_80' title='bbox 1580 1016 1827 1081; x_wconf 78' lang='grc' dir='ltr'>ἐδέξαντο</span> 
     </span>
    </p>
   </div>
   <div class='ocr_carea' id='block_1_13' title="bbox 243 1107 1827 1180">
    <p class='ocr_par' dir='ltr' id='par_1_13' title="bbox 243 1107 1827 1180">
     <span class='ocr_line' id='line_1_13' title="bbox 243 1107 1827 1180; baseline 0 -20"><span class='ocrx_word' id='word_1_81' title='bbox 243 1107 336 1178; x_wconf 77' lang='grc' dir='ltr'>τὴν</span> <span class='ocrx_word' id='word_1_82' title='bbox 362 1109 654 1178; x_wconf 78' lang='grc' dir='ltr'>τιμωρίαν.</span> <span class='ocrx_word' id='word_1_83' title='bbox 688 1107 940 1162; x_wconf 65' lang='grc' dir='ltr'><strong>⁴Ιδαίνεται</strong></span> <span class='ocrx_word' id='word_1_84' title='bbox 983 1109 1088 1180; x_wconf 80' lang='grc' dir='ltr'><strong>γὰρ</strong></span> <span class='ocrx_word' id='word_1_85' title='bbox 1129 1108 1224 1160; x_wconf 76' lang='grc' dir='ltr'>καὶ</span> <span class='ocrx_word' id='word_1_86' title='bbox 1248 1110 1306 1160; x_wconf 78' lang='grc' dir='ltr'>ἐν</span> <span class='ocrx_word' id='word_1_87' title='bbox 1341 1107 1568 1170; x_wconf 75' lang='grc' dir='ltr'>ἐκείνοις</span> <span class='ocrx_word' id='word_1_88' title='bbox 1592 1107 1765 1174; x_wconf 82' lang='grc' dir='ltr'>λέγων</span> <span class='ocrx_word' id='word_1_89' title='bbox 1798 1109 1827 1160; x_wconf 84' lang='grc' dir='ltr'><em>ὁ</em></span> 
     </span>
    </p>
   </div>
   <div class='ocr_carea' id='block_1_14' title="bbox 243 1183 1824 1269">
    <p class='ocr_par' dir='ltr' id='par_1_14' title="bbox 243 1183 1824 1269">
     <span class='ocr_line' id='line_1_14' title="bbox 243 1183 1824 1269; baseline -0.001 -18"><span class='ocrx_word' id='word_1_90' title='bbox 243 1199 394 1262; x_wconf 75' lang='grc' dir='ltr'>Θεὸς,</span> <span class='ocrx_word' id='word_1_91' title='bbox 427 1183 511 1251; x_wconf 72' lang='grc' dir='ltr'><strong>ὃτὶ</strong></span> <span class='ocrx_word' id='word_1_92' title='bbox 560 1199 912 1269; x_wconf 84' lang='grc' dir='ltr'>’Υπερασπιῶ</span> <span class='ocrx_word' id='word_1_93' title='bbox 949 1199 1045 1269; x_wconf 86' lang='grc' dir='ltr'>τῆς</span> <span class='ocrx_word' id='word_1_94' title='bbox 1070 1199 1275 1262; x_wconf 88' lang='grc' dir='ltr'>πόλεως</span> <span class='ocrx_word' id='word_1_95' title='bbox 1288 1199 1488 1268; x_wconf 80' lang='grc' dir='ltr'>ταύτης</span> <span class='ocrx_word' id='word_1_96' title='bbox 1520 1197 1588 1250; x_wconf 75' lang='grc' dir='ltr'>δι’</span> <span class='ocrx_word' id='word_1_97' title='bbox 1615 1198 1824 1267; x_wconf 74' lang='grc' dir='ltr'>ὲμὲκαὶ</span> 
     </span>
    </p>
   </div>
   <div class='ocr_carea' id='block_1_15' title="bbox 243 1287 1827 1360">
    <p class='ocr_par' dir='ltr' id='par_1_15' title="bbox 243 1287 1827 1360">
     <span class='ocr_line' id='line_1_15' title="bbox 243 1287 1827 1360; baseline -0.003 -17"><span class='ocrx_word' id='word_1_98' title='bbox 243 1288 327 1343; x_wconf 73' lang='grc' dir='ltr'>διὰ</span> <span class='ocrx_word' id='word_1_99' title='bbox 355 1289 523 1342; x_wconf 68' lang='lat' dir='ltr'><strong>Auni?)</strong></span> <span class='ocrx_word' id='word_1_100' title='bbox 561 1288 656 1342; x_wconf 77' lang='grc' dir='ltr'><strong>τὸν</strong></span> <span class='ocrx_word' id='word_1_101' title='bbox 683 1287 869 1343; x_wconf 81' lang='grc' dir='ltr'>δοῦλόν</span> <span class='ocrx_word' id='word_1_102' title='bbox 907 1306 1040 1360; x_wconf 84' lang='grc' dir='ltr'>μου·</span> <span class='ocrx_word' id='word_1_103' title='bbox 1073 1289 1286 1352; x_wconf 83' lang='grc' dir='ltr'>δεικνὺς</span> <span class='ocrx_word' id='word_1_104' title='bbox 1324 1290 1407 1342; x_wconf 82' lang='grc' dir='ltr'>ὅτι</span> <span class='ocrx_word' id='word_1_105' title='bbox 1445 1288 1552 1340; x_wconf 79' lang='grc' dir='ltr'>τῶν</span> <span class='ocrx_word' id='word_1_106' title='bbox 1591 1290 1827 1356; x_wconf 80' lang='grc' dir='ltr'>ἐπαγγε-</span> 
     </span>
    </p>
   </div>
   <div class='ocr_carea' id='block_1_16' title="bbox 1931 473 3495 548">
    <p class='ocr_par' dir='ltr' id='par_1_16' title="bbox 1931 473 3495 548">
     <span class='ocr_line' id='line_1_16' title="bbox 1931 473 3495 548; baseline 0.004 -21"><span class='ocrx_word' id='word_1_107' title='bbox 1931 474 2191 528; x_wconf 89' lang='lat' dir='ltr'><strong>missione</strong></span> <span class='ocrx_word' id='word_1_108' title='bbox 2219 489 2444 545; x_wconf 82' lang='lat' dir='ltr'><strong>regnum</strong></span> <span class='ocrx_word' id='word_1_109' title='bbox 2475 473 2690 530; x_wconf 83' lang='lat' dir='ltr'><strong>Israelis</strong></span> <span class='ocrx_word' id='word_1_110' title='bbox 2729 477 2967 531; x_wconf 89' lang='lat' dir='ltr'><strong>tenebat.</strong></span> <span class='ocrx_word' id='word_1_111' title='bbox 2999 477 3324 548; x_wconf 86' lang='lat' dir='ltr'><strong>Quanquam</strong></span> <span class='ocrx_word' id='word_1_112' title='bbox 3365 495 3495 534; x_wconf 92' lang='lat' dir='ltr'><strong>vero</strong></span> 
     </span>
    </p>
   </div>
   <div class='ocr_carea' id='block_1_17' title="bbox 1929 563 3497 639">
    <p class='ocr_par' dir='ltr' id='par_1_17' title="bbox 1929 563 3497 639">
     <span class='ocr_line' id='line_1_17' title="bbox 1929 563 3497 639; baseline 0.003 -21"><span class='ocrx_word' id='word_1_113' title='bbox 1929 564 2096 618; x_wconf 89' lang='lat' dir='ltr'><strong>iidem</strong></span> <span class='ocrx_word' id='word_1_114' title='bbox 2146 565 2333 620; x_wconf 89' lang='lat' dir='ltr'><strong>hostes</strong></span> <span class='ocrx_word' id='word_1_115' title='bbox 2383 563 2570 620; x_wconf 81' lang='lat' dir='ltr'><strong>deCem</strong></span> <span class='ocrx_word' id='word_1_116' title='bbox 2623 567 2865 620; x_wconf 88' lang='lat' dir='ltr'><strong>tribuum</strong></span> <span class='ocrx_word' id='word_1_117' title='bbox 2919 582 3145 639; x_wconf 77' lang='lat' dir='ltr'><strong>regnum</strong></span> <span class='ocrx_word' id='word_1_118' title='bbox 3193 578 3300 622; x_wconf 87' lang='lat' dir='ltr'><strong>tam</strong></span> <span class='ocrx_word' id='word_1_119' title='bbox 3337 569 3497 624; x_wconf 79' lang='lat' dir='ltr'><strong>facile</strong></span> 
     </span>
    </p>
   </div>
   <div class='ocr_carea' id='block_1_18' title="bbox 1930 653 3560 729">
    <p class='ocr_par' dir='ltr' id='par_1_18' title="bbox 1930 653 3560 729">
     <span class='ocr_line' id='line_1_18' title="bbox 1930 653 3560 729; baseline 0.005 -21"><span class='ocrx_word' id='word_1_120' title='bbox 1930 653 2388 724; x_wconf 87' lang='lat' dir='ltr'><strong>snbjugaverant,</strong></span> <span class='ocrx_word' id='word_1_121' title='bbox 2425 657 2784 713; x_wconf 87' lang='lat' dir='ltr'><strong>nihilominus</strong></span> <span class='ocrx_word' id='word_1_122' title='bbox 2825 673 2948 712; x_wconf 91' lang='lat' dir='ltr'><strong>curn</strong></span> <span class='ocrx_word' id='word_1_123' title='bbox 2990 666 3112 729; x_wconf 90' lang='lat' dir='ltr'><strong>post</strong></span> <span class='ocrx_word' id='word_1_124' title='bbox 3145 658 3288 714; x_wconf 83' lang='lat' dir='ltr'><strong>illam</strong></span> <span class='ocrx_word' id='word_1_125' title='bbox 3323 661 3495 715; x_wconf 84' lang='lat' dir='ltr'><strong>victo-</strong></span> <span class='ocrx_word' id='word_1_126' title='bbox 3550 681 3560 693; x_wconf 88' lang='grc'><strong>·</strong></span> 
     </span>
    </p>
   </div>
   <div class='ocr_carea' id='block_1_19' title="bbox 1929 745 3495 822">
    <p class='ocr_par' dir='ltr' id='par_1_19' title="bbox 1929 745 3495 822">
     <span class='ocr_line' id='line_1_19' title="bbox 1929 745 3495 822; baseline 0.004 -23"><span class='ocrx_word' id='word_1_127' title='bbox 1929 746 2067 799; x_wconf 89' lang='lat' dir='ltr'><strong>riam</strong></span> <span class='ocrx_word' id='word_1_128' title='bbox 2105 745 2406 801; x_wconf 79' lang='lat' dir='ltr'><strong>Jerusalem</strong></span> <span class='ocrx_word' id='word_1_129' title='bbox 2448 750 2654 816; x_wconf 85' lang='lat' dir='ltr'><strong>agressi</strong></span> <span class='ocrx_word' id='word_1_130' title='bbox 2686 761 2872 804; x_wconf 89' lang='lat' dir='ltr'><strong>essent</strong></span> <span class='ocrx_word' id='word_1_131' title='bbox 2902 791 2916 813; x_wconf 91' lang='lat'><strong>,</strong></span> <span class='ocrx_word' id='word_1_132' title='bbox 2953 751 3024 804; x_wconf 89' lang='lat' dir='ltr'><strong>ab</strong></span> <span class='ocrx_word' id='word_1_133' title='bbox 3067 752 3256 822; x_wconf 75' lang='lat' dir='ltr'><strong>angelo</strong></span> <span class='ocrx_word' id='word_1_134' title='bbox 3287 750 3495 806; x_wconf 80' lang='lat' dir='ltr'><strong>cladem</strong></span> 
     </span>
    </p>
   </div>
   <div class='ocr_carea' id='block_1_20' title="bbox 1923 836 3497 912">
    <p class='ocr_par' dir='ltr' id='par_1_20' title="bbox 1923 836 3497 912">
     <span class='ocr_line' id='line_1_20' title="bbox 1923 836 3497 912; baseline 0.006 -24"><span class='ocrx_word' id='word_1_135' title='bbox 1923 836 2071 906; x_wconf 87' lang='lat' dir='ltr'><strong>passi</strong></span> <span class='ocrx_word' id='word_1_136' title='bbox 2108 847 2254 892; x_wconf 88' lang='lat' dir='ltr'><strong>sunt.</strong></span> <span class='ocrx_word' id='word_1_137' title='bbox 2288 838 2635 904; x_wconf 73' lang='lat' dir='ltr'><strong>Exploratum</strong></span> <span class='ocrx_word' id='word_1_138' title='bbox 2679 849 2764 896; x_wconf 84' lang='lat' dir='ltr'><strong>est</strong></span> <span class='ocrx_word' id='word_1_139' title='bbox 2793 842 2939 896; x_wconf 91' lang='lat' dir='ltr'><strong>enim</strong></span> <span class='ocrx_word' id='word_1_140' title='bbox 2984 849 3118 897; x_wconf 91' lang='lat' dir='ltr'><strong>tunc</strong></span> <span class='ocrx_word' id='word_1_141' title='bbox 3161 859 3381 912; x_wconf 89' lang='lat' dir='ltr'><strong>quoqtte</strong></span> <span class='ocrx_word' id='word_1_142' title='bbox 3414 843 3497 897; x_wconf 91' lang='lat' dir='ltr'><strong>di-</strong></span> 
     </span>
    </p>
   </div>
   <div class='ocr_carea' id='block_1_21' title="bbox 1922 927 3498 1004">
    <p class='ocr_par' dir='ltr' id='par_1_21' title="bbox 1922 927 3498 1004">
     <span class='ocr_line' id='line_1_21' title="bbox 1922 927 3498 1004; baseline 0.004 -23"><span class='ocrx_word' id='word_1_143' title='bbox 1922 927 2069 982; x_wconf 77' lang='lat' dir='ltr'><strong>xisse</strong></span> <span class='ocrx_word' id='word_1_144' title='bbox 2096 927 2303 983; x_wconf 88' lang='lat' dir='ltr'><strong>Deum:</strong></span> <span class='ocrx_word' id='word_1_145' title='bbox 2340 929 2538 985; x_wconf 84' lang='lat' dir='ltr'><strong>Urbem</strong></span> <span class='ocrx_word' id='word_1_146' title='bbox 2569 931 2708 985; x_wconf 88' lang='lat' dir='ltr'><strong>hanc</strong></span> <span class='ocrx_word' id='word_1_147' title='bbox 2741 941 2796 986; x_wconf 92' lang='lat' dir='ltr'><strong>et</strong></span> <span class='ocrx_word' id='word_1_148' title='bbox 2825 945 3049 1002; x_wconf 78' lang='lat' dir='ltr'><strong>propter</strong></span> <span class='ocrx_word' id='word_1_149' title='bbox 3081 950 3169 988; x_wconf 92' lang='lat' dir='ltr'><strong>me</strong></span> <span class='ocrx_word' id='word_1_150' title='bbox 3192 943 3247 988; x_wconf 90' lang='lat' dir='ltr'><strong>et</strong></span> <span class='ocrx_word' id='word_1_151' title='bbox 3279 942 3498 1004; x_wconf 86' lang='lat' dir='ltr'><strong>propter</strong></span> 
     </span>
    </p>
   </div>
   <div class='ocr_carea' id='block_1_22' title="bbox 1924 1015 3496 1098">
    <p class='ocr_par' dir='ltr' id='par_1_22' title="bbox 1924 1015 3496 1098">
     <span class='ocr_line' id='line_1_22' title="bbox 1924 1015 3496 1098; baseline 0.008 -28"><span class='ocrx_word' id='word_1_152' title='bbox 1924 1015 2182 1073; x_wconf 88' lang='lat' dir='ltr'><strong>Davidem</strong></span> <span class='ocrx_word' id='word_1_153' title='bbox 2237 1036 2454 1076; x_wconf 85' lang='lat' dir='ltr'><strong>servum</strong></span> <span class='ocrx_word' id='word_1_154' title='bbox 2504 1039 2682 1098; x_wconf 80' lang='lat' dir='ltr'><strong>meum</strong></span> <span class='ocrx_word' id='word_1_155' title='bbox 2722 1022 3052 1091; x_wconf 85' lang='lat' dir='ltr'><strong>defendam;</strong></span> <span class='ocrx_word' id='word_1_156' title='bbox 3089 1026 3496 1090; x_wconf 80' lang='lat' dir='ltr'><strong>demonstrans,</strong></span> 
     </span>
    </p>
   </div>
   <div class='ocr_carea' id='block_1_23' title="bbox 1923 1104 3501 1184">
    <p class='ocr_par' dir='ltr' id='par_1_23' title="bbox 1923 1104 3501 1184">
     <span class='ocr_line' id='line_1_23' title="bbox 1923 1104 3501 1184; baseline 0.006 -26"><span class='ocrx_word' id='word_1_157' title='bbox 1923 1104 2068 1176; x_wconf 90' lang='lat' dir='ltr'><strong>quod</strong></span> <span class='ocrx_word' id='word_1_158' title='bbox 2129 1110 2528 1177; x_wconf 85' lang='lat' dir='ltr'><strong>promissorum</strong></span> <span class='ocrx_word' id='word_1_159' title='bbox 2569 1109 2756 1166; x_wconf 86' lang='lat' dir='ltr'><strong>Davidi</strong></span> <span class='ocrx_word' id='word_1_160' title='bbox 2815 1128 3052 1176; x_wconf 88' lang='lat' dir='ltr'><strong>memor,</strong></span> <span class='ocrx_word' id='word_1_161' title='bbox 3087 1129 3234 1168; x_wconf 90' lang='lat' dir='ltr'><strong>nunc</strong></span> <span class='ocrx_word' id='word_1_162' title='bbox 3283 1130 3501 1184; x_wconf 87' lang='lat' dir='ltr'><strong>quoque</strong></span> 
     </span>
    </p>
   </div>
   <div class='ocr_carea' id='block_1_24' title="bbox 1931 1197 3501 1276">
    <p class='ocr_par' dir='ltr' id='par_1_24' title="bbox 1931 1197 3501 1276">
     <span class='ocr_line' id='line_1_24' title="bbox 1931 1197 3501 1276; baseline 0.006 -25"><span class='ocrx_word' id='word_1_163' title='bbox 1931 1197 2070 1252; x_wconf 90' lang='lat' dir='ltr'><strong>idem</strong></span> <span class='ocrx_word' id='word_1_164' title='bbox 2105 1201 2384 1269; x_wconf 59' lang='lat' dir='ltr'><strong>praestabit</strong></span> <span class='ocrx_word' id='word_1_165' title='bbox 2405 1243 2420 1268; x_wconf 88' lang='lat'><strong>,</strong></span> <span class='ocrx_word' id='word_1_166' title='bbox 2452 1217 2610 1270; x_wconf 87' lang='lat' dir='ltr'><strong>opem</strong></span> <span class='ocrx_word' id='word_1_167' title='bbox 2639 1203 2885 1272; x_wconf 61' lang='lat' dir='ltr'><strong>praebens</strong></span> <span class='ocrx_word' id='word_1_168' title='bbox 2915 1219 3139 1276; x_wconf 83' lang='lat' dir='ltr'><strong>regnum</strong></span> <span class='ocrx_word' id='word_1_169' title='bbox 3169 1203 3386 1260; x_wconf 87' lang='lat' dir='ltr'><strong>lsraelis</strong></span> <span class='ocrx_word' id='word_1_170' title='bbox 3421 1215 3501 1260; x_wconf 85' lang='lat' dir='ltr'><strong>te~</strong></span> 
     </span>
    </p>
   </div>
   <div class='ocr_carea' id='block_1_25' title="bbox 1932 1289 2555 1353">
    <p class='ocr_par' dir='ltr' id='par_1_25' title="bbox 1932 1289 2555 1353">
     <span class='ocr_line' id='line_1_25' title="bbox 1932 1289 2555 1353; baseline 0.008 -12"><span class='ocrx_word' id='word_1_171' title='bbox 1932 1289 2104 1353; x_wconf 90' lang='lat' dir='ltr'><strong>nenti,</strong></span> <span class='ocrx_word' id='word_1_172' title='bbox 2130 1291 2182 1344; x_wconf 91' lang='lat' dir='ltr'><strong>id</strong></span> <span class='ocrx_word' id='word_1_173' title='bbox 2213 1299 2298 1345; x_wconf 90' lang='lat' dir='ltr'><strong>est</strong></span> <span class='ocrx_word' id='word_1_174' title='bbox 2329 1291 2555 1346; x_wconf 75' lang='lat' dir='ltr'><strong>Ezeciae.‘</strong></span> 
     </span>
    </p>
   </div>
   <div class='ocr_carea' id='block_1_26' title="bbox 243 1379 3498 1456">
    <p class='ocr_par' dir='ltr' id='par_1_26' title="bbox 243 1379 3498 1456">
     <span class='ocr_line' id='line_1_26' title="bbox 243 1379 3498 1456; baseline 0.001 -21"><span class='ocrx_word' id='word_1_175' title='bbox 243 1384 371 1436; x_wconf 82' lang='grc' dir='ltr'>λιῶν</span> <span class='ocrx_word' id='word_1_176' title='bbox 395 1381 503 1436; x_wconf 83' lang='grc' dir='ltr'><strong>τῶν</strong></span> <span class='ocrx_word' id='word_1_177' title='bbox 529 1383 665 1452; x_wconf 80' lang='grc' dir='ltr'>πρὸς</span> <span class='ocrx_word' id='word_1_178' title='bbox 694 1385 898 1436; x_wconf 74' lang='grc' dir='ltr'>ἐκεῖνον</span> <span class='ocrx_word' id='word_1_179' title='bbox 933 1383 1290 1454; x_wconf 80' lang='grc' dir='ltr'>μεμνημένος,</span> <span class='ocrx_word' id='word_1_180' title='bbox 1310 1383 1402 1436; x_wconf 77' lang='grc' dir='ltr'>καὶ</span> <span class='ocrx_word' id='word_1_181' title='bbox 1433 1383 1501 1437; x_wconf 70' lang='grc' dir='ltr'><strong>τὰ</strong></span> <span class='ocrx_word' id='word_1_182' title='bbox 1526 1383 1618 1435; x_wconf 85' lang='grc' dir='ltr'>νῦν</span> <span class='ocrx_word' id='word_1_183' title='bbox 1655 1379 1814 1444; x_wconf 81' lang='grc' dir='ltr'>αὑτὸς</span> <span class='ocrx_word' id='word_1_184' title='bbox 1843 1379 2212 1450; x_wconf 79' lang='grc' dir='ltr'>διαπράξεται,</span> <span class='ocrx_word' id='word_1_185' title='bbox 2242 1384 2517 1454; x_wconf 81' lang='grc' dir='ltr'>συνεργῶν</span> <span class='ocrx_word' id='word_1_186' title='bbox 2539 1385 2614 1455; x_wconf 84' lang='grc' dir='ltr'>τῷ</span> <span class='ocrx_word' id='word_1_187' title='bbox 2639 1385 2760 1438; x_wconf 87' lang='grc' dir='ltr'>τότε</span> <span class='ocrx_word' id='word_1_188' title='bbox 2788 1386 2885 1456; x_wconf 77' lang='grc' dir='ltr'>τὴν</span> <span class='ocrx_word' id='word_1_189' title='bbox 2914 1384 3183 1455; x_wconf 83' lang='grc' dir='ltr'>βασιλείαν</span> <span class='ocrx_word' id='word_1_190' title='bbox 3208 1385 3379 1456; x_wconf 72' lang='grc' dir='ltr'>ἔχοντι</span> <span class='ocrx_word' id='word_1_191' title='bbox 3403 1384 3498 1439; x_wconf 73' lang='grc' dir='ltr'><strong>τοῦ</strong></span> 
     </span>
    </p>
   </div>
   <div class='ocr_carea' id='block_1_27' title="bbox 260 1477 1134 1550">
    <p class='ocr_par' dir='ltr' id='par_1_27' title="bbox 260 1477 1134 1550">
     <span class='ocr_line' id='line_1_27' title="bbox 260 1477 1134 1550; baseline 0.002 -19"><span class='ocrx_word' id='word_1_192' title='bbox 260 1477 493 1548; x_wconf 72' lang='grc' dir='ltr'>Ἰσραὴλ,</span> <span class='ocrx_word' id='word_1_193' title='bbox 521 1477 668 1546; x_wconf 74' lang='grc' dir='ltr'>λέγω</span> <span class='ocrx_word' id='word_1_194' title='bbox 691 1477 755 1550; x_wconf 79' lang='grc' dir='ltr'>δὴ</span> <span class='ocrx_word' id='word_1_195' title='bbox 779 1477 858 1548; x_wconf 86' lang='grc' dir='ltr'>τῷ</span> <span class='ocrx_word' id='word_1_196' title='bbox 900 1478 1134 1550; x_wconf 71' lang='grc' dir='ltr'>Ἐζεκίᾳ.</span> 
     </span>
    </p>
   </div>
   <div class='ocr_carea' id='block_1_28' title="bbox 316 1553 1835 1640">
    <p class='ocr_par' dir='ltr' id='par_1_28' title="bbox 316 1553 1815 1640">
     <span class='ocr_line' id='line_1_28' title="bbox 316 1553 1815 1640; baseline 0 -20"><span class='ocrx_word' id='word_1_197' title='bbox 316 1568 466 1638; x_wconf 82' lang='grc' dir='ltr'>Στίχ.</span> <span class='ocrx_word' id='word_1_198' title='bbox 503 1575 566 1630; x_wconf 83' lang='grc' dir='ltr'>ε’,</span> <span class='ocrx_word' id='word_1_199' title='bbox 603 1569 1026 1640; x_wconf 79' lang='grc' dir='ltr'>ς’.-Είρηκὼς</span> <span class='ocrx_word' id='word_1_200' title='bbox 1049 1553 1228 1623; x_wconf 75' lang='grc' dir='ltr'>τοίνυν</span> <span class='ocrx_word' id='word_1_201' title='bbox 1263 1571 1332 1624; x_wconf 67' lang='grc' dir='ltr'>τὰ</span> <span class='ocrx_word' id='word_1_202' title='bbox 1372 1568 1512 1624; x_wconf 82' lang='grc' dir='ltr'><strong>κατά</strong></span> <span class='ocrx_word' id='word_1_203' title='bbox 1536 1569 1626 1622; x_wconf 80' lang='grc' dir='ltr'>τὸν</span> <span class='ocrx_word' id='word_1_204' title='bbox 1653 1569 1815 1639; x_wconf 89' lang='grc' dir='ltr'>Ζορο-</span> 
     </span>
    </p>
   </div>
   <div class='ocr_carea' id='block_1_29' title="bbox 1935 1553 3500 1640">
    <p class='ocr_par' dir='ltr' id='par_1_29' title="bbox 1988 1563 3500 1638">
     <span class='ocr_line' id='line_1_29' title="bbox 1988 1563 3500 1638; baseline 0.002 -21"><span class='ocrx_word' id='word_1_205' title='bbox 1988 1563 2155 1620; x_wconf 75' lang='lat' dir='ltr'><strong>Vsus.</strong></span> <span class='ocrx_word' id='word_1_206' title='bbox 2181 1565 2234 1630; x_wconf 82' lang='lat'><strong>5,</strong></span> <span class='ocrx_word' id='word_1_207' title='bbox 2259 1564 2312 1619; x_wconf 87' lang='lat'><strong>6.</strong></span> <span class='ocrx_word' id='word_1_208' title='bbox 2341 1596 2408 1606; x_wconf 94' lang='lat'>—</span> <span class='ocrx_word' id='word_1_209' title='bbox 2437 1565 2736 1636; x_wconf 79' lang='lat' dir='ltr'><strong>Postquam</strong></span> <span class='ocrx_word' id='word_1_210' title='bbox 2783 1566 2973 1638; x_wconf 84' lang='lat' dir='ltr'><strong>itaque.</strong></span> <span class='ocrx_word' id='word_1_211' title='bbox 2993 1566 3224 1622; x_wconf 77' lang='lat' dir='ltr'><strong>dixisset</strong></span> <span class='ocrx_word' id='word_1_212' title='bbox 3273 1581 3362 1621; x_wconf 88' lang='lat' dir='ltr'><strong>res</strong></span> <span class='ocrx_word' id='word_1_213' title='bbox 3393 1564 3500 1620; x_wconf 90' lang='grc' dir='ltr'><strong>Ζο-</strong></span> 
     </span>
    </p>
   </div>
   <div class='ocr_carea' id='block_1_30' title="bbox 255 1659 1828 1732">
    <p class='ocr_par' dir='ltr' id='par_1_30' title="bbox 255 1659 1828 1732">
     <span class='ocr_line' id='line_1_30' title="bbox 255 1659 1828 1732; baseline 0.001 -20"><span class='ocrx_word' id='word_1_214' title='bbox 255 1660 436 1725; x_wconf 72' lang='grc' dir='ltr'>ϐεἱϐελ,</span> <span class='ocrx_word' id='word_1_215' title='bbox 456 1659 534 1723; x_wconf 84' lang='grc' dir='ltr'>ὡς</span> <span class='ocrx_word' id='word_1_216' title='bbox 565 1659 722 1732; x_wconf 68' lang='grc' dir='ltr'>ἔφην,</span> <span class='ocrx_word' id='word_1_217' title='bbox 773 1661 1056 1732; x_wconf 70' lang='grc' dir='ltr'>πόρρωθεν</span> <span class='ocrx_word' id='word_1_218' title='bbox 1081 1662 1230 1726; x_wconf 73' lang='grc' dir='ltr'>ὄντα,</span> <span class='ocrx_word' id='word_1_219' title='bbox 1265 1662 1575 1731; x_wconf 82' lang='grc' dir='ltr'>ἀναγκαίως</span> <span class='ocrx_word' id='word_1_220' title='bbox 1615 1661 1702 1714; x_wconf 81' lang='grc' dir='ltr'>διὰ</span> <span class='ocrx_word' id='word_1_221' title='bbox 1730 1661 1828 1731; x_wconf 81' lang='grc' dir='ltr'>τὴν</span> 
     </span>
    </p>
   </div>
   <div class='ocr_carea' id='block_1_31' title="bbox 257 1751 1828 1826">
    <p class='ocr_par' dir='ltr' id='par_1_31' title="bbox 257 1751 1828 1826">
     <span class='ocr_line' id='line_1_31' title="bbox 257 1751 1828 1826; baseline 0.001 -24"><span class='ocrx_word' id='word_1_222' title='bbox 257 1753 360 1803; x_wconf 79' lang='grc' dir='ltr'>τῶν</span> <span class='ocrx_word' id='word_1_223' title='bbox 392 1752 733 1822; x_wconf 78' lang='grc' dir='ltr'>πραγμάτων</span> <span class='ocrx_word' id='word_1_224' title='bbox 766 1753 1107 1821; x_wconf 83' lang='grc' dir='ltr'>συγγένειαν,</span> <span class='ocrx_word' id='word_1_225' title='bbox 1151 1757 1230 1816; x_wconf 86' lang='grc' dir='ltr'><strong>είς</strong></span> <span class='ocrx_word' id='word_1_226' title='bbox 1261 1752 1361 1824; x_wconf 79' lang='grc' dir='ltr'>τὴν</span> <span class='ocrx_word' id='word_1_227' title='bbox 1398 1751 1492 1806; x_wconf 81' lang='grc' dir='ltr'><strong>τοῦ</strong></span> <span class='ocrx_word' id='word_1_228' title='bbox 1535 1751 1828 1826; x_wconf 81' lang='grc' dir='ltr'>προκειμέ-</span> 
     </span>
    </p>
   </div>
   <div class='ocr_carea' id='block_1_32' title="bbox 259 1841 1828 1914">
    <p class='ocr_par' dir='ltr' id='par_1_32' title="bbox 259 1841 1828 1914">
     <span class='ocr_line' id='line_1_32' title="bbox 259 1841 1828 1914; baseline 0.001 -21"><span class='ocrx_word' id='word_1_229' title='bbox 259 1860 342 1893; x_wconf 74' lang='grc' dir='ltr'><strong>νου</strong></span> <span class='ocrx_word' id='word_1_230' title='bbox 396 1841 680 1906; x_wconf 82' lang='grc' dir='ltr'>σύστασιν,</span> <span class='ocrx_word' id='word_1_231' title='bbox 731 1843 1005 1914; x_wconf 80' lang='grc' dir='ltr'>μέμνηται</span> <span class='ocrx_word' id='word_1_232' title='bbox 1053 1843 1160 1899; x_wconf 84' lang='grc' dir='ltr'><strong>τῶν</strong></span> <span class='ocrx_word' id='word_1_233' title='bbox 1211 1845 1352 1898; x_wconf 83' lang='grc' dir='ltr'><strong>κατά</strong></span> <span class='ocrx_word' id='word_1_234' title='bbox 1391 1845 1484 1898; x_wconf 83' lang='grc' dir='ltr'>τὸν</span> <span class='ocrx_word' id='word_1_235' title='bbox 1545 1843 1828 1913; x_wconf 80' lang='grc' dir='ltr'>Ἀσσύριον</span> 
     </span>
    </p>
   </div>
   <div class='ocr_carea' id='block_1_33' title="bbox 262 1932 1826 2006">
    <p class='ocr_par' dir='ltr' id='par_1_33' title="bbox 262 1932 1826 2006">
     <span class='ocr_line' id='line_1_33' title="bbox 262 1932 1826 2006; baseline 0.003 -22"><span class='ocrx_word' id='word_1_236' title='bbox 262 1933 345 1984; x_wconf 70' lang='grc' dir='ltr'><strong>ἐπὶ</strong></span> <span class='ocrx_word' id='word_1_237' title='bbox 388 1932 483 1986; x_wconf 73' lang='grc' dir='ltr'>τοῦ</span> <span class='ocrx_word' id='word_1_238' title='bbox 527 1933 772 1998; x_wconf 79' lang='grc' dir='ltr'>Ἐζεκίου</span> <span class='ocrx_word' id='word_1_239' title='bbox 821 1935 1141 2004; x_wconf 82' lang='grc' dir='ltr'>γεγονότων,</span> <span class='ocrx_word' id='word_1_240' title='bbox 1190 1937 1282 1989; x_wconf 89' lang='grc' dir='ltr'><strong>καί</strong></span> <span class='ocrx_word' id='word_1_241' title='bbox 1329 1950 1527 2006; x_wconf 81' lang='grc' dir='ltr'>φησιν’</span> <span class='ocrx_word' id='word_1_242' title='bbox 1579 1933 1654 2006; x_wconf 90' lang='lat' dir='ltr'><strong>(p.</strong></span> <span class='ocrx_word' id='word_1_243' title='bbox 1700 1935 1826 2004; x_wconf 71' lang='lat'><strong>298)</strong></span> 
     </span>
    </p>
   </div>
   <div class='ocr_carea' id='block_1_34' title="bbox 267 2023 1830 2098">
    <p class='ocr_par' dir='ltr' id='par_1_34' title="bbox 267 2023 1830 2098">
     <span class='ocr_line' id='line_1_34' title="bbox 267 2023 1830 2098; baseline 0 -23"><span class='ocrx_word' id='word_1_244' title='bbox 267 2043 285 2074; x_wconf 74' lang='grc' dir='ltr'><strong>ι</strong></span> <span class='ocrx_word' id='word_1_245' title='bbox 335 2025 444 2076; x_wconf 72' lang='grc' dir='ltr'><strong>Καὶ</strong></span> <span class='ocrx_word' id='word_1_246' title='bbox 487 2023 643 2078; x_wconf 70' lang='grc' dir='ltr'>ἔσται</span> <span class='ocrx_word' id='word_1_247' title='bbox 700 2023 836 2096; x_wconf 76' lang='grc' dir='ltr'>αὕτη</span> <span class='ocrx_word' id='word_1_248' title='bbox 880 2027 914 2097; x_wconf 91' lang='grc' dir='ltr'><strong>ή</strong></span> <span class='ocrx_word' id='word_1_249' title='bbox 964 2028 1173 2098; x_wconf 79' lang='grc' dir='ltr'>εἰρήνη,</span> <span class='ocrx_word' id='word_1_250' title='bbox 1225 2025 1304 2078; x_wconf 83' lang='grc' dir='ltr'><strong>ὅτ’</strong></span> <span class='ocrx_word' id='word_1_251' title='bbox 1347 2024 1414 2078; x_wconf 82' lang='grc' dir='ltr'>ἂν</span> <span class='ocrx_word' id='word_1_252' title='bbox 1457 2027 1486 2077; x_wconf 82' lang='grc' dir='ltr'>ὁ</span> <span class='ocrx_word' id='word_1_253' title='bbox 1546 2023 1830 2094; x_wconf 83' lang='grc' dir='ltr'>Ἀσσύριος</span> 
     </span>
    </p>
   </div>
   <div class='ocr_carea' id='block_1_35' title="bbox 265 2115 1828 2188">
    <p class='ocr_par' dir='ltr' id='par_1_35' title="bbox 265 2115 1828 2188">
     <span class='ocr_line' id='line_1_35' title="bbox 265 2115 1828 2188; baseline 0.001 -20"><span class='ocrx_word' id='word_1_254' title='bbox 265 2115 454 2188; x_wconf 67' lang='grc' dir='ltr'>ἐπέλθῃ</span> <span class='ocrx_word' id='word_1_255' title='bbox 481 2116 573 2168; x_wconf 70' lang='grc' dir='ltr'><strong>ἐπὶ</strong></span> <span class='ocrx_word' id='word_1_256' title='bbox 599 2115 696 2186; x_wconf 75' lang='grc' dir='ltr'>τὴν</span> <span class='ocrx_word' id='word_1_257' title='bbox 721 2115 827 2186; x_wconf 85' lang='grc' dir='ltr'>γῆν</span> <span class='ocrx_word' id='word_1_258' title='bbox 849 2117 1024 2187; x_wconf 85' lang='grc' dir='ltr'>ὑμῶν,</span> <span class='ocrx_word' id='word_1_259' title='bbox 1061 2117 1155 2170; x_wconf 70' lang='grc' dir='ltr'>καὶ</span> <span class='ocrx_word' id='word_1_260' title='bbox 1179 2117 1257 2170; x_wconf 85' lang='grc' dir='ltr'><strong>ὅτ’</strong></span> <span class='ocrx_word' id='word_1_261' title='bbox 1288 2116 1354 2170; x_wconf 77' lang='grc' dir='ltr'>ἂν</span> <span class='ocrx_word' id='word_1_262' title='bbox 1388 2115 1565 2186; x_wconf 80' lang='grc' dir='ltr'>ἀποϐῇ</span> <span class='ocrx_word' id='word_1_263' title='bbox 1607 2116 1700 2168; x_wconf 65' lang='grc' dir='ltr'><strong>ἐπὶ</strong></span> <span class='ocrx_word' id='word_1_264' title='bbox 1729 2118 1828 2186; x_wconf 78' lang='grc' dir='ltr'>τὴν</span> 
     </span>
    </p>
   </div>
   <div class='ocr_carea' id='block_1_36' title="bbox 267 2205 1828 2279">
    <p class='ocr_par' dir='ltr' id='par_1_36' title="bbox 267 2205 1828 2279">
     <span class='ocr_line' id='line_1_36' title="bbox 267 2205 1828 2279; baseline 0.001 -20"><span class='ocrx_word' id='word_1_265' title='bbox 267 2205 434 2275; x_wconf 72' lang='grc' dir='ltr'>χώραν</span> <span class='ocrx_word' id='word_1_266' title='bbox 466 2206 640 2275; x_wconf 81' lang='grc' dir='ltr'>ὑμῶν.</span> <span class='ocrx_word' id='word_1_267' title='bbox 687 2225 708 2258; x_wconf 71' lang='grc' dir='ltr'><strong>ι</strong></span> <span class='ocrx_word' id='word_1_268' title='bbox 745 2206 919 2259; x_wconf 79' lang='grc' dir='ltr'>Τοῦτο</span> <span class='ocrx_word' id='word_1_269' title='bbox 945 2207 1053 2279; x_wconf 78' lang='grc' dir='ltr'><strong>γὰρ</strong></span> <span class='ocrx_word' id='word_1_270' title='bbox 1091 2207 1176 2278; x_wconf 83' lang='grc' dir='ltr'>δὴ,</span> <span class='ocrx_word' id='word_1_271' title='bbox 1212 2207 1398 2276; x_wconf 74' lang='grc' dir='ltr'>φησὶν,</span> <span class='ocrx_word' id='word_1_272' title='bbox 1423 2208 1560 2277; x_wconf 81' lang='grc' dir='ltr'>ὅπερ</span> <span class='ocrx_word' id='word_1_273' title='bbox 1591 2206 1712 2259; x_wconf 75' lang='grc' dir='ltr'>τότε</span> <span class='ocrx_word' id='word_1_274' title='bbox 1741 2206 1828 2261; x_wconf 63' lang='grc' dir='ltr'>διὰ</span> 
     </span>
    </p>
   </div>
   <div class='ocr_carea' id='block_1_37' title="bbox 269 2296 1830 2369">
    <p class='ocr_par' dir='ltr' id='par_1_37' title="bbox 269 2296 1830 2369">
     <span class='ocr_line' id='line_1_37' title="bbox 269 2296 1830 2369; baseline 0.001 -21"><span class='ocrx_word' id='word_1_275' title='bbox 269 2296 354 2349; x_wconf 70' lang='grc' dir='ltr'>τοῦ</span> <span class='ocrx_word' id='word_1_276' title='bbox 393 2296 692 2367; x_wconf 77' lang='grc' dir='ltr'>Ζοροϐάϐελ</span> <span class='ocrx_word' id='word_1_277' title='bbox 745 2298 1041 2368; x_wconf 85' lang='grc' dir='ltr'>πεποίηκεν</span> <span class='ocrx_word' id='word_1_278' title='bbox 1072 2299 1100 2351; x_wconf 82' lang='grc' dir='ltr'>ὁ</span> <span class='ocrx_word' id='word_1_279' title='bbox 1144 2298 1296 2364; x_wconf 78' lang='grc' dir='ltr'>Θεὸς,</span> <span class='ocrx_word' id='word_1_280' title='bbox 1342 2298 1554 2361; x_wconf 83' lang='grc' dir='ltr'>παύσας</span> <span class='ocrx_word' id='word_1_281' title='bbox 1595 2298 1692 2369; x_wconf 87' lang='grc' dir='ltr'>μὲν</span> <span class='ocrx_word' id='word_1_282' title='bbox 1736 2315 1830 2350; x_wconf 91' lang='grc' dir='ltr'>το-</span> 
     </span>
    </p>
   </div>
   <div class='ocr_carea' id='block_1_38' title="bbox 274 2387 1830 2460">
    <p class='ocr_par' dir='ltr' id='par_1_38' title="bbox 274 2387 1830 2460">
     <span class='ocr_line' id='line_1_38' title="bbox 274 2387 1830 2460; baseline 0.003 -22"><span class='ocrx_word' id='word_1_283' title='bbox 274 2387 446 2442; x_wconf 74' lang='grc' dir='ltr'>σοῦτον</span> <span class='ocrx_word' id='word_1_284' title='bbox 493 2388 620 2439; x_wconf 71' lang='grc' dir='ltr'>πολε</span> <span class='ocrx_word' id='word_1_285' title='bbox 631 2405 752 2458; x_wconf 88' lang='grc' dir='ltr'>μον,</span> <span class='ocrx_word' id='word_1_286' title='bbox 802 2390 1023 2458; x_wconf 82' lang='grc' dir='ltr'>εἰρήνην</span> <span class='ocrx_word' id='word_1_287' title='bbox 1059 2389 1114 2442; x_wconf 79' lang='grc' dir='ltr'>δὲ</span> <span class='ocrx_word' id='word_1_288' title='bbox 1165 2389 1390 2460; x_wconf 69' lang='grc' dir='ltr'>ἰσχυρὰν</span> <span class='ocrx_word' id='word_1_289' title='bbox 1434 2389 1676 2453; x_wconf 85' lang='grc' dir='ltr'>δεδωκὼς</span> <span class='ocrx_word' id='word_1_290' title='bbox 1718 2393 1830 2452; x_wconf 79' lang='grc' dir='ltr'>τοῖς</span> 
     </span>
    </p>
   </div>
   <div class='ocr_carea' id='block_1_39' title="bbox 275 2477 1828 2550">
    <p class='ocr_par' dir='ltr' id='par_1_39' title="bbox 275 2477 1828 2550">
     <span class='ocr_line' id='line_1_39' title="bbox 275 2477 1828 2550; baseline 0.003 -20"><span class='ocrx_word' id='word_1_291' title='bbox 275 2478 498 2542; x_wconf 69' lang='grc' dir='ltr'>οἰκείοις,</span> <span class='ocrx_word' id='word_1_292' title='bbox 535 2477 694 2532; x_wconf 78' lang='grc' dir='ltr'>τοῦτο</span> <span class='ocrx_word' id='word_1_293' title='bbox 742 2479 808 2549; x_wconf 79' lang='grc' dir='ltr'>δὴ</span> <span class='ocrx_word' id='word_1_294' title='bbox 860 2479 956 2532; x_wconf 61' lang='grc' dir='ltr'><strong>καὶ⁸</strong></span> <span class='ocrx_word' id='word_1_295' title='bbox 1004 2481 1124 2532; x_wconf 88' lang='grc' dir='ltr'>κατ’</span> <span class='ocrx_word' id='word_1_296' title='bbox 1155 2483 1359 2534; x_wconf 85' lang='grc' dir='ltr'>ἐκεῖνον</span> <span class='ocrx_word' id='word_1_297' title='bbox 1403 2481 1694 2550; x_wconf 78' lang='grc' dir='ltr'>ἐργάσεται</span> <span class='ocrx_word' id='word_1_298' title='bbox 1738 2483 1828 2535; x_wconf 84' lang='grc' dir='ltr'>τὸν</span> 
     </span>
    </p>
   </div>
   <div class='ocr_carea' id='block_1_40' title="bbox 279 2571 1829 2644">
    <p class='ocr_par' dir='ltr' id='par_1_40' title="bbox 279 2571 1829 2644">
     <span class='ocr_line' id='line_1_40' title="bbox 279 2571 1829 2644; baseline 0.003 -21"><span class='ocrx_word' id='word_1_299' title='bbox 279 2571 451 2644; x_wconf 71' lang='grc' dir='ltr'>καιρὸν</span> <span class='ocrx_word' id='word_1_300' title='bbox 481 2573 596 2641; x_wconf 86' lang='grc' dir='ltr'>μετ’</span> <span class='ocrx_word' id='word_1_301' title='bbox 626 2572 688 2624; x_wconf 80' lang='grc' dir='ltr'>οὐ</span> <span class='ocrx_word' id='word_1_302' title='bbox 721 2571 856 2633; x_wconf 83' lang='grc' dir='ltr'>πολὺ</span> <span class='ocrx_word' id='word_1_303' title='bbox 881 2573 1262 2642; x_wconf 86' lang='grc' dir='ltr'>γενησόμενον,</span> <span class='ocrx_word' id='word_1_304' title='bbox 1286 2572 1526 2643; x_wconf 73' lang='grc' dir='ltr'>ὁπηνίκα</span> <span class='ocrx_word' id='word_1_305' title='bbox 1549 2573 1614 2628; x_wconf 80' lang='grc' dir='ltr'>ἂν</span> <span class='ocrx_word' id='word_1_306' title='bbox 1642 2576 1670 2627; x_wconf 89' lang='grc' dir='ltr'>ὁ</span> <span class='ocrx_word' id='word_1_307' title='bbox 1705 2574 1829 2627; x_wconf 82' lang='grc' dir='ltr'><strong>Ἀσ-</strong></span> 
     </span>
    </p>
   </div>
   <div class='ocr_carea' id='block_1_41' title="bbox 282 2661 1830 2738">
    <p class='ocr_par' dir='ltr' id='par_1_41' title="bbox 282 2661 1830 2738">
     <span class='ocr_line' id='line_1_41' title="bbox 282 2661 1830 2738; baseline 0.004 -25"><span class='ocrx_word' id='word_1_308' title='bbox 282 2661 445 2732; x_wconf 79' lang='grc' dir='ltr'>σύριος</span> <span class='ocrx_word' id='word_1_309' title='bbox 472 2661 672 2733; x_wconf 72' lang='grc' dir='ltr'><strong>ἐπέλθῃ</strong></span> <span class='ocrx_word' id='word_1_310' title='bbox 697 2665 764 2734; x_wconf 82' lang='grc' dir='ltr'>τῆ</span> <span class='ocrx_word' id='word_1_311' title='bbox 813 2662 1167 2737; x_wconf 84' lang='grc' dir='ltr'>Ἰερουσαλήμ</span> <span class='ocrx_word' id='word_1_312' title='bbox 1187 2679 1200 2692; x_wconf 91' lang='grc'><strong>·</strong></span> <span class='ocrx_word' id='word_1_313' title='bbox 1230 2665 1352 2718; x_wconf 81' lang='grc' dir='ltr'>τότε</span> <span class='ocrx_word' id='word_1_314' title='bbox 1391 2665 1501 2737; x_wconf 78' lang='grc' dir='ltr'><strong>γὰρ</strong></span> <span class='ocrx_word' id='word_1_315' title='bbox 1540 2665 1604 2738; x_wconf 83' lang='grc' dir='ltr'>δὴ</span> <span class='ocrx_word' id='word_1_316' title='bbox 1653 2683 1830 2737; x_wconf 90' lang='grc' dir='ltr'>παρα-</span> 
     </span>
    </p>
   </div>
   <div class='ocr_carea' id='block_1_42' title="bbox 283 2753 1831 2830">
    <p class='ocr_par' dir='ltr' id='par_1_42' title="bbox 283 2753 1831 2830">
     <span class='ocr_line' id='line_1_42' title="bbox 283 2753 1831 2830; baseline 0.005 -25"><span class='ocrx_word' id='word_1_317' title='bbox 283 2753 428 2816; x_wconf 73' lang='grc' dir='ltr'>δόξως</span> <span class='ocrx_word' id='word_1_318' title='bbox 455 2753 550 2823; x_wconf 84' lang='grc' dir='ltr'>μὲν</span> <span class='ocrx_word' id='word_1_319' title='bbox 571 2754 632 2805; x_wconf 74' lang='grc' dir='ltr'>τὸ</span> <span class='ocrx_word' id='word_1_320' title='bbox 658 2753 880 2806; x_wconf 74' lang='grc' dir='ltr'>τοσοῦτο</span> <span class='ocrx_word' id='word_1_321' title='bbox 907 2753 1242 2825; x_wconf 83' lang='grc' dir='ltr'>τροπώσεται</span> <span class='ocrx_word' id='word_1_322' title='bbox 1271 2755 1504 2830; x_wconf 78' lang='grc' dir='ltr'>πλῆθοςο</span> <span class='ocrx_word' id='word_1_323' title='bbox 1531 2758 1831 2830; x_wconf 73' lang='grc' dir='ltr'>παράδοξον</span> 
     </span>
    </p>
   </div>
   <div class='ocr_carea' id='block_1_43' title="bbox 285 2845 1829 2918">
    <p class='ocr_par' dir='ltr' id='par_1_43' title="bbox 285 2845 1829 2918">
     <span class='ocr_line' id='line_1_43' title="bbox 285 2845 1829 2918; baseline 0.003 -22"><span class='ocrx_word' id='word_1_324' title='bbox 285 2845 334 2897; x_wconf 75' lang='grc' dir='ltr'>δὲ</span> <span class='ocrx_word' id='word_1_325' title='bbox 360 2848 460 2908; x_wconf 83' lang='grc' dir='ltr'>τοῖς</span> <span class='ocrx_word' id='word_1_326' title='bbox 493 2847 713 2910; x_wconf 83' lang='grc' dir='ltr'>οἰκείοις</span> <span class='ocrx_word' id='word_1_327' title='bbox 739 2846 964 2917; x_wconf 80' lang='grc' dir='ltr'>παρέξει</span> <span class='ocrx_word' id='word_1_328' title='bbox 994 2845 1093 2916; x_wconf 75' lang='grc' dir='ltr'>τὴν</span> <span class='ocrx_word' id='word_1_329' title='bbox 1117 2847 1360 2918; x_wconf 85' lang='grc' dir='ltr'>είρήνην,</span> <span class='ocrx_word' id='word_1_330' title='bbox 1403 2848 1637 2911; x_wconf 78' lang='grc' dir='ltr'>Ἐζεκίου</span> <span class='ocrx_word' id='word_1_331' title='bbox 1674 2849 1829 2918; x_wconf 82' lang='grc' dir='ltr'>βασι-</span> 
     </span>
    </p>
   </div>
   <div class='ocr_carea' id='block_1_44' title="bbox 287 2917 1902 3009">
    <p class='ocr_par' dir='ltr' id='par_1_44' title="bbox 287 2917 1902 3009">
     <span class='ocr_line' id='line_1_44' title="bbox 287 2917 1902 3009; baseline 0.002 -21"><span class='ocrx_word' id='word_1_332' title='bbox 287 2937 503 3003; x_wconf 64' lang='grc' dir='ltr'>λεόοντος</span> <span class='ocrx_word' id='word_1_333' title='bbox 529 2941 593 2992; x_wconf 80' lang='grc' dir='ltr'>ὲκ</span> <span class='ocrx_word' id='word_1_334' title='bbox 629 2939 730 3008; x_wconf 82' lang='grc' dir='ltr'><strong>τῆς</strong></span> <span class='ocrx_word' id='word_1_335' title='bbox 762 2937 853 2990; x_wconf 77' lang='grc' dir='ltr'><strong>τοῦ</strong></span> <span class='ocrx_word' id='word_1_336' title='bbox 896 2936 1058 2992; x_wconf 78' lang='grc' dir='ltr'>Δαυῒδ</span> <span class='ocrx_word' id='word_1_337' title='bbox 1084 2917 1333 3008; x_wconf 69' lang='grc' dir='ltr'>διαδοχῆς</span> <span class='ocrx_word' id='word_1_338' title='bbox 1363 2939 1503 2993; x_wconf 80' lang='grc' dir='ltr'><strong>κατά</strong></span> <span class='ocrx_word' id='word_1_339' title='bbox 1532 2940 1629 3009; x_wconf 78' lang='grc' dir='ltr'>τὴν</span> <span class='ocrx_word' id='word_1_340' title='bbox 1660 2917 1832 3008; x_wconf 76' lang='grc' dir='ltr'>ἐπαγ·</span> <span class='ocrx_word' id='word_1_341' title='bbox 1861 2917 1902 2974; x_wconf 81' lang='lat' dir='ltr'><strong><em>C</em></strong></span> 
     </span>
    </p>
   </div>
   <div class='ocr_carea' id='block_1_45' title="bbox 289 3026 1836 3100">
    <p class='ocr_par' dir='ltr' id='par_1_45' title="bbox 289 3026 1836 3100">
     <span class='ocr_line' id='line_1_45' title="bbox 289 3026 1836 3100; baseline 0.001 -20"><span class='ocrx_word' id='word_1_342' title='bbox 289 3030 448 3096; x_wconf 81' lang='grc' dir='ltr'>γελίαν</span> <span class='ocrx_word' id='word_1_343' title='bbox 486 3031 585 3100; x_wconf 79' lang='grc' dir='ltr'>τὴν</span> <span class='ocrx_word' id='word_1_344' title='bbox 623 3029 795 3084; x_wconf 81' lang='grc' dir='ltr'>θείαν.</span> <span class='ocrx_word' id='word_1_345' title='bbox 834 3026 969 3082; x_wconf 74' lang='grc' dir='ltr'>Εἶτα</span> <span class='ocrx_word' id='word_1_346' title='bbox 1017 3029 1189 3098; x_wconf 82' lang='grc' dir='ltr'>λέγων</span> <span class='ocrx_word' id='word_1_347' title='bbox 1229 3031 1298 3084; x_wconf 83' lang='grc' dir='ltr'>τὰ</span> <span class='ocrx_word' id='word_1_348' title='bbox 1341 3031 1608 3100; x_wconf 75' lang='grc' dir='ltr'>ἐσόμεναο</span> <span class='ocrx_word' id='word_1_349' title='bbox 1653 3049 1672 3082; x_wconf 78' lang='grc' dir='ltr'><strong>ι</strong></span> <span class='ocrx_word' id='word_1_350' title='bbox 1725 3031 1836 3084; x_wconf 72' lang='grc' dir='ltr'>Καὶ</span> 
     </span>
    </p>
   </div>
   <div class='ocr_carea' id='block_1_46' title="bbox 289 3119 1835 3190">
    <p class='ocr_par' dir='ltr' id='par_1_46' title="bbox 289 3119 1835 3190">
     <span class='ocr_line' id='line_1_46' title="bbox 289 3119 1835 3190; baseline 0.001 -20"><span class='ocrx_word' id='word_1_351' title='bbox 289 3121 719 3190; x_wconf 74' lang='grc' dir='ltr'>ἐπεγερθήσονται</span> <span class='ocrx_word' id='word_1_352' title='bbox 751 3119 840 3171; x_wconf 76' lang='grc' dir='ltr'><strong>ἐπ’</strong></span> <span class='ocrx_word' id='word_1_353' title='bbox 873 3119 1036 3173; x_wconf 80' lang='grc' dir='ltr'>αὐτὸν</span> <span class='ocrx_word' id='word_1_354' title='bbox 1072 3121 1210 3174; x_wconf 76' lang='grc' dir='ltr'>ἑπτὰ</span> <span class='ocrx_word' id='word_1_355' title='bbox 1244 3120 1520 3190; x_wconf 82' lang='grc' dir='ltr'>ποιμένες,</span> <span class='ocrx_word' id='word_1_356' title='bbox 1561 3119 1656 3173; x_wconf 78' lang='grc' dir='ltr'>καὶ</span> <span class='ocrx_word' id='word_1_357' title='bbox 1691 3120 1835 3174; x_wconf 82' lang='grc' dir='ltr'>ὀκτὼ</span> 
     </span>
    </p>
   </div>
   <div class='ocr_carea' id='block_1_47' title="bbox 289 3206 1836 3283">
    <p class='ocr_par' dir='ltr' id='par_1_47' title="bbox 289 3206 1836 3283">
     <span class='ocr_line' id='line_1_47' title="bbox 289 3206 1836 3283; baseline 0.003 -25"><span class='ocrx_word' id='word_1_358' title='bbox 289 3206 518 3278; x_wconf 74' lang='grc' dir='ltr'>δήγματα</span> <span class='ocrx_word' id='word_1_359' title='bbox 563 3208 904 3279; x_wconf 56' lang='grc' dir='ltr'>ἀνθρώπων</span> <span class='ocrx_word' id='word_1_360' title='bbox 957 3211 1050 3262; x_wconf 75' lang='grc' dir='ltr'>καὶ</span> <span class='ocrx_word' id='word_1_361' title='bbox 1097 3209 1418 3280; x_wconf 85' lang='grc' dir='ltr'>ποιμανοῦσι</span> <span class='ocrx_word' id='word_1_362' title='bbox 1457 3210 1548 3264; x_wconf 84' lang='grc' dir='ltr'>τὸν</span> <span class='ocrx_word' id='word_1_363' title='bbox 1606 3212 1836 3283; x_wconf 80' lang='grc' dir='ltr'>’Δσσοὺρ</span> 
     </span>
    </p>
   </div>
   <div class='ocr_carea' id='block_1_48' title="bbox 289 3301 1837 3377">
    <p class='ocr_par' dir='ltr' id='par_1_48' title="bbox 289 3301 1837 3377">
     <span class='ocr_line' id='line_1_48' title="bbox 289 3301 1837 3377; baseline 0.003 -27"><span class='ocrx_word' id='word_1_364' title='bbox 289 3301 338 3350; x_wconf 78' lang='grc' dir='ltr'>ἐν</span> <span class='ocrx_word' id='word_1_365' title='bbox 368 3302 618 3372; x_wconf 59' lang='grc' dir='ltr'>ῲμφαία,</span> <span class='ocrx_word' id='word_1_366' title='bbox 649 3301 745 3354; x_wconf 70' lang='grc' dir='ltr'>καὶ</span> <span class='ocrx_word' id='word_1_367' title='bbox 785 3301 883 3370; x_wconf 79' lang='grc' dir='ltr'>τὴν</span> <span class='ocrx_word' id='word_1_368' title='bbox 909 3302 1012 3371; x_wconf 78' lang='grc' dir='ltr'>γῆν</span> <span class='ocrx_word' id='word_1_369' title='bbox 1045 3301 1139 3354; x_wconf 78' lang='grc' dir='ltr'><strong>τοῦ</strong></span> <span class='ocrx_word' id='word_1_370' title='bbox 1167 3301 1392 3373; x_wconf 72' lang='grc' dir='ltr'>Νεϐρὼδ</span> <span class='ocrx_word' id='word_1_371' title='bbox 1432 3303 1488 3354; x_wconf 84' lang='grc' dir='ltr'>ἐν</span> <span class='ocrx_word' id='word_1_372' title='bbox 1533 3305 1598 3377; x_wconf 80' lang='grc' dir='ltr'>τῇ</span> <span class='ocrx_word' id='word_1_373' title='bbox 1643 3303 1837 3372; x_wconf 78' lang='grc' dir='ltr'>τάφρῳ</span> 
     </span>
    </p>
   </div>
   <div class='ocr_carea' id='block_1_49' title="bbox 288 3377 1839 3465">
    <p class='ocr_par' dir='ltr' id='par_1_49' title="bbox 288 3377 1839 3465">
     <span class='ocr_line' id='line_1_49' title="bbox 288 3377 1839 3465; baseline 0.003 -21"><span class='ocrx_word' id='word_1_374' title='bbox 288 3391 457 3460; x_wconf 65' lang='grc' dir='ltr'>αὐτῆς.</span> <span class='ocrx_word' id='word_1_375' title='bbox 494 3413 513 3445; x_wconf 84' lang='grc'><strong>›</strong></span> <span class='ocrx_word' id='word_1_376' title='bbox 545 3391 639 3459; x_wconf 80' lang='grc' dir='ltr'><strong>Τὸ,</strong></span> <span class='ocrx_word' id='word_1_377' title='bbox 673 3409 696 3443; x_wconf 70' lang='grc' dir='ltr'><strong>ι</strong></span> <span class='ocrx_word' id='word_1_378' title='bbox 735 3393 874 3446; x_wconf 73' lang='grc' dir='ltr'>ἑπτὰ</span> <span class='ocrx_word' id='word_1_379' title='bbox 903 3394 1152 3462; x_wconf 83' lang='grc' dir='ltr'>ποιμένες</span> <span class='ocrx_word' id='word_1_380' title='bbox 1184 3395 1276 3455; x_wconf 69' lang='grc' dir='ltr'>καὶ</span> <span class='ocrx_word' id='word_1_381' title='bbox 1305 3393 1447 3448; x_wconf 83' lang='grc' dir='ltr'>ὀκτὼ</span> <span class='ocrx_word' id='word_1_382' title='bbox 1463 3377 1721 3465; x_wconf 40' lang='grc' dir='ltr'>’δήγματα</span> <span class='ocrx_word' id='word_1_383' title='bbox 1741 3397 1839 3449; x_wconf 79' lang='grc' dir='ltr'>ἀν-</span> 
     </span>
    </p>
   </div>
   <div class='ocr_carea' id='block_1_50' title="bbox 289 3478 1840 3555">
    <p class='ocr_par' dir='ltr' id='par_1_50' title="bbox 289 3478 1840 3555">
     <span class='ocr_line' id='line_1_50' title="bbox 289 3478 1840 3555; baseline 0.001 -23"><span class='ocrx_word' id='word_1_384' title='bbox 289 3478 519 3548; x_wconf 81' lang='grc' dir='ltr'>Θρώπων,</span> <span class='ocrx_word' id='word_1_385' title='bbox 575 3499 596 3532; x_wconf 73' lang='grc' dir='ltr'><strong>ι</strong></span> <span class='ocrx_word' id='word_1_386' title='bbox 651 3479 1055 3550; x_wconf 76' lang='grc' dir='ltr'>μυθωδέστερόν</span> <span class='ocrx_word' id='word_1_387' title='bbox 1103 3498 1248 3544; x_wconf 81' lang='grc' dir='ltr'>τινες</span> <span class='ocrx_word' id='word_1_388' title='bbox 1295 3483 1639 3555; x_wconf 73' lang='grc' dir='ltr'>νενοήκασινο</span> <span class='ocrx_word' id='word_1_389' title='bbox 1698 3481 1840 3534; x_wconf 74' lang='grc' dir='ltr'>ἑπτὰ</span> 
     </span>
    </p>
   </div>
   <div class='ocr_carea' id='block_1_51' title="bbox 291 3571 1839 3643">
    <p class='ocr_par' dir='ltr' id='par_1_51' title="bbox 291 3571 1839 3643">
     <span class='ocr_line' id='line_1_51' title="bbox 291 3571 1839 3643; baseline 0.002 -20"><span class='ocrx_word' id='word_1_390' title='bbox 291 3571 380 3639; x_wconf 81' lang='grc' dir='ltr'>μὲν</span> <span class='ocrx_word' id='word_1_391' title='bbox 429 3571 713 3642; x_wconf 76' lang='grc' dir='ltr'>ποιμένας,</span> <span class='ocrx_word' id='word_1_392' title='bbox 760 3573 1043 3641; x_wconf 74' lang='grc' dir='ltr'>προφήτας</span> <span class='ocrx_word' id='word_1_393' title='bbox 1079 3571 1436 3643; x_wconf 80' lang='grc' dir='ltr'>ἀριθμοῦντες</span> <span class='ocrx_word' id='word_1_394' title='bbox 1473 3574 1643 3626; x_wconf 82' lang='grc' dir='ltr'>ἑπτά·</span> <span class='ocrx_word' id='word_1_395' title='bbox 1695 3574 1839 3626; x_wconf 74' lang='grc' dir='ltr'>ὀκτὼ</span> 
     </span>
    </p>
   </div>
   <div class='ocr_carea' id='block_1_52' title="bbox 285 3661 1839 3735">
    <p class='ocr_par' dir='ltr' id='par_1_52' title="bbox 285 3661 1839 3735">
     <span class='ocr_line' id='line_1_52' title="bbox 285 3661 1839 3735; baseline 0.003 -21"><span class='ocrx_word' id='word_1_396' title='bbox 285 3662 334 3714; x_wconf 74' lang='grc' dir='ltr'>δὲ</span> <span class='ocrx_word' id='word_1_397' title='bbox 383 3663 662 3734; x_wconf 79' lang='grc' dir='ltr'>δήγματα,</span> <span class='ocrx_word' id='word_1_398' title='bbox 731 3661 979 3726; x_wconf 73' lang='grc' dir='ltr'>Ἐζεκίαν</span> <span class='ocrx_word' id='word_1_399' title='bbox 1035 3664 1172 3734; x_wconf 77' lang='grc' dir='ltr'><strong>μετά</strong></span> <span class='ocrx_word' id='word_1_400' title='bbox 1219 3664 1326 3716; x_wconf 84' lang='grc' dir='ltr'>τῶν</span> <span class='ocrx_word' id='word_1_401' title='bbox 1385 3665 1839 3735; x_wconf 77' lang='grc' dir='ltr'>ὑπηρετουμένων</span> 
     </span>
    </p>
   </div>
   <div class='ocr_carea' id='block_1_53' title="bbox 285 3753 1844 3826">
    <p class='ocr_par' dir='ltr' id='par_1_53' title="bbox 285 3753 1844 3826">
     <span class='ocr_line' id='line_1_53' title="bbox 285 3753 1844 3826; baseline 0.001 -20"><span class='ocrx_word' id='word_1_402' title='bbox 285 3753 415 3824; x_wconf 71' lang='grc' dir='ltr'>αὐτῷ</span> <span class='ocrx_word' id='word_1_403' title='bbox 441 3757 576 3826; x_wconf 72' lang='grc' dir='ltr'>πρὸς</span> <span class='ocrx_word' id='word_1_404' title='bbox 604 3757 706 3824; x_wconf 80' lang='grc' dir='ltr'>τὴν</span> <span class='ocrx_word' id='word_1_405' title='bbox 735 3753 1028 3823; x_wconf 86' lang='grc' dir='ltr'>βασιλείαν,</span> <span class='ocrx_word' id='word_1_406' title='bbox 1056 3755 1306 3821; x_wconf 82' lang='grc' dir='ltr'>λέγοντες</span> <span class='ocrx_word' id='word_1_407' title='bbox 1326 3771 1340 3784; x_wconf 88' lang='grc'><strong>·</strong></span> <span class='ocrx_word' id='word_1_408' title='bbox 1379 3753 1473 3818; x_wconf 79' lang='grc' dir='ltr'>οὓς</span> <span class='ocrx_word' id='word_1_409' title='bbox 1510 3755 1617 3808; x_wconf 70' lang='grc' dir='ltr'>οὐδ’</span> <span class='ocrx_word' id='word_1_410' title='bbox 1647 3755 1844 3815; x_wconf 59' lang='grc' dir='ltr'>οἵτινές</span> 
     </span>
    </p>
   </div>
   <div class='ocr_carea' id='block_1_54' title="bbox 282 3843 1842 3916">
    <p class='ocr_par' dir='ltr' id='par_1_54' title="bbox 282 3843 1842 3916">
     <span class='ocr_line' id='line_1_54' title="bbox 282 3843 1842 3916; baseline -0.001 -19"><span class='ocrx_word' id='word_1_411' title='bbox 282 3847 406 3899; x_wconf 81' lang='grc' dir='ltr'>εἰσιν</span> <span class='ocrx_word' id='word_1_412' title='bbox 429 3847 477 3899; x_wconf 82' lang='grc' dir='ltr'>οἱ</span> <span class='ocrx_word' id='word_1_413' title='bbox 509 3845 653 3899; x_wconf 84' lang='grc' dir='ltr'>ὀκτὼ</span> <span class='ocrx_word' id='word_1_414' title='bbox 676 3845 986 3916; x_wconf 84' lang='grc' dir='ltr'>δεδύνηνται</span> <span class='ocrx_word' id='word_1_415' title='bbox 1014 3845 1213 3912; x_wconf 85' lang='grc' dir='ltr'>λέγειν,</span> <span class='ocrx_word' id='word_1_416' title='bbox 1241 3847 1512 3914; x_wconf 77' lang='grc' dir='ltr'>ἀποφάσει</span> <span class='ocrx_word' id='word_1_417' title='bbox 1549 3845 1604 3898; x_wconf 80' lang='grc' dir='ltr'>δὲ</span> <span class='ocrx_word' id='word_1_418' title='bbox 1637 3845 1728 3897; x_wconf 85' lang='grc' dir='ltr'>τὸν</span> <span class='ocrx_word' id='word_1_419' title='bbox 1757 3843 1842 3896; x_wconf 79' lang='grc' dir='ltr'><strong>λό-</strong></span> 
     </span>
    </p>
   </div>
   <div class='ocr_carea' id='block_1_55' title="bbox 283 3935 1842 4006">
    <p class='ocr_par' dir='ltr' id='par_1_55' title="bbox 283 3935 1842 4006">
     <span class='ocr_line' id='line_1_55' title="bbox 283 3935 1842 4006; baseline 0 -20"><span class='ocrx_word' id='word_1_420' title='bbox 283 3949 372 4000; x_wconf 83' lang='grc' dir='ltr'><strong>γον</strong></span> <span class='ocrx_word' id='word_1_421' title='bbox 401 3935 770 3988; x_wconf 79' lang='grc' dir='ltr'>ἐπιστώσαντο</span> <span class='ocrx_word' id='word_1_422' title='bbox 801 3935 892 3988; x_wconf 79' lang='grc' dir='ltr'><strong>τὸν</strong></span> <span class='ocrx_word' id='word_1_423' title='bbox 929 3937 1154 3988; x_wconf 60' lang='grc' dir='ltr'>οἰκεῖον</span> <span class='ocrx_word' id='word_1_424' title='bbox 1192 3937 1240 3988; x_wconf 79' lang='grc' dir='ltr'>εἰ</span> <span class='ocrx_word' id='word_1_425' title='bbox 1279 3935 1336 3987; x_wconf 78' lang='grc' dir='ltr'>δὲ</span> <span class='ocrx_word' id='word_1_426' title='bbox 1374 3937 1499 3998; x_wconf 84' lang='grc' dir='ltr'>τοὺς</span> <span class='ocrx_word' id='word_1_427' title='bbox 1541 3937 1842 4006; x_wconf 77' lang='grc' dir='ltr'>ὑπηρετου-</span> 
     </span>
    </p>
   </div>
   <div class='ocr_carea' id='block_1_56' title="bbox 285 4024 1841 4096">
    <p class='ocr_par' dir='ltr' id='par_1_56' title="bbox 285 4024 1841 4096">
     <span class='ocr_line' id='line_1_56' title="bbox 285 4024 1841 4096; baseline 0.001 -20"><span class='ocrx_word' id='word_1_428' title='bbox 285 4025 464 4094; x_wconf 83' lang='grc' dir='ltr'>μένους</span> <span class='ocrx_word' id='word_1_429' title='bbox 515 4027 583 4094; x_wconf 84' lang='grc' dir='ltr'><strong>τῇ</strong></span> <span class='ocrx_word' id='word_1_430' title='bbox 635 4024 882 4094; x_wconf 78' lang='grc' dir='ltr'>βασιλείᾳ</span> <span class='ocrx_word' id='word_1_431' title='bbox 929 4043 1014 4089; x_wconf 89' lang='grc' dir='ltr'><strong>τις</strong></span> <span class='ocrx_word' id='word_1_432' title='bbox 1067 4024 1244 4093; x_wconf 81' lang='grc' dir='ltr'>λέγειν</span> <span class='ocrx_word' id='word_1_433' title='bbox 1285 4025 1476 4092; x_wconf 74' lang='grc' dir='ltr'>ἐθέλοι,</span> <span class='ocrx_word' id='word_1_434' title='bbox 1527 4027 1618 4078; x_wconf 68' lang='grc' dir='ltr'>καὶ</span> <span class='ocrx_word' id='word_1_435' title='bbox 1662 4025 1841 4096; x_wconf 81' lang='grc' dir='ltr'>πολλῷ</span> 
     </span>
    </p>
   </div>
   <div class='ocr_carea' id='block_1_57' title="bbox 282 4114 1843 4187">
    <p class='ocr_par' dir='ltr' id='par_1_57' title="bbox 282 4114 1843 4187">
     <span class='ocr_line' id='line_1_57' title="bbox 282 4114 1843 4187; baseline 0.003 -21"><span class='ocrx_word' id='word_1_436' title='bbox 282 4115 484 4178; x_wconf 81' lang='grc' dir='ltr'>πλείους</span> <span class='ocrx_word' id='word_1_437' title='bbox 499 4114 609 4168; x_wconf 81' lang='grc' dir='ltr'>τῶν</span> <span class='ocrx_word' id='word_1_438' title='bbox 627 4115 772 4167; x_wconf 83' lang='grc' dir='ltr'>ὀκτὼ</span> <span class='ocrx_word' id='word_1_439' title='bbox 791 4115 1039 4182; x_wconf 79' lang='grc' dir='ltr'>γενέσθαι</span> <span class='ocrx_word' id='word_1_440' title='bbox 1059 4116 1185 4187; x_wconf 81' lang='grc' dir='ltr'>δυνή</span> <span class='ocrx_word' id='word_1_441' title='bbox 1195 4134 1394 4170; x_wconf 79' lang='grc' dir='ltr'>σονται.</span> <span class='ocrx_word' id='word_1_442' title='bbox 1423 4118 1496 4187; x_wconf 89' lang='lat' dir='ltr'><strong>(p.</strong></span> <span class='ocrx_word' id='word_1_443' title='bbox 1520 4119 1642 4187; x_wconf 62' lang='lat'><strong>£99)</strong></span> <span class='ocrx_word' id='word_1_444' title='bbox 1683 4118 1843 4171; x_wconf 80' lang='grc' dir='ltr'>Ἀλλὰ</span> 
     </span>
    </p>
   </div>
   <div class='ocr_carea' id='block_1_58' title="bbox 1934 1656 3504 1722">
    <p class='ocr_par' dir='ltr' id='par_1_58' title="bbox 1934 1656 3504 1722">
     <span class='ocr_line' id='line_1_58' title="bbox 1934 1656 3504 1722; baseline 0.001 -12"><span class='ocrx_word' id='word_1_445' title='bbox 1934 1656 2209 1710; x_wconf 90' lang='lat' dir='ltr'><strong>robabelis</strong></span> <span class='ocrx_word' id='word_1_446' title='bbox 2259 1656 2438 1711; x_wconf 90' lang='lat' dir='ltr'><strong>adhuc</strong></span> <span class='ocrx_word' id='word_1_447' title='bbox 2466 1673 2565 1711; x_wconf 90' lang='lat' dir='ltr'><strong>sua</strong></span> <span class='ocrx_word' id='word_1_448' title='bbox 2593 1666 2751 1713; x_wconf 74' lang='lat' dir='ltr'><strong>aetate</strong></span> <span class='ocrx_word' id='word_1_449' title='bbox 2783 1668 3044 1722; x_wconf 90' lang='lat' dir='ltr'><strong>remotas,</strong></span> <span class='ocrx_word' id='word_1_450' title='bbox 3088 1659 3402 1714; x_wconf 87' lang='lat' dir='ltr'><strong>necessario</strong></span> <span class='ocrx_word' id='word_1_451' title='bbox 3431 1659 3504 1713; x_wconf 90' lang='lat' dir='ltr'><strong>ob</strong></span> 
     </span>
    </p>
   </div>
   <div class='ocr_carea' id='block_1_59' title="bbox 1932 1749 3502 1820">
    <p class='ocr_par' dir='ltr' id='par_1_59' title="bbox 1932 1749 3502 1820">
     <span class='ocr_line' id='line_1_59' title="bbox 1932 1749 3502 1820; baseline 0.001 -17"><span class='ocrx_word' id='word_1_452' title='bbox 1932 1760 2225 1803; x_wconf 74' lang='lat' dir='ltr'><strong>eventuum</strong></span> <span class='ocrx_word' id='word_1_453' title='bbox 2255 1749 2654 1817; x_wconf 72' lang='lat' dir='ltr'><strong>cognationem,</strong></span> <span class='ocrx_word' id='word_1_454' title='bbox 2691 1749 2755 1803; x_wconf 90' lang='lat' dir='ltr'><strong>ad</strong></span> <span class='ocrx_word' id='word_1_455' title='bbox 2787 1751 3182 1820; x_wconf 84' lang='lat' dir='ltr'><strong>propositionis</strong></span> <span class='ocrx_word' id='word_1_456' title='bbox 3211 1751 3502 1806; x_wconf 86' lang='lat' dir='ltr'><strong>confirma-</strong></span> 
     </span>
    </p>
   </div>
   <div class='ocr_carea' id='block_1_60' title="bbox 1933 1840 3504 1913">
    <p class='ocr_par' dir='ltr' id='par_1_60' title="bbox 1933 1840 3504 1913">
     <span class='ocr_line' id='line_1_60' title="bbox 1933 1840 3504 1913; baseline 0.001 -19"><span class='ocrx_word' id='word_1_457' title='bbox 1933 1840 2158 1906; x_wconf 83' lang='lat' dir='ltr'><strong>tionem,</strong></span> <span class='ocrx_word' id='word_1_458' title='bbox 2215 1847 2478 1895; x_wconf 86' lang='lat' dir='ltr'><strong>memorat</strong></span> <span class='ocrx_word' id='word_1_459' title='bbox 2533 1840 2932 1910; x_wconf 80' lang='lat' dir='ltr'><strong>expeditionem</strong></span> <span class='ocrx_word' id='word_1_460' title='bbox 2990 1843 3339 1913; x_wconf 78' lang='lat' dir='ltr'><strong>Assyriorum</strong></span> <span class='ocrx_word' id='word_1_461' title='bbox 3399 1843 3504 1898; x_wconf 88' lang='lat' dir='ltr'><strong>sub</strong></span> 
     </span>
    </p>
   </div>
   <div class='ocr_carea' id='block_1_61' title="bbox 1933 1931 3504 2005">
    <p class='ocr_par' dir='ltr' id='par_1_61' title="bbox 1933 1931 3504 2005">
     <span class='ocr_line' id='line_1_61' title="bbox 1933 1931 3504 2005; baseline 0.003 -19"><span class='ocrx_word' id='word_1_462' title='bbox 1933 1931 2150 1997; x_wconf 81' lang='lat' dir='ltr'><strong>Ezecia,</strong></span> <span class='ocrx_word' id='word_1_463' title='bbox 2191 1933 2376 2002; x_wconf 88' lang='lat' dir='ltr'><strong>aitque</strong></span> <span class='ocrx_word' id='word_1_464' title='bbox 2401 1949 2452 1984; x_wconf 68' lang='grc' dir='ltr'><strong>ελ</strong></span> <span class='ocrx_word' id='word_1_465' title='bbox 2477 1931 2542 1985; x_wconf 85' lang='lat' dir='ltr'><strong>Et</strong></span> <span class='ocrx_word' id='word_1_466' title='bbox 2567 1933 2671 1987; x_wconf 92' lang='lat' dir='ltr'><strong>erit</strong></span> <span class='ocrx_word' id='word_1_467' title='bbox 2703 1933 2818 1987; x_wconf 67' lang='lat' dir='ltr'><strong>haec</strong></span> <span class='ocrx_word' id='word_1_468' title='bbox 2851 1949 2975 2002; x_wconf 82' lang='lat' dir='ltr'><strong>pax,</strong></span> <span class='ocrx_word' id='word_1_469' title='bbox 3001 1937 3224 2003; x_wconf 87' lang='lat' dir='ltr'><strong>quando</strong></span> <span class='ocrx_word' id='word_1_470' title='bbox 3245 1935 3504 2005; x_wconf 84' lang='lat' dir='ltr'><strong>Assyrius</strong></span> 
     </span>
    </p>
   </div>
   <div class='ocr_carea' id='block_1_62' title="bbox 1931 2019 3505 2094">
    <p class='ocr_par' dir='ltr' id='par_1_62' title="bbox 1931 2019 3505 2094">
     <span class='ocr_line' id='line_1_62' title="bbox 1931 2019 3505 2094; baseline 0.003 -20"><span class='ocrx_word' id='word_1_471' title='bbox 1931 2019 2145 2076; x_wconf 79' lang='lat' dir='ltr'><strong>venerit</strong></span> <span class='ocrx_word' id='word_1_472' title='bbox 2168 2022 2220 2074; x_wconf 91' lang='lat' dir='ltr'><strong>in</strong></span> <span class='ocrx_word' id='word_1_473' title='bbox 2249 2026 2453 2075; x_wconf 91' lang='lat' dir='ltr'><strong>terram</strong></span> <span class='ocrx_word' id='word_1_474' title='bbox 2477 2030 2736 2086; x_wconf 82' lang='lat' dir='ltr'><strong>vestram,</strong></span> <span class='ocrx_word' id='word_1_475' title='bbox 2770 2031 2824 2078; x_wconf 87' lang='lat' dir='ltr'><strong>et</strong></span> <span class='ocrx_word' id='word_1_476' title='bbox 2854 2025 3074 2094; x_wconf 89' lang='lat' dir='ltr'><strong>quando</strong></span> <span class='ocrx_word' id='word_1_477' title='bbox 3108 2025 3419 2090; x_wconf 79' lang='lat' dir='ltr'><strong>ascenderit</strong></span> <span class='ocrx_word' id='word_1_478' title='bbox 3448 2029 3505 2079; x_wconf 86' lang='lat' dir='ltr'><strong>in</strong></span> 
     </span>
    </p>
   </div>
   <div class='ocr_carea' id='block_1_63' title="bbox 1934 2111 3506 2184">
    <p class='ocr_par' dir='ltr' id='par_1_63' title="bbox 1934 2111 3506 2184">
     <span class='ocr_line' id='line_1_63' title="bbox 1934 2111 3506 2184; baseline 0.004 -20"><span class='ocrx_word' id='word_1_479' title='bbox 1934 2111 2211 2182; x_wconf 80' lang='lat' dir='ltr'><strong>regionem</strong></span> <span class='ocrx_word' id='word_1_480' title='bbox 2243 2121 2507 2166; x_wconf 76' lang='lat' dir='ltr'><strong>vestram.</strong></span> <span class='ocrx_word' id='word_1_481' title='bbox 2533 2133 2553 2165; x_wconf 74' lang='grc' dir='ltr'><strong>ι</strong></span> <span class='ocrx_word' id='word_1_482' title='bbox 2593 2113 2750 2181; x_wconf 86' lang='lat' dir='ltr'><strong>Quod</strong></span> <span class='ocrx_word' id='word_1_483' title='bbox 2785 2114 3079 2184; x_wconf 86' lang='lat' dir='ltr'><strong>aliquando</strong></span> <span class='ocrx_word' id='word_1_484' title='bbox 3129 2115 3291 2170; x_wconf 82' lang='lat' dir='ltr'><strong>faciet</strong></span> <span class='ocrx_word' id='word_1_485' title='bbox 3321 2115 3506 2170; x_wconf 83' lang='lat' dir='ltr'><strong>Domi-</strong></span> 
     </span>
    </p>
   </div>
   <div class='ocr_carea' id='block_1_64' title="bbox 1934 2200 3504 2270">
    <p class='ocr_par' dir='ltr' id='par_1_64' title="bbox 1934 2200 3504 2270">
     <span class='ocr_line' id='line_1_64' title="bbox 1934 2200 3504 2270; baseline 0.003 -15"><span class='ocrx_word' id='word_1_486' title='bbox 1934 2216 2041 2256; x_wconf 88' lang='lat' dir='ltr'><strong>nus</strong></span> <span class='ocrx_word' id='word_1_487' title='bbox 2068 2215 2163 2270; x_wconf 90' lang='lat' dir='ltr'><strong>per</strong></span> <span class='ocrx_word' id='word_1_488' title='bbox 2190 2200 2604 2270; x_wconf 83' lang='lat' dir='ltr'><strong>Zorobabelem,</strong></span> <span class='ocrx_word' id='word_1_489' title='bbox 2639 2211 2850 2257; x_wconf 90' lang='lat' dir='ltr'><strong>tantum</strong></span> <span class='ocrx_word' id='word_1_490' title='bbox 2881 2205 3080 2260; x_wconf 82' lang='lat' dir='ltr'><strong>sedans</strong></span> <span class='ocrx_word' id='word_1_491' title='bbox 3106 2205 3330 2270; x_wconf 90' lang='lat' dir='ltr'><strong>bellum,</strong></span> <span class='ocrx_word' id='word_1_492' title='bbox 3373 2206 3504 2260; x_wconf 84' lang='lat' dir='ltr'><strong>vali-</strong></span> 
     </span>
    </p>
   </div>
   <div class='ocr_carea' id='block_1_65' title="bbox 1933 2294 3506 2366">
    <p class='ocr_par' dir='ltr' id='par_1_65' title="bbox 1933 2294 3506 2366">
     <span class='ocr_line' id='line_1_65' title="bbox 1933 2294 3506 2366; baseline 0.003 -18"><span class='ocrx_word' id='word_1_493' title='bbox 1933 2294 2168 2363; x_wconf 88' lang='lat' dir='ltr'><strong>damque</strong></span> <span class='ocrx_word' id='word_1_494' title='bbox 2197 2309 2383 2364; x_wconf 88' lang='lat' dir='ltr'><strong>pacem</strong></span> <span class='ocrx_word' id='word_1_495' title='bbox 2421 2295 2538 2350; x_wconf 88' lang='lat' dir='ltr'><strong>suis</strong></span> <span class='ocrx_word' id='word_1_496' title='bbox 2568 2295 2908 2364; x_wconf 84' lang='lat' dir='ltr'><strong>concedens;</strong></span> <span class='ocrx_word' id='word_1_497' title='bbox 2960 2296 3013 2352; x_wconf 89' lang='lat' dir='ltr'><strong>id</strong></span> <span class='ocrx_word' id='word_1_498' title='bbox 3038 2298 3214 2366; x_wconf 90' lang='lat' dir='ltr'><strong>ipsum</strong></span> <span class='ocrx_word' id='word_1_499' title='bbox 3245 2298 3338 2352; x_wconf 89' lang='lat' dir='ltr'><strong>illo</strong></span> <span class='ocrx_word' id='word_1_500' title='bbox 3367 2306 3506 2353; x_wconf 84' lang='lat' dir='ltr'><strong>tent-</strong></span> 
     </span>
    </p>
   </div>
   <div class='ocr_carea' id='block_1_66' title="bbox 1935 2385 3508 2459">
    <p class='ocr_par' dir='ltr' id='par_1_66' title="bbox 1935 2385 3508 2459">
     <span class='ocr_line' id='line_1_66' title="bbox 1935 2385 3508 2459; baseline 0.002 -20"><span class='ocrx_word' id='word_1_501' title='bbox 1935 2399 2068 2455; x_wconf 87' lang='lat' dir='ltr'><strong>pore</strong></span> <span class='ocrx_word' id='word_1_502' title='bbox 2089 2385 2251 2439; x_wconf 90' lang='lat' dir='ltr'><strong>nobis</strong></span> <span class='ocrx_word' id='word_1_503' title='bbox 2274 2387 2584 2456; x_wconf 90' lang='lat' dir='ltr'><strong>propinquo</strong></span> <span class='ocrx_word' id='word_1_504' title='bbox 2602 2387 2786 2450; x_wconf 79' lang='lat' dir='ltr'><strong>faciet,</strong></span> <span class='ocrx_word' id='word_1_505' title='bbox 2808 2389 3030 2457; x_wconf 88' lang='lat' dir='ltr'><strong>quando</strong></span> <span class='ocrx_word' id='word_1_506' title='bbox 3046 2390 3303 2459; x_wconf 80' lang='lat' dir='ltr'><strong>Assyrius</strong></span> <span class='ocrx_word' id='word_1_507' title='bbox 3333 2389 3508 2443; x_wconf 82' lang='lat' dir='ltr'><strong>veniet</strong></span> 
     </span>
    </p>
   </div>
   <div class='ocr_carea' id='block_1_67' title="bbox 1935 2473 3507 2533">
    <p class='ocr_par' dir='ltr' id='par_1_67' title="bbox 1935 2473 3507 2533">
     <span class='ocr_line' id='line_1_67' title="bbox 1935 2473 3507 2533; baseline -0.001 -3"><span class='ocrx_word' id='word_1_508' title='bbox 1935 2483 2126 2530; x_wconf 88' lang='lat' dir='ltr'><strong>contra</strong></span> <span class='ocrx_word' id='word_1_509' title='bbox 2159 2473 2536 2530; x_wconf 80' lang='lat' dir='ltr'><strong>Hierusalem:</strong></span> <span class='ocrx_word' id='word_1_510' title='bbox 2574 2485 2704 2532; x_wconf 91' lang='lat' dir='ltr'><strong>tunc</strong></span> <span class='ocrx_word' id='word_1_511' title='bbox 2753 2479 2898 2532; x_wconf 87' lang='lat' dir='ltr'><strong>enim</strong></span> <span class='ocrx_word' id='word_1_512' title='bbox 2927 2479 3252 2533; x_wconf 86' lang='lat' dir='ltr'><strong>mirabiliter</strong></span> <span class='ocrx_word' id='word_1_513' title='bbox 3305 2488 3507 2533; x_wconf 86' lang='lat' dir='ltr'><strong>tantam</strong></span> 
     </span>
    </p>
   </div>
   <div class='ocr_carea' id='block_1_68' title="bbox 1935 2565 3509 2641">
    <p class='ocr_par' dir='ltr' id='par_1_68' title="bbox 1935 2565 3509 2641">
     <span class='ocr_line' id='line_1_68' title="bbox 1935 2565 3509 2641; baseline 0.002 -19"><span class='ocrx_word' id='word_1_514' title='bbox 1935 2565 2241 2638; x_wconf 76' lang='lat' dir='ltr'><strong>proﬂigabit</strong></span> <span class='ocrx_word' id='word_1_515' title='bbox 2285 2568 2734 2624; x_wconf 86' lang='lat' dir='ltr'><strong>multitudinem:</strong></span> <span class='ocrx_word' id='word_1_516' title='bbox 2780 2570 3110 2641; x_wconf 83' lang='lat' dir='ltr'><strong>insperatam</strong></span> <span class='ocrx_word' id='word_1_517' title='bbox 3163 2580 3340 2625; x_wconf 85' lang='lat' dir='ltr'><strong>autem</strong></span> <span class='ocrx_word' id='word_1_518' title='bbox 3393 2571 3509 2627; x_wconf 88' lang='lat' dir='ltr'><strong>suis</strong></span> 
     </span>
    </p>
   </div>
   <div class='ocr_carea' id='block_1_69' title="bbox 1936 2659 3508 2734">
    <p class='ocr_par' dir='ltr' id='par_1_69' title="bbox 1936 2659 3508 2734">
     <span class='ocr_line' id='line_1_69' title="bbox 1936 2659 3508 2734; baseline 0.002 -20"><span class='ocrx_word' id='word_1_519' title='bbox 1936 2659 2200 2714; x_wconf 87' lang='lat' dir='ltr'><strong>concedet</strong></span> <span class='ocrx_word' id='word_1_520' title='bbox 2230 2676 2442 2731; x_wconf 86' lang='lat' dir='ltr'><strong>pacem,</strong></span> <span class='ocrx_word' id='word_1_521' title='bbox 2485 2661 2676 2716; x_wconf 81' lang='lat' dir='ltr'><strong>Ezecia</strong></span> <span class='ocrx_word' id='word_1_522' title='bbox 2712 2672 2994 2734; x_wconf 86' lang='lat' dir='ltr'><strong>regnante,</strong></span> <span class='ocrx_word' id='word_1_523' title='bbox 3028 2681 3094 2719; x_wconf 73' lang='lat' dir='ltr'><strong>ex</strong></span> <span class='ocrx_word' id='word_1_524' title='bbox 3125 2664 3344 2718; x_wconf 81' lang='lat' dir='ltr'><strong>Davidis</strong></span> <span class='ocrx_word' id='word_1_525' title='bbox 3379 2679 3508 2719; x_wconf 82' lang='lat' dir='ltr'><strong>suc—</strong></span> 
     </span>
    </p>
   </div>
   <div class='ocr_carea' id='block_1_70' title="bbox 1937 2753 3512 2824">
    <p class='ocr_par' dir='ltr' id='par_1_70' title="bbox 1937 2753 3512 2824">
     <span class='ocr_line' id='line_1_70' title="bbox 1937 2753 3512 2824; baseline 0.003 -20"><span class='ocrx_word' id='word_1_526' title='bbox 1937 2753 2274 2817; x_wconf 90' lang='lat' dir='ltr'><strong>cessoribus,</strong></span> <span class='ocrx_word' id='word_1_527' title='bbox 2311 2754 2612 2808; x_wconf 86' lang='lat' dir='ltr'><strong>secundum</strong></span> <span class='ocrx_word' id='word_1_528' title='bbox 2640 2755 2881 2809; x_wconf 83' lang='lat' dir='ltr'><strong>divinam</strong></span> <span class='ocrx_word' id='word_1_529' title='bbox 2913 2756 3352 2824; x_wconf 88' lang='lat' dir='ltr'><strong>promissionem.</strong></span> <span class='ocrx_word' id='word_1_530' title='bbox 3387 2753 3512 2809; x_wconf 74' lang='lat' dir='ltr'><strong>Mox</strong></span> 
     </span>
    </p>
   </div>
   <div class='ocr_carea' id='block_1_71' title="bbox 1939 2842 3512 2914">
    <p class='ocr_par' dir='ltr' id='par_1_71' title="bbox 1939 2842 3512 2914">
     <span class='ocr_line' id='line_1_71' title="bbox 1939 2842 3512 2914; baseline 0.003 -21"><span class='ocrx_word' id='word_1_531' title='bbox 1939 2842 2118 2895; x_wconf 89' lang='lat' dir='ltr'><strong>futura</strong></span> <span class='ocrx_word' id='word_1_532' title='bbox 2141 2843 2362 2899; x_wconf 84' lang='lat' dir='ltr'><strong>dicens:</strong></span> <span class='ocrx_word' id='word_1_533' title='bbox 2385 2862 2402 2893; x_wconf 76' lang='grc' dir='ltr'><strong>ι</strong></span> <span class='ocrx_word' id='word_1_534' title='bbox 2425 2842 2488 2896; x_wconf 85' lang='lat' dir='ltr'><strong>Et</strong></span> <span class='ocrx_word' id='word_1_535' title='bbox 2518 2853 2852 2914; x_wconf 81' lang='lat' dir='ltr'><strong>consurgent</strong></span> <span class='ocrx_word' id='word_1_536' title='bbox 2867 2845 3131 2900; x_wconf 89' lang='lat' dir='ltr'><strong>adversus</strong></span> <span class='ocrx_word' id='word_1_537' title='bbox 3153 2860 3277 2900; x_wconf 90' lang='lat' dir='ltr'><strong>eum</strong></span> <span class='ocrx_word' id='word_1_538' title='bbox 3303 2853 3512 2913; x_wconf 77' lang='lat' dir='ltr'><strong>septem</strong></span> 
     </span>
    </p>
   </div>
   <div class='ocr_carea' id='block_1_72' title="bbox 1935 2933 3511 3003">
    <p class='ocr_par' dir='ltr' id='par_1_72' title="bbox 1935 2933 3511 3003">
     <span class='ocr_line' id='line_1_72' title="bbox 1935 2933 3511 3003; baseline 0.002 -20"><span class='ocrx_word' id='word_1_539' title='bbox 1935 2942 2207 3001; x_wconf 82' lang='lat' dir='ltr'><strong>pastores,</strong></span> <span class='ocrx_word' id='word_1_540' title='bbox 2269 2945 2324 2989; x_wconf 90' lang='lat' dir='ltr'><strong>et</strong></span> <span class='ocrx_word' id='word_1_541' title='bbox 2372 2943 2496 2988; x_wconf 91' lang='lat' dir='ltr'><strong>octo</strong></span> <span class='ocrx_word' id='word_1_542' title='bbox 2543 2950 2760 2990; x_wconf 88' lang='lat' dir='ltr'><strong>morsus</strong></span> <span class='ocrx_word' id='word_1_543' title='bbox 2809 2935 3112 2988; x_wconf 87' lang='lat' dir='ltr'><strong>hominum.</strong></span> <span class='ocrx_word' id='word_1_544' title='bbox 3169 2933 3233 2986; x_wconf 84' lang='lat' dir='ltr'><strong>Et</strong></span> <span class='ocrx_word' id='word_1_545' title='bbox 3287 2940 3511 3003; x_wconf 90' lang='lat' dir='ltr'><strong>pascent</strong></span> 
     </span>
    </p>
   </div>
   <div class='ocr_carea' id='block_1_73' title="bbox 1935 3023 3511 3095">
    <p class='ocr_par' dir='ltr' id='par_1_73' title="bbox 1935 3023 3511 3095">
     <span class='ocr_line' id='line_1_73' title="bbox 1935 3023 3511 3095; baseline -0.001 -19"><span class='ocrx_word' id='word_1_546' title='bbox 1935 3024 2221 3095; x_wconf 84' lang='lat' dir='ltr'><strong>Assyrium</strong></span> <span class='ocrx_word' id='word_1_547' title='bbox 2273 3023 2327 3077; x_wconf 93' lang='lat' dir='ltr'><strong>in</strong></span> <span class='ocrx_word' id='word_1_548' title='bbox 2359 3024 2562 3094; x_wconf 88' lang='lat' dir='ltr'><strong>gladio,</strong></span> <span class='ocrx_word' id='word_1_549' title='bbox 2619 3034 2672 3080; x_wconf 89' lang='lat' dir='ltr'><strong>et</strong></span> <span class='ocrx_word' id='word_1_550' title='bbox 2719 3033 2918 3079; x_wconf 88' lang='lat' dir='ltr'><strong>terram</strong></span> <span class='ocrx_word' id='word_1_551' title='bbox 2950 3025 3185 3080; x_wconf 87' lang='lat' dir='ltr'><strong>Nebrodi</strong></span> <span class='ocrx_word' id='word_1_552' title='bbox 3247 3025 3301 3078; x_wconf 91' lang='lat' dir='ltr'><strong>in</strong></span> <span class='ocrx_word' id='word_1_553' title='bbox 3356 3023 3511 3078; x_wconf 77' lang='lat' dir='ltr'><strong>fovea</strong></span> 
     </span>
    </p>
   </div>
   <div class='ocr_carea' id='block_1_74' title="bbox 1936 3111 3508 3183">
    <p class='ocr_par' dir='ltr' id='par_1_74' title="bbox 1936 3111 3508 3183">
     <span class='ocr_line' id='line_1_74' title="bbox 1936 3111 3508 3183; baseline -0.003 -17"><span class='ocrx_word' id='word_1_554' title='bbox 1936 3113 2076 3181; x_wconf 85' lang='lat' dir='ltr'><strong>ejus.</strong></span> <span class='ocrx_word' id='word_1_555' title='bbox 2103 3133 2122 3164; x_wconf 71' lang='grc' dir='ltr'><strong>ο</strong></span> <span class='ocrx_word' id='word_1_556' title='bbox 2161 3111 2377 3182; x_wconf 87' lang='lat' dir='ltr'><strong>Septem</strong></span> <span class='ocrx_word' id='word_1_557' title='bbox 2408 3123 2678 3183; x_wconf 82' lang='lat' dir='ltr'><strong>pastores,</strong></span> <span class='ocrx_word' id='word_1_558' title='bbox 2705 3122 2758 3167; x_wconf 90' lang='lat' dir='ltr'><strong>et</strong></span> <span class='ocrx_word' id='word_1_559' title='bbox 2787 3123 2911 3167; x_wconf 91' lang='lat' dir='ltr'><strong>octo</strong></span> <span class='ocrx_word' id='word_1_560' title='bbox 2951 3129 3172 3168; x_wconf 89' lang='lat' dir='ltr'><strong>morsus</strong></span> <span class='ocrx_word' id='word_1_561' title='bbox 3203 3113 3508 3175; x_wconf 87' lang='lat' dir='ltr'><strong>hominum,</strong></span> 
     </span>
    </p>
   </div>
   <div class='ocr_carea' id='block_1_75' title="bbox 1937 3203 3512 3272">
    <p class='ocr_par' dir='ltr' id='par_1_75' title="bbox 1937 3203 3512 3272">
     <span class='ocr_line' id='line_1_75' title="bbox 1937 3203 3512 3272; baseline 0.002 -17"><span class='ocrx_word' id='word_1_562' title='bbox 1937 3203 2244 3258; x_wconf 82' lang='lat' dir='ltr'><strong>fabulosius</strong></span> <span class='ocrx_word' id='word_1_563' title='bbox 2309 3205 2561 3258; x_wconf 89' lang='lat' dir='ltr'><strong>nonnulli</strong></span> <span class='ocrx_word' id='word_1_564' title='bbox 2633 3205 3036 3267; x_wconf 75' lang='lat' dir='ltr'><strong>intellexerunt,</strong></span> <span class='ocrx_word' id='word_1_565' title='bbox 3107 3205 3232 3258; x_wconf 91' lang='lat' dir='ltr'><strong>dum</strong></span> <span class='ocrx_word' id='word_1_566' title='bbox 3303 3213 3512 3272; x_wconf 75' lang='lat' dir='ltr'><strong>svptem</strong></span> 
     </span>
    </p>
   </div>
   <div class='ocr_carea' id='block_1_76' title="bbox 1936 3296 3510 3366">
    <p class='ocr_par' dir='ltr' id='par_1_76' title="bbox 1936 3296 3510 3366">
     <span class='ocr_line' id='line_1_76' title="bbox 1936 3296 3510 3366; baseline 0 -20"><span class='ocrx_word' id='word_1_567' title='bbox 1936 3305 2210 3366; x_wconf 81' lang='lat' dir='ltr'><strong>pastores,</strong></span> <span class='ocrx_word' id='word_1_568' title='bbox 2247 3305 2453 3365; x_wconf 83' lang='lat' dir='ltr'><strong>septem</strong></span> <span class='ocrx_word' id='word_1_569' title='bbox 2490 3304 2778 3350; x_wconf 87' lang='lat' dir='ltr'><strong>numerant</strong></span> <span class='ocrx_word' id='word_1_570' title='bbox 2807 3296 3131 3364; x_wconf 87' lang='lat' dir='ltr'><strong>prophetas;</strong></span> <span class='ocrx_word' id='word_1_571' title='bbox 3171 3305 3298 3348; x_wconf 92' lang='lat' dir='ltr'><strong>octo</strong></span> <span class='ocrx_word' id='word_1_572' title='bbox 3328 3301 3510 3346; x_wconf 91' lang='lat' dir='ltr'><strong>autem</strong></span> 
     </span>
    </p>
   </div>
   <div class='ocr_carea' id='block_1_77' title="bbox 1939 3383 3512 3454">
    <p class='ocr_par' dir='ltr' id='par_1_77' title="bbox 1939 3383 3512 3454">
     <span class='ocr_line' id='line_1_77' title="bbox 1939 3383 3512 3454; baseline -0.004 -13"><span class='ocrx_word' id='word_1_573' title='bbox 1939 3401 2177 3452; x_wconf 87' lang='lat' dir='ltr'><strong>morsus,</strong></span> <span class='ocrx_word' id='word_1_574' title='bbox 2223 3386 2470 3442; x_wconf 85' lang='lat' dir='ltr'><strong>Ezeciam</strong></span> <span class='ocrx_word' id='word_1_575' title='bbox 2497 3402 2617 3441; x_wconf 91' lang='lat' dir='ltr'><strong>eum</strong></span> <span class='ocrx_word' id='word_1_576' title='bbox 2655 3387 2770 3441; x_wconf 89' lang='lat' dir='ltr'><strong>suis</strong></span> <span class='ocrx_word' id='word_1_577' title='bbox 2819 3387 2968 3454; x_wconf 80' lang='lat' dir='ltr'><strong>regni</strong></span> <span class='ocrx_word' id='word_1_578' title='bbox 2999 3383 3338 3438; x_wconf 89' lang='lat' dir='ltr'><strong>administris</strong></span> <span class='ocrx_word' id='word_1_579' title='bbox 3389 3396 3512 3435; x_wconf 81' lang='lat' dir='ltr'><strong>esse</strong></span> 
     </span>
    </p>
   </div>
   <div class='ocr_carea' id='block_1_78' title="bbox 1939 3475 3510 3549">
    <p class='ocr_par' dir='ltr' id='par_1_78' title="bbox 1939 3475 3510 3549">
     <span class='ocr_line' id='line_1_78' title="bbox 1939 3475 3510 3549; baseline -0.005 -18"><span class='ocrx_word' id='word_1_580' title='bbox 1939 3480 2146 3534; x_wconf 87' lang='lat' dir='ltr'><strong>a‘ientes</strong></span> <span class='ocrx_word' id='word_1_581' title='bbox 2170 3497 2185 3546; x_wconf 90' lang='lat'><strong>;</strong></span> <span class='ocrx_word' id='word_1_582' title='bbox 2210 3494 2334 3533; x_wconf 90' lang='lat' dir='ltr'><strong>nam</strong></span> <span class='ocrx_word' id='word_1_583' title='bbox 2360 3494 2458 3532; x_wconf 87' lang='lat' dir='ltr'><strong>nec</strong></span> <span class='ocrx_word' id='word_1_584' title='bbox 2485 3478 2578 3549; x_wconf 89' lang='lat' dir='ltr'><strong>qui</strong></span> <span class='ocrx_word' id='word_1_585' title='bbox 2604 3479 2714 3532; x_wconf 89' lang='lat' dir='ltr'><strong>sint</strong></span> <span class='ocrx_word' id='word_1_586' title='bbox 2735 3478 2788 3530; x_wconf 92' lang='lat' dir='ltr'><strong>hi</strong></span> <span class='ocrx_word' id='word_1_587' title='bbox 2811 3485 2956 3538; x_wconf 90' lang='lat' dir='ltr'><strong>octo,</strong></span> <span class='ocrx_word' id='word_1_588' title='bbox 2983 3475 3168 3529; x_wconf 86' lang='lat' dir='ltr'><strong>dicere</strong></span> <span class='ocrx_word' id='word_1_589' title='bbox 3191 3481 3510 3542; x_wconf 89' lang='lat' dir='ltr'><strong>potuerunt,</strong></span> 
     </span>
    </p>
   </div>
   <div class='ocr_carea' id='block_1_79' title="bbox 1939 3563 3508 3638">
    <p class='ocr_par' dir='ltr' id='par_1_79' title="bbox 1939 3563 3508 3638">
     <span class='ocr_line' id='line_1_79' title="bbox 1939 3563 3508 3638; baseline -0.004 -14"><span class='ocrx_word' id='word_1_590' title='bbox 1939 3571 2162 3638; x_wconf 89' lang='lat' dir='ltr'><strong>solaque</strong></span> <span class='ocrx_word' id='word_1_591' title='bbox 2209 3569 2588 3623; x_wconf 87' lang='lat' dir='ltr'><strong>adfirmatione</strong></span> <span class='ocrx_word' id='word_1_592' title='bbox 2621 3568 2857 3622; x_wconf 88' lang='lat' dir='ltr'><strong>sermoni</strong></span> <span class='ocrx_word' id='word_1_593' title='bbox 2905 3581 3006 3620; x_wconf 89' lang='lat' dir='ltr'><strong>suo</strong></span> <span class='ocrx_word' id='word_1_594' title='bbox 3047 3565 3204 3618; x_wconf 86' lang='lat' dir='ltr'><strong>fidem</strong></span> <span class='ocrx_word' id='word_1_595' title='bbox 3240 3563 3508 3617; x_wconf 88' lang='lat' dir='ltr'><strong>fecerunt.</strong></span> 
     </span>
    </p>
   </div>
   <div class='ocr_carea' id='block_1_80' title="bbox 1941 3651 3514 3726">
    <p class='ocr_par' dir='ltr' id='par_1_80' title="bbox 1941 3651 3514 3726">
     <span class='ocr_line' id='line_1_80' title="bbox 1941 3651 3514 3726; baseline -0.001 -17"><span class='ocrx_word' id='word_1_596' title='bbox 1941 3659 2100 3724; x_wconf 88' lang='lat' dir='ltr'><strong>Quod</strong></span> <span class='ocrx_word' id='word_1_597' title='bbox 2131 3659 2176 3712; x_wconf 92' lang='lat' dir='ltr'><strong>si</strong></span> <span class='ocrx_word' id='word_1_598' title='bbox 2213 3674 2402 3712; x_wconf 82' lang='lat' dir='ltr'><strong>revera</strong></span> <span class='ocrx_word' id='word_1_599' title='bbox 2446 3658 2513 3711; x_wconf 91' lang='lat' dir='ltr'><strong>de</strong></span> <span class='ocrx_word' id='word_1_600' title='bbox 2553 3658 2705 3726; x_wconf 77' lang='lat' dir='ltr'><strong>regni</strong></span> <span class='ocrx_word' id='word_1_601' title='bbox 2733 3655 3074 3709; x_wconf 89' lang='lat' dir='ltr'><strong>administris</strong></span> <span class='ocrx_word' id='word_1_602' title='bbox 3123 3655 3360 3722; x_wconf 86' lang='lat' dir='ltr'><strong>cogitare</strong></span> <span class='ocrx_word' id='word_1_603' title='bbox 3389 3651 3514 3722; x_wconf 88' lang='lat' dir='ltr'><strong>quis</strong></span> 
     </span>
    </p>
   </div>
   <div class='ocr_carea' id='block_1_81' title="bbox 1939 3742 3512 3818">
    <p class='ocr_par' dir='ltr' id='par_1_81' title="bbox 1939 3742 3512 3818">
     <span class='ocr_line' id='line_1_81' title="bbox 1939 3742 3512 3818; baseline -0.006 -12"><span class='ocrx_word' id='word_1_604' title='bbox 1939 3753 2088 3812; x_wconf 87' lang='lat' dir='ltr'><strong>velit,</strong></span> <span class='ocrx_word' id='word_1_605' title='bbox 2129 3750 2301 3803; x_wconf 90' lang='lat' dir='ltr'><strong>multo</strong></span> <span class='ocrx_word' id='word_1_606' title='bbox 2331 3749 2515 3818; x_wconf 88' lang='lat' dir='ltr'><strong>plures</strong></span> <span class='ocrx_word' id='word_1_607' title='bbox 2554 3763 2716 3817; x_wconf 90' lang='lat' dir='ltr'><strong>quam</strong></span> <span class='ocrx_word' id='word_1_608' title='bbox 2749 3755 2874 3801; x_wconf 88' lang='lat' dir='ltr'><strong>octo</strong></span> <span class='ocrx_word' id='word_1_609' title='bbox 2898 3761 3018 3800; x_wconf 86' lang='lat' dir='ltr'><strong>esse</strong></span> <span class='ocrx_word' id='word_1_610' title='bbox 3069 3753 3345 3815; x_wconf 90' lang='lat' dir='ltr'><strong>poterunt.</strong></span> <span class='ocrx_word' id='word_1_611' title='bbox 3407 3742 3512 3797; x_wconf 87' lang='lat' dir='ltr'><strong>Sed</strong></span> 
     </span>
    </p>
   </div>
   <div class='ocr_carea' id='block_1_82' title="bbox 1945 3837 3513 3918">
    <p class='ocr_par' dir='ltr' id='par_1_82' title="bbox 1945 3837 3513 3918">
     <span class='ocr_line' id='line_1_82' title="bbox 1945 3837 3513 3918; baseline -0.004 -22"><span class='ocrx_word' id='word_1_612' title='bbox 1945 3842 2106 3918; x_wconf 76' lang='lat'><strong>196</strong></span> <span class='ocrx_word' id='word_1_613' title='bbox 2133 3841 2276 3895; x_wconf 88' lang='lat' dir='ltr'><strong>enim</strong></span> <span class='ocrx_word' id='word_1_614' title='bbox 2311 3856 2466 3894; x_wconf 80' lang='lat' dir='ltr'><strong>error</strong></span> <span class='ocrx_word' id='word_1_615' title='bbox 2493 3839 2580 3894; x_wconf 88' lang='lat' dir='ltr'><strong>his</strong></span> <span class='ocrx_word' id='word_1_616' title='bbox 2602 3840 2697 3908; x_wconf 86' lang='lat' dir='ltr'><strong>qui</strong></span> <span class='ocrx_word' id='word_1_617' title='bbox 2730 3839 2801 3892; x_wconf 89' lang='lat' dir='ltr'><strong>ita</strong></span> <span class='ocrx_word' id='word_1_618' title='bbox 2829 3839 3159 3907; x_wconf 86' lang='lat' dir='ltr'><strong>cogitarunt,</strong></span> <span class='ocrx_word' id='word_1_619' title='bbox 3197 3837 3317 3890; x_wconf 89' lang='lat' dir='ltr'><strong>ideo</strong></span> <span class='ocrx_word' id='word_1_620' title='bbox 3355 3839 3513 3889; x_wconf 83' lang='lat' dir='ltr'><strong>obre-</strong></span> 
     </span>
    </p>
   </div>
   <div class='ocr_carea' id='block_1_83' title="bbox 1941 3927 3511 4006">
    <p class='ocr_par' dir='ltr' id='par_1_83' title="bbox 1941 3927 3511 4006">
     <span class='ocr_line' id='line_1_83' title="bbox 1941 3927 3511 4006; baseline -0.004 -17"><span class='ocrx_word' id='word_1_621' title='bbox 1941 3937 2070 4006; x_wconf 88' lang='lat' dir='ltr'><strong>psit,</strong></span> <span class='ocrx_word' id='word_1_622' title='bbox 2111 3934 2236 4003; x_wconf 89' lang='lat' dir='ltr'><strong>quia</strong></span> <span class='ocrx_word' id='word_1_623' title='bbox 2283 3949 2393 3986; x_wconf 90' lang='lat' dir='ltr'><strong>non</strong></span> <span class='ocrx_word' id='word_1_624' title='bbox 2433 3931 2782 3985; x_wconf 88' lang='lat' dir='ltr'><strong>considerato</strong></span> <span class='ocrx_word' id='word_1_625' title='bbox 2814 3931 3012 3984; x_wconf 59' lang='lat' dir='ltr'><strong>divinae</strong></span> <span class='ocrx_word' id='word_1_626' title='bbox 3042 3929 3338 3999; x_wconf 72' lang='lat' dir='ltr'><strong>Scriptura:</strong></span> <span class='ocrx_word' id='word_1_627' title='bbox 3370 3927 3511 3982; x_wconf 87' lang='lat' dir='ltr'><strong>idio-</strong></span> 
     </span>
    </p>
   </div>
   <div class='ocr_carea' id='block_1_84' title="bbox 1940 4021 3512 4090">
    <p class='ocr_par' dir='ltr' id='par_1_84' title="bbox 1940 4021 3512 4090">
     <span class='ocr_line' id='line_1_84' title="bbox 1940 4021 3512 4090; baseline -0.004 -10"><span class='ocrx_word' id='word_1_628' title='bbox 1940 4027 2122 4089; x_wconf 88' lang='lat' dir='ltr'><strong>tismo,</strong></span> <span class='ocrx_word' id='word_1_629' title='bbox 2182 4025 2357 4079; x_wconf 90' lang='lat' dir='ltr'><strong>coacti</strong></span> <span class='ocrx_word' id='word_1_630' title='bbox 2395 4033 2541 4078; x_wconf 72' lang='lat' dir='ltr'><strong>&#39;sunt</strong></span> <span class='ocrx_word' id='word_1_631' title='bbox 2573 4021 2785 4078; x_wconf 88' lang='lat' dir='ltr'><strong>fabulas</strong></span> <span class='ocrx_word' id='word_1_632' title='bbox 2837 4022 3145 4090; x_wconf 84' lang='lat' dir='ltr'><strong>confingere</strong></span> <span class='ocrx_word' id='word_1_633' title='bbox 3199 4021 3392 4082; x_wconf 87' lang='lat' dir='ltr'><strong>aniles,</strong></span> <span class='ocrx_word' id='word_1_634' title='bbox 3451 4026 3512 4074; x_wconf 82' lang='lat' dir='ltr'><strong>ut</strong></span> 
     </span>
    </p>
   </div>
   <div class='ocr_carea' id='block_1_85' title="bbox 1943 4111 3514 4190">
    <p class='ocr_par' dir='ltr' id='par_1_85' title="bbox 1943 4111 3514 4190">
     <span class='ocr_line' id='line_1_85' title="bbox 1943 4111 3514 4190; baseline -0.005 -16"><span class='ocrx_word' id='word_1_635' title='bbox 1943 4119 2146 4190; x_wconf 90' lang='lat' dir='ltr'><strong>aliquid</strong></span> <span class='ocrx_word' id='word_1_636' title='bbox 2179 4119 2360 4172; x_wconf 89' lang='lat' dir='ltr'><strong>dicere</strong></span> <span class='ocrx_word' id='word_1_637' title='bbox 2389 4117 2724 4172; x_wconf 85' lang='lat' dir='ltr'><strong>viderentur.</strong></span> <span class='ocrx_word' id='word_1_638' title='bbox 2781 4115 2877 4170; x_wconf 87' lang='lat' dir='ltr'><strong>Est</strong></span> <span class='ocrx_word' id='word_1_639' title='bbox 2925 4125 3114 4168; x_wconf 86' lang='lat' dir='ltr'><strong>autem</strong></span> <span class='ocrx_word' id='word_1_640' title='bbox 3135 4115 3331 4168; x_wconf 80' lang='lat' dir='ltr'><strong>divime</strong></span> <span class='ocrx_word' id='word_1_641' title='bbox 3363 4111 3514 4167; x_wconf 88' lang='lat' dir='ltr'><strong>Scri-</strong></span> 
     </span>
    </p>
   </div>
   <div class='ocr_carea' id='block_1_86' title="bbox 281 4204 1835 4312">
    <p class='ocr_par' dir='ltr' id='par_1_86' title="bbox 281 4204 1835 4312">
     <span class='ocr_line' id='line_1_86' title="bbox 281 4204 1835 4280; baseline 0.003 -24"><span class='ocrx_word' id='word_1_642' title='bbox 281 4205 533 4276; x_wconf 80' lang='grc' dir='ltr'>πεποίηκε</span> <span class='ocrx_word' id='word_1_643' title='bbox 579 4204 678 4276; x_wconf 82' lang='grc' dir='ltr'>τὴν</span> <span class='ocrx_word' id='word_1_644' title='bbox 721 4205 927 4275; x_wconf 75' lang='grc' dir='ltr'>πλάνην</span> <span class='ocrx_word' id='word_1_645' title='bbox 981 4211 1093 4270; x_wconf 83' lang='grc' dir='ltr'>τοῖς</span> <span class='ocrx_word' id='word_1_646' title='bbox 1147 4207 1287 4259; x_wconf 76' lang='grc' dir='ltr'>οὕτω</span> <span class='ocrx_word' id='word_1_647' title='bbox 1340 4209 1634 4277; x_wconf 70' lang='grc' dir='ltr'>νενοηκόςι,</span> <span class='ocrx_word' id='word_1_648' title='bbox 1665 4210 1725 4260; x_wconf 72' lang='grc' dir='ltr'>τὸ</span> <span class='ocrx_word' id='word_1_649' title='bbox 1767 4209 1835 4280; x_wconf 81' lang='grc' dir='ltr'>μὴ</span> 
     </span>
     <span class='ocr_line' id='line_1_87' title="bbox 286 4294 1621 4312; baseline 0 0"><span class='ocrx_word' id='word_1_650' title='bbox 286 4294 1621 4312; x_wconf 31' lang='grc' dir='ltr'><strong>Αιι.,,ν-.,.....-...-.</strong></span> 
     </span>
    </p>
   </div>
   <div class='ocr_carea' id='block_1_87' title="bbox 1935 4204 3509 4312">
    <p class='ocr_par' dir='ltr' id='par_1_87' title="bbox 1943 4205 3509 4282">
     <span class='ocr_line' id='line_1_88' title="bbox 1943 4205 3509 4282; baseline -0.005 -16"><span class='ocrx_word' id='word_1_651' title='bbox 1943 4221 2114 4282; x_wconf 69' lang='lat' dir='ltr'><strong>pturae</strong></span> <span class='ocrx_word' id='word_1_652' title='bbox 2168 4211 2501 4274; x_wconf 88' lang='lat' dir='ltr'><strong>idiotismus,</strong></span> <span class='ocrx_word' id='word_1_653' title='bbox 2560 4207 2858 4278; x_wconf 90' lang='lat' dir='ltr'><strong>perfectum</strong></span> <span class='ocrx_word' id='word_1_654' title='bbox 2899 4222 3186 4260; x_wconf 89' lang='lat' dir='ltr'><strong>numerum</strong></span> <span class='ocrx_word' id='word_1_655' title='bbox 3238 4205 3509 4260; x_wconf 87' lang='lat' dir='ltr'><strong>interdum</strong></span> 
     </span>
    </p>
   </div>
   <div class='ocr_carea' id='block_1_88' title="bbox 279 4294 1840 4368">
    <p class='ocr_par' dir='ltr' id='par_1_88' title="bbox 279 4294 1840 4368">
     <span class='ocr_line' id='line_1_89' title="bbox 279 4294 1840 4368; baseline 0.017 -24"><span class='ocrx_word' id='word_1_656' title='bbox 279 4295 405 4364; x_wconf 75' lang='grc' dir='ltr'>πρὸς</span> <span class='ocrx_word' id='word_1_657' title='bbox 439 4295 501 4348; x_wconf 77' lang='grc' dir='ltr'>τὸ</span> <span class='ocrx_word' id='word_1_658' title='bbox 536 4294 735 4365; x_wconf 80' lang='grc' dir='ltr'>ἰδίωμα</span> <span class='ocrx_word' id='word_1_659' title='bbox 776 4296 874 4366; x_wconf 79' lang='grc' dir='ltr'>τῆς</span> <span class='ocrx_word' id='word_1_660' title='bbox 907 4295 1055 4360; x_wconf 87' lang='grc' dir='ltr'>θείας</span> <span class='ocrx_word' id='word_1_661' title='bbox 1087 4298 1306 4368; x_wconf 72' lang='grc' dir='ltr'>Γραφῆς</span> <span class='ocrx_word' id='word_1_662' title='bbox 1345 4299 1576 4363; x_wconf 70' lang='grc' dir='ltr'><strong>ἀπιδεῖν,</strong></span> <span class='ocrx_word' id='word_1_663' title='bbox 1602 4301 1739 4368; x_wconf 76' lang='grc' dir='ltr'>ἀναγ</span> <span class='ocrx_word' id='word_1_664' title='bbox 1745 4319 1840 4353; x_wconf 83' lang='grc' dir='ltr'><strong>κα·</strong></span> 
     </span>
    </p>
   </div>
   <div class='ocr_carea' id='block_1_89' title="bbox 281 4385 1844 4459">
    <p class='ocr_par' dir='ltr' id='par_1_89' title="bbox 281 4385 1844 4459">
     <span class='ocr_line' id='line_1_90' title="bbox 281 4385 1844 4459; baseline 0.006 -23"><span class='ocrx_word' id='word_1_665' title='bbox 281 4386 460 4455; x_wconf 69' lang='grc' dir='ltr'>σθῆναι</span> <span class='ocrx_word' id='word_1_666' title='bbox 486 4386 544 4438; x_wconf 82' lang='grc' dir='ltr'>δὲ</span> <span class='ocrx_word' id='word_1_667' title='bbox 574 4385 824 4439; x_wconf 75' lang='grc' dir='ltr'>ἐντεῦθεν</span> <span class='ocrx_word' id='word_1_668' title='bbox 863 4386 1064 4454; x_wconf 85' lang='grc' dir='ltr'>μύθους</span> <span class='ocrx_word' id='word_1_669' title='bbox 1094 4389 1398 4443; x_wconf 66' lang='grc' dir='ltr'>ἀναπλάσαι</span> <span class='ocrx_word' id='word_1_670' title='bbox 1433 4391 1716 4459; x_wconf 79' lang='grc' dir='ltr'>γραώδεις,</span> <span class='ocrx_word' id='word_1_671' title='bbox 1759 4393 1844 4446; x_wconf 79' lang='grc' dir='ltr'>ἵνα</span> 
     </span>
    </p>
   </div>
   <div class='ocr_carea' id='block_1_90' title="bbox 276 4479 1844 4554">
    <p class='ocr_par' dir='ltr' id='par_1_90' title="bbox 276 4479 1844 4554">
     <span class='ocr_line' id='line_1_91' title="bbox 276 4479 1844 4554; baseline 0.003 -22"><span class='ocrx_word' id='word_1_672' title='bbox 276 4496 325 4532; x_wconf 81' lang='grc' dir='ltr'><strong>τι</strong></span> <span class='ocrx_word' id='word_1_673' title='bbox 364 4479 554 4544; x_wconf 75' lang='grc' dir='ltr'>δόξωσι</span> <span class='ocrx_word' id='word_1_674' title='bbox 594 4481 794 4548; x_wconf 76' lang='grc' dir='ltr'>λέγειν.</span> <span class='ocrx_word' id='word_1_675' title='bbox 839 4480 1052 4550; x_wconf 82' lang='grc' dir='ltr'>’ίδίωμα</span> <span class='ocrx_word' id='word_1_676' title='bbox 1079 4481 1134 4533; x_wconf 77' lang='grc' dir='ltr'><strong><em>δέ</em></strong></span> <span class='ocrx_word' id='word_1_677' title='bbox 1166 4485 1280 4534; x_wconf 77' lang='grc' dir='ltr'>ἐστι</span> <span class='ocrx_word' id='word_1_678' title='bbox 1314 4483 1411 4552; x_wconf 80' lang='grc' dir='ltr'>τῆς</span> <span class='ocrx_word' id='word_1_679' title='bbox 1439 4483 1586 4545; x_wconf 79' lang='grc' dir='ltr'>θείας</span> <span class='ocrx_word' id='word_1_680' title='bbox 1625 4484 1844 4554; x_wconf 72' lang='grc' dir='ltr'>Γραφῆς</span> 
     </span>
    </p>
   </div>
   <div class='ocr_carea' id='block_1_91' title="bbox 275 4567 1842 4644">
    <p class='ocr_par' dir='ltr' id='par_1_91' title="bbox 275 4567 1842 4644">
     <span class='ocr_line' id='line_1_92' title="bbox 275 4567 1842 4644; baseline 0.004 -22"><span class='ocrx_word' id='word_1_681' title='bbox 275 4567 332 4622; x_wconf 71' lang='grc' dir='ltr'><strong>τὸ</strong></span> <span class='ocrx_word' id='word_1_682' title='bbox 371 4571 462 4626; x_wconf 81' lang='grc' dir='ltr'>τὸν</span> <span class='ocrx_word' id='word_1_683' title='bbox 489 4572 698 4625; x_wconf 81' lang='grc' dir='ltr'>τέλειον</span> <span class='ocrx_word' id='word_1_684' title='bbox 746 4573 979 4644; x_wconf 72' lang='grc' dir='ltr'>ἀριθμὸν</span> <span class='ocrx_word' id='word_1_685' title='bbox 1022 4573 1190 4626; x_wconf 84' lang='grc' dir='ltr'>ἐνίοτε</span> <span class='ocrx_word' id='word_1_686' title='bbox 1231 4575 1415 4628; x_wconf 85' lang='grc' dir='ltr'>καλεῖν</span> <span class='ocrx_word' id='word_1_687' title='bbox 1465 4575 1639 4627; x_wconf 79' lang='grc' dir='ltr'>ἑπτά·</span> <span class='ocrx_word' id='word_1_688' title='bbox 1679 4577 1739 4628; x_wconf 85' lang='grc' dir='ltr'>τὸ</span> <span class='ocrx_word' id='word_1_689' title='bbox 1785 4577 1842 4628; x_wconf 76' lang='grc' dir='ltr'>δὲ</span> 
     </span>
    </p>
   </div>
   <div class='ocr_carea' id='block_1_92' title="bbox 277 4662 1842 4736">
    <p class='ocr_par' dir='ltr' id='par_1_92' title="bbox 277 4662 1842 4736">
     <span class='ocr_line' id='line_1_93' title="bbox 277 4662 1842 4736; baseline 0.003 -23"><span class='ocrx_word' id='word_1_690' title='bbox 277 4662 407 4732; x_wconf 81' lang='grc' dir='ltr'>ὑπὲρ</span> <span class='ocrx_word' id='word_1_691' title='bbox 433 4664 616 4726; x_wconf 77' lang='grc' dir='ltr'>τοῦτο,</span> <span class='ocrx_word' id='word_1_692' title='bbox 661 4662 777 4716; x_wconf 71' lang='grc' dir='ltr'>ἀνθ’</span> <span class='ocrx_word' id='word_1_693' title='bbox 815 4663 1116 4732; x_wconf 77' lang='grc' dir='ltr'>ὑπερϐολῆς</span> <span class='ocrx_word' id='word_1_694' title='bbox 1149 4665 1474 4734; x_wconf 83' lang='grc' dir='ltr'>λαμϐάνειν·</span> <span class='ocrx_word' id='word_1_695' title='bbox 1519 4665 1702 4736; x_wconf 76' lang='grc' dir='ltr'>ἐπειδὴ</span> <span class='ocrx_word' id='word_1_696' title='bbox 1733 4666 1842 4735; x_wconf 74' lang='grc' dir='ltr'>γὰρ</span> 
     </span>
    </p>
   </div>
   <div class='ocr_carea' id='block_1_93' title="bbox 275 4754 1844 4827">
    <p class='ocr_par' dir='ltr' id='par_1_93' title="bbox 275 4754 1844 4827">
     <span class='ocr_line' id='line_1_94' title="bbox 275 4754 1844 4827; baseline 0.001 -20"><span class='ocrx_word' id='word_1_697' title='bbox 275 4755 329 4807; x_wconf 77' lang='grc' dir='ltr'>ὲν</span> <span class='ocrx_word' id='word_1_698' title='bbox 355 4754 415 4819; x_wconf 80' lang='grc' dir='ltr'><strong>ἓξ</strong></span> <span class='ocrx_word' id='word_1_699' title='bbox 453 4754 694 4825; x_wconf 80' lang='grc' dir='ltr'>ἡμέραις</span> <span class='ocrx_word' id='word_1_700' title='bbox 724 4755 980 4826; x_wconf 79' lang='grc' dir='ltr'>ἐποίησεν</span> <span class='ocrx_word' id='word_1_701' title='bbox 1008 4755 1036 4806; x_wconf 83' lang='grc' dir='ltr'>ὁ</span> <span class='ocrx_word' id='word_1_702' title='bbox 1067 4756 1196 4820; x_wconf 70' lang='grc' dir='ltr'>θεὸς</span> <span class='ocrx_word' id='word_1_703' title='bbox 1236 4757 1326 4809; x_wconf 75' lang='grc' dir='ltr'>τὸν</span> <span class='ocrx_word' id='word_1_704' title='bbox 1351 4758 1578 4827; x_wconf 74' lang='grc' dir='ltr'>οὐρανὸν</span> <span class='ocrx_word' id='word_1_705' title='bbox 1618 4757 1711 4809; x_wconf 77' lang='grc' dir='ltr'>καὶ</span> <span class='ocrx_word' id='word_1_706' title='bbox 1747 4757 1844 4827; x_wconf 78' lang='grc' dir='ltr'>τὴν</span> 
     </span>
    </p>
   </div>
   <div class='ocr_carea' id='block_1_94' title="bbox 274 4845 1846 4918">
    <p class='ocr_par' dir='ltr' id='par_1_94' title="bbox 274 4845 1846 4918">
     <span class='ocr_line' id='line_1_95' title="bbox 274 4845 1846 4918; baseline 0.001 -22"><span class='ocrx_word' id='word_1_707' title='bbox 274 4846 389 4915; x_wconf 81' lang='grc' dir='ltr'>γῆν,</span> <span class='ocrx_word' id='word_1_708' title='bbox 412 4848 477 4916; x_wconf 82' lang='grc' dir='ltr'>τῇ</span> <span class='ocrx_word' id='word_1_709' title='bbox 504 4845 564 4898; x_wconf 79' lang='grc' dir='ltr'>δὲ</span> <span class='ocrx_word' id='word_1_710' title='bbox 590 4845 793 4916; x_wconf 78' lang='grc' dir='ltr'>ἑϐδόμῃ</span> <span class='ocrx_word' id='word_1_711' title='bbox 817 4847 1155 4898; x_wconf 76' lang='grc' dir='ltr'>κατέπαυσεν</span> <span class='ocrx_word' id='word_1_712' title='bbox 1187 4846 1348 4914; x_wconf 83' lang='grc' dir='ltr'>(ὥστε</span> <span class='ocrx_word' id='word_1_713' title='bbox 1377 4849 1468 4900; x_wconf 84' lang='grc' dir='ltr'>καὶ</span> <span class='ocrx_word' id='word_1_714' title='bbox 1489 4849 1676 4918; x_wconf 83' lang='grc' dir='ltr'>ἀργεῖν</span> <span class='ocrx_word' id='word_1_715' title='bbox 1717 4847 1846 4899; x_wconf 78' lang='grc' dir='ltr'>Ἰου-</span> 
     </span>
    </p>
   </div>
   <div class='ocr_carea' id='block_1_95' title="bbox 275 4926 1846 5010">
    <p class='ocr_par' dir='ltr' id='par_1_95' title="bbox 275 4926 1846 5010">
     <span class='ocr_line' id='line_1_96' title="bbox 275 4926 1846 5010; baseline 0.002 -21"><span class='ocrx_word' id='word_1_716' title='bbox 275 4937 442 5001; x_wconf 74' lang='grc' dir='ltr'>δαίους</span> <span class='ocrx_word' id='word_1_717' title='bbox 465 4937 528 4990; x_wconf 82' lang='grc' dir='ltr'>τὸ</span> <span class='ocrx_word' id='word_1_718' title='bbox 574 4936 845 4990; x_wconf 83' lang='grc' dir='ltr'>σάϐϐατον</span> <span class='ocrx_word' id='word_1_719' title='bbox 883 4937 970 4990; x_wconf 76' lang='grc' dir='ltr'><strong>διὰ</strong></span> <span class='ocrx_word' id='word_1_720' title='bbox 995 4926 1201 5010; x_wconf 64' lang='grc' dir='ltr'><strong>ὶταύτην</strong></span> <span class='ocrx_word' id='word_1_721' title='bbox 1232 4941 1330 5010; x_wconf 84' lang='grc' dir='ltr'>τὴν</span> <span class='ocrx_word' id='word_1_722' title='bbox 1365 4940 1582 5008; x_wconf 72' lang='grc' dir='ltr'>αἰτίαν),</span> <span class='ocrx_word' id='word_1_723' title='bbox 1620 4939 1762 5002; x_wconf 77' lang='grc' dir='ltr'>ἄπας</span> <span class='ocrx_word' id='word_1_724' title='bbox 1788 4956 1846 4992; x_wconf 85' lang='grc' dir='ltr'><strong>τε</strong></span> 
     </span>
    </p>
   </div>
   <div class='ocr_carea' id='block_1_96' title="bbox 275 5027 1847 5098">
    <p class='ocr_par' dir='ltr' id='par_1_96' title="bbox 275 5027 1847 5098">
     <span class='ocr_line' id='line_1_97' title="bbox 275 5027 1847 5098; baseline 0.003 -20"><span class='ocrx_word' id='word_1_725' title='bbox 275 5027 301 5078; x_wconf 83' lang='grc' dir='ltr'>ὁ</span> <span class='ocrx_word' id='word_1_726' title='bbox 331 5029 437 5082; x_wconf 83' lang='grc' dir='ltr'><strong>τῶν</strong></span> <span class='ocrx_word' id='word_1_727' title='bbox 481 5027 708 5098; x_wconf 81' lang='grc' dir='ltr'>ἡμερῶν</span> <span class='ocrx_word' id='word_1_728' title='bbox 755 5028 987 5098; x_wconf 72' lang='grc' dir='ltr'>ἀριθμὸς</span> <span class='ocrx_word' id='word_1_729' title='bbox 1026 5030 1082 5081; x_wconf 80' lang='grc' dir='ltr'>ὲν</span> <span class='ocrx_word' id='word_1_730' title='bbox 1123 5034 1238 5091; x_wconf 81' lang='grc' dir='ltr'>ταῖς</span> <span class='ocrx_word' id='word_1_731' title='bbox 1271 5031 1408 5083; x_wconf 77' lang='grc' dir='ltr'>ἐπτά</span> <span class='ocrx_word' id='word_1_732' title='bbox 1445 5031 1668 5093; x_wconf 77' lang='grc' dir='ltr'>ταύταις</span> <span class='ocrx_word' id='word_1_733' title='bbox 1717 5034 1847 5083; x_wconf 79' lang='grc' dir='ltr'>ἁνα-</span> 
     </span>
    </p>
   </div>
   <div class='ocr_carea' id='block_1_97' title="bbox 274 5119 1844 5191">
    <p class='ocr_par' dir='ltr' id='par_1_97' title="bbox 274 5119 1844 5191">
     <span class='ocr_line' id='line_1_98' title="bbox 274 5119 1844 5191; baseline -0.001 -20"><span class='ocrx_word' id='word_1_734' title='bbox 274 5119 598 5173; x_wconf 79' lang='grc' dir='ltr'>κυκλοῦσθαι</span> <span class='ocrx_word' id='word_1_735' title='bbox 626 5119 808 5184; x_wconf 67' lang='grc' dir='ltr'>εἴωθε,</span> <span class='ocrx_word' id='word_1_736' title='bbox 848 5121 1064 5172; x_wconf 74' lang='grc' dir='ltr'>πάντων</span> <span class='ocrx_word' id='word_1_737' title='bbox 1098 5122 1411 5191; x_wconf 71' lang='grc' dir='ltr'>ἀρχομένων</span> <span class='ocrx_word' id='word_1_738' title='bbox 1447 5123 1544 5191; x_wconf 82' lang='grc' dir='ltr'>μὲν</span> <span class='ocrx_word' id='word_1_739' title='bbox 1570 5121 1674 5173; x_wconf 71' lang='grc' dir='ltr'><strong>ἀπὸ</strong></span> <span class='ocrx_word' id='word_1_740' title='bbox 1697 5120 1844 5191; x_wconf 80' lang='grc' dir='ltr'>πρώ-</span> 
     </span>
    </p>
   </div>
   <div class='ocr_carea' id='block_1_98' title="bbox 275 5209 1838 5282">
    <p class='ocr_par' dir='ltr' id='par_1_98' title="bbox 275 5209 1838 5282">
     <span class='ocr_line' id='line_1_99' title="bbox 275 5209 1838 5282; baseline -0.001 -18"><span class='ocrx_word' id='word_1_741' title='bbox 275 5227 382 5281; x_wconf 84' lang='grc' dir='ltr'>της,</span> <span class='ocrx_word' id='word_1_742' title='bbox 413 5209 696 5282; x_wconf 84' lang='grc' dir='ltr'>ληγόντων</span> <span class='ocrx_word' id='word_1_743' title='bbox 720 5210 778 5262; x_wconf 82' lang='grc' dir='ltr'>δὲ</span> <span class='ocrx_word' id='word_1_744' title='bbox 809 5211 890 5272; x_wconf 85' lang='grc' dir='ltr'><strong>είς</strong></span> <span class='ocrx_word' id='word_1_745' title='bbox 915 5209 1012 5280; x_wconf 81' lang='grc' dir='ltr'>τὴν</span> <span class='ocrx_word' id='word_1_746' title='bbox 1043 5210 1294 5280; x_wconf 78' lang='grc' dir='ltr'>ἑϐδόμην,</span> <span class='ocrx_word' id='word_1_747' title='bbox 1327 5211 1460 5280; x_wconf 80' lang='grc' dir='ltr'>μετὰ</span> <span class='ocrx_word' id='word_1_748' title='bbox 1483 5210 1537 5262; x_wconf 77' lang='grc' dir='ltr'>δὲ</span> <span class='ocrx_word' id='word_1_749' title='bbox 1563 5210 1660 5280; x_wconf 83' lang='grc' dir='ltr'>τὴν</span> <span class='ocrx_word' id='word_1_750' title='bbox 1693 5211 1838 5262; x_wconf 60' lang='lat'><strong>£666-</strong></span> 
     </span>
    </p>
   </div>
   <div class='ocr_carea' id='block_1_99' title="bbox 1945 4298 3514 4373">
    <p class='ocr_par' dir='ltr' id='par_1_99' title="bbox 1945 4298 3514 4373">
     <span class='ocr_line' id='line_1_100' title="bbox 1945 4298 3514 4373; baseline -0.003 -17"><span class='ocrx_word' id='word_1_751' title='bbox 1945 4303 2217 4373; x_wconf 87' lang='lat' dir='ltr'><strong>appellare</strong></span> <span class='ocrx_word' id='word_1_752' title='bbox 2245 4300 2612 4369; x_wconf 89' lang='lat' dir='ltr'><strong>septenarium</strong></span> <span class='ocrx_word' id='word_1_753' title='bbox 2641 4316 2654 4364; x_wconf 91' lang='lat'><strong>;</strong></span> <span class='ocrx_word' id='word_1_754' title='bbox 2683 4298 2946 4367; x_wconf 85' lang='lat' dir='ltr'><strong>quidquid</strong></span> <span class='ocrx_word' id='word_1_755' title='bbox 2975 4309 3153 4352; x_wconf 87' lang='lat' dir='ltr'><strong>autem</strong></span> <span class='ocrx_word' id='word_1_756' title='bbox 3179 4299 3318 4352; x_wconf 91' lang='lat' dir='ltr'><strong>ultra</strong></span> <span class='ocrx_word' id='word_1_757' title='bbox 3343 4309 3514 4366; x_wconf 86' lang='lat' dir='ltr'><strong>septe-</strong></span> 
     </span>
    </p>
   </div>
   <div class='ocr_carea' id='block_1_100' title="bbox 1941 4389 3510 4460">
    <p class='ocr_par' dir='ltr' id='par_1_100' title="bbox 1941 4389 3510 4460">
     <span class='ocr_line' id='line_1_101' title="bbox 1941 4389 3510 4460; baseline -0.005 -13"><span class='ocrx_word' id='word_1_758' title='bbox 1941 4395 2154 4447; x_wconf 88' lang='lat' dir='ltr'><strong>narium</strong></span> <span class='ocrx_word' id='word_1_759' title='bbox 2215 4399 2320 4456; x_wconf 89' lang='lat' dir='ltr'><strong>est,</strong></span> <span class='ocrx_word' id='word_1_760' title='bbox 2379 4406 2478 4460; x_wconf 91' lang='lat' dir='ltr'><strong>pro</strong></span> <span class='ocrx_word' id='word_1_761' title='bbox 2529 4404 2757 4444; x_wconf 76' lang='lat' dir='ltr'><strong>excessu</strong></span> <span class='ocrx_word' id='word_1_762' title='bbox 2807 4391 3028 4444; x_wconf 88' lang='lat' dir='ltr'><strong>habere.</strong></span> <span class='ocrx_word' id='word_1_763' title='bbox 3091 4389 3225 4442; x_wconf 79' lang='lat' dir='ltr'><strong>Nam</strong></span> <span class='ocrx_word' id='word_1_764' title='bbox 3259 4389 3385 4452; x_wconf 86' lang='lat' dir='ltr'><strong>quia</strong></span> <span class='ocrx_word' id='word_1_765' title='bbox 3417 4404 3510 4442; x_wconf 80' lang='lat' dir='ltr'><strong>sex</strong></span> 
     </span>
    </p>
   </div>
   <div class='ocr_carea' id='block_1_101' title="bbox 1939 4479 3513 4548">
    <p class='ocr_par' dir='ltr' id='par_1_101' title="bbox 1939 4479 3513 4548">
     <span class='ocr_line' id='line_1_102' title="bbox 1939 4479 3513 4548; baseline -0.004 -10"><span class='ocrx_word' id='word_1_766' title='bbox 1939 4485 2134 4538; x_wconf 84' lang='lat' dir='ltr'><strong>diebus</strong></span> <span class='ocrx_word' id='word_1_767' title='bbox 2186 4482 2316 4536; x_wconf 70' lang='lat' dir='ltr'><strong>let-it</strong></span> <span class='ocrx_word' id='word_1_768' title='bbox 2357 4480 2498 4536; x_wconf 92' lang='lat' dir='ltr'><strong>Deus</strong></span> <span class='ocrx_word' id='word_1_769' title='bbox 2532 4481 2732 4533; x_wconf 81' lang='lat' dir='ltr'><strong>cmlum</strong></span> <span class='ocrx_word' id='word_1_770' title='bbox 2779 4491 2833 4534; x_wconf 89' lang='lat' dir='ltr'><strong>et</strong></span> <span class='ocrx_word' id='word_1_771' title='bbox 2883 4487 3111 4543; x_wconf 88' lang='lat' dir='ltr'><strong>terram,</strong></span> <span class='ocrx_word' id='word_1_772' title='bbox 3179 4491 3231 4534; x_wconf 90' lang='lat' dir='ltr'><strong>et</strong></span> <span class='ocrx_word' id='word_1_773' title='bbox 3281 4479 3513 4548; x_wconf 89' lang='lat' dir='ltr'><strong>septimo</strong></span> 
     </span>
    </p>
   </div>
   <div class='ocr_carea' id='block_1_102' title="bbox 1939 4569 3514 4644">
    <p class='ocr_par' dir='ltr' id='par_1_102' title="bbox 1939 4569 3514 4644">
     <span class='ocr_line' id='line_1_103' title="bbox 1939 4569 3514 4644; baseline -0.006 -15"><span class='ocrx_word' id='word_1_774' title='bbox 1939 4574 2201 4644; x_wconf 79' lang='lat' dir='ltr'><strong>requievit</strong></span> <span class='ocrx_word' id='word_1_775' title='bbox 2235 4573 2425 4643; x_wconf 87' lang='lat' dir='ltr'><strong>(quare</strong></span> <span class='ocrx_word' id='word_1_776' title='bbox 2463 4580 2516 4627; x_wconf 86' lang='lat' dir='ltr'><strong>et</strong></span> <span class='ocrx_word' id='word_1_777' title='bbox 2553 4569 2727 4625; x_wconf 84' lang='lat' dir='ltr'><strong>Judaei</strong></span> <span class='ocrx_word' id='word_1_778' title='bbox 2763 4571 2902 4624; x_wconf 87' lang='lat' dir='ltr'><strong>hanc</strong></span> <span class='ocrx_word' id='word_1_779' title='bbox 2941 4571 3011 4623; x_wconf 89' lang='lat' dir='ltr'><strong>ob</strong></span> <span class='ocrx_word' id='word_1_780' title='bbox 3049 4585 3271 4623; x_wconf 88' lang='lat' dir='ltr'><strong>causam</strong></span> <span class='ocrx_word' id='word_1_781' title='bbox 3300 4571 3352 4622; x_wconf 90' lang='lat' dir='ltr'><strong>in</strong></span> <span class='ocrx_word' id='word_1_782' title='bbox 3388 4569 3514 4621; x_wconf 88' lang='lat' dir='ltr'><strong>sab-</strong></span> 
     </span>
    </p>
   </div>
   <div class='ocr_carea' id='block_1_103' title="bbox 1938 4661 3513 4734">
    <p class='ocr_par' dir='ltr' id='par_1_103' title="bbox 1938 4661 3513 4734">
     <span class='ocr_line' id='line_1_104' title="bbox 1938 4661 3513 4734; baseline -0.006 -12"><span class='ocrx_word' id='word_1_783' title='bbox 1938 4668 2066 4722; x_wconf 85' lang='lat' dir='ltr'><strong>bato</strong></span> <span class='ocrx_word' id='word_1_784' title='bbox 2098 4665 2396 4734; x_wconf 84' lang='lat' dir='ltr'><strong>otiantnr);</strong></span> <span class='ocrx_word' id='word_1_785' title='bbox 2427 4671 2574 4718; x_wconf 89' lang='lat' dir='ltr'><strong>totus</strong></span> <span class='ocrx_word' id='word_1_786' title='bbox 2607 4671 2785 4716; x_wconf 91' lang='lat' dir='ltr'><strong>autem</strong></span> <span class='ocrx_word' id='word_1_787' title='bbox 2823 4661 3033 4715; x_wconf 88' lang='lat' dir='ltr'><strong>dierum</strong></span> <span class='ocrx_word' id='word_1_788' title='bbox 3079 4675 3340 4714; x_wconf 84' lang='lat' dir='ltr'><strong>numerus</strong></span> <span class='ocrx_word' id='word_1_789' title='bbox 3371 4661 3513 4712; x_wconf 90' lang='lat' dir='ltr'><strong>intra</strong></span> 
     </span>
    </p>
   </div>
   <div class='ocr_carea' id='block_1_104' title="bbox 1942 4750 3515 4827">
    <p class='ocr_par' dir='ltr' id='par_1_104' title="bbox 1942 4750 3515 4827">
     <span class='ocr_line' id='line_1_105' title="bbox 1942 4750 3515 4827; baseline -0.006 -15"><span class='ocrx_word' id='word_1_790' title='bbox 1942 4760 2044 4813; x_wconf 87' lang='lat' dir='ltr'><strong>hoc</strong></span> <span class='ocrx_word' id='word_1_791' title='bbox 2081 4757 2451 4827; x_wconf 87' lang='lat' dir='ltr'><strong>septenarium</strong></span> <span class='ocrx_word' id='word_1_792' title='bbox 2482 4754 2688 4810; x_wconf 78' lang='lat' dir='ltr'><strong>revolvi</strong></span> <span class='ocrx_word' id='word_1_793' title='bbox 2720 4754 2880 4816; x_wconf 89' lang='lat' dir='ltr'><strong>solet,</strong></span> <span class='ocrx_word' id='word_1_794' title='bbox 2913 4751 3128 4806; x_wconf 88' lang='lat' dir='ltr'><strong>cunctis</strong></span> <span class='ocrx_word' id='word_1_795' title='bbox 3163 4765 3192 4803; x_wconf 92' lang='lat' dir='ltr'><strong>a</strong></span> <span class='ocrx_word' id='word_1_796' title='bbox 3225 4751 3400 4820; x_wconf 90' lang='lat' dir='ltr'><strong>primo</strong></span> <span class='ocrx_word' id='word_1_797' title='bbox 3433 4750 3515 4802; x_wconf 92' lang='lat' dir='ltr'><strong>in-</strong></span> 
     </span>
    </p>
   </div>
   <div class='ocr_carea' id='block_1_105' title="bbox 1942 4843 3512 4919">
    <p class='ocr_par' dir='ltr' id='par_1_105' title="bbox 1942 4843 3512 4919">
     <span class='ocr_line' id='line_1_106' title="bbox 1942 4843 3512 4919; baseline -0.006 -17"><span class='ocrx_word' id='word_1_798' title='bbox 1942 4849 2297 4919; x_wconf 84' lang='lat' dir='ltr'><strong>cipientibus,</strong></span> <span class='ocrx_word' id='word_1_799' title='bbox 2338 4858 2392 4904; x_wconf 91' lang='lat' dir='ltr'><strong>et</strong></span> <span class='ocrx_word' id='word_1_800' title='bbox 2427 4849 2481 4902; x_wconf 90' lang='lat' dir='ltr'><strong>in</strong></span> <span class='ocrx_word' id='word_1_801' title='bbox 2521 4847 2814 4917; x_wconf 90' lang='lat' dir='ltr'><strong>septimum</strong></span> <span class='ocrx_word' id='word_1_802' title='bbox 2846 4843 3255 4909; x_wconf 88' lang='lat' dir='ltr'><strong>desinentibus;</strong></span> <span class='ocrx_word' id='word_1_803' title='bbox 3306 4849 3359 4895; x_wconf 84' lang='lat' dir='ltr'><strong>et</strong></span> <span class='ocrx_word' id='word_1_804' title='bbox 3391 4850 3512 4910; x_wconf 82' lang='lat' dir='ltr'><strong>post</strong></span> 
     </span>
    </p>
   </div>
   <div class='ocr_carea' id='block_1_106' title="bbox 1945 4935 3510 5008">
    <p class='ocr_par' dir='ltr' id='par_1_106' title="bbox 1945 4935 3510 5008">
     <span class='ocr_line' id='line_1_107' title="bbox 1945 4935 3510 5008; baseline -0.005 -14"><span class='ocrx_word' id='word_1_805' title='bbox 1945 4941 2336 4995; x_wconf 88' lang='lat' dir='ltr'><strong>hebdomadam</strong></span> <span class='ocrx_word' id='word_1_806' title='bbox 2365 4940 2544 4994; x_wconf 90' lang='lat' dir='ltr'><strong>denuo</strong></span> <span class='ocrx_word' id='word_1_807' title='bbox 2572 4939 2639 4991; x_wconf 88' lang='lat' dir='ltr'><strong>ad</strong></span> <span class='ocrx_word' id='word_1_808' title='bbox 2665 4937 2897 5006; x_wconf 86' lang='lat' dir='ltr'><strong>primum</strong></span> <span class='ocrx_word' id='word_1_809' title='bbox 2932 4935 3376 4998; x_wconf 84' lang='lat' dir='ltr'><strong>recurrentibus;</strong></span> <span class='ocrx_word' id='word_1_810' title='bbox 3411 4935 3510 5008; x_wconf 78' lang='lat' dir='ltr'><strong>hac</strong></span> 
     </span>
    </p>
   </div>
   <div class='ocr_carea' id='block_1_107' title="bbox 1945 5023 3508 5097">
    <p class='ocr_par' dir='ltr' id='par_1_107' title="bbox 1945 5023 3508 5097">
     <span class='ocr_line' id='line_1_108' title="bbox 1945 5023 3508 5097; baseline -0.006 -12"><span class='ocrx_word' id='word_1_811' title='bbox 1945 5032 2011 5085; x_wconf 88' lang='lat' dir='ltr'><strong>de</strong></span> <span class='ocrx_word' id='word_1_812' title='bbox 2043 5045 2209 5083; x_wconf 77' lang='lat' dir='ltr'><strong>causa</strong></span> <span class='ocrx_word' id='word_1_813' title='bbox 2240 5031 2422 5082; x_wconf 81' lang='lat' dir='ltr'><strong>divina</strong></span> <span class='ocrx_word' id='word_1_814' title='bbox 2455 5027 2762 5097; x_wconf 87' lang='lat' dir='ltr'><strong>Scriptura,</strong></span> <span class='ocrx_word' id='word_1_815' title='bbox 2793 5035 2996 5094; x_wconf 91' lang='lat' dir='ltr'><strong>septem</strong></span> <span class='ocrx_word' id='word_1_816' title='bbox 3027 5025 3260 5096; x_wconf 87' lang='lat' dir='ltr'><strong>appellat</strong></span> <span class='ocrx_word' id='word_1_817' title='bbox 3288 5023 3340 5075; x_wconf 90' lang='lat' dir='ltr'><strong>id</strong></span> <span class='ocrx_word' id='word_1_818' title='bbox 3364 5025 3508 5092; x_wconf 86' lang='lat' dir='ltr'><strong>quod</strong></span> 
     </span>
    </p>
   </div>
   <div class='ocr_carea' id='block_1_108' title="bbox 1946 5113 3504 5190">
    <p class='ocr_par' dir='ltr' id='par_1_108' title="bbox 1946 5113 3504 5190">
     <span class='ocr_line' id='line_1_109' title="bbox 1946 5113 3504 5190; baseline -0.005 -16"><span class='ocrx_word' id='word_1_819' title='bbox 1946 5131 2029 5176; x_wconf 83' lang='lat' dir='ltr'><strong>est</strong></span> <span class='ocrx_word' id='word_1_820' title='bbox 2063 5122 2362 5190; x_wconf 76' lang='lat' dir='ltr'><strong>perfectum</strong></span> <span class='ocrx_word' id='word_1_821' title='bbox 2410 5127 2462 5174; x_wconf 91' lang='lat' dir='ltr'><strong>et</strong></span> <span class='ocrx_word' id='word_1_822' title='bbox 2491 5120 2798 5173; x_wconf 82' lang='lat' dir='ltr'><strong>absolutum</strong></span> <span class='ocrx_word' id='word_1_823' title='bbox 2827 5135 2842 5183; x_wconf 87' lang='lat'>;</span> <span class='ocrx_word' id='word_1_824' title='bbox 2897 5123 3019 5170; x_wconf 85' lang='lat' dir='ltr'><strong>octo</strong></span> <span class='ocrx_word' id='word_1_825' title='bbox 3048 5123 3248 5178; x_wconf 86' lang='lat' dir='ltr'><strong>autem,</strong></span> <span class='ocrx_word' id='word_1_826' title='bbox 3284 5119 3343 5166; x_wconf 90' lang='lat' dir='ltr'><strong>ut</strong></span> <span class='ocrx_word' id='word_1_827' title='bbox 3371 5113 3504 5186; x_wconf 59' lang='lat' dir='ltr'><strong>disi,</strong></span> 
     </span>
    </p>
   </div>
   <div class='ocr_carea' id='block_1_109' title="bbox 1941 5203 2439 5268">
    <p class='ocr_par' dir='ltr' id='par_1_109' title="bbox 1941 5203 2439 5268">
     <span class='ocr_line' id='line_1_110' title="bbox 1941 5203 2439 5268; baseline -0.018 0"><span class='ocrx_word' id='word_1_828' title='bbox 1941 5219 2251 5268; x_wconf 59' lang='lat' dir='ltr'><strong>Excessum.</strong></span> <span class='ocrx_word' id='word_1_829' title='bbox 2433 5203 2439 5208; x_wconf 68' lang='grc'><em>’</em></span> 
     </span>
    </p>
   </div>
   <div class='ocr_carea' id='block_1_110' title="bbox 277 5293 3510 5378">
    <p class='ocr_par' dir='ltr' id='par_1_110' title="bbox 277 5293 3510 5378">
     <span class='ocr_line' id='line_1_111' title="bbox 277 5293 3510 5378; baseline -0.007 -5"><span class='ocrx_word' id='word_1_830' title='bbox 277 5325 396 5376; x_wconf 76' lang='grc' dir='ltr'>μην,</span> <span class='ocrx_word' id='word_1_831' title='bbox 437 5303 598 5370; x_wconf 74' lang='grc' dir='ltr'>αὖθις</span> <span class='ocrx_word' id='word_1_832' title='bbox 633 5307 728 5360; x_wconf 72' lang='grc' dir='ltr'><strong>ἐπὶ</strong></span> <span class='ocrx_word' id='word_1_833' title='bbox 765 5306 866 5376; x_wconf 77' lang='grc' dir='ltr'>τὴν</span> <span class='ocrx_word' id='word_1_834' title='bbox 911 5305 1132 5376; x_wconf 80' lang='grc' dir='ltr'>πρώτην</span> <span class='ocrx_word' id='word_1_835' title='bbox 1169 5307 1604 5378; x_wconf 59' lang='grc' dir='ltr'>ἀνατρεχόντωκμ</span> <span class='ocrx_word' id='word_1_836' title='bbox 1663 5311 1750 5361; x_wconf 68' lang='grc' dir='ltr'>διὰ</span> <span class='ocrx_word' id='word_1_837' title='bbox 1805 5311 2004 5378; x_wconf 82' lang='grc' dir='ltr'>ταύτην</span> <span class='ocrx_word' id='word_1_838' title='bbox 2048 5312 2081 5378; x_wconf 82' lang='grc' dir='ltr'>ἡ</span> <span class='ocrx_word' id='word_1_839' title='bbox 2143 5308 2260 5360; x_wconf 78' lang='grc' dir='ltr'>Οεία</span> <span class='ocrx_word' id='word_1_840' title='bbox 2294 5306 2484 5378; x_wconf 64' lang='grc' dir='ltr'>Γραφὴ</span> <span class='ocrx_word' id='word_1_841' title='bbox 2532 5305 2629 5376; x_wconf 84' lang='grc' dir='ltr'>τὴν</span> <span class='ocrx_word' id='word_1_842' title='bbox 2678 5293 2874 5366; x_wconf 82' lang='grc' dir='ltr'>αἰτίαν,</span> <span class='ocrx_word' id='word_1_843' title='bbox 2925 5298 3062 5352; x_wconf 83' lang='grc' dir='ltr'><strong>ὲπτὰ</strong></span> <span class='ocrx_word' id='word_1_844' title='bbox 3098 5299 3195 5368; x_wconf 73' lang='grc' dir='ltr'>μὲν</span> <span class='ocrx_word' id='word_1_845' title='bbox 3222 5298 3282 5352; x_wconf 80' lang='grc' dir='ltr'>τὸ</span> <span class='ocrx_word' id='word_1_846' title='bbox 3313 5298 3510 5351; x_wconf 82' lang='grc' dir='ltr'>τέλειον</span> 
     </span>
    </p>
   </div>
   <div class='ocr_carea' id='block_1_111' title="bbox 278 5385 2056 5472">
    <p class='ocr_par' dir='ltr' id='par_1_111' title="bbox 278 5385 2056 5472">
     <span class='ocr_line' id='line_1_112' title="bbox 278 5385 2056 5472; baseline -0.001 -19"><span class='ocrx_word' id='word_1_847' title='bbox 278 5408 359 5453; x_wconf 72' lang='grc' dir='ltr'>καὶ</span> <span class='ocrx_word' id='word_1_848' title='bbox 383 5385 796 5470; x_wconf 64' lang='grc' dir='ltr'>ἀπηρτημένον</span> <span class='ocrx_word' id='word_1_849' title='bbox 827 5397 1006 5460; x_wconf 82' lang='grc' dir='ltr'>καλεῖ,</span> <span class='ocrx_word' id='word_1_850' title='bbox 1033 5397 1170 5450; x_wconf 82' lang='grc' dir='ltr'>ὀκτὼ</span> <span class='ocrx_word' id='word_1_851' title='bbox 1197 5399 1274 5462; x_wconf 83' lang='grc' dir='ltr'>δὲ,</span> <span class='ocrx_word' id='word_1_852' title='bbox 1311 5399 1385 5460; x_wconf 84' lang='grc' dir='ltr'>ὡς</span> <span class='ocrx_word' id='word_1_853' title='bbox 1411 5395 1582 5466; x_wconf 81' lang='grc' dir='ltr'>εἷπον,</span> <span class='ocrx_word' id='word_1_854' title='bbox 1613 5403 1709 5470; x_wconf 76' lang='grc' dir='ltr'>τὴν</span> <span class='ocrx_word' id='word_1_855' title='bbox 1732 5401 2056 5472; x_wconf 64' lang='grc' dir='ltr'>ὑπερϐολήν.</span> 
     </span>
    </p>
   </div>
   <div class='ocr_carea' id='block_1_112' title="bbox 338 5487 1850 5562">
    <p class='ocr_par' dir='ltr' id='par_1_112' title="bbox 338 5487 1850 5562">
     <span class='ocr_line' id='line_1_113' title="bbox 338 5487 1850 5562; baseline 0 -20"><span class='ocrx_word' id='word_1_856' title='bbox 338 5489 523 5560; x_wconf 58' lang='grc' dir='ltr'>Οῇτως</span> <span class='ocrx_word' id='word_1_857' title='bbox 546 5491 575 5542; x_wconf 88' lang='grc' dir='ltr'>ὁ</span> <span class='ocrx_word' id='word_1_858' title='bbox 595 5488 732 5552; x_wconf 79' lang='grc' dir='ltr'>Θεὸς</span> <span class='ocrx_word' id='word_1_859' title='bbox 757 5487 908 5556; x_wconf 81' lang='grc' dir='ltr'>λέγει</span> <span class='ocrx_word' id='word_1_860' title='bbox 933 5487 1013 5551; x_wconf 80' lang='grc' dir='ltr'>τὸ,</span> <span class='ocrx_word' id='word_1_861' title='bbox 1041 5507 1058 5539; x_wconf 80' lang='grc' dir='ltr'><strong>ι</strong></span> <span class='ocrx_word' id='word_1_862' title='bbox 1097 5488 1268 5542; x_wconf 70' lang='grc' dir='ltr'>Ἑπτὰ</span> <span class='ocrx_word' id='word_1_863' title='bbox 1298 5489 1651 5560; x_wconf 69' lang='grc' dir='ltr'>ὲκδικούμενα</span> <span class='ocrx_word' id='word_1_864' title='bbox 1683 5509 1850 5562; x_wconf 76' lang='grc' dir='ltr'>παρα-</span> 
     </span>
    </p>
   </div>
   <div class='ocr_carea' id='block_1_113' title="bbox 341 5665 770 5732">
    <p class='ocr_par' dir='ltr' id='par_1_113' title="bbox 341 5665 770 5732">
     <span class='ocr_line' id='line_1_114' title="bbox 341 5665 770 5732; baseline 0.012 -15"><span class='ocrx_word' id='word_1_865' title='bbox 341 5665 385 5700; x_wconf 81' lang='grc'><strong>⁹⁹</strong></span> <span class='ocrx_word' id='word_1_866' title='bbox 407 5667 542 5720; x_wconf 78' lang='lat' dir='ltr'><strong>Cen.</strong></span> <span class='ocrx_word' id='word_1_867' title='bbox 573 5683 646 5732; x_wconf 79' lang='lat' dir='ltr'><strong>tv,</strong></span> <span class='ocrx_word' id='word_1_868' title='bbox 683 5667 770 5722; x_wconf 76' lang='lat'><strong>15.</strong></span> 
     </span>
    </p>
   </div>
   <div class='ocr_carea' id='block_1_114' title="bbox 2029 5480 3510 5554">
    <p class='ocr_par' dir='ltr' id='par_1_114' title="bbox 2029 5480 3510 5554">
     <span class='ocr_line' id='line_1_115' title="bbox 2029 5480 3510 5554; baseline -0.003 -14"><span class='ocrx_word' id='word_1_869' title='bbox 2029 5489 2102 5542; x_wconf 70' lang='lat' dir='ltr'><strong>Ita</strong></span> <span class='ocrx_word' id='word_1_870' title='bbox 2146 5488 2287 5542; x_wconf 87' lang='lat' dir='ltr'><strong>Deus</strong></span> <span class='ocrx_word' id='word_1_871' title='bbox 2327 5487 2438 5539; x_wconf 86' lang='lat' dir='ltr'><strong>ait:</strong></span> <span class='ocrx_word' id='word_1_872' title='bbox 2505 5503 2522 5534; x_wconf 77' lang='grc' dir='ltr'><strong>ι</strong></span> <span class='ocrx_word' id='word_1_873' title='bbox 2551 5483 2765 5554; x_wconf 74' lang='lat' dir='ltr'><strong>Septem</strong></span> <span class='ocrx_word' id='word_1_874' title='bbox 2815 5481 3080 5539; x_wconf 79' lang='lat' dir='ltr'><strong>vindictas</strong></span> <span class='ocrx_word' id='word_1_875' title='bbox 3133 5480 3510 5538; x_wconf 74' lang='lat' dir='ltr'><strong>exsolvet&quot;.t</strong></span> 
     </span>
    </p>
   </div>
  </div>
