3966 6134
380 183 482 241 579
1471 191 1485 213 '
1586 184 1935 244 THEODOBI
1967 188 2446 247 MOPSUESTENI
3507 186 3613 243 580

388 302 455 365 Ut
495 304 676 359 dicat:
724 303 829 370 Qui
869 304 1135 360 occiderit
1166 305 1317 359 illum
1347 306 1418 360 ob
1452 321 1664 361 summa
1691 308 1944 372 crimina,
1974 358 1977 368 ,

2082 310 2197 362 ύσει
2212 321 2228 337 '
2244 325 2262 359 ι
2282 309 2370 363 ἵνα
2390 308 2540 378 εἴπῃ,
2563 309 2644 361 ὅτι
2664 309 2692 361 6
2708 305 2944 377 ἀναιρῶν
2970 306 3130 359 αὑτὸν
3148 304 3289 377 ὑπὲρ
3304 304 3618 374 ἀνηκέστων

386 394 672 461 niaximam
699 393 934 462 aliquam
979 394 1298 463 plenamque
1325 394 1428 464 ipsi
1460 393 1768 463 impositam
1799 411 1949 448 com-

2081 399 2430 469 πταισμάτων,
2460 398 2720 470 μεγίστην
2747 397 2870 450 τινά
2906 397 3000 450 καὶ
3021 395 3434 468 ἀπηρτισμένην
3471 395 3623 465 αύτῷ

386 484 627 551 perietur
689 498 903 553 poenam
963 482 1292 554 persolvere.
1372 481 1562 537 Simile
1614 484 1745 553 quid
1808 485 1950 554 apud

2081 490 2322 559 τιμωρίαν
2372 488 2727 559 ἐπικειμένην,
2765 488 3120 557 εὑρεθήσεται
3156 486 3332 543 λύων’
3383 485 3625 540 τοιοῦτόν

388 574 769 630 Ecclesiastem
793 592 805 628 :
846 592 865 625 ι
889 572 963 627 Da
994 581 1199 644 partem
1223 581 1453 643 septem,
1482 575 1590 629 imo
1611 588 1663 630 et
1692 584 1815 631 octo
1836 579 1905 631 θ’.
1927 596 1946 628 ι

2081 596 2174 634 πστι
2214 580 2309 634 καὶ
2356 579 2506 652 παρά
2535 578 2613 649 τῷ
2654 576 3048 649 Ἐκκλησιαστῇ
3081 579 3139 632 τό
3166 594 3180 608 ’
3219 595 3239 630 ι
3288 578 3386 641 Δὸς
3434 577 3625 650 μερίδα

389 664 461 719 Ut
488 666 659 720 dicat:
692 663 921 719 Abunde
945 664 1126 718 tribue
1157 663 1548 734 indigentibus,
1581 675 1635 720 et
1659 683 1727 721 ne
1751 682 1951 740 renuas

2081 671 2168 733 :oi';
2196 669 2353 734 ἐπτά,
2401 669 2495 723 καί
2519 685 2581 737 γε
2623 670 2736 730 τοῖς
2775 665 3082 721 ὀκτώ·ιίνα
3127 666 3278 740 εἴπῃ,
3324 667 3628 737 Φιλοτίμως

389 755 491 808 hac
522 754 575 808 in
622 744 678 808 re
698 754 985 809 excedere.
1017 754 1157 808 Hine
1198 755 1390 811 beatus
1418 755 1644 813 Petrus:
1689 777 1707 810 ι
1730 756 1977 830 Quoties

2081 760 2196 813 ῐίδου
2249 762 2361 824 τοῖς
2403 759 2694 830 δεομένοις,
2771 755 2903 828 μηδὲ
2948 757 3220 830 ὑπερϐολῇ
3287 757 3415 829 περ).
3468 757 3629 811 τοῦτο

389 846 442 899 in
472 860 559 899 me
594 846 838 915 peccabit
871 844 1036 900 frater
1063 862 1238 911 meus,
1283 855 1340 900 et
1364 846 1627 903 dimittam
1677 850 1795 904 illi?
1825 826 1977 904 nume

2081 849 2293 920 [ρῆσθαι
2339 826 2804 922 παραιτούμενος-ο
2836 826 3102 901 ἐντεῦθεν
3145 826 3484 919 ὸ-Ὕμακάνριος
3523 849 3627 921 ἔφη

389 952 564 1006 usque
598 937 799 1007 septies
817 938 892 991 "‘i
914 957 933 989 ι
965 939 1334 1008 septenarium
1357 939 1544 995 dicens
1570 956 1857 996 numerum
1897 952 1957 996 ut

390 1026 766 1083 suﬂlcientem.
792 1030 962 1094 Quem
981 1030 1048 1083 ab
1069 1045 1133 1085 eo
1150 1044 1477 1100 magnopere
1500 1032 1748 1101 superari
1769 1034 1956 1087 volens

391 1116 675 1183 Dominus,
693 1118 1124 1175 subdiditnNon
1144 1120 1269 1176 dico
1294 1121 1393 1175 tibi
1420 1137 1590 1191 usque
1617 1124 1838 1192 septies,
1864 1125 1956 1180 sed

393 1225 571 1279 usque
626 1212 933 1282 septuagies
958 1206 1211 1277 septiesn
1231 1212 1529 1269 Consimile
1557 1215 1813 1284 quiddam
1869 1216 1959 1270 hic

394 1315 613 1371 quoque
637 1301 789 1359 dicit.
835 1300 1080 1371 Namque
1109 1303 1394 1373 Assyrium
1425 1319 1549 1358 cum
1581 1309 1823 1361 exercitu
1858 1322 1960 1362 suo

396 1392 793 1455 advenientem,
836 1406 1028 1461 magna
1058 1402 1218 1462 atque
1247 1393 1569 1464 gravissima
1596 1397 1774 1466 angeli
1800 1397 1961 1451 mini-

397 1481 564 1537 sterio
589 1480 820 1536 irrctivit
844 1480 985 1535 Deus
1017 1482 1338 1551 punitione:
1375 1484 1563 1539 multis
1590 1485 1734 1539 enim
1793 1486 1961 1540 inter-

397 1570 571 1636 fectis,
604 1572 656 1624 in
696 1570 876 1642 fugam
908 1585 967 1628 se
989 1573 1186 1643 reliqui
1216 1574 1602 1643 conjecerunt;
1633 1584 1687 1630 et
1716 1576 1960 1631 locorum

2060 941 2298 1012 Πέτρος·
2347 960 2375 999 ι,
2405 940 2664 1003 Ποσάκις,
2710 938 2804 992 ἐάν
2832 939 3049 1009 ἁμάρτῃ
3081 941 3161 1002 εἰς
3202 940 3303 1011 ἐμὲ
3339 942 3369 993 6
3403 939 3631 1007 ἀδελφός

2065 1031 2407 1100 μου,ἀφήσω
2430 1028 2599 1099 αὑτῷ;
2620 1028 2724 1091 ἕως
2761 1027 3021 1092 ἐπτόκις;
3049 1047 3067 1079 ι
3093 1028 3169 1092 ὡς
3195 1027 3512 1099 ἀρκοῦντος,
3541 1029 3632 1081 τὸν

2062 1121 2263 1183 τέλειον
2291 1120 2458 1174 εἰπὼν
2487 1119 2746 1191 ἀριθμόν“
2792 1119 2852 1171 ὃν
2899 1119 3203 1188 ὑπερϐῆναι
3240 1120 3380 1172 κατά
3402 1128 3405 1129 ⁷
3427 1120 3631 1189 πολλὴν

2064 1210 2377 1282 περιουσίαν
2400 1207 2719 1279 βουλόμενος
2735 1209 2762 1259 6
2783 1206 3002 1276 Κύριος,
3028 1207 3275 1277 ἐπήγαγε
3300 1206 3379 1271 τὸ,
3411 1215 3483 1275 (p.
3506 1208 3634 1275 δυο)

2071 1320 2088 1353 ι
2139 1302 2213 1353 06
2246 1300 2387 1369 λέγω
2427 1316 2506 1352 σοι
2536 1298 2639 1362 ἕως
2672 1298 2918 1362 ἑπτάκις,
2961 1298 3072 1351 ἀλλ’
3103 1298 3208 1362 ἓως
3238 1299 3631 1369 ἑϐδομηκοντά-

2065 1410 2152 1456 κις
2177 1393 2335 1446 ἑπτά.
2382 1411 2400 1443 ι
2439 1389 2660 1445 Τοιοῦτο
2692 1391 2754 1461 δή
2790 1407 2843 1443 τι
2885 1389 3161 1445 κάνταῦθά
3211 1405 3405 1462 φησιν·
3449 1390 3642 1458 ἐπελη-

2065 1480 2260 1535 λυθότα
2288 1480 2395 1552 γὰρ
2423 1480 2513 1532 τὸν
2551 1478 2834 1551 Ἀσσύριον
2867 1479 3121 1550 μετά.τοῦ
3154 1480 3517 1551 στρατοπέδου
3539 1480 3637 1532 τοῦ

2066 1575 2288 1637 οἰκείου,
2343 1569 2548 1641 μεγάλῃ
2611 1568 2707 1638 μέν
2753 1585 2857 1621 τινι
2903 1570 2996 1622 καὶ
3045 1568 3353 1642 βαρυτάτῃ,
3406 1569 3492 1623 διὰ
3539 1570 3649 1640 τῆς.

397 1664 591 1719 incolis
610 1662 787 1719 facilis
813 1666 991 1735 praeda
1020 1664 1221 1727 effecti,
1241 1676 1491 1721 sexcenta
1512 1668 1657 1736 passi
1685 1678 1813 1725 sunt
1835 1671 1970 1724 mul-

2081 1663 2367 1733 ὄπουργίας
2394 1658 2488 1713 τοῦ
2522 1659 2773 1728 ἀγγέλου,
2811 1654 3205 1730 περιϐέϐληκεν
3239 1659 3267 1710 ὁ
3310 1657 3440 1722 Θεὸς
3460 1662 3525 1730 τῇ
3559 1677 3643 1713 τι-

400 1753 631 1809 tifariam
659 1756 799 1809 mala
828 1767 990 1826 atque
1028 1771 1057 1809 a
1090 1750 1296 1822 multis,
1336 1757 1464 1810 dum
1505 1758 1779 1829 fugientes
1808 1760 1970 1817 facile

400 1843 690 1901 admodum
735 1845 1100 1908 adorirentur,
1134 1856 1188 1901 et
1207 1847 1576 1917 deprehensos
1626 1850 1960 1908 occiderent.

399 1933 878 1990 Postremo‘multa
908 1952 1033 1992 cum
1080 1939 1381 2008 ignominia
1411 1957 1502 1997 rex
1535 1958 1721 1998 eorum
1751 1944 1816 1998 ad
1847 1930 1972 2014 pro:

404 2022 576 2095 priam
608 2024 868 2079 ditionem
900 2041 1176 2089 reversus,
1209 2043 1239 2082 a
1262 2029 1448 2084 liberis
1469 2031 1584 2086 suis
1613 2032 1973 2103 interemptus

406 2114 536 2167 fuit:
576 2123 633 2168 ut
668 2116 1007 2185 exploratum
1047 2118 1204 2190 197
1239 2119 1330 2184 sit,
1361 2121 1697 2189 punitionem
1749 2124 1858 2179 illis
1890 2126 1975 2179 in-

404 2203 603 2260 flictam
650 2221 680 2260 a
724 2206 834 2263 Deo
874 2209 1285 2279 gravissimam;
1317 2228 1418 2267 nec
1444 2214 1552 2268 illis
1574 2215 1749 2269 solum
1781 2217 1849 2271 ab
1877 2231 1976 2270 an-

403 2298 525 2366 gelo
551 2286 695 2353 circa
720 2298 1058 2355 Hierusalem
1083 2304 1384 2371 percussis,
1428 2305 1524 2359 sed
1555 2286 1779 2377 reliquis
1812 2307 1973 2362 etiam

406 2387 498 2455 qui
535 2390 682 2459 gravi
726 2390 919 2446 timore
966 2392 1201 2464 correpti
1256 2394 1496 2450 indidem
1548 2395 1845 2467 fugiebant.
1902 2397 1976 2452 lle

405 2476 607 2544 quibus
638 2479 797 2532 etiam
824 2479 1014 2535 beatus
1047 2481 1177 2535 dicit
1208 2478 1377 2536 David
1406 2500 1419 2537 :
1467 2501 1485 2536 ι
1512 2483 1689 2540 Ροιιες
1718 2501 1813 2541 eos
1848 2485 1978 2539 dor-

406 2582 530 2622 sum
555 2585 569 2635 ;
600 2567 655 2622 in
681 2569 928 2639 reliquiis
952 2571 1057 2627 tuis
1078 2574 1410 2643 praeparabis
1426 2575 1631 2628 vultum
1654 2591 1842 2630 eorum
1864 2577 1928 2628 ⁸³.
1953 2597 1971 2628 ›

410 2656 524 2713 Hoc
553 2658 889 2728 significans,
917 2660 1033 2717 fore
1054 2672 1112 2717 ut
1136 2679 1325 2719 omnes
1353 2665 1406 2718 in
1439 2664 1623 2735 fugam
1654 2677 1975 2725 convertanz

408 2759 531 2817 tur;
562 2762 1013 2823 commoveatque
1044 2754 1178 2808 iram
1210 2772 1363 2810 suam
1386 2756 1547 2810 etiam
1573 2758 1627 2811 in
1653 2758 1976 2830 superstites

411 2837 575 2896 Deus.
612 2840 725 2897 [loc
761 2842 928 2912 igitur
956 2844 1073 2898 vult
1101 2847 1207 2899 hoc
1221 2846 1350 2901 loco
1380 2845 1582 2911 dicere,
1612 2847 1742 2901 dum
1771 2859 1976 2919 septem

410 2941 655 3000 pastores
674 2936 997 2991 suscitatum
1028 2935 1095 2989 iri
1138 2937 1249 3002 ait;
1284 2937 1525 2992 declarat
1550 2939 1759 2994 scilicet
1782 2938 1979 2995 divina:

411 3024 713 3093 punitionis
743 3027 1085 3095 gravitatem,
1118 3035 1282 3097 quam
1324 3029 1616 3099 perfectam
1651 3020 1976 3111 plenamque

413 3126 510 3182 per
537 3114 713 3183 angeli
745 3116 953 3170 cladem
986 3116 1212 3172 adduxit
1240 3120 1346 3175 illis
1379 3119 1543 3176 Deus.

2074 1754 2254 1827 μωρίᾳ⁸
2273 1770 2285 1781 ·
2322 1751 2531 1806 πολλῶν
2559 1751 2615 1804 δὲ
2648 1749 3055 1821 ἀναιρεθέντων,
3086 1751 3371 1820 εἰς-φυγήν
3396 1767 3455 1803 τε
3479 1751 3642 1820 ἐτρά-

2072 1862 2251 1918 πησαν
2280 1846 2326 1897 οἱ
2352 1842 2546 1906 λοιποὶ,
2584 1841 2680 1895 καί
2707 1845 2819 1905 τοῖς
2847 1840 2990 1894 κατά
3012 1840 3208 1904 τόπους
3250 1841 3510 1894 εὐάλωτοι
3548 1858 3644 1910 γε-

2071 1936 2309 2005 γονότες,
2350 1935 2576 1991 πλεῖστα
2612 1935 2712 1986 ὅσα
2742 1933 3078 1986 πεπόνθασιν
3127 1933 3185 1986 ἐν
3226 1931 3502 2003 διαφόροις
3547 1934 3647 2002 καὶ

2073 2026 2224 2098 παρά
2256 2025 2547 2097 διαφόρων,
2588 2024 2696 2077 τῶν
2733 2024 2808 2087 ὡς
2853 2024 2917 2078 ἂν
2948 2024 3207 2094 φεύγουσι
3257 2024 3394 2093 μετά
3440 2022 3657 2093 πολλῆς,

2072 2119 2332 2173 ἐπιόντων
2358 2119 2455 2189 τῆς
2488 2115 2786 2187 εὐμαρείας
2819 2115 2911 2168 καὶ
2937 2116 3062 2178 τοὺς
3095 2115 3464 2184 ἐμπίπτοντας
3484 2115 3645 2172 ἀναιυ

2076 2209 2338 2284 ροὺντων·
2379 2207 2438 2261 τὸ
2457 2206 2762 2275 τελευταῖον
2803 2206 2858 2258 δὲ
2897 2204 3035 2276 μετά
3057 2205 3257 2275 πολλῆς
3286 2205 3386 2273 τῆς
3419 2205 3647 2275 ἀτιμίας

2066 2304 2105 2375 ,ὁ
2148 2298 2445 2372 βασιλεύων
2480 2298 2660 2352 αὑτῶν
2704 2300 2783 2362 είς
2815 2297 2911 2368 τὴν
2947 2296 3128 2368 χώραν
3159 2295 3510 2367 ἀπεληλυθὼς
3543 2296 3646 2369 τὴν

2076 2390 2302 2454 οἰκείαν,
2335 2390 2439 2443 ὑπὸ
2465 2388 2574 2442 τῶν
2606 2387 2734 2441 υίῶν
2766 2387 3003 2460 ἀνῃρέθη
3046 2386 3153 2440 τῶν
3182 2386 3326 2440 ἰδίων
3349 2404 3362 2416 ·
3406 2387 3482 2449 ὡς
3511 2386 3641 2456 φαί-

2075 2480 2261 2535 νεσθαι
2308 2480 2403 2551 τὴν
2447 2478 2715 2549 τιμωρίαν
2762 2479 2944 2544 qui-mi;
2994 2477 3320 2548 ἐπαχθεῖσαν
3363 2476 3514 2549 παρά
3549 2475 3655 2533 τοῦ,

2077 2571 2210 2625 Θεοῦ
2251 2570 2580 2643 βαρυτάτην,
2612 2573 2672 2624 οὑ
2706 2570 2863 2639 μόνον
2891 2569 2980 2622 διά
3004 2569 3111 2623 τῶν
3150 2569 3255 2621 ὑπὸ
3290 2568 3382 2622 τοῦ
3411 2568 3649 2637 ἀγγέλου

2079 2662 2393 2736 πληγέντων
2423 2664 2555 2733 ,περὶ
2587 2662 2686 2733 τὴν
2728 2659 3099 2731 Ἰερουσαλὴμ,
3125 2659 3259 2713 ἀλλὰ
3298 2660 3390 2714 καὶ
3419 2660 3505 2713 διὰ
3540 2660 3653 2715 τῶν

2077 2754 2279 2809 λοιπῶν
2308 2753 2414 2807 τῶν
2461 2751 2598 2822 μετά
2648 2749 2841 2804 πολλοῦ
2885 2748 2978 2803 τοῦ
3016 2749 3166 2814 δέους
3194 2749 3543 2819 πεφευγότων
3584 2767 3651 2802 τε

2079 2847 2284 2900 ἐκεῖθεν
2328 2845 2422 2898 καὶ
2450 2843 2707 2907 ποικίλως
2734 2839 3126 2911 ἀναιρεθέντων
3145 2859 3157 2873 ·
3193 2843 3319 2913 περί
3346 2834 3420 2895 ὧν
3450 2840 3514 2913 δὴ
3553 2841 3655 2895 καὶ

2079 2940 2108 2992 6
2145 2938 2409 3008 μακάριος
2437 2931 2596 2989 Δαυῖδ
2632 2972 2649 2999 ,
2701 2949 2719 2982 ι
2763 2933 2844 2989 ὅτι
2900 2933 3088 3003 θήσεις
3133 2933 3330 2995 αὐτοὺς
3367 2931 3557 2997 νῶτον,
3590 2932 3653 2986 ἐν

2079 3031 2190 3091 eoi;
2206 3027 2538 3099 περιλοίποις
2558 3042 2650 3078 σου
2664 3024 2967 3094 ἐτοιμάσεις
2994 3022 3055 3076 τὸ
3068 3023 3353 3095 πρόσωπον
3379 3020 3557 3075 αὑτῶν
3576 3038 3590 3051 ⁸
3623 3038 3649 3074 ι

2082 3120 2240 3174 τοῦτο
2272 3117 2468 3190 δηλῶν,
2495 3117 2575 3170 ὅτι
2603 3115 2976 3187 τραπήσονται
3035 3114 3133 3185 μὲν
3168 3114 3403 3177 ἅπαντες
3437 3114 3517 3176 εἰς
3545 3128 3655 3180 φυ-

411 3204 536 3274 γὴν,
582 3205 790 3276 κινήσει
844 3205 900 3260 δὲ
946 3208 1044 3278 τὴν
1076 3210 1243 3281 ὀργὴν
1275 3212 1372 3281 τὴν
1415 3212 1621 3277 οἰκείαν
1674 3215 1768 3268 καὶ
1828 3214 1970 3269 κατά
2027 3213 2135 3269 τῶν
2188 3208 2658 3280 ὑπολελειμμένων
2699 3210 2727 3260 6
2766 3206 2916 3270 Θεός.
2974 3205 3049 3276 (p.
3087 3205 3211 3276 501)
3260 3204 3429 3259 Τοῦτο
3471 3204 3656 3257 τοίνυν

412 3294 598 3350 ἐνθάδε
638 3293 881 3364 βούλεται
912 3296 1108 3366 λέγειν,
1137 3300 1281 3363 ἐπτά
1321 3302 1418 3372 μὲν
1451 3305 1714 3374 ποιμένας
1748 3303 2207 3378 ἐπεγερθήσεσθαι
2264 3302 2468 3371 λέγων·
2525 3301 2611 3354 ἵνα
2640 3300 2855 3374 δηλώσῃ
2900 3300 2999 3370 τῆς
3053 3297 3200 3365 θείας
3231 3296 3498 3367 τιμωρίας
3555 3297 3656 3366 τὴν

415 3387 709 3462 βαρύτητα,
740 3392 806 3461 ἧν
837 3391 1048 3446 τελείαν
1079 3410 1139 3446 τε
1182 3396 1274 3449 καὶ
1307 3398 1719 3470 ἀπηρτισμένην
1761 3400 1849 3455 διὰ
1878 3401 1978 3470 τῆς
1999 3399 2092 3453 τοῦ
2120 3397 2349 3466 ἀγγέλου
2373 3394 2586 3467 πληγῆς
2614 3395 2891 3465 ἐπήγαγεν
2923 3394 3101 3457 αὐτοῖς
3128 3394 3155 3444 6
3184 3390 3336 3455 Θεός.

484 3480 620 3538 Octo
663 3482 945 3538 hominum
976 3501 1196 3544 morsus
1238 3490 1392 3555 dicit,
1424 3502 1483 3545 ut
1513 3494 1791 3559 cumulum
1832 3496 1987 3549 incu-

418 3573 717 3628 biturorum
793 3584 920 3645 post
969 3575 1153 3648 fugam
1209 3579 1362 3637 illinc
1419 3585 1683 3639 malorum
1743 3586 1985 3651 denotet,

417 3667 604 3722 multis
623 3682 717 3736 per
748 3684 809 3723 ea
837 3670 954 3723 loca
976 3669 1314 3737 hominibus,
1345 3682 1532 3743 utp0te
1561 3679 1655 3746 qui
1681 3679 1733 3732 in
1766 3680 1987 3736 sedibus

420 3757 655 3825 propriis
676 3760 1010 3829 perstabant,
1041 3760 1310 3833 fugientes
1333 3765 1723 3834 perdentibus;
1773 3784 1987 3823 necnon

416 3854 472 3903 ct
499 3848 621 3904 illos
653 3850 744 3919 qui
779 3850 832 3904 in
865 3853 1093 3921 patriam
1110 3869 1168 3908 se
1194 3855 1986 3930 putabantevasisse,quibus-

417 3952 539 3992 cqu
572 3955 750 4011 regem
781 3956 996 4012 quoque
1050 3958 1078 3996 a
1126 3945 1241 4001 suis
1282 3946 1467 4001 liberis
1529 3949 1766 4003 interimi
1812 3952 1993 4006 conti-.

342 4062 345 4067 -
419 4027 528 4095 git:
569 4043 731 4097 quam
762 4045 877 4084 rem
927 4030 1171 4101 elegante
1211 4034 1479 4089 vocabulo
1524 4036 1660 4091 dixit
1705 4039 1988 4099 hominum

420 4128 749 4195 morsushut
780 4121 847 4174 ab
879 4122 1049 4191 angeli
1082 4125 1363 4193 punitione
1389 4126 1766 4197 distingueret.
1796 4130 1991 4189 Postea

421 4205 604 4262 dicere
639 4209 837 4278 pergit:
880 4227 897 4260 ι
927 4210 1249 4279 Etpascent
1283 4212 1567 4287 Assyrium
1610 4220 1665 4273 in
1705 4220 1906 4290 gladio.
1938 4232 1991 4277 ct

423 4308 622 4353 terram
675 4299 912 4356 Ncbrodi
972 4301 1026 4355 in
1063 4303 1215 4357 fovea
1250 4305 1390 4376 ejus.
1423 4327 1443 4360 ι
1496 4307 1567 4364 Ut
1614 4311 1759 4365 dicat
1806 4313 1989 4384 gladio

421 4391 850 4446 consumendum
885 4394 1187 4465 Assyrium,
1218 4399 1310 4469 qui
1342 4402 1615 4471 propriam
1642 4417 1860 4474 quoque
1904 4421 1987 4460 re-

2165 3491 2341 3546 Ὀκτὼ
2375 3491 2431 3544 δέ
2458 3491 2708 3562 δήγματα
2737 3486 3059 3560 ἀνθρώπων,
3094 3486 3180 3539 ἴνα
3207 3483 3304 3555 τὴν
3350 3482 3657 3554 ὑπερϐολὴν

2085 3585 2213 3657 εἴπῃ
2243 3582 2352 3636 τῶν
2403 3579 2865 3651 καταληψομένων
2912 3579 3107 3641 αὑτοὺς
3157 3576 3343 3632 κακῶν
3388 3575 3526 3646 μετὰ
3555 3577 3659 3646 τὴν

2084 3675 2292 3729 ἐκεῖθεν
2319 3673 2515 3744 φυγὴν,
2549 3672 2816 3743 διαφόρως
2843 3669 2953 3725 τῶν
2993 3687 3052 3723 τε
3082 3669 3222 3723 κατά
3252 3668 3413 3723 τόπον
3445 3665 3659 3738 ἀνθρώ-

2085 3784 2201 3819 πων
2224 3764 2445 3820 καὶτῶν
2477 3763 2612 3834 πρὸς
2640 3763 2778 3833 αὑτῇ
2797 3778 2863 3830 γε
2889 3760 3066 3814 αὑτῶν
3104 3762 3170 3831 τῇ
3201 3758 3353 3830 χώρᾳ
3380 3755 3659 3811 καθεστώ-

2089 3874 2216 3924 των,
2255 3855 2389 3921 τούς
2428 3872 2488 3910 τε
2533 3853 2832 3924 φεύγοντας
2879 3851 3243 3915 ἀπολλύντων,
3280 3849 3374 3903 καὶ
3423 3850 3548 3911 τοὺς
3599 3850 3661 3901 ὲν

2089 3952 2201 4014 τοῖς
2236 3949 2422 4011 τόποις
2464 3944 2938 4015 καταπεφευγέναι
2982 3943 3270 4006 δοκοῦντας
3310 3943 3420 4004 τοῖς
3471 3940 3657 4003 ἰδίοις·

2093 4041 2209 4112 μεθ’
2236 4033 2310 4094 ὧν
2343 4037 2688 4109 ἀναιρεθῆναι
2720 4037 2816 4090 καὶ
2862 4037 2952 4091 τὸν
3004 4034 3227 4106 βασιλέα
3259 4033 3362 4086 ὑπὸ
3393 4033 3501 4084 τῶν
3526 4033 3659 4085 υἱῶν

2092 4131 2289 4201 συνέὸη
2321 4129 2428 4184 τῶν
2458 4130 2602 4183 ἰδίων
2621 4145 2636 4161 ο
2667 4127 2696 4181 ὃ
2720 4128 2815 4181 καὶ
2855 4127 3033 4191 καλῶς
3074 4125 3375 4197 ἀνθρώπων
3414 4120 3533 4181 εἰπε
3564 4124 3661 4195 δή·

2093 4241 2299 4295 γματα,
2329 4220 2772 4277 ἀντιδιαστέλλων
2804 4219 2941 4273 αὑτά
2976 4221 3041 4290 τῃ
3082 4219 3172 4272 διὰ
3196 4217 3288 4271 τοῦ
3318 4215 3550 4286 ἀγγέλου
3580 4232 3662 4305 τις·

2097 4318 2297 4390 μωρίᾳ.
2333 4313 2464 4371 Εἶτα
2484 4315 2676 4383 ἐπάγει
2695 4329 2709 4344 ο
2758 4331 2785 4366 ι
2812 4311 2923 4365 Καὶ
2952 4310 3271 4381 ποιμανοῦσι
3299 4308 3388 4361 τὸν
3429 4308 3661 4378 Ἀσσοὺρ

2092 4410 2150 4462 ἐν
2179 4406 2422 4480 ῥομφαίᾳ
2450 4406 2544 4459 καὶ
2587 4405 2687 4475 τὴν
2728 4402 2829 4473 γὴν
2862 4400 2953 4455 τοῦ
2996 4398 3221 4469 Νεδρὼδ
3256 4399 3313 4450 ἐν
3355 4400 3422 4469 τῇ
3466 4396 3659 4468 τάφρῳ

423 4482 637 4554 gionem
669 4493 857 4539 cernet
883 4494 1192 4553 vastatam:
1229 4490 1372 4560 quod
1405 4507 1594 4563 reapse
1624 4493 1824 4548 malum
1858 4511 1977 4564 pas-

2091 4499 2259 4575 αὐτῆς
2279 4516 2291 4529 ·
2335 4518 2355 4551 ι
2393 4498 2481 4552 ἴνα
2512 4496 2640 4567 είπῃ
2678 4496 2781 4559 ὅτι,
2817 4491 2970 4563 Ξίφει
2999 4509 3057 4544 τε
3088 4488 3599 4559 καταναλωθήσεται
3629 4491 3659 4542 6

422 4591 518 4631 sus
552 4572 736 4647 pdstea
782 4594 812 4631 a
842 4576 1157 4651 Babyloniis
1206 4592 1308 4637 est.
1340 4582 1459 4637 Jam
1507 4592 1705 4640 terram
1751 4587 1986 4642 Nebrodi

422 4668 568 4725 illam
613 4679 909 4738 nuncupat,
942 4670 1099 4740 quia
1148 4670 1255 4725 illis
1309 4672 1409 4726 fuit
1443 4674 1497 4727 in
1542 4675 1678 4731 locis
1706 4675 1988 4734 Nebrodus

421 4760 595 4830 gigas,
636 4760 726 4829 qui
765 4738 1317 4831 regiam—dignitatem
1349 4764 1490 4833 apud
1546 4767 1693 4836 ipsos
1727 4770 1986 4835 obtinuit,

421 4867 761 4924 magnusque
789 4854 940 4910 visus
968 4866 1053 4910 est
1083 4855 1224 4925 apud
1255 4855 1374 4924 eius
1422 4858 1681 4926 temporis
1720 4859 1988 4926 homines,

422 4945 620 5003 virium
672 4960 895 5000 suarum
950 4946 1287 5002 conscientia
1337 4944 1537 5003 elatus.
1589 4946 1680 5004 Sic
1715 4951 1857 5004 enim
1917 4952 1991 5007 ait

415 5030 723 5094 Creationis
768 5036 941 5092 liber:
975 5055 994 5089 ι
1046 5036 1145 5093 Hic
1194 5037 1294 5093 fuit
1346 5038 1499 5109 gigas
1544 5050 1767 5096 venator
1805 5058 1986 5098 coram

374 5149 381 5157 -
426 5123 553 5179 Deo.
584 5124 874 5198 Propterea
903 5128 1120 5183 dicent:
1159 5127 1313 5184 Sicut
1333 5128 1618 5184 Nebrodus
1654 5132 1803 5203 gigas
1830 5150 1993 5189 vena-

429 5227 513 5270 tor
540 5232 722 5271 coram
746 5217 857 5274 Deo
880 5238 892 5273 :
929 5239 947 5272 ι
988 5219 1200 5291 fuitque
1220 5230 1383 5291 caput
1409 5222 1559 5291 regni
1591 5221 1710 5290 ejus
1733 5223 1989 5295 Babylon.

427 5304 563 5370 Quia
605 5307 768 5375 igitur
808 5309 968 5378 hujus
1001 5326 1166 5383 causa
1201 5309 1589 5379 superbiebant
1625 5310 1856 5383 Assyrii,
1892 5330 1989 5369 ceu

426 5397 640 5467 magnis
670 5405 989 5465 praestantes
1020 5401 1250 5466 viribus,
1298 5407 1483 5472 utpote
1516 5416 1547 5455 a
1581 5402 1674 5457 tali
1701 5404 1815 5459 viro
1866 5421 1993 5475 pro-

499 5579 543 5611 "
569 5576 737 5633 Eccli.
763 5593 837 5646 ιι,
860 5579 913 5634 2.
990 5584 1033 5615 "
1064 5582 1255 5641 Matth.
1280 5601 1437 5655 ινιιι,
1475 5545 1575 5643 ἓίί

2099 4591 2396 4662 Ἀσσύριος,
2440 4590 2533 4643 καὶ
2562 4588 2661 4660 τὴν
2704 4587 2809 4657 γῆν
2844 4586 2943 4656 τὴν
2972 4582 3176 4637 οἰκείαν
3204 4581 3392 4652 ὄψεται
3429 4580 3660 4653 δῃουμέ-

2084 4700 2203 4752 νην,
2234 4684 2371 4756 ὅπερ
2402 4679 2494 4736 οὖν
2539 4681 2634 4735 καὶ
2660 4676 2952 4745 ,πέπονθεν
3000 4676 3106 4728 ὑπὸ
3146 4675 3254 4727 τῶν
3302 4671 3659 4727 Βαϐυλωνίων

2088 4773 2310 4845 ὕστερον
2332 4791 2346 4805 ο
2382 4774 2486 4843 γῆν
2513 4772 2623 4843 γὰρ
2651 4770 2743 4824 τοῦ
2786 4767 3013 4840 Νεϐρὼδ
3035 4766 3249 4836 ἐκείνην
3277 4764 3554 4834 ὀνομάζει,
3582 4765 3659 4825 ώς

2087 4865 2145 4916 ἐν
2179 4864 2406 4927 ἐκείνοις
2451 4866 2562 4926 τοῖς
2609 4862 2795 4924 τόποις
2844 4858 2935 4912 τοῦ
2983 4856 3207 4928 Νεϐρὼδ
3248 4856 3556 4925 γεγονότος,
3591 4854 3659 4908 τά

2087 4954 2330 5025 βασίλειά
2353 4972 2413 5008 τε
2444 4954 2655 5024 ἔχοντος
2681 4953 2921 5015 ἐκείνων,
2942 4950 2998 5013 ὃς
3034 4949 3203 5019 μέγας
3230 4947 3481 5017 ἐφαίνετο
3512 4948 3663 5018 παρά

2086 5045 2209 5109 τοὺς
2234 5046 2355 5098 τότε
2384 5044 2701 5115 ἀνθρώπους
2733 5044 2823 5096 ἐπὶ
2850 5043 3077 5112 δυνάμει
3116 5037 3348 5110 φρονῶν.
3379 5037 3533 5091 Οὕτω
3554 5036 3662 5108 γὰρ

2087 5139 2121 5207 ὴ
2152 5138 2249 5207 τῆς
2278 5137 2521 5199 Κτίσεως
2551 5135 2731 5207 βίϐλος
2762 5136 2924 5206 φησίν
2948 5149 2960 5160 ⁸
3000 5152 3018 5184 ι
3064 5126 3232 5193 Οὗτος
3267 5126 3335 5200 ἦν
3371 5129 3531 5196 γίγας
3562 5144 3662 5179 διυ⁸

2087 5228 2251 5299 νηγὸς
2284 5228 2524 5281 ἐναντίον
2555 5227 2758 5299 Κυρίου
2783 5243 2796 5256 θ
2833 5226 2921 5279 διὰ.
2963 5222 3119 5277 τοῦτο
3163 5220 3396 5291 ἐροῦσιν,
3438 5219 3525 5281 Ὡς
3551 5218 3660 5269 Νε-

2097 5318 2242 5390 ϐρὼδ
2266 5319 2424 5386 γίγας
2454 5318 2686 5389 κυνηγὸς
2718 5313 2958 5370 ἐναντίον
2982 5314 3076 5367 τοῦ
3100 5309 3234 5367 Θεοῦ
3251 5328 3263 5340 ο
3285 5332 3304 5362 ι
3326 5309 3419 5362 καὶ
3446 5308 3663 5374 ἐγένετο

2098 5407 2132 5476 ἡ
2160 5405 2306 5479 ἀρχὴ
2331 5404 2430 5475 τῆς
2470 5404 2745 5475 βασιλείας
2792 5402 2957 5457 αὑτοῦ
3005 5396 3287 5455 Βαϐυλών·
3332 5393 3521 5467 ἐπειδὴ
3545 5393 3660 5449 τοί-
