3966 6134
194 277 282 331 381
1157 268 1703 328 COMMENTARIUS
1739 265 1807 323 IN
1832 264 2141 323 HICHA'IE
2173 267 2326 325 CAP.
2366 270 2430 325 V.

3342 266 3447 323 38!

197 409 282 445 νυν
314 391 375 454 ἐξ
397 390 603 442 ἑνιίνου
634 388 782 460 μέγα
808 388 1066 459 ἐφρόνουν
1092 389 1141 442 οἰ
1180 388 1474 461 Ἀσσύριοι,
1493 387 1570 452 ὡς
1593 385 1763 458 μεγά-

1893 384 2053 452 Ieniti,
2107 385 2210 442 hoc
2244 386 2356 442 fere
2381 386 2566 441 dicere
2609 385 2781 441 voluit
2807 384 3096 456 propheta,
3144 380 3292 452 quod
3317 394 3444 450 qua:

200 489 274 535 λοι
300 482 399 552 τὴν
417 481 668 551 δύναμιν,
687 481 785 534 ire
814 482 878 533 ὲκ
901 479 1140 534 τοιούτου
1162 480 1544 550 καταγόμενοι,
1560 475 1769 531 τοιοῦτό

202 592 276 628 τοι
295 575 323 626 ὁ
346 575 628 645 προφήτης
660 574 838 626 εἰπεῖν
870 570 1167 642 ἠϐουλήθη,
1197 573 1281 626 ὅτι
1330 574 1366 643 ἡ
1404 571 1512 625 τῶν
1549 569 1768 623 δοκούν-

204 685 301 721 των
353 666 611 736 ἀνδρείων
670 661 811 719 εἶναι
871 665 1045 738 χώρα,
1084 667 1234 719 πᾶσα
1288 665 1346 716 ὲν
1390 666 1503 741 τοίς
1547 661 1770 723 οἰκείοις

205 756 383 816 τόποις
415 753 518 806 ὑπὸ
552 753 831 823 πολεμίων
868 753 1304 824 ἀναιρεθήσεται,
1344 752 1497 805 οὐδὲν
1535 751 1641 805 ὑπὸ
1670 749 1770 820 τῆς

209 846 379 916 ἰσχύος
414 845 811 915 ὠφελουμένων
836 846 937 914 τῆς
975 846 1179 909 οἰκείας
1226 838 1374 918 ὲφ’ᾖ
1420 844 1562 915 μέγα
1609 843 1772 913 ὲφρό-

207 955 351 998 νόον,-
372 936 459 989 διὰ
500 936 600 1003 τὴν
628 934 801 1006 ὀργὴν
844 936 945 1005 τὴν
989 935 1156 989 θείαν.
1207 933 1538 997 Ἀκολούθως
1588 933 1771 1002 μέντοι

208 1043 261 1094 γε
288 1029 400 1089 τοῖς
433 1026 742 1097 εἰρημένοις
772 1027 801 1078 ό
840 1027 1146 1098 προφήτης,
1198 1045 1217 1078 ι
1274 1027 1384 1079 Καὶ
1430 1024 1653 1098 ῥύσεταί
1686 1040 1769 1091 σε,

1870 476 2093 533 fortium
2134 476 2377 532 virorum
2424 477 2588 549 198
2636 477 2924 534 videbatur
2960 490 3084 531 esse
3130 472 3329 544 patria,
3380 486 3445 525 ea

1871 576 1983 623 tota
2005 568 2075 623 ab
2103 568 2357 625 hostibus
2381 569 2850 639 pessumdabitur,
2875 567 3006 621 nihil
3028 565 3078 621 ei
3105 566 3221 620 suis
3237 562 3446 618 viribus

1873 652 2173 729 profuturis
2227 659 2426 729 quibus
2488 659 2867 729 superbiebat,
2926 665 3147 727 prepter
3203 653 3446 709 divinam

1872 749 2032 803 iram.
2064 748 2439 807 Consentanee
2462 750 2682 804 demum
2733 749 3012 818 praedictis
3038 741 3451 816 proplieta,cLi-

1873 840 2190 912 berabitque
2217 849 2291 907 te,
2337 842 2532 912 inquit,
2583 841 2654 894 ab
2684 839 2911 911 Assyrio
2958 853 3084 893 cum
3139 834 3350 891 venerit
3392 837 3448 887 in

1873 943 2074 991 terram
2123 941 2383 999 vestram,
2439 942 2496 989 et
2551 948 2677 989 cum
2730 934 2799 988 ad
2832 934 2967 989 lines
2999 943 3214 987 vestros
3259 943 3451 983 ascen-

1874 1026 2035 1080 derit.
2057 1046 2074 1078 ι

212 1118 381 1188 φησὶν,
413 1119 481 1170 ὲκ
521 1117 617 1170 τοῦ
659 1118 910 1188 ’Δσσοῦρ,
941 1118 1018 1172 ὅτ’
1049 1120 1114 1173 ἂν
1157 1118 1369 1190 ἀπέλθῃ
1394 1119 1486 1170 ἐπὶ
1526 1116 1626 1188 τὴν
1669 1114 1772 1185 γῆν
1798 1110 1970 1177 ὑμῶν,
1997 1115 2092 1169 καὶ
2121 1115 2198 1168 ὅτ’
2224 1113 2289 1167 ἂν
2318 1114 2478 1177 ἐπιϐῇ
2508 1115 2603 1169 ἐπὶ
2629 1115 2698 1169 τὰ
2726 1115 2850 1181 ὅρια
2886 1111 3059 1180 ὑμῶν.
3093 1131 3113 1165 ι

272 1209 416 1278 Στίχ.
444 1206 588 1271 ζ’-θ’.
622 1238 692 1247 —-
718 1204 851 1264 Εἶτα
880 1209 1368 1279 εὐαγγελισάμενος
1403 1210 1515 1271 τοῖς
1557 1209 1769 1278 Ἰσραηο

212 1300 376 1363 litat;
406 1300 468 1352 τὸ
500 1299 663 1370 μηδὲν
691 1299 797 1354 ὑπὸ
817 1299 912 1353 τοῦ
958 1301 1240 1370 Ἀσσυρίου
1268 1297 1547 1352 πείσεσθαι
1583 1295 1777 1360 κακὸν,

214 1393 432 1459 ἐπάγει·
486 1411 506 1443 ι
549 1393 659 1444 Καὶ
708 1391 861 1445 ἔσται
899 1392 962 1446 τὸ
1006 1392 1321 1462 ὑπόλειμμα
1350 1391 1444 1443 τοῦ
1497 1388 1691 1442 Ἰακὼϐ
1719 1389 1778 1439 ὲν

215 1476 317 1544 τοῖς
346 1480 554 1533 ἔθνεσιν
580 1481 637 1533 ἐν
674 1481 823 1551 μέσῳ
867 1481 1008 1534 λαῶν
1053 1483 1259 1536 πολλῶν
1291 1482 1367 1543 ('0;
1394 1482 1582 1552 δρόσος
1626 1480 1777 1552 παρά

218 1569 410 1641 Κυρίου
452 1571 845 1635 ἐπιπίπτουσα,
892 1574 987 1626 καὶ
1032 1574 1109 1636 ὼς
1158 1573 1319 1644 ἄρνες
1365 1574 1451 1625 ἐπ’
1480 1574 1775 1642 ἄγρωστιν,

1948 1205 2112 1261 Vens.
2142 1206 2256 1261 7-9.
2281 1234 2350 1244 —
2384 1203 2587 1260 Deinde
2633 1213 2845 1274 gratum
2890 1202 3140 1257 nuntium
3183 1198 3448 1255 lsraelitis

1878 1313 2099 1363 canens,
2154 1295 2270 1351 fore
2315 1305 2375 1351 ut
2409 1296 2543 1350 nihil
2587 1295 2714 1349 mali
2766 1294 2836 1348 ab
2876 1293 3119 1364 Assyriis
3149 1291 3451 1362 patiantur.

1880 1388 2025 1444 addit
2047 1405 2061 1441 :
2083 1408 2100 1439 ι
2121 1387 2185 1442 Ει
2209 1396 2371 1444 erunt
2392 1386 2633 1457 reliquiae
2651 1384 2818 1441 Jacob
2845 1384 2899 1438 in
2923 1383 3177 1454 gentibus
3202 1386 3256 1436 in
3276 1380 3456 1436 medio

1880 1480 2202 1553 populorum
2233 1481 2551 1545 multorum,
2589 1480 2747 1549 quasi
2782 1492 2874 1532 ros
2905 1492 2937 1530 a
2970 1474 3198 1529 Domino
3228 1472 3453 1535 cadens,

1881 1584 1933 1630 et
1959 1575 2112 1644 quasi
2163 1574 2285 1644 agni
2330 1588 2505 1643 super
2553 1585 2798 1643 gramen,
2865 1576 2925 1623 ut
2959 1584 3068 1621 non
3099 1570 3460 1635 congregetur

216 1638 353 1723 ὅπως
375 1662 449 1732 μὴ
476 1662 711 1733 συναχθῇ
749 1663 955 1733 μηδεὶς,
986 1662 1120 1733 μηδὲ
1155 1638 1359 1733 ὑποστῇ
1400 1664 1457 1715 ἐν
1498 1638 1635 1725 υἱοῖς
1686 1663 1783 1716 ἀνα

1893 1638 2425 1736 qui-spiant,vneque
2484 1638 2752 1716 subsistat
2815 1661 2870 1714 in
2924 1659 3048 1713 [iliis
3104 1657 3453 1711 hominumn

218 1751 460 1820 θρὼπων.
493 1773 512 1805 ι
538 1755 603 1807 Οἱ
625 1754 734 1825 γὰρ
767 1756 832 1807 ὲκ
864 1754 957 1808 τοῦ
993 1754 1205 1826 Ἰσραὴλ
1237 1754 1653 1822 ὑπολειφθέντες
1690 1753 1781 1805 ἐπὶ

218 1843 308 1913 τῆς
347 1842 624 1908 Ἰουδαίας,
654 1847 754 1899 εἴτ’
784 1841 879 1899 οὖν
932 1847 1030 1916 τῆς
1070 1845 1437 1917 Ἰερουσαλὴμ,
1459 1845 1664 1898 τούτων
1696 1861 1783 1911 γε·

220 1935 463 2002 γονάτων,
513 1938 782 2008 αἰδέσιμοι
828 1939 1117 2006 φανοῦνται
1146 1941 1281 1992 πᾶσι
1323 1942 1435 2001 τοῖς
1477 1937 1652 1999 ἐκτὸς,
1688 1936 1780 1989 καί⁵

222 2026 409 2095 πολλῆς
431 2027 573 2090 ἄξιοι
605 2029 862 2099 σπουδῆς,
896 2030 993 2099 οὐχ
1039 2025 1199 2101 ἦττον
1236 2029 1269 2100 ἢ
1311 2029 1500 2100 δρόσος
1531 2029 1648 2080 ἐστὶ
1693 2045 1783 2081 πο-

222 2115 360 2186 θεινὴ
388 2119 504 2181 τοῖς
532 2121 799 2185 γεωργοῖς
828 2119 970 2172 κατά
1002 2119 1191 2190 καιρὸν
1223 2120 1642 2189 καταφερομένη
1692 2121 1782 2173 τὸν

222 2209 408 2261 οἰκεῖον
426 2226 441 2238 σ
479 2208 556 2279 (p.
588 2210 713 2281 305)
741 2209 998 2264 διοίσουσί
1028 2228 1089 2264 τε
1115 2212 1264 2265 οὐδὲν
1293 2212 1577 2283 προϐάτων
1600 2212 1782 2282 ἄγρω-

226 2316 330 2353 στιν
363 2300 701 2371 νεμομένων,
727 2302 902 2366 οὕτως
933 2303 1147 2357 ἅπαντα
1186 2302 1293 2356 τῶν
1324 2303 1677 2357 ἀπολωλότων
1716 2319 1776 2355 τε

225 2387 311 2440 καὶ
340 2390 690 2458 πεφευγότων
728 2392 973 2455 ἐπιόντες
1000 2392 1070 2445 τὰ
1113 2392 1360 2462 λάφυρα·
1401 2392 1476 2455 ὼς
1528 2394 1622 2445 καὶ
1667 2392 1783 2471 δέος

225 2479 415 2533 ἅπασιν
453 2481 777 2549 ἐγγενέσθαι
809 2486 921 2546 τοῖς
949 2481 1253 2554 ἀνθρώποις
1284 2483 1377 2537 τοῦ
1411 2483 1612 2553 μηδένα
1652 2483 1782 2537 ποτὲ

227 2572 558 2642 ἐπιχειρῆσαι
589 2572 667 2643 τῷ
694 2574 815 2627 κατ’
844 2575 1020 2628 αὐτῶν
1048 2576 1288 2647 πολέμῳ.
1326 2595 1345 2628 ι
1392 2577 1503 2629 Καὶ
1543 2577 1695 2629 ἔσται
1723 2576 1785 2629 τὸ

228 2663 528 2734 ὑπόλειμμα
548 2665 645 2718 τοῦ
683 2664 876 2719 Ἰακὼϐ
904 2668 962 2719 ἐν
991 2669 1100 2731 τοῖς
1127 2667 1335 2721 ἔθνεσιν
1369 2668 1428 2721 ὲν
1460 2667 1610 2738 μέσῳ
1638 2666 1784 2720 λαῶν

230 2754 443 2819 πολλῶν,
478 2756 556 2819 ὡς
602 2755 738 2810 λέων
767 2759 827 2810 ἐν
864 2760 976 2821 τοίς
1014 2760 1232 2828 κτήνεσι
1267 2759 1359 2813 τοῦ
1411 2758 1641 2830 δρυμοῦ,
1692 2759 1786 2811 καὶ

231 2845 299 2907 ὡς
332 2846 566 2917 σκύμνος
604 2848 664 2900 ὲν
698 2849 970 2919 ποιμνίοις
1013 2850 1331 2921 προϐάτων·
1380 2850 1439 2904 ὃν
1478 2851 1678 2921 τρόπον
1709 2849 1785 2903 ὅτ’

1882 1758 2091 1812 Etenim
2121 1756 2212 1825 qui
2241 1753 2416 1808 relicti
2444 1751 2647 1805 fuerint
2668 1753 2721 1804 in
2751 1748 2941 1804 Iudaea
2960 1749 3074 1803 sive
3093 1746 3457 1804 Hierusalem,

1880 1847 2221 1903 venerabiles
2253 1844 2529 1900 extraneis
2558 1842 2770 1896 cunctis
2800 1840 3153 1904 videbuntur,
3179 1839 3461 1906 multoque

1881 1941 2031 2010 digni
2059 1938 2265 2000 studio,
2306 1935 2451 1995 haud
2480 1948 2640 1989 secus
2686 1945 2850 2002 quam
2881 1930 3139 2001 agricolis
3162 1938 3349 2000 gratus
3377 1936 3461 1983 est

1880 2051 1973 2090 ros
2007 2042 2248 2102 tempore
2279 2030 2499 2100 proprio
2534 2026 2827 2081 decidens:
2889 2024 3205 2093 similesque
3234 2037 3460 2092 appare-

1884 2130 2020 2184 bunt
2043 2127 2239 2179 ovibus
2260 2122 2681 2192 depast-emibus
2709 2134 2973 2190 gramen;
3015 2118 3093 2171 sic
3140 2118 3285 2177 enim
3333 2130 3460 2185 per-

1882 2218 2130 2273 euntium
2161 2222 2325 2283 atque
2358 2211 2679 2282 fugientium
2707 2215 2933 2277 carpent
2956 2206 3182 2260 exuvias
3207 2224 3219 2259 :
3259 2221 3322 2259 ex
3352 2218 3462 2273 quo

1882 2310 2046 2362 timor
2080 2305 2170 2360 iiet
2208 2303 2427 2359 cunctis
2463 2300 2801 2361 heminibus,
2853 2297 3147 2368 quominus
3177 2311 3272 2352 eos
3320 2294 3464 2348 bello

1884 2407 2108 2472 quatere
2125 2397 2312 2452 velint.
2353 2413 2372 2445 ι
2394 2394 2459 2447 Et
2484 2399 2648 2447 erunt
2675 2390 2845 2445 Iacob
2869 2390 3112 2459 reliquiae
3133 2390 3186 2443 in
3208 2387 3464 2459 gentibus

1884 2493 1938 2547 in
1976 2491 2155 2545 medio
2187 2487 2512 2559 populorum
2546 2484 2868 2545 multorum,
2910 2489 2969 2535 ut
2999 2481 3083 2536 leo
3118 2481 3171 2534 in
3199 2479 3465 2550 jumeutis

1886 2584 2035 2639 silvae
2089 2588 2143 2636 et
2202 2587 2259 2634 ut
2288 2578 2506 2633 catulus
2556 2575 2731 2629 leonis
2783 2574 2837 2627 in
2873 2573 3131 2643 gregibus
3178 2584 3462 2640 pecorum,

1885 2672 1978 2743 qtti
2012 2682 2135 2726 cum
2167 2667 2452 2753 tra’nsierit
2499 2672 2553 2719 et
2579 2663 2826 2718 dividens
2859 2661 3053 2729 rapiat,
3117 2674 3225 2713 non
3254 2666 3337 2712 est
3371 2657 3465 2727 qui

1886 2772 2066 2819 eruat.
2098 2752 2441 2814 Exaltabitur
2468 2770 2665 2811 manus
2691 2768 2812 2809 mea
2842 2768 3008 2822 super
3034 2752 3361 2806 tribulantes
3392 2758 3465 2812 te,

1889 2863 1943 2909 et
1968 2868 2156 2908 omnes
2202 2851 2406 2905 inimici
2440 2848 2517 2901 tui
2558 2845 2877 2901 interibunt.
2907 2864 2925 2896 ι
2973 2841 3127 2897 Hand
3166 2840 3468 2896 dissimiles

231 2936 291 2989 ἂν
308 2938 484 3013 διέλθῃ
517 2940 615 2993 καὶ
644 2940 949 3005 διαστείλας
973 2942 1213 3015 ἁρπάσῃ,
1247 2944 1341 2995 καὶ
1382 2942 1455 3014 μὴ
1574 2943 1601 2994 ό
1641 2939 1786 3006 ἐξαι-

1893 2945 2029 2999 leoni
2058 2943 2211 2996 eritis
2236 2940 2429 2995 bestiis
2455 2936 2768 3013 tremendo:
2796 2934 2934 2990 adeo
2953 2933 3170 2987 cunctis
3190 2930 3470 2986 extraneis

234 3029 515 3099 ρούμενος·
554 3032 901 3103 ὑψωθήσεται
946 3037 978 3105 ή
1011 3035 1130 3106 χείρ
1156 3052 1250 3088 σου
1282 3036 1373 3088 ἐπὶ
1414 3037 1540 3099 τοὺς
1581 3034 1786 3089 θλίϐον-

1893 3033 2142 3105 posthinc
2173 3030 2467 3094 terribiles,
2518 3036 2742 3098 propter
2774 3024 2984 3080 cladem
3015 3023 3257 3094 Assyriis
3304 3020 3469 3075 vestri

231 3116 320 3181 τάς
344 3136 422 3180 σε,
448 3122 543 3175 καὶ
558 3122 762 3185 πάντες
789 3125 836 3176 οἰ
862 3124 1045 3194 ἐχθροί
1071 3142 1163 3177 σου
1186 3125 1738 3197 ὲξολοθρευθήσονται.
1770 3149 1786 3181 ι

1893 3141 2058 3181 causa
2096 3125 2323 3178 illatam.
2352 3120 2486 3174 Nam
2517 3120 2664 3174 sicut
2688 3121 2772 3173 leo
2795 3117 3255 3188 (eatulumautem
3279 3126 3474 3168 rursus

233 3207 334 3259 Kal.
372 3208 622 3272 διοίσετε,
673 3212 858 3281 φησὶν,
919 3211 1073 3265 οὐδὲν
1119 3211 1330 3276 λέοντος
1391 3212 1623 3283 φοϐεροῦ
1684 3217 1786 3277 τοῖς

1893 3216 2022 3270 dicit
2071 3212 2343 3275 eumdem,
2408 3211 2581 3264 leonis
2624 3216 2810 3263 natum
2862 3208 2942 3263 sic
2991 3206 3293 3276 appellans)
3324 3203 3471 3275 gregi

232 3299 471 3369 κτήνεσιν
491 3317 505 3330 ·
526 3298 701 3363 οὕτως
726 3300 897 3355 ἅπασι
922 3304 1031 3365 τοῖς
1060 3301 1360 3373 ἀλλοτρίοις
1394 3303 1545 3367 ὄντες
1568 3304 1786 3374 φοϐεροὶ

1894 3307 2075 3360 ovimn
2133 3312 2352 3372 repente
2405 3302 2674 3362 indicens,
2715 3308 2984 3370 quotquot
3018 3315 3084 3354 ex
3120 3298 3205 3351 his
3235 3295 3473 3350 voluerit

231 3386 442 3452 λοιπὸν,
484 3389 574 3443 διὰ
615 3390 715 3461 τὴν
759 3393 875 3454 τοῖς
934 3391 1237 3462 Ἀσσυρίοις
1280 3392 1417 3463 ὑπὲρ
1463 3391 1616 3462 ὑμῶν
1668 3395 1786 3445 ὲπι-

1897 3409 1993 3465 pro
2022 3392 2138 3448 suis
2176 3391 2386 3445 viribus
2436 3390 2600 3459 rapit,
2651 3388 2725 3441 ita
2783 3403 2883 3442 vos
2916 3386 3170 3442 fortiores
3220 3384 3474 3439 hostibus

232 3481 518 3550 γενομένην
545 3482 759 3553 πληγήν
783 3500 797 3514 ·
824 3483 899 3546 ὡς
931 3483 1038 3554 γὰρ
1074 3483 1140 3537 ἂν
1170 3484 1223 3537 ετ
1242 3499 1325 3546 τις
1366 3484 1501 3537 λέων
1530 3484 1786 3554 (σκύμνον

1897 3486 2094 3540 vestris
2146 3483 2345 3536 abhinc
2375 3496 2499 3535 esse
2550 3478 2960 3551 reputabimiui,
3019 3478 3278 3547 quoniam
3323 3483 3472 3528 tanta

232 3570 334 3641 γὰρ
380 3572 543 3626 πάλιν
594 3573 658 3626 τὸ
698 3573 832 3627 αὐτὸ
876 3573 1042 3642 λέγει,
1076 3576 1135 3629 τὸ
1176 3574 1268 3628 τοῦ
1307 3574 1517 3639 λέοντος
1549 3576 1786 3649 γέννημα

1900 3577 2171 3648 pernicies
2205 3571 2616 3641 aggreSsoribus
2648 3571 2845 3625 vestris
2877 3569 3116 3623 obvenit.

233 3664 367 3720 οὕτω
417 3668 646 3735 καλῶνγ,
710 3669 913 3740 ποίμνῃ
966 3671 1249 3753 προϐάτων
1299 3672 1495 3741 ἀθρόον
1542 3673 1817 3743 ἐμπεσὼν,
1870 3674 2040 3726 ὁπόσα
2083 3669 2332 3739 βούλεται
2382 3664 2442 3728 ἐξ
2496 3664 2673 3717 αὐτῶν
2721 3664 2860 3717 κατὰ
2913 3663 3012 3732 τὴν
3061 3665 3213 3731 ἰσχὺν
3255 3658 3476 3733 ἁρπάσῃ

234 3763 327 3831 τὴν
380 3763 617 3828 οἰκείαν,
683 3763 855 3826 οὕτως
909 3769 1021 3828 τοῖς
1081 3765 1289 3838 ἐχθροῖς
1337 3769 1448 3830 τοίς
1513 3768 1796 3838 ὑμετέροις
1827 3764 2181 3835 δυνατώτεροι
2202 3758 2591 3831 νομισθήσεσθε
2661 3757 2754 3811 τοῦ
2808 3755 3016 3813 λοιποῦ.
3076 3755 3171 3809 ἅτε
3225 3754 3477 3826 τοιαύτης

234 3855 498 3921 ἀπωλείας
546 3855 933 3929 ὲπενεχθείσης
985 3862 1096 3922 τοῖς
1146 3861 1620 3932 ὲπικεχειρηκόσιν
1667 3862 1794 3931 ὑμῖν
1842 3857 2108 3913 ἐπελθεῖν.

295 3948 441 4018 Στίχ.
465 3954 612 4002 ι’-ιε⁹.
632 3978 705 3990 —
730 3948 915 4004 Ταῦτα
935 3952 1280 4021 περιέσεσθαι
1298 3957 1410 4017 τοῖς
1440 3954 1800 4026 Ἰσραηλίταις

234 4040 316 4095 aut
337 4043 436 4113 τῆς
468 4042 581 4096 τῶν
618 4043 915 4113 Ἀσσυρίων
944 4042 1157 4117 πληγῆς
1181 4044 1417 4116 εἰρηκὼς
1436 4047 1465 4099 ὁ
1495 4047 1795 4117 προφήτης.

233 4130 425 4199 ἐφεξῆς
453 4133 550 4185 καὶ
577 4133 679 4202 τὴν
706 4133 827 4185 κατ’
852 4132 1031 4186 αὐτῶν
1062 4133 1171 4187 τῶν
1211 4135 1506 4205 Ἀσσυρίων
1530 4137 1797 4207 τιμωρίαν

234 4218 563 4292 πλατύτερον
600 4220 767 4289 λέγει.
807 4222 965 4275 Κατά
992 4221 1099 4293 γὰρ
1121 4225 1327 4276 ἐκεῖνον
1366 4224 1429 4292 δὴ
1456 4225 1547 4277 τὸν
1586 4226 1794 4296 καιρὸν,

237 4307 382 4378 φησὶ,
406 4308 618 4372 πάντας
637 4309 763 4373 τούς
789 4326 848 4363 τε
869 4311 1065 4374 ἵππους
1093 4313 1184 4365 καὶ
1212 4311 1278 4366 τά
1303 4312 1520 4383 ἅρματα
1550 4316 1794 4383 ἀφανιεῖ·

1980 3946 2142 4001 Vens.
2170 3942 2357 3998 10—15.
2387 3970 2452 3982 ο-
2491 3940 2786 4010 Postquam
2836 3941 2952 3992 haec
3006 3934 3268 3991 lsraelitis
3309 3950 3475 3988 even-

1902 4048 2048 4102 tura,
2108 4036 2280 4107 plagce
2333 4048 2501 4088 causa
2554 4032 2798 4102 Assyriis
2858 4030 3148 4099 impositae,
3208 4025 3476 4096 propheta

1909 4129 2070 4200 199
2093 4127 2283 4190 edixit,
2321 4122 2861 4180 deinde~eorumdem
2879 4119 3231 4190 Assyriorum
3260 4129 3475 4188 pmnani

1905 4223 2067 4276 latius
2119 4227 2325 4274 narrat.
2378 4217 2619 4288 Namque
2665 4215 2757 4269 illo
2781 4224 3043 4283 tempore,
3102 4211 3200 4277 ait,
3251 4216 3477 4265 cunctos

1904 4327 2076 4384 equos
2099 4326 2406 4379 currusque
2432 4310 2679 4363 destruet
2709 4306 3000 4373 Dominus;
3048 4311 3108 4358 ut
3134 4303 3311 4357 dicat:
3343 4300 3474 4356 Uni-

237 4396 308 4466 (Ρ-
340 4398 465 4493 δθό)
493 4399 582 4453 ἵνα
610 4401 763 4472 eia-r11:
799 4402 910 4473 Τὴν
935 4402 1216 4474 ὁπλιτικὴν
1238 4408 1587 4478 παρασκευὴν
1621 4408 1786 4479 ἄχρη.

1903 4420 2120 4460 versum
2176 4403 2428 4457 bellicum
2484 4406 2802 4469 apparatum
2856 4395 3138 4468 praestabit
3192 4395 3471 4449 inutilem:

239 4504 354 4541 στον
395 4491 673 4559 ἀποφανεῖ
716 4494 896 4547 πᾶσαν
920 4510 935 4524 ·
986 4495 1175 4549 ἀπολεῖ
1221 4496 1277 4549 δέ
1331 4513 1425 4549 σου
1461 4498 1561 4562 τὰς
1616 4500 1801 4562 πόλεις

238 4579 467 4645 ἁπάσας,
500 4582 603 4636 κᾶν
633 4583 843 4648 εῐτινες
873 4586 1089 4655 ἰσχυραί
1115 4604 1173 4639 τε
1200 4587 1291 4639 καὶ
1318 4586 1455 4655 μετά
1488 4588 1685 4658 πολλῆς
1709 4608 1795 4644 τε-

237 4670 570 4740 τειχισμέναι
615 4672 715 4742 τῆς
745 4675 1040 4742 ἀσφαλείας
1073 4677 1129 4728 ὲν
1167 4678 1357 4740 αὐταῖς
1386 4674 1521 4732 εἶναι
1564 4678 1797 4732 δοκοῖενο

238 4761 588 4815 συναπολέσει
614 4761 673 4815 δὲ
704 4764 895 4827 αὐταῖς
925 4767 1017 4819 καὶ
1049 4758 1225 4821 πάντα
1242 4770 1414 4822 ὁπόσα
1448 4787 1553 4839 περ
1588 4769 1673 4822 διὰ
1702 4771 1800 4839 τῆς

235 4849 552 4923 δαιμονικῆς
591 4850 810 4921 μετῄεις
826 4850 939 4920 (42)
956 4849 1271 4922 θεραπείας·
1288 4855 1357 4909 τὰ
1375 4856 1509 4928 γάρι
1538 4862 1801 4931 φάρμακὰ

238 4957 325 4994 σου
373 4962 393 4994 ι
438 4944 602 4997 τοῦτο
646 4943 815 5013 λέγει,
858 4945 948 4999 ἵνα
991 4949 1118 5021 εῐπῃ
1155 4951 1253 5013 τὰς
1289 4951 1501 5020 ἐπῳδὰς
1544 4955 1636 5006 καὶ
1674 4955 1801 5016 τοὺς

236 5033 574 5105 οίωνισμοὺς,
605 5036 701 5087 καὶ
724 5034 898 5088 ὁπόσα
940 5035 1003 5106 δὴ
1039 5039 1261 5093 τοιαῦτα
1305 5040 1423 5104 ἔθος
1454 5037 1523 5112 ἦν
1553 5043 1800 5110 γίνεσθαι

238 5123 358 5213 παρ’
394 5125 613 5189 αὐτοῖς·
646 5126 708 5213 ού
750 5126 931 5179 τοίνυν
971 5127 1092 5180 οὐδὲ
1132 5130 1257 5192 τοὺς
1293 5131 1800 5202 ἀποφθεγγομένους

237 5210 355 5282 ἑξῆς
386 5212 469 5266 ἔτι
496 5215 628 5278 τοὺς
656 5210 776 5279 ταῖς
808 5217 1090 5285 μαντείαις
1116 5219 1210 5271 καὶ
1236 5224 1499 5290 χρησμοῖς
1528 5223 1798 5293 κεχρημέ-

238 5319 382 5367 νους·
416 5305 610 5377 ἐπειδὴ
637 5307 735 5360 καὶ
760 5306 830 5361 τὰ
857 5306 1055 5361 εἴδωλά
1093 5326 1183 5362 σου
1213 5311 1390 5364 πάντα
1423 5313 1516 5366 καὶ
1545 5315 1641 5376 τὰς
1677 5317 1793 5385 στή-

237 5393 324 5458 λας
348 5396 646 5469 ἀφανισμῷ
676 5399 935 5453 παντελεῖ
973 5402 1280 5471 παραδώσει
1300 5420 1314 5435 ο
1357 5402 1432 5466 ὡς
1467 5405 1596 5475 μηδὲ
1629 5407 1808 5476 βουλο-

242 5485 374 5557 μένῳ
398 5505 478 5542 σοι
507 5489 739 5544 δυνατὸν
773 5486 919 5547 εἶναι
946 5491 1015 5545 τὰ
1051 5491 1190 5544 αὐτὰ
1219 5495 1332 5556 τοῖς
1369 5494 1602 5564 πρόσθεν
1633 5480 1816 5550 ποιεῖν’

240 5578 324 5631 καὶ
359 5585 686 5651 προσκυνεῖν
716 5584 831 5646 τοῖς
858 5582 1041 5654 ἔργοις
1086 5585 1192 5639 τῶν
1229 5584 1423 5656 χειρῶν
1460 5585 1564 5639 τῶν
1611 5588 1801 5658 ὑμετέ-

330 5682 437 5767 ίῼ)
461 5683 598 5739 Cod.
635 5681 869 5768 μετιείς.

1903 4502 2240 4562 cunctasque
2287 4500 2408 4545 tuas
2449 4492 2614 4545 urbes
2664 4491 2875 4560 perdet,
2918 4502 3227 4558 quanquam
3270 4500 3339 4538 ex
3390 4484 3480 4538 bis

1902 4589 2096 4656 aliqua:
2127 4586 2259 4639 satis
2300 4587 2467 4637 Iirmm
2494 4583 2773 4651 multoque
2801 4580 3024 4634 munitze
3054 4578 3307 4649 praesidio
3355 4591 3479 4631 esse

1901 4677 2222 4731 videantur:
2256 4690 2380 4729 cum
2410 4674 2583 4743 iisque
2607 4673 2856 4743 peribunt
2884 4676 3153 4739 quotquot
3184 4677 3238 4721 tu
3275 4666 3478 4719 daemo-

1904 4771 2063 4823 niaco
2087 4768 2236 4823 cultu
2265 4768 2717 4839 prosequebaris:
2765 4781 2887 4820 nam
2922 4763 3186 4819 vocabulo
3216 4761 3476 4817 veneﬁcia

1904 4862 1958 4916 id
1987 4862 2242 4928 denotat;
2272 4877 2464 4931 nempe
2492 4859 2915 4921 incantationes,
2951 4858 3206 4928 auguria,
3242 4864 3296 4909 et
3324 4869 3475 4924 quae-

1906 4969 2121 5022 cunque
2164 4952 2474 5023 hujusmodi
2528 4953 2668 5022 apud
2714 4967 2810 5007 eos
2842 4951 2954 5006 ﬁeri
2998 4957 3282 5005 consueta.
3312 4946 3479 5020 Ergo-

1907 5061 1973 5097 ne
1998 5045 2390 5113 respondentes
2421 5045 2639 5113 quidem
2675 5059 2769 5113 per
2797 5043 3019 5095 oracula
3052 5047 3234 5103 erunt,
3261 5040 3374 5093 sive
3393 5038 3476 5093 di-

1905 5137 2279 5190 vinationibus
2314 5136 2664 5204 oraculisque
2715 5140 2967 5187 utentes:
3026 5131 3151 5199 quia
3204 5129 3345 5182 idola
3381 5136 3475 5182 tua

1906 5226 2086 5279 omnia
2112 5227 2404 5293 titulosque
2428 5240 2678 5293 supremo
2719 5224 2894 5277 tradet
2916 5222 3113 5275 exitio:
3142 5221 3214 5273 ita
3240 5229 3295 5274 ut
3326 5236 3393 5274 ne
3427 5218 3475 5273 si

1906 5318 2143 5372 volueris
2197 5316 2437 5385 quidem,
2489 5324 2699 5370 veteres
2757 5316 2896 5367 ritus
2954 5322 3077 5368 tuos
3132 5313 3475 5382 frequentare

1902 5410 2109 5474 valeas,
2132 5416 2185 5462 et
2212 5408 2427 5476 opificia
2452 5421 2711 5460 manuum
2734 5415 3042 5460 vestrarum
3074 5405 3320 5460 adorare.
3368 5403 3475 5458 Ex-

1906 5498 2154 5553 cideutur
2177 5498 2337 5553 etiam
2358 5497 2486 5563 luci,
2514 5497 2566 5549 in
2594 5497 2796 5565 quibus
2819 5498 3237 5567 superstitiones
3260 5506 3473 5552 vestras

1910 5592 2066 5662 agitis
2091 5605 2103 5643 :
2133 5590 2379 5645 civitates
2407 5589 2638 5658 denique
2664 5604 2854 5644 omnes
2882 5589 3182 5646 destruam.
3212 5589 3388 5660 Atque
3413 5597 3471 5641 ut
