  <div class='ocr_page' id='page_1' title='image "/cluster/home/n/w/nwhite01/storage/ocr_20150623/66/mdp.39015008467477/199.png"; bbox 0 0 3966 6134; ppageno 0'>
   <div class='ocr_carea' id='block_1_1' title="bbox 392 238 514 296">
    <p class='ocr_par' dir='ltr' id='par_1_1' title="bbox 392 238 514 296">
     <span class='ocr_line' id='line_1_1' title="bbox 392 238 514 296; baseline -0.016 0"><span class='ocrx_word' id='word_1_1' title='bbox 392 238 514 296; x_wconf 69' lang='lat'><strong>383.</strong></span> 
     </span>
    </p>
   </div>
   <div class='ocr_carea' id='block_1_2' title="bbox 1601 222 2919 291">
    <p class='ocr_par' dir='ltr' id='par_1_2' title="bbox 1601 222 2919 291">
     <span class='ocr_line' id='line_1_2' title="bbox 1601 222 2919 291; baseline -0.005 -11"><span class='ocrx_word' id='word_1_2' title='bbox 1601 228 1641 280; x_wconf 86' lang='lat' dir='ltr'><strong>T</strong></span> <span class='ocrx_word' id='word_1_3' title='bbox 1654 225 1792 283; x_wconf 83' lang='lat' dir='ltr'><strong>HEO</strong></span> <span class='ocrx_word' id='word_1_4' title='bbox 1808 223 1971 281; x_wconf 72' lang='lat' dir='ltr'><strong>00R!</strong></span> <span class='ocrx_word' id='word_1_5' title='bbox 2008 222 2507 281; x_wconf 72' lang='lat' dir='ltr'><strong>MOPSUESTENI‘</strong></span> <span class='ocrx_word' id='word_1_6' title='bbox 2898 262 2919 291; x_wconf 82' lang='lat'><strong>,</strong></span> 
     </span>
    </p>
   </div>
   <div class='ocr_carea' id='block_1_3' title="bbox 3544 225 3658 281">
    <p class='ocr_par' dir='ltr' id='par_1_3' title="bbox 3544 225 3658 281">
     <span class='ocr_line' id='line_1_3' title="bbox 3544 225 3658 281; baseline -0.018 0"><span class='ocrx_word' id='word_1_7' title='bbox 3544 225 3658 281; x_wconf 53' lang='lat'><strong>38¢</strong></span> 
     </span>
    </p>
   </div>
   <div class='ocr_carea' id='block_1_4' title="bbox 400 336 1997 417">
    <p class='ocr_par' dir='ltr' id='par_1_4' title="bbox 400 348 1968 417">
     <span class='ocr_line' id='line_1_4' title="bbox 400 348 1968 417; baseline -0.009 -4"><span class='ocrx_word' id='word_1_8' title='bbox 400 356 720 413; x_wconf 76' lang='lat' dir='ltr'><strong>summatim</strong></span> <span class='ocrx_word' id='word_1_9' title='bbox 741 354 944 417; x_wconf 87' lang='lat' dir='ltr'><strong>dicam,</strong></span> <span class='ocrx_word' id='word_1_10' title='bbox 964 354 1043 406; x_wconf 64' lang='lat' dir='ltr'><strong>ina</strong></span> <span class='ocrx_word' id='word_1_11' title='bbox 1063 365 1126 404; x_wconf 90' lang='lat' dir='ltr'><strong>ac</strong></span> <span class='ocrx_word' id='word_1_12' title='bbox 1146 349 1329 404; x_wconf 78' lang='lat' dir='ltr'><strong>furore</strong></span> <span class='ocrx_word' id='word_1_13' title='bbox 1347 359 1653 403; x_wconf 81' lang='lat' dir='ltr'><strong>commotus</strong></span> <span class='ocrx_word' id='word_1_14' title='bbox 1676 348 1968 401; x_wconf 77' lang='lat' dir='ltr'><strong>maximam</strong></span> 
     </span>
    </p>
   </div>
   <div class='ocr_carea' id='block_1_5' title="bbox 2102 336 3653 417">
    <p class='ocr_par' dir='ltr' id='par_1_5' title="bbox 2102 336 3653 416">
     <span class='ocr_line' id='line_1_5' title="bbox 2102 336 3653 416; baseline -0.002 -17"><span class='ocrx_word' id='word_1_15' title='bbox 2102 362 2215 399; x_wconf 75' lang='grc' dir='ltr'>ιωνσ</span> <span class='ocrx_word' id='word_1_16' title='bbox 2259 344 2652 415; x_wconf 82' lang='grc' dir='ltr'>Ἐκκοπήσεται</span> <span class='ocrx_word' id='word_1_17' title='bbox 2684 342 2741 395; x_wconf 82' lang='grc' dir='ltr'>δὲ</span> <span class='ocrx_word' id='word_1_18' title='bbox 2779 342 2872 396; x_wconf 77' lang='grc' dir='ltr'>καὶ</span> <span class='ocrx_word' id='word_1_19' title='bbox 2910 344 2985 396; x_wconf 63' lang='grc' dir='ltr'><strong>τὰρ</strong></span> <span class='ocrx_word' id='word_1_20' title='bbox 3007 342 3144 412; x_wconf 74' lang='grc' dir='ltr'>ἄλση</span> <span class='ocrx_word' id='word_1_21' title='bbox 3192 341 3251 397; x_wconf 76' lang='grc' dir='ltr'>ἐν</span> <span class='ocrx_word' id='word_1_22' title='bbox 3278 336 3360 408; x_wconf 71' lang='grc' dir='ltr'>οἷς</span> <span class='ocrx_word' id='word_1_23' title='bbox 3379 341 3476 408; x_wconf 80' lang='grc' dir='ltr'>τὰς</span> <span class='ocrx_word' id='word_1_24' title='bbox 3515 345 3653 416; x_wconf 82' lang='grc' dir='ltr'>θρη-</span> 
     </span>
    </p>
   </div>
   <div class='ocr_carea' id='block_1_6' title="bbox 402 441 1977 519">
    <p class='ocr_par' dir='ltr' id='par_1_6' title="bbox 402 441 1977 519">
     <span class='ocr_line' id='line_1_6' title="bbox 402 441 1977 519; baseline -0.01 -16"><span class='ocrx_word' id='word_1_25' title='bbox 402 449 891 519; x_wconf 68' lang='lat' dir='ltr'><strong>gravissimamque</strong></span> <span class='ocrx_word' id='word_1_26' title='bbox 928 445 1081 499; x_wconf 82' lang='lat' dir='ltr'><strong>vobis</strong></span> <span class='ocrx_word' id='word_1_27' title='bbox 1105 456 1322 513; x_wconf 56' lang='lat' dir='ltr'><strong>poenam</strong></span> <span class='ocrx_word' id='word_1_28' title='bbox 1348 441 1622 509; x_wconf 81' lang='lat' dir='ltr'><strong>imponam</strong></span> <span class='ocrx_word' id='word_1_29' title='bbox 1665 446 1825 507; x_wconf 89' lang='lat' dir='ltr'><strong>atque</strong></span> <span class='ocrx_word' id='word_1_30' title='bbox 1851 452 1977 507; x_wconf 90' lang='lat' dir='ltr'><strong>per-</strong></span> 
     </span>
    </p>
   </div>
   <div class='ocr_carea' id='block_1_7' title="bbox 402 529 1977 609">
    <p class='ocr_par' dir='ltr' id='par_1_7' title="bbox 402 529 1977 609">
     <span class='ocr_line' id='line_1_7' title="bbox 402 529 1977 609; baseline -0.008 -14"><span class='ocrx_word' id='word_1_31' title='bbox 402 543 622 602; x_wconf 83' lang='lat' dir='ltr'><strong>niciem,</strong></span> <span class='ocrx_word' id='word_1_32' title='bbox 668 540 794 609; x_wconf 84' lang='lat' dir='ltr'><strong>quia</strong></span> <span class='ocrx_word' id='word_1_33' title='bbox 825 553 942 592; x_wconf 88' lang='lat' dir='ltr'><strong>mea</strong></span> <span class='ocrx_word' id='word_1_34' title='bbox 1007 534 1265 590; x_wconf 88' lang='lat' dir='ltr'><strong>noluistis</strong></span> <span class='ocrx_word' id='word_1_35' title='bbox 1324 533 1600 588; x_wconf 87' lang='lat' dir='ltr'><strong>abstinere</strong></span> <span class='ocrx_word' id='word_1_36' title='bbox 1651 541 1824 597; x_wconf 87' lang='lat' dir='ltr'><strong>terra;</strong></span> <span class='ocrx_word' id='word_1_37' title='bbox 1884 529 1977 583; x_wconf 88' lang='lat' dir='ltr'><strong>sed</strong></span> 
     </span>
    </p>
   </div>
   <div class='ocr_carea' id='block_1_8' title="bbox 407 622 1976 701">
    <p class='ocr_par' dir='ltr' id='par_1_8' title="bbox 407 622 1976 701">
     <span class='ocr_line' id='line_1_8' title="bbox 407 622 1976 701; baseline -0.009 -14"><span class='ocrx_word' id='word_1_38' title='bbox 407 636 547 687; x_wconf 65' lang='lat' dir='ltr'><strong>hanc</strong></span> <span class='ocrx_word' id='word_1_39' title='bbox 575 645 789 701; x_wconf 86' lang='lat' dir='ltr'><strong>quoque</strong></span> <span class='ocrx_word' id='word_1_40' title='bbox 811 638 1003 697; x_wconf 67' lang='lat' dir='ltr'><strong>praeter</strong></span> <span class='ocrx_word' id='word_1_41' title='bbox 1024 626 1425 696; x_wconf 85' lang='lat' dir='ltr'><strong>bene‘plaeitum</strong></span> <span class='ocrx_word' id='word_1_42' title='bbox 1453 638 1630 677; x_wconf 90' lang='lat' dir='ltr'><strong>meum</strong></span> <span class='ocrx_word' id='word_1_43' title='bbox 1659 622 1976 691; x_wconf 82' lang='lat' dir='ltr'><strong>depopulari</strong></span> 
     </span>
    </p>
   </div>
   <div class='ocr_carea' id='block_1_9' title="bbox 405 712 1983 786">
    <p class='ocr_par' dir='ltr' id='par_1_9' title="bbox 405 712 1983 786">
     <span class='ocr_line' id='line_1_9' title="bbox 405 712 1983 786; baseline -0.01 -7"><span class='ocrx_word' id='word_1_44' title='bbox 405 724 673 779; x_wconf 76' lang='lat' dir='ltr'><strong>voluistis.</strong></span> <span class='ocrx_word' id='word_1_45' title='bbox 708 720 827 776; x_wconf 74' lang='lat' dir='ltr'><strong>Jan)</strong></span> <span class='ocrx_word' id='word_1_46' title='bbox 860 720 949 773; x_wconf 91' lang='lat' dir='ltr'><strong>ubi</strong></span> <span class='ocrx_word' id='word_1_47' title='bbox 991 719 1059 773; x_wconf 90' lang='lat' dir='ltr'><strong>de</strong></span> <span class='ocrx_word' id='word_1_48' title='bbox 1111 719 1293 771; x_wconf 90' lang='lat' dir='ltr'><strong>futura</strong></span> <span class='ocrx_word' id='word_1_49' title='bbox 1322 731 1478 786; x_wconf 74' lang='lat' dir='ltr'><strong>pcena</strong></span> <span class='ocrx_word' id='word_1_50' title='bbox 1509 714 1859 783; x_wconf 84' lang='lat' dir='ltr'><strong>Assyriorum</strong></span> <span class='ocrx_word' id='word_1_51' title='bbox 1900 712 1983 765; x_wconf 90' lang='lat' dir='ltr'><strong>di-</strong></span> 
     </span>
    </p>
   </div>
   <div class='ocr_carea' id='block_1_10' title="bbox 407 802 1981 880">
    <p class='ocr_par' dir='ltr' id='par_1_10' title="bbox 407 802 1981 880">
     <span class='ocr_line' id='line_1_10' title="bbox 407 802 1981 880; baseline -0.009 -11"><span class='ocrx_word' id='word_1_52' title='bbox 407 816 561 869; x_wconf 82' lang='lat' dir='ltr'><strong>een&#39;di</strong></span> <span class='ocrx_word' id='word_1_53' title='bbox 597 815 754 867; x_wconf 84' lang='lat' dir='ltr'><strong>linem</strong></span> <span class='ocrx_word' id='word_1_54' title='bbox 786 812 933 876; x_wconf 88' lang='lat' dir='ltr'><strong>fecit,</strong></span> <span class='ocrx_word' id='word_1_55' title='bbox 968 817 1193 880; x_wconf 78' lang='lat' dir='ltr'><strong>propter</strong></span> <span class='ocrx_word' id='word_1_56' title='bbox 1242 806 1458 862; x_wconf 86' lang='lat' dir='ltr'><strong>illorum</strong></span> <span class='ocrx_word' id='word_1_57' title='bbox 1491 805 1753 861; x_wconf 89' lang='lat' dir='ltr'><strong>adversus</strong></span> <span class='ocrx_word' id='word_1_58' title='bbox 1785 802 1981 857; x_wconf 88' lang='lat' dir='ltr'><strong>llieru-</strong></span> 
     </span>
    </p>
   </div>
   <div class='ocr_carea' id='block_1_11' title="bbox 407 896 1983 972">
    <p class='ocr_par' dir='ltr' id='par_1_11' title="bbox 407 896 1983 972">
     <span class='ocr_line' id='line_1_11' title="bbox 407 896 1983 972; baseline -0.006 -14"><span class='ocrx_word' id='word_1_59' title='bbox 407 907 574 960; x_wconf 84' lang='lat' dir='ltr'><strong>salem</strong></span> <span class='ocrx_word' id='word_1_60' title='bbox 628 920 845 969; x_wconf 89' lang='lat' dir='ltr'><strong>ausum,</strong></span> <span class='ocrx_word' id='word_1_61' title='bbox 880 903 947 957; x_wconf 89' lang='lat' dir='ltr'><strong>ad</strong></span> <span class='ocrx_word' id='word_1_62' title='bbox 991 902 1252 972; x_wconf 88' lang='lat' dir='ltr'><strong>populum</strong></span> <span class='ocrx_word' id='word_1_63' title='bbox 1280 899 1448 954; x_wconf 81' lang='lat' dir='ltr'><strong>verba</strong></span> <span class='ocrx_word' id='word_1_64' title='bbox 1495 896 1784 960; x_wconf 87' lang='lat' dir='ltr'><strong>convertit,</strong></span> <span class='ocrx_word' id='word_1_65' title='bbox 1834 908 1983 948; x_wconf 92' lang='lat' dir='ltr'><strong>nunc</strong></span> 
     </span>
    </p>
   </div>
   <div class='ocr_carea' id='block_1_12' title="bbox 407 985 1984 1067">
    <p class='ocr_par' dir='ltr' id='par_1_12' title="bbox 407 985 1984 1067">
     <span class='ocr_line' id='line_1_12' title="bbox 407 985 1984 1067; baseline -0.005 -20"><span class='ocrx_word' id='word_1_66' title='bbox 407 1005 718 1067; x_wconf 73' lang='lat' dir='ltr'><strong>opportune</strong></span> <span class='ocrx_word' id='word_1_67' title='bbox 769 996 1040 1064; x_wconf 82' lang='lat' dir='ltr'><strong>ingratum</strong></span> <span class='ocrx_word' id='word_1_68' title='bbox 1087 991 1235 1062; x_wconf 82' lang='lat' dir='ltr'><strong>illius</strong></span> <span class='ocrx_word' id='word_1_69' title='bbox 1292 990 1533 1043; x_wconf 89' lang='lat' dir='ltr'><strong>animum</strong></span> <span class='ocrx_word' id='word_1_70' title='bbox 1587 985 1984 1057; x_wconf 81' lang='lat' dir='ltr'><strong>reprehendere</strong></span> 
     </span>
    </p>
   </div>
   <div class='ocr_carea' id='block_1_13' title="bbox 409 1077 1980 1157">
    <p class='ocr_par' dir='ltr' id='par_1_13' title="bbox 409 1077 1980 1157">
     <span class='ocr_line' id='line_1_13' title="bbox 409 1077 1980 1157; baseline -0.003 -20"><span class='ocrx_word' id='word_1_71' title='bbox 409 1086 750 1157; x_wconf 80' lang='lat' dir='ltr'><strong>aggrediens.</strong></span> <span class='ocrx_word' id='word_1_72' title='bbox 776 1118 782 1123; x_wconf 75' lang='lat'>~</span> <span class='ocrx_word' id='word_1_73' title='bbox 809 1084 948 1151; x_wconf 83' lang='lat' dir='ltr'><strong>Quin</strong></span> <span class='ocrx_word' id='word_1_74' title='bbox 998 1083 1134 1137; x_wconf 86' lang='lat' dir='ltr'><strong>adeo</strong></span> <span class='ocrx_word' id='word_1_75' title='bbox 1164 1081 1398 1135; x_wconf 83' lang='lat' dir='ltr'><strong>tribunal</strong></span> <span class='ocrx_word' id='word_1_76' title='bbox 1426 1077 1699 1149; x_wconf 76' lang='lat' dir='ltr'><strong>quoddam</strong></span> <span class='ocrx_word' id='word_1_77' title='bbox 1736 1086 1980 1132; x_wconf 89' lang='lat' dir='ltr'><strong>statuens</strong></span> 
     </span>
    </p>
   </div>
   <div class='ocr_carea' id='block_1_14' title="bbox 411 1176 964 1248">
    <p class='ocr_par' dir='ltr' id='par_1_14' title="bbox 411 1176 964 1248">
     <span class='ocr_line' id='line_1_14' title="bbox 411 1176 964 1248; baseline -0.011 -14"><span class='ocrx_word' id='word_1_78' title='bbox 411 1178 693 1248; x_wconf 79' lang='lat' dir='ltr'><strong>preplteta,</strong></span> <span class='ocrx_word' id='word_1_79' title='bbox 737 1176 818 1231; x_wconf 88' lang='lat' dir='ltr'><strong>sic</strong></span> <span class='ocrx_word' id='word_1_80' title='bbox 853 1177 927 1229; x_wconf 87' lang='lat' dir='ltr'><strong>ait</strong></span> <span class='ocrx_word' id='word_1_81' title='bbox 951 1193 964 1228; x_wconf 91' lang='lat'><strong>:</strong></span> 
     </span>
    </p>
   </div>
   <div class='ocr_carea' id='block_1_15' title="bbox 2085 430 3656 502">
    <p class='ocr_par' dir='ltr' id='par_1_15' title="bbox 2085 430 3656 502">
     <span class='ocr_line' id='line_1_15' title="bbox 2085 430 3656 502; baseline -0.001 -16"><span class='ocrx_word' id='word_1_82' title='bbox 2085 433 2273 495; x_wconf 84' lang='grc' dir='ltr'>σκείας</span> <span class='ocrx_word' id='word_1_83' title='bbox 2318 431 2614 485; x_wconf 82' lang='grc' dir='ltr'>ὲπιτελεῖτε</span> <span class='ocrx_word' id='word_1_84' title='bbox 2651 431 2747 493; x_wconf 78' lang='grc' dir='ltr'>τὰς</span> <span class='ocrx_word' id='word_1_85' title='bbox 2778 431 3004 498; x_wconf 82' lang='grc' dir='ltr'>οἰκείας,</span> <span class='ocrx_word' id='word_1_86' title='bbox 3048 430 3147 494; x_wconf 83' lang='grc' dir='ltr'><strong>τάς</strong></span> <span class='ocrx_word' id='word_1_87' title='bbox 3176 448 3235 485; x_wconf 87' lang='grc' dir='ltr'><strong>τε</strong></span> <span class='ocrx_word' id='word_1_88' title='bbox 3275 431 3457 498; x_wconf 81' lang='grc' dir='ltr'>πόλεις</span> <span class='ocrx_word' id='word_1_89' title='bbox 3500 432 3656 502; x_wconf 82' lang='grc' dir='ltr'>ὑμῶν</span> 
     </span>
    </p>
   </div>
   <div class='ocr_carea' id='block_1_16' title="bbox 2084 521 3659 594">
    <p class='ocr_par' dir='ltr' id='par_1_16' title="bbox 2084 521 3659 594">
     <span class='ocr_line' id='line_1_16' title="bbox 2084 521 3659 594; baseline -0.001 -16"><span class='ocrx_word' id='word_1_90' title='bbox 2084 524 2301 587; x_wconf 82' lang='grc' dir='ltr'><strong>ἁπάσας</strong></span> <span class='ocrx_word' id='word_1_91' title='bbox 2352 521 2599 592; x_wconf 78' lang='grc' dir='ltr'>ἀφανιῶ’</span> <span class='ocrx_word' id='word_1_92' title='bbox 2648 523 2763 588; x_wconf 71' lang='grc' dir='ltr'>καὶ,</span> <span class='ocrx_word' id='word_1_93' title='bbox 2812 522 3093 591; x_wconf 81' lang='grc' dir='ltr'><strong>συντόμως</strong></span> <span class='ocrx_word' id='word_1_94' title='bbox 3131 522 3325 587; x_wconf 82' lang='grc' dir='ltr'>είπεῖν,</span> <span class='ocrx_word' id='word_1_95' title='bbox 3374 523 3510 594; x_wconf 79' lang='grc' dir='ltr'>ὀργῇ</span> <span class='ocrx_word' id='word_1_96' title='bbox 3563 522 3659 576; x_wconf 75' lang='grc' dir='ltr'><strong>καὶ</strong></span> 
     </span>
    </p>
   </div>
   <div class='ocr_carea' id='block_1_17' title="bbox 2087 612 3659 687">
    <p class='ocr_par' dir='ltr' id='par_1_17' title="bbox 2087 612 3659 687">
     <span class='ocr_line' id='line_1_17' title="bbox 2087 612 3659 687; baseline 0 -19"><span class='ocrx_word' id='word_1_97' title='bbox 2087 614 2245 686; x_wconf 81' lang='grc' dir='ltr'>θυμῷ</span> <span class='ocrx_word' id='word_1_98' title='bbox 2295 614 2657 687; x_wconf 83' lang='grc' dir='ltr'>χρησάμενος,</span> <span class='ocrx_word' id='word_1_99' title='bbox 2705 613 2966 684; x_wconf 78' lang='grc' dir='ltr'><strong>μεγίστην</strong></span> <span class='ocrx_word' id='word_1_100' title='bbox 3025 612 3115 666; x_wconf 74' lang='grc' dir='ltr'>καὶ</span> <span class='ocrx_word' id='word_1_101' title='bbox 3184 614 3494 685; x_wconf 80' lang='grc' dir='ltr'><strong>βαρυτάτην</strong></span> <span class='ocrx_word' id='word_1_102' title='bbox 3530 619 3659 685; x_wconf 76' lang='grc' dir='ltr'>ὑμῖν</span> 
     </span>
    </p>
   </div>
   <div class='ocr_carea' id='block_1_18' title="bbox 2086 700 3682 778">
    <p class='ocr_par' dir='ltr' id='par_1_18' title="bbox 2086 700 3682 778">
     <span class='ocr_line' id='line_1_18' title="bbox 2086 700 3682 778; baseline -0.002 -17"><span class='ocrx_word' id='word_1_103' title='bbox 2086 710 2185 778; x_wconf 83' lang='grc' dir='ltr'>τήν</span> <span class='ocrx_word' id='word_1_104' title='bbox 2215 725 2275 759; x_wconf 85' lang='grc' dir='ltr'><strong>τε</strong></span> <span class='ocrx_word' id='word_1_105' title='bbox 2295 709 2563 778; x_wconf 80' lang='grc' dir='ltr'>τιμωρίαν</span> <span class='ocrx_word' id='word_1_106' title='bbox 2593 707 2794 759; x_wconf 84' lang='grc' dir='ltr'>ὲποίσω</span> <span class='ocrx_word' id='word_1_107' title='bbox 2823 708 2916 760; x_wconf 77' lang='grc' dir='ltr'><strong>καὶ</strong></span> <span class='ocrx_word' id='word_1_108' title='bbox 2942 707 3041 777; x_wconf 84' lang='grc' dir='ltr'>τὴν</span> <span class='ocrx_word' id='word_1_109' title='bbox 3080 704 3374 772; x_wconf 86' lang='grc' dir='ltr'>ἀπώλειαν,</span> <span class='ocrx_word' id='word_1_110' title='bbox 3414 703 3556 776; x_wconf 84' lang='grc' dir='ltr'>ὑπὲρ</span> <span class='ocrx_word' id='word_1_111' title='bbox 3586 700 3682 765; x_wconf 73' lang='grc' dir='ltr'><strong>ὧν,</strong></span> 
     </span>
    </p>
   </div>
   <div class='ocr_carea' id='block_1_19' title="bbox 2084 796 3661 870">
    <p class='ocr_par' dir='ltr' id='par_1_19' title="bbox 2084 796 3661 870">
     <span class='ocr_line' id='line_1_19' title="bbox 2084 796 3661 870; baseline -0.001 -18"><span class='ocrx_word' id='word_1_112' title='bbox 2084 798 2418 870; x_wconf 77' lang='grc' dir='ltr'><strong>ἀποσχέσθαι</strong></span> <span class='ocrx_word' id='word_1_113' title='bbox 2457 799 2555 869; x_wconf 81' lang='grc' dir='ltr'>τῆς</span> <span class='ocrx_word' id='word_1_114' title='bbox 2607 796 2790 870; x_wconf 88' lang='grc' dir='ltr'>χώρας</span> <span class='ocrx_word' id='word_1_115' title='bbox 2841 800 2942 852; x_wconf 79' lang='grc' dir='ltr'><strong>οὐκ</strong></span> <span class='ocrx_word' id='word_1_116' title='bbox 2980 797 3315 868; x_wconf 74' lang='grc' dir='ltr'>ἠϐουλήθητε</span> <span class='ocrx_word' id='word_1_117' title='bbox 3356 798 3455 868; x_wconf 82' lang='grc' dir='ltr'>τῆς</span> <span class='ocrx_word' id='word_1_118' title='bbox 3496 798 3661 867; x_wconf 75' lang='grc' dir='ltr'>ἐμῆς,</span> 
     </span>
    </p>
   </div>
   <div class='ocr_carea' id='block_1_20' title="bbox 2086 876 3667 967">
    <p class='ocr_par' dir='ltr' id='par_1_20' title="bbox 2086 876 3667 967">
     <span class='ocr_line' id='line_1_20' title="bbox 2086 876 3667 967; baseline -0.001 -24"><span class='ocrx_word' id='word_1_119' title='bbox 2086 890 2222 944; x_wconf 77' lang='grc' dir='ltr'>ἀλλὰ</span> <span class='ocrx_word' id='word_1_120' title='bbox 2250 892 2359 963; x_wconf 80' lang='grc' dir='ltr'>γὰρ</span> <span class='ocrx_word' id='word_1_121' title='bbox 2390 890 2656 961; x_wconf 79' lang='grc' dir='ltr'>ἠλπίσατε</span> <span class='ocrx_word' id='word_1_122' title='bbox 2688 892 2838 963; x_wconf 74' lang='grc' dir='ltr'>παρὰ</span> <span class='ocrx_word' id='word_1_123' title='bbox 2864 892 2925 944; x_wconf 85' lang='grc' dir='ltr'><strong>τὸ</strong></span> <span class='ocrx_word' id='word_1_124' title='bbox 2956 892 3079 961; x_wconf 61' lang='grc' dir='ltr'><strong>ἐμοὶ⁴</strong></span> <span class='ocrx_word' id='word_1_125' title='bbox 3104 890 3295 944; x_wconf 83' lang='grc' dir='ltr'>δοκοῦν</span> <span class='ocrx_word' id='word_1_126' title='bbox 3324 876 3529 967; x_wconf 66' lang='grc' dir='ltr'>ὲρημίᾷ</span> <span class='ocrx_word' id='word_1_127' title='bbox 3557 908 3667 943; x_wconf 81' lang='grc' dir='ltr'>πα-</span> 
     </span>
    </p>
   </div>
   <div class='ocr_carea' id='block_1_21' title="bbox 2090 984 3667 1057">
    <p class='ocr_par' dir='ltr' id='par_1_21' title="bbox 2090 984 3667 1057">
     <span class='ocr_line' id='line_1_21' title="bbox 2090 984 3667 1057; baseline 0.001 -22"><span class='ocrx_word' id='word_1_128' title='bbox 2090 984 2362 1055; x_wconf 84' lang='grc' dir='ltr'>ραδιδόναι</span> <span class='ocrx_word' id='word_1_129' title='bbox 2410 988 2507 1039; x_wconf 74' lang='grc' dir='ltr'><strong>καὶ</strong></span> <span class='ocrx_word' id='word_1_130' title='bbox 2547 985 2770 1057; x_wconf 87' lang='grc' dir='ltr'>ταύτην.</span> <span class='ocrx_word' id='word_1_131' title='bbox 2818 985 2928 1039; x_wconf 78' lang='grc' dir='ltr'>Καὶ</span> <span class='ocrx_word' id='word_1_132' title='bbox 2966 984 3150 1055; x_wconf 78' lang='grc' dir='ltr'>ἐπειδὴ</span> <span class='ocrx_word' id='word_1_133' title='bbox 3191 984 3521 1053; x_wconf 88' lang='grc' dir='ltr'>συνεπέρανε</span> <span class='ocrx_word' id='word_1_134' title='bbox 3563 984 3667 1055; x_wconf 83' lang='grc' dir='ltr'>τὴν</span> 
     </span>
    </p>
   </div>
   <div class='ocr_carea' id='block_1_22' title="bbox 2088 1068 3667 1148">
    <p class='ocr_par' dir='ltr' id='par_1_22' title="bbox 2088 1068 3667 1148">
     <span class='ocr_line' id='line_1_22' title="bbox 2088 1068 3667 1148; baseline -0.002 -19"><span class='ocrx_word' id='word_1_135' title='bbox 2088 1077 2540 1147; x_wconf 79' lang='grc' dir='ltr'>ὲπαχθησομένην</span> <span class='ocrx_word' id='word_1_136' title='bbox 2580 1080 2690 1141; x_wconf 81' lang='grc' dir='ltr'>τοῖς</span> <span class='ocrx_word' id='word_1_137' title='bbox 2729 1078 3031 1148; x_wconf 74' lang='grc' dir='ltr'>Ἀσσυρίοις</span> <span class='ocrx_word' id='word_1_138' title='bbox 3064 1076 3356 1147; x_wconf 83' lang='grc' dir='ltr'>τιμωρίαν,</span> <span class='ocrx_word' id='word_1_139' title='bbox 3404 1077 3542 1145; x_wconf 82' lang='grc' dir='ltr'>ὑπὲρ</span> <span class='ocrx_word' id='word_1_140' title='bbox 3588 1068 3667 1131; x_wconf 81' lang='grc' dir='ltr'>ὧν</span> 
     </span>
    </p>
   </div>
   <div class='ocr_carea' id='block_1_23' title="bbox 2091 1165 3671 1239">
    <p class='ocr_par' dir='ltr' id='par_1_23' title="bbox 2091 1165 3671 1239">
     <span class='ocr_line' id='line_1_23' title="bbox 2091 1165 3671 1239; baseline -0.001 -20"><span class='ocrx_word' id='word_1_141' title='bbox 2091 1167 2336 1220; x_wconf 78' lang='grc' dir='ltr'>ἐπελθεῖν</span> <span class='ocrx_word' id='word_1_142' title='bbox 2364 1165 2731 1239; x_wconf 83' lang='grc' dir='ltr'>τετολμήκασι</span> <span class='ocrx_word' id='word_1_143' title='bbox 2767 1170 2832 1239; x_wconf 85' lang='grc' dir='ltr'>τῇ</span> <span class='ocrx_word' id='word_1_144' title='bbox 2880 1166 3250 1239; x_wconf 78' lang='grc' dir='ltr'>Ἰερουσαλὴμ,</span> <span class='ocrx_word' id='word_1_145' title='bbox 3286 1169 3362 1235; x_wconf 92' lang='lat' dir='ltr'><strong>(p.</strong></span> <span class='ocrx_word' id='word_1_146' title='bbox 3392 1165 3516 1236; x_wconf 82' lang='lat'><strong>505)</strong></span> <span class='ocrx_word' id='word_1_147' title='bbox 3543 1168 3671 1236; x_wconf 82' lang='grc' dir='ltr'><strong>τρέ-</strong></span> 
     </span>
    </p>
   </div>
   <div class='ocr_carea' id='block_1_24' title="bbox 412 1244 3689 1339">
    <p class='ocr_par' dir='ltr' id='par_1_24' title="bbox 412 1244 3689 1339">
     <span class='ocr_line' id='line_1_24' title="bbox 412 1244 3689 1339; baseline -0.005 -17"><span class='ocrx_word' id='word_1_148' title='bbox 412 1244 670 1339; x_wconf 47' lang='grc' dir='ltr'>πει-πρὸς</span> <span class='ocrx_word' id='word_1_149' title='bbox 696 1267 786 1321; x_wconf 83' lang='grc' dir='ltr'><strong>τὸν</strong></span> <span class='ocrx_word' id='word_1_150' title='bbox 817 1267 942 1320; x_wconf 83' lang='grc' dir='ltr'>λαδν</span> <span class='ocrx_word' id='word_1_151' title='bbox 970 1268 1059 1320; x_wconf 71' lang='grc' dir='ltr'><strong>τὸν</strong></span> <span class='ocrx_word' id='word_1_152' title='bbox 1093 1265 1268 1334; x_wconf 85' lang='grc' dir='ltr'>λόγον,</span> <span class='ocrx_word' id='word_1_153' title='bbox 1308 1266 1365 1316; x_wconf 81' lang='grc' dir='ltr'>ὲν</span> <span class='ocrx_word' id='word_1_154' title='bbox 1392 1264 1571 1332; x_wconf 85' lang='grc' dir='ltr'>καιρῷ</span> <span class='ocrx_word' id='word_1_155' title='bbox 1631 1260 1726 1314; x_wconf 86' lang='grc' dir='ltr'><strong>νῦν</strong></span> <span class='ocrx_word' id='word_1_156' title='bbox 1772 1259 2005 1331; x_wconf 79' lang='grc' dir='ltr'>μάλιστα</span> <span class='ocrx_word' id='word_1_157' title='bbox 2062 1257 2159 1331; x_wconf 84' lang='grc' dir='ltr'><strong>τὴν</strong></span> <span class='ocrx_word' id='word_1_158' title='bbox 2207 1258 2599 1330; x_wconf 79' lang='grc' dir='ltr'>ἀγνωμοσύνην</span> <span class='ocrx_word' id='word_1_159' title='bbox 2655 1258 2832 1313; x_wconf 73' lang='grc' dir='ltr'>αὐτῶν</span> <span class='ocrx_word' id='word_1_160' title='bbox 2882 1258 3121 1329; x_wconf 77' lang='grc' dir='ltr'>ἐλέγχειν</span> <span class='ocrx_word' id='word_1_161' title='bbox 3170 1253 3502 1326; x_wconf 74' lang='grc' dir='ltr'>ὑπειληφώς.</span> <span class='ocrx_word' id='word_1_162' title='bbox 3556 1244 3689 1327; x_wconf 12' lang='grc' dir='ltr'>Καὶ,</span> 
     </span>
    </p>
   </div>
   <div class='ocr_carea' id='block_1_25' title="bbox 411 1340 1989 1435">
    <p class='ocr_par' dir='ltr' id='par_1_25' title="bbox 411 1340 1989 1435">
     <span class='ocr_line' id='line_1_25' title="bbox 411 1340 1989 1435; baseline -0.005 -21"><span class='ocrx_word' id='word_1_163' title='bbox 411 1363 477 1431; x_wconf 79' lang='grc' dir='ltr'>δὴ</span> <span class='ocrx_word' id='word_1_164' title='bbox 506 1363 596 1416; x_wconf 77' lang='grc' dir='ltr'><strong>καὶ</strong></span> <span class='ocrx_word' id='word_1_165' title='bbox 624 1361 898 1435; x_wconf 72' lang='grc' dir='ltr'>κριτήριόν</span> <span class='ocrx_word' id='word_1_166' title='bbox 918 1377 972 1413; x_wconf 84' lang='grc' dir='ltr'><strong>τι</strong></span> <span class='ocrx_word' id='word_1_167' title='bbox 992 1340 1230 1422; x_wconf 75' lang='grc' dir='ltr'>καθίζων</span> <span class='ocrx_word' id='word_1_168' title='bbox 1263 1358 1292 1409; x_wconf 84' lang='grc' dir='ltr'>ὁ</span> <span class='ocrx_word' id='word_1_169' title='bbox 1312 1357 1596 1427; x_wconf 78' lang='grc' dir='ltr'><strong>προφήτης</strong></span> <span class='ocrx_word' id='word_1_170' title='bbox 1625 1353 1768 1408; x_wconf 78' lang='grc' dir='ltr'>οὕτω</span> <span class='ocrx_word' id='word_1_171' title='bbox 1802 1352 1989 1424; x_wconf 72' lang='grc' dir='ltr'>φησιν’</span> 
     </span>
    </p>
   </div>
   <div class='ocr_carea' id='block_1_26' title="bbox 488 1519 1983 1681">
    <p class='ocr_par' dir='ltr' id='par_1_26' title="bbox 488 1519 1983 1681">
     <span class='ocr_line' id='line_1_26' title="bbox 488 1519 1983 1681; baseline -0.001 -22"><span class='ocrx_word' id='word_1_172' title='bbox 488 1608 647 1661; x_wconf 75' lang='lat' dir='ltr'><strong>Vens.</strong></span> <span class='ocrx_word' id='word_1_173' title='bbox 690 1608 802 1662; x_wconf 83' lang='lat' dir='ltr'><strong>l-5.</strong></span> <span class='ocrx_word' id='word_1_174' title='bbox 846 1636 915 1649; x_wconf 67' lang='grc' dir='ltr'><strong>-ο</strong></span> <span class='ocrx_word' id='word_1_175' title='bbox 954 1628 971 1661; x_wconf 82' lang='grc' dir='ltr'><strong>ι</strong></span> <span class='ocrx_word' id='word_1_176' title='bbox 1224 1520 1534 1679; x_wconf 52' lang='grc' dir='ltr'>εἶίῇυιίίοἱο</span> <span class='ocrx_word' id='word_1_177' title='bbox 1572 1609 1815 1678; x_wconf 80' lang='lat' dir='ltr'><strong>diseepta</strong></span> <span class='ocrx_word' id='word_1_178' title='bbox 1859 1621 1983 1660; x_wconf 81' lang='lat' dir='ltr'><strong>eum</strong></span> 
     </span>
    </p>
   </div>
   <div class='ocr_carea' id='block_1_27' title="bbox 2740 1520 3025 1572">
    <p class='ocr_par' dir='ltr' id='par_1_27' title="bbox 2740 1520 3025 1572">
     <span class='ocr_line' id='line_1_27' title="bbox 2740 1520 3025 1572; baseline -0.004 0"><span class='ocrx_word' id='word_1_179' title='bbox 2740 1520 2895 1572; x_wconf 80' lang='grc' dir='ltr'><strong>ΚΕΦ.</strong></span> <span class='ocrx_word' id='word_1_180' title='bbox 2934 1522 3025 1572; x_wconf 69' lang='grc' dir='ltr'><strong>(τ’.</strong></span> 
     </span>
    </p>
   </div>
   <div class='ocr_carea' id='block_1_28' title="bbox 2163 1522 3671 1682">
    <p class='ocr_par' dir='ltr' id='par_1_28' title="bbox 2163 1522 3671 1682">
     <span class='ocr_line' id='line_1_28' title="bbox 2740 1522 3364 1572; baseline -0.002 0"><span class='ocrx_word' id='word_1_181' title='bbox 2740 1522 2895 1572; x_wconf 79' lang='grc' dir='ltr'><strong>ΚΕΦ.</strong></span> <span class='ocrx_word' id='word_1_182' title='bbox 2990 1525 3025 1571; x_wconf 85' lang='grc'><strong>’.</strong></span> <span class='ocrx_word' id='word_1_183' title='bbox 3346 1540 3364 1561; x_wconf 77' lang='lat' dir='ltr'><em>I</em></span> 
     </span>
     <span class='ocr_line' id='line_1_29' title="bbox 2163 1522 3671 1682; baseline 0.001 -21"><span class='ocrx_word' id='word_1_184' title='bbox 2163 1610 2306 1680; x_wconf 68' lang='grc' dir='ltr'>Στίχ.</span> <span class='ocrx_word' id='word_1_185' title='bbox 2347 1616 2485 1663; x_wconf 85' lang='grc' dir='ltr'><strong>α’-ε’.</strong></span> <span class='ocrx_word' id='word_1_186' title='bbox 2519 1638 2589 1650; x_wconf 90' lang='grc'><strong><em>--</em></strong></span> <span class='ocrx_word' id='word_1_187' title='bbox 2621 1628 2640 1660; x_wconf 72' lang='grc' dir='ltr'><strong>ι</strong></span> <span class='ocrx_word' id='word_1_188' title='bbox 2691 1522 2997 1680; x_wconf 63' lang='grc' dir='ltr'>Ἀνάστηίῖ</span> <span class='ocrx_word' id='word_1_189' title='bbox 3027 1609 3243 1682; x_wconf 82' lang='grc' dir='ltr'>κρίθητι</span> <span class='ocrx_word' id='word_1_190' title='bbox 3277 1612 3412 1681; x_wconf 79' lang='grc' dir='ltr'>πρὸς</span> <span class='ocrx_word' id='word_1_191' title='bbox 3442 1609 3509 1663; x_wconf 80' lang='grc' dir='ltr'><strong>τὰ</strong></span> <span class='ocrx_word' id='word_1_192' title='bbox 3529 1606 3632 1680; x_wconf 78' lang='grc' dir='ltr'><strong>ὅρη</strong></span> <span class='ocrx_word' id='word_1_193' title='bbox 3655 1626 3671 1640; x_wconf 90' lang='grc'><strong>·</strong></span> 
     </span>
    </p>
   </div>
   <div class='ocr_carea' id='block_1_29' title="bbox 414 1681 1997 1773">
    <p class='ocr_par' dir='ltr' id='par_1_29' title="bbox 414 1697 1993 1763">
     <span class='ocr_line' id='line_1_30' title="bbox 414 1697 1993 1763; baseline -0.001 -12"><span class='ocrx_word' id='word_1_194' title='bbox 414 1698 710 1763; x_wconf 72' lang='lat' dir='ltr'><strong>montibus,</strong></span> <span class='ocrx_word' id='word_1_195' title='bbox 733 1707 786 1753; x_wconf 89' lang='lat' dir='ltr'><strong>et</strong></span> <span class='ocrx_word' id='word_1_196' title='bbox 805 1700 1025 1754; x_wconf 80' lang='lat' dir='ltr'><strong>audiant</strong></span> <span class='ocrx_word' id='word_1_197' title='bbox 1047 1702 1216 1755; x_wconf 86' lang='lat' dir='ltr'><strong>colles</strong></span> <span class='ocrx_word' id='word_1_198' title='bbox 1241 1715 1426 1754; x_wconf 78' lang='lat' dir='ltr'><strong>vocem</strong></span> <span class='ocrx_word' id='word_1_199' title='bbox 1451 1710 1618 1752; x_wconf 88' lang='lat' dir='ltr'><strong>tuam.</strong></span> <span class='ocrx_word' id='word_1_200' title='bbox 1645 1700 1856 1761; x_wconf 85' lang='lat' dir='ltr'><strong>Audite,</strong></span> <span class='ocrx_word' id='word_1_201' title='bbox 1879 1697 1993 1752; x_wconf 89' lang='lat' dir='ltr'><strong>col-</strong></span> 
     </span>
    </p>
   </div>
   <div class='ocr_carea' id='block_1_30' title="bbox 2102 1681 3673 1773">
    <p class='ocr_par' dir='ltr' id='par_1_30' title="bbox 2102 1701 3673 1773">
     <span class='ocr_line' id='line_1_31' title="bbox 2102 1701 3673 1773; baseline -0.001 -17"><span class='ocrx_word' id='word_1_202' title='bbox 2102 1702 2189 1756; x_wconf 74' lang='grc' dir='ltr'><strong>καὶ</strong></span> <span class='ocrx_word' id='word_1_203' title='bbox 2211 1702 2597 1755; x_wconf 80' lang='grc' dir='ltr'>ἀκουσάτωσαν</span> <span class='ocrx_word' id='word_1_204' title='bbox 2617 1701 2792 1771; x_wconf 76' lang='grc' dir='ltr'>βουνοὶ</span> <span class='ocrx_word' id='word_1_205' title='bbox 2812 1703 2996 1773; x_wconf 79' lang='grc' dir='ltr'>φωνήν</span> <span class='ocrx_word' id='word_1_206' title='bbox 3017 1719 3109 1755; x_wconf 86' lang='grc' dir='ltr'><strong>σου</strong></span> <span class='ocrx_word' id='word_1_207' title='bbox 3127 1718 3139 1729; x_wconf 84' lang='grc'><strong>·</strong></span> <span class='ocrx_word' id='word_1_208' title='bbox 3161 1702 3448 1765; x_wconf 85' lang='grc' dir='ltr'>ἀκούσατε,</span> <span class='ocrx_word' id='word_1_209' title='bbox 3469 1701 3673 1771; x_wconf 77' lang='grc' dir='ltr'>βουνοὶ,</span> 
     </span>
    </p>
   </div>
   <div class='ocr_carea' id='block_1_31' title="bbox 414 1789 1994 1860">
    <p class='ocr_par' dir='ltr' id='par_1_31' title="bbox 414 1789 1994 1860">
     <span class='ocr_line' id='line_1_32' title="bbox 414 1789 1994 1860; baseline -0.001 -17"><span class='ocrx_word' id='word_1_210' title='bbox 414 1789 521 1854; x_wconf 88' lang='lat' dir='ltr'><strong>les,</strong></span> <span class='ocrx_word' id='word_1_211' title='bbox 551 1791 821 1860; x_wconf 84' lang='lat' dir='ltr'><strong>judicium</strong></span> <span class='ocrx_word' id='word_1_212' title='bbox 863 1790 1098 1857; x_wconf 91' lang='lat' dir='ltr'><strong>Domini,</strong></span> <span class='ocrx_word' id='word_1_213' title='bbox 1145 1807 1246 1847; x_wconf 89' lang='lat' dir='ltr'><strong>nec</strong></span> <span class='ocrx_word' id='word_1_214' title='bbox 1287 1807 1396 1846; x_wconf 91' lang='lat' dir='ltr'><strong>non</strong></span> <span class='ocrx_word' id='word_1_215' title='bbox 1434 1792 1599 1845; x_wconf 82' lang='lat' dir='ltr'><strong>valles</strong></span> <span class='ocrx_word' id='word_1_216' title='bbox 1642 1790 1994 1844; x_wconf 88' lang='lat' dir='ltr'><strong>fundamenta</strong></span> 
     </span>
    </p>
   </div>
   <div class='ocr_carea' id='block_1_32' title="bbox 417 1882 1995 1951">
    <p class='ocr_par' dir='ltr' id='par_1_32' title="bbox 417 1882 1995 1951">
     <span class='ocr_line' id='line_1_33' title="bbox 417 1882 1995 1951; baseline -0.001 -18"><span class='ocrx_word' id='word_1_217' title='bbox 417 1889 594 1945; x_wconf 78' lang='lat' dir='ltr'><strong>terrae,</strong></span> <span class='ocrx_word' id='word_1_218' title='bbox 640 1882 767 1951; x_wconf 91' lang='lat' dir='ltr'><strong>quia</strong></span> <span class='ocrx_word' id='word_1_219' title='bbox 804 1883 1070 1950; x_wconf 88' lang='lat' dir='ltr'><strong>judicium</strong></span> <span class='ocrx_word' id='word_1_220' title='bbox 1110 1882 1341 1937; x_wconf 89' lang='lat' dir='ltr'><strong>Domino</strong></span> <span class='ocrx_word' id='word_1_221' title='bbox 1385 1897 1508 1937; x_wconf 92' lang='lat' dir='ltr'><strong>cum</strong></span> <span class='ocrx_word' id='word_1_222' title='bbox 1554 1882 1753 1951; x_wconf 79' lang='lat' dir='ltr'><strong>populo</strong></span> <span class='ocrx_word' id='word_1_223' title='bbox 1784 1894 1903 1940; x_wconf 88' lang='lat' dir='ltr'><strong>suo.</strong></span> <span class='ocrx_word' id='word_1_224' title='bbox 1941 1888 1995 1934; x_wconf 84' lang='lat' dir='ltr'><strong>et</strong></span> 
     </span>
    </p>
   </div>
   <div class='ocr_carea' id='block_1_33' title="bbox 416 1972 1995 2044">
    <p class='ocr_par' dir='ltr' id='par_1_33' title="bbox 416 1972 1995 2044">
     <span class='ocr_line' id='line_1_34' title="bbox 416 1972 1995 2044; baseline 0.001 -19"><span class='ocrx_word' id='word_1_225' title='bbox 416 1988 541 2026; x_wconf 91' lang='lat' dir='ltr'><strong>cum</strong></span> <span class='ocrx_word' id='word_1_226' title='bbox 597 1973 793 2028; x_wconf 84' lang='lat' dir='ltr'><strong>lsraele</strong></span> <span class='ocrx_word' id='word_1_227' title='bbox 829 1974 1176 2044; x_wconf 88' lang='lat' dir='ltr'><strong>disceptabit.</strong></span> <span class='ocrx_word' id='word_1_228' title='bbox 1216 1994 1235 2027; x_wconf 71' lang='grc' dir='ltr'><strong>ι</strong></span> <span class='ocrx_word' id='word_1_229' title='bbox 1276 1973 1380 2030; x_wconf 85' lang='lat' dir='ltr'><strong>Sed</strong></span> <span class='ocrx_word' id='word_1_230' title='bbox 1412 1975 1538 2044; x_wconf 85' lang='lat' dir='ltr'><strong>quia</strong></span> <span class='ocrx_word' id='word_1_231' title='bbox 1592 1982 1670 2027; x_wconf 90' lang='lat' dir='ltr'><strong>tot</strong></span> <span class='ocrx_word' id='word_1_232' title='bbox 1720 1972 1995 2040; x_wconf 87' lang='lat' dir='ltr'><strong>tantisque</strong></span> 
     </span>
    </p>
   </div>
   <div class='ocr_carea' id='block_1_34' title="bbox 419 2061 1997 2139">
    <p class='ocr_par' dir='ltr' id='par_1_34' title="bbox 419 2061 1997 2139">
     <span class='ocr_line' id='line_1_35' title="bbox 419 2061 1997 2139; baseline -0.004 -19"><span class='ocrx_word' id='word_1_233' title='bbox 419 2064 582 2133; x_wconf 84' lang='lat'><strong>200</strong></span> <span class='ocrx_word' id='word_1_234' title='bbox 611 2064 664 2139; x_wconf 84' lang='lat' dir='ltr'><strong>in</strong></span> <span class='ocrx_word' id='word_1_235' title='bbox 692 2080 787 2119; x_wconf 91' lang='lat' dir='ltr'><strong>eos</strong></span> <span class='ocrx_word' id='word_1_236' title='bbox 812 2066 1023 2121; x_wconf 82' lang='lat' dir='ltr'><strong>collatis</strong></span> <span class='ocrx_word' id='word_1_237' title='bbox 1047 2082 1075 2120; x_wconf 91' lang='lat' dir='ltr'><strong>a</strong></span> <span class='ocrx_word' id='word_1_238' title='bbox 1104 2065 1213 2122; x_wconf 90' lang='lat' dir='ltr'><strong>Deo</strong></span> <span class='ocrx_word' id='word_1_239' title='bbox 1239 2065 1535 2132; x_wconf 82' lang='lat' dir='ltr'><strong>beneﬁciis,</strong></span> <span class='ocrx_word' id='word_1_240' title='bbox 1561 2064 1834 2135; x_wconf 82' lang='lat' dir='ltr'><strong>ingratum</strong></span> <span class='ocrx_word' id='word_1_241' title='bbox 1863 2061 1997 2115; x_wconf 86' lang='lat' dir='ltr'><strong>nihi-</strong></span> 
     </span>
    </p>
   </div>
   <div class='ocr_carea' id='block_1_35' title="bbox 418 2153 1998 2226">
    <p class='ocr_par' dir='ltr' id='par_1_35' title="bbox 418 2153 1998 2226">
     <span class='ocr_line' id='line_1_36' title="bbox 418 2153 1998 2226; baseline -0.001 -18"><span class='ocrx_word' id='word_1_242' title='bbox 418 2155 658 2211; x_wconf 91' lang='lat' dir='ltr'><strong>lominus</strong></span> <span class='ocrx_word' id='word_1_243' title='bbox 681 2157 921 2210; x_wconf 88' lang='lat' dir='ltr'><strong>anitnum</strong></span> <span class='ocrx_word' id='word_1_244' title='bbox 954 2157 1206 2221; x_wconf 87' lang='lat' dir='ltr'><strong>retinent,</strong></span> <span class='ocrx_word' id='word_1_245' title='bbox 1235 2156 1392 2226; x_wconf 89' lang='lat' dir='ltr'><strong>cujus</strong></span> <span class='ocrx_word' id='word_1_246' title='bbox 1417 2172 1584 2212; x_wconf 88' lang='lat' dir='ltr'><strong>causa</strong></span> <span class='ocrx_word' id='word_1_247' title='bbox 1625 2155 1789 2210; x_wconf 88' lang='lat' dir='ltr'><strong>etiam</strong></span> <span class='ocrx_word' id='word_1_248' title='bbox 1823 2153 1998 2222; x_wconf 87' lang='lat' dir='ltr'><strong>Baby-</strong></span> 
     </span>
    </p>
   </div>
   <div class='ocr_carea' id='block_1_36' title="bbox 420 2245 1997 2319">
    <p class='ocr_par' dir='ltr' id='par_1_36' title="bbox 420 2245 1997 2319">
     <span class='ocr_line' id='line_1_37' title="bbox 420 2245 1997 2319; baseline 0 -22"><span class='ocrx_word' id='word_1_249' title='bbox 420 2245 650 2301; x_wconf 85' lang='lat' dir='ltr'><strong>Ionicam</strong></span> <span class='ocrx_word' id='word_1_250' title='bbox 678 2247 1017 2316; x_wconf 86' lang='lat' dir='ltr'><strong>pertulerunt</strong></span> <span class='ocrx_word' id='word_1_251' title='bbox 1056 2249 1445 2319; x_wconf 83' lang='lat' dir='ltr'><strong>captivitatem,</strong></span> <span class='ocrx_word' id='word_1_252' title='bbox 1486 2262 1619 2303; x_wconf 88' lang='lat' dir='ltr'><strong>sane</strong></span> <span class='ocrx_word' id='word_1_253' title='bbox 1664 2245 1997 2316; x_wconf 78' lang='lat' dir='ltr'><strong>perlibenter</strong></span> 
     </span>
    </p>
   </div>
   <div class='ocr_carea' id='block_1_37' title="bbox 415 2337 1997 2406">
    <p class='ocr_par' dir='ltr' id='par_1_37' title="bbox 415 2337 1997 2406">
     <span class='ocr_line' id='line_1_38' title="bbox 415 2337 1997 2406; baseline 0 -15"><span class='ocrx_word' id='word_1_254' title='bbox 415 2337 971 2406; x_wconf 86' lang='lat' dir='ltr'><strong>judiciuminstituam</strong></span> <span class='ocrx_word' id='word_1_255' title='bbox 1004 2340 1148 2396; x_wconf 85' lang='lat' dir='ltr'><strong>inter</strong></span> <span class='ocrx_word' id='word_1_256' title='bbox 1180 2340 1348 2395; x_wconf 90' lang='lat' dir='ltr'><strong>Deum</strong></span> <span class='ocrx_word' id='word_1_257' title='bbox 1376 2346 1431 2394; x_wconf 89' lang='lat' dir='ltr'><strong>et</strong></span> <span class='ocrx_word' id='word_1_258' title='bbox 1462 2339 1585 2394; x_wconf 91' lang='lat' dir='ltr'><strong>illos</strong></span> <span class='ocrx_word' id='word_1_259' title='bbox 1622 2355 1635 2390; x_wconf 89' lang='lat'>:</span> <span class='ocrx_word' id='word_1_260' title='bbox 1673 2351 1997 2406; x_wconf 87' lang='lat' dir='ltr'><strong>sumamque</strong></span> 
     </span>
    </p>
   </div>
   <div class='ocr_carea' id='block_1_38' title="bbox 415 2430 1997 2502">
    <p class='ocr_par' dir='ltr' id='par_1_38' title="bbox 415 2430 1997 2502">
     <span class='ocr_line' id='line_1_39' title="bbox 415 2430 1997 2502; baseline -0.001 -19"><span class='ocrx_word' id='word_1_261' title='bbox 415 2432 627 2501; x_wconf 88' lang='lat' dir='ltr'><strong>judices</strong></span> <span class='ocrx_word' id='word_1_262' title='bbox 654 2441 869 2487; x_wconf 87' lang='lat' dir='ltr'><strong>montes</strong></span> <span class='ocrx_word' id='word_1_263' title='bbox 891 2441 944 2487; x_wconf 89' lang='lat' dir='ltr'><strong>et</strong></span> <span class='ocrx_word' id='word_1_264' title='bbox 970 2433 1135 2489; x_wconf 91' lang='lat' dir='ltr'><strong>colles</strong></span> <span class='ocrx_word' id='word_1_265' title='bbox 1166 2433 1464 2502; x_wconf 85' lang='lat' dir='ltr'><strong>vallesque,</strong></span> <span class='ocrx_word' id='word_1_266' title='bbox 1491 2447 1611 2500; x_wconf 67' lang='lat' dir='ltr'><strong>quae</strong></span> <span class='ocrx_word' id='word_1_267' title='bbox 1643 2439 1801 2485; x_wconf 87' lang='lat' dir='ltr'><strong>antea</strong></span> <span class='ocrx_word' id='word_1_268' title='bbox 1832 2430 1997 2483; x_wconf 80' lang='lat' dir='ltr'><strong>innu-</strong></span> 
     </span>
    </p>
   </div>
   <div class='ocr_carea' id='block_1_39' title="bbox 424 2520 2000 2591">
    <p class='ocr_par' dir='ltr' id='par_1_39' title="bbox 424 2520 2000 2591">
     <span class='ocr_line' id='line_1_40' title="bbox 424 2520 2000 2591; baseline -0.001 -18"><span class='ocrx_word' id='word_1_269' title='bbox 424 2522 738 2576; x_wconf 87' lang='lat' dir='ltr'><strong>merabilem</strong></span> <span class='ocrx_word' id='word_1_270' title='bbox 771 2522 915 2576; x_wconf 89' lang='lat' dir='ltr'><strong>illam</strong></span> <span class='ocrx_word' id='word_1_271' title='bbox 950 2530 1279 2591; x_wconf 77' lang='lat' dir='ltr'><strong>exceperunt</strong></span> <span class='ocrx_word' id='word_1_272' title='bbox 1308 2522 1658 2591; x_wconf 86' lang='lat' dir='ltr'><strong>Assyriorum</strong></span> <span class='ocrx_word' id='word_1_273' title='bbox 1689 2520 2000 2574; x_wconf 64' lang='lat' dir='ltr'><strong>multitudi-</strong></span> 
     </span>
    </p>
   </div>
   <div class='ocr_carea' id='block_1_40' title="bbox 423 2610 2001 2683">
    <p class='ocr_par' dir='ltr' id='par_1_40' title="bbox 423 2610 2001 2683">
     <span class='ocr_line' id='line_1_41' title="bbox 423 2610 2001 2683; baseline 0 -18"><span class='ocrx_word' id='word_1_274' title='bbox 423 2628 545 2666; x_wconf 86' lang='lat' dir='ltr'><strong>nem</strong></span> <span class='ocrx_word' id='word_1_275' title='bbox 594 2610 928 2670; x_wconf 78' lang='lat' dir='ltr'><strong>Hierusalem</strong></span> <span class='ocrx_word' id='word_1_276' title='bbox 969 2611 1428 2683; x_wconf 77' lang='lat' dir='ltr'><strong>aggredientium,</strong></span> <span class='ocrx_word' id='word_1_277' title='bbox 1476 2626 1571 2680; x_wconf 91' lang='lat' dir='ltr'><strong>per</strong></span> <span class='ocrx_word' id='word_1_278' title='bbox 1610 2625 1801 2665; x_wconf 89' lang='lat' dir='ltr'><strong>onmes</strong></span> <span class='ocrx_word' id='word_1_279' title='bbox 1844 2621 2001 2666; x_wconf 74' lang='lat' dir='ltr'><strong>extra</strong></span> 
     </span>
    </p>
   </div>
   <div class='ocr_carea' id='block_1_41' title="bbox 426 2702 2001 2776">
    <p class='ocr_par' dir='ltr' id='par_1_41' title="bbox 426 2702 2001 2776">
     <span class='ocr_line' id='line_1_42' title="bbox 426 2702 2001 2776; baseline -0.001 -19"><span class='ocrx_word' id='word_1_280' title='bbox 426 2706 576 2760; x_wconf 88' lang='lat' dir='ltr'><strong>locos</strong></span> <span class='ocrx_word' id='word_1_281' title='bbox 597 2706 901 2776; x_wconf 85' lang='lat' dir='ltr'><strong>dispersam</strong></span> <span class='ocrx_word' id='word_1_282' title='bbox 927 2725 938 2759; x_wconf 94' lang='lat'><strong>:</strong></span> <span class='ocrx_word' id='word_1_283' title='bbox 968 2705 1113 2759; x_wconf 86' lang='lat' dir='ltr'><strong>unde</strong></span> <span class='ocrx_word' id='word_1_284' title='bbox 1138 2705 1406 2775; x_wconf 87' lang='lat' dir='ltr'><strong>plurimus</strong></span> <span class='ocrx_word' id='word_1_285' title='bbox 1438 2702 1586 2758; x_wconf 88' lang='lat' dir='ltr'><strong>urbis</strong></span> <span class='ocrx_word' id='word_1_286' title='bbox 1609 2703 1818 2757; x_wconf 90' lang='lat' dir='ltr'><strong>incolas</strong></span> <span class='ocrx_word' id='word_1_287' title='bbox 1841 2704 2001 2758; x_wconf 89' lang='lat' dir='ltr'><strong>timor</strong></span> 
     </span>
    </p>
   </div>
   <div class='ocr_carea' id='block_1_42' title="bbox 429 2797 1999 2868">
    <p class='ocr_par' dir='ltr' id='par_1_42' title="bbox 429 2797 1999 2868">
     <span class='ocr_line' id='line_1_43' title="bbox 429 2797 1999 2868; baseline 0 -19"><span class='ocrx_word' id='word_1_288' title='bbox 429 2797 676 2865; x_wconf 87' lang='lat' dir='ltr'><strong>incessit;</strong></span> <span class='ocrx_word' id='word_1_289' title='bbox 694 2798 819 2854; x_wconf 91' lang='lat' dir='ltr'><strong>dein</strong></span> <span class='ocrx_word' id='word_1_290' title='bbox 843 2805 1065 2868; x_wconf 86' lang='lat' dir='ltr'><strong>repente</strong></span> <span class='ocrx_word' id='word_1_291' title='bbox 1093 2805 1173 2852; x_wconf 87' lang='lat' dir='ltr'><strong>tot</strong></span> <span class='ocrx_word' id='word_1_292' title='bbox 1192 2798 1499 2851; x_wconf 82' lang='lat' dir='ltr'><strong>habuerunt</strong></span> <span class='ocrx_word' id='word_1_293' title='bbox 1518 2797 1665 2850; x_wconf 89' lang='lat' dir='ltr'><strong>circa</strong></span> <span class='ocrx_word' id='word_1_294' title='bbox 1688 2811 1746 2850; x_wconf 91' lang='lat' dir='ltr'><strong>se</strong></span> <span class='ocrx_word' id='word_1_295' title='bbox 1760 2797 1999 2865; x_wconf 75' lang='lat' dir='ltr'><strong>projeeta</strong></span> 
     </span>
    </p>
   </div>
   <div class='ocr_carea' id='block_1_43' title="bbox 432 2887 1997 2958">
    <p class='ocr_par' dir='ltr' id='par_1_43' title="bbox 432 2887 1997 2958">
     <span class='ocr_line' id='line_1_44' title="bbox 432 2887 1997 2958; baseline -0.003 -15"><span class='ocrx_word' id='word_1_296' title='bbox 432 2890 698 2944; x_wconf 86' lang='lat' dir='ltr'><strong>cadavera</strong></span> <span class='ocrx_word' id='word_1_297' title='bbox 727 2891 1008 2945; x_wconf 82' lang='lat' dir='ltr'><strong>hominum</strong></span> <span class='ocrx_word' id='word_1_298' title='bbox 1042 2899 1191 2943; x_wconf 88' lang='lat' dir='ltr'><strong>tanta</strong></span> <span class='ocrx_word' id='word_1_299' title='bbox 1218 2904 1392 2957; x_wconf 85' lang='lat' dir='ltr'><strong>nuper</strong></span> <span class='ocrx_word' id='word_1_300' title='bbox 1427 2887 1685 2958; x_wconf 85' lang='lat' dir='ltr'><strong>superbia</strong></span> <span class='ocrx_word' id='word_1_301' title='bbox 1708 2888 1997 2940; x_wconf 91' lang='lat' dir='ltr'><strong>elatorum.</strong></span> 
     </span>
    </p>
   </div>
   <div class='ocr_carea' id='block_1_44' title="bbox 427 2978 2000 3049">
    <p class='ocr_par' dir='ltr' id='par_1_44' title="bbox 427 2978 2000 3049">
     <span class='ocr_line' id='line_1_45' title="bbox 427 2978 2000 3049; baseline -0.001 -16"><span class='ocrx_word' id='word_1_302' title='bbox 427 2979 586 3049; x_wconf 80' lang='lat' dir='ltr'><strong>Digni</strong></span> <span class='ocrx_word' id='word_1_303' title='bbox 609 2988 756 3035; x_wconf 89' lang='lat' dir='ltr'><strong>certe</strong></span> <span class='ocrx_word' id='word_1_304' title='bbox 786 2981 890 3036; x_wconf 83' lang='lat' dir='ltr'><strong>fide</strong></span> <span class='ocrx_word' id='word_1_305' title='bbox 951 2987 1118 3035; x_wconf 88' lang='lat' dir='ltr'><strong>testes</strong></span> <span class='ocrx_word' id='word_1_306' title='bbox 1155 2980 1208 3033; x_wconf 83' lang='grc' dir='ltr'><strong>Ιιί</strong></span> <span class='ocrx_word' id='word_1_307' title='bbox 1241 2987 1403 3033; x_wconf 92' lang='lat' dir='ltr'><strong>erunt</strong></span> <span class='ocrx_word' id='word_1_308' title='bbox 1428 2979 1483 3032; x_wconf 91' lang='lat' dir='ltr'><strong>in</strong></span> <span class='ocrx_word' id='word_1_309' title='bbox 1528 2978 1759 3048; x_wconf 91' lang='lat' dir='ltr'><strong>judicio,</strong></span> <span class='ocrx_word' id='word_1_310' title='bbox 1795 2979 1888 3047; x_wconf 91' lang='lat' dir='ltr'><strong>qui</strong></span> <span class='ocrx_word' id='word_1_311' title='bbox 1944 2987 2000 3033; x_wconf 89' lang='lat' dir='ltr'><strong>et</strong></span> 
     </span>
    </p>
   </div>
   <div class='ocr_carea' id='block_1_45' title="bbox 430 3069 1999 3139">
    <p class='ocr_par' dir='ltr' id='par_1_45' title="bbox 430 3069 1999 3139">
     <span class='ocr_line' id='line_1_46' title="bbox 430 3069 1999 3139; baseline 0 -16"><span class='ocrx_word' id='word_1_312' title='bbox 430 3076 770 3139; x_wconf 83' lang='lat' dir='ltr'><strong>spectatores</strong></span> <span class='ocrx_word' id='word_1_313' title='bbox 824 3069 1068 3126; x_wconf 86' lang='lat' dir='ltr'><strong>fuerunt.</strong></span> <span class='ocrx_word' id='word_1_314' title='bbox 1143 3069 1263 3124; x_wconf 81' lang='lat' dir='ltr'><strong>Mox</strong></span> <span class='ocrx_word' id='word_1_315' title='bbox 1304 3079 1558 3138; x_wconf 86' lang='lat' dir='ltr'><strong>tanquam</strong></span> <span class='ocrx_word' id='word_1_316' title='bbox 1601 3085 1698 3139; x_wconf 91' lang='lat' dir='ltr'><strong>pro</strong></span> <span class='ocrx_word' id='word_1_317' title='bbox 1738 3070 1999 3124; x_wconf 87' lang='lat' dir='ltr'><strong>tribunali</strong></span> 
     </span>
    </p>
   </div>
   <div class='ocr_carea' id='block_1_46' title="bbox 431 3155 2010 3226">
    <p class='ocr_par' dir='ltr' id='par_1_46' title="bbox 431 3155 2010 3226">
     <span class='ocr_line' id='line_1_47' title="bbox 431 3155 2010 3226; baseline 0.001 -14"><span class='ocrx_word' id='word_1_318' title='bbox 431 3155 650 3222; x_wconf 85' lang='lat' dir='ltr'><strong>sedens,</strong></span> <span class='ocrx_word' id='word_1_319' title='bbox 681 3166 734 3211; x_wconf 90' lang='lat' dir='ltr'><strong>et</strong></span> <span class='ocrx_word' id='word_1_320' title='bbox 789 3157 903 3226; x_wconf 82' lang='lat' dir='ltr'><strong>jam</strong></span> <span class='ocrx_word' id='word_1_321' title='bbox 930 3157 1182 3213; x_wconf 87' lang='lat' dir='ltr'><strong>convicta</strong></span> <span class='ocrx_word' id='word_1_322' title='bbox 1208 3159 1576 3213; x_wconf 82' lang='lat' dir='ltr'><strong>lsraelitarum</strong></span> <span class='ocrx_word' id='word_1_323' title='bbox 1605 3160 1878 3223; x_wconf 86' lang='lat' dir='ltr'><strong>vecordia,</strong></span> <span class='ocrx_word' id='word_1_324' title='bbox 1912 3174 2010 3213; x_wconf 86' lang='lat' dir='ltr'><strong>co-</strong></span> 
     </span>
    </p>
   </div>
   <div class='ocr_carea' id='block_1_47' title="bbox 432 3238 2008 3320">
    <p class='ocr_par' dir='ltr' id='par_1_47' title="bbox 432 3238 2008 3320">
     <span class='ocr_line' id='line_1_48' title="bbox 432 3238 2008 3320; baseline 0.002 -18"><span class='ocrx_word' id='word_1_325' title='bbox 432 3263 550 3303; x_wconf 88' lang='lat' dir='ltr'><strong>ram</strong></span> <span class='ocrx_word' id='word_1_326' title='bbox 576 3249 857 3319; x_wconf 89' lang='lat' dir='ltr'><strong>judicibus</strong></span> <span class='ocrx_word' id='word_1_327' title='bbox 886 3238 1176 3320; x_wconf 85' lang='lat' dir='ltr'><strong>rerumque</strong></span> <span class='ocrx_word' id='word_1_328' title='bbox 1206 3251 1459 3314; x_wconf 86' lang='lat' dir='ltr'><strong>testibus,</strong></span> <span class='ocrx_word' id='word_1_329' title='bbox 1498 3251 1794 3306; x_wconf 89' lang='lat' dir='ltr'><strong>introducit</strong></span> <span class='ocrx_word' id='word_1_330' title='bbox 1818 3258 2008 3320; x_wconf 86' lang='lat' dir='ltr'><strong>postea</strong></span> 
     </span>
    </p>
   </div>
   <div class='ocr_carea' id='block_1_48' title="bbox 433 3341 2009 3412">
    <p class='ocr_par' dir='ltr' id='par_1_48' title="bbox 433 3341 2009 3412">
     <span class='ocr_line' id='line_1_49' title="bbox 433 3341 2009 3412; baseline 0 -16"><span class='ocrx_word' id='word_1_331' title='bbox 433 3342 569 3396; x_wconf 90' lang='lat' dir='ltr'><strong>dicis</strong></span> <span class='ocrx_word' id='word_1_332' title='bbox 596 3357 762 3396; x_wconf 85' lang='lat' dir='ltr'><strong>causa</strong></span> <span class='ocrx_word' id='word_1_333' title='bbox 823 3341 988 3396; x_wconf 86' lang='lat' dir='ltr'><strong>Deum</strong></span> <span class='ocrx_word' id='word_1_334' title='bbox 1028 3342 1203 3411; x_wconf 82' lang='lat' dir='ltr'><strong>ipsum</strong></span> <span class='ocrx_word' id='word_1_335' title='bbox 1256 3343 1335 3398; x_wconf 90' lang='lat' dir='ltr'><strong>eis</strong></span> <span class='ocrx_word' id='word_1_336' title='bbox 1367 3344 1637 3397; x_wconf 82' lang='lat' dir='ltr'><strong>dicentem</strong></span> <span class='ocrx_word' id='word_1_337' title='bbox 1688 3360 1700 3396; x_wconf 90' lang='lat'><strong>:</strong></span> <span class='ocrx_word' id='word_1_338' title='bbox 1750 3361 1767 3393; x_wconf 79' lang='grc' dir='ltr'><strong>ι</strong></span> <span class='ocrx_word' id='word_1_339' title='bbox 1805 3341 2009 3412; x_wconf 83' lang='lat' dir='ltr'><strong>Popule</strong></span> 
     </span>
    </p>
   </div>
   <div class='ocr_carea' id='block_1_49' title="bbox 435 3432 2003 3509">
    <p class='ocr_par' dir='ltr' id='par_1_49' title="bbox 435 3432 2003 3509">
     <span class='ocr_line' id='line_1_50' title="bbox 435 3432 2003 3509; baseline -0.001 -23"><span class='ocrx_word' id='word_1_340' title='bbox 435 3447 614 3497; x_wconf 86' lang='lat' dir='ltr'><strong>meus,</strong></span> <span class='ocrx_word' id='word_1_341' title='bbox 647 3433 777 3502; x_wconf 91' lang='lat' dir='ltr'><strong>quid</strong></span> <span class='ocrx_word' id='word_1_342' title='bbox 805 3432 908 3487; x_wconf 82' lang='lat' dir='ltr'><strong>feci</strong></span> <span class='ocrx_word' id='word_1_343' title='bbox 950 3432 1068 3495; x_wconf 89' lang='lat' dir='ltr'><strong>tibi,</strong></span> <span class='ocrx_word' id='word_1_344' title='bbox 1101 3433 1269 3487; x_wconf 88' lang='lat' dir='ltr'><strong>autin</strong></span> <span class='ocrx_word' id='word_1_345' title='bbox 1303 3449 1413 3503; x_wconf 83' lang='lat' dir='ltr'><strong>quo</strong></span> <span class='ocrx_word' id='word_1_346' title='bbox 1447 3434 1709 3488; x_wconf 89' lang='lat' dir='ltr'><strong>molestus</strong></span> <span class='ocrx_word' id='word_1_347' title='bbox 1731 3432 1825 3487; x_wconf 91' lang='lat' dir='ltr'><strong>tibi</strong></span> <span class='ocrx_word' id='word_1_348' title='bbox 1852 3433 1928 3509; x_wconf 82' lang='lat' dir='ltr'><strong>fui</strong></span> <span class='ocrx_word' id='word_1_349' title='bbox 1952 3435 2003 3486; x_wconf 66' lang='lat' dir='ltr'><strong>li</strong></span> 
     </span>
    </p>
   </div>
   <div class='ocr_carea' id='block_1_50' title="bbox 437 3522 2012 3596">
    <p class='ocr_par' dir='ltr' id='par_1_50' title="bbox 437 3522 2012 3596">
     <span class='ocr_line' id='line_1_51' title="bbox 437 3522 2012 3596; baseline 0 -19"><span class='ocrx_word' id='word_1_350' title='bbox 437 3522 691 3579; x_wconf 88' lang='lat' dir='ltr'><strong>Profecto</strong></span> <span class='ocrx_word' id='word_1_351' title='bbox 723 3539 808 3580; x_wconf 90' lang='lat' dir='ltr'><strong>res</strong></span> <span class='ocrx_word' id='word_1_352' title='bbox 840 3524 1134 3596; x_wconf 81' lang='lat' dir='ltr'><strong>Assyriaca</strong></span> <span class='ocrx_word' id='word_1_353' title='bbox 1158 3540 1278 3594; x_wconf 73' lang='lat' dir='ltr'><strong>qua:</strong></span> <span class='ocrx_word' id='word_1_354' title='bbox 1303 3524 1487 3589; x_wconf 89' lang='lat' dir='ltr'><strong>fuerit,</strong></span> <span class='ocrx_word' id='word_1_355' title='bbox 1522 3534 1757 3589; x_wconf 88' lang='lat' dir='ltr'><strong>constat,</strong></span> <span class='ocrx_word' id='word_1_356' title='bbox 1794 3535 1848 3580; x_wconf 90' lang='lat' dir='ltr'><strong>et</strong></span> <span class='ocrx_word' id='word_1_357' title='bbox 1877 3539 2012 3594; x_wconf 89' lang='lat' dir='ltr'><strong>qua-</strong></span> 
     </span>
    </p>
   </div>
   <div class='ocr_carea' id='block_1_51' title="bbox 438 3616 2009 3685">
    <p class='ocr_par' dir='ltr' id='par_1_51' title="bbox 438 3616 2009 3685">
     <span class='ocr_line' id='line_1_52' title="bbox 438 3616 2009 3685; baseline 0.002 -16"><span class='ocrx_word' id='word_1_358' title='bbox 438 3616 507 3671; x_wconf 89' lang='lat' dir='ltr'><strong>lis</strong></span> <span class='ocrx_word' id='word_1_359' title='bbox 535 3630 633 3670; x_wconf 91' lang='lat' dir='ltr'><strong>vos</strong></span> <span class='ocrx_word' id='word_1_360' title='bbox 671 3616 1026 3685; x_wconf 57' lang='lat' dir='ltr'><strong>providentia</strong></span> <span class='ocrx_word' id='word_1_361' title='bbox 1056 3632 1187 3673; x_wconf 60' lang='lat' dir='ltr'><strong>mea;</strong></span> <span class='ocrx_word' id='word_1_362' title='bbox 1251 3617 1643 3672; x_wconf 88' lang='lat' dir='ltr'><strong>demonstratio</strong></span> <span class='ocrx_word' id='word_1_363' title='bbox 1696 3618 2009 3673; x_wconf 83' lang='lat' dir='ltr'><strong>exstitistis.</strong></span> 
     </span>
    </p>
   </div>
   <div class='ocr_carea' id='block_1_52' title="bbox 442 3709 2012 3778">
    <p class='ocr_par' dir='ltr' id='par_1_52' title="bbox 442 3709 2012 3778">
     <span class='ocr_line' id='line_1_53' title="bbox 442 3709 2012 3778; baseline 0.001 -16"><span class='ocrx_word' id='word_1_364' title='bbox 442 3709 701 3778; x_wconf 87' lang='lat' dir='ltr'><strong>Superest</strong></span> <span class='ocrx_word' id='word_1_365' title='bbox 735 3716 792 3763; x_wconf 88' lang='lat' dir='ltr'><strong>ut</strong></span> <span class='ocrx_word' id='word_1_366' title='bbox 814 3709 945 3763; x_wconf 77' lang='lat' dir='ltr'><strong>milii</strong></span> <span class='ocrx_word' id='word_1_367' title='bbox 974 3709 1189 3772; x_wconf 81' lang='lat' dir='ltr'><strong>dicatis,</strong></span> <span class='ocrx_word' id='word_1_368' title='bbox 1214 3724 1342 3763; x_wconf 89' lang='lat' dir='ltr'><strong>num</strong></span> <span class='ocrx_word' id='word_1_369' title='bbox 1374 3725 1563 3778; x_wconf 90' lang='lat' dir='ltr'><strong>parum</strong></span> <span class='ocrx_word' id='word_1_370' title='bbox 1597 3711 1681 3764; x_wconf 89' lang='lat' dir='ltr'><strong>vel</strong></span> <span class='ocrx_word' id='word_1_371' title='bbox 1718 3712 1946 3764; x_wconf 81' lang='lat' dir='ltr'><strong>multant</strong></span> <span class='ocrx_word' id='word_1_372' title='bbox 1980 3724 2012 3763; x_wconf 87' lang='lat' dir='ltr'><strong>a</strong></span> 
     </span>
    </p>
   </div>
   <div class='ocr_carea' id='block_1_53' title="bbox 440 3801 2014 3869">
    <p class='ocr_par' dir='ltr' id='par_1_53' title="bbox 440 3801 2014 3869">
     <span class='ocr_line' id='line_1_54' title="bbox 440 3801 2014 3869; baseline -0.002 -14"><span class='ocrx_word' id='word_1_373' title='bbox 440 3817 527 3856; x_wconf 90' lang='lat' dir='ltr'><strong>me</strong></span> <span class='ocrx_word' id='word_1_374' title='bbox 557 3801 864 3855; x_wconf 87' lang='lat' dir='ltr'><strong>contristati</strong></span> <span class='ocrx_word' id='word_1_375' title='bbox 928 3801 1160 3866; x_wconf 87' lang='lat' dir='ltr'><strong>fueritis,</strong></span> <span class='ocrx_word' id='word_1_376' title='bbox 1201 3816 1330 3853; x_wconf 91' lang='lat' dir='ltr'><strong>num</strong></span> <span class='ocrx_word' id='word_1_377' title='bbox 1362 3801 1654 3869; x_wconf 67' lang='lat' dir='ltr'><strong>aliquando</strong></span> <span class='ocrx_word' id='word_1_378' title='bbox 1707 3801 2014 3865; x_wconf 70' lang='lat' dir='ltr'><strong>nocuerint,</strong></span> 
     </span>
    </p>
   </div>
   <div class='ocr_carea' id='block_1_54' title="bbox 439 3893 2013 3962">
    <p class='ocr_par' dir='ltr' id='par_1_54' title="bbox 439 3893 2013 3962">
     <span class='ocr_line' id='line_1_55' title="bbox 439 3893 2013 3962; baseline -0.001 -14"><span class='ocrx_word' id='word_1_379' title='bbox 439 3905 534 3949; x_wconf 85' lang='lat' dir='ltr'><strong>aut</strong></span> <span class='ocrx_word' id='word_1_380' title='bbox 571 3895 796 3950; x_wconf 86' lang='lat' dir='ltr'><strong>omnino</strong></span> <span class='ocrx_word' id='word_1_381' title='bbox 826 3895 1089 3949; x_wconf 87' lang='lat' dir='ltr'><strong>molestus</strong></span> <span class='ocrx_word' id='word_1_382' title='bbox 1114 3894 1199 3947; x_wconf 87' lang='lat' dir='ltr'><strong>vel</strong></span> <span class='ocrx_word' id='word_1_383' title='bbox 1230 3893 1412 3962; x_wconf 79' lang='lat' dir='ltr'><strong>gravis</strong></span> <span class='ocrx_word' id='word_1_384' title='bbox 1440 3893 1593 3951; x_wconf 87' lang='lat' dir='ltr'><strong>visus</strong></span> <span class='ocrx_word' id='word_1_385' title='bbox 1620 3894 1774 3948; x_wconf 86' lang='lat' dir='ltr'><strong>vobis</strong></span> <span class='ocrx_word' id='word_1_386' title='bbox 1796 3893 2013 3947; x_wconf 82' lang='lat' dir='ltr'><strong>fuerim.</strong></span> 
     </span>
    </p>
   </div>
   <div class='ocr_carea' id='block_1_55' title="bbox 445 3982 2012 4057">
    <p class='ocr_par' dir='ltr' id='par_1_55' title="bbox 445 3982 2012 4057">
     <span class='ocr_line' id='line_1_56' title="bbox 445 3982 2012 4057; baseline -0.002 -16"><span class='ocrx_word' id='word_1_387' title='bbox 445 3986 587 4053; x_wconf 75' lang='lat' dir='ltr'><strong>Mox,</strong></span> <span class='ocrx_word' id='word_1_388' title='bbox 629 3986 785 4057; x_wconf 89' lang='lat' dir='ltr'><strong>quasi</strong></span> <span class='ocrx_word' id='word_1_389' title='bbox 836 3986 975 4040; x_wconf 90' lang='lat' dir='ltr'><strong>nihil</strong></span> <span class='ocrx_word' id='word_1_390' title='bbox 1029 3993 1220 4040; x_wconf 88' lang='lat' dir='ltr'><strong>contra</strong></span> <span class='ocrx_word' id='word_1_391' title='bbox 1285 3984 1398 4040; x_wconf 77' lang='lat' dir='ltr'><strong>haec</strong></span> <span class='ocrx_word' id='word_1_392' title='bbox 1429 3985 1645 4039; x_wconf 86' lang='lat' dir='ltr'><strong>hiscere</strong></span> <span class='ocrx_word' id='word_1_393' title='bbox 1670 3982 2012 4049; x_wconf 77' lang='lat' dir='ltr'><strong>audentibus,</strong></span> 
     </span>
    </p>
   </div>
   <div class='ocr_carea' id='block_1_56' title="bbox 449 4072 2016 4143">
    <p class='ocr_par' dir='ltr' id='par_1_56' title="bbox 449 4072 2016 4143">
     <span class='ocr_line' id='line_1_57' title="bbox 449 4072 2016 4143; baseline 0.004 -21"><span class='ocrx_word' id='word_1_394' title='bbox 449 4072 778 4140; x_wconf 66' lang='lat' dir='ltr'><strong>«Responde</strong></span> <span class='ocrx_word' id='word_1_395' title='bbox 808 4073 957 4134; x_wconf 88' lang='lat' dir='ltr'><strong>mihi,</strong></span> <span class='ocrx_word' id='word_1_396' title='bbox 980 4091 997 4122; x_wconf 74' lang='grc' dir='ltr'><strong>ι</strong></span> <span class='ocrx_word' id='word_1_397' title='bbox 1044 4072 1242 4141; x_wconf 91' lang='lat' dir='ltr'><strong>inquit,</strong></span> <span class='ocrx_word' id='word_1_398' title='bbox 1294 4074 1452 4142; x_wconf 90' lang='lat' dir='ltr'><strong>quasi</strong></span> <span class='ocrx_word' id='word_1_399' title='bbox 1469 4073 1654 4133; x_wconf 73' lang='lat' dir='ltr'><strong>-dicat,</strong></span> <span class='ocrx_word' id='word_1_400' title='bbox 1679 4075 1813 4128; x_wconf 87' lang='lat' dir='ltr'><strong>Fare</strong></span> <span class='ocrx_word' id='word_1_401' title='bbox 1845 4088 1945 4143; x_wconf 76' lang='lat' dir='ltr'><strong>age</strong></span> <span class='ocrx_word' id='word_1_402' title='bbox 1970 4076 2016 4128; x_wconf 91' lang='lat' dir='ltr'><strong>si</strong></span> 
     </span>
    </p>
   </div>
   <div class='ocr_carea' id='block_1_57' title="bbox 2093 1795 3673 1868">
    <p class='ocr_par' dir='ltr' id='par_1_57' title="bbox 2093 1795 3673 1868">
     <span class='ocr_line' id='line_1_58' title="bbox 2093 1795 3673 1868; baseline -0.001 -19"><span class='ocrx_word' id='word_1_403' title='bbox 2093 1796 2190 1868; x_wconf 78' lang='grc' dir='ltr'><strong>τὴν</strong></span> <span class='ocrx_word' id='word_1_404' title='bbox 2224 1798 2402 1868; x_wconf 77' lang='grc' dir='ltr'>κρίσιν</span> <span class='ocrx_word' id='word_1_405' title='bbox 2428 1796 2518 1849; x_wconf 88' lang='grc' dir='ltr'><strong>τοῦ</strong></span> <span class='ocrx_word' id='word_1_406' title='bbox 2553 1798 2778 1866; x_wconf 84' lang='grc' dir='ltr'>Κυρίου,</span> <span class='ocrx_word' id='word_1_407' title='bbox 2804 1796 2897 1850; x_wconf 74' lang='grc' dir='ltr'><strong>καὶ</strong></span> <span class='ocrx_word' id='word_1_408' title='bbox 2927 1798 2980 1852; x_wconf 82' lang='lat' dir='ltr'><strong>al</strong></span> <span class='ocrx_word' id='word_1_409' title='bbox 3008 1797 3288 1867; x_wconf 84' lang='grc' dir='ltr'>φάραγγες</span> <span class='ocrx_word' id='word_1_410' title='bbox 3320 1795 3544 1866; x_wconf 85' lang='grc' dir='ltr'>θεμέλια</span> <span class='ocrx_word' id='word_1_411' title='bbox 3571 1795 3673 1867; x_wconf 86' lang='grc' dir='ltr'><strong>τῆς</strong></span> 
     </span>
    </p>
   </div>
   <div class='ocr_carea' id='block_1_58' title="bbox 2095 1886 3675 1958">
    <p class='ocr_par' dir='ltr' id='par_1_58' title="bbox 2095 1886 3675 1958">
     <span class='ocr_line' id='line_1_59' title="bbox 2095 1886 3675 1958; baseline -0.001 -16"><span class='ocrx_word' id='word_1_412' title='bbox 2095 1890 2216 1957; x_wconf 83' lang='grc' dir='ltr'>γῆς,</span> <span class='ocrx_word' id='word_1_413' title='bbox 2254 1889 2333 1941; x_wconf 82' lang='grc' dir='ltr'><strong>ὅτι</strong></span> <span class='ocrx_word' id='word_1_414' title='bbox 2384 1888 2564 1958; x_wconf 86' lang='grc' dir='ltr'>κρίσις</span> <span class='ocrx_word' id='word_1_415' title='bbox 2595 1887 2672 1957; x_wconf 80' lang='grc' dir='ltr'>τῷ</span> <span class='ocrx_word' id='word_1_416' title='bbox 2707 1889 2894 1957; x_wconf 82' lang='grc' dir='ltr'>Κυρίῳ</span> <span class='ocrx_word' id='word_1_417' title='bbox 2940 1888 3074 1958; x_wconf 72' lang='grc' dir='ltr'>πρὸς</span> <span class='ocrx_word' id='word_1_418' title='bbox 3105 1887 3194 1941; x_wconf 87' lang='grc' dir='ltr'><strong>τὸν</strong></span> <span class='ocrx_word' id='word_1_419' title='bbox 3219 1887 3344 1940; x_wconf 75' lang='grc' dir='ltr'>λαὸν</span> <span class='ocrx_word' id='word_1_420' title='bbox 3375 1886 3675 1947; x_wconf 75' lang='grc' dir='ltr'>αὑτοῦ,καὶ</span> 
     </span>
    </p>
   </div>
   <div class='ocr_carea' id='block_1_59' title="bbox 2100 1975 3697 2050">
    <p class='ocr_par' dir='ltr' id='par_1_59' title="bbox 2100 1975 3697 2050">
     <span class='ocr_line' id='line_1_60' title="bbox 2100 1975 3697 2050; baseline -0.002 -20"><span class='ocrx_word' id='word_1_421' title='bbox 2100 1978 2238 2048; x_wconf 73' lang='grc' dir='ltr'>μετὰ</span> <span class='ocrx_word' id='word_1_422' title='bbox 2282 1978 2375 2030; x_wconf 82' lang='grc' dir='ltr'><strong>τοῦ</strong></span> <span class='ocrx_word' id='word_1_423' title='bbox 2438 1976 2651 2047; x_wconf 79' lang='grc' dir='ltr'>Ἰσραὴλ</span> <span class='ocrx_word' id='word_1_424' title='bbox 2699 1976 3152 2046; x_wconf 84' lang='grc' dir='ltr'>διελεγχθήσεται.</span> <span class='ocrx_word' id='word_1_425' title='bbox 3199 1995 3217 2027; x_wconf 73' lang='grc' dir='ltr'><strong>ι</strong></span> <span class='ocrx_word' id='word_1_426' title='bbox 3288 1975 3426 2029; x_wconf 79' lang='grc' dir='ltr'>Ἀλλ’</span> <span class='ocrx_word' id='word_1_427' title='bbox 3482 1976 3697 2050; x_wconf 37' lang='grc' dir='ltr'>ἐπειδὴ.</span> 
     </span>
    </p>
   </div>
   <div class='ocr_carea' id='block_1_60' title="bbox 2096 2066 3675 2137">
    <p class='ocr_par' dir='ltr' id='par_1_60' title="bbox 2096 2066 3675 2137">
     <span class='ocr_line' id='line_1_61' title="bbox 2096 2066 3675 2137; baseline -0.003 -15"><span class='ocrx_word' id='word_1_428' title='bbox 2096 2068 2381 2131; x_wconf 76' lang='grc' dir='ltr'>τοιούτων,</span> <span class='ocrx_word' id='word_1_429' title='bbox 2424 2068 2586 2136; x_wconf 65' lang='grc' dir='ltr'>φησι,</span> <span class='ocrx_word' id='word_1_430' title='bbox 2624 2067 2732 2119; x_wconf 79' lang='grc' dir='ltr'><strong>τῶν</strong></span> <span class='ocrx_word' id='word_1_431' title='bbox 2777 2068 2925 2137; x_wconf 75' lang='grc' dir='ltr'>παρὰ</span> <span class='ocrx_word' id='word_1_432' title='bbox 2958 2066 3092 2119; x_wconf 83' lang='grc' dir='ltr'>Θεοῦ</span> <span class='ocrx_word' id='word_1_433' title='bbox 3126 2067 3424 2136; x_wconf 79' lang='grc' dir='ltr'>γεγονότων</span> <span class='ocrx_word' id='word_1_434' title='bbox 3455 2068 3533 2129; x_wconf 86' lang='grc' dir='ltr'><strong>είς</strong></span> <span class='ocrx_word' id='word_1_435' title='bbox 3569 2068 3675 2118; x_wconf 77' lang='grc' dir='ltr'>αύ-</span> 
     </span>
    </p>
   </div>
   <div class='ocr_carea' id='block_1_61' title="bbox 2096 2155 3677 2231">
    <p class='ocr_par' dir='ltr' id='par_1_61' title="bbox 2096 2155 3677 2231">
     <span class='ocr_line' id='line_1_62' title="bbox 2096 2155 3677 2231; baseline -0.003 -16"><span class='ocrx_word' id='word_1_436' title='bbox 2096 2163 2240 2227; x_wconf 82' lang='grc' dir='ltr'>τοὺς,</span> <span class='ocrx_word' id='word_1_437' title='bbox 2268 2161 2423 2214; x_wconf 77' lang='grc' dir='ltr'>οὐθὲν</span> <span class='ocrx_word' id='word_1_438' title='bbox 2456 2155 2615 2231; x_wconf 84' lang='grc' dir='ltr'>ἦττον</span> <span class='ocrx_word' id='word_1_439' title='bbox 2646 2160 2738 2212; x_wconf 73' lang='grc' dir='ltr'><strong>ἐπὶ</strong></span> <span class='ocrx_word' id='word_1_440' title='bbox 2769 2160 2869 2229; x_wconf 85' lang='grc' dir='ltr'>τῆς</span> <span class='ocrx_word' id='word_1_441' title='bbox 2900 2161 3291 2229; x_wconf 81' lang='grc' dir='ltr'>ἀγνωμοσύνης</span> <span class='ocrx_word' id='word_1_442' title='bbox 3325 2160 3542 2228; x_wconf 87' lang='grc' dir='ltr'>μένουσι</span> <span class='ocrx_word' id='word_1_443' title='bbox 3572 2159 3677 2229; x_wconf 79' lang='grc' dir='ltr'>τῆς</span> 
     </span>
    </p>
   </div>
   <div class='ocr_carea' id='block_1_62' title="bbox 2096 2245 3676 2324">
    <p class='ocr_par' dir='ltr' id='par_1_62' title="bbox 2096 2245 3676 2324">
     <span class='ocr_line' id='line_1_63' title="bbox 2096 2245 3676 2324; baseline -0.002 -19"><span class='ocrx_word' id='word_1_444' title='bbox 2096 2253 2334 2318; x_wconf 76' lang='grc' dir='ltr'>οἰκείας,</span> <span class='ocrx_word' id='word_1_445' title='bbox 2378 2252 2519 2324; x_wconf 85' lang='grc' dir='ltr'>ὑπὲρ</span> <span class='ocrx_word' id='word_1_446' title='bbox 2553 2245 2628 2305; x_wconf 83' lang='grc' dir='ltr'>ὧν</span> <span class='ocrx_word' id='word_1_447' title='bbox 2657 2251 2714 2305; x_wconf 83' lang='grc' dir='ltr'><strong>δὲ</strong></span> <span class='ocrx_word' id='word_1_448' title='bbox 2753 2250 2848 2304; x_wconf 67' lang='grc' dir='ltr'><strong>καὶ</strong></span> <span class='ocrx_word' id='word_1_449' title='bbox 2894 2252 2993 2322; x_wconf 85' lang='grc' dir='ltr'><strong>τὴν</strong></span> <span class='ocrx_word' id='word_1_450' title='bbox 3024 2253 3089 2304; x_wconf 82' lang='grc' dir='ltr'>ὲκ</span> <span class='ocrx_word' id='word_1_451' title='bbox 3121 2251 3436 2314; x_wconf 81' lang='grc' dir='ltr'>Βαϐυλῶνος</span> <span class='ocrx_word' id='word_1_452' title='bbox 3465 2251 3676 2320; x_wconf 75' lang='grc' dir='ltr'>ὐπομέη</span> 
     </span>
    </p>
   </div>
   <div class='ocr_carea' id='block_1_63' title="bbox 2098 2341 3771 2414">
    <p class='ocr_par' dir='ltr' id='par_1_63' title="bbox 2098 2341 3771 2414">
     <span class='ocr_line' id='line_1_64' title="bbox 2098 2341 3771 2414; baseline -0.001 -16"><span class='ocrx_word' id='word_1_453' title='bbox 2098 2360 2276 2398; x_wconf 81' lang='grc' dir='ltr'>νουσιν</span> <span class='ocrx_word' id='word_1_454' title='bbox 2317 2342 2721 2412; x_wconf 76' lang='grc' dir='ltr'>αἰχμαλωσίαν,</span> <span class='ocrx_word' id='word_1_455' title='bbox 2777 2341 2968 2412; x_wconf 72' lang='grc' dir='ltr'>ἥδιστα</span> <span class='ocrx_word' id='word_1_456' title='bbox 3000 2344 3066 2395; x_wconf 82' lang='grc' dir='ltr'><strong>ἂν</strong></span> <span class='ocrx_word' id='word_1_457' title='bbox 3113 2343 3292 2414; x_wconf 81' lang='grc' dir='ltr'>κρίσιν</span> <span class='ocrx_word' id='word_1_458' title='bbox 3336 2341 3691 2411; x_wconf 77' lang='grc' dir='ltr'>ποιησαίμην,</span> <span class='ocrx_word' id='word_1_459' title='bbox 3764 2405 3771 2409; x_wconf 94' lang='lat'>_</span> 
     </span>
    </p>
   </div>
   <div class='ocr_carea' id='block_1_64' title="bbox 2098 2429 3675 2502">
    <p class='ocr_par' dir='ltr' id='par_1_64' title="bbox 2098 2429 3675 2502">
     <span class='ocr_line' id='line_1_65' title="bbox 2098 2429 3675 2502; baseline -0.003 -15"><span class='ocrx_word' id='word_1_460' title='bbox 2098 2434 2191 2487; x_wconf 87' lang='grc' dir='ltr'><strong>τοῦ</strong></span> <span class='ocrx_word' id='word_1_461' title='bbox 2223 2450 2283 2484; x_wconf 89' lang='grc' dir='ltr'><strong>τε</strong></span> <span class='ocrx_word' id='word_1_462' title='bbox 2307 2431 2441 2484; x_wconf 85' lang='grc' dir='ltr'>Θεοῦ</span> <span class='ocrx_word' id='word_1_463' title='bbox 2472 2431 2734 2484; x_wconf 77' lang='grc' dir='ltr'>κάκείνων</span> <span class='ocrx_word' id='word_1_464' title='bbox 2754 2447 2766 2461; x_wconf 89' lang='grc'><strong>·</strong></span> <span class='ocrx_word' id='word_1_465' title='bbox 2794 2432 2887 2483; x_wconf 75' lang='grc' dir='ltr'><strong>καὶ</strong></span> <span class='ocrx_word' id='word_1_466' title='bbox 2912 2429 3130 2500; x_wconf 78' lang='grc' dir='ltr'>δέξομαι</span> <span class='ocrx_word' id='word_1_467' title='bbox 3154 2431 3345 2500; x_wconf 75' lang='grc' dir='ltr'>κριτὰς</span> <span class='ocrx_word' id='word_1_468' title='bbox 3374 2430 3442 2483; x_wconf 80' lang='grc' dir='ltr'><strong>τά</strong></span> <span class='ocrx_word' id='word_1_469' title='bbox 3471 2448 3528 2483; x_wconf 85' lang='grc' dir='ltr'><strong>τε</strong></span> <span class='ocrx_word' id='word_1_470' title='bbox 3572 2436 3675 2502; x_wconf 80' lang='grc' dir='ltr'>ὄρη</span> 
     </span>
    </p>
   </div>
   <div class='ocr_carea' id='block_1_65' title="bbox 2099 2519 3677 2591">
    <p class='ocr_par' dir='ltr' id='par_1_65' title="bbox 2099 2519 3677 2591">
     <span class='ocr_line' id='line_1_66' title="bbox 2099 2519 3677 2591; baseline -0.003 -14"><span class='ocrx_word' id='word_1_471' title='bbox 2099 2523 2192 2577; x_wconf 78' lang='grc' dir='ltr'>καὶ</span> <span class='ocrx_word' id='word_1_472' title='bbox 2221 2522 2347 2584; x_wconf 75' lang='grc' dir='ltr'>τοὺς</span> <span class='ocrx_word' id='word_1_473' title='bbox 2375 2520 2593 2590; x_wconf 81' lang='grc' dir='ltr'>βουνοὺς</span> <span class='ocrx_word' id='word_1_474' title='bbox 2622 2519 2837 2583; x_wconf 79' lang='grc' dir='ltr'>καὶτὰς</span> <span class='ocrx_word' id='word_1_475' title='bbox 2868 2522 3173 2591; x_wconf 76' lang='grc' dir='ltr'>φάραγγας,</span> <span class='ocrx_word' id='word_1_476' title='bbox 3205 2520 3239 2574; x_wconf 78' lang='grc' dir='ltr'><strong>ὃ.</strong></span> <span class='ocrx_word' id='word_1_477' title='bbox 3276 2520 3538 2590; x_wconf 86' lang='grc' dir='ltr'>πρότερον</span> <span class='ocrx_word' id='word_1_478' title='bbox 3569 2519 3677 2587; x_wconf 80' lang='grc' dir='ltr'><strong>μὲν</strong></span> 
     </span>
    </p>
   </div>
   <div class='ocr_carea' id='block_1_66' title="bbox 2095 2609 3678 2681">
    <p class='ocr_par' dir='ltr' id='par_1_66' title="bbox 2095 2609 3678 2681">
     <span class='ocr_line' id='line_1_67' title="bbox 2095 2609 3678 2681; baseline -0.002 -17"><span class='ocrx_word' id='word_1_479' title='bbox 2095 2612 2312 2675; x_wconf 64' lang='grc' dir='ltr'>ἐδέξατο</span> <span class='ocrx_word' id='word_1_480' title='bbox 2335 2611 2395 2664; x_wconf 81' lang='grc' dir='ltr'><strong>τὸ</strong></span> <span class='ocrx_word' id='word_1_481' title='bbox 2417 2610 2783 2681; x_wconf 81' lang='grc' dir='ltr'>ἀναρίθμητον</span> <span class='ocrx_word' id='word_1_482' title='bbox 2806 2613 2978 2664; x_wconf 76' lang='grc' dir='ltr'>ἐκεῖνο</span> <span class='ocrx_word' id='word_1_483' title='bbox 3002 2612 3109 2664; x_wconf 84' lang='grc' dir='ltr'>τῶν</span> <span class='ocrx_word' id='word_1_484' title='bbox 3149 2610 3445 2681; x_wconf 77' lang='grc' dir='ltr'>Ἀσσυρίων</span> <span class='ocrx_word' id='word_1_485' title='bbox 3469 2609 3678 2680; x_wconf 77' lang='grc' dir='ltr'>πλῆθος</span> 
     </span>
    </p>
   </div>
   <div class='ocr_carea' id='block_1_67' title="bbox 2100 2702 3678 2773">
    <p class='ocr_par' dir='ltr' id='par_1_67' title="bbox 2100 2702 3678 2773">
     <span class='ocr_line' id='line_1_68' title="bbox 2100 2702 3678 2773; baseline -0.001 -19"><span class='ocrx_word' id='word_1_486' title='bbox 2100 2703 2424 2773; x_wconf 80' lang='grc' dir='ltr'>ὲπεληλυθδς</span> <span class='ocrx_word' id='word_1_487' title='bbox 2473 2706 2537 2773; x_wconf 83' lang='grc' dir='ltr'>τῇ</span> <span class='ocrx_word' id='word_1_488' title='bbox 2587 2702 2936 2773; x_wconf 82' lang='grc' dir='ltr'>Ἰερουσαλὴμ</span> <span class='ocrx_word' id='word_1_489' title='bbox 2971 2703 3062 2755; x_wconf 75' lang='grc' dir='ltr'><strong>καὶ</strong></span> <span class='ocrx_word' id='word_1_490' title='bbox 3112 2703 3251 2755; x_wconf 76' lang='grc' dir='ltr'>κατὰ</span> <span class='ocrx_word' id='word_1_491' title='bbox 3291 2702 3497 2764; x_wconf 80' lang='grc' dir='ltr'>πάντας</span> <span class='ocrx_word' id='word_1_492' title='bbox 3545 2702 3678 2765; x_wconf 79' lang='grc' dir='ltr'>τοὺς</span> 
     </span>
    </p>
   </div>
   <div class='ocr_carea' id='block_1_68' title="bbox 2100 2788 3680 2865">
    <p class='ocr_par' dir='ltr' id='par_1_68' title="bbox 2100 2788 3680 2865">
     <span class='ocr_line' id='line_1_69' title="bbox 2100 2788 3680 2865; baseline -0.002 -17"><span class='ocrx_word' id='word_1_493' title='bbox 2100 2795 2297 2862; x_wconf 74' lang='grc' dir='ltr'>ἔξωθεν</span> <span class='ocrx_word' id='word_1_494' title='bbox 2339 2795 2735 2865; x_wconf 78' lang='grc' dir='ltr'>διεσπαρμένον</span> <span class='ocrx_word' id='word_1_495' title='bbox 2774 2795 3001 2858; x_wconf 70' lang='grc' dir='ltr'><strong>τόπους⁸</strong></span> <span class='ocrx_word' id='word_1_496' title='bbox 3054 2796 3145 2864; x_wconf 68' lang='grc' dir='ltr'><strong>ἀφ’</strong></span> <span class='ocrx_word' id='word_1_497' title='bbox 3192 2788 3252 2847; x_wconf 70' lang='grc' dir='ltr'>οὗ</span> <span class='ocrx_word' id='word_1_498' title='bbox 3296 2794 3358 2864; x_wconf 81' lang='grc' dir='ltr'><strong>δὴ</strong></span> <span class='ocrx_word' id='word_1_499' title='bbox 3386 2796 3476 2847; x_wconf 75' lang='grc' dir='ltr'>καὶ</span> <span class='ocrx_word' id='word_1_500' title='bbox 3514 2793 3680 2861; x_wconf 66' lang='grc' dir='ltr'>φόϐος</span> 
     </span>
    </p>
   </div>
   <div class='ocr_carea' id='block_1_69' title="bbox 2098 2884 3677 2954">
    <p class='ocr_par' dir='ltr' id='par_1_69' title="bbox 2098 2884 3677 2954">
     <span class='ocr_line' id='line_1_70' title="bbox 2098 2884 3677 2954; baseline -0.001 -16"><span class='ocrx_word' id='word_1_501' title='bbox 2098 2891 2210 2949; x_wconf 80' lang='grc' dir='ltr'>τοῖς</span> <span class='ocrx_word' id='word_1_502' title='bbox 2254 2885 2397 2939; x_wconf 78' lang='grc' dir='ltr'>κατὰ</span> <span class='ocrx_word' id='word_1_503' title='bbox 2440 2886 2535 2954; x_wconf 80' lang='grc' dir='ltr'><strong>τὴν</strong></span> <span class='ocrx_word' id='word_1_504' title='bbox 2569 2886 2738 2953; x_wconf 84' lang='grc' dir='ltr'>πόλιν,</span> <span class='ocrx_word' id='word_1_505' title='bbox 2775 2888 2848 2949; x_wconf 84' lang='grc' dir='ltr'><strong>ὡς</strong></span> <span class='ocrx_word' id='word_1_506' title='bbox 2891 2887 3056 2948; x_wconf 71' lang='grc' dir='ltr'>εἰκὸς,</span> <span class='ocrx_word' id='word_1_507' title='bbox 3104 2886 3352 2938; x_wconf 80' lang='grc' dir='ltr'>ἐπέκειτο</span> <span class='ocrx_word' id='word_1_508' title='bbox 3394 2884 3677 2947; x_wconf 76' lang='grc' dir='ltr'>πλεῖστοςο</span> 
     </span>
    </p>
   </div>
   <div class='ocr_carea' id='block_1_70' title="bbox 2107 2972 3685 3049">
    <p class='ocr_par' dir='ltr' id='par_1_70' title="bbox 2107 2972 3685 3049">
     <span class='ocr_line' id='line_1_71' title="bbox 2107 2972 3685 3049; baseline -0.001 -20"><span class='ocrx_word' id='word_1_509' title='bbox 2107 2972 2226 3031; x_wconf 72' lang='grc' dir='ltr'>εἶτα</span> <span class='ocrx_word' id='word_1_510' title='bbox 2273 2977 2465 3049; x_wconf 86' lang='grc' dir='ltr'>ἁθρόον</span> <span class='ocrx_word' id='word_1_511' title='bbox 2520 2977 2686 3047; x_wconf 69' lang='grc' dir='ltr'>νεκρὰ</span> <span class='ocrx_word' id='word_1_512' title='bbox 2735 2976 2802 3028; x_wconf 78' lang='grc' dir='ltr'>τὰ</span> <span class='ocrx_word' id='word_1_513' title='bbox 2857 2976 3095 3029; x_wconf 85' lang='grc' dir='ltr'>τοσαῦτα</span> <span class='ocrx_word' id='word_1_514' title='bbox 3154 2976 3379 3045; x_wconf 84' lang='grc' dir='ltr'>σώματα</span> <span class='ocrx_word' id='word_1_515' title='bbox 3428 2974 3583 3044; x_wconf 73' lang='grc' dir='ltr'>ἔσχεν</span> <span class='ocrx_word' id='word_1_516' title='bbox 3621 2975 3685 3028; x_wconf 79' lang='grc' dir='ltr'>ἑν</span> 
     </span>
    </p>
   </div>
   <div class='ocr_carea' id='block_1_71' title="bbox 2108 3067 3682 3139">
    <p class='ocr_par' dir='ltr' id='par_1_71' title="bbox 2108 3067 3682 3139">
     <span class='ocr_line' id='line_1_72' title="bbox 2108 3067 3682 3139; baseline -0.001 -18"><span class='ocrx_word' id='word_1_517' title='bbox 2108 3070 2318 3133; x_wconf 80' lang='grc' dir='ltr'>ἑαυτοῖς</span> <span class='ocrx_word' id='word_1_518' title='bbox 2369 3069 2678 3139; x_wconf 77' lang='grc' dir='ltr'>ἐρριμμένα</span> <span class='ocrx_word' id='word_1_519' title='bbox 2724 3067 2831 3121; x_wconf 82' lang='grc' dir='ltr'>τῶν</span> <span class='ocrx_word' id='word_1_520' title='bbox 2882 3068 2987 3139; x_wconf 86' lang='grc' dir='ltr'><strong>πρὸ</strong></span> <span class='ocrx_word' id='word_1_521' title='bbox 3034 3067 3264 3138; x_wconf 58' lang='grc' dir='ltr'>βραχέος</span> <span class='ocrx_word' id='word_1_522' title='bbox 3301 3068 3512 3137; x_wconf 87' lang='grc' dir='ltr'>μεγάλα</span> <span class='ocrx_word' id='word_1_523' title='bbox 3544 3084 3682 3138; x_wconf 77' lang='grc' dir='ltr'>φρο-</span> 
     </span>
    </p>
   </div>
   <div class='ocr_carea' id='block_1_72' title="bbox 2106 3156 3684 3232">
    <p class='ocr_par' dir='ltr' id='par_1_72' title="bbox 2106 3156 3684 3232">
     <span class='ocr_line' id='line_1_73' title="bbox 2106 3156 3684 3232; baseline -0.004 -15"><span class='ocrx_word' id='word_1_524' title='bbox 2106 3165 2371 3217; x_wconf 87' lang='grc' dir='ltr'>νούντων·</span> <span class='ocrx_word' id='word_1_525' title='bbox 2428 3162 2728 3228; x_wconf 83' lang='grc' dir='ltr'>ἀξιόπιστοι</span> <span class='ocrx_word' id='word_1_526' title='bbox 2784 3161 2892 3232; x_wconf 79' lang='grc' dir='ltr'>γὰρ</span> <span class='ocrx_word' id='word_1_527' title='bbox 2956 3156 3099 3214; x_wconf 77' lang='grc' dir='ltr'>οῦτοι</span> <span class='ocrx_word' id='word_1_528' title='bbox 3158 3160 3292 3231; x_wconf 77' lang='grc' dir='ltr'>πρὸς</span> <span class='ocrx_word' id='word_1_529' title='bbox 3344 3160 3442 3230; x_wconf 79' lang='grc' dir='ltr'><strong>τὴν</strong></span> <span class='ocrx_word' id='word_1_530' title='bbox 3500 3161 3684 3228; x_wconf 86' lang='grc' dir='ltr'>κρίσιν</span> 
     </span>
    </p>
   </div>
   <div class='ocr_carea' id='block_1_73' title="bbox 2106 3246 3684 3322">
    <p class='ocr_par' dir='ltr' id='par_1_73' title="bbox 2106 3246 3684 3322">
     <span class='ocr_line' id='line_1_74' title="bbox 2106 3246 3684 3322; baseline -0.004 -15"><span class='ocrx_word' id='word_1_531' title='bbox 2106 3253 2318 3307; x_wconf 77' lang='grc' dir='ltr'>ἔσονται</span> <span class='ocrx_word' id='word_1_532' title='bbox 2363 3251 2587 3322; x_wconf 85' lang='grc' dir='ltr'>ταύτην,</span> <span class='ocrx_word' id='word_1_533' title='bbox 2629 3253 2678 3305; x_wconf 79' lang='grc' dir='ltr'>οἱ</span> <span class='ocrx_word' id='word_1_534' title='bbox 2721 3252 2814 3305; x_wconf 77' lang='grc' dir='ltr'><strong>καὶ</strong></span> <span class='ocrx_word' id='word_1_535' title='bbox 2843 3251 3031 3305; x_wconf 76' lang='grc' dir='ltr'>θεαταὶ</span> <span class='ocrx_word' id='word_1_536' title='bbox 3073 3249 3181 3303; x_wconf 82' lang='grc' dir='ltr'><strong>τῶν</strong></span> <span class='ocrx_word' id='word_1_537' title='bbox 3209 3249 3528 3317; x_wconf 87' lang='grc' dir='ltr'>γεγονότων.</span> <span class='ocrx_word' id='word_1_538' title='bbox 3565 3246 3684 3301; x_wconf 75' lang='grc' dir='ltr'>Εἶθ’</span> 
     </span>
    </p>
   </div>
   <div class='ocr_carea' id='block_1_74' title="bbox 2107 3340 3686 3415">
    <p class='ocr_par' dir='ltr' id='par_1_74' title="bbox 2107 3340 3686 3415">
     <span class='ocr_line' id='line_1_75' title="bbox 2107 3340 3686 3415; baseline -0.003 -18"><span class='ocrx_word' id='word_1_539' title='bbox 2107 3348 2182 3407; x_wconf 86' lang='grc' dir='ltr'>ὡς</span> <span class='ocrx_word' id='word_1_540' title='bbox 2240 3345 2305 3399; x_wconf 83' lang='grc' dir='ltr'><strong>ἂν</strong></span> <span class='ocrx_word' id='word_1_541' title='bbox 2355 3345 2635 3415; x_wconf 83' lang='grc' dir='ltr'>κριτήριον</span> <span class='ocrx_word' id='word_1_542' title='bbox 2692 3342 2939 3407; x_wconf 81' lang='grc' dir='ltr'>καθίσας,</span> <span class='ocrx_word' id='word_1_543' title='bbox 2984 3343 3074 3394; x_wconf 77' lang='grc' dir='ltr'><strong>καὶ</strong></span> <span class='ocrx_word' id='word_1_544' title='bbox 3136 3342 3199 3413; x_wconf 82' lang='grc' dir='ltr'>δὴ</span> <span class='ocrx_word' id='word_1_545' title='bbox 3253 3340 3516 3412; x_wconf 79' lang='grc' dir='ltr'>πρόδηλον</span> <span class='ocrx_word' id='word_1_546' title='bbox 3572 3340 3686 3393; x_wconf 81' lang='grc' dir='ltr'><strong>τῶν</strong></span> 
     </span>
    </p>
   </div>
   <div class='ocr_carea' id='block_1_75' title="bbox 2123 3434 3687 3508">
    <p class='ocr_par' dir='ltr' id='par_1_75' title="bbox 2123 3434 3687 3508">
     <span class='ocr_line' id='line_1_76' title="bbox 2123 3434 3687 3508; baseline -0.002 -19"><span class='ocrx_word' id='word_1_547' title='bbox 2123 3436 2467 3508; x_wconf 79' lang='grc' dir='ltr'>Ἰσραηλιτῶν</span> <span class='ocrx_word' id='word_1_548' title='bbox 2499 3436 2596 3506; x_wconf 83' lang='grc' dir='ltr'><strong>τὴν</strong></span> <span class='ocrx_word' id='word_1_549' title='bbox 2638 3435 3028 3506; x_wconf 81' lang='grc' dir='ltr'>ἀγνωμοσύνην</span> <span class='ocrx_word' id='word_1_550' title='bbox 3072 3437 3301 3504; x_wconf 79' lang='grc' dir='ltr'>ποιήσας</span> <span class='ocrx_word' id='word_1_551' title='bbox 3332 3434 3436 3486; x_wconf 80' lang='grc' dir='ltr'><strong>ὑπὸ</strong></span> <span class='ocrx_word' id='word_1_552' title='bbox 3469 3436 3687 3502; x_wconf 83' lang='grc' dir='ltr'>κριταῖς</span> 
     </span>
    </p>
   </div>
   <div class='ocr_carea' id='block_1_76' title="bbox 2109 3527 3688 3598">
    <p class='ocr_par' dir='ltr' id='par_1_76' title="bbox 2109 3527 3688 3598">
     <span class='ocr_line' id='line_1_77' title="bbox 2109 3527 3688 3598; baseline -0.002 -17"><span class='ocrx_word' id='word_1_553' title='bbox 2109 3532 2219 3591; x_wconf 82' lang='grc' dir='ltr'>τοῖς</span> <span class='ocrx_word' id='word_1_554' title='bbox 2260 3528 2353 3581; x_wconf 75' lang='grc' dir='ltr'><strong>καὶ</strong></span> <span class='ocrx_word' id='word_1_555' title='bbox 2389 3528 2623 3598; x_wconf 84' lang='grc' dir='ltr'>μάρτυσι</span> <span class='ocrx_word' id='word_1_556' title='bbox 2668 3528 2774 3580; x_wconf 85' lang='grc' dir='ltr'><strong>τῶν</strong></span> <span class='ocrx_word' id='word_1_557' title='bbox 2805 3528 3137 3597; x_wconf 85' lang='grc' dir='ltr'>γεγονότων,</span> <span class='ocrx_word' id='word_1_558' title='bbox 3168 3528 3375 3597; x_wconf 73' lang='grc' dir='ltr'>εἰσάγει</span> <span class='ocrx_word' id='word_1_559' title='bbox 3405 3527 3589 3580; x_wconf 76' lang='grc' dir='ltr'>λοιπὸν</span> <span class='ocrx_word' id='word_1_560' title='bbox 3621 3528 3688 3579; x_wconf 80' lang='grc' dir='ltr'>ἐκ</span> 
     </span>
    </p>
   </div>
   <div class='ocr_carea' id='block_1_77' title="bbox 2111 3602 3687 3689">
    <p class='ocr_par' dir='ltr' id='par_1_77' title="bbox 2111 3602 3687 3689">
     <span class='ocr_line' id='line_1_78' title="bbox 2111 3602 3687 3689; baseline -0.003 -17"><span class='ocrx_word' id='word_1_561' title='bbox 2111 3618 2426 3689; x_wconf 82' lang='grc' dir='ltr'>περιουσίας</span> <span class='ocrx_word' id='word_1_562' title='bbox 2459 3618 2549 3672; x_wconf 82' lang='grc' dir='ltr'><strong>τὸν</strong></span> <span class='ocrx_word' id='word_1_563' title='bbox 2581 3602 2711 3670; x_wconf 85' lang='grc' dir='ltr'>Θεὸν</span> <span class='ocrx_word' id='word_1_564' title='bbox 2740 3618 2965 3686; x_wconf 85' lang='grc' dir='ltr'>λέγοντα</span> <span class='ocrx_word' id='word_1_565' title='bbox 3002 3617 3136 3688; x_wconf 79' lang='grc' dir='ltr'>πρὸς</span> <span class='ocrx_word' id='word_1_566' title='bbox 3166 3617 3359 3680; x_wconf 81' lang='grc' dir='ltr'>αύτούς</span> <span class='ocrx_word' id='word_1_567' title='bbox 3380 3635 3391 3647; x_wconf 88' lang='grc'><strong>·</strong></span> <span class='ocrx_word' id='word_1_568' title='bbox 3427 3616 3507 3686; x_wconf 87' lang='grc' dir='ltr'><strong>(ρ.</strong></span> <span class='ocrx_word' id='word_1_569' title='bbox 3544 3614 3687 3686; x_wconf 78' lang='grc'><strong>506)</strong></span> 
     </span>
    </p>
   </div>
   <div class='ocr_carea' id='block_1_78' title="bbox 2118 3707 3725 3785">
    <p class='ocr_par' dir='ltr' id='par_1_78' title="bbox 2118 3707 3725 3785">
     <span class='ocr_line' id='line_1_79' title="bbox 2118 3707 3725 3785; baseline -0.002 -24"><span class='ocrx_word' id='word_1_570' title='bbox 2118 3729 2136 3761; x_wconf 86' lang='grc'><strong>‹</strong></span> <span class='ocrx_word' id='word_1_571' title='bbox 2174 3709 2316 3774; x_wconf 87' lang='grc' dir='ltr'>Λαός</span> <span class='ocrx_word' id='word_1_572' title='bbox 2347 3727 2468 3780; x_wconf 89' lang='grc' dir='ltr'>μου,</span> <span class='ocrx_word' id='word_1_573' title='bbox 2491 3711 2545 3762; x_wconf 88' lang='grc' dir='ltr'><strong>τί</strong></span> <span class='ocrx_word' id='word_1_574' title='bbox 2575 3709 2807 3780; x_wconf 74' lang='grc' dir='ltr'>ἐποίησά</span> <span class='ocrx_word' id='word_1_575' title='bbox 2837 3726 2919 3773; x_wconf 90' lang='grc' dir='ltr'><strong>σε,</strong></span> <span class='ocrx_word' id='word_1_576' title='bbox 2950 3709 2982 3779; x_wconf 82' lang='grc' dir='ltr'>ἢ</span> <span class='ocrx_word' id='word_1_577' title='bbox 3007 3709 3059 3761; x_wconf 86' lang='grc' dir='ltr'><strong>τί</strong></span> <span class='ocrx_word' id='word_1_578' title='bbox 3081 3707 3485 3780; x_wconf 81' lang='grc' dir='ltr'>παρηνώχλησά</span> <span class='ocrx_word' id='word_1_579' title='bbox 3512 3725 3624 3773; x_wconf 89' lang='grc' dir='ltr'>σοι;</span> <span class='ocrx_word' id='word_1_580' title='bbox 3663 3725 3683 3758; x_wconf 74' lang='grc' dir='ltr'><strong>ι</strong></span> <span class='ocrx_word' id='word_1_581' title='bbox 3718 3778 3725 3785; x_wconf 15' lang='grc' dir='ltr'>Ν</span> 
     </span>
    </p>
   </div>
   <div class='ocr_carea' id='block_1_79' title="bbox 2126 3799 3687 3873">
    <p class='ocr_par' dir='ltr' id='par_1_79' title="bbox 2126 3799 3687 3873">
     <span class='ocr_line' id='line_1_80' title="bbox 2126 3799 3687 3873; baseline -0.002 -18"><span class='ocrx_word' id='word_1_582' title='bbox 2126 3802 2286 3855; x_wconf 79' lang='grc' dir='ltr'>’Λλλά</span> <span class='ocrx_word' id='word_1_583' title='bbox 2327 3801 2437 3873; x_wconf 84' lang='grc' dir='ltr'>γὰρ</span> <span class='ocrx_word' id='word_1_584' title='bbox 2465 3802 2533 3854; x_wconf 76' lang='grc' dir='ltr'><strong>τὰ.</strong></span> <span class='ocrx_word' id='word_1_585' title='bbox 2564 3802 2659 3871; x_wconf 83' lang='grc' dir='ltr'><strong>μὲν</strong></span> <span class='ocrx_word' id='word_1_586' title='bbox 2690 3800 2828 3853; x_wconf 83' lang='grc' dir='ltr'>κατὰ</span> <span class='ocrx_word' id='word_1_587' title='bbox 2857 3799 2949 3852; x_wconf 75' lang='grc' dir='ltr'>τὸν</span> <span class='ocrx_word' id='word_1_588' title='bbox 2988 3801 3268 3870; x_wconf 86' lang='grc' dir='ltr'>’Λσσύριον</span> <span class='ocrx_word' id='word_1_589' title='bbox 3292 3799 3455 3869; x_wconf 84' lang='grc' dir='ltr'>δῆλα,</span> <span class='ocrx_word' id='word_1_590' title='bbox 3491 3799 3687 3868; x_wconf 64' lang='grc' dir='ltr'>φησὶν,</span> 
     </span>
    </p>
   </div>
   <div class='ocr_carea' id='block_1_80' title="bbox 2114 3890 3693 3962">
    <p class='ocr_par' dir='ltr' id='par_1_80' title="bbox 2114 3890 3693 3962">
     <span class='ocr_line' id='line_1_81' title="bbox 2114 3890 3693 3962; baseline -0.004 -16"><span class='ocrx_word' id='word_1_591' title='bbox 2114 3894 2261 3957; x_wconf 81' lang='grc' dir='ltr'>ὅπως</span> <span class='ocrx_word' id='word_1_592' title='bbox 2292 3891 2477 3962; x_wconf 71' lang='grc' dir='ltr'>ἔσχεν,</span> <span class='ocrx_word' id='word_1_593' title='bbox 2509 3892 2639 3962; x_wconf 84' lang='grc' dir='ltr'>ὅσην</span> <span class='ocrx_word' id='word_1_594' title='bbox 2671 3908 2730 3943; x_wconf 86' lang='grc' dir='ltr'><strong>τε</strong></span> <span class='ocrx_word' id='word_1_595' title='bbox 2761 3890 2862 3959; x_wconf 81' lang='grc' dir='ltr'>τῆς</span> <span class='ocrx_word' id='word_1_596' title='bbox 2914 3890 3234 3961; x_wconf 86' lang='grc' dir='ltr'>κηδεμονίας</span> <span class='ocrx_word' id='word_1_597' title='bbox 3282 3907 3379 3961; x_wconf 88' lang='grc' dir='ltr'><strong>μου</strong></span> <span class='ocrx_word' id='word_1_598' title='bbox 3428 3891 3527 3960; x_wconf 81' lang='grc' dir='ltr'><strong>τῆς</strong></span> <span class='ocrx_word' id='word_1_599' title='bbox 3559 3890 3693 3960; x_wconf 75' lang='grc' dir='ltr'>περὶ</span> 
     </span>
    </p>
   </div>
   <div class='ocr_carea' id='block_1_81' title="bbox 2116 3981 3695 4052">
    <p class='ocr_par' dir='ltr' id='par_1_81' title="bbox 2116 3981 3695 4052">
     <span class='ocr_line' id='line_1_82' title="bbox 2116 3981 3695 4052; baseline -0.001 -17"><span class='ocrx_word' id='word_1_600' title='bbox 2116 3983 2259 4052; x_wconf 84' lang='grc' dir='ltr'>ὑμᾶς</span> <span class='ocrx_word' id='word_1_601' title='bbox 2305 3982 2612 4052; x_wconf 85' lang='grc' dir='ltr'>παρέσχητε</span> <span class='ocrx_word' id='word_1_602' title='bbox 2657 3982 2757 4051; x_wconf 77' lang='grc' dir='ltr'>τὴν</span> <span class='ocrx_word' id='word_1_603' title='bbox 2804 3981 3106 4048; x_wconf 82' lang='grc' dir='ltr'>ἀπόδειξιν·</span> <span class='ocrx_word' id='word_1_604' title='bbox 3140 3981 3420 4052; x_wconf 68' lang='grc' dir='ltr'>ἐπιτρέπω</span> <span class='ocrx_word' id='word_1_605' title='bbox 3462 3982 3517 4034; x_wconf 81' lang='grc' dir='ltr'>δὲ</span> <span class='ocrx_word' id='word_1_606' title='bbox 3561 3981 3695 4051; x_wconf 81' lang='grc' dir='ltr'>ὑμῖν</span> 
     </span>
    </p>
   </div>
   <div class='ocr_carea' id='block_1_82' title="bbox 2116 4069 3693 4143">
    <p class='ocr_par' dir='ltr' id='par_1_82' title="bbox 2116 4069 3693 4143">
     <span class='ocr_line' id='line_1_83' title="bbox 2116 4069 3693 4143; baseline -0.001 -18"><span class='ocrx_word' id='word_1_607' title='bbox 2116 4073 2314 4141; x_wconf 86' lang='grc' dir='ltr'>λέγειν,</span> <span class='ocrx_word' id='word_1_608' title='bbox 2343 4072 2394 4123; x_wconf 81' lang='grc' dir='ltr'><strong>εἴ</strong></span> <span class='ocrx_word' id='word_1_609' title='bbox 2423 4089 2476 4124; x_wconf 89' lang='grc' dir='ltr'><strong>τι</strong></span> <span class='ocrx_word' id='word_1_610' title='bbox 2507 4072 2701 4143; x_wconf 76' lang='grc' dir='ltr'>μικρὸν</span> <span class='ocrx_word' id='word_1_611' title='bbox 2730 4071 2761 4140; x_wconf 85' lang='grc' dir='ltr'>ἢ</span> <span class='ocrx_word' id='word_1_612' title='bbox 2802 4071 2941 4142; x_wconf 82' lang='grc' dir='ltr'>μέγα</span> <span class='ocrx_word' id='word_1_613' title='bbox 2976 4069 3191 4124; x_wconf 85' lang='grc' dir='ltr'>πώποτε</span> <span class='ocrx_word' id='word_1_614' title='bbox 3224 4071 3525 4141; x_wconf 79' lang='grc' dir='ltr'>λελύπησθε</span> <span class='ocrx_word' id='word_1_615' title='bbox 3562 4072 3693 4142; x_wconf 77' lang='grc' dir='ltr'>παρ’</span> 
     </span>
    </p>
   </div>
   <div class='ocr_carea' id='block_1_83' title="bbox 444 4161 1997 4235">
    <p class='ocr_par' dir='ltr' id='par_1_83' title="bbox 444 4162 1997 4233">
     <span class='ocr_line' id='line_1_84' title="bbox 444 4162 1997 4233; baseline 0.001 -17"><span class='ocrx_word' id='word_1_616' title='bbox 444 4164 575 4233; x_wconf 88' lang='lat' dir='ltr'><strong>quid</strong></span> <span class='ocrx_word' id='word_1_617' title='bbox 606 4164 806 4227; x_wconf 86' lang='lat' dir='ltr'><strong>habes;</strong></span> <span class='ocrx_word' id='word_1_618' title='bbox 842 4162 1116 4215; x_wconf 88' lang='lat' dir='ltr'><strong>admittam</strong></span> <span class='ocrx_word' id='word_1_619' title='bbox 1156 4162 1322 4228; x_wconf 90' lang='lat' dir='ltr'><strong>enim,</strong></span> <span class='ocrx_word' id='word_1_620' title='bbox 1359 4163 1403 4216; x_wconf 90' lang='lat' dir='ltr'><strong>si</strong></span> <span class='ocrx_word' id='word_1_621' title='bbox 1442 4178 1565 4217; x_wconf 88' lang='lat' dir='ltr'><strong>vera</strong></span> <span class='ocrx_word' id='word_1_622' title='bbox 1602 4164 1858 4232; x_wconf 89' lang='lat' dir='ltr'><strong>loqueris.</strong></span> <span class='ocrx_word' id='word_1_623' title='bbox 1877 4164 1997 4218; x_wconf 87' lang='lat' dir='ltr'><strong>Tun</strong></span> 
     </span>
    </p>
   </div>
   <div class='ocr_carea' id='block_1_84' title="bbox 2102 4161 3696 4235">
    <p class='ocr_par' dir='ltr' id='par_1_84' title="bbox 2118 4161 3696 4235">
     <span class='ocr_line' id='line_1_85' title="bbox 2118 4161 3696 4235; baseline -0.002 -18"><span class='ocrx_word' id='word_1_624' title='bbox 2118 4163 2274 4235; x_wconf 78' lang='grc' dir='ltr'>ἐμοῦ,</span> <span class='ocrx_word' id='word_1_625' title='bbox 2303 4166 2351 4217; x_wconf 87' lang='grc' dir='ltr'><strong>εί</strong></span> <span class='ocrx_word' id='word_1_626' title='bbox 2385 4164 2660 4233; x_wconf 82' lang='grc' dir='ltr'>πεποίηκά</span> <span class='ocrx_word' id='word_1_627' title='bbox 2700 4181 2753 4215; x_wconf 89' lang='grc' dir='ltr'><strong>τι</strong></span> <span class='ocrx_word' id='word_1_628' title='bbox 2801 4162 3051 4232; x_wconf 80' lang='grc' dir='ltr'>βλάπτων</span> <span class='ocrx_word' id='word_1_629' title='bbox 3100 4164 3241 4233; x_wconf 76' lang='grc' dir='ltr'>ὑμᾶς</span> <span class='ocrx_word' id='word_1_630' title='bbox 3265 4204 3279 4228; x_wconf 91' lang='grc'><strong>,</strong></span> <span class='ocrx_word' id='word_1_631' title='bbox 3335 4166 3381 4214; x_wconf 78' lang='grc' dir='ltr'><strong>εί</strong></span> <span class='ocrx_word' id='word_1_632' title='bbox 3409 4161 3696 4232; x_wconf 79' lang='grc' dir='ltr'>λελύπηκα</span> 
     </span>
    </p>
   </div>
   <div class='ocr_carea' id='block_1_85' title="bbox 447 4252 1997 4326">
    <p class='ocr_par' dir='ltr' id='par_1_85' title="bbox 447 4253 1997 4321">
     <span class='ocr_line' id='line_1_86' title="bbox 447 4253 1997 4321; baseline 0.003 -14"><span class='ocrx_word' id='word_1_633' title='bbox 447 4269 547 4307; x_wconf 87' lang='lat' dir='ltr'><strong>ceu</strong></span> <span class='ocrx_word' id='word_1_634' title='bbox 582 4253 690 4307; x_wconf 90' lang='lat' dir='ltr'><strong>illis</strong></span> <span class='ocrx_word' id='word_1_635' title='bbox 722 4267 950 4321; x_wconf 87' lang='lat' dir='ltr'><strong>prorsus</strong></span> <span class='ocrx_word' id='word_1_636' title='bbox 974 4253 1260 4308; x_wconf 91' lang='lat' dir='ltr'><strong>silentibus</strong></span> <span class='ocrx_word' id='word_1_637' title='bbox 1290 4254 1626 4309; x_wconf 85' lang='lat' dir='ltr'><strong>conscientia</strong></span> <span class='ocrx_word' id='word_1_638' title='bbox 1658 4269 1758 4309; x_wconf 88' lang='lat' dir='ltr'><strong>sua</strong></span> <span class='ocrx_word' id='word_1_639' title='bbox 1791 4256 1997 4321; x_wconf 38' lang='lat' dir='ltr'><strong>convic‘</strong></span> 
     </span>
    </p>
   </div>
   <div class='ocr_carea' id='block_1_86' title="bbox 2102 4252 3697 4326">
    <p class='ocr_par' dir='ltr' id='par_1_86' title="bbox 2122 4252 3697 4326">
     <span class='ocr_line' id='line_1_87' title="bbox 2122 4252 3697 4326; baseline -0.002 -16"><span class='ocrx_word' id='word_1_640' title='bbox 2122 4256 2407 4322; x_wconf 79' lang='grc' dir='ltr'>καθάπαξ,</span> <span class='ocrx_word' id='word_1_641' title='bbox 2446 4258 2493 4308; x_wconf 87' lang='grc' dir='ltr'><strong>εί</strong></span> <span class='ocrx_word' id='word_1_642' title='bbox 2523 4255 2776 4325; x_wconf 74' lang='grc' dir='ltr'>φορτικὸς</span> <span class='ocrx_word' id='word_1_643' title='bbox 2816 4256 2872 4307; x_wconf 80' lang='grc' dir='ltr'>ἐν</span> <span class='ocrx_word' id='word_1_644' title='bbox 2916 4273 3057 4308; x_wconf 86' lang='grc' dir='ltr'>τισιν</span> <span class='ocrx_word' id='word_1_645' title='bbox 3084 4255 3271 4324; x_wconf 67' lang='grc' dir='ltr'>ὤφθην</span> <span class='ocrx_word' id='word_1_646' title='bbox 3298 4257 3453 4326; x_wconf 78' lang='grc' dir='ltr'>ὑμῖν·</span> <span class='ocrx_word' id='word_1_647' title='bbox 3482 4252 3578 4308; x_wconf 82' lang='grc' dir='ltr'>εἷθ’</span> <span class='ocrx_word' id='word_1_648' title='bbox 3616 4257 3697 4319; x_wconf 79' lang='grc' dir='ltr'>ὡς</span> 
     </span>
    </p>
   </div>
   <div class='ocr_carea' id='block_1_87' title="bbox 449 4343 1997 4417">
    <p class='ocr_par' dir='ltr' id='par_1_87' title="bbox 449 4343 1997 4417">
     <span class='ocr_line' id='line_1_88' title="bbox 449 4343 1997 4417; baseline 0.001 -18"><span class='ocrx_word' id='word_1_649' title='bbox 449 4346 541 4409; x_wconf 91' lang='lat' dir='ltr'><strong>tis,</strong></span> <span class='ocrx_word' id='word_1_650' title='bbox 570 4351 626 4400; x_wconf 91' lang='lat' dir='ltr'><strong>et</strong></span> <span class='ocrx_word' id='word_1_651' title='bbox 659 4343 751 4398; x_wconf 90' lang='lat' dir='ltr'><strong>Dei</strong></span> <span class='ocrx_word' id='word_1_652' title='bbox 788 4343 949 4399; x_wconf 88' lang='lat' dir='ltr'><strong>verba</strong></span> <span class='ocrx_word' id='word_1_653' title='bbox 967 4346 1272 4402; x_wconf 89' lang='lat' dir='ltr'><strong>nullatenus</strong></span> <span class='ocrx_word' id='word_1_654' title='bbox 1300 4345 1549 4401; x_wconf 81' lang='lat' dir='ltr'><strong>falsitatis</strong></span> <span class='ocrx_word' id='word_1_655' title='bbox 1575 4361 1801 4417; x_wconf 83' lang='lat' dir='ltr'><strong>arguere</strong></span> <span class='ocrx_word' id='word_1_656' title='bbox 1825 4347 1997 4400; x_wconf 86' lang='lat' dir='ltr'><strong>valen-</strong></span> 
     </span>
    </p>
   </div>
   <div class='ocr_carea' id='block_1_88' title="bbox 2102 4343 3696 4417">
    <p class='ocr_par' dir='ltr' id='par_1_88' title="bbox 2115 4345 3696 4417">
     <span class='ocr_line' id='line_1_89' title="bbox 2115 4345 3696 4417; baseline -0.002 -16"><span class='ocrx_word' id='word_1_657' title='bbox 2115 4347 2180 4401; x_wconf 89' lang='grc' dir='ltr'><strong>ἂν</strong></span> <span class='ocrx_word' id='word_1_658' title='bbox 2221 4347 2340 4399; x_wconf 79' lang='grc' dir='ltr'>οὐδὲ</span> <span class='ocrx_word' id='word_1_659' title='bbox 2374 4346 2510 4416; x_wconf 82' lang='grc' dir='ltr'>πρὸς</span> <span class='ocrx_word' id='word_1_660' title='bbox 2554 4346 2725 4398; x_wconf 84' lang='grc' dir='ltr'>ταῦτα</span> <span class='ocrx_word' id='word_1_661' title='bbox 2764 4345 2943 4414; x_wconf 78' lang='grc' dir='ltr'>φωνὴν</span> <span class='ocrx_word' id='word_1_662' title='bbox 2976 4347 3238 4415; x_wconf 79' lang='grc' dir='ltr'>ἐχόντων,</span> <span class='ocrx_word' id='word_1_663' title='bbox 3275 4364 3293 4396; x_wconf 75' lang='grc' dir='ltr'><strong>ι</strong></span> <span class='ocrx_word' id='word_1_664' title='bbox 3341 4346 3696 4417; x_wconf 81' lang='grc' dir='ltr'>’Δποκρίθητί</span> 
     </span>
    </p>
   </div>
   <div class='ocr_carea' id='block_1_89' title="bbox 449 4436 1997 4509">
    <p class='ocr_par' dir='ltr' id='par_1_89' title="bbox 449 4436 1997 4507">
     <span class='ocr_line' id='line_1_90' title="bbox 449 4436 1997 4507; baseline -0.001 -16"><span class='ocrx_word' id='word_1_665' title='bbox 449 4438 619 4500; x_wconf 88' lang='lat' dir='ltr'><strong>tibus,</strong></span> <span class='ocrx_word' id='word_1_666' title='bbox 666 4437 846 4507; x_wconf 76' lang='lat' dir='ltr'><strong>pergit</strong></span> <span class='ocrx_word' id='word_1_667' title='bbox 897 4436 1080 4492; x_wconf 89' lang='lat' dir='ltr'><strong>dicere</strong></span> <span class='ocrx_word' id='word_1_668' title='bbox 1117 4458 1129 4493; x_wconf 88' lang='lat'><strong>:</strong></span> <span class='ocrx_word' id='word_1_669' title='bbox 1164 4455 1183 4487; x_wconf 77' lang='grc' dir='ltr'><strong>ι</strong></span> <span class='ocrx_word' id='word_1_670' title='bbox 1240 4436 1375 4504; x_wconf 84' lang='lat' dir='ltr'><strong>Quia</strong></span> <span class='ocrx_word' id='word_1_671' title='bbox 1439 4437 1602 4493; x_wconf 81' lang='lat' dir='ltr'><strong>eduxi</strong></span> <span class='ocrx_word' id='word_1_672' title='bbox 1658 4446 1710 4493; x_wconf 90' lang='lat' dir='ltr'><strong>te</strong></span> <span class='ocrx_word' id='word_1_673' title='bbox 1754 4436 1820 4493; x_wconf 90' lang='lat' dir='ltr'><strong>de</strong></span> <span class='ocrx_word' id='word_1_674' title='bbox 1876 4447 1997 4493; x_wconf 83' lang='lat' dir='ltr'><strong>terr:</strong></span> 
     </span>
    </p>
   </div>
   <div class='ocr_carea' id='block_1_90' title="bbox 2102 4436 3696 4509">
    <p class='ocr_par' dir='ltr' id='par_1_90' title="bbox 2121 4437 3696 4509">
     <span class='ocr_line' id='line_1_91' title="bbox 2121 4437 3696 4509; baseline -0.001 -17"><span class='ocrx_word' id='word_1_675' title='bbox 2121 4456 2242 4509; x_wconf 87' lang='grc' dir='ltr'>μοι,</span> <span class='ocrx_word' id='word_1_676' title='bbox 2280 4457 2299 4490; x_wconf 71' lang='grc' dir='ltr'><strong>ι</strong></span> <span class='ocrx_word' id='word_1_677' title='bbox 2334 4437 2497 4507; x_wconf 81' lang='grc' dir='ltr'>φησίν</span> <span class='ocrx_word' id='word_1_678' title='bbox 2519 4454 2530 4463; x_wconf 91' lang='grc'><strong>·</strong></span> <span class='ocrx_word' id='word_1_679' title='bbox 2565 4437 2650 4489; x_wconf 78' lang='grc' dir='ltr'>ἵνα</span> <span class='ocrx_word' id='word_1_680' title='bbox 2688 4437 2816 4508; x_wconf 79' lang='grc' dir='ltr'>εἴπῃ</span> <span class='ocrx_word' id='word_1_681' title='bbox 2839 4452 2853 4467; x_wconf 75' lang='grc'><strong>⁸</strong></span> <span class='ocrx_word' id='word_1_682' title='bbox 2885 4437 3024 4505; x_wconf 87' lang='grc' dir='ltr'>Λέγε</span> <span class='ocrx_word' id='word_1_683' title='bbox 3046 4479 3059 4501; x_wconf 91' lang='grc'><strong>,</strong></span> <span class='ocrx_word' id='word_1_684' title='bbox 3103 4438 3230 4489; x_wconf 80' lang='grc' dir='ltr'>εἴτι</span> <span class='ocrx_word' id='word_1_685' title='bbox 3267 4437 3442 4507; x_wconf 77' lang='grc' dir='ltr'>ἔχεις·</span> <span class='ocrx_word' id='word_1_686' title='bbox 3473 4438 3696 4507; x_wconf 77' lang='grc' dir='ltr'>δέξομαι</span> 
     </span>
    </p>
   </div>
   <div class='ocr_carea' id='block_1_91' title="bbox 451 4525 1997 4602">
    <p class='ocr_par' dir='ltr' id='par_1_91' title="bbox 451 4528 1997 4600">
     <span class='ocr_line' id='line_1_92' title="bbox 451 4528 1997 4600; baseline 0 -16"><span class='ocrx_word' id='word_1_687' title='bbox 451 4528 699 4600; x_wconf 69' lang='lat' dir='ltr'><strong>A&#39;Igypti,</strong></span> <span class='ocrx_word' id='word_1_688' title='bbox 730 4537 783 4584; x_wconf 91' lang='lat' dir='ltr'><strong>et</strong></span> <span class='ocrx_word' id='word_1_689' title='bbox 820 4528 889 4585; x_wconf 90' lang='lat' dir='ltr'><strong>de</strong></span> <span class='ocrx_word' id='word_1_690' title='bbox 943 4529 1104 4585; x_wconf 91' lang='lat' dir='ltr'><strong>domo</strong></span> <span class='ocrx_word' id='word_1_691' title='bbox 1147 4531 1424 4585; x_wconf 87' lang='lat' dir='ltr'><strong>servitutis</strong></span> <span class='ocrx_word' id='word_1_692' title='bbox 1462 4529 1667 4584; x_wconf 86' lang='lat' dir='ltr'><strong>redemi</strong></span> <span class='ocrx_word' id='word_1_693' title='bbox 1697 4537 1780 4596; x_wconf 90' lang='lat' dir='ltr'><strong>te;</strong></span> <span class='ocrx_word' id='word_1_694' title='bbox 1823 4540 1875 4583; x_wconf 92' lang='lat' dir='ltr'><strong>et</strong></span> <span class='ocrx_word' id='word_1_695' title='bbox 1899 4530 1997 4584; x_wconf 89' lang='lat' dir='ltr'><strong>mis</strong></span> 
     </span>
    </p>
   </div>
   <div class='ocr_carea' id='block_1_92' title="bbox 2102 4525 3699 4602">
    <p class='ocr_par' dir='ltr' id='par_1_92' title="bbox 2117 4525 3699 4602">
     <span class='ocr_line' id='line_1_93' title="bbox 2117 4525 3699 4602; baseline -0.001 -19"><span class='ocrx_word' id='word_1_696' title='bbox 2117 4530 2243 4601; x_wconf 78' lang='grc' dir='ltr'>γὰρ,</span> <span class='ocrx_word' id='word_1_697' title='bbox 2262 4529 2328 4583; x_wconf 83' lang='grc' dir='ltr'><strong>ἂν</strong></span> <span class='ocrx_word' id='word_1_698' title='bbox 2355 4529 2631 4600; x_wconf 76' lang='grc' dir='ltr'>ἀληθεύων</span> <span class='ocrx_word' id='word_1_699' title='bbox 2646 4529 2828 4602; x_wconf 81' lang='grc' dir='ltr'>λέγῃς.</span> <span class='ocrx_word' id='word_1_700' title='bbox 2856 4525 2990 4594; x_wconf 77' lang='grc' dir='ltr'>Εἶθ’,</span> <span class='ocrx_word' id='word_1_701' title='bbox 3018 4530 3091 4593; x_wconf 85' lang='grc' dir='ltr'><strong>ὡς</strong></span> <span class='ocrx_word' id='word_1_702' title='bbox 3119 4531 3535 4599; x_wconf 80' lang='grc' dir='ltr'>σεσιωπηκότων</span> <span class='ocrx_word' id='word_1_703' title='bbox 3565 4529 3699 4582; x_wconf 82' lang='grc' dir='ltr'><strong>καθ⁴</strong></span> 
     </span>
    </p>
   </div>
   <div class='ocr_carea' id='block_1_93' title="bbox 450 4618 1997 4693">
    <p class='ocr_par' dir='ltr' id='par_1_93' title="bbox 450 4618 1994 4693">
     <span class='ocr_line' id='line_1_94' title="bbox 450 4618 1994 4693; baseline -0.001 -17"><span class='ocrx_word' id='word_1_704' title='bbox 450 4630 577 4676; x_wconf 77' lang='lat' dir='ltr'><strong>ante</strong></span> <span class='ocrx_word' id='word_1_705' title='bbox 618 4619 826 4676; x_wconf 77' lang='lat' dir='ltr'><strong>.faciem</strong></span> <span class='ocrx_word' id='word_1_706' title='bbox 870 4628 1018 4675; x_wconf 90' lang='lat' dir='ltr'><strong>tuam</strong></span> <span class='ocrx_word' id='word_1_707' title='bbox 1078 4624 1320 4693; x_wconf 67' lang='lat' dir='ltr'><strong>Moysen:</strong></span> <span class='ocrx_word' id='word_1_708' title='bbox 1384 4629 1440 4675; x_wconf 91' lang='lat' dir='ltr'><strong>et</strong></span> <span class='ocrx_word' id='word_1_709' title='bbox 1493 4618 1763 4674; x_wconf 90' lang='lat' dir='ltr'><strong>Aaronem</strong></span> <span class='ocrx_word' id='word_1_710' title='bbox 1802 4628 1857 4676; x_wconf 90' lang='lat' dir='ltr'><strong>et</strong></span> <span class='ocrx_word' id='word_1_711' title='bbox 1905 4621 1994 4674; x_wconf 88' lang='lat' dir='ltr'><strong>Ma</strong></span> 
     </span>
    </p>
   </div>
   <div class='ocr_carea' id='block_1_94' title="bbox 2102 4618 3698 4693">
    <p class='ocr_par' dir='ltr' id='par_1_94' title="bbox 2120 4621 3698 4693">
     <span class='ocr_line' id='line_1_95' title="bbox 2120 4621 3698 4693; baseline 0 -18"><span class='ocrx_word' id='word_1_712' title='bbox 2120 4621 2265 4686; x_wconf 81' lang='grc' dir='ltr'>ἅπαξ</span> <span class='ocrx_word' id='word_1_713' title='bbox 2311 4622 2401 4675; x_wconf 83' lang='grc' dir='ltr'>διὰ</span> <span class='ocrx_word' id='word_1_714' title='bbox 2446 4621 2541 4693; x_wconf 83' lang='grc' dir='ltr'><strong>τὴν</strong></span> <span class='ocrx_word' id='word_1_715' title='bbox 2614 4623 2949 4690; x_wconf 79' lang='grc' dir='ltr'>συνείδησιν,</span> <span class='ocrx_word' id='word_1_716' title='bbox 2984 4624 3078 4675; x_wconf 66' lang='grc' dir='ltr'><strong>καὶ</strong></span> <span class='ocrx_word' id='word_1_717' title='bbox 3126 4623 3213 4676; x_wconf 72' lang='grc' dir='ltr'><strong>διὰ</strong></span> <span class='ocrx_word' id='word_1_718' title='bbox 3263 4624 3323 4676; x_wconf 83' lang='grc' dir='ltr'><strong>τὸ</strong></span> <span class='ocrx_word' id='word_1_719' title='bbox 3355 4624 3519 4693; x_wconf 77' lang='grc' dir='ltr'>μηδὲν</span> <span class='ocrx_word' id='word_1_720' title='bbox 3555 4623 3698 4692; x_wconf 75' lang='grc' dir='ltr'>ἔχειν</span> 
     </span>
    </p>
   </div>
   <div class='ocr_carea' id='block_1_95' title="bbox 451 4703 1997 4783">
    <p class='ocr_par' dir='ltr' id='par_1_95' title="bbox 451 4703 1995 4783">
     <span class='ocr_line' id='line_1_96' title="bbox 451 4703 1995 4783; baseline -0.003 -15"><span class='ocrx_word' id='word_1_721' title='bbox 451 4712 611 4768; x_wconf 86' lang='lat' dir='ltr'><strong>riam.</strong></span> <span class='ocrx_word' id='word_1_722' title='bbox 646 4731 665 4764; x_wconf 83' lang='grc'><strong><em>›</em></strong></span> <span class='ocrx_word' id='word_1_723' title='bbox 705 4709 846 4765; x_wconf 86' lang='lat' dir='ltr'><strong>Num</strong></span> <span class='ocrx_word' id='word_1_724' title='bbox 875 4727 1004 4783; x_wconf 77' lang='lat' dir='ltr'><strong>ergo</strong></span> <span class='ocrx_word' id='word_1_725' title='bbox 1054 4712 1168 4765; x_wconf 69' lang='lat' dir='ltr'><strong>ham</strong></span> <span class='ocrx_word' id='word_1_726' title='bbox 1198 4711 1330 4764; x_wconf 91' lang='lat' dir='ltr'><strong>mihi</strong></span> <span class='ocrx_word' id='word_1_727' title='bbox 1359 4703 1640 4772; x_wconf 42' lang='lat' dir='ltr'><strong>r&#39;etribuis,</strong></span> <span class='ocrx_word' id='word_1_728' title='bbox 1673 4709 1801 4778; x_wconf 90' lang='lat' dir='ltr'><strong>quia</strong></span> <span class='ocrx_word' id='word_1_729' title='bbox 1832 4719 1885 4764; x_wconf 84' lang='lat' dir='ltr'><strong>te</strong></span> <span class='ocrx_word' id='word_1_730' title='bbox 1942 4711 1995 4764; x_wconf 93' lang='lat' dir='ltr'><strong>in</strong></span> 
     </span>
    </p>
   </div>
   <div class='ocr_carea' id='block_1_96' title="bbox 2102 4703 3697 4783">
    <p class='ocr_par' dir='ltr' id='par_1_96' title="bbox 2119 4711 3697 4783">
     <span class='ocr_line' id='line_1_97' title="bbox 2119 4711 3697 4783; baseline 0.001 -18"><span class='ocrx_word' id='word_1_731' title='bbox 2119 4711 2227 4765; x_wconf 84' lang='grc' dir='ltr'><strong>τῶν</strong></span> <span class='ocrx_word' id='word_1_732' title='bbox 2249 4713 2552 4782; x_wconf 76' lang='grc' dir='ltr'>εἰρημένων</span> <span class='ocrx_word' id='word_1_733' title='bbox 2576 4712 2677 4764; x_wconf 76' lang='grc' dir='ltr'><strong>ὑπὸ</strong></span> <span class='ocrx_word' id='word_1_734' title='bbox 2696 4712 2788 4764; x_wconf 82' lang='grc' dir='ltr'><strong>τοῦ</strong></span> <span class='ocrx_word' id='word_1_735' title='bbox 2806 4712 2939 4765; x_wconf 87' lang='grc' dir='ltr'>Θεοῦ</span> <span class='ocrx_word' id='word_1_736' title='bbox 2962 4713 3203 4783; x_wconf 82' lang='grc' dir='ltr'>ἐλέγχειν</span> <span class='ocrx_word' id='word_1_737' title='bbox 3224 4713 3437 4783; x_wconf 73' lang='grc' dir='ltr'>ψευδὲς,</span> <span class='ocrx_word' id='word_1_738' title='bbox 3471 4714 3667 4781; x_wconf 66' lang='grc' dir='ltr'>ἐπάγει</span> <span class='ocrx_word' id='word_1_739' title='bbox 3683 4731 3697 4744; x_wconf 88' lang='grc'><strong>·</strong></span> 
     </span>
    </p>
   </div>
   <div class='ocr_carea' id='block_1_97' title="bbox 447 4799 1997 4874">
    <p class='ocr_par' dir='ltr' id='par_1_97' title="bbox 447 4799 1997 4871">
     <span class='ocr_line' id='line_1_98' title="bbox 447 4799 1997 4871; baseline -0.002 -13"><span class='ocrx_word' id='word_1_740' title='bbox 447 4809 664 4871; x_wconf 84' lang='lat' dir='ltr'><strong>sperato</strong></span> <span class='ocrx_word' id='word_1_741' title='bbox 725 4813 835 4856; x_wconf 88' lang='lat' dir='ltr'><strong>tam</strong></span> <span class='ocrx_word' id='word_1_742' title='bbox 897 4803 1090 4857; x_wconf 85' lang='lat' dir='ltr'><strong>acerba</strong></span> <span class='ocrx_word' id='word_1_743' title='bbox 1161 4800 1386 4855; x_wconf 89' lang='lat' dir='ltr'><strong>liberavi</strong></span> <span class='ocrx_word' id='word_1_744' title='bbox 1455 4800 1737 4866; x_wconf 88' lang='lat' dir='ltr'><strong>servitute,</strong></span> <span class='ocrx_word' id='word_1_745' title='bbox 1818 4799 1997 4871; x_wconf 83' lang='lat' dir='ltr'><strong>Moyse</strong></span> 
     </span>
    </p>
   </div>
   <div class='ocr_carea' id='block_1_98' title="bbox 2102 4799 3699 4874">
    <p class='ocr_par' dir='ltr' id='par_1_98' title="bbox 2134 4803 3699 4874">
     <span class='ocr_line' id='line_1_99' title="bbox 2134 4803 3699 4874; baseline 0.002 -20"><span class='ocrx_word' id='word_1_746' title='bbox 2134 4821 2153 4853; x_wconf 71' lang='grc' dir='ltr'><strong>ε</strong></span> <span class='ocrx_word' id='word_1_747' title='bbox 2195 4803 2336 4855; x_wconf 89' lang='grc' dir='ltr'>Διότι</span> <span class='ocrx_word' id='word_1_748' title='bbox 2378 4804 2653 4871; x_wconf 86' lang='grc' dir='ltr'>ἀνήγαγόν</span> <span class='ocrx_word' id='word_1_749' title='bbox 2681 4820 2739 4855; x_wconf 81' lang='grc' dir='ltr'><strong>σε</strong></span> <span class='ocrx_word' id='word_1_750' title='bbox 2767 4805 2831 4856; x_wconf 76' lang='grc' dir='ltr'>ἐκ</span> <span class='ocrx_word' id='word_1_751' title='bbox 2869 4804 2972 4874; x_wconf 80' lang='grc' dir='ltr'><strong>γῆς</strong></span> <span class='ocrx_word' id='word_1_752' title='bbox 3002 4805 3296 4872; x_wconf 74' lang='grc' dir='ltr'>Αἰγύπτου,</span> <span class='ocrx_word' id='word_1_753' title='bbox 3322 4806 3413 4857; x_wconf 75' lang='grc' dir='ltr'><strong>καὶ</strong></span> <span class='ocrx_word' id='word_1_754' title='bbox 3442 4804 3499 4869; x_wconf 79' lang='grc' dir='ltr'>ἐξ</span> <span class='ocrx_word' id='word_1_755' title='bbox 3549 4807 3699 4857; x_wconf 62' lang='grc' dir='ltr'>οἴκου</span> 
     </span>
    </p>
   </div>
   <div class='ocr_carea' id='block_1_99' title="bbox 450 4891 1997 4969">
    <p class='ocr_par' dir='ltr' id='par_1_99' title="bbox 450 4891 1997 4960">
     <span class='ocr_line' id='line_1_100' title="bbox 450 4891 1997 4960; baseline -0.001 -11"><span class='ocrx_word' id='word_1_756' title='bbox 450 4897 693 4960; x_wconf 85' lang='lat' dir='ltr'><strong>Aarone,</strong></span> <span class='ocrx_word' id='word_1_757' title='bbox 729 4910 793 4949; x_wconf 91' lang='lat' dir='ltr'><strong>ac</strong></span> <span class='ocrx_word' id='word_1_758' title='bbox 820 4893 989 4947; x_wconf 81' lang='lat' dir='ltr'><strong>Maria</strong></span> <span class='ocrx_word' id='word_1_759' title='bbox 1027 4892 1296 4949; x_wconf 86' lang='lat' dir='ltr'><strong>ministris</strong></span> <span class='ocrx_word' id='word_1_760' title='bbox 1341 4907 1406 4947; x_wconf 86' lang='lat' dir='ltr'><strong>ac</strong></span> <span class='ocrx_word' id='word_1_761' title='bbox 1427 4891 1661 4948; x_wconf 88' lang='lat' dir='ltr'><strong>ducibus</strong></span> <span class='ocrx_word' id='word_1_762' title='bbox 1695 4896 1831 4947; x_wconf 87' lang='lat' dir='ltr'><strong>tanti</strong></span> <span class='ocrx_word' id='word_1_763' title='bbox 1862 4894 1997 4949; x_wconf 90' lang='lat' dir='ltr'><strong>bene</strong></span> 
     </span>
    </p>
   </div>
   <div class='ocr_carea' id='block_1_100' title="bbox 2102 4891 3706 4969">
    <p class='ocr_par' dir='ltr' id='par_1_100' title="bbox 2129 4894 3706 4969">
     <span class='ocr_line' id='line_1_101' title="bbox 2129 4894 3706 4969; baseline 0.002 -22"><span class='ocrx_word' id='word_1_764' title='bbox 2129 4894 2370 4956; x_wconf 80' lang='grc' dir='ltr'>δουλείας</span> <span class='ocrx_word' id='word_1_765' title='bbox 2385 4894 2774 4967; x_wconf 79' lang='grc' dir='ltr'>ὲλυτρωσάμην</span> <span class='ocrx_word' id='word_1_766' title='bbox 2794 4914 2852 4949; x_wconf 86' lang='grc' dir='ltr'><strong>σε</strong></span> <span class='ocrx_word' id='word_1_767' title='bbox 2869 4914 2883 4927; x_wconf 89' lang='grc'><strong>·</strong></span> <span class='ocrx_word' id='word_1_768' title='bbox 2911 4898 3006 4950; x_wconf 69' lang='grc' dir='ltr'><strong>καὶ</strong></span> <span class='ocrx_word' id='word_1_769' title='bbox 3031 4897 3381 4961; x_wconf 77' lang='grc' dir='ltr'>ὲξαπέστειλά</span> <span class='ocrx_word' id='word_1_770' title='bbox 3407 4899 3511 4969; x_wconf 76' lang='grc' dir='ltr'><strong>πρὸ</strong></span> <span class='ocrx_word' id='word_1_771' title='bbox 3537 4916 3706 4969; x_wconf 83' lang='grc' dir='ltr'>προσ-</span> 
     </span>
    </p>
   </div>
   <div class='ocr_carea' id='block_1_101' title="bbox 456 4985 1997 5060">
    <p class='ocr_par' dir='ltr' id='par_1_101' title="bbox 456 4985 1997 5056">
     <span class='ocr_line' id='line_1_102' title="bbox 456 4985 1997 5056; baseline -0.003 -12"><span class='ocrx_word' id='word_1_772' title='bbox 456 4989 561 5044; x_wconf 80' lang='lat' dir='ltr'><strong>ficii</strong></span> <span class='ocrx_word' id='word_1_773' title='bbox 588 4987 782 5043; x_wconf 83' lang='lat' dir='ltr'><strong>utens?</strong></span> <span class='ocrx_word' id='word_1_774' title='bbox 802 5006 818 5037; x_wconf 78' lang='grc' dir='ltr'><strong>ι</strong></span> <span class='ocrx_word' id='word_1_775' title='bbox 844 4985 1047 5054; x_wconf 89' lang='lat' dir='ltr'><strong>Popule</strong></span> <span class='ocrx_word' id='word_1_776' title='bbox 1064 5000 1241 5048; x_wconf 90' lang='lat' dir='ltr'><strong>meus,</strong></span> <span class='ocrx_word' id='word_1_777' title='bbox 1259 4994 1547 5049; x_wconf 89' lang='lat' dir='ltr'><strong>memento,</strong></span> <span class='ocrx_word' id='word_1_778' title='bbox 1567 4986 1696 5055; x_wconf 86' lang='lat' dir='ltr'><strong>quid</strong></span> <span class='ocrx_word' id='word_1_779' title='bbox 1711 4986 1997 5056; x_wconf 79' lang='lat' dir='ltr'><strong>cogitaveri</strong></span> 
     </span>
    </p>
   </div>
   <div class='ocr_carea' id='block_1_102' title="bbox 2102 4985 3705 5060">
    <p class='ocr_par' dir='ltr' id='par_1_102' title="bbox 2134 4986 3705 5060">
     <span class='ocr_line' id='line_1_103' title="bbox 2134 4986 3705 5060; baseline 0.003 -22"><span class='ocrx_word' id='word_1_780' title='bbox 2134 4986 2283 5039; x_wconf 81' lang='grc' dir='ltr'>ώπου</span> <span class='ocrx_word' id='word_1_781' title='bbox 2320 4986 2409 5040; x_wconf 75' lang='grc' dir='ltr'><strong>τὸν</strong></span> <span class='ocrx_word' id='word_1_782' title='bbox 2466 4986 2670 5057; x_wconf 82' lang='grc' dir='ltr'>Μωσῆν</span> <span class='ocrx_word' id='word_1_783' title='bbox 2699 4989 2792 5041; x_wconf 71' lang='grc' dir='ltr'><strong>καὶ</strong></span> <span class='ocrx_word' id='word_1_784' title='bbox 2829 4987 3038 5058; x_wconf 78' lang='grc' dir='ltr'>Ἀαρὼν</span> <span class='ocrx_word' id='word_1_785' title='bbox 3071 4990 3162 5042; x_wconf 71' lang='grc' dir='ltr'><strong>καὶ</strong></span> <span class='ocrx_word' id='word_1_786' title='bbox 3191 4991 3437 5060; x_wconf 83' lang='grc' dir='ltr'>Μαριάμ.</span> <span class='ocrx_word' id='word_1_787' title='bbox 3482 5008 3500 5039; x_wconf 84' lang='grc'><strong>›</strong></span> <span class='ocrx_word' id='word_1_788' title='bbox 3544 4988 3705 5044; x_wconf 69' lang='grc' dir='ltr'>Ἀλλὰ</span> 
     </span>
    </p>
   </div>
   <div class='ocr_carea' id='block_1_103' title="bbox 456 5074 1997 5149">
    <p class='ocr_par' dir='ltr' id='par_1_103' title="bbox 456 5078 1992 5149">
     <span class='ocr_line' id='line_1_104' title="bbox 456 5078 1992 5149; baseline -0.001 -14"><span class='ocrx_word' id='word_1_789' title='bbox 456 5089 646 5136; x_wconf 82' lang='lat' dir='ltr'><strong>contra</strong></span> <span class='ocrx_word' id='word_1_790' title='bbox 672 5091 723 5136; x_wconf 89' lang='lat' dir='ltr'><strong>te</strong></span> <span class='ocrx_word' id='word_1_791' title='bbox 748 5098 841 5136; x_wconf 81' lang='lat' dir='ltr'><strong>rex</strong></span> <span class='ocrx_word' id='word_1_792' title='bbox 885 5081 1140 5145; x_wconf 84' lang='lat' dir='ltr'><strong>Moabita,</strong></span> <span class='ocrx_word' id='word_1_793' title='bbox 1176 5088 1229 5134; x_wconf 92' lang='lat' dir='ltr'><strong>et</strong></span> <span class='ocrx_word' id='word_1_794' title='bbox 1261 5079 1391 5149; x_wconf 92' lang='lat' dir='ltr'><strong>quid</strong></span> <span class='ocrx_word' id='word_1_795' title='bbox 1424 5079 1767 5149; x_wconf 88' lang='lat' dir='ltr'><strong>responderit</strong></span> <span class='ocrx_word' id='word_1_796' title='bbox 1786 5081 1833 5135; x_wconf 91' lang='lat' dir='ltr'><strong>ei</strong></span> <span class='ocrx_word' id='word_1_797' title='bbox 1866 5078 1992 5133; x_wconf 83' lang='lat' dir='ltr'><strong>Bala</strong></span> 
     </span>
    </p>
   </div>
   <div class='ocr_carea' id='block_1_104' title="bbox 2102 5074 3707 5149">
    <p class='ocr_par' dir='ltr' id='par_1_104' title="bbox 2137 5074 3707 5146">
     <span class='ocr_line' id='line_1_105' title="bbox 2137 5074 3707 5146; baseline 0.001 -19"><span class='ocrx_word' id='word_1_798' title='bbox 2137 5075 2210 5146; x_wconf 86' lang='grc' dir='ltr'><strong>μὴ</strong></span> <span class='ocrx_word' id='word_1_799' title='bbox 2239 5074 2394 5127; x_wconf 85' lang='grc' dir='ltr'>τοῦτό</span> <span class='ocrx_word' id='word_1_800' title='bbox 2418 5092 2528 5145; x_wconf 89' lang='grc' dir='ltr'>μοι,</span> <span class='ocrx_word' id='word_1_801' title='bbox 2559 5076 2641 5127; x_wconf 82' lang='grc' dir='ltr'><strong>ὅτι</strong></span> <span class='ocrx_word' id='word_1_802' title='bbox 2677 5092 2736 5127; x_wconf 90' lang='grc' dir='ltr'><strong>σε</strong></span> <span class='ocrx_word' id='word_1_803' title='bbox 2759 5077 2907 5146; x_wconf 78' lang='grc' dir='ltr'>παρὰ</span> <span class='ocrx_word' id='word_1_804' title='bbox 2929 5078 3107 5129; x_wconf 73' lang='grc' dir='ltr'>πᾶσαν</span> <span class='ocrx_word' id='word_1_805' title='bbox 3129 5077 3317 5129; x_wconf 74' lang='grc' dir='ltr'>ἐλπίδα</span> <span class='ocrx_word' id='word_1_806' title='bbox 3335 5077 3435 5143; x_wconf 75' lang='grc' dir='ltr'><strong>τῆς</strong></span> <span class='ocrx_word' id='word_1_807' title='bbox 3458 5076 3600 5131; x_wconf 86' lang='grc' dir='ltr'>οῦτω</span> <span class='ocrx_word' id='word_1_808' title='bbox 3625 5095 3707 5129; x_wconf 89' lang='grc' dir='ltr'>πι-</span> 
     </span>
    </p>
   </div>
   <div class='ocr_carea' id='block_1_105' title="bbox 460 5167 1997 5244">
    <p class='ocr_par' dir='ltr' id='par_1_105' title="bbox 460 5172 1997 5244">
     <span class='ocr_line' id='line_1_106' title="bbox 460 5172 1997 5244; baseline -0.001 -19"><span class='ocrx_word' id='word_1_809' title='bbox 460 5173 817 5228; x_wconf 77' lang='lat' dir='ltr'><strong>Moabitarum</strong></span> <span class='ocrx_word' id='word_1_810' title='bbox 854 5189 981 5239; x_wconf 78' lang='lat' dir='ltr'><strong>rex;</strong></span> <span class='ocrx_word' id='word_1_811' title='bbox 1015 5183 1067 5227; x_wconf 90' lang='lat' dir='ltr'><strong>et</strong></span> <span class='ocrx_word' id='word_1_812' title='bbox 1095 5173 1250 5244; x_wconf 78' lang='lat'><strong>201</strong></span> <span class='ocrx_word' id='word_1_813' title='bbox 1288 5173 1413 5243; x_wconf 89' lang='lat' dir='ltr'><strong>quid</strong></span> <span class='ocrx_word' id='word_1_814' title='bbox 1454 5174 1798 5242; x_wconf 84' lang='lat' dir='ltr'><strong>responderit</strong></span> <span class='ocrx_word' id='word_1_815' title='bbox 1839 5173 1889 5226; x_wconf 93' lang='lat' dir='ltr'><strong>ei</strong></span> <span class='ocrx_word' id='word_1_816' title='bbox 1928 5172 1997 5225; x_wconf 87' lang='lat' dir='ltr'><strong>Ba</strong></span> 
     </span>
    </p>
   </div>
   <div class='ocr_carea' id='block_1_106' title="bbox 2102 5167 3708 5244">
    <p class='ocr_par' dir='ltr' id='par_1_106' title="bbox 2136 5167 3708 5239">
     <span class='ocr_line' id='line_1_107' title="bbox 2136 5167 3708 5239; baseline 0 -18"><span class='ocrx_word' id='word_1_817' title='bbox 2136 5170 2272 5239; x_wconf 76' lang='grc' dir='ltr'>κρᾶς</span> <span class='ocrx_word' id='word_1_818' title='bbox 2294 5168 2578 5238; x_wconf 77' lang='grc' dir='ltr'>ἀπήλλαξα</span> <span class='ocrx_word' id='word_1_819' title='bbox 2599 5167 2856 5231; x_wconf 78' lang='grc' dir='ltr'>δουλείας,</span> <span class='ocrx_word' id='word_1_820' title='bbox 2881 5171 3049 5239; x_wconf 81' lang='grc' dir='ltr'><strong>Μωσῇ</strong></span> <span class='ocrx_word' id='word_1_821' title='bbox 3070 5186 3123 5220; x_wconf 83' lang='grc' dir='ltr'><strong>τε</strong></span> <span class='ocrx_word' id='word_1_822' title='bbox 3143 5169 3235 5221; x_wconf 75' lang='grc' dir='ltr'>καὶ</span> <span class='ocrx_word' id='word_1_823' title='bbox 3261 5169 3466 5238; x_wconf 76' lang='grc' dir='ltr'>Ἀαρὼν</span> <span class='ocrx_word' id='word_1_824' title='bbox 3481 5168 3573 5220; x_wconf 78' lang='grc' dir='ltr'><strong>καὶ</strong></span> <span class='ocrx_word' id='word_1_825' title='bbox 3595 5169 3708 5221; x_wconf 85' lang='grc' dir='ltr'><strong>Μα-</strong></span> 
     </span>
    </p>
   </div>
   <div class='ocr_carea' id='block_1_107' title="bbox 461 5256 1997 5335">
    <p class='ocr_par' dir='ltr' id='par_1_107' title="bbox 461 5263 1997 5335">
     <span class='ocr_line' id='line_1_108' title="bbox 461 5263 1997 5335; baseline -0.001 -17"><span class='ocrx_word' id='word_1_826' title='bbox 461 5266 599 5318; x_wconf 87' lang='lat' dir='ltr'><strong>laam</strong></span> <span class='ocrx_word' id='word_1_827' title='bbox 640 5264 782 5320; x_wconf 69' lang='lat' dir='ltr'><strong>(ilius</strong></span> <span class='ocrx_word' id='word_1_828' title='bbox 811 5264 994 5327; x_wconf 88' lang='lat' dir='ltr'><strong>Beori.</strong></span> <span class='ocrx_word' id='word_1_829' title='bbox 1027 5267 1093 5321; x_wconf 89' lang='lat' dir='ltr'><strong>de</strong></span> <span class='ocrx_word' id='word_1_830' title='bbox 1118 5266 1370 5321; x_wconf 77' lang='lat' dir='ltr'><strong>Sehmnis</strong></span> <span class='ocrx_word' id='word_1_831' title='bbox 1398 5280 1572 5335; x_wconf 87' lang='lat' dir='ltr'><strong>usque</strong></span> <span class='ocrx_word' id='word_1_832' title='bbox 1596 5264 1664 5319; x_wconf 91' lang='lat' dir='ltr'><strong>ad</strong></span> <span class='ocrx_word' id='word_1_833' title='bbox 1696 5263 1940 5334; x_wconf 86' lang='lat' dir='ltr'><strong>Galgala,</strong></span> <span class='ocrx_word' id='word_1_834' title='bbox 1974 5280 1997 5317; x_wconf 75' lang='grc' dir='ltr'><strong>υ</strong></span> 
     </span>
    </p>
   </div>
   <div class='ocr_carea' id='block_1_108' title="bbox 2102 5256 3705 5335">
    <p class='ocr_par' dir='ltr' id='par_1_108' title="bbox 2143 5256 3705 5331">
     <span class='ocr_line' id='line_1_109' title="bbox 2143 5256 3705 5331; baseline -0.002 -20"><span class='ocrx_word' id='word_1_835' title='bbox 2143 5259 2276 5329; x_wconf 73' lang='grc' dir='ltr'>ριὰμ</span> <span class='ocrx_word' id='word_1_836' title='bbox 2292 5260 2589 5329; x_wconf 76' lang='grc' dir='ltr'>ὑπηρέταις</span> <span class='ocrx_word' id='word_1_837' title='bbox 2604 5276 2661 5311; x_wconf 89' lang='grc' dir='ltr'><strong>τε</strong></span> <span class='ocrx_word' id='word_1_838' title='bbox 2680 5260 2773 5313; x_wconf 74' lang='grc' dir='ltr'><strong>καὶ</strong></span> <span class='ocrx_word' id='word_1_839' title='bbox 2797 5257 3226 5331; x_wconf 80' lang='grc' dir='ltr'>προηγουμένοις</span> <span class='ocrx_word' id='word_1_840' title='bbox 3243 5259 3338 5327; x_wconf 79' lang='grc' dir='ltr'><strong>τῆς</strong></span> <span class='ocrx_word' id='word_1_841' title='bbox 3359 5256 3563 5326; x_wconf 76' lang='grc' dir='ltr'>δωρεᾶς</span> <span class='ocrx_word' id='word_1_842' title='bbox 3583 5274 3705 5327; x_wconf 65' lang='grc' dir='ltr'>χρηη</span> 
     </span>
    </p>
   </div>
   <div class='ocr_carea' id='block_1_109' title="bbox 460 5346 1997 5437">
    <p class='ocr_par' dir='ltr' id='par_1_109' title="bbox 460 5352 1997 5437">
     <span class='ocr_line' id='line_1_110' title="bbox 460 5352 1997 5437; baseline 0.001 -33"><span class='ocrx_word' id='word_1_843' title='bbox 460 5361 793 5437; x_wconf 59' lang='lat' dir='ltr'><strong>agnoscatur</strong></span> <span class='ocrx_word' id='word_1_844' title='bbox 824 5354 1029 5421; x_wconf 85' lang='lat' dir='ltr'><strong>iustitia</strong></span> <span class='ocrx_word' id='word_1_845' title='bbox 1062 5356 1295 5411; x_wconf 90' lang='lat' dir='ltr'><strong>Domini.</strong></span> <span class='ocrx_word' id='word_1_846' title='bbox 1331 5375 1349 5407; x_wconf 79' lang='grc' dir='ltr'><strong>ι</strong></span> <span class='ocrx_word' id='word_1_847' title='bbox 1384 5352 1502 5408; x_wconf 83' lang='lat' dir='ltr'><strong>Jam</strong></span> <span class='ocrx_word' id='word_1_848' title='bbox 1525 5362 1580 5408; x_wconf 91' lang='lat' dir='ltr'><strong>tu</strong></span> <span class='ocrx_word' id='word_1_849' title='bbox 1613 5353 1699 5408; x_wconf 89' lang='lat' dir='ltr'><strong>fac</strong></span> <span class='ocrx_word' id='word_1_850' title='bbox 1725 5354 1997 5409; x_wconf 86' lang='lat' dir='ltr'><strong>memineri</strong></span> 
     </span>
    </p>
   </div>
   <div class='ocr_carea' id='block_1_110' title="bbox 2102 5346 3713 5437">
    <p class='ocr_par' dir='ltr' id='par_1_110' title="bbox 2145 5346 3713 5422">
     <span class='ocr_line' id='line_1_111' title="bbox 2145 5346 3713 5422; baseline -0.001 -20"><span class='ocrx_word' id='word_1_851' title='bbox 2145 5351 2375 5421; x_wconf 85' lang='grc' dir='ltr'>σάμενος</span> <span class='ocrx_word' id='word_1_852' title='bbox 2388 5351 2607 5422; x_wconf 82' lang='grc' dir='ltr'>ταύτης.</span> <span class='ocrx_word' id='word_1_853' title='bbox 2638 5371 2654 5401; x_wconf 83' lang='grc' dir='ltr'><strong>ι</strong></span> <span class='ocrx_word' id='word_1_854' title='bbox 2688 5352 2829 5414; x_wconf 77' lang='grc' dir='ltr'>Λαός</span> <span class='ocrx_word' id='word_1_855' title='bbox 2849 5369 2970 5421; x_wconf 79' lang='grc' dir='ltr'>μου,</span> <span class='ocrx_word' id='word_1_856' title='bbox 2998 5349 3334 5421; x_wconf 69' lang='grc' dir='ltr'>μνήσθητιτί</span> <span class='ocrx_word' id='word_1_857' title='bbox 3353 5346 3713 5400; x_wconf 68' lang='grc' dir='ltr'>ἐϐουλεύσατο</span> 
     </span>
    </p>
   </div>
   <div class='ocr_carea' id='block_1_111' title="bbox 466 5437 1997 5517">
    <p class='ocr_par' dir='ltr' id='par_1_111' title="bbox 466 5440 1995 5517">
     <span class='ocr_line' id='line_1_112' title="bbox 466 5440 1995 5517; baseline 0 -21"><span class='ocrx_word' id='word_1_858' title='bbox 466 5440 645 5496; x_wconf 71' lang='lat' dir='ltr'><strong>Balaci</strong></span> <span class='ocrx_word' id='word_1_859' title='bbox 673 5456 887 5512; x_wconf 90' lang='lat' dir='ltr'><strong>quoque</strong></span> <span class='ocrx_word' id='word_1_860' title='bbox 917 5446 1059 5511; x_wconf 63' lang='lat' dir='ltr'><strong>regis</strong></span> <span class='ocrx_word' id='word_1_861' title='bbox 1090 5445 1472 5513; x_wconf 81' lang='lat' dir='ltr'><strong>Moabitarum,</strong></span> <span class='ocrx_word' id='word_1_862' title='bbox 1507 5446 1599 5515; x_wconf 92' lang='lat' dir='ltr'><strong>qui</strong></span> <span class='ocrx_word' id='word_1_863' title='bbox 1641 5445 1708 5499; x_wconf 88' lang='lat' dir='ltr'><strong>ad</strong></span> <span class='ocrx_word' id='word_1_864' title='bbox 1743 5461 1801 5499; x_wconf 87' lang='lat' dir='ltr'><strong>se</strong></span> <span class='ocrx_word' id='word_1_865' title='bbox 1840 5452 1995 5517; x_wconf 80' lang='lat' dir='ltr'><strong>contr</strong></span> 
     </span>
    </p>
   </div>
   <div class='ocr_carea' id='block_1_112' title="bbox 2102 5437 3709 5517">
    <p class='ocr_par' dir='ltr' id='par_1_112' title="bbox 2138 5437 3709 5512">
     <span class='ocr_line' id='line_1_113' title="bbox 2138 5437 3709 5512; baseline -0.004 -16"><span class='ocrx_word' id='word_1_866' title='bbox 2138 5441 2281 5496; x_wconf 87' lang='grc' dir='ltr'>κατὰ</span> <span class='ocrx_word' id='word_1_867' title='bbox 2323 5441 2414 5495; x_wconf 88' lang='grc' dir='ltr'><strong>σοῦ</strong></span> <span class='ocrx_word' id='word_1_868' title='bbox 2462 5442 2644 5496; x_wconf 71' lang='grc' dir='ltr'>Βαλὰκ</span> <span class='ocrx_word' id='word_1_869' title='bbox 2697 5442 2947 5512; x_wconf 82' lang='grc' dir='ltr'>βασιλεὺς</span> <span class='ocrx_word' id='word_1_870' title='bbox 2985 5441 3197 5496; x_wconf 69' lang='grc' dir='ltr'>Μωάϐι</span> <span class='ocrx_word' id='word_1_871' title='bbox 3227 5441 3317 5493; x_wconf 74' lang='grc' dir='ltr'>καὶ</span> <span class='ocrx_word' id='word_1_872' title='bbox 3356 5439 3408 5492; x_wconf 85' lang='grc' dir='ltr'><strong>τί</strong></span> <span class='ocrx_word' id='word_1_873' title='bbox 3435 5437 3709 5510; x_wconf 79' lang='grc' dir='ltr'>ἀπεκρίθη</span> 
     </span>
    </p>
   </div>
   <div class='ocr_carea' id='block_1_113' title="bbox 466 5528 1997 5607">
    <p class='ocr_par' dir='ltr' id='par_1_113' title="bbox 466 5532 1997 5607">
     <span class='ocr_line' id='line_1_114' title="bbox 466 5532 1997 5607; baseline 0 -19"><span class='ocrx_word' id='word_1_874' title='bbox 466 5547 566 5590; x_wconf 84' lang='lat' dir='ltr'><strong>vos</strong></span> <span class='ocrx_word' id='word_1_875' title='bbox 596 5532 808 5587; x_wconf 82' lang='lat' dir='ltr'><strong>vocavit</strong></span> <span class='ocrx_word' id='word_1_876' title='bbox 827 5533 1136 5590; x_wconf 85' lang='lat' dir='ltr'><strong>Balaamum</strong></span> <span class='ocrx_word' id='word_1_877' title='bbox 1160 5537 1282 5603; x_wconf 84' lang='lat' dir='ltr'><strong>;bic</strong></span> <span class='ocrx_word' id='word_1_878' title='bbox 1308 5544 1488 5593; x_wconf 87' lang='lat' dir='ltr'><strong>autem</strong></span> <span class='ocrx_word' id='word_1_879' title='bbox 1516 5540 1692 5607; x_wconf 89' lang='lat' dir='ltr'><strong>primo</strong></span> <span class='ocrx_word' id='word_1_880' title='bbox 1713 5535 1929 5605; x_wconf 86' lang='lat' dir='ltr'><strong>quidem</strong></span> <span class='ocrx_word' id='word_1_881' title='bbox 1954 5535 1997 5589; x_wconf 87' lang='lat' dir='ltr'><strong>ir</strong></span> 
     </span>
    </p>
   </div>
   <div class='ocr_carea' id='block_1_114' title="bbox 2102 5528 3712 5607">
    <p class='ocr_par' dir='ltr' id='par_1_114' title="bbox 2142 5528 3712 5607">
     <span class='ocr_line' id='line_1_115' title="bbox 2142 5528 3712 5607; baseline -0.003 -18"><span class='ocrx_word' id='word_1_882' title='bbox 2142 5534 2290 5604; x_wconf 82' lang='grc' dir='ltr'>αύτῷ</span> <span class='ocrx_word' id='word_1_883' title='bbox 2319 5534 2547 5607; x_wconf 80' lang='grc' dir='ltr'>Βαλαὰμ</span> <span class='ocrx_word' id='word_1_884' title='bbox 2565 5536 2677 5599; x_wconf 79' lang='grc' dir='ltr'>υἱὸς</span> <span class='ocrx_word' id='word_1_885' title='bbox 2694 5535 2785 5589; x_wconf 82' lang='grc' dir='ltr'><strong>τοῦ</strong></span> <span class='ocrx_word' id='word_1_886' title='bbox 2811 5534 2960 5607; x_wconf 84' lang='grc' dir='ltr'>Βεὼρ</span> <span class='ocrx_word' id='word_1_887' title='bbox 2983 5535 3089 5588; x_wconf 80' lang='grc' dir='ltr'><strong>ἀπὸ</strong></span> <span class='ocrx_word' id='word_1_888' title='bbox 3116 5534 3223 5587; x_wconf 83' lang='grc' dir='ltr'>τῶν</span> <span class='ocrx_word' id='word_1_889' title='bbox 3248 5533 3466 5605; x_wconf 84' lang='grc' dir='ltr'>σχοίνων</span> <span class='ocrx_word' id='word_1_890' title='bbox 3482 5531 3591 5594; x_wconf 71' lang='grc' dir='ltr'>ἕως</span> <span class='ocrx_word' id='word_1_891' title='bbox 3614 5528 3712 5585; x_wconf 75' lang='grc' dir='ltr'><strong>τοῦ</strong></span> 
     </span>
    </p>
   </div>
  </div>
