3966 6134
284 246 402 311 385
1244 252 1789 311 COMMENTARIUS
1822 251 1891 309 IN
1934 252 2240 312 MlCIhEzE
2279 255 2432 312 CAP.
2472 256 2563 312 Vl.
3440 265 3544 322 586

294 374 539 441 Γαλγάλ,
564 376 711 439 ὅπως
764 375 983 448 γνωσθῇ
1029 373 1411 447 ἡδικαιοσύνη·
1437 373 1531 430 τοῦ
1571 376 1799 447 Κυρίου.
1838 392 1858 427 ι

1978 377 2160 442 noluit,
2189 378 2445 433 mandato
2470 393 2592 434 meo
2628 389 2854 449 :postea
2887 383 3188 454 profectus,
3231 387 3543 445 nullatenus

298 470 387 537 (ρ.
436 465 575 534 5οη
617 466 778 520 Ἀλλά
811 467 923 535 γὰρ
954 466 1327 539 ὑπομνήσθητι
1366 468 1460 521 καὶ
1485 468 1585 539 τὴν
1618 469 1758 523 κατά
1778 470 1869 523 τὸν

1978 470 2266 533 maledixit,
2307 470 2402 524 sed
2441 477 2603 539 prout
2643 486 2744 541 ego
2787 474 2934 527 volui
3011 477 3302 534 benedixit.
3335 478 3544 544 Quibus

297 558 478 612 Βαλὰκ
491 557 582 610 τὸν
596 558 911 612 Μωαϐιτῶν
931 557 1175 629 βασιλέα,
1193 558 1251 622 ὃς
1266 559 1552 613 ἀπέστειλε
1572 560 1672 631 μὲν
1689 560 1871 614 καλῶν

1978 579 2028 619 ιι
2061 565 2317 620 omnibus
2369 573 2709 635 compertum
2771 569 2928 624 vobis
2957 578 3061 634 est,
3112 588 3195 625 uie
3217 582 3424 627 rectum
3452 573 3542 641 jus

297 650 385 702 τὸν
406 649 634 720 Βαλαὰμ
656 650 779 703 καθ’
795 650 951 721 ὑμῶν
971 666 984 680 ·
1006 650 1035 702 ό
1059 650 1117 703 δέ
1146 651 1408 723 πρότερον
1441 652 1539 722 μὲν
1563 653 1681 706 οὐδὲ
1707 654 1869 707 ἀπελε-

1978 669 2063 717 pro
2088 654 2243 709 vobis
2274 670 2485 723 semper
2539 666 2886 723 persecutum
2926 668 3118 713 contra
3189 661 3543 718 adversantes

299 744 405 797 θεῖν
421 745 508 797 διά
536 744 599 796 τὸ
622 742 910 814 ἐπίταγμα
927 743 1178 797 ἐϐούλετο
1207 744 1268 796 τὸ
1298 744 1430 813 ἐμόν
1453 761 1465 773 ·
1521 745 1871 815 ἀπεληλυθὼς

1978 747 2123 800 vobis
2147 746 2368 815 injuste,
2410 760 2548 815 quos
2604 762 2796 802 omnes
2847 750 3052 819 absque
3087 751 3199 805 ulla
3239 753 3407 808 venia'
3439 769 3544 823 pu-

298 834 348 887 δὲ
374 836 632 907 ὕστερον,
668 835 1022 905 κατηράσατο
1061 836 1159 905 μὲν
1180 836 1288 889 οὐδ’
1316 836 1469 899 ὃλως,
1505 838 1777 910 ηὐλόγησε
1812 843 1870 896 δὲ
1975 841 2108 894 nivi.

297 928 433 981 κατά
461 927 525 980 τὺ
574 926 697 997 ἐμοί
730 942 795 994 γε
820 926 1046 979 δοκοῦνο
1078 926 1218 980 ὥστε
1263 927 1353 980 διά
1395 930 1612 985 πάντων
1652 933 1871 1005 εὔδηλον
1902 934 2029 1005 ὑμῖν
2058 926 2220 993 εἶναι,
2272 930 2354 982 ὅτι
2405 929 2492 982 αεὶ
2544 928 2602 982 τὸ
2657 929 2864 985 δίκαιον
2923 933 3064 1005 ὑπὲρ
3125 936 3279 1006 ὑμῶν
3319 938 3543 1010 ἐκίνησα

296 1022 437 1077 κατὰ
466 1021 579 1075 τῶν
611 1022 817 1076 ἀδικεῖν
859 1022 1007 1093 ὑμᾶς
1052 1023 1502 1094 ἐπιχειρούντων,
1554 1028 1765 1092 πάντας
1788 1047 1850 1083 τε
1876 1028 2071 1089 αὐτοὺς
2096 1025 2237 1078 κατά
2266 1023 2463 1093 πολλῆς
2491 1024 2916 1096 ἐτιμωρησάμην
2940 1028 3040 1097 τῆς
3068 1029 3333 1095 ἀφειδίας.

362 1119 510 1200 Στίχ.
551 1125 706 1188 ς’-η’.
742 1147 806 1158 —
836 1119 950 1172 Kal.
995 1119 1179 1189 ἐπειδὴ
1235 1120 1503 1191 μηδεμίαν
1548 1123 1866 1196 ἀντίρρησιν

298 1210 505 1280 ἐδέχετο
532 1210 603 1262 τὰ
644 1210 946 1281 εἰρημένα,
992 1212 1067 1273 ὡς
1104 1212 1170 1265 ἄν
1213 1214 1513 1285 συνηγόρου
1545 1217 1688 1280 τινὸς
1714 1217 1867 1282 τάξιν

298 1300 372 1370 τῷ
395 1300 511 1369 λαῷ
548 1299 768 1371 πληρῶν
798 1301 826 1352 ό
857 1302 1159 1372 προφήτης,
1191 1304 1255 1356 ἐκ
1287 1303 1379 1356 τοῦ
1426 1306 1647 1359 ἐκείνων
1678 1325 1865 1377 ,προσ-

298 1393 445 1446 ώπου
483 1393 666 1446 τοιάδε
703 1394 868 1463 φησίν
896 1409 911 1424 ·
946 1412 965 1445 ι
1016 1393 1103 1447 Ἐν
1134 1395 1239 1448 τίνι
1292 1396 1578 1450 καταλάϐω
1626 1398 1717 1452 τὸν
1753 1400 1867 1451 Κύ-

304 1502 444 1555 ριον;
504 1485 871 1556 ἀντιλήψομαι
914 1484 1049 1538 Θεοῦ
1101 1503 1201 1556 μου
1252 1487 1510 1556 ύψίστου;
1540 1478 1575 1539 ἰ
1629 1488 1716 1551 Ὠς
1759 1487 1867 1560 γάρ

2048 1121 2208 1175 Vens.
2246 1120 2376 1177 6-8.
2409 1150 2479 1160 -—
2534 1120 2596 1172 Et
2626 1121 2751 1188 quia
2797 1123 3001 1175 nullam
3053 1122 3609 1182 contradictionem.-

1971 1215 2135 1269 verba
2175 1213 2290 1265 hare
2346 1212 2712 1280 patiebantur,
2770 1215 2985 1282 patroni
3034 1216 3199 1268 veluti
3254 1232 3543 1285 personam

1972 1318 2072 1373 pro
2086 1301 2284 1372 pepulo
2306 1301 2567 1370 propheta
2592 1303 2953 1367 sumens,ha2c
2971 1304 3063 1356 ait:
3090 1323 3108 1354 ι
3136 1304 3191 1357 In
3218 1322 3324 1373 quo
3351 1321 3544 1375 appre-

1974 1397 2209 1451 hendam
2266 1396 2597 1451 Dominum?
2630 1397 2925 1465 suscipiam
2975 1395 3143 1449 Deum
3172 1396 3487 1451 excelsam?
3519 1415 3540 1450 ι

1974 1487 2256 1559 Tanquam
2321 1490 2519 1559 populo
2582 1488 2684 1541 hoc
2727 1487 2961 1552 dicente,
2997 1490 3075 1543 sic
3129 1490 3202 1542 ait
3232 1507 3246 1541 :
3275 1489 3545 1554 Quoniam

301 1548 386 1631 τοῦ
414 1548 548 1632 λαοῦ
570 1548 724 1629 τουτί
745 1548 1013 1645 λέγοντος,
1042 1548 1183 1631 οὕτω
1208 1548 1391 1648 φησιν,
1420 1548 1506 1632 ὅτι
1536 1548 1753 1651 Ἐπειδὴ
1770 1548 1866 1634 ’διά

1978 1581 2160 1635 multis
2182 1580 2460 1635 beneﬁciis
2488 1579 2734 1650 ingratus
2774 1578 2873 1644 fui,
2923 1580 3050 1651 quid
3080 1595 3223 1634 nunc
3248 1596 3333 1635 me
3370 1579 3548 1635 lacere

301 1670 512 1724 πάντων
565 1668 857 1739 ἐλέγχομαι
917 1670 1015 1722 ἐπὶ
1082 1669 1303 1733 πολλαῖς
1356 1673 1475 1733 ταῖς
1529 1671 1869 1743 εὐεργεσίαις

300 1760 566 1832 ἀγνώμων
592 1757 835 1829 γεγονὼς
854 1798 870 1822 ,
900 1758 954 1811 τί
984 1760 1046 1828 δή
1080 1776 1148 1829 με
1190 1760 1411 1830 ποιῆσαι
1445 1762 1751 1832 προσῆκεν,
1782 1761 1869 1814 ἵνα

299 1849 388 1901 νῦν
402 1848 533 1917 γοῦν
547 1846 895 1918 ἐπιλάϐωμαι
916 1848 1009 1900 τοῦ
1030 1848 1185 1907 Θεοῦ.
1204 1842 1375 1920 οὗπερ
1398 1851 1633 1923 ἐμαυτὸν
1655 1851 1743 1906 διὰ
1760 1850 1870 1904 τῶν

298 1941 508 2013 τρόπων
530 1939 770 2010 ἐχώρισα
784 1939 890 1992 τῶν
912 1939 1153 2007 οἰκείων;
1176 1943 1406 2005 καὶπῶς
1427 1943 1578 2012 φανῶ
1599 1942 1704 1995 τῶν
1722 1943 1869 2014 αὐτῷ

299 2032 593 2086 δοκούντων
639 2032 1028 2103 ἀντεχόμενος;
1061 2051 1079 2084 ι
1116 2034 1178 2085 Ei
1203 2033 1584 2104 καταλήψομαι
1618 2034 1780 2087 αὑτὸν
1812 2036 1870 2087 ἐν

297 2122 760 2193 ὁλοκαυτώμασιν,
779 2126 837 2176 ἐν
858 2124 1075 2194 μόσχοις
1099 2125 1388 2188 ἐνιαυσίοις
1408 2142 1422 2188 ;
1446 2127 1493 2177 εί
1524 2126 1870 2196 προσδέξεται

302 2215 497 2285 Rapax
517 2215 577 2266 ὲν
591 2213 795 2283 χιλιάσι
824 2213 1012 2284 κριῶν,
1039 2212 1071 2283 ἢ
1100 2214 1157 2265 ἐν
1201 2214 1421 2284 μυριάσι
1467 2216 1715 2285 χιμάρων
1753 2215 1872 2268 πιό-

300 2324 434 2373 vmv;
483 2309 532 2358 εί
566 2306 726 2360 δώσω
771 2305 1091 2376 πρωτότοκα
1129 2322 1228 2376 μου
1273 2306 1409 2377 ὑπὲρ
1447 2306 1697 2370 ἀσεϐείας
1732 2324 1868 2377 μου,

303 2398 507 2465 καρπὸν
531 2395 742 2457 κοιλίας
768 2412 870 2465 μου
895 2395 1033 2465 ὑπὲρ
1063 2394 1337 2465 ἁμαρτίας
1358 2395 1535 2466 ψυχῆς
1561 2413 1658 2465 μου
1680 2412 1693 2460 ;
1737 2414 1756 2447 ι
1787 2398 1872 2459 Ὠς

304 2487 404 2556 γὰρ
423 2485 826 2555 διαπορούντων
842 2477 1042 2549 αὐτῶν,
1056 2487 1134 2538 ὃτι
1148 2486 1240 2538 καὶ
1266 2486 1481 2555 ποιῆσαι
1496 2486 1767 2555 προσῆκεν
1786 2488 1875 2539 αύ-

304 2583 420 2642 τοῦς
454 2582 545 2631 ἐπὶ
578 2578 848 2649 θεραπείᾳ
882 2580 979 2647 τῆς
1006 2579 1273 2648 τοσαύτης
1298 2577 1707 2648 ἀγνωμοσύνης,
1733 2577 1875 2631 οὕτω

308 2670 481 2739 φησίν·
516 2670 610 2740 (p.
646 2668 786 2738 508)
832 2667 1209 2739 Ἐξιλάσομαι,
1240 2669 1425 2737 φησιν,
1465 2667 1625 2719 αὑτὸν
1658 2668 1783 2738 ἄρα,
1825 2669 1873 2721 εί

310 2762 706 2833 προσαγάγοιμι
725 2760 1147 2831 ὁλοκαυτώματα
1167 2760 1379 2829 μόσχων
1401 2758 1755 2829 ὲνιαυσίων,ἢ
1780 2755 1873 2827 [εί]

308 2855 538 2925 χιλιάδας
569 2855 666 2907 κοιλ⁸
708 2854 972 2925 μυριάδας
1004 2852 1172 2924 κριῶν
1204 2869 1263 2903 τε
1292 2849 1439 2919 αὐτῷ
1468 2850 1872 2919 προσαγάγοιμι

310 3041 483 3110 μάτων
516 3039 667 3110 αὐτῷ
715 3038 1077 3110 προσαγάγω,
1121 3036 1196 3098 ὡς
1248 3036 1312 3088 ἂν
1352 3034 1452 3103 τῆς
1484 3033 1664 3103 ψυχῆς
1691 3032 1874 3101 ἀφέλω

306 3133 398 3201 τὴν
422 3130 699 3202 ἁμαρτίαν
741 3130 838 3197 τῆς
886 3128 1058 3199 ἐμῆςς
1096 3126 1239 3197 Πρὸς
1290 3124 1346 3177 δὲ
1378 3124 1581 3193 ταύτην
1608 3122 1703 3175 τοῦ
1742 3122 1873 3174 λαοῦ

308 3223 399 3292 τὴν
459 3222 696 3295 ἀπορίαν
747 3219 1177 3290 ἀποκρινόμενος
1236 3219 1264 3269 ὁ
1324 3216 1609 3286 προφήτης
1673 3215 1870 3285 φησίν·

315 3332 333 3363 ι
383 3313 681 3382 Απηγγέλη
717 3328 828 3376 σοι,
855 3310 1135 3380 ἄνθρωπε,
1170 3309 1222 3361 τί
1250 3308 1441 3373 καλὸν,
1471 3309 1564 3361 καὶ
1591 3307 1643 3359 τί
1673 3305 1875 3375 Κύριος

313 3401 521 3472 ἐκζητεῖ
575 3403 726 3473 παρά
778 3401 904 3463 σοῦ,
959 3401 1069 3477 ἀλλ’
1119 3400 1151 3470 ἢ
1198 3399 1293 3452 τοῦ
1336 3402 1509 3453 ποιεῖν
1545 3401 1751 3468 κρῖμα,
1782 3398 1875 3450 καὶ

312 3495 519 3565 ἀγαπᾷν
566 3485 737 3559 ἔλεον,
766 3494 861 3545 καὶ
895 3493 1106 3561 ἕτοιμον
1142 3486 1280 3547 εἶναι
1326 3489 1418 3542 τοῦ
1449 3487 1775 3559 πορεύεσθαί
1816 3504 1875 3538 σε

310 3585 475 3637 ὀπίσω
520 3585 726 3654 Κυρίου
772 3583 866 3637 τοῦ
910 3581 1043 3635 Θεοῦ
1097 3597 1225 3645 σου;
1275 3599 1293 3631 ι
1328 3580 1508 3651 Πάρες
1552 3579 1647 3649 δὴ,
1677 3579 1872 3649 φησιν,

310 3676 726 3747 ὁλοκαυτώματα
757 3675 851 3729 καὶ
889 3673 1088 3727 θυσιῶν
1125 3672 1329 3741 πλῆθος
1378 3672 1471 3725 καὶ
1512 3672 1874 3741 πρωτοτόκων

310 3767 704 3838 προσκομιδήν·
735 3768 783 3820 εἰ
805 3764 861 3819 δέ
889 3781 970 3818 σοι
993 3766 1210 3835 φροντὶς
1241 3765 1585 3831 ἐξιλάσασθαι
1615 3764 1674 3816 τὸ
1696 3764 1874 3828 Θεῖον,

312 3860 484 3913 ἐκεῖνα
534 3858 831 3929 διάπραξαι
876 3857 1021 3929 ἆπερ
1069 3857 1274 3911 ἄνωθέν
1310 3874 1389 3910 σοι
1423 3857 1749 3927 προσέταξεν
1788 3858 1876 3910 διὰ

312 3938 396 4003 τοῦ
427 3950 670 4012 Μωσέως
713 3952 889 4002 ποιεῖν
941 3951 969 4002 ό
1014 3948 1163 4012 Θεός.
1225 3950 1357 4001 Ποῖα
1408 3949 1470 4019 δὴ
1522 3949 1722 4015 ταύτας
1776 3948 1872 4001 "Iv‘

314 4040 467 4112 ὀρθὴν
500 4043 587 4109 ἐφ’
619 4042 875 4095 ἀπάντων
910 4041 1169 4112 ποιῇςτὴν
1196 4041 1375 4111 κρίσιν
1407 4042 1500 4094 καὶ
1518 4041 1617 4112 τὴν
1646 4042 1873 4109 δοκιμα-

314 4132 453 4197 σίαν,
495 4135 617 4187 καθ’
659 4134 729 4203 ἢν
769 4132 1011 4201 ἐκλέγειν
1050 4132 1283 4199 ὀφείλεις
1328 4132 1441 4184 ἀπὸ
1483 4133 1577 4185 τοῦ
1636 4133 1873 4202 χείρονος

1969 1682 2204 1745 oportet,
2241 1680 2300 1725 ut
2323 1671 2488 1726 Deum
2524 1670 2653 1725 mihi
2687 1684 3020 1738 recuperem,
3070 1683 3099 1721 a
3136 1684 3246 1739 quo
3305 1670 3547 1725 moribus

1971 1766 2109 1820 meis
2129 1778 2215 1818 me
2239 1762 2490 1831 sejunxi?
2518 1761 2581 1814 Et
2611 1761 2887 1829 quomodo
2922 1761 3244 1830 placitorum
3275 1761 3395 1829 ejus
3431 1760 3544 1829 jam

1971 1856 2249 1913 studiosus
2286 1853 2543 1909 videbor?
2578 1871 2597 1903 ι
2633 1851 2768 1906 Num
2801 1851 3202 1921 apprehendam
3251 1850 3542 1904 Dominum

1974 1940 2333 2002 holocaustis,
2391 1945 2444 1993 et
2503 1938 2689 1991 vitulis
2734 1936 3041 1990 anniculis?
3081 1934 3219 1989 Num
3286 1935 3549 2004 suscipiet

1972 2031 2234 2086 Dominus
2289 2028 2439 2082 mille
2473 2028 2689 2090 arietes,
2721 2028 2804 2081 vel
2852 2027 3037 2081 decem
3060 2026 3232 2079 millia
3260 2026 3546 2095 pinguium

1972 2120 2294 2176 hircorum?
2321 2117 2461 2172 Num
2499 2118 2641 2173 dabo
2686 2118 3040 2187 primogenita
3070 2132 3187 2171 mea
3219 2132 3317 2186 pro
3349 2117 3546 2185 impie-

1974 2221 2083 2267 tate
2108 2226 2246 2273 mea,
2282 2210 2516 2264 fructum
2555 2210 2762 2265 ventris
2794 2211 2896 2263 mei
2930 2224 3027 2279 pro
3071 2216 3296 2279 peccato
3320 2208 3478 2264 meo?
3524 2227 3543 2260 ι

1973 2304 2141 2372 Quasi
2202 2302 2602 2375 ambigentibus
2634 2303 2770 2371 ipsis
2806 2303 2936 2372 quid
2996 2317 3153 2373 agere
3213 2304 3429 2356 deceret
3479 2300 3549 2354 ob

1974 2401 2237 2454 vecordim
2274 2407 2437 2453 tanta:
2475 2397 2797 2461 remedium,
2831 2396 2912 2450 sic
2944 2397 3020 2449 ait
3054 2395 3228 2449 :Num
3258 2395 3409 2447 illum
3440 2394 3552 2463 pla-

1974 2505 2187 2557 cavero,
2235 2492 2280 2546 si
2326 2492 2648 2545 holocausta
2708 2490 2997 2543 vitulorum
3044 2490 3418 2542 anniculorum
3452 2486 3550 2541 ob-

1978 2584 2177 2648 tulero,
2201 2583 2283 2636 vel
2303 2583 2471 2635 millia
2497 2590 2589 2635 aut
2620 2581 2812 2635 decem
2860 2580 3030 2633 millia
3057 2580 3284 2633 arietum
3340 2578 3387 2633 ei
3424 2576 3552 2631 alle-

1976 2688 2090 2725 ram
2127 2682 2287 2742 atque
2313 2672 2533 2725 ovium?
2574 2669 2639 2723 Et
2667 2670 2711 2723 si
2746 2668 3105 2739 primogenita
3135 2668 3548 2738 generationum

1976 2776 2215 2815 mearum
2245 2761 2293 2814 ei
2315 2761 2622 2822 exhibeam,
2656 2774 2783 2812 num
2825 2774 2890 2813 ex
2915 2760 3095 2811 anima
3130 2772 3245 2810 mea
3268 2767 3547 2825 peccatum

1916 2887 1940 2923 π
1976 2856 2262 2910 delevero?
2292 2854 2426 2909 Huic
2461 2868 2586 2909 vero
2622 2853 2804 2923 populi
2852 2852 3177 2906 dubitationi
3212 2850 3551 2921 reSpondens

308 2950 393 3002 καὶ
420 2947 730 3018 προϐάτων,
773 2947 807 3017 ἦ
850 2946 898 2998 εί
935 2945 1004 2998 τά
1028 2944 1347 3016 πρωτότοκα
1364 2943 1472 2995 τῶν
1504 2941 1654 3011 ἐμῶν
1684 2958 1874 3011 γεννη-
1912 3012 1919 3019 Ὁ

1976 2946 2240 3015 propheta
2285 2946 2360 2998 ait
2412 2962 2426 2998 :
2483 2963 2502 2995 ι
2574 2943 2968 2999 Nuntiatumne
3002 2944 3099 2999 tibi
3152 2944 3548 3008 fuit,ohomo,

1976 3036 2106 3105 quid
2161 3036 2231 3089 sit
2275 3035 2501 3099 bonum,
2541 3048 2593 3089 et
2628 3034 2759 3104 quid
2813 3034 3076 3091 Dominus
3112 3036 3357 3106 requirat
3396 3049 3425 3088 a
3476 3042 3549 3098 te,

1978 3130 2079 3182 nisi
2106 3136 2161 3181 ut
2190 3127 2358 3183 facias
2400 3128 2693 3198 judicium,
2746 3138 2801 3183 et
2852 3127 3048 3198 diligas
3084 3127 3548 3193 misericordiam,

1976 3228 2030 3273 et
2085 3228 2308 3289 paratus
2360 3221 2437 3275 sis
2493 3221 2773 3274 ambulare
2839 3230 2960 3286 post
3022 3218 3309 3274 Dominum
3382 3218 3552 3273 Deum

1979 3310 2165 3364 tuum?
2202 3329 2219 3361 ι
2249 3310 2468 3376 Omitte,
2510 3311 2705 3381 inquit,
2749 3312 3068 3365 holocausta
3125 3320 3175 3365 et
3210 3313 3552 3364 victimarum

1978 3403 2472 3466 multitudinem,et
2493 3404 2975 3473 primogenitorum
3005 3404 3353 3456 oblationem.
3390 3402 3547 3466 Quod

1979 3494 2023 3547 si
2055 3494 2151 3547 tibi
2184 3509 2329 3548 cura:
2359 3504 2441 3548 est
2467 3495 2626 3563 202
2668 3494 2835 3547 Deum
2874 3492 3148 3561 placandi,
3182 3492 3271 3545 illa
3324 3492 3407 3546 fac
3437 3508 3556 3563 qua

1976 3586 2215 3638 tibiolim
2242 3586 2421 3639 facere
2453 3586 2726 3638 mandavit
2748 3600 2841 3654 per
2856 3584 3090 3654 Moysem
3117 3584 3273 3640 Deus.
3297 3584 3554 3651 Quaznam

1979 3676 2126 3729 haec?
2164 3675 2390 3729 Rectum
2416 3676 2470 3728 in
2497 3677 2751 3730 omnibus
2784 3690 3036 3729 exercere
3065 3676 3329 3744 judicium
3354 3684 3407 3732 et
3439 3677 3555 3731 dis-

1977 3767 2209 3831 crimen,
2237 3775 2297 3818 ut
2331 3766 2531 3819 bonum
2565 3767 2704 3817 malo
2728 3764 2984 3834 prmferas
3015 3786 3026 3817 :
3058 3775 3317 3835 quantam
3352 3770 3558 3838 poteris

1976 3856 2368 3925 benignitatem
2408 3864 2461 3911 et
2506 3857 2937 3911 misericordiam
3005 3858 3059 3912 in
3092 3861 3374 3928 proximos
3433 3868 3556 3915 tuos

1976 3964 2326 4019 expromere;
2369 3957 2618 4018 paratum
2650 3956 2703 4003 te
2735 3966 2857 4004 esse
2888 3959 2947 4003 ut
2971 3950 3287 4004 omnimode
3320 3949 3414 4004 Dei
3447 3966 3558 4005 vo—

1978 4044 2239 4096 luntatem
2275 4042 2542 4111 sequaris.
2584 4040 2789 4095 Dicitin
2806 4035 3343 4107 summa":rf)iliges
3361 4041 3551 4096 Domi-

1979 4154 2105 4193 num
2160 4137 2329 4190 Deum
2384 4145 2535 4190 tuum
2593 4143 2705 4189 toto
2780 4136 2945 4191 corde
2979 4143 3092 4199 tuo,
3146 4144 3199 4191 et
3226 4144 3334 4190 tota
3375 4145 3559 4194 mente

312 4222 369 4275 τὸ
402 4227 675 4294 κρεῖττον,
704 4224 797 4278 καὶ
844 4223 930 4276 ἵνα
968 4226 1146 4276 πᾶσαν
1180 4224 1275 4294 τὴν
1303 4224 1534 4294 δυνατήν
1571 4240 1652 4276 σοι
1689 4224 1873 4291 φιλαν-

1984 4237 2095 4293 tua,
2145 4237 2197 4281 et
2239 4238 2348 4280 tota
2387 4228 2715 4292 animatua;
2747 4234 2799 4279 et
2826 4224 3017 4295 diliges
3064 4227 3369 4297 proximum
3402 4236 3555 4282 tuum

316 4314 551 4390 θρωπίαν
583 4331 643 4367 τε
672 4316 768 4368 καὶ
795 4315 1135 4385 συμπάθειαν
1159 4314 1597 4384 ἐπιδεικνύμενος
1636 4317 1714 4377 είς
1753 4316 1873 4378 τοὺς

1978 4321 2119 4374 sicut
2148 4329 2199 4373 te
2226 4320 2400 4387 ipsum
2432 4336 2444 4370 :
2472 4339 2487 4370 ι
2531 4318 2878 4386 quaequidem
2907 4319 3051 4373 dicta
3079 4319 3297 4375 fuerant
3316 4320 3558 4388 antiqui-

314 4406 469 4470 πέλας
505 4405 775 4477 διατελῇς,
817 4407 910 4460 καὶ
947 4406 1031 4458 ἵνα
1073 4407 1584 4476 παρεσκευασμένος
1800 4409 1873 4470 είς

1978 4417 2067 4463 tus
2103 4423 2197 4474 per
2238 4406 2491 4476 Moyscm.
2544 4404 2666 4459 Haec
2691 4405 2875 4473 facito,
2905 4409 3102 4476 inquit.
3132 4426 3251 4477 qua:
3282 4408 3422 4461 Deus
3448 4422 3558 4477 pra:

314 4497 368 4550 τὺ
390 4498 547 4550 παντὶ
582 4494 770 4568 τρόπῳ
790 4497 858 4550 τὰ
873 4496 1129 4550 δοκοῦντα
1174 4498 1412 4567 μετιέναι
1446 4497 1578 4567 Θεῷ.
1603 4498 1765 4566 Λέγει
1792 4499 1847 4551 δὲ
1866 4541 1879 4560 ,

1978 4498 2220 4551 victimis
2249 4500 2505 4551 aestimat.

316 4591 576 4663 συντόμως
612 4592 814 4653 εἰπεῖν,
840 4592 901 4644 τὸ
952 4610 971 4643 ι
1018 4592 1345 4662 ’Λγαπήσεις
1378 4591 1579 4661 Κύριον
1601 4592 1689 4643 τὸν
1720 4586 1849 4644 Θεό)
1895 4610 1986 4645 σου
2026 4593 2085 4656 ἐξ
2112 4592 2237 4661 ὅλης
2279 4595 2377 4662 τῆς
2403 4591 2627 4661 καρδίας
2671 4608 2785 4656 σου,
2833 4589 3005 4653 καὶέξ
3047 4591 3173 4662 ὅλης
3202 4592 3297 4661 τῆς
3326 4591 3560 4653 διανοίας

316 4702 418 4749 σου,
446 4689 540 4741 καὶ
567 4687 625 4753 ἐξ
659 4688 787 4758 ὅλης
828 4688 927 4756 τῆς
949 4686 1123 4757 ψυχῆς
1155 4704 1281 4749 σου,
1322 4686 1416 4739 καὶ
1454 4687 1758 4755 ἀγαπήσεις
1806 4687 1895 4738 τὸν
1934 4687 2158 4758 πλησίον
2217 4703 2306 4738 σου
2352 4685 2426 4750 ὡς
2472 4685 2718 4738 σεαυτόνο
2769 4686 2789 4753 (
2808 4701 2859 4754 p.
2896 4685 3034 4755 509)
3062 4684 3204 4753 ἅπερ
3241 4683 3424 4754 εἴρητο
3454 4685 3561 4738 πά-

313 4776 391 4830 λαι
420 4779 507 4832 διὰ
534 4780 775 4842 Μωσέως
794 4795 808 4808 ·
854 4779 1025 4832 ταῦτα
1054 4780 1117 4850 δὴ
1164 4779 1370 4849 μέτιθι,
1401 4780 1567 4849 φησι,
1614 4780 1977 4852 προτιμότερα
2003 4780 2201 4834 θυσιῶν
2230 4781 2358 4833 ὄντα
2388 4779 2524 4849 Θεῷ.

375 4870 518 4941 Στίχ.
552 4868 727 4940 θ’-ιβ’.
759 4896 829 4908 --
862 4887 880 4920 ι
914 4870 1067 4940 Φωνὴ
1100 4868 1301 4938 Κυρίου
1345 4871 1408 4938 τῇ
1456 4869 1608 4920 πόλει
1654 4868 1880 4939 ἐπικλη-

315 4959 541 5031 θήσεται,
586 4961 680 5015 καὶ
714 4959 877 5013 σώσει
922 4959 1288 5029 φοϐουμένους
1316 4960 1374 5011 τὸ
1411 4959 1583 5028 ὄνομα
1625 4958 1810 5011 αὐτοῦ.
1856 4978 1874 5011 ι

313 5053 369 5106 Εἰ
395 5055 501 5125 γάρ
523 5053 587 5124 δὴ
628 5051 830 5118 ταῦτα,
865 5053 996 5123 φησὶ
1016 5094 1030 5116 ,
1061 5054 1294 5122 ποιοίης,
1324 5054 1472 5121 φωνὴ
1504 5070 1584 5113 τις
1615 5052 1749 5104 Θεοῦ
1779 5067 1880 5119 φα-

311 5146 520 5215 νήσεται
545 5147 579 5215 ἡ
620 5144 772 5208 πόλις
797 5145 866 5198 τὰ
902 5144 1161 5198 δοκοῦντα
1188 5143 1334 5215 αὐτῷ
1362 5140 1608 5205 ποιοῦσα,
1643 5143 1788 5213 ἔργῳ
1814 5159 1873 5193 τε

309 5238 392 5290 τὸν
413 5237 575 5308 νόμον
600 5236 950 5290 ἐπιδεικνῦσα
970 5237 1061 5289 τὸν
1091 5237 1250 5301 θεῖον,
1276 5237 1414 5291 ὥστε
1442 5237 1534 5288 καὶ
1554 5236 1644 5286 ἐπὶ
1676 5234 1874 5294 παντὸς

310 5328 543 5382 κινδύνου
582 5330 682 5399 τῆς
726 5327 877 5391 θείας
925 5327 1275 5397 ἀξιουμένους
1303 5326 1629 5395 κηδεμονίας
1658 5326 1785 5385 τοὺς
1819 5325 1876 5375 ἐν

311 5421 435 5492 αὐτῇ
462 5420 831 5484 καθεστῶτας,
858 5419 1081 5490 μηδενὸς
1102 5418 1347 5487 λυπηροῦ
1374 5417 1621 5487 δέχεσθαι
1647 5417 1839 5485 πεῖραν
1861 5432 1875 5446 ·

312 5507 417 5566 εἶτα
439 5511 842 5581 παραινετικῶς
866 5511 1023 5563 πάλιν
1045 5512 1071 5563 ὁ
1094 5510 1379 5580 προφήτης
1408 5507 1596 5577 τρέπει
1623 5505 1757 5574 πρὸς
1781 5504 1877 5555 αὖ-

310 5606 424 5666 τοὺς
444 5603 535 5655 τὸν
547 5603 723 5671 λόγον’
749 5621 766 5652 ι
783 5604 1000 5667 Ἄκουε,
1026 5603 1184 5671 φυλὴ,
1212 5601 1294 5662 τίς
1312 5602 1485 5668 κοσμή
1497 5617 1572 5649 σει
1594 5598 1773 5656 πόλινς
1803 5594 1874 5663 μὴ

314 5693 523 5764 πῦρκαὶ
551 5689 696 5758 οἶκος
718 5694 919 5763 ἀνόμου
953 5692 1292 5761 θησαυρίζων
1318 5690 1618 5760 θησαυροὺς
1646 5689 1877 5756 ἀνόμως

393 5790 439 5819 ’⁸
471 5787 660 5842 Matth.
689 5806 787 5855 xn,
818 5793 907 5844 57.

2061 4869 2223 4923 Vsus.
2257 4869 2409 4925 9-12.
2442 4898 2511 4909 -
2540 4886 2558 4919 ι
2609 4866 2720 4923 Vox
2754 4866 2969 4921 Domini
3022 4866 3230 4921 civitati
3284 4867 3558 4920 acclama-

1982 4959 2151 5021 bitur,
2186 4960 2526 5028 salvabitque
2583 4958 2835 5013 timentes
2867 4973 3065 5011 nomen
3119 4957 3260 5024 ejus.
3302 4974 3320 5007 ι
3357 4954 3482 5010 Haec
3511 4956 3557 5011 si

1982 5050 2192 5111 fecerit,
2263 5065 2369 5102 vox
2422 5049 2670 5119 quaadam
2715 5048 2809 5102 Dei
2843 5064 2964 5103 esse
3019 5046 3289 5100 videbitur
3336 5048 3554 5108 civitas.

1981 5142 2317 5212 beneplacita
2366 5141 2485 5211 ejus
2540 5140 2767 5207 faciens;
2808 5146 2862 5193 et
2904 5154 3068 5208 opere
3101 5138 3338 5192 divinam
3379 5139 3554 5208 legem

1978 5237 2396 5291 demonstrans:
2435 5252 2542 5304 quo
2577 5237 2665 5288 fiet
2715 5244 2774 5287 ut
2821 5234 2875 5287 in
2903 5235 3097 5302 quovis
3137 5232 3377 5301 periculo
3408 5233 3556 5286 cives

1975 5327 2096 5394 ejus
2131 5326 2313 5378 divina
2349 5326 2515 5378 tutela
2566 5324 2818 5393 protecti,
2872 5324 3074 5376 nullam
3127 5323 3429 5376 molestiam
3465 5336 3555 5375 ca-

1975 5421 2149 5487 piant.
2183 5417 2318 5469 Exin
2354 5415 2715 5478 adhortando,
2752 5431 2945 5470 rursus
2974 5414 3137 5469 verba
3192 5413 3258 5468 ad
3293 5414 3554 5483 populum

1974 5505 2244 5556 convertit
2290 5503 2572 5570 propheta.
2612 5521 2630 5553 ι
2679 5504 2838 5567 Audi,
2877 5519 2909 5557 ο
2946 5504 3121 5558 tribus
3154 5522 3167 5559 :
3220 5513 3272 5557 et
3303 5503 3427 5572 quis
3458 5516 3552 5554 or-

1976 5595 2125 5646 nabit
2161 5593 2627 5647 civitatem?Num
2651 5595 2788 5664 ignis
2823 5603 2876 5648 et
2900 5596 3095 5649 domus
3127 5594 3297 5662 iniqui
3330 5594 3550 5644 thesau-

1986 5688 2165 5738 rizans
2199 5687 2481 5738 thesauros
2509 5686 2745 5757 iniquos,
2773 5694 2822 5739 ct
2852 5686 3197 5739 contumelia:
3231 5681 3495 5750 injurias?
3521 5701 3538 5731 ι
