4022 6138
384 240 491 308 387

1580 234 1933 295 THEODORI
1962 232 2446 292 MOPSUESTENI

3531 235 3637 292 388

389 363 581 435 Neque
618 359 763 433 ignis
801 372 998 417 ornare
1041 355 1232 412 urbem
1258 352 1424 421 valet,
1445 366 1609 423 quam
1634 352 1817 423 potius
1874 348 1972 404 de-

2078 352 2168 406 καὶ
2211 350 2350 423 μετά
2399 350 2608 423 ὕϐρεως
2639 350 2884 417 ἀδικίας;
2925 369 2944 403 ι
2977 349 3116 406 Οῦτε
3150 352 3259 423 γὰρ
3297 348 3409 426 πῦρ
3439 343 3550 405 οἷόν
3577 367 3640 405 τε

376 452 545 511 Struit
566 472 582 509 :
606 468 784 523 neque
815 450 1014 522 impius
1040 447 1123 503 vir
1143 446 1316 502 multo
1342 460 1468 501 cum
1504 444 1687 499 studio
1708 458 1963 514 peccans;

391 546 788 604 contumeliose
817 547 871 598 et
888 541 1074 612 inique
1118 524 1333 605 vivens,
1376 537 1569 593 vitabit
1603 535 1963 607 punitionem.

389 631 754 692 PeSsumdant
770 629 914 686 enim
942 669 957 695 ,
994 627 1141 683 haud
1166 643 1325 683 secus
1345 642 1508 694 quam
1537 623 1965 696 ignis,homines

393 722 707 795 hujusmodi
739 720 1040 777 civitatem.
1062 738 1081 772 ι
1116 717 1660 788 Numjustilicabitur
1684 716 1738 770 in
1762 722 1967 772 statera

386 817 652 886 iniustus;
684 819 738 869 et
766 816 822 867 in
867 812 1102 867 saccello
1146 810 1393 880 pondera
1413 799 1644 863 dolosa?
1668 806 1735 861 de
1767 805 1967 875 quibus

392 906 611 961 divitias
652 917 783 960 suas
827 902 1123 971 impietatis
1152 900 1538 970 impleverunt.
1574 903 1628 951 et
1658 896 1967 951 habitantes

392 998 448 1051 in
468 1013 532 1052 ea
563 996 928 1066 loquebantur
963 990 1272 1055 mendacia,
1305 1001 1360 1045 et
1386 989 1571 1059 lingua
1601 1002 1788 1043 eorum
1811 986 1966 1041 exal-

391 1094 506 1141 tata
531 1093 616 1142 est
665 1087 720 1139 in
754 1100 851 1141 ore
892 1081 1177 1155 ipsorum?
1214 1099 1233 1133 ι
1271 1079 1423 1135 Sicut
1453 1079 1597 1134 enim
1635 1078 1689 1131 in
1716 1076 1968 1131 anomala

393 1186 449 1233 et
480 1177 732 1247 inteQuali
754 1184 963 1232 statera
984 1175 1195 1245 justum
1218 1171 1367 1227 cerni
1396 1170 1604 1239 nequit,
1630 1183 1804 1238 neque
1831 1156 1968 1237 pon-

393 1270 524 1325 dera
574 1268 926 1324 fraudulenta
967 1274 1022 1321 et
1068 1265 1254 1319 vitiata
1283 1262 1482 1331 recipi:
1509 1262 1585 1315 ita
1629 1275 1729 1315 nec
1775 1258 1850 1312 illi
1876 1257 1969 1328 qui

392 1379 525 1433 opes
546 1378 676 1418 suas
698 1377 764 1416 ex
802 1358 1184 1429 iniquitatibus
1212 1360 1413 1424 augent
1439 1350 1543 1405 frui
1574 1350 1661 1407 bis
1691 1356 1966 1419 poterunt.

392 1452 538 1506 Nam
610 1452 701 1507 isti
744 1463 936 1505 omnes
971 1446 1215 1502 civitatis
1257 1445 1469 1507 incolae,
1499 1457 1621 1496 cum
1648 1440 1860 1496 fallacia
1892 1439 1972 1494 vi—

391 1549 600 1605 ventes,
625 1539 785 1610 203
830 1545 884 1593 et
919 1534 1157 1606 superba
1191 1540 1405 1589 utentes
1429 1539 1627 1595 mente,
1659 1530 1971 1601 nullamque

394 1631 490 1688 Dei
516 1632 784 1686 rationem
818 1628 1105 1692 habentes,
1149 1625 1466 1681 necessario
1499 1623 1738 1678 divinam
1767 1622 1974 1676 vindic-

390 1729 502 1777 tam
532 1721 907 1792 experientur.

2064 445 2338 515 κοσμῆσαι
2384 443 2571 497 πόλιν·
2617 443 2925 497 τούναντίον
2977 445 3083 515 γὰρ
3133 444 3306 515 αὐτὴν
3346 442 3639 511 ἀφανίζει·

2064 533 2187 588 οῦτε
2215 534 2324 606 γάρ
2354 534 2667 606 παράνομος
2694 534 2829 606 ἀνὴρ
2864 536 2957 589 καὶ
2997 536 3135 606 μετὰ
3165 535 3367 606 πολλῆς
3391 535 3494 606 τῆς
3521 538 3644 589 ἐπι-

2069 623 2283 695 μελείας
2301 624 2400 696 τὴν
2425 625 2767 696 παρανομίαν
2797 626 3182 697 ἐργαζόμενος,
3214 629 3307 681 καὶ
3340 626 3508 699 πολλῇ
3542 628 3643 698 μὲν

2067 713 2242 785 ὕϐρει,
2267 715 2434 787 πολλῇ
2453 717 2509 769 δὲ
2535 717 2717 789 ἀδικίᾳ
2737 715 2933 783 συζῶν,
2953 718 3202 789 κερδανεῖ
3215 718 3312 789 τὴν
3334 719 3606 789 τιμωρίαν
3626 736 3641 749 ’

2067 805 2349 874 ἀφανιοῦσι
2389 807 2498 878 γὰρ
2520 808 2617 879 οὐχ
2638 803 2800 881 ἦττον
2834 807 3006 879 πυρὸς
3027 809 3078 861 oi.
3099 807 3327 862 τοιοῦτοι
3359 808 3457 880 τὴν
3483 808 3642 862 πόλιν

2066 896 2361 961 οἰκοῦντες.
2396 917 2415 949 ι
2446 894 2508 978 El
2530 898 2951 971 δικαιωθήσεται
2985 901 3043 953 ὲν
3075 899 3376 972 μαρσίππῳ
3403 900 3669 971 στάθμια-

2066 988 2248 1056 δόλου;
2273 989 2332 1054 ἐξ
2351 982 2427 1045 ὧν
2452 990 2543 1046 τὸν
2573 990 2803 1045 πλοῦτον
2832 990 3009 1046 αὐτῶν
3030 991 3287 1055 ἀσεϐείας
3314 990 3643 1063 ἐνέπλησαν,

2067 1080 2161 1132 καὶ
2191 1080 2521 1145 ἐνοικοῦντες
2550 1081 2717 1153 αὐτὴν
2758 1081 2981 1137 ὲλάλουν
3013 1082 3203 1154 ψευδῆ,
3230 1084 3323 1135 καὶ
3351 1083 3384 1154 ή
3422 1082 3646 1151 γλῶσσα

2068 1169 2243 1224 αὐτῶν
2269 1170 2460 1243 ὑψώθη
2497 1174 2553 1227 ὲν
2598 1172 2678 1244 τῷ
2704 1173 2932 1245 στόματι
2960 1174 3176 1241 αὑτῶν;
3210 1194 3229 1226 ι
3267 1177 3357 1241 Ὡς
3399 1176 3508 1248 γὰρ
3544 1178 3646 1248 οὐχ

2068 1255 2180 1315 οἷόν
2207 1279 2267 1314 τε
2308 1264 2366 1316 ὲν
2402 1264 2673 1335 ἀνωμάλῳ
2697 1281 2757 1318 τε
2797 1266 2888 1318 καὶ
2929 1266 3099 1335 ἀνίσῳ
3137 1264 3289 1336 ζυγῷ
3323 1266 3554 1336 φανῆναι
3583 1266 3648 1318 τὸ

2067 1351 2301 1416 δίκαιον,
2333 1354 2623 1425 ἢστάθμια
2657 1355 2992 1426 δεδολωμένα
3014 1358 3107 1410 καὶ
3128 1357 3533 1427 διεστραμμένα
3556 1357 3649 1410 εῦ-

2071 1445 2388 1516 παράδεκτα
2428 1447 2708 1514 γενέσθαι,
2763 1451 2849 1518 (p.
2891 1447 3030 1519 310)
3074 1447 3247 1512 οὕτως
3294 1448 3402 1501 οὐδ’
3450 1449 3502 1501 οἱ
3551 1449 3647 1501 τὸν

2072 1535 2301 1591 πλοῦτον
2344 1537 2434 1591 τὸν
2478 1539 2674 1592 οίκεῖον
2711 1541 2776 1593 ὲκ
2814 1539 3171 1611 παρανομιῶν
3216 1538 3472 1604 αὔξοντες
3504 1540 3649 1592 ἀπο-

2070 1624 2264 1679 λαῦσαι
2308 1627 2623 1699 δυνήσονται
2663 1630 2772 1683 τῶν
2814 1630 3153 1701 προσόντων·
3202 1633 3400 1696 πάντες
3446 1630 3556 1702 γάρ
3595 1632 3648 1685 oi

1996 1700 2039 1755 Β
2066 1716 2295 1772 τοιοῦτοι
2352 1720 2509 1775 πόλιν
2569 1723 2863 1790 οἰκοῦντες,
2912 1722 3096 1792 ψεύδει
3136 1740 3198 1777 τε
3237 1723 3505 1789 συζῶντες
3552 1720 3651 1779 καὶ

393 1816 726 1887 ὑπερηφάνῳ
767 1809 1094 1884 κεχρημένοι
1115 1796 1344 1879 διανοίᾳ,
1380 1807 1456 1872 ὡς
1496 1807 1699 1878 μηδένα
1729 1804 1830 1876 τῆς
1851 1806 1944 1859 ἐπὶ
1963 1806 2171 1873 τούτοις
2224 1812 2495 1883 τιμωρίας
2541 1812 2636 1866 τοῦ
2683 1812 2817 1867 Θεοῦ
2861 1815 3130 1868 ποιεῖσθαι
3154 1815 3330 1886 λόγον,
3379 1816 3439 1882 ἐξ
3476 1818 3650 1887 ἀνάγ·-

393 1927 496 1981 κης
521 1907 626 1961 ὑπὸ
647 1906 746 1974 τὴν
773 1902 1044 1973 τιμωρίαν
1077 1902 1397 1973 γενήσονται
1419 1900 1517 1971 τὴν
1546 1898 1715 1953 θείαν.

465 1997 634 2053 Vsus.
674 1994 864 2049 15-16.
904 2023 973 2034 -
1016 2011 1035 2044 ι
1063 1991 1130 2045 Et
1161 2006 1260 2062 ego
1289 1990 1545 2061 incipiam
1573 1998 1625 2045 te
1646 1996 1965 2059 percutere:

395 2092 590 2148 delebo
621 2103 716 2144 vos
748 2087 802 2141 in
837 2085 1074 2156 peccatis
1109 2083 1328 2138 vestris.
1356 2101 1375 2134 ι
1403 2081 1506 2148 Qui
1538 2082 1612 2135 ita
1640 2080 1846 2144 vivitis,
1870 2092 1970 2148 ego

396 2180 759 2251 castigatione
775 2190 894 2233 mea
921 2174 1234 2246 percutiens
1257 2189 1501 2245 congruo
1513 2172 1752 2243 peccatis
1771 2172 1970 2227 vestris

396 2274 558 2329 modo
605 2282 797 2325 omnes
845 2266 1231 2337 pessumdabo.
1275 2284 1295 2317 ι
1324 2265 1406 2319 Tu
1441 2264 1718 2330 comedes,
1779 2271 1971 2318 etnon

397 2361 754 2419 saturaberis.
783 2377 801 2411 ι
838 2356 999 2413 Brevi
1034 2357 1178 2411 enim
1218 2365 1405 2426 partas
1447 2370 1580 2425 opes
1624 2365 1864 2425 tempore
1891 2360 1972 2408 te-

397 2468 559 2516 nens,
623 2448 771 2505 haud
799 2462 974 2519 usque
1020 2448 1077 2502 in
1125 2446 1284 2502 linem
1332 2447 1400 2503 iis
1428 2445 1650 2509 frueris,
1695 2445 1823 2516 quia
1876 2444 1974 2501 tibi

399 2558 575 2615 prunas
602 2557 769 2598 causa
802 2541 1129 2612 eripientn‘r.
1195 2556 1213 2590 ι
1243 2536 1513 2610 Fientque
1568 2538 1667 2593 tibi
1718 2537 1975 2602 tenebrae,

398 2643 453 2690 et
485 2634 813 2696 deelinabis,
858 2641 912 2687 et
958 2645 1068 2685 non
1113 2630 1441 2685 salvabcris.
1471 2648 1490 2680 ι
1521 2628 1766 2699 Caligine
1810 2628 1978 2682 veluti

399 2726 653 2781 obrueris
695 2726 904 2780 ultione
931 2740 1072 2789 mea,
1112 2723 1270 2793 cujus
1296 2722 1406 2776 vim
1440 2721 1720 2776 declinare
1762 2721 1974 2786 volens,

398 2831 507 2873 non
536 2819 763 2888 poteris.
806 2836 824 2868 ι
854 2817 918 2872 Et
940 2815 1258 2886 quicunque
1277 2812 1474 2869 salvati
1514 2811 1743 2877 fuerint,
1789 2806 1972 2882 gladio

397 2909 711 2964 tradentur.
744 2927 763 2960 ι
797 2907 1022 2963 Etiamsi
1048 2904 1199 2961 brevi
1230 2903 1464 2958 fortasse
1479 2911 1720 2972 tempore
1741 2902 1973 2957 evadere

400 2998 639 3054 videaris
681 2998 922 3053 hostium
966 2997 1256 3058 ultionem,
1320 3000 1561 3047 attamen
1613 2992 1838 3047 omnino
1880 3007 1974 3048 ca-

402 3090 592 3159 pieris.
634 3106 652 3139 ι
679 3087 759 3141 Tu
792 3103 944 3143 seres
975 3087 1171 3151 oleam,
1218 3092 1272 3139 et
1299 3084 1421 3139 oleo
1456 3099 1564 3138 non
1598 3085 1856 3155 ungeris;
1893 3085 1978 3139 vi-

402 3195 535 3233 num
566 3178 781 3232 cultura
810 3177 1050 3247 parabis,
1092 3183 1147 3231 et
1192 3191 1301 3230 non
1342 3175 1495 3230 bibes
1538 3175 1747 3230 vinum.
1783 3194 1803 3227 ι
1841 3174 1976 3229 Belli

405 3269 572 3339 stragi
599 3269 988 3334 succumbens,
1044 3282 1113 3322 ne
1148 3268 1431 3323 laboribus
1476 3267 1696 3337 quidem
1737 3268 1868 3331 tuis,
1917 3274 1978 3321 ut

404 3376 504 3432 par
530 3367 634 3425 est,
684 3359 914 3426 frueris;
958 3375 1096 3429 quos
1137 3374 1330 3414 omnes
1364 3361 1433 3415 ab
1481 3360 1737 3414 hostibus
1769 3359 1977 3413 vastari

405 3458 840 3505 consentaneum
871 3458 976 3505 est.
1008 3469 1026 3501 ι
1057 3449 1125 3503 Ει.
1159 3450 1489 3506 delabuntur
1517 3450 1758 3521 legitima
1791 3450 1978 3520 p0puli

406 3540 534 3604 mei,
566 3549 621 3595 et
649 3543 831 3595 omnia
859 3555 1024 3611 opera
1053 3540 1252 3595 domus
1280 3541 1544 3596 Acbaabi.
1565 3540 1630 3593 Et
1652 3539 1980 3595 ambulastis

405 3629 461 3682 in
495 3628 871 3684 voluntatibus
918 3642 1132 3692 eorum,
1191 3628 1464 3693 utqdarem
1510 3635 1564 3681 te
1602 3627 1658 3681 in
1712 3625 1981 3696 perditio-

405 3730 555 3787 nem,
586 3728 640 3776 et
668 3735 860 3775 omnes
882 3720 1191 3774 habitantes
1222 3720 1277 3773 in
1306 3734 1370 3774 ea
1405 3719 1460 3772 in
1485 3718 1732 3781 sibilum,
1764 3723 1848 3773 σοι
1881 3731 1985 3787 ορέ

406 3812 630 3882 probria
661 3810 842 3881 p0pnli
872 3810 977 3865 mei
1008 3810 1299 3880 accipient.
1327 3828 1346 3860 ι
1390 3810 1544 3865 Tune
1575 3811 1760 3864 omnia
1797 3811 1984 3866 colen-

407 3902 601 3957 dorum
651 3901 917 3955 idolorum
955 3901 1197 3971 legitima
1249 3916 1370 3972 quae
1410 3901 1812 3968 observabatis,
1857 3902 1985 3956 imi—

407 3999 590 4046 tantes
629 3991 873 4046 Acltaabi
898 3998 953 4046 et
977 3992 1271 4065 aequalium
1324 3992 1404 4047 illi
1450 4007 1639 4063 regum
1687 3993 1984 4063 exempla;

409 4089 732 4136 coacervata
762 4081 1142 4147 destruentur,
1197 4090 1253 4137 et
1283 4097 1379 4137 vos
1408 4097 1531 4136 cum
1557 4079 1665 4139 illis
1704 4101 1719 4137 :
1755 4099 1866 4153 quo
1898 4084 1989 4138 lict

409 4180 469 4226 ut
507 4173 680 4227 exteri
720 4188 915 4229 omnes
947 4182 1192 4229 vestrum
1240 4175 1467 4229 exitium
1502 4181 1813 4244 spectantes
1843 4176 1989 4231 exsi-

2137 1986 2287 2059 Στίχ.
2325 1995 2516 2058 ιγ’-ις’.
2541 2021 2613 2034 -
2637 2010 2656 2043 ι
2690 1992 2800 2046 Καὶ
2845 1990 2956 2060 ἐγὼ
3000 1990 3234 2063 ἄρξομαι
3272 1992 3366 2047 τοῦ
3414 1990 3652 2058 πατάξαι

2075 2094 2135 2131 σε
2154 2117 2169 2141 ,
2191 2078 2403 2149 ἀφανιῶ
2429 2081 2571 2150 ὑμᾶς
2594 2082 2651 2133 ἐν
2676 2083 2798 2144 ταῖς
2825 2081 3115 2153 ἁμαρτίαις
3157 2082 3389 2137 αὐτῶν.»
3410 2081 3652 2137 Τοιαῦτα

2074 2168 2180 2241 γάρ
2208 2169 2494 2234 ποιοῦντας
2523 2173 2590 2242 τῇ
2622 2172 2862 2245 τιμωρίᾳ
2891 2171 3097 2244 πλήξας
3144 2174 3210 2243 τῇ
3243 2175 3371 2245 ἐμῇ,
3400 2173 3649 2237 ἅπαντας

2079 2258 2221 2330 ὑμᾶς
2238 2260 2497 2330 ἀνάλογον
2520 2265 2636 2325 ταῖς
2657 2264 2953 2334 ἁμαρτίαις
2975 2263 3161 2317 ἀπολῶ
3185 2267 3304 2329 ταῖς
3330 2266 3647 2335 ὑμετέραις.

2081 2364 2102 2403 ι
2134 2353 2206 2406 Σὺ
2242 2353 2478 2422 φάγεσαι
2501 2353 2611 2425 (42)
2632 2354 2726 2408 καὶ
2754 2355 2815 2407 οὐ
2842 2356 2916 2427 μὴ
2944 2356 3315 2427 ὲμπλησθῇς.»
3337 2356 3452 2409 Ἐπ’
3469 2354 3650 2424 ὀλίγον

2074 2443 2182 2516 γὰρ
2213 2444 2323 2499 τῶν
2375 2445 2685 2516 προσόντων
2716 2445 3024 2517 μετασχὼν,
3067 2447 3166 2501 οὐκ
3201 2451 3289 2512 εις
3311 2447 3463 2511 τέλος
3508 2446 3650 2514 ἕξεις

2073 2536 2254 2591 αὐτῶν
2285 2536 2383 2609 τὴν
2416 2538 2735 2603 ἀπόλαυσιν,
2760 2538 3160 2611 ἀφαιρούμενος
3213 2537 3392 2593 αὐτῶν
3430 2538 3520 2593 διὰ
3549 2540 3651 2611 τῆς

2073 2628 2361 2699 τιμωρίας.
2407 2646 2425 2679 ι
2466 2629 2577 2682 Καὶ
2614 2629 2934 2682 συσκοτάσει
2975 2631 3033 2683 ὲν
3066 2629 3185 2682 σοί·
3214 2628 3308 2682 καὶ
3352 2628 3649 2693 ὲκνεύσεις,

2075 2721 2172 2773 καὶ
2204 2721 2263 2774 οὐ
2297 2723 2371 2792 μὴ
2423 2720 2711 2791 διασωθῇς.
2740 2740 2758 2771 ι
2798 2721 2883 2784 Ὠς
2924 2721 3099 2790 σκότῳ
3133 2721 3242 2791 γὰρ
3277 2719 3651 2791 περιδληθήσῃ

2077 2813 2144 2881 τῇ
2172 2810 2301 2882 παρ’
2319 2810 2453 2881 ἐμοῦ
2483 2811 2723 2882 τιμωρίᾳ
2748 2827 2763 2841 ο
2783 2812 2875 2864 καὶ
2901 2810 3220 2880 βουλόμενος
3254 2809 3521 2863 ἐκκλίνειν
3543 2809 3653 2863 τῶν

2079 2902 2263 2956 κακῶν
2291 2900 2390 2973 τὴν
2443 2905 2660 2974 πεῖραν,
2688 2902 2937 2972 οὐδαμῶς
2973 2902 3196 2973 δυνήσῃ.
3227 2919 3245 2952 ι
3292 2902 3400 2955 Kal.
3432 2902 3545 2954 ὅσοι
3583 2899 3653 2954 ἂν

2075 2991 2412 3046 διασωθῶσιν
2437 3036 2452 3058 ,
2480 2993 2561 3056 είς
2609 2992 2883 3063 ῥομφαίαν
2944 2991 3426 3069 παραδροήσονται.
3467 3016 3486 3042 υ
3531 2990 3652 3044 Κᾶν

2077 3081 2187 3155 γὰρ
2215 3082 2354 3155 πρὸς
2383 3082 2557 3154 βραχύ
2598 3100 2714 3145 πως
2730 3083 3041 3152 διαφεύγειν
3070 3083 3228 3155 δόξῃς
3261 3085 3327 3154 τῇ
3358 3080 3466 3135 τῶν
3496 3081 3653 3135 πολε-

2082 3175 2220 3245 μίων
2254 3174 2511 3246 τιμωρίᾳ,
2564 3174 2955 3248 καταληφθήσῃ
2990 3177 3224 3240 πάντως.
3266 3195 3285 3229 ι
3324 3178 3397 3229 Σὺ
3431 3178 3654 3248 σπερεῖς

2079 3265 2286 3330 ἐλαίαν,
2311 3267 2408 3320 καὶ
2422 3267 2483 3318 οὐ
2513 3266 2587 3337 μὴ
2619 3265 2813 3339 ἀλείφῃ
2838 3266 3015 3321 ἔλαιον
3046 3286 3058 3298 ·
3086 3268 3181 3322 καὶ
3210 3271 3455 3339 ποιήσεις
3487 3264 3651 3331 οίνον,

2081 3359 2175 3412 καὶ
2198 3359 2259 3411 οὐ
2292 3358 2368 3429 μὴ
2403 3358 2533 3430 πίῃς
2580 3354 2740 3413 οἶνον.
2776 3378 2795 3409 ι
2843 3357 3162 3413 ’Υποπεσὼν
3204 3359 3334 3426 γοῦν
3372 3362 3437 3430 τῇ
3469 3360 3652 3430 σφαγῇ

2081 3449 2173 3503 τοῦ
2201 3449 2464 3520 πολέμου,
2493 3449 2614 3502 οὐδὲ
2657 3448 2764 3502 τῶν
2809 3448 2983 3501 πόνων
3014 3448 3361 3513 ἀπολαύσεις,
3387 3450 3462 3514 ὡς
3484 3451 3653 3513 εἰκὸς,

2081 3540 2188 3595 τῶν
2234 3541 2471 3608 οἰκείων,
2499 3542 2575 3611 (p.
2624 3538 2750 3608 5H)
2792 3539 2979 3610 ἐπειδὴ
3031 3539 3239 3603 πάντας
3290 3540 3486 3602 αὐτοὺς
3516 3542 3657 3608 ἀφα-

2082 3632 2305 3698 νιοῦσιν,
2328 3633 2405 3697 ὡς
2422 3633 2592 3696 είκὺς.
2621 3634 2669 3687 οί
2691 3632 2958 3703 πολέμιοι·
2985 3632 3140 3685 τοῦτο
3171 3633 3281 3702 γὰρ
3308 3630 3556 3700 βούλεται
3587 3632 3656 3684 δι’

2083 3723 2205 3777 ὅλου
2245 3724 2445 3792 λέγειν.
2480 3742 2498 3775 ι
2535 3725 2643 3778 Καὶ
2669 3724 3096 3794 ἀφανισθήσεται
3129 3723 3338 3794 νόμιμα
3365 3724 3494 3777 λαοῦ
3529 3740 3656 3795 μου,

2085 3810 2180 3863 καὶ
2224 3811 2400 3864 πάντα
2440 3810 2578 3881 ἔργα
2618 3810 2765 3864 οἴκου
2817 3810 3018 3881 Ἀχαάϐ
3051 3827 3066 3840 °
3099 3813 3194 3865 καὶ
3223 3811 3556 3884 ὲπορεύθητε
3599 3812 3660 3862 ὲν

2084 3905 2206 3965 ταῖς
2230 3902 2442 3973 βουλαῖς
2468 3902 2668 3969 αὐτῶν,
2709 3904 2857 3967 ὅπως
2883 3903 3107 3976 παραδῶ
3137 3921 3195 3957 σε
3222 3906 3301 3969 είς
3330 3904 3658 3974 ἀφανισμὸν,

2088 3993 2320 4056 καὶτοὺς
2345 3992 2734 4056 κατοικοῦντας
2755 3993 2923 4064 αὐτὴν
2944 3994 3024 4055 εἰς
3050 3994 3337 4065 συριγμὸν,
3362 3995 3455 4049 καὶ
3479 3994 3660 4064 ὀνείδη

2088 4083 2219 4136 λαοῦ
2278 4099 2379 4153 μου
2422 4083 2700 4156 λήψονται.
2750 4104 2768 4137 ι
2807 4084 2941 4137 Τότε
2975 4084 3103 4152 γοῦν
3137 4086 3351 4140 ἅπαντα
3389 4086 3425 4141 ἀ
3461 4088 3558 4140 ἐπὶ
3590 4089 3661 4157 τῇ

2089 4175 2200 4229 τῶν
2232 4175 2465 4230 εἰδώλων
2505 4175 2773 4247 θρησκείᾳ
2823 4177 3030 4249 νόμιμα
3082 4178 3428 4247 ὲφυλάττετε,
3457 4179 3661 4249 μιμού-

409 4264 602 4329 bilent,
627 4272 681 4317 et
712 4264 978 4317 mirentur
1015 4273 1223 4318 tantam
1256 4272 1454 4320 vestra:
1490 4264 1728 4320 fortunae
1750 4280 1976 4321 conver-

2094 4268 2332 4341 μενοιτά
2364 4268 2516 4340 παρά
2562 4286 2621 4321 τε
2656 4268 2750 4322 τοῦ
2789 4269 2994 4340 Ἀχαάὅ
3023 4271 3117 4324 καὶ
3145 4270 3254 4325 τῶν
3302 4272 3423 4325 κατ’
3456 4272 3664 4326 ἐκεῖνον

412 4354 645 4420 sionem,
700 4354 967 4423 vobisque
1033 4356 1372 4426 exprobrent
1434 4357 1582 4425 quod
1635 4367 1986 4426 peccatorum

415 4454 718 4502 vestrorum
751 4461 918 4502 causa
952 4447 1067 4502 hzec
1104 4448 1378 4518 patimini.
1435 4449 1614 4520 Atque
1643 4450 1717 4504 ita
1765 4458 1989 4505 eventu-

415 4550 529 4589 ram
576 4536 687 4590 illis
738 4536 1003 4591 ultionem
1050 4537 1313 4605 minatus,
1353 4539 1479 4593 exin
1527 4556 1679 4597 more
1709 4558 1810 4597 suo
1855 4543 1991 4598 dicit

416 4638 614 4680 causa:
665 4624 977 4681 futurorum
1022 4636 1342 4692 eventuum,
1385 4630 1490 4684 sub
1533 4630 1757 4685 lamenti
1813 4632 1989 4703 ﬁgura

415 4717 786 4772 narrationem
843 4717 1143 4774 instituens
1195 4736 1210 4773 :
1255 4719 1485 4773 decebat
1532 4720 1677 4774 cnim
1743 4724 1991 4792 apprime

416 4808 731 4878 prophetam
771 4810 875 4864 sub
907 4809 1071 4881 205.
1099 4811 1397 4880 gemitnum
1443 4808 1642 4880 forma,
1696 4814 1994 4869 condolen-

418 4905 522 4951 tem
579 4899 841 4953 nimirum
897 4900 1255 4969 patientibus,
1309 4910 1362 4956 et
1389 4917 1578 4958 eorum
1617 4906 1721 4961 sibi
1767 4918 1994 4979 peccata

419 4999 743 5046 sumentem.
772 4989 914 5058 Quid
955 5007 1086 5064 ergo
1117 4992 1228 5047 ait?

2096 4358 2377 4431 βασιλέων,
2411 4359 2869 4431 ἐπεισυναχθέντα
2915 4362 3044 4432 ὑμῖν
3089 4363 3517 4434 ἀφανισθήσεται
3564 4365 3665 4417 σὺν

2093 4452 2223 4522 ὑμῖν
2241 4468 2257 4483 ⁸
2295 4450 2433 4504 ὥστε
2459 4451 2704 4514 ἅπαντας
2731 4452 2856 4514 τοὺς
2888 4450 3087 4518 ἔξωθεν
3119 4452 3360 4523 ὁρῶντας
3386 4453 3539 4523 ὑμῶν
3567 4452 3666 4525 τὴν

2095 4542 2371 4596 ἀπώλειαν
2396 4540 2651 4613 συριγμῷ
2680 4541 2979 4613 κεχρῆσθαι
3018 4541 3396 4612 θαυμάζοντας
3424 4544 3523 4615 τὴν
3541 4561 3668 4598 τοσ-

2095 4633 2266 4702 αύτην
2299 4632 2453 4702 ὑμῶν
2496 4633 2589 4686 ἐπὶ
2636 4632 2698 4685 τὸ
2737 4635 2914 4704 χεῖρον
2945 4633 3268 4704 μεταϐολὴν,
3308 4635 3583 4699 ὀνειδίζειν
3609 4649 3668 4688 τε

2097 4723 2330 4794 ομῖνιφ’
2357 4718 2436 4786 οἷς
2479 4723 2620 4793 ὑπὲρ
2678 4723 2779 4793 τῆς
2831 4725 3173 4794 παρανομίας
3219 4727 3525 4781 πεπόνθατε
3571 4728 3670 4797 τῆς

2095 4817 2299 4879 οἰκείας
2336 4833 2348 4846 ·
2379 4818 2436 4869 ὲν
2472 4816 2536 4887 δὴ
2590 4815 2795 4879 τούτοις
2848 4817 2946 4887 τῆς
2988 4818 3440 4891 ἐπαχθησομένης
3490 4822 3669 4884 αὐτοῖς

2095 4908 2366 4979 τιμωρίας
2395 4906 2491 4977 τὴν
2528 4905 2756 4977 ἀπειλὴν
2787 4907 3044 4978 εἰρηκὼς,
3073 4909 3200 4979 ἑξῆς
3223 4911 3407 4974 πάλιν,
3444 4911 3584 4966 κατά
3610 4911 3674 4964 τὸ

2098 5001 2309 5064 εἰωθὸς,
2332 4998 2479 5067 λέγει
2527 4998 2625 5061 τὰς
2676 4998 2850 5063 αίτίας
2877 4999 2985 5052 τῶν
3014 4999 3315 5069 ἐπάγεσθαι
3372 5003 3672 5074 μελλόντων

421 5080 619 5147 Αὐτοῖς,
637 5083 697 5170 εν
721 5086 958 5156 σχήματι
980 5084 1178 5158 θρήνου
1198 5086 1297 5158 τὴν
1322 5088 1596 5161 ἀφήγησιν
1625 5092 1804 5149 αὐτῶν
1828 5096 2146 5170 ποιούμενος
2170 5114 2183 5128 ·
2214 5096 2336 5151 ἐπεὶ
2368 5093 2461 5148 καὶ
2498 5093 2702 5166 σφόδρα
2738 5095 3008 5167 ἥρμοττεν
3035 5097 3111 5168 τῷ
3143 5100 3390 5170 προφήτῃ
3422 5080 3675 5168 ἀλγοῦντι

431 5187 479 5224 ιε
504 5174 589 5241 ἐφ’
614 5169 694 5237 οἷς
722 5176 1006 5248 πάσχουσι,
1033 5178 1130 5233 καὶ
1158 5179 1227 5233 τά
1256 5179 1702 5254 πλημμελήματα
1731 5187 1913 5241 αὐτῶν
1935 5169 2286 5260 οίκειουμένιρ
2316 5186 2423 5240 τῶν
2465 5186 2710 5258 ὀδυρμῶν
2740 5191 2803 5240 τὸ
2840 5189 3043 5259 σχῆμα.
3080 5190 3145 5242 Τί
3181 5187 3275 5245 οὖν
3312 5169 3504 5261 φησιν;

1049 5267 1202 5324 CAP.
1244 5269 1358 5328 VII.

495 5350 658 5407 Vens.
708 5354 758 5408 1.
796 5386 860 5396 -
903 5356 1039 5414 εγω
1078 5361 1245 5415 mihi!
1290 5364 1385 5449 qui
1423 5364 1601 5423 factus
1622 5383 1744 5424 sunt
1788 5376 1849 5425 ut
1893 5371 1986 5442 qui

502 5646 615 5720 (ﬂ)
655 5647 789 5707 Cod.
826 5650 1026 5719 φάγεσε
1053 5658 1120 5724 χ

2756 5278 2913 5331 ΚΕΦ.
2954 5281 3028 5333 Z'.

2168 5370 2316 5441 Στίχ.
2353 5377 2545 5427 α’.-ι
2581 5369 2774 5441 Οἵμοιί
2807 5372 2888 5425 ὅτι
2913 5370 3176 5444 ἐγενήθην
3194 5372 3271 5437 ὡς
3305 5372 3548 5442 συνάγων
3581 5391 3675 5428 κειὁ
