4022 6138
285 311 392 381 889

1246 270 1790 376 COMMENTARIUS
1827 316 1898 377 IN
1934 318 2245 377 utr.th
2278 319 2434 377 CAP.
2479 319 2588 376 vn.

3432 322 3534 377 390

294 435 467 505 λάμην
493 433 553 487 ἐν
581 431 801 505 ἀμήτῳ,
824 431 924 487 καὶ
948 430 1023 495 ὡς
1052 430 1376 502 ἐπιφυλλίδα
1404 433 1462 486 ἐν
1488 435 1743 506 τρυγήτῳ
1769 433 1866 505 οὑχ

1982 433 2226 506 stipulam
2257 433 2312 488 in
2343 449 2521 490 messe
2552 432 2781 505 colligit,
2829 442 2882 489 et
2916 432 3221 487 racemulos
3256 431 3309 485 iu
3346 433 3535 491 vinde-

294 522 627 593 ὑπάρχοντος
668 521 900 593 βότρυος
918 539 931 554 ο
973 520 1066 575 τοῦ
1097 524 1289 592 φαγεῖν
1327 524 1646 595 πρωτόγονα
1671 524 1865 579 ἐπεθὺ-

301 630 464 685 μησεν
487 616 524 686 ἡ
554 615 702 687 ψυχή
733 632 859 685 μου.
903 633 922 667 ι
968 613 1128 669 Ἀλλά
1154 614 1264 687 γὰρ
1286 615 1504 687 θρηνεῖν
1548 616 1725 672 ἔπεισί
1776 635 1864 689 μοι

296 708 555 777 τοσαύτην
578 706 680 777 τὴν
708 707 803 759 ἐπὶ
827 706 890 760 τὸ
917 708 1096 777 χεῖρον
1120 705 1289 778 ῥοπὴν
1317 696 1564 777 βλέποντι
1598 707 1691 762 τοῦ
1714 707 1865 773 λαοῦ,

300 800 371 866 (p.
399 796 524 865 512)
566 795 644 859 ὡς
679 795 887 866 μηδένα
912 795 1258 867 δικαιοσύνης
1282 798 1341 851 ἐν
1368 800 1549 863 αὐτοῖς
1576 800 1865 869 ἀναφαίνε-

220 922 229 931 τ
301 886 416 939 σθαι
466 885 682 956 καρπόν
722 903 740 918 ο
779 885 990 940 τοιοῦτο
1034 887 1163 956 γοῦν
1202 906 1257 941 τι
1300 889 1530 958 πάσχειν
1569 891 1655 941 ἐπ’
1687 890 1869 952 αὐτοῖς

300 977 629 1047 προάγομαι,
658 970 769 1032 οἷον
794 977 859 1031 ἂν
888 978 943 1030 εί
959 997 1042 1043 τις
1066 980 1227 1035 πάθοι
1255 980 1518 1050 γεωργὸς,
1542 980 1574 1050 ἢ
1605 982 1664 1034 ἐν
1692 980 1870 1053 καιρῷ

300 1064 554 1138 θερισμοῦ
607 1068 887 1133 παντελῶς
930 1070 1038 1123 τῶν
1082 1072 1308 1143 καρπῶν
1347 1071 1704 1126 ἀπολωλότων
1724 1112 1738 1136 ,
1771 1089 1870 1126 κα-

298 1157 470 1229 λάμην
498 1158 624 1211 τινὰ
665 1159 786 1212 ἀντὶ
812 1159 1139 1232 δραγμάτων
1172 1161 1362 1231 εὑτελῆ
1402 1160 1679 1229 συλλέγειν
1704 1162 1871 1229 ἀναγ-

302 1250 616 1319 καζόμενος,
633 1250 667 1320 ἢ
685 1252 743 1302 ἐν
766 1252 883 1313 ταῖς
908 1251 1015 1303 τῶν
1038 1251 1263 1322 καρπῶν
1284 1252 1562 1323 εὑφορίαις
1585 1253 1872 1305 ἐκπίπτειν

302 1338 582 1395 εἴωθερτῶν
604 1338 936 1408 δραγμάτων
958 1356 974 1370 ⁸
995 1339 1029 1409 ἢ
1051 1340 1322 1411 τρυγητοῦ
1351 1341 1615 1411 παρόντος
1638 1341 1872 1412 βότρυας

304 1430 396 1499 μὲν
426 1430 529 1509 οὑχ
578 1429 872 1500 εὑρίσκων,
902 1430 1249 1498 ἐπιφυλλίδας
1300 1431 1356 1485 δέ
1416 1449 1564 1495 τινας
1616 1431 1873 1503 βραχείας

305 1518 572 1585 συλλέγων
591 1537 607 1551 σ
634 1520 759 1572 ἐπεὶ
787 1520 881 1573 καὶ
906 1518 1001 1574 νῦν
1048 1520 1141 1573 τοῦ
1175 1521 1389 1593 καιροῦ,
1423 1523 1559 1593 μετά
1602 1525 1872 1596 τοσαύτην

301 1608 626 1677 κηδεμονίαν
661 1625 722 1661 τε
775 1610 869 1662 καὶ
894 1611 1208 1681 ἐπιμέλειαν
1253 1610 1348 1683 τὴν
1399 1613 1548 1685 παρά
1599 1616 1693 1667 τοῦ
1738 1614 1871 1668 Θεοῦ

300 1696 676 1766 γεγενημένην
710 1697 790 1760 είς
844 1698 1060 1763 αὑτοὺς,
1115 1700 1426 1769 ἀναγκαίως
1466 1703 1565 1772 τῆς
1608 1720 1667 1755 τε
1701 1702 1873 1756 θεοσε-

1966 525 2097 590 mia,
2133 540 2258 580 cum
2292 540 2403 579 non
2441 525 2511 580 sit
2547 524 2759 579 botrus.
2816 522 3093 578 Primitiva
3129 523 3416 580 comedere
3441 525 3540 580 de-

1968 616 2230 671 sideravit
2247 617 2429 669 anima
2459 629 2599 670 mea.
2626 632 2645 666 ι
2679 614 2756 668 En
2785 614 2916 668 mihi
2949 615 3132 685 lugere
3179 614 3354 679 subit,
3415 623 3537 670 tan-

1969 715 2078 761 tam
2117 707 2304 777 populi
2353 706 2419 760 ad
2475 706 2677 760 malum
2733 704 3145 759 inclinationem
3191 704 3422 768 videnti,
3474 714 3537 759 ut

1969 796 2152 852 nullus
2185 796 2329 867 apud
2360 812 2453 851 eos
2478 795 2707 866 iustitiae
2742 794 2953 850 fructus
2985 805 3264 864 appareat.
3302 795 3537 851 Perinde

1972 886 2136 956 igitur
2159 901 2261 956 ego
2294 886 2473 950 patior
2503 893 2667 955 atque
2694 885 2956 955 agricola,
2993 885 3038 940 si
3064 886 3265 942 messis
3294 893 3539 956 tempore

1969 988 2182 1033 cunctae
2233 978 2309 1032 illi
2366 976 2553 1048 fruges
2608 977 2923 1049 depereant,
2955 977 3229 1047 vilemque
3276 979 3535 1048 stipulam

1971 1069 2091 1123 loco
2135 1067 2536 1138 manipulorum
2575 1076 2803 1138 cogatur
2834 1068 3094 1138 colligere
3126 1086 3138 1122 :
3178 1068 3261 1122 vel
3299 1076 3447 1123 certe
3482 1067 3538 1122 in

1972 1158 2247 1212 fructuum
2278 1144 2632 1221 abundantia,
2674 1157 3079 1227 manipulorum
3118 1157 3347 1227 penuria
3383 1156 3538 1212 labo-

1972 1257 2051 1303 ret
2088 1267 2104 1316 ;
2136 1249 2219 1303 vel
2264 1249 2535 1303 vindemia
2574 1248 2836 1314 instante,
2879 1249 3068 1303 botros
3093 1248 3272 1303 nullos
3316 1264 3539 1319 compe-

1974 1341 2098 1405 riat,
2132 1341 2226 1396 scd
2266 1341 2353 1394 vix
2401 1342 2591 1396 breves
2621 1342 2927 1396 racemulos
2968 1342 3209 1411 colligat.
3246 1340 3388 1396 Sane
3434 1341 3541 1403 hoc

1974 1444 2235 1501 tempore,
2269 1441 2390 1502 post
2441 1438 2650 1485 tantam
2685 1446 2715 1485 a
2755 1430 2864 1486 Deo
2893 1431 3194 1502 impensam
3240 1446 3430 1487 curam
3475 1445 3541 1486 ac

1975 1523 2343 1587 sedulitatem,
2372 1522 2688 1577 necessario
2722 1520 2940 1576 demum
2974 1522 3193 1591 pietatis
3238 1530 3402 1591 atque
3428 1523 3540 1576 vir-

1975 1615 2108 1670 tutis
2139 1612 2350 1669 fructus
2380 1622 2728 1684 exspectans,
2778 1627 2900 1667 rara
2934 1614 3078 1682 apud
3117 1614 3269 1683 ipsos
3314 1614 3542 1669 omnino

1976 1705 2249 1777 comperio
2276 1705 2418 1760 bona
2467 1720 2674 1775 opera;
2729 1718 2855 1759 nam
2886 1719 2985 1760 nec
3014 1705 3283 1774 primitias
3324 1706 3539 1776 aliquas

297 1786 448 1849 ϐείας
484 1787 583 1839 καὶ
632 1788 733 1858 τῆς
763 1789 963 1860 ἀρετῆς
995 1791 1119 1853 τοὺς
1173 1794 1416 1863 καρποὺς
1466 1792 1869 1863 ἐπιζητοῦντος,

1982 1798 2116 1867 apud
2143 1812 2236 1852 eos
2275 1794 2458 1850 videre
2501 1802 2607 1856 est,
2650 1810 2963 1865 quanquam
3003 1795 3057 1850 id
3112 1796 3345 1850 maxime
3388 1806 3543 1866 opta-
3630 1846 3633 1851 .

304 1878 560 1941 σπανίζον
612 1879 672 1930 ἐν
711 1879 913 1932 ἅπασιν
960 1881 1142 1945 αὑτοῖς
1196 1883 1475 1946 παντελῶς
1536 1884 1775 1955 εὑρίσκω
1810 1885 1874 1938 τὸ

305 1969 491 2021 καλόν·
526 1968 649 2022 οὐδὲ
678 1970 810 2038 γοῦν
834 1970 1086 2044 ἀπαρχήν
1117 1991 1237 2028 τινα
1266 1975 1324 2027 ἐν
1368 1976 1551 2039 αὑτοῖς
1585 1978 1875 2047 ἀναφαινο-

308 2060 469 2129 μένην
507 2060 657 2113 ἔστιν
707 2061 874 2114 ἰδεῖνο
913 2063 1175 2134 ἐπιθυμία
1217 2066 1274 2119 δέ
1329 2085 1417 2137 μοι
1465 2068 1685 2140 πλείστη
1745 2071 1876 2125 καθ-

309 2149 500 2219 έστηκε
533 2152 687 2203 τουτὶ
712 2151 953 2207 τοιοῦτον
991 2154 1116 2207 ἰδεῖν
1141 2170 1155 2183 '
1185 2155 1371 2225 ἐπειδὴ
1398 2155 1504 2227 γὰρ
1537 2160 1599 2210 ἐκ
1636 2159 1733 2229 τῆς
1765 2160 1876 2214 τῶν

306 2240 531 2310 καρπῶν
570 2242 908 2315 τελειότητος
953 2244 1222 2317 εἰώθαμεν
1266 2248 1518 2318 ἀπαρχάς
1558 2248 1874 2319 λαμϐάνειν,

309 2330 458 2384 τοῦτο
488 2332 547 2386 δέ
594 2335 714 2387 ἐστι
747 2336 841 2389 καὶ
871 2335 942 2389 τά
987 2337 1336 2408 πρωτότοκα·
1390 2338 1510 2393 ὅθεν
1549 2342 1578 2393 ό
1613 2344 1878 2414 μακάριος

313 2420 487 2476 Δαυ⁴ἰδ⁸
518 2441 537 2474 ι
579 2426 693 2478 Καὶ
739 2426 977 2493 ἐπάταξε
1028 2429 1137 2481 πᾶν
1188 2430 1532 2500 πρωτότοκον
1565 2434 1623 2487 ἐν
1666 2437 1735 2505 γῇ
1783 2435 1880 2487 Αί-

1973 1889 2123 1943 bam.
2150 1889 2361 1942 Etenim
2397 1888 2539 1942 sicut
2567 1902 2632 1942 ex
2673 1890 2900 1942 maturis
2955 1886 3222 1942 fructibus
3272 1888 3545 1957 primitias

1974 1980 2215 2036 solemus
2245 1993 2483 2044 sumere,
2512 1977 2566 2032 id
2598 1985 2681 2032 est
2716 1978 3055 2047 primitivos;
3088 1977 3230 2032 unde
3257 1985 3311 2030 et
3352 1978 3544 2034 beatus

1977 2071 2145 2126 David
2188 2090 2203 2126 :
2239 2089 2257 2122 ι
2287 2068 2353 2123 Et
2386 2070 2659 2140 percussit
2678 2085 2839 2124 omne
2860 2068 3281 2139 primogenitum
3306 2069 3362 2123 in
3395 2077 3542 2123 terra

1977 2158 2220 2230 Egypti,
2266 2158 2539 2228 primitias
2568 2157 2748 2211 omnis
2779 2158 2980 2213 laboris
3030 2172 3219 2211 eorum
3261 2158 3316 2211 in
3359 2158 3545 2214 taber-

1983 2250 2195 2305 naculis
2249 2247 2696 2313 Chami";lhoe
2739 2249 2923 2303 dicere
2982 2250 3244 2319 propheta
3287 2250 3445 2304 vult:
3479 2247 3543 2304 In

1986 2357 2180 2412 magna
2212 2341 2519 2405 sterilitate,
2556 2339 2827 2410 cupiditas
2849 2356 2936 2395 me
2964 2342 3189 2396 incessit
3229 2341 3539 2397 inveniendi

1985 2432 2190 2503 aliquid
2219 2432 2361 2502 apud
2410 2433 2558 2501 ipsos
2608 2430 2754 2500 quod
2791 2431 3158 2500 primitiarum
3185 2433 3307 2487 loco
3336 2440 3504 2489 esset.

315 2511 532 2579 τύπτου,
601 2516 857 2588 ἀπαρχὴν
896 2518 1095 2583 παντὸς
1117 2520 1280 2573 πόνου
1328 2521 1507 2575 αὑτῶν
1568 2525 1627 2577 ἐν
1672 2527 1785 2587 τοῖς
1824 2523 2143 2595 σκηνώμασι
2192 2523 2323 2593 Χάμ
2356 2522 2576 2575 σιτοῦτο
2621 2521 2867 2591 βούλεται
2918 2524 3113 2593 εἰπεῖν,
3176 2524 3257 2576 δτι
3297 2521 3396 2576 Διά
3445 2522 3551 2594 τὴν

314 2603 610 2679 ὑπερϐολὴν
639 2608 741 2680 τῆς
776 2609 1056 2682 ἀκαρπίας
1085 2612 1347 2684 ἐπιθυμία
1390 2632 1457 2686 με
1504 2616 1766 2687 κατέσχεν
1809 2617 1988 2688 εὑρεῖν
2028 2633 2081 2670 τι
2137 2618 2194 2670 ἐν
2231 2617 2431 2680 αὑτοῖς,
2477 2613 2730 2685 ἀπαρχῆς
2778 2615 2931 2681 τάξιν
2972 2614 3188 2685 ἐπέχειν
3229 2615 3544 2686 δυνάμενον.

381 2805 524 2878 Στίχ.
560 2805 699 2878 β’·ϐ.
729 2840 800 2851 -
834 2810 908 2883 (ρ.
941 2812 1068 2884 515)
1111 2816 1221 2869 Καὶ
1259 2816 1531 2887 ἐπιμένων
1572 2820 1683 2881 τοῖς
1728 2819 1881 2886 ὀδυρ-

323 2902 459 2968 μοῖς.
498 2918 517 2951 ε
550 2899 715 2971 οτμοι
739 2902 752 2955 3
772 2901 940 2973 ψυχὴ,
962 2904 1044 2957 ὅτι
1075 2906 1351 2960 ἀπόλωλεν
1383 2907 1615 2979 εὐλαϐὴς
1644 2909 1750 2962 ἀπὸ
1780 2908 1877 2977 τῆς

317 2989 430 3057 γῆς,
460 2993 555 3046 καὶ
591 2993 875 3065 κατορθῶν
896 2996 954 3047 ἐν
982 2996 1287 3067 ἀνθρώποις
1319 3000 1416 3068 οὐχ
1450 3000 1680 3071 ὑπάρχει
1704 3016 1718 3030 ’
1752 3002 1881 3054 πάν-

317 3096 400 3174 τεξ
426 3083 513 3174 εἰς,
542 3084 755 3174 αἵματα
787 3085 1118 3153 δικάζονται,
1150 3088 1375 3152 ἕκαστος
1402 3090 1493 3143 τὸν
1528 3090 1752 3160 πλησίον
1784 3092 1880 3144 αὑ·-
1906 3118 1948 3174 c

317 3170 403 3225 τοῦ
429 3172 772 3227 ἐκθλίϐουσιν
814 3175 1035 3248 ἐκθλιϐῇ
1074 3195 1088 3209 ο
1120 3179 1213 3231 ἐπὶ
1263 3180 1324 3232 τὸ
1358 3181 1526 3233 κακὸν
1560 3181 1657 3245 τάς
1690 3185 1874 3253 χεῖρας

318 3263 487 3317 αὐτῶν
528 3265 912 3335 ἑτοιμάζουσιν
946 3286 959 3298 ⁸
985 3270 1015 3323 ό
1050 3268 1233 3341 ἄρχων
1283 3272 1425 3323 αίτεῖ
1446 3313 1460 3336 ,
1492 3274 1586 3324 καὶ
1628 3276 1655 3325 ὁ
1687 3272 1877 3341 κριτὴς

318 3352 616 3421 εἰρηνικοὺς
644 3352 836 3420 λόγους
869 3355 1117 3427 ἐλάληοε,
1143 3357 1478 3429 καταθύμιόν
1509 3360 1686 3429 ψυχῆς
1714 3359 1877 3412 αὑτοῦ

310 3444 449 3496 ἐστι.
492 3461 512 3495 ι
553 3439 683 3504 Πῶς
726 3445 833 3517 γὰρ
872 3446 934 3500 οὐ
962 3434 1200 3517 ’θρηνεῖν
1245 3447 1431 3514 ἀξιον,
1464 3451 1544 3503 ὅτι
1588 3450 1749 3517 φόϐος
1781 3451 1879 3519 μὲν

319 3534 446 3587 θεοῦ
494 3539 623 3609 παρ’
652 3538 836 3601 αὑτοῖς
886 3538 1161 3609 ούδαμοῦ;
1192 3538 1317 3593 ὅθεν
1346 3540 1465 3593 οὑδὲ
1516 3540 1661 3593 ἔστιν
1703 3542 1881 3611 εὑρεῖν

315 3624 401 3679 τὸν
431 3629 814 3698 ἐπιμελεῖσθαι
847 3628 941 3681 τοῦ
983 3631 1351 3701 προσήκοντος
1379 3631 1629 3685 ἐθέλοντα
1651 3649 1663 3662 ·
1706 3633 1883 3687 πάντα

317 3716 371 3770 δέ
406 3719 589 3784 αὐτοῖς
620 3722 749 3792 περὶ
775 3721 951 3790 φόνων
978 3722 1309 3791 γυμνάζεται
1335 3723 1402 3776 τά
1426 3723 1765 3794 ἐγκλήματα,
1784 3726 1883 3778 οὑκ

317 3808 660 3879 ἀνεχομένοις
701 3810 872 3881 μικρά
895 3811 1124 3878 πταίειν,
1157 3812 1270 3866 ἀλλ’
1293 3814 1419 3883 ἀχρι
1464 3813 1637 3881 φόνων
1660 3813 1757 3876 τάς
1778 3816 1883 3883 χεῖ·

321 3914 413 3968 ρας
437 3880 917 3969 ἐκτεινόντωντάς
958 3899 1091 3963 ίδίας
1115 3919 1128 3932 ·
1156 3880 1383 3965 ἕκαστός
1416 3918 1471 3954 τε
1503 3901 1679 3954 αὑτῶν
1708 3880 1883 3964 ὼς-’ἂν

318 3985 411 4061 ειη
434 3989 721 4061 δυνάμεως
750 3991 962 4055 ὀδύναις
995 3994 1088 4046 καὶ
1115 3992 1380 4060 ἀνάγκαις
1411 3992 1755 4063 περιϐάλλειν
1792 3991 1884 4045 τὸν

321 4078 480 4146 ἔγγὺς
526 4081 736 4150 πένητα
762 4076 1075 4153 πειρᾶται,
1102 4082 1602 4153 παρεσκευασμένοι
1645 4098 1707 4134 τε
1756 4080 1883 4151 περὶ

320 4166 415 4237 τὴν
440 4167 548 4222 τῶν
576 4171 766 4225 κακῶν
808 4175 948 4227 είσιν
978 4175 1238 4245 ἐργασίαν
1262 4192 1276 4205 ·
1313 4170 1431 4227 εἶτα
1466 4176 1558 4227 ἐπὶ
1605 4174 1817 4237 τούτοις
1855 4173 1884 4225 ὁ

326 4260 418 4329 μὲν
442 4262 500 4314 ἐν
536 4262 618 4333 τῷ
645 4264 835 4336 ἄρχειν
883 4265 1182 4331 καθεστὼς,
1218 4266 1434 4337 ἀμελῶν
1455 4266 1549 4319 τοῦ
1585 4268 1886 4338 προσήκον-

323 4366 410 4415 ¹θος
454 4354 712 4425 χρήματα
751 4353 936 4425 ζητεῖ,
987 4357 1084 4409 καὶ
1120 4357 1343 4419 ’τούτοις
1383 4356 1725 4426 διακρούεται
1780 4356 1885 4409 τῶν

2056 2814 2223 2871 Vens.
2248 2815 2319 2868 2-
2336 2816 2386 2869 4.
2409 2844 2479 2855 -
2496 2813 2559 2868 Ει
2587 2814 2890 2884 ploratibus
2929 2814 3188 2869 insistens
3209 2828 3221 2862 :
3242 2813 3359 2869 ινιτ
3391 2815 3545 2882 mihi,

1984 2908 2185 2971 anima,
2202 2907 2326 2977 quia
2343 2907 2502 2976 periit
2520 2906 2642 2975 pius
2657 2906 2723 2962 de
2742 2915 2906 2968 terra,
2926 2915 2982 2961 et
3000 2906 3090 2974 qui
3112 2905 3398 2960 emendate
3424 2916 3551 2979 agat

1984 2996 2037 3050 in
2062 2996 2371 3051 hominibus
2393 3010 2500 3049 non
2518 3003 2637 3049 est:
2661 3010 2853 3050 omnes
2875 2995 2941 3049 de
2962 2996 3319 3065 sanguinilius
3340 2997 3553 3067 judicio

1983 3083 2351 3147 contendunt,
2395 3083 2555 3153 205
2603 3084 2981 3153 unusquisque
3025 3085 3332 3153 proximum
3387 3101 3548 3140 suum

1985 3189 2241 3245 pressura
2260 3179 2473 3243 premlt,
2498 3175 2561 3229 ad
2596 3176 2793 3229 malum
2818 3192 3011 3233 manus
3042 3192 3171 3231 suas
3188 3185 3375 3251 parat.
3393 3176 3548 3232 Prin-

1982 3281 2109 3336 ceps
2137 3266 2332 3335 poscit,
2362 3264 2526 3334 judex
2555 3268 2781 3335 paciiica
2827 3269 2988 3322 verba
3033 3269 3295 3337 loquitur,
3334 3269 3547 3325 deside-

1982 3356 2122 3409 rium
2149 3354 2345 3408 animae
2372 3354 2490 3424 ejus
2509 3364 2610 3409 est.
2637 3374 2656 3406 ι
2677 3353 2874 3421 Quidni
2929 3358 3090 3428 digne
3107 3359 3428 3427 plorandum
3452 3360 3546 3420 sit,

1983 3444 2251 3515 siquidem
2292 3447 2474 3502 nullus
2508 3445 2603 3500 Dei
2648 3447 2810 3499 timor
2847 3448 2989 3517 apud
3024 3465 3118 3503 eos
3157 3463 3385 3517 usquam
3435 3450 3556 3503 est?

1982 3554 2091 3609 quo
2116 3537 2195 3602 iit,
2227 3546 2285 3592 ut
2308 3553 2468 3593 nemo
2499 3540 2592 3609 qui
2625 3538 2856 3594 oﬂicium
2881 3540 3033 3608 sequi
3053 3541 3180 3594 velit
3207 3540 3543 3596 inveniatur.

1982 3629 2189 3683 Cuncta
2219 3629 2412 3682 liorum
2454 3628 2683 3683 crimina
2721 3630 2775 3683 in
2812 3630 3049 3684 aedibus
3084 3643 3391 3697 versantur,
3416 3635 3546 3702 quia

1984 3736 2090 3774 non
2118 3721 2392 3775 sustinent
2418 3720 2555 3773 levia
2597 3735 2844 3788 peccare,
2890 3721 2984 3779 sed
3012 3721 3076 3775 ad
3105 3721 3395 3777 homicidia
3438 3739 3551 3777 ma-

1984 3827 2089 3867 nus
2113 3811 2401 3865 intendunt
2434 3830 2446 3864 :
2478 3812 2856 3880 unusquisque
2879 3827 2977 3882 pro
2998 3812 3232 3876 viribus,
3264 3816 3551 3871 doloribus

1984 3900 2360 3969 angustiisque
2393 3900 2671 3969 proximos
2698 3901 2797 3955 sibi
2829 3917 3094 3971 pauperes
3152 3905 3365 3958 irretire
3384 3920 3551 3959 cona-

1984 3997 2095 4053 tur,
2131 3998 2186 4044 et
2219 3989 2284 4042 ad
2315 3991 2581 4059 patranda
2606 3991 2813 4045 scelera
2839 3993 3045 4045 alacres
3090 4000 3238 4047 sunt.
3279 3992 3548 4049 Praeterea

1986 4081 2239 4151 princeps
2304 4080 2580 4149 aequitatis
2627 4080 2934 4143 immemor,
3004 4082 3289 4151 pecuniam
3351 4085 3550 4153 poscit,

1985 4181 2148 4239 atque
2192 4170 2262 4224 ob
2297 4170 2437 4223 hanc
2462 4170 2772 4225 dissimulat
2813 4173 3155 4239 peccantium
3193 4173 3555 4243 iniquitates:

1981 4261 2149 4331 judex
2178 4270 2382 4323 autem,
2417 4260 2619 4313 omissa
2646 4261 2788 4328 juris
2823 4262 3084 4326 dictione,
3120 4264 3337 4318 blandis
3382 4265 3556 4318 utitur

1989 4338 2356 4416 sermonibus,
2391 4359 2446 4404 ut
2473 4350 2559 4405 his
2589 4350 2792 4419 injusta
2825 4353 2927 4407 sibi
2974 4354 3129 4408 lucra
3169 4357 3445 4426 cpnciliet,
3486 4357 3557 4409 ad

325 4442 740 4513 ἁμαρτανόντων
790 4445 887 4509 τάς
917 4447 1127 4510 ἀδικίας
1159 4464 1173 4478 ·
1207 4450 1236 4501 ό
1262 4448 1319 4501 δέ
1367 4447 1462 4501 τοῦ
1495 4448 1700 4519 κρίνειν
1741 4450 1880 4519 είλη-

1988 4458 2109 4514 ιιυίε
2140 4443 2306 4496 animi
2353 4441 2735 4511 cogitationem
2784 4444 3048 4497 intentam
3096 4446 3278 4500 habet.
3313 4466 3331 4497 ι
3359 4446 3421 4499 Ει
3458 4460 3557 4499 au-

328 4531 434 4601 φὼς
461 4535 560 4606 τὴν
596 4535 865 4602 ἐξουσίαν,
912 4537 1070 4606 ἀφεὶς
1115 4537 1176 4589 τὸ
1207 4536 1411 4590 δίκαιον
1445 4538 1668 4609 ὁρίζειν,
1719 4537 1880 4609 θερα-

329 4629 593 4690 πευτικοῖς
609 4626 874 4698 κέχρηται
901 4628 1138 4698 ῥήμασιν
1160 4645 1173 4659 ο
1189 4628 1264 4693 ὠς
1289 4628 1354 4682 ἂν
1376 4628 1464 4681 διὰ
1486 4628 1688 4681 τούτων
1712 4629 1887 4700 ἐαυτῷ

330 4718 728 4786 περιποιήσειεν
751 4716 910 4771 ἄδικα
936 4719 1123 4792 κέρδη,
1144 4720 1278 4791 πρὸς
1306 4720 1342 4774 ἃ.
1367 4719 1430 4790 δὴ
1456 4719 1751 4790 τεταμένον
1775 4720 1888 4790 ἔχει

331 4804 694 4876 τὸνλογισμὸν
721 4808 819 4877 τῆς
854 4807 1053 4878 ψυχῆς.
1102 4828 1120 4860 ι
1154 4809 1265 4863 Καὶ
1303 4809 1590 4879 ἐξελοῦμαι
1619 4809 1688 4861 τὰ
1708 4810 1889 4877 ἀγαθὰ

335 4895 524 4961 αὐτῶν,
556 4897 632 4961 ὡς
666 4898 764 4969 σὴς
786 4900 1075 4968 ἐκτρὼγων
1096 4900 1189 4954 καὶ
1216 4901 1443 4971 βαδίζων
1470 4902 1562 4953 ἐπὶ
1587 4902 1806 4963 κανόνος
1836 4903 1892 4953 ἐν

335 4988 559 5058 ἡμέραις
603 4991 835 5053 σκοπιᾶς
871 5008 985 5044 σου.
1040 5010 1058 5044 ι
1091 4991 1166 5063 (p.
1200 4994 1325 5062 3M)
1374 4993 1545 5063 ’Υπὲρ
1584 4994 1648 5064 δὴ
1688 4992 1896 5047 τούτων

1993 4533 2163 4587 feram
2202 4533 2343 4588 bona
2377 4547 2586 4597 eorum,
2640 4534 2794 4602 quasi
2836 4534 2981 4587 tinea
3008 4536 3318 4599 comedens,
3360 4543 3414 4589 et
3448 4551 3560 4589 ams

1995 4626 2188 4681 bulans
2218 4639 2381 4694 super
2412 4624 2655 4694 regulam
2704 4626 2760 4679 in
2790 4625 2879 4681 die
2928 4626 3317 4693 speculationis
3361 4642 3491 4681 sum.
3536 4646 3558 4679 ι

1995 4716 2076 4773 0b
2094 4716 2209 4770 haec
2231 4717 2285 4770 in
2315 4716 2565 4771 absoluta
2596 4724 2647 4769 te
2663 4716 2991 4770 constituam
3017 4717 3281 4770 bonorum
3299 4726 3559 4788 egestate,

1998 4824 2149 4864 more
2182 4809 2356 4875 tinea,
2401 4807 2640 4862 hostium
2693 4822 2857 4862 manu
2888 4808 3153 4878 quidquid
3191 4818 3277 4863 est
3318 4809 3457 4877 apud
3508 4817 3566 4864 te

1991 4902 2311 4971 priet-larum
2344 4900 2652 4954 destruens.
2677 4898 2811 4953 Nam
2843 4901 2985 4955 sicut
3029 4901 3173 4953 tinea
3207 4900 3260 4952 in
3292 4900 3423 4969 ligni
3450 4908 3564 4952 tran

1993 4995 2188 5048 becula
2236 4993 2536 5059 exsistens,
2583 4993 2670 5047 via
2700 4992 2956 5063 gradiens
2991 5002 3156 5048 totam
3218 4993 3365 5045 illam
3407 5000 3565 5045 vorat

336 5075 390 5127 ἐν
414 5077 664 5131 παντελεῖ
688 5095 748 5132 σε
791 5080 1114 5151 καταστήσω
1134 5081 1242 5134 τῶν
1274 5083 1491 5150 ἀγαθῶν
1523 5084 1719 5154 ἐνδείᾳ,
1744 5084 1880 5152 δίκηπ

1997 5091 2160 5151 atque
2240 5082 2539 5145 consumit,
2606 5084 2974 5152 particulatim
3034 5098 3415 5152 corrumpens,
3484 5087 3569 5141 sic

338 5169 516 5237 σητὺς,
548 5169 634 5224 διά
682 5174 792 5224 τῶν
825 5172 1100 5241 πολεμίων
1128 5173 1233 5225 πᾶν
1281 5172 1555 5241 ἀφανίζων
1595 5174 1622 5225 ὅ
1650 5191 1702 5225 τι
1737 5173 1899 5227 καλὸν

335 5259 472 5314 ἐστιν
509 5264 566 5315 ὲν
598 5261 712 5314 σοί·
742 5262 816 5325 ὡς
842 5262 951 5333 γάρ
977 5266 1006 5316 ό
1030 5261 1126 5333 σὴς
1154 5263 1211 5315 ἐν
1240 5264 1422 5316 κανόνι
1457 5263 1611 5328 ξύλου
1636 5263 1892 5332 γεγονὼς,

335 5347 431 5419 ὀδῷ
458 5350 868 5421 βαδίζων,ἀπαν
892 5352 1024 5405 αὑτὸ
1048 5352 1320 5406 κατεσθίει
1355 5356 1447 5407 καὶ
1474 5356 1750 5407 ἀναλίσκει
1779 5357 1895 5418 ταῖς

337 5440 469 5493 κατὰ
501 5441 666 5513 μέρος
711 5441 1065 5513 διαφθοραῖς,
1095 5442 1237 5497 οὑτω
1268 5444 1408 5497 κατὰ
1453 5446 1644 5514 μικρὸν
1684 5445 1895 5497 ἅπαντα

340 5530 482 5600 ὑμῶν
508 5533 691 5603 ἀφελῶ
709 5533 779 5587 τὰ
818 5533 1002 5603 ἀγαθά
1024 5551 1038 5564 ·
1070 5536 1210 5589 κατά
1239 5536 1327 5590 τὸν
1366 5537 1551 5597 καιρὸν
1589 5538 1645 5590 ἐν
1674 5529 1717 5604 ᾧ
1754 5536 1817 5607 δὴ
1837 5536 1895 5591 τὸ

393 5704 444 5739 ⁹⁴
464 5704 603 5765 Psal.
633 5723 746 5776 uv,
766 5708 858 5764 56.

1998 5188 2099 5242 ego
2152 5174 2412 5243 paulatim
2472 5173 2617 5227 bona
2679 5183 2853 5228 vestra
2907 5174 3185 5238 auferam;
3242 5181 3297 5228 et
3352 5183 3568 5244 postea,

2002 5265 2300 5321 secundum
2337 5272 2552 5334 tempus
2585 5280 2696 5335 quo
2748 5265 3175 5334 magnitudinem
3219 5278 3571 5336 peccatorum

2003 5363 2306 5409 vestrorum
2348 5355 2661 5422 speculatus
2695 5352 2871 5419 fuero,
2909 5370 3208 5424 congruum
3246 5355 3406 5413 factis
3439 5373 3569 5427 sup-

2002 5445 2224 5514 plicium
2259 5442 2510 5499 inferam.
2553 5463 2571 5496 ι
2596 5442 2722 5498 νει
2756 5460 2835 5499 va:
2860 5446 2871 5499 !
2895 5444 3132 5507 ultiones
3146 5454 3252 5502 tua:
3281 5456 3572 5513 venerunt;

2001 5551 2149 5592 nunc
2183 5542 2343 5590 erunt
2376 5533 2530 5591 ﬂetus
2575 5550 2787 5592 eorum.
2812 5555 2831 5589 ι
2869 5536 3029 5593 Venit
3060 5537 3199 5609 dies,
3228 5554 3338 5612 quo
3356 5549 3412 5595 tu
3444 5554 3571 5610 peo~
