4022 6138
382 224 481 279 δοὶ
1551 200 1908 259 THEODORI
1959 195 2444 256 MOPSUESTENI
3536 185 3650 242 592

390 354 639 401 calorum
671 351 862 409 pinnas
897 333 1025 400 des;
1080 340 1316 401 quorum
1356 336 1524 379 causa
1562 336 1712 376 nunc
1755 327 1808 372 te
1842 317 1971 374 (lere

2085 312 2301 382 μέγεθος
2338 309 2746 381 περισκοπήσας
2766 306 2871 359 τῶν
2899 302 3307 376 ἁμαρτημάτων
3340 301 3650 373 ὑμετέρων,

395 391 860 497 ἷιὲᾎᾶῖῇἧὴᾴ
893 391 1289 477 inlatis-malis
1348 413 1519 467 sentis
1558 414 1823 479 quantum
1870 404 1967 458 tibi

2085 405 2333 472 ὶνάλογον
2391 401 2574 466 ἐπάξω
2619 403 2731 463 τοῖς
2775 398 3166 470 πραττομένοις
3202 394 3300 465 τὴν
3349 391 3645 463 τιμωρίαν.

396 521 645 578 nocueris
676 527 771 571 tuo
800 516 855 568 in
897 512 1087 568 vitium
1121 509 1299 576 lapsu.
1595 502 1603 517 '

2085 514 2096 546 I
2124 496 2282 558 υύαὶ,
2304 492 2446 555 οὐαί,
2471 493 2775 563 ὲκδικήσεις
2792 506 2884 543 σου
2907 490 3071 560 ἦκασι
3090 505 3103 518 ⁸
3119 487 3212 540 νῦν
3245 486 3457 567 ἔσονται
3484 484 3651 538 κλαυ-

390 573 754 684 -αύτῶψ
792 625 810 656 ι
856 573 1233 673 Παραγέγονεν
1279 598 1311 668 ἡ
1361 589 1543 664 ἡμέρα
1580 589 1673 641 τοῦ
1721 586 1903 639 δοῦναί
1940 603 1997 638 σε
2020 585 2175 658 δίκην
2214 584 2322 639 τῶν
2353 582 2856 657 πλημμελημάτων,
2911 580 3049 650 ὑπὲρ
3087 573 3163 631 ὧν
3189 578 3255 647 δὴ
3275 576 3368 629 νῦν
3396 593 3453 628 σε
3488 591 3651 648 προσ-

394 668 497 775 ἧξιε
551 698 817 769 δακρῦσαι
872 668 959 747 διά
991 668 1100 744 τῶν
1130 684 1510 758 Ἕπαγομένων
1573 680 1758 735 κακῶν
1814 677 2221 749 αἰσθανόμενον,
2274 677 2469 731 ὁπόσον
2507 674 2793 746 ὲλυμαίνου
2843 671 3024 742 σαυτῷ
3069 674 3134 741 τῇ
3188 669 3314 739 περὶ
3352 668 3412 721 τὸ
3467 669 3650 737 χεῖρον

396 794 554 865 ῥοπῇ.

467 971 634 1025 Vens.
674 966 794 1022 ἒί-Ἵ.
838 998 898 1007 -
939 965 1007 1019 Ει
1038 966 1347 1019 futurorum
1387 957 1652 1015 malorum
1702 956 1967 1027 magnitu-

398 1063 579 1117 dinem
602 1065 1041 1118 demonstransu
1064 1054 1242 1109 Nolite
1261 1052 1504 1115 credere,
1525 1049 1722 1119 inquit,
1743 1048 1967 1112 amicis;

402 1166 579 1220 neque
617 1149 848 1217 speretis
897 1161 928 1199 a
964 1145 1195 1200 ducibus
1227 1161 1239 1196 :
1275 1143 1346 1206 ei,
1402 1156 1523 1211 qure
1563 1150 1740 1194 tecum
1785 1138 1970 1199 cubat,

401 1258 534 1297 cave
576 1241 872 1310 quidquam
907 1237 1235 1291 concredere
1267 1252 1280 1286 :
1317 1232 1446 1303 quia
1493 1232 1637 1285 ﬁlius
1691 1238 1976 1301 contume-

401 1333 528 1386 liam
561 1332 692 1386 l'acit
724 1330 887 1400 patri,
933 1336 986 1382 et
1014 1328 1123 1382 ﬁlia
1154 1325 1436 1394 consurgit
1457 1323 1720 1377 adversus
1754 1328 1982 1374 matrem

403 1436 580 1483 suam,
607 1436 779 1474 nurus
798 1419 960 1488 206
982 1418 1246 1471 adversus
1272 1429 1487 1470 socrum
1514 1428 1693 1470 suam;
1710 1408 1982 1465 etinimici

403 1511 664 1571 hominis,
694 1512 879 1565 cuncti
906 1508 1194 1562 domestici
1228 1500 1373 1575 ejus.
1401 1523 1419 1555 ι
1458 1503 1627 1556 Nemo
1653 1509 1786 1555 tunc
1824 1499 1981 1553 alteri

402 1598 775 1661 anxiliabitur,
842 1613 949 1651 non
1013 1597 1222 1652 amicus
1275 1596 1476 1660 amico,
1558 1606 1665 1647 non
1725 1591 1982 1661 princeps

401 1690 643 1754 subdito,
673 1705 781 1744 non
817 1690 901 1742 vir
930 1689 1110 1752 uxori,
1158 1704 1267 1742 non
1308 1685 1420 1739 ﬁlio
1459 1692 1636 1754 pater,
1670 1699 1776 1737 non
1819 1683 1977 1735 matri
2010 1693 2052 1748 Β

401 1780 658 1844 ﬁlia,non
684 1778 845 1833 nurui
880 1792 1074 1832 socrus
1105 1792 1118 1830 :
1146 1791 1270 1829 nam
1298 1775 1628 1849 calamitatis
1655 1772 1974 1843 magnitudo

401 1873 468 1928 de
501 1888 600 1927 sua
647 1885 919 1941 quemque
972 1869 1147 1923 salute
1205 1866 1425 1919 anxium
1472 1880 1595 1919 esse
1633 1878 1854 1933 cogens,
1880 1876 1977 1917 ne-

401 1962 646 2018 cessario
678 1967 911 2015 cunctos
932 1957 1224 2012 inimicitia
1264 1955 1405 2009 inter
1434 1970 1493 2009 se
1526 1955 1843 2018 committit,
1881 1967 1979 2006 ne-

401 2056 550 2109 mine
596 2053 662 2107 de
716 2052 943 2106 alterius
991 2050 1224 2104 utilitate
1277 2047 1570 2119 cogitante,
1622 2047 1754 2101 dum
1806 2061 1980 2100 unus-

401 2145 634 2216 quisque
665 2142 885 2212 plurimi
918 2140 1048 2195 facit
1084 2141 1313 2195 salutem
1343 2154 1518 2193 suam.
1548 2138 1751 2192 Deinde
1782 2152 1979 2191 rursus

402 2243 525 2305 post
543 2247 906 2289 aerumnarum
953 2230 1383 2302 praedictionem,
1446 2244 1599 2283 more
1648 2229 1811 2283 solito
1846 2242 1978 2280 con-

404 2326 706 2382 versionem
735 2325 789 2378 in
815 2320 1008 2377 melius
1029 2321 1308 2385 nuntians,
1341 2338 1359 2370 ι
1398 2320 1507 2389 Ego
1543 2327 1745 2383 autem,
1776 2316 1976 2385 inquit,

403 2417 473 2473 ad
504 2416 792 2470 Dominum
826 2414 1110 2484 aspiciam,
1166 2411 1496 2481 exspectabo
1542 2408 1709 2463 Deum
1743 2407 1981 2462 salvato-

404 2521 517 2561 rem
549 2519 725 2558 meum
758 2521 772 2557 :
806 2503 989 2557 audiet
1024 2517 1111 2557 me
1150 2501 1292 2556 Deus
1325 2515 1496 2554 meus.
1528 2517 1547 2550 ι
1586 2496 1692 2551 Sed
1731 2496 1982 2567 quamvis

405 2598 545 2652 tales
568 2605 843 2665 tantaeque
876 2595 985 2649 sint
1024 2594 1387 2657 calamitates,
1431 2592 1496 2645 de
1535 2589 1627 2644 Dei
1675 2588 1982 2658 patrocinio

403 2704 515 2743 non
556 2686 897 2756 desperabo:
931 2695 1248 2741 constanter
1300 2683 1366 2737 ad
1422 2682 1602 2749 ipsum
1666 2680 1979 2748 respiciam,

404 2778 635 2834 salutem
682 2777 811 2831 inde
857 2760 1208 2845 (Suspectans,
1262 2786 1425 2843 quam
1458 2772 1622 2826 etiam
1669 2768 1802 2823 milii
1862 2768 1983 2822 sine

404 2869 574 2925 dubio
608 2868 900 2937 praebebit;
925 2882 1071 2929 eum,
1113 2866 1206 2935 qui
1247 2865 1301 2918 in
1339 2860 1652 2933 hujusmodi
1703 2859 1984 2913 calamita-

405 2960 554 3014 tibus
582 2960 715 3028 petit
749 2959 1037 3022 auxilium,
1062 2956 1385 3011 exaudiens.

406 3052 568 3107 αὑτοῦ
601 3054 698 3123 τὴν
747 3053 1015 3122 σωτηρίαν
1057 3051 1370 3121 ἀναμένων·
1402 3050 1467 3121 ἢν
1500 3050 1593 3102 καὶ
1615 3046 1840 3119 παρέξει
1894 3060 1982 3115 μοι

405 3145 505 3217 τὴν
532 3143 779 3216 βοήθειαν
805 3141 1065 3204 ἀκούσας.

478 3295 646 3353 Vsus.
689 3297 846 3352 8-H.
887 3326 958 3338 —
1002 3294 1121 3350 «Ne
1160 3295 1384 3360 laeteris,
1416 3295 1640 3350 inimica
1658 3310 1796 3354 mea.
1820 3311 1986 3366 super

408 3406 513 3455 me,
545 3390 670 3459 quia
701 3405 745 3443 ει
778 3391 972 3456 cecidi,
1036 3404 1369 3459 consurgant
1410 3408 1423 3444 :
1456 3391 1502 3443 si
1534 3391 1890 3444 ambulaVero
1932 3406 1987 3444 in

409 3484 670 3543 tenebris,
730 3481 991 3538 Dominus
1038 3483 1371 3538 illuminabit
1417 3498 1521 3537 me.
1557 3501 1576 3534 ι
1614 3482 1821 3536 Licebit
1855 3481 1987 3535 milii

409 3572 703 3643 aliquando
730 3573 797 3627 ad
832 3574 1085 3627 inimicos
1104 3588 1276 3640 meos,
1327 3560 1710 3644 praecipueque
1735 3576 1801 3628 ad
1842 3574 1988 3628 ’Μυ-

410 3680 576 3719 manus
613 3665 838 3721 dicere:
872 3663 1082 3718 Vanum
1119 3673 1204 3719 est
1247 3666 1312 3720 de
1359 3667 1513 3735 lapsu
1558 3681 1681 3720 meo
1731 3681 1830 3720 vos
1890 3665 1989 3719 lae-

415 3755 519 3808 tari
554 3776 564 3811 :
599 3771 818 3825 surgam
849 3757 916 3811 de
944 3773 1099 3822 casn,
1137 3755 1246 3813 Deo
1281 3758 1575 3826 adjuvante
1613 3777 1627 3812 :
1674 3758 1779 3813 etsi
1826 3758 1989 3828 quasi

414 3861 510 3917 per
542 3846 751 3902 medias
802 3848 1061 3902 tenebras
1108 3848 1163 3902 in
1199 3849 1359 3903 malis
1407 3850 1645 3919 gradiar,
1696 3850 1816 3903 luce
1853 3851 1986 3903 mihi

413 3938 752 4007 splendidius
783 3939 1063 4010 all'ulgebit
1093 3940 1186 3995 Dei
1210 3941 1496 3995 auxilium.
1535 3960 1553 3991 ‹
1576 3942 1714 3994 Iram
1746 3941 1838 3995 Dei
1866 3955 1993 4010 por-

412 4030 559 4093 tabo,
599 4032 862 4100 quoniam
910 4033 1135 4104 peccavi
1171 4033 1245 4096 ei,
1317 4034 1491 4087 donec
1533 4048 1760 4087 causam
1815 4048 1990 4087 meam

410 4122 719 4189 judicet,ct
745 4135 964 4193 peragat
999 4124 1268 4193 judicium
1323 4140 1526 4178 meum.
1566 4124 1771 4179 Educet
1806 4140 1892 4177 me
1936 4125 1991 4177 in

414 4211 615 4275 lucem,
660 4214 853 4267 videbo
898 4214 1167 4282 justitiam
1197 4215 1338 4284 ejus.
1372 4235 1390 4267 ι
1443 4215 1580 4268 Iram
1619 4216 1759 4285 ejus,
1796 4225 1850 4269 et
1876 4231 1993 4269 mo-

414 4303 607 4358 lestias
654 4304 780 4359 inde
824 4313 1114 4360 manantes
1171 4315 1394 4378 propter
1456 4316 1679 4377 peccata
1735 4317 1993 4376 expertus

418 4392 855 4450 sum.Concedct
889 4404 1070 4451 tamen
1106 4398 1236 4451 mihi
1257 4400 1675 4455 conversionem
1695 4390 1747 4453 in
1773 4400 1988 4463 melius,

417 4484 536 4554 ipse
562 4486 810 4556 miliijus
831 4488 1066 4543 reddens
1099 4489 1166 4545 de
1194 4491 1260 4544 iis
1293 4507 1413 4561 quae
1448 4508 1475 4545 a
1511 4494 1728 4547 cunctis
1754 4493 1993 4546 inimicis

417 4576 555 4630 meis
577 4578 773 4646 pertuli
815 4579 1022 4649 inique,
1054 4580 1297 4650 mihique
1344 4582 1487 4651 quod
1519 4597 1732 4649 aequum
1775 4590 1857 4635 est
1893 4579 1992 4633 ad-

410 4662 681 4732 judicabit
716 4685 730 4720 :
769 4682 964 4737 meque
1020 4669 1157 4724 adeo
1182 4671 1267 4723 ‘in
1324 4659 1666 4738 propriorum
1723 4670 1988 4723 bonorum

2952 790 2960 827 Ι

2141 951 2289 1023 Στίχ.
2317 947 2453 1014 ε’-ζῖ
2487 980 2554 991 —-
2582 946 2693 1001 Καὶ
2721 945 2932 1007 δεικνὺς
2961 943 3067 996 τῶν
3096 940 3535 1010 ὲπελευσομένων
3557 939 3653 992 αύ-

2074 1045 2187 1107 τοῖς
2213 1041 2397 1096 κακῶν
2431 1039 2491 1093 τὸ
2527 1038 2770 1109 μέγεθος,
2814 1055 2831 1086 ι
2870 1034 2959 1105 Μὴ
2994 1031 3419 1087 καταπιστεύετε
3462 1032 3518 1082 ὲν
3559 1031 3655 1098 φί-

2077 1135 2209 1197 λοις,
2250 1133 2323 1205 μὴ
2354 1131 2411 1185 δὲ
2441 1129 2686 1193 ἐλπίζετε
2726 1127 2816 1180 ἐπὶ
2870 1125 3192 1196 ἡγουμένοις
3214 1140 3227 1152 ο
3254 1125 3360 1176 ἀπὸ
3392 1123 3489 1191 τῆς
3520 1136 3655 1187 συγ-

2080 1226 2258 1280 κοίτου
2314 1240 2406 1275 σου
2460 1219 2690 1291 φύλαξαι
2733 1217 2826 1271 τοῦ
2877 1216 3168 1270 ἀναθέσθαι
3222 1233 3273 1267 τι
3324 1213 3655 1283 αύτῇοδιότι

2080 1316 2193 1378 υίὸς
2218 1313 2471 1383 ἀτιμάζει
2506 1309 2736 1379 πατέρα,
2751 1307 2994 1376 θυγάτηρ
3026 1303 3396 1373 ἐπανέστηκεν
3432 1301 3525 1353 ἐπὶ
3550 1300 3655 1371 τὴν

2082 1406 2292 1478 μητέρα
2343 1402 2552 1471 αὐτῆς,
2585 1401 2770 1470 νύμφη
2825 1398 2917 1449 ἐπὶ
2973 1396 3072 1465 τὴν
3127 1389 3653 1463 πενθερὰνάὐτῆςο

2079 1496 2265 1568 ἐχθροὶ
2290 1494 2481 1564 ἀνδρὸς
2510 1491 2709 1555 πάντες
2729 1493 2777 1544 οἱ
2805 1490 2993 1560 ἄνδρες
3018 1490 3066 1541 οἱ
3093 1489 3149 1541 ὲν
3178 1487 3254 1558 τῷ
3279 1487 3410 1556 οἴκῳ
3430 1482 3609 1539 αὑτοῦ.
3631 1500 3651 1533 ι

2080 1588 2212 1641 Οὐδὲ
2242 1586 2338 1657 μία
2360 1586 2446 1656 δὴ,
2481 1584 2668 1655 φησὶν,
2713 1581 2885 1636 οὐδενὶ
2923 1581 3052 1653 παρ’
3088 1579 3302 1643 οὐδενὸς
3338 1577 3488 1631 ἔσται
3531 1576 3657 1630 τότε

2078 1673 2112 1751 ἡ
2146 1678 2367 1766 βοήθεια
2392 1693 2403 1704 ·
2431 1676 2490 1729 οὐ
2517 1676 2654 1745 φίλῳ
2683 1673 2833 1768 «goat
2865 1673 3041 1743 φίλου,
3064 1674 3164 1728 ούκ
3187 1670 3471 1743 ἀρχομένῳ
3504 1667 3659 1739 παρὰ

2077 1755 2359 1840 ἄρχοντος,
2392 1765 2465 1834 (p.
2513 1765 2639 1836 515)
2680 1755 2780 1817 οὑῖι
2838 1763 2993 1833 ἀνδρὶ
3047 1760 3199 1833 παρὰ
3242 1760 3521 1828 γυναικὸς,
3555 1759 3659 1828 οὐχ

2079 1859 2180 1929 υἱῷ
2200 1858 2350 1930 παρὰ
2382 1856 2605 1927 πατρὸς,
2624 1858 2683 1908 οὐ
2712 1856 2878 1927 μητρὶ
2907 1854 3058 1927 παρὰ
3082 1852 3440 1924 θυγατρὸς,ού
3466 1850 3661 1922 νύμφῃ

2077 1950 2230 2022 παρὰ
2259 1949 2621 2019 πενθερᾶς-ἡ
2667 1946 2776 2018 γὰρ
2828 1945 3103 2016 ὑπερϐολὴ
3156 1944 3251 1998 τοῦ
3301 1942 3473 1997 κακοῦ
3527 1943 3662 2012 περὶ

2076 2042 2177 2113 τῆς
2219 2042 2353 2105 ἰδίας
2403 2040 2632 2094 ἕκαστον
2664 2037 3044 2108 ἀναγκάζουσα
3086 2038 3325 2107 ἀγωνιᾷν
3357 2035 3657 2106 σωτηρίας,

2078 2134 2390 2202 ἀναγκαίως
2425 2131 2632 2194 πάντας
2688 2130 2913 2201 ἐχθροὺς
2966 2128 3209 2200 ἀλλήλων
3257 2127 3657 2187 ἀποδείκνυσιν,

2079 2226 2292 2289 οὐδενὸς
2334 2225 2395 2278 τὸ
2442 2223 2519 2295 τῷ
2574 2223 2742 2285 πέλας
2771 2224 3038 2293 χρήσιμον
3074 2224 3295 2275 σκοπεῖν
3337 2219 3658 2289 δυναμένου,

2079 2316 2168 2370 διὰ
2202 2316 2262 2370 τὸ
2298 2315 2551 2387 μέγιστον
2583 2313 2862 2384 ἡγεῖσθαι,
2897 2314 2945 2365 εί
2991 2312 3168 2382 ἑαυτῷ
3202 2329 3323 2365 τινα
3373 2310 3662 2383 περιποιή-

2084 2420 2226 2460 σειεν
2269 2406 2563 2477 σωτηρίαν.
2588 2400 2725 2458 Εἶτα
2777 2404 2915 2477 μετὰ
2946 2404 3043 2475 τὴν
3070 2403 3179 2475 τιὶν
3208 2403 3396 2458 κακῶν
3428 2403 3662 2472 μήνυσιν

2081 2497 2569 2567 εὐαγγελιζόμενος
2602 2496 2763 2560 πάλιν
2805 2495 3049 2566 συνήθως
3075 2495 3175 2567 τὴν
3205 2494 3297 2547 ἐπὶ
3326 2495 3386 2547 τὸ
3413 2495 3662 2565 κρεῖττον

2084 2585 2383 2656 μεταϐολήν
2402 2602 2414 2614 ·
2440 2603 2459 2636 ι
2494 2583 2634 2651 Ἐγὼ
2666 2583 2723 2637 δὲ
2745 2584 2801 2635 ὲν
2830 2582 2906 2653 τῷ
2926 2582 3117 2653 Κυρίῳ
3141 2580 3518 2649 ἐπιϐλέψομαι,
3536 2581 3663 2633 ἐπι-

2085 2674 2230 2748 μενῶ
2256 2676 2348 2727 ἐπὶ
2377 2674 2455 2745 τῷ
2478 2673 2598 2744 Θεῷ
2624 2673 2702 2744 τῷ
2729 2672 2932 2743 σωτῆρί
2952 2690 3053 2743 μου
3072 2687 3087 2703 ·
3108 2669 3470 2748 ἐπακούσεται
3507 2686 3609 2739 μου
3632 2670 3664 2722 ὁ

2082 2735 2214 2825 δεός
2244 2779 2366 2832 μου.
2402 2735 2438 2814 ι’
2469 2735 2630 2815 Ἀλλὰ
2666 2735 2774 2833 γὰρ
2932 2735 3397 2812 τοσούτων’ὅντων
3435 2735 3527 2811 καί
3561 2773 3663 2826 τη-

2082 2852 2347 2907 λικούτων
2390 2853 2499 2905 τῶν
2548 2852 2756 2917 κακῶν,
2813 2854 2912 2905 οὐκ
2952 2848 3340 2920 ἀπογνώσομαι
3396 2849 3488 2902 τοῦ
3522 2843 3689 2901 Θεοῧ⁷

2083 2946 2182 3017 τὴν
2213 2943 2536 3014 κηδεμονίαν
2561 2961 2576 2976 ο
2600 2943 2744 3014 μενῶ
2768 2943 2824 2996 δὲ
2855 2944 2990 3013 πρὸς
3019 2936 3181 2995 αὑτὸν
3214 2941 3378 3013 ὁρῶν,
3405 2941 3499 2993 καὶ
3529 2950 3665 3010 παρ’

2038 3042 2252 3103 πάντως
2278 3040 2336 3092 ὲν
2367 3043 2486 3102 ταῖς
2531 3039 2795 3107 ἀνάγκαις
2842 3037 3098 3100 ἐκείναις,
3157 3034 3431 3096 αἰτοῦντος
3499 3029 3666 3086 αὑτοῦ

2161 3302 2305 3374 Στίχ.
2347 3303 2516 3373 ἠ’-ια’.
2540 3317 2646 3352 -ι
2674 3301 2766 3373 Μὴ
2799 3294 3052 3374 ὲπίχαιρέ
3105 3310 3216 3373 μοι’,
3325 3301 3495 3374 ἐχθρά
3537 3318 3663 3372 μου,

2089 3399 2168 3451 ὅτι
2201 3397 2465 3450 πέπτωκα
2486 3396 2579 3450 καὶ
2601 3396 2976 3465 ἀναστήσομαι
2998 3413 3010 3426 ·
3043 3395 3175 3448 διότι
3215 3396 3308 3449 ἐὰν
3335 3396 3425 3448 καὶ
3467 3411 3666 3464 πορευ·

2091 3489 2165 3542 θῶ
2192 3491 2250 3542 ἐν
2277 3489 2352 3558 τῷ
2386 3489 2587 3553 σκότει,
2612 3488 2814 3559 Κύριος
2847 3490 3037 3557 φωτιεῖ
3079 3506 3190 3557 μοι.
3232 3507 3250 3538 ι
3303 3487 3549 3552 Ἐξέσται
3598 3489 3665 3559 δή

2096 3596 2185 3649 μοι
2216 3580 2334 3632 τότε
2366 3580 2459 3632 καὶ
2491 3580 2627 3649 πρὸς
2659 3581 2784 3640 τοὺς
2819 3579 3007 3649 ἐμοὺς,
3042 3579 3137 3631 καὶ
3170 3578 3404 3648 μάλιστά
3434 3594 3495 3645 γε
3537 3578 3673 3630 πάν-

2089 3684 2195 3720 των
2217 3668 2347 3733 πρὸς
2372 3666 2499 3729 τοὺς
2540 3666 2872 3736 Ἰδουμαίους
2891 3666 3090 3735 λέγειν,
3128 3668 3204 3731 ὡς
3247 3667 3504 3739 Περιττὸν
3539 3668 3672 3737 ὑμῖν

2090 3762 2150 3813 τὸ
2179 3761 2472 3830 ὲφήδεσθαί
2519 3778 2609 3830 μοι
2671 3759 2909 3831 πεσούσῃ
2951 3777 2964 3790 ·
2994 3762 3370 3831 ἀναστήσομαι
3414 3761 3522 3831 γὰρ
3571 3760 3669 3814 τοῦ

2092 3854 2382 3921 πτώματος
2408 3855 2473 3922 τῇ
2505 3855 2643 3924 ῥοπῇ
2666 3838 2746 3922 τῇ
2782 3852 2900 3923 θείᾳ
2931 3870 2944 3883 ο
2969 3851 3108 3905 ὥστε
3148 3855 3195 3905 εί
3225 3855 3317 3907 καὶ
3358 3854 3514 3924 δίκην
3541 3854 3672 3906 σκό-

2090 3960 2214 4005 τους
2257 3945 2314 3994 ὲν
2351 3943 2500 4012 μέσῳ
2543 3943 2883 4013 πεπόρευμαι
2935 3943 3041 3997 τῶν
3076 3944 3283 4005 κακῶν,
3312 3944 3445 3997 ἀλλὰ
3490 3944 3672 4013 φωτός

2097 4052 2185 4104 μοι
2210 4034 2563 4104 λαμπροτέρα
2586 4038 2870 4103 γενήσεται
2902 4034 2992 4086 τοῦ
3016 4035 3147 4087 Θεοῦ
3170 4036 3201 4105 ή
3228 4034 3469 4104 βοήθεια.
3491 4054 3509 4085 ι
3546 4036 3667 4105 ὐρο

2094 4128 2196 4196 γὴν
2247 4116 2447 4194 Κυρίου
2497 4126 2726 4185 ὑποίσω,
2774 4125 2847 4194 (ιι.
2898 4124 3024 4191 516)
3069 4125 3149 4177 ὃτι
3200 4125 3443 4195 ἥμαρτον
3495 4124 3666 4193 αὐτῷ,

2093 4218 2196 4280 ἕως
2219 4214 2484 4289 δικαιώσῃ
2514 4216 2610 4288 τὴν
2637 4212 2792 4284 δίκην
2839 4234 2940 4287 μου
2961 4258 2975 4282 ,
3010 4217 3103 4269 καὶ
3141 4217 3344 4287 ποιήσῃ
3391 4216 3451 4269 τὸ
3483 4217 3672 4287 ,κρίμά

2098 4321 2232 4376 per
2268 4306 2360 4359 καὶ
2412 4305 2587 4372 ἐξάξει
2619 4322 2683 4376 με
2729 4308 2807 4368 είς
2833 4307 2892 4360 τὸ
2928 4305 3064 4376 φῶς,
3101 4309 3194 4360 καὶ
3241 4307 3439 4378 ὂψομαι
3472 4296 3569 4377 {tv
3590 4307 3672 4359 δι-

2096 4396 2386 4465 καιοσύνην
2439 4397 2623 4450 αὑτοῦ.
2673 4416 2691 4447 ι
2739 4399 2850 4467 Τῆς
2894 4398 2991 4467 μὲν
3022 4398 3129 4468 γὰρ
3156 4397 3328 4468 όργῆς
3376 4399 3540 4453 αὑτοῦ
3572 4401 3670 4452 καὶ

2095 4487 2204 4539 τῶν
2256 4487 2505 4539 ἐντεῦθεν
2546 4487 2806 4561 λυπηρῶν
2838 4487 2914 4551 ὡς
2963 4488 3299 4561 ἡμαρτηκὼς
3333 4488 3666 4559 ἐπειράθην·

2099 4577 2323 4648 παρέξει
2358 4577 2415 4630 δέ
2445 4595 2535 4647 μοι
2564 4579 2661 4649 τὴν
2689 4581 2781 4631 ἐπὶ
2823 4579 2884 4631 τὸ
2931 4583 3173 4649 κρεῖττον
3214 4579 3537 4650 μεταϐολὴν,
3569 4581 3670 4632 αὺ-
3696 4592 3721 4599 ”

2095 4667 2186 4727 τός
2225 4684 2313 4735 μοι
2337 4666 2561 4729 δικάσας
2589 4667 2726 4737 ὑπὲρ
2755 4660 2829 4719 ὧν
2868 4666 3109 4719 πέπονθα
3137 4668 3287 4738 παρά
3317 4669 3533 4721 πάντων
3557 4669 3670 4721 τῶν

418 4754 705 4822 splendore
730 4758 1041 4823 collocahit,
1091 4767 1148 4811 ut
1186 4758 1472 4813 manifesta
1512 4770 1674 4828 atque
1704 4760 1863 4828 207
1907 4760 1985 4812 in-

2097 4758 2487 4828 ἐχθραινόντων
2537 4758 2756 4820 ἀδίκως,
2787 4760 2881 4811 καὶ
2923 4759 2984 4829 δὴ
3023 4759 3118 4811 καὶ
3167 4760 3466 4829 ἀπονείμας
3498 4778 3587 4829 μοι
3609 4760 3672 4813 τὸ

418 4845 580 4900 dubia
613 4858 870 4916 appareat
887 4850 978 4903 Dei
1011 4850 1288 4912 voluntas,
1322 4865 1430 4918 qua
1466 4851 1532 4904 de
1557 4850 1701 4919 juris
1737 4852 1985 4920 aequitate

2094 4846 2298 4901 δίκαιον
2330 4849 2386 4899 ὲν
2414 4851 2477 4917 τῇ
2514 4847 2718 4916 κρίσει·
2757 4847 2897 4900 οὕτω
2919 4849 2975 4902 τέ
3009 4864 3077 4919 με
3114 4850 3172 4901 ἐν
3203 4853 3267 4920 τῇ
3322 4851 3679 4922 λαμπρότητι

420 4937 715 4999 sollicitus,
749 4938 816 4992 ab
855 4939 1300 4994 incumbentibus
1348 4942 1508 4995 malis
1552 4957 1637 4995 me
1670 4944 1985 5005 sublevavit,

2094 4938 2198 4989 τῶν
2230 4938 2444 4989 οἰκείων
2478 4937 2736 5000 καθιστὰς
2768 4939 3006 5006 ἀγαθῶν.
3025 4939 3163 4992 ὥστε
3196 4941 3455 5011 πρόδηλόν
3489 4958 3545 4992 τε
3573 4941 3670 4992 καὶ⁸

417 5035 472 5082 et
501 5030 592 5098 qui
622 5030 753 5083 mihi
794 5038 997 5085 temere
1042 5030 1302 5100 injuriain
1335 5032 1608 5086 faciebant
1645 5034 1794 5102 juste
1830 5034 1985 5104 puni-

2095 5027 2460 5095 ἀναμφίϐολόν
2512 5045 2600 5097 μοι
2645 5029 2900 5095 γενέσθαι
2942 5032 3038 5101 τὴν
3084 5030 3309 5102 γνώμην
3367 5032 3461 5084 τοῦ
3508 5030 3665 5094 Θεοῦ,

416 5120 525 5183 vit,
575 5121 629 5175 id
684 5122 829 5177 enim
884 5124 1149 5178 denotant
1199 5123 1394 5177 verba:
1433 5123 1682 5179 «Videbo
1726 5127 1985 5195 justitiam

2097 5120 2217 5174 καθ’
2255 5122 2322 5192 ἣν
2354 5120 2707 5174 τοῦέδικαίου
2760 5123 3069 5193 φροντίσας,
3117 5123 3217 5193 ὲμέ
3264 5140 3325 5176 τε
3371 5123 3473 5176 τῶν
3520 5138 3669 5192 περι·
3720 5182 3730 5191 _

388 5206 590 5281 'ejusa
612 5212 696 5281 Et,
729 5214 1001 5285 «Aspiciet
1028 5215 1249 5271 inimica
1281 5230 1420 5279 mea,
1443 5226 1495 5272 et
1517 5218 1795 5286 operietur
1814 5215 1985 5271 confui

2099 5215 2333 5284 εχόντων
2372 5214 2646 5286 ἀπήλλαξε
2693 5215 2898 5278 κακῶν,
2940 5216 3032 5267 καὶ
3067 5218 3191 5278 τοὺς
3237 5215 3563 5285 ἠδικηκότας
3596 5231 3667 5285 με

420 5303 599 5368 sione,
647 5319 770 5375 qua:
822 5308 956 5363 dicit
1006 5310 1185 5364 mihi:
1231 5308 1333 5365 Ubi
1398 5319 1483 5363 est
1538 5310 1802 5363 Dominus
1858 5310 1985 5364 Deut

2103 5307 2278 5377 μάτην
2323 5308 2701 5379 ἐτιμωρήσατο
2749 5305 2973 5371 δικαίως
3019 5325 3033 5338 ·
3074 5308 3233 5362 τοῦτο
3264 5307 3371 5377 γὰρ
3405 5308 3553 5375 λέγει
3584 5306 3666 5371 τὸ,

420 5395 630 5451 tuus?»
656 5397 813 5455 Tunc
834 5415 953 5455 eam
978 5402 1222 5471 pudebit,
1241 5403 1386 5474 quod
1411 5404 1542 5459 mibi
1564 5403 1985 5474 exprobraverit,

2105 5397 2384 5468 «Ὄψομαι
2417 5400 2515 5470 τὴν
2555 5396 2900 5469 δικαιοσύνην
2931 5400 3116 5454 αὐτοῦ.
3148 5420 3165 5452 ι
3214 5400 3343 5463 Καὶ,
3382 5417 3401 5449 ι
3442 5400 3668 5466 Ὄψεται

420 5486 633 5540 nullum
682 5501 771 5541 me
817 5486 1019 5544 habere
1064 5506 1096 5544 a
1130 5491 1242 5546 Deo
1291 5493 1579 5553 auxilium.
1623 5492 1752 5546 dum
1786 5491 1985 5546 videbit

2086 5494 2128 5561 ,ἡ
2151 5490 2322 5561 ὲχθρά
2349 5509 2472 5561 μου,
2509 5492 2603 5544 καὶ
2630 5491 2862 5560 καλύψει
2893 5493 3063 5561 αὐτὴν
3097 5493 3344 5563 αἰσχύνη,
3373 5493 3403 5562 ή
3435 5491 3668 5558 λέγουσα

421 5591 684 5633 arcanum
712 5576 833 5647 ejus
857 5593 983 5649 erga
997 5596 1083 5637 me
1112 5582 1497 5653 patrocinium.
1524 5602 1542 5634 ι
1566 5582 1719 5639 Oculi
1738 5583 1843 5637 mei
1864 5598 1985 5653 spe-

2092 5583 2228 5652 πρός
2247 5600 2311 5653 με
2329 5599 2343 5615 ⁸
2384 5582 2493 5635 Ποῦ
2541 5583 2755 5654 Κύριος
2778 5585 2805 5637 ό
2828 5584 2957 5646 Θεός
2985 5602 3075 5638 σου
3098 5604 3110 5642 ;
3147 5606 3164 5636 ι
3194 5587 3323 5638 Τότε.
3359 5583 3421 5653 δὴ
3447 5584 3668 5656 αἰσχυν-
