4022 6138
447 5738 455 5767 l

459 322 563 391 2.95

1666 328 2011 385 THEODORI
2046 325 2524 385 MOPSUESTENI

3598 330 3701 385 596

458 455 701 530 putentia
743 456 1109 512 obtinuerunt.
1151 452 1338 523 Neque
1380 455 1525 510 enim
1569 453 1766 523 priscis
1808 453 2021 507 minora

2146 467 2231 512 rat,
2270 449 2423 519 φησι,
2455 449 2579 511 τοὺς
2623 447 2817 511 τόπους
2846 448 2970 511 τοὺς
3011 448 3266 514 οἰκείους,
3316 450 3458 505 καθὰ
3505 453 3599 504 καὶ
3641 454 3703 505 τὸ

460 542 640 612 erunt,
676 559 795 616 quae
824 559 969 599 nunc
1008 540 1277 596 mirabilia
1332 540 1579 611 ipsorum
1625 557 1788 597 causa
1836 554 2028 611 Opera-

462 633 578 691 bor.
642 653 661 687 ι
722 633 992 689 Videbunt
1035 640 1259 703 gentes,
1314 640 1367 687 et
1413 632 1818 689 confundentur
1859 647 2027 701 super

462 726 611 782 omni
649 724 962 780 fortitudine
1015 740 1136 780 sua.
1175 725 1350 791 rQure
1410 724 1599 780 horum
1644 724 1818 796 gratia
1866 723 2025 791 ﬁent,

464 815 775 885 incutiendo
804 816 998 887 pudori
1033 817 1226 873 idonea
1260 825 1421 872 erunt
1454 817 1562 872 illis
1596 817 1689 888 qui
1727 825 1885 871 antea
1913 816 2029 871 bel-

464 906 573 961 lum
607 903 808 959 inferre
839 904 1148 967 voluerant,
1181 906 1307 974 quia
1333 905 1433 961 hos
1457 920 1487 958 a
1519 905 1704 961 divino
1728 903 2031 974 patrocinio

464 1004 616 1052 tanta
647 994 700 1051 vi
740 996 980 1050 munitos
1010 995 1293 1050 videbunt.
1336 1015 1353 1046 ι
1397 994 1678 1065 lmponent
1703 1009 1921 1049 manum
1950 994 2032 1050 ori

466 1104 585 1143 suo.
620 1107 638 1138 ι
680 1087 936 1144 Mirantes
982 1087 1192 1143 scilicet
1231 1094 1507 1158 gestarum
1538 1101 1721 1143 rerum
1755 1086 2031 1159 magnitu-

464 1179 668 1236 dinem.
701 1195 719 1228 ι
765 1178 937 1233 Aures
974 1193 1163 1232 eorum
1209 1177 1628 1234 obsurdescent.
1669 1196 1687 1229 ι
1720 1177 1798 1233 Ne
1838 1177 2029 1233 auditu

465 1266 683 1337 quidem
713 1267 945 1320 tolerare
972 1273 1224 1336 poterunt
1255 1281 1457 1330 rerum,
1492 1274 1551 1320 ut
1579 1268 1715 1335 dixi,
1753 1277 2029 1339 gestarum

466 1357 917 1428 magnitudinem.
957 1375 975 1408 ι
1011 1356 1241 1426 Lingent
1274 1357 1552 1427 pulverem
1574 1358 1719 1414 sicut
1750 1368 2031 1428 serpentes

466 1451 561 1519 qui
605 1458 804 1503 terram
856 1446 1020 1517 209
1067 1449 1367 1501 attrahunt.
1409 1466 1428 1499 ι
1469 1446 1613 1502 Nihil
1654 1459 1833 1503 autem
1872 1451 2032 1505 rebus

467 1538 664 1594 vestris
707 1537 816 1608 iam
844 1538 1123 1592 adversari
1152 1539 1426 1604 valentes,
1458 1539 1513 1593 in
1548 1547 1748 1594 terram
1779 1545 2034 1595 corruent

466 1618 631 1685 more
664 1628 993 1698 serpentium
1033 1629 1125 1699 qui
1159 1629 1307 1684 circa
1340 1631 1488 1684 illam
1518 1632 1829 1687 volvuntur.
1873 1652 1891 1683 ι
1929 1631 2033 1687 Te-

466 1717 742 1773 nebantur
783 1717 840 1772 in
881 1717 1235 1773 conclusione
1284 1733 1404 1773 sua.
1448 1737 1466 1770 ι
1501 1716 1619 1773 Non
1660 1720 1903 1775 modicas
1933 1734 2033 1773 an-

2132 544 2395 615 πρότερον
2432 542 2808 613 ἐξεληλυθότες
2851 544 2950 613 τῆς
2989 540 3263 612 Αἰγύπτου
3317 546 3455 614 μετὰ
3503 546 3702 614 πολλῆς

2132 634 2393 704 κατέσχον
2424 635 2617 697 αὐτοὺς
2644 635 2741 705 τῆς
2761 635 3097 697 δυναστείαςο
3126 636 3187 687 οὐ
3210 635 3318 706 γὰρ
3350 637 3569 691 ἔλαττον
3592 638 3704 690 τῶν

2131 725 2250 778 τότε
2283 726 2375 781 καὶ
2401 725 2491 779 νῦν
2508 725 2634 792 ἄξια
2663 725 2940 796 θαύματος
2966 726 3120 780 ἔσται
3149 726 3216 780 τὰ
3247 727 3375 798 περὶ
3394 729 3590 792 αὐτοὺς
3620 745 3708 797 γι·-

2132 816 2332 886 νόμενα
2358 815 2486 887 παρ’
2511 815 2666 886 ἐμοῦ.
2700 834 2719 866 ι
2762 816 2989 886 Ὄῴεται
3013 816 3138 888 ἔθνη
3165 819 3259 871 καὶ
3285 818 3701 890 αἰσχυνθήσεται

2132 909 2195 960 ἐκ
2224 908 2403 976 πάσης
2429 906 2529 977 τῆς
2561 905 2740 976 ἰσχύος
2787 905 2984 960 αὐτῶν.
3026 927 3043 959 ι
3083 906 3157 976 (p.
3192 908 3320 978 319)
3373 907 3553 963 Ἱκανὰ
3595 908 3704 979 γὰρ

2134 999 2284 1053 ἔσται
2326 1000 2393 1053 τὰ
2430 1000 2556 1072 περὶ
2603 1000 2800 1063 αὐτοὺς
2845 1000 3123 1071 γινόμενα,
3159 1002 3407 1065 καὶτοὺς
3447 1003 3708 1073 πολεμεῖν

2134 1090 2398 1162 πρότερον
2441 1091 2626 1153 αὐτοῖς
2671 1090 2979 1160 ἐγνωκότας
3031 1092 3109 1155 είς
3145 1091 3343 1162 πολλὴν
3393 1093 3708 1163 περιϐαλεῖν

2133 1180 2415 1252 αἰσχύνην,
2441 1180 2684 1253 ὁρῶντας
2702 1184 2768 1252 τῇ
2793 1180 2914 1251 θεία
2941 1180 3234 1252 κηδεμονίᾳ
3258 1182 3527 1252 τοσαύτης
3557 1186 3708 1238 ἐπει-

2132 1271 2444 1343 λημμένους
2475 1272 2775 1343 δυνάμεως.
2838 1294 2856 1325 ι
2903 1271 3249 1342 Ἐπιθήσουσι
3283 1275 3473 1344 χεῖρας
3514 1274 3608 1328 ἐπὶ
3646 1275 3709 1328 τὸ

2136 1365 2310 1435 στόμα
2341 1363 2540 1435 αὐτῶν.
2570 1383 2588 1418 ι
2623 1363 3002 1434 Θαυμάζοντες
3025 1364 3117 1418 ἐπὶ
3142 1363 3222 1434 τῷ
3250 1363 3468 1434 μεγέθει
3493 1366 3603 1419 τῶν
3629 1382 3708 1433 γι-

2135 1455 2396 1525 νομένων.
2433 1473 2451 1506 ι
2493 1454 2572 1507 Τὰ
2616 1447 2730 1508 ῶτα
2762 1453 2938 1507 αὐτῶν
2979 1453 3457 1526 ἀποκωφθήσεται.
3496 1475 3513 1507 ι
3547 1456 3621 1509 Οὐ
3649 1456 3707 1509 δέ

2135 1547 2270 1615 ἀκοῇ
2302 1545 2487 1616 φέρειν
2511 1545 2827 1615 δυνήσονται
2856 1544 2962 1598 τῶν
2992 1545 3331 1615 γιγνομὲνων
3367 1546 3427 1598 τὸ
3456 1545 3705 1614 μέγεθος.

2142 1654 2159 1687 ι
2197 1632 2444 1696 Λείξουσι
2471 1633 2598 1705 χοῦν
2641 1633 2715 1697 ὡς
2744 1634 2865 1702 ὄφις
2893 1634 3149 1705 σύροντες
3183 1637 3303 1705 γῆν.
3345 1654 3364 1686 ι
3415 1634 3623 1689 ’Λνύειν
3652 1638 3711 1688 δέ

2140 1727 2165 1778 ἐ
2180 1728 2236 1779 πὶ
2263 1728 2377 1788 τοῖς
2403 1725 2530 1795 περὶ
2554 1725 2697 1795 ὑμᾶς
2721 1725 3021 1795 γινομένοις
3043 1724 3326 1793 δυνάμενοι
3355 1724 3512 1778 σύ.έον
3533 1726 3707 1787 οὐδὲν,

467 1810 676 1880 gustias
705 1809 981 1880 patientur
1006 1847 1021 1873 ,
1063 1808 1312 1863 hostibus
1345 1823 1441 1863 eos
1474 1809 1530 1862 in
1573 1809 1773 1864 caedem
1808 1809 2034 1864 conclu-

2146 1818 2307 1883 5·;εων
2337 1815 2490 1887 δίκην
2521 1815 2599 1877 είς
2625 1815 2726 1884 γῆν
2755 1814 3042 1868 πεσοῦνται
3073 1815 3199 1886 περὶ
3230 1814 3431 1887 ταύτην
3458 1816 3711 1886 εἱλούμε-

466 1902 744 1957 dentibus.
788 1919 807 1952 ι
854 1898 915 1954 In
954 1898 1189 1953 Domino
1236 1897 1347 1951 Deo
1390 1904 1580 1952 nostro
1625 1899 2030 1969 obstupescent,

467 2004 520 2049 et
558 2009 587 2047 a
640 2001 693 2048 te
744 1989 1136 2046 formidabant.
1168 2008 1186 2040 ι
1230 1987 1603 2061 Magnitudine
1641 2006 1826 2045 rerum
1866 1992 2035 2046 vestri

470 2099 635 2141 causa
664 2099 695 2138 a
724 2083 840 2139 Deo
866 2090 1225 2152 patratarum,
1250 2080 1480 2135 extasim
1507 2081 1796 2151 quamdam
1827 2082 2036 2151 patien—

470 2183 595 2238 tur,
630 2187 834 2243 pavore
871 2172 1222 2228 concidentes
1246 2214 1261 2237 ,
1305 2178 1359 2226 et
1397 2186 1492 2226 vos
1519 2171 1572 2225 in
1613 2181 1894 2241 posterum
1929 2188 2035 2226 non

471 2264 803 2320 dubitabunt
829 2260 1051 2318 nonnisi
1085 2275 1116 2315 a
1161 2263 1268 2318 Deo
1302 2263 1463 2317 talem
1504 2261 1730 2333 adeptos
1761 2279 1884 2319 esse
1911 2279 2035 2332 pro-

471 2354 786 2411 videntiam.

542 2655 711 2713 Vens.
741 2655 826 2721 18,
858 2653 1019 2710 l9.—-—
1090 2652 1292 2710 Deinde
1311 2662 1432 2724 post
1456 2653 1859 2724 praedictionem
1878 2670 2040 2711 even-

474 2757 720 2804 turorum
792 2747 927 2818 ipsis
996 2746 1306 2810 bonorum,
1376 2746 1673 2815 gratiarum
1751 2748 2039 2815 quamdam

475 2838 743 2893 actionem
785 2837 855 2892 ad
892 2838 1005 2890 hzcc
1037 2834 1221 2889 omnia
1251 2835 1306 2888 in
1352 2835 1704 2904 sequentibus
1742 2834 1849 2890 Deo
1885 2852 2042 2892 exse-

477 2929 692 2999 quitur:
721 2946 740 2980 ι
768 2926 901 2993 Quis
928 2925 1072 2980 Deus
1108 2935 1167 2979 ut
1202 2933 1260 2979 tu
1285 2965 1299 2991 ,
1332 2927 1423 2994 qui
1462 2923 1644 2980 aufers
1676 2925 2039 2995 iniquitatem,

477 3026 529 3072 et
571 3018 773 3072 transis
809 3025 1029 3087 peccata
1066 3016 1419 3085 reliquiarum
1458 3017 1792 3073 haereditatis
1837 3020 1984 3073 tum?
2019 3038 2036 3071 ι

2137 1924 2233 1961 νοι.
2275 1925 2293 1956 ι
2326 1905 2752 1976 Συσχεθήσονται
2778 1907 2834 1958 ἐν
2861 1906 3207 1976 συγκλεισμῷ
3241 1905 3437 1958 αὐτῶν.
3476 1926 3494 1958 ι
3542 1908 3711 1960 Ὑπο-

2140 1995 2361 2067 μενοῦσι
2414 1995 2640 2066 συνοχὴν
2696 1997 2755 2049 οὐ
2807 1995 2904 2067 τὴν
2967 1997 3258 2068 τυχοῦσαν,
3319 1998 3712 2066 συγκλειόντων

2140 2086 2333 2151 αὐτοὺς
2362 2087 2441 2150 είς
2471 2085 2680 2158 σφαγὴν
2709 2086 3000 2157 πολεμίων.
3035 2105 3054 2139 ι
3107 2088 3229 2141 Ἐπί⁵
3276 2090 3462 2158 Κυρίῳ
3487 2087 3563 2158 τῷ
3592 2088 3714 2158 Θεῷ

2140 2178 2293 2249 ήμῶν
2350 2181 2732 2252 ἐκστήσονται,
2784 2182 2879 2234 καὶ
2932 2180 3328 2251 φοϐηθήσονται
3367 2181 3475 2234 ἀπὸ
3530 2180 3647 2237 σοῦ.
3689 2200 3708 2233 ι

2152 2271 2272 2323 Ἐπὶ
2299 2271 2406 2342 γάρ
2436 2289 2516 2324 τοι
2559 2271 2638 2341 τῷ
2678 2269 2896 2341 μεγέθει
2944 2270 3053 2324 τῶν
3083 2272 3234 2342 παρὰ
3264 2271 3357 2325 τοῦ
3389 2270 3522 2325 Θεοῦ
3561 2288 3714 2339 γινο-

2144 2360 2318 2430 μένων
2347 2363 2425 2423 είς
2467 2361 2722 2414 ἐκστασίν
2755 2379 2872 2414 τινα
2904 2362 3284 2427 πεπτωκότες,
3318 2360 3583 2432 φοϐεροὺς
3612 2363 3714 2415 καὶ

2143 2450 2281 2519 ὑμᾶς
2312 2451 2495 2504 λοιπὸν
2516 2449 2760 2521 νομιοῦσι
2794 2451 3060 2521 τοσαύτης
3082 2450 3416 2522 ἠξιωμένους
3438 2452 3538 2519 τῆς
3562 2469 3634 2504 πα
3646 2452 3718 2522 ρὰ

2141 2537 2232 2591 τοῦ
2267 2538 2402 2592 Θεοῦ
2433 2543 2704 2611 προνοίας.

2215 2651 2360 2722 Στίχ.
2397 2659 2485 2717 ιη’,
2520 2651 2603 2705 ιθν.
2625 2684 2691 2693 ——
2713 2648 2843 2706 Εἶτα
2869 2654 3004 2724 μετὰ
3029 2655 3126 2723 τὴν
3158 2655 3385 2726 μήνυσιν
3412 2654 3519 2708 τῶν
3547 2671 3719 2726 προσο

2141 2742 2411 2814 εσομένων
2454 2744 2637 2807 αὐτοῖς
2677 2743 2916 2810 ἀγαθῶν,
2958 2744 3033 2807 ὡς
3080 2746 3430 2815 εὐχαριστίαν
3479 2744 3601 2799 τινὰ
3656 2747 3718 2810 ἐξ

2143 2834 2393 2888 ἁπάντων
2453 2834 2719 2904 προσάγει
2777 2835 2846 2888 τὰ
2898 2836 3023 2905 ἑξῆς
3060 2834 3135 2906 τῷ
3187 2835 3340 2905 Θεῷ·
3376 2854 3395 2888 ι
3430 2837 3526 2901 Τίς
3581 2836 3716 2901 Θεὸς

2142 2922 2329 2993 ὥσπερ
2373 2925 2460 2986 σὺ,
2504 2923 2737 2995 ἐξαίρων
2780 2924 3028 2989 ἀδικίας,
3073 2927 3166 2980 καὶ
3212 2925 3555 2996 ὑπερϐαίνων
3596 2928 3721 2981 ἀσε-

2144 3014 2295 3077 ϐείας
2327 3017 2436 3078 τοῖς
2476 3014 2820 3078 καταλοίποις
2865 3017 2964 3085 τῆς
3023 3016 3387 3086 κληρονομίας
3437 3018 3634 3085 αὐτοῦς
3693 3037 3714 3070 ι

479 3108 635 3165 Nune
682 3124 805 3165 cum
858 3110 1091 3164 maxime
1141 3125 1170 3162 a
1223 3108 1385 3165 rebus
1430 3110 1564 3180 ipsis
1611 3110 2040 3167 demonstratum

2148 3104 2260 3157 Νῦν
2288 3104 2444 3176 εἴπερ
2476 3105 2603 3160 ποτέ
2652 3105 2835 3159 ἄλλοτε
2865 3104 2924 3168 ἐξ
2970 3105 3146 3159 αὐτῶν
3170 3106 3397 3170 δέδειξαι
3433 3107 3541 3161 τῶν
3571 3125 3720 3177 πρα-

479 3206 581 3264 est,
600 3205 654 3253 et
673 3211 927 3268 magnum
961 3203 1013 3251 te
1038 3194 1204 3251 Deum
1226 3212 1367 3263 esse,
1388 3205 1439 3251 et
1460 3205 1687 3253 cunctos
1712 3199 2044 3269 benignitate

482 3300 770 3359 s‘uperare,
802 3293 855 3342 et
879 3295 1103 3358 peccata
1135 3286 1410 3342 dimittere
1436 3326 1450 3351 ,
1482 3296 1533 3341 et
1566 3287 1911 3344 dissimulare
1944 3289 2045 3343 im-

480 3382 746 3451 pietates,
799 3387 851 3432 et
896 3392 1022 3448 erga
1083 3383 1299 3431 tuorum
1354 3379 1613 3448 reliquias
1668 3380 2044 3435 liberalitatem

480 3483 627 3526 tuam
666 3484 1004 3540 expromere.
1040 3488 1057 3520 ι
1097 3467 1160 3522 Et
1192 3484 1300 3522 non
1335 3470 1558 3524 retinuit
1587 3471 1642 3525 in
1674 3472 2044 3526 testimonium

478 3567 613 3619 iram
655 3577 831 3627 suam,
880 3561 1137 3631 quoniam
1184 3561 1370 3616 volens
1413 3551 1841 3618 misericordiam
1881 3572 1983 3620 est.
2024 3584 2041 3616 ι

480 3655 662 3724 Neque
706 3654 849 3709 enim
893 3653 1100 3723 justam
1153 3667 1316 3723 quam
1368 3652 1598 3708 habebat
1652 3655 1914 3712 adversus
1952 3672 2047 3712 vos

479 3748 615 3800 iram
665 3744 758 3799 diu
808 3743 1043 3798 retinere
1082 3758 1277 3814 passus
1323 3751 1427 3809 est,
1472 3760 1786 3815 quanquam
1826 3760 1890 3800 ea
1926 3746 2050 3815 jure

478 3836 686 3907 optimo
724 3834 802 3891 uti
848 3834 1062 3905 potuit:
1100 3834 1297 3889 etenim
1340 3850 1482 3907 saepe
1518 3836 1677 3892 nobis
1713 3845 2051 3892 contestatus

480 3929 658 3984 fuerat
702 3941 822 3998 quae
874 3925 1086 3996 passuri
1144 3927 1214 3980 ob
1269 3934 1487 3996 peccata
1536 3934 1726 3982 nostra
1768 3943 2047 3994 essemus;

481 4031 790 4089 quanquam
827 4030 927 4072 nos
967 4017 1235 4070 minarum
1289 4017 1712 4071 admonitionem
1755 4019 1904 4087 pensi
1942 4034 2050 4073 non

484 4109 793 4164 habuimus.
823 4104 1207 4162 Verumtamen
1250 4106 1340 4161 ille
1362 4113 1559 4161 cuncta
1586 4107 1718 4162 vicit
1748 4108 2053 4163 misericor-

483 4201 573 4253 dia
599 4213 697 4253 sua
720 4239 735 4264 ,
782 4211 944 4267 quam
978 4212 1142 4267 super
1185 4196 1366 4251 omnia
1414 4198 1654 4253 exaltare
1700 4200 1854 4253 solet.
1884 4217 1902 4249 ι
1936 4200 2053 4268 Ipse

486 4297 829 4345 convertetur
855 4298 907 4343 et
931 4288 1280 4343 miserebitur
1312 4290 1509 4351 nostri,
1532 4300 1583 4343 et
1612 4290 1967 4360 projicienlnr
1999 4294 2051 4346 in

484 4379 811 4451 profundum
837 4379 1005 4434 maris
1029 4382 1210 4433 omnia
1243 4389 1462 4448 peccata
1494 4390 1697 4435 nostra.
1740 4400 1758 4432 ι
1792 4380 1925 4437 Nam
1960 4383 2051 4453 qui

2148 3196 2391 3265 γμάτων,
2440 3196 2613 3265 μέγας
2646 3195 2778 3259 Θεὸς
2822 3194 3047 3265 δυνάμει
3091 3214 3149 3248 τε
3198 3197 3290 3249 καὶ
3338 3197 3724 3269 φιλανθρωπία

2148 3287 2354 3349 πάντας
2385 3286 2571 3349 νικῶν,
2608 3285 2683 3356 (p.
2716 3286 2842 3356 5'20)
2891 3288 2985 3338 καὶ
3016 3286 3156 3339 λύων
3190 3288 3288 3357 μὲν
3323 3290 3721 3359 ἁμαρτήματα,

2149 3373 2646 3445 παραπεμπόμενος
2675 3374 2731 3427 δὲ
2755 3375 3025 3439 ἀσεϐείας,
3057 3378 3135 3439 εἰς
3159 3376 3214 3429 δὲ
3244 3378 3368 3440 τοὺς
3398 3378 3724 3443 ὑπολοίπους

2148 3466 2256 3519 τῶν
2288 3464 2500 3518 οἰκείων
2544 3466 2643 3535 τὴν
2677 3466 2984 3537 φιλοτιμίαν
3027 3468 3468 3539 ἐπιδεικνύμενος
3503 3471 3601 3541 τὴν
3638 3473 3727 3523 oi-

2148 3556 2320 3612 κείαν.
2366 3576 2383 3608 ι
2417 3557 2492 3611 Οὐ
2525 3558 2781 3629 συνέσχεν
2808 3560 2887 3623 εἰς
2918 3560 3210 3632 μαρτύριον
3230 3562 3399 3633 ὀργὴν
3421 3564 3605 3630 αὑτοῦ,
3634 3565 3727 3618 ὅτι

2151 3644 2377 3718 θελητὴς
2398 3645 2579 3709 ἐλέους
2599 3647 2765 3701 ἐστίν.
2793 3667 2810 3698 ι
2840 3648 2973 3701 Οὑδέ
2997 3649 3105 3721 γὰρ
3122 3651 3219 3721 τὴν
3241 3652 3407 3723 ὀργὴν
3423 3654 3487 3723 ἣν
3504 3653 3728 3708 δικαίαν

2151 3735 2261 3808 εἶχε
2307 3739 2426 3792 καθ’
2469 3738 2645 3808 ήμῶν,
2689 3739 2936 3810 κατέχειν
2990 3742 3081 3794 ἐπὶ¹
3139 3741 3388 3797 πλεῖστον
3438 3746 3727 3816 ἠνέσχετο,

2152 3830 2326 3882 καίτοι
2355 3846 2415 3897 γε
2444 3830 2663 3894 δικαίως
2697 3830 2762 3885 ἂν
2803 3832 2940 3901 αὐτῇ
2972 3834 3342 3903 χρησάμενος·
3374 3836 3557 3907 ἐπειδὴ
3587 3837 3693 3891 πολ
3712 3870 3731 3880 -

2151 3916 2304 3980 λάκις
2333 3918 2429 3987 μὲν
2456 3919 2585 3988 ήμῖν
2624 3917 3043 3990 διεμαρτύρατο,
3078 3923 3203 3992 περὶ
3223 3916 3297 3976 ὧν
3326 3924 3390 3995 δὴ
3422 3927 3734 3995 πεισόμεθα

2152 4005 2450 4071 πταίοντες,
2480 4006 2727 4075 οὐδαμῶς
2755 4008 2810 4061 δὲ
2840 4007 2918 4077 τῷ
2946 4011 3307 4081 σωφρονισμῷ
3327 4013 3439 4065 τῶν
3474 4014 3725 4068 ἀπειλῶν

2152 4093 2619 4163 προσεσχήκαμεν·
2662 4093 2739 4163 τῷ
2762 4096 2895 4166 ἐλέῳ
2932 4097 2988 4150 δὲ
3013 4097 3225 4152 ἅπαντα
3253 4100 3499 4171 νενίκηκε
3530 4103 3606 4172 τῷ
3633 4107 3723 4157 οὶ-

2154 4185 2304 4254 κείῳ,
2336 4184 2393 4236 ὃν
2422 4184 2581 4255 ἔργον
2628 4185 2775 4257 αὐτῷ
2822 4189 3037 4241 πάντων
3081 4191 3425 4262 ὑπερτιθέναι
3466 4196 3731 4252 πάντοτε.

2158 4292 2176 4325 ι
2213 4274 2382 4337 Αὐτὸς
2411 4277 2728 4347 ἐπιστρέψει
2758 4274 3211 4352 καὶόίκτειρήσει
3235 4286 3396 4353 ἡμᾶς·
3432 4286 3733 4341 καταδύσει

2153 4365 2250 4427 τὰς
2272 4364 2540 4437 ἁμαρτίας
2574 4365 2747 4436 ήμῶν,
2781 4368 2873 4420 καὶ
2900 4368 3361 4441 ἀπορριφήσονται
3385 4376 3462 4435 είς
3483 4374 3551 4427 τὰ
3580 4375 3731 4450 βάθη

485 4487 587 4528 nos
612 4472 671 4526 in
704 4470 1070 4542 captivitatem
1108 4470 1306 4540 abegit.
1342 4485 1439 4527 sua
1469 4469 1647 4526 denuo
1681 4474 2042 4527 misericordia

2154 4454 2254 4523 τῆς
2287 4454 2561 4526 θαλάσσης
2582 4457 2753 4509 πᾶσαι
2782 4459 2836 4509 αἱ
2864 4459 3125 4529 ἁμαρτίαι
3155 4462 3362 4532 ήμῶν.»
3396 4464 3452 4519 Ὁ
3468 4465 3574 4537 γὰρ
3589 4468 3734 4521 ἀπο-

486 4573 645 4619 utens
664 4603 679 4628 ,
707 4577 809 4618 nos
842 4561 1072 4627 reduxit,
1096 4560 1283 4616 delens
1310 4562 1531 4615 omnino
1574 4573 1799 4631 peccata
1833 4572 2015 4619 nostra
2036 4606 2051 4630 ,

482 4663 537 4708 et
560 4652 727 4708 veluti
760 4652 814 4705 in
845 4652 1099 4719 abyssum
1129 4650 1418 4719 quamdam
1462 4664 1523 4703 ea
1556 4651 1879 4720 projiciens,
1912 4653 2056 4708 unde

485 4745 577 4799 illa
596 4757 889 4816 exsurgere
925 4749 979 4796 et
1021 4739 1284 4794 adversus
1331 4753 1432 4792 nos
1464 4742 1754 4809 praevalere
1777 4759 2053 4813 nunquam

487 4842 762 4907 poterunt.
818 4832 1061 4897 Denique
1125 4830 1319 4884 herum
1357 4830 1599 4882 omnium
1648 4846 1871 4886 causam
1920 4836 2058 4889 reci--

485 4935 630 4994 tans,
653 4945 672 4978 ι
701 4924 887 4989 Dabis,
922 4920 1119 4990 inquit,
1154 4920 1437 4974 veritatem
1478 4927 1624 4974 tuam
1663 4919 1831 4976 Jacob
1853 4965 1866 4987 ,
1895 4923 2056 4978 misc-

487 5017 781 5074 ricordiam
811 5013 1150 5076 Abrahamo,
1192 5013 1333 5066 sicut
1369 5010 1567 5081 jurasti
1608 5010 1769 5080 210
1809 4998 2055 5081 patribus

488 5112 714 5175 nostris,
759 5109 911 5180 iuxta
950 5104 1068 5160 dies
1113 5090 1342 5175 priores.
1394 5121 1413 5154 ι
1452 5101 1658 5156 Cuncta
1692 5103 1825 5165 haec,
1857 5104 2054 5174 inquit,

488 5199 664 5256 fecisti
685 5213 894 5254 memor
922 5196 1344 5269 promissionum
1373 5205 1615 5253 tuarum.
1648 5208 1783 5264 quas
1809 5196 2056 5264 patribus

490 5293 719 5358 nostris,
748 5290 1093 5363 temporibus
1123 5288 1317 5359 priscis
1346 5301 1445 5357 pro
1470 5294 1561 5340 tua
1601 5297 1888 5343 constante
1927 5288 2056 5344 libe-

490 5381 706 5436 ralitate
747 5380 917 5436 fecisti
956 5398 969 5433 :
1010 5377 1429 5448 promissiones,
1467 5377 1723 5446 inquam,
1760 5377 1879 5433 illas
1928 5388 2057 5434 tunc

490 5468 788 5534 eisfecisti,
823 5483 942 5540 quae
968 5483 1111 5523 nunc
1132 5483 1259 5538 erga
1293 5484 1393 5525 nos
1421 5469 1633 5524 illorum
1665 5477 1912 5537 posteros
1944 5484 1971 5523 a
2004 5480 2055 5525 te

494 5562 545 5613 in
582 5575 690 5613 rem
717 5560 923 5614 collata:
962 5558 1201 5612 fuerunt.

2157 4544 2376 4614 πέμψας
2421 4546 2568 4615 ἡμᾶς
2617 4548 2695 4609 είς
2736 4547 2835 4619 τὴν
2883 4548 3276 4618 αἰχμαλωσίαν,
3324 4555 3508 4626 οἰκείῳ
3562 4556 3732 4611 πάλιν

2156 4634 2288 4703 ἐλέῳ
2312 4636 2672 4705 χρησάμενος,
2701 4639 2732 4708 ή
2742 4639 2847 4707 μᾶς
2870 4639 3235 4710 ἐπανήγαγεν,
3267 4645 3542 4709 παντελῶς
3565 4650 3734 4717 ήμῶν

2156 4725 2425 4792 ἀφανίσας
2456 4725 2551 4788 τὰς
2599 4728 2893 4798 ἁμαρτίας,
2924 4732 3015 4782 καὶ
3059 4730 3245 4805 ὥσπερ
3291 4736 3371 4799 είς
3409 4754 3528 4791 τινα
3563 4737 3734 4808 βυθὸν

2156 4814 2323 4876 αὑτὰς
2353 4814 2708 4887 καταρρίψας,
2733 4816 2824 4885 ἀφ’
2848 4810 3017 4889 οὗπερ
3041 4819 3207 4884 αὑτὰς
3232 4822 3524 4877 ἀνανεῦσαί
3551 4842 3608 4879 τε
3633 4829 3736 4880 καὶ

2160 4904 2374 4974 ἰσχύσαι
2403 4905 2524 4957 καθ’
2552 4907 2707 4975 ἡμῶν
2732 4908 2829 4959 οὐκ
2854 4906 3025 4960 ἔνεστι
3047 4911 3141 4963 τοῦ
3158 4911 3366 4967 λοιποῦ.
3399 4914 3508 4970 Καὶ
3526 4916 3620 4985 τὴν
3650 4922 3742 4971 αἱ·

2156 4996 2274 5049 τίαν
2292 4996 2541 5049 ἁπάντων
2560 4995 2749 5065 λέγων,
2772 5016 2790 5048 ι
2807 4998 3007 5063 Δώσεις
3022 5000 3276 5073 ἀλήθειάν
3301 5023 3393 5058 σου
3417 5007 3494 5077 τῷ
3510 5008 3733 5072 Ἰακὼϐ,

2157 5084 2303 5136 ἔλεον
2331 5084 2408 5155 τῷ
2448 5084 2716 5157 Ἀϐραὰμ,
2760 5088 3013 5161 καθάπερ
3054 5090 3274 5163 ὤμοσας
3304 5098 3416 5159 τοῖς
3458 5098 3735 5168 πατράσιν

2157 5176 2312 5246 ήμῶν
2333 5175 2474 5231 κατὰ
2488 5178 2586 5241 τὰς
2601 5180 2810 5251 ήμέρας
2831 5183 2927 5245 τὰς
2944 5183 3270 5255 ἔμπροσθεν.
3296 5206 3315 5238 ι
3339 5188 3589 5244 ’Ἂπαντα
3618 5190 3739 5262 γὰρ

2156 5264 2348 5329 ταῦτα,
2401 5266 2535 5336 φησὶ
2556 5307 2569 5330 ,
2622 5270 2948 5339 πεποίηκας,
2983 5271 3056 5342 (p.
3090 5274 3356 5344 521)⁴τῶν
3388 5278 3739 5346 ἐπαγγελιῶν

2160 5355 2417 5427 μνησθεὶς
2458 5358 2567 5411 τῶν
2597 5360 2834 5427 οἰκείων,
2876 5355 2952 5416 ὧν
2986 5364 3122 5434 πρὸς
3173 5367 3299 5430 τοὺς
3332 5368 3573 5439 πατέρας
3602 5371 3736 5431 τοὺς

2156 5448 2455 5526 ἡμετέρους
2474 5448 2612 5501 κατὰ
2637 5451 2762 5515 τοὺς
2784 5452 2988 5505 ἄνωθεν
3010 5457 3305 5526 πεποίησαι
3327 5457 3549 5528 χρόνους
3578 5460 3738 5527 φιλο-

2156 5537 2310 5607 τιμία
2338 5542 2442 5589 τινί
2477 5539 2687 5611 βεϐαία·
2721 5542 2812 5595 καὶ
2842 5541 2939 5607 τὰς
2969 5546 3104 5616 πρὸς
3139 5547 3376 5611 ἐκείνους
3408 5532 3739 5619 ὑποσχέσεις

2156 5627 2272 5677 τότε
2296 5629 2675 5697 πεποιημένος,
2699 5632 2787 5682 καὶ
2809 5631 2901 5686 νῦν
2920 5634 3002 5704 ἐφ’
3018 5636 3173 5705 ήμῶν
3198 5637 3302 5689 τῶν
3324 5634 3380 5701 ἐξ
3403 5638 3629 5692 ἐκείνων
3652 5643 3745 5706 είς

2158 5716 2313 5788 ἔργον
2338 5718 2502 5782 αὐτὰς
2537 5719 2796 5778 ἐκϐαλών.
