4022 6138
525 327 628 383 599

1714 319 2062 376 THEODORI
2089 315 2568 376 MOPSUESTENI

3657 320 3762 374 400

529 437 760 508 ptiorum
803 449 925 490 cum
957 450 1079 508 rege
1131 448 1252 499 suo,
1291 435 1382 506 qui
1424 434 1538 505 jam
1574 433 1830 506 deinceps
1865 434 2082 490 oderant

2194 437 2306 500 τοῖς
2336 433 2541 498 δούλοις
2593 432 2779 486 αὑτοῦ.
2829 447 2848 482 ι
2903 431 3068 503 Δῆλον
3101 431 3180 486 ὅτι
3220 433 3314 486 τοῦ
3358 431 3491 485 Θεοῦ
3525 431 3765 495 ἐνδύντος

507 527 828 593 _lsraelitas,
875 541 1076 596 eosque
1133 527 1495 583 internecioni
1537 527 1904 584 destinabant.
1949 527 2087 582 Exin

525 635 654 676 vero
683 619 1128 690 demigrationem
1155 629 1340 674 narrat
1369 621 1560 678 beatus
1580 621 1769 675 David.

602 880 754 938 Nunc
787 897 1001 952 quoque
1032 881 1173 938 Deus
1207 883 1410 953 pariter
1452 883 1627 953 primo
1656 881 1870 952 quidem
1899 882 2089 951 gratia:

526 987 636 1028 suae
697 973 868 1028 edidit
931 973 1260 1029 luculentam
1335 973 1876 1036 demonstrationem,
1958 971 2088 1025 dum

525 1063 874 1134 Assyriorum
926 1079 1106 1135 regem
1157 1072 1491 1132 cunctosque
1524 1063 1756 1135 .Ninives
1787 1063 1991 1118 incolas
2017 1061 2089 1116 ad

525 1154 752 1208 meliora
786 1157 1053 1210 convertit
1085 1173 1098 1208 :
1125 1155 1265 1210 haud
1287 1156 1456 1209 multo
1487 1163 1606 1224 post
1633 1163 1832 1221 autem,
1858 1169 1980 1208 eum
2022 1153 2088 1207 iis

529 1246 892 1301 concessisset
944 1255 1002 1300 ut
1028 1261 1181 1300 suam
1223 1247 1484 1300 malitiam
1548 1245 1912 1308 declararent,
1962 1245 2090 1298 sivit

527 1357 621 1396 eos
647 1357 792 1396 arma
839 1350 1028 1396 contra
1075 1340 1349 1397 lsraelitas
1409 1355 1770 1402 commovere,
1809 1340 1881 1392 ita
1916 1346 1972 1392 ut
1995 1337 2090 1392 de-

525 1449 641 1488 cem
677 1435 851 1489 tribus
888 1432 1232 1496 vastaverint,
1268 1442 1320 1487 et
1341 1433 1714 1501 Hierosolyma
1750 1428 2086 1490 obsederint,

524 1532 674 1578 tanta
719 1524 930 1578 insania
982 1530 1204 1576 ruentes
1231 1523 1386 1591 quasi
1421 1521 1523 1591 ipsi
1571 1519 1680 1574 Deo
1718 1519 1916 1574 bellum
1954 1531 2091 1587 quo-

511 1613 810 1668 .dammodo
840 1613 1122 1667 inferrent.
1163 1610 1266 1666 Sed
1315 1611 1460 1665 enim
1493 1611 1580 1664 hic
1621 1609 1804 1664 statim
1833 1608 1938 1663 illis
1971 1623 2092 1678 gra-

523 1705 803 1761 vissimam
838 1719 1000 1758 manu
1033 1703 1207 1773 angeli
1235 1702 1443 1772 plagam
1466 1701 1760 1770 imposuit;
1788 1713 2091 1769 versosque

2195 525 2601 598 μετεϐλήθησαν
2649 525 2698 578 οἰ
2734 523 3016 593 Αἰγύπτιοι
3053 525 3148 577 σὺν
3185 523 3263 594 τῷ
3293 524 3500 594 βασιλεῖ
3539 525 3762 588 πάντες.

2191 617 2332 668 ὥστε
2387 615 2482 667 κα)⁸
2521 614 2608 667 διὰ
2664 614 2855 683 μίσους
2906 613 3051 683 ἔχειν
3081 614 3206 676 τοὺς
3273 612 3626 684 Ἰσραηλίτας,
3667 617 3766 667 καὶ

2195 703 2474 776 βούλεσθαι
2521 703 2794 767 παντελῶς
2816 703 3008 767 αὐτοὺς
3039 704 3266 758 ἀνελεῖν.
3295 699 3388 768 Οἷς
3416 704 3481 758 τά
3506 706 3604 775 τῆς
3651 705 3767 770 ἐξό-

2191 796 2282 848 δου
2311 795 2495 848 λοιπὸν
2523 796 2551 847 6
2583 795 2850 866 μακάριος
2881 795 3078 863 ἐπάγει
3107 794 3296 869 Δαυῒδ.

2262 885 2363 938 Τὸν
2392 886 2552 939 αὑτὸν
2583 885 2646 958 δὴ
2679 886 2877 956 τρόπον
2908 884 3184 939 κάνταῦθα
3219 885 3480 958 πρότερον
3540 887 3638 957 μὲν
3667 889 3770 958 τῆς

2189 977 2395 1040 οἰκείας
2421 977 2643 1048 χάριτος
2671 977 2927 1043 ἐπίδειξιν
2960 977 3283 1047 ποιούμενος
3310 979 3338 1030 ὁ
3370 978 3522 1041 Θεὸς,
3557 978 3766 1050 ἀθρόαν

2191 1067 2283 1120 τοῦ
2318 1086 2374 1122 τε
2411 1069 2676 1138 βασιλέως
2715 1069 2824 1127 τῶν
2857 1068 3158 1138 Ἀσσυρίων
3187 1068 3283 1121 καὶ
3313 1069 3532 1123 πάντων
3557 1070 3622 1140 δὴ
3650 1071 3764 1123 τῶν

2193 1158 2334 1211 κατὰ
2380 1159 2479 1230 τὴν
2512 1158 2714 1230 Νινευὴ
2766 1159 2863 1231 τὴν
2909 1160 3002 1212 ἐπὶ
3049 1160 3112 1212 τὸ
3163 1161 3412 1228 κρεῖττον
3461 1161 3766 1231 μεταεολὴν

2191 1250 2440 1319 γενέσθαι
2485 1250 2754 1320 πεποίηκε
2781 1266 2794 1280 ·
2837 1251 2954 1321 μετ’
2998 1250 3060 1303 οὑ
3095 1249 3230 1304 πολὺ
3272 1250 3328 1304 δὲ
3368 1251 3550 1315 ἐνδοὺς
3583 1253 3766 1313 αὐτοῖς

2190 1341 2288 1413 τὴν
2323 1341 2528 1395 οἰκείαν
2556 1343 2787 1412 ἐκφῆναι
2811 1342 3027 1406 κακίαν,
3055 1341 3204 1395 εἴασε
3226 1341 3450 1395 τοιαῦτα
3475 1343 3605 1414 περὶ
3635 1346 3768 1405 τοὺς

2205 1431 2542 1503 Ἰσραηλίτας
2573 1431 2701 1503 παρ’
2727 1431 2906 1486 αὐτῶν
2932 1431 3202 1500 γενέσθαι,
3235 1432 3328 1500 ἀφ’
3358 1425 3432 1486 ὧν
3454 1433 3768 1503 ἐπόρθησάν

2192 1539 2250 1574 τε
2282 1522 2379 1586 τὰς
2417 1521 2548 1575 δέκα
2595 1521 2802 1591 φυλὰς,
2837 1521 2932 1574 καὶ
2977 1521 3415 1592 ἐπεστράτευσαν
3448 1524 3516 1592 τῇ
3561 1521 3764 1592 Ἰερου-

2196 1612 2395 1683 σαλὴμ,
2431 1612 2570 1683 μετὰ
2627 1611 2829 1682 πολλῆς
2873 1613 3210 1684 ὁρμήσαντες
3239 1613 3337 1682 τῆς
3363 1613 3617 1676 ἀπονοίας
3643 1653 3658 1678 ,
3686 1614 3764 1676 ὡς

2195 1705 2291 1758 καὶ
2333 1704 2482 1775 αὐτῷ
2519 1721 2584 1772 γε
2639 1703 2836 1776 μικροῦ
2872 1703 3271 1774 πολεμήσοντες
3301 1704 3378 1774 τῷ
3421 1703 3540 1774 Θεῷ
3563 1721 3576 1735 ο
3627 1704 3764 1758 ἀλλὰ

524 1798 580 1848 in
607 1795 788 1866 fugam
834 1795 1075 1864 reliquos
1133 1792 1300 1846 variis
1341 1791 1573 1844 irrctivit
1627 1791 2033 1845 calamitatibus
2075 1807 2082 1844 :

2193 1795 2300 1866 γάρ
2323 1793 2451 1848 εὐθὺ
2481 1795 2580 1864 μὲν
2615 1793 2920 1865 βαρυτάτην
2950 1793 3132 1856 αὐτοῖς
3163 1793 3249 1846 διὰ
3281 1791 3375 1846 τοῦ
3402 1793 3633 1861 ἀγγέλου
3662 1793 3763 1862 τὴν

524 1888 701 1958 quoad
733 1887 786 1940 in
811 1886 1070 1940 ditionem
1096 1899 1250 1939 suam
1279 1899 1402 1938 cum
1425 1883 1584 1952 212
1615 1898 1824 1938 summa
1860 1883 2087 1952 ignomi-

526 1980 614 2032 nia
682 1992 968 2047 regressus
1045 1975 1520 2038 Sennacherimus,
1583 1973 1927 2044 Assyriorum
1997 1973 2087 2026 illa

523 2078 680 2126 aetate
739 2085 854 2134 rex,
897 2083 1080 2123 necem
1115 2083 1142 2120 a
1173 2067 1407 2138 propriis
1437 2067 1620 2121 liberis
1654 2080 1949 2136 perpessus
1982 2071 2084 2120 est.

527 2159 726 2214 Deinde
765 2159 940 2229 gentis
993 2173 1211 2228 quoque
1263 2156 1548 2226 imperium
1590 2155 1836 2210 funditus
1889 2156 2088 2210 delevit

528 2251 666 2304 Deus
719 2250 808 2319 qui
843 2264 937 2320 per
965 2247 1290 2319 Babylonios
1314 2245 1663 2301 obsidendam
1707 2245 1933 2301 Ninivcn
1963 2261 2088 2300 vas-

524 2341 851 2410 tandamque
885 2340 1095 2392 curavit
1155 2356 1168 2390 :
1205 2337 1338 2393 adeo
1385 2348 1442 2393 ut
1475 2335 1862 2392 innumerabili
1889 2337 2087 2407 populo

527 2436 782 2505 frequens
803 2431 996 2486 civitas
1022 2439 1073 2484 et
1099 2429 1436 2485 nobilissima
1461 2437 1622 2500 atque
1645 2427 1850 2498 regina,
1871 2428 2086 2497 captiva

525 2527 688 2581 fuerit
715 2539 778 2579 ac
812 2523 1201 2580 desertissima:
1225 2521 1504 2578 solitudini
1523 2521 1739 2576 tradita.
1762 2518 1895 2574 Nam
1926 2521 2085 2575 sicuti

524 2618 704 2687 priore
754 2625 1012 2686 tempore.
1051 2615 1118 2670 de
1150 2628 1258 2684 quo
1293 2614 1483 2668 beatus
1513 2610 1680 2666 Jonas
1717 2611 1977 2682 prepheta
2009 2610 2088 2664 lo-

521 2709 731 2778 quitur,
755 2723 864 2763 suaa
885 2707 1064 2780 gratiae
1085 2704 1340 2760 indicium
1361 2702 1504 2756 Deus
1535 2701 1680 2764 fecit,
1704 2700 1832 2754 dum
1867 2709 2089 2769 repente

523 2801 774 2873 Assyrios
832 2813 1021 2853 omnes
1064 2796 1129 2850 ad
1185 2796 1442 2850 virtutem
1495 2793 1796 2848 convertit:
1832 2793 1904 2845 ita
1939 2804 2087 2845 nunc

521 2890 737 2946 eosdem
776 2889 1076 2946 sceleribus
1111 2889 1306 2942 iterum
1335 2886 1568 2949 deditos,
1611 2882 1846 2938 maximo
1880 2889 1932 2937 et
1960 2883 2090 2936 hor-

526 2983 694 3036 rendo
733 2981 956 3035 ultionis
999 2994 1195 3050 genere
1237 2978 1416 3032 affecit
1449 2995 1462 3031 :
1496 2985 1724 3047 utraque
1754 2989 1814 3030 re
1853 2987 2084 3046 genera-

524 3073 621 3127 tim
673 3072 920 3126 homines
971 3071 1248 3132 erudiens,
1280 3077 1335 3122 ut
1367 3076 1419 3123 et
1451 3068 1638 3139 gratiae
1666 3067 1786 3138 ejus
1814 3066 2086 3136 magnitu-

2194 1886 2409 1958 πληγὴν
2462 1886 2742 1955 ἐπήγαγεν
2773 1887 2801 1938 ὁ
2856 1884 3018 1950 Θεὸς,
3051 1883 3256 1955 τρέψας
3299 1883 3355 1937 δέ
3385 1886 3510 1948 τοὺς
3541 1885 3762 1946 λοιποὺς

2193 1979 2272 2041 εἰς
2322 1977 2498 2048 φυγὴν
2542 1975 2898 2047 πολυτρόποις
2952 1975 3312 2046 περιϐέϐληκε
3366 1977 3477 2038 τοῖς
3525 1978 3715 2038 κακοῖς
3746 1994 3758 2005 ·

2195 2067 2270 2139 (p.
2303 2067 2426 2139 524)
2457 2069 2552 2122 καὶ
2595 2067 2657 2120 τὸ
2699 2066 3005 2121 τελευταῖον
3048 2067 3142 2120 ἐπὶ
3179 2067 3278 2137 τῆς
3317 2068 3524 2130 οἰκείας
3576 2066 3764 2138 χώρας

2193 2157 2429 2226 γεγονὼς
2480 2156 2616 2228 μετά
2653 2157 2856 2228 πολλῆς
2898 2158 2998 2228 τῆς
3053 2158 3273 2229 ἀτιμίας
3313 2159 3689 2230 Σενναχηρεὶμ
3733 2163 3766 2212 6

2192 2250 2312 2302 τότε
2328 2247 2437 2302 τῶν
2468 2248 2771 2318 Ἀσσυρίων
2799 2247 3049 2318 βασιλεὺς
3065 2247 3162 2319 τὴν
3185 2249 3290 2302 ὑπὸ
3315 2249 3423 2303 τῶν
3454 2249 3598 2302 ἰδίων
3627 2251 3766 2303 υἰῶν

2196 2340 2579 2412 ύπομεμένηκε
2626 2340 2870 2411 σφαγήν·
2919 2336 3019 2394 εἶθ’
3067 2339 3292 2410 ὕστερον
3337 2339 3431 2393 καὶ
3482 2340 3766 2402 παντελῶς

2193 2431 2369 2486 αὐτῶν
2398 2432 2495 2504 τὴν
2525 2431 2801 2503 βασιλείαν
2835 2433 3106 2498 καθεῖλεν,
3135 2432 3224 2486 διὰ
3253 2433 3363 2488 τῶν
3401 2433 3765 2488 Βαϐυλωνίων

2193 2519 2616 2592 πολιορκηθῆναι
2634 2521 2760 2593 παρ’
2777 2521 2956 2575 αὐτῶν
2975 2522 3396 2593 παρασκευάσας
3412 2521 3511 2593 τὴν
3533 2523 3581 2575 Ν
3587 2522 3764 2592 ινευὴ,

2193 2611 2333 2664 ὥστε
2382 2609 2480 2681 τὴν
2513 2611 3072 2684 πολυανθρωποτάτην
3119 2613 3213 2666 καὶ
3245 2613 3516 2684 περιφανῆ
3546 2614 3640 2667 καὶ
3670 2613 3768 2684 βα-

2196 2699 2368 2752 σιλίδα
2417 2699 2759 2770 αἰχμάλωτόν
2782 2719 2840 2755 τε
2875 2701 3126 2770 γενέσθαι
3157 2701 3252 2755 καὶ
3282 2703 3363 2764 εἰς
3389 2703 3622 2773 ἐρημίαν
3655 2719 3766 2756 κα-

2192 2790 2454 2861 ταστῆναι
2488 2791 2725 2862 παντελῆ
2762 2792 2872 2864 (45)
2894 2809 2907 2822 ·
2949 2793 3024 2857 ὡς
3056 2793 3162 2866 γὰρ
3195 2795 3252 2847 ἐν
3295 2796 3406 2857 τοῖς
3439 2795 3724 2866 προτέροις
3748 2835 3767 2859 ,

2195 2885 2336 2957 ἅπερ
2365 2887 2394 2939 ό
2428 2885 2696 2955 μακάριος
2752 2885 2934 2948 Ἰωνᾶς
2959 2887 2987 2938 ὁ
3013 2886 3296 2956 προφήτης
3330 2885 3631 2955 διηγεῖται,
3660 2887 3772 2958 τῆς

2193 2977 2411 3048 χάριτος
2445 2977 2544 3048 τὴν
2567 2975 2826 3042 ἐπίδειξιν
2859 2978 2887 3029 ὁ
2911 2975 3044 3039 Θεὸς
3081 2977 3372 3047 ἐποιήσατο
3398 2977 3495 3045 τῆς
3527 2979 3765 3042 οἰκείας,

2193 3065 2436 3131 ἅπαντας
2466 3067 2664 3130 αὐτοὺς
2707 3066 2901 3138 ἀθρόον
2949 3065 3204 3137 μεταθεὶς
3246 3068 3339 3122 ἐπὶ
3386 3068 3446 3120 τὸ
3487 3071 3765 3139 κρεῖττον,

523 3163 706 3218 dinem
755 3169 1006 3226 noscant,
1058 3159 1326 3229 siquando
1393 3160 1506 3214 vult
1537 3173 1691 3215 suam
1737 3158 1792 3212 in
1841 3157 2082 3213 homines

2191 3151 2364 3216 οῦτως
2380 3152 2610 3206 ἐνταῦθα
2627 3152 2724 3222 τὴν
2739 3153 2937 3207 κακίαν
2956 3152 3395 3223 ἐπιδειξαμένους
3409 3156 3507 3227 τὴν
3527 3157 3767 3224 οἰκείαν,

528 3252 964 3308 benevolentiam
991 3267 1338 3322 expromere:
1360 3259 1414 3307 et
1440 3250 1691 3307 vindictae
1721 3257 2008 3314 terrorem,
2024 3249 2082 3305 si-

2198 3246 2427 3318 μεγίστῃ
2462 3247 2569 3299 τινὶ
2619 3245 2713 3299 καὶ
2739 3245 2946 3316 φοϐερᾷ
2980 3245 3341 3316 περιδέδληκε
3377 3249 3443 3318 τῇ
3479 3249 3722 3320 τιμωρίᾳ
3743 3264 3766 3280 °

524 3345 742 3418 quando
777 3345 877 3399 hac
910 3344 1104 3415 dignos
1135 3344 1428 3408 existimat,
1456 3343 1548 3414 qui
1586 3341 1922 3412 pervicacem
1956 3355 2082 3412 pec-

2190 3337 2256 3391 8t‘
2286 3336 2610 3408 ἀμφοτέρων
2639 3337 2881 3401 ἅπαντας
2913 3336 3179 3390 παιδεύων
3208 3335 3546 3409 ἀνθρώπους,
3579 3338 3657 3403 ώς
3689 3340 3766 3394 ἂν

521 3436 682 3491 candi
715 3436 1039 3492 sententiam
1082 3436 1341 3491 retinent.

2191 3427 2286 3483 καὶ
2317 3428 2377 3482 τὸ
2418 3428 2518 3498 τῆς
2553 3428 2779 3499 χάριτος
2810 3427 2974 3482 αὐτοῦ
3013 3427 3242 3499 μέγεθος
3288 3429 3476 3483 εἰδεῖεν
3506 3430 3653 3483 ὁπότ’
3689 3431 3766 3486 ἂν

521 3530 682 3602 ἐθέλῃ
699 3528 824 3596 περί
849 3528 974 3591 τοὺς
993 3526 1310 3598 ἀνθρώπους
1335 3527 1431 3597 τὴν
1450 3524 1651 3580 οἰκείαν
1673 3520 2071 3578 ἐπιδείκνυσθαι
2093 3517 2421 3589 φιλοτιμίαν,
2470 3517 2563 3570 καί
2611 3518 2711 3588 τῆς
2751 3517 3022 3589 τιμωρίας
3046 3517 3136 3573 τὸν
3162 3516 3322 3588 φόϐον
3353 3519 3429 3573 ὅτ’
3459 3519 3527 3575 ἂν
3549 3519 3765 3591 ταύτης

522 3622 703 3689 ἀξίους
737 3616 874 3674 εἶναι
907 3617 1100 3692 νομίζῃ
1128 3619 1252 3682 τοὺς
1278 3617 1599 3690 ἀδιόρθωτον
1632 3617 1723 3671 ἐπὶ
1755 3613 1832 3685 τῷ
1856 3613 2066 3668 πταίειν
2093 3609 2310 3680 ἔχοντας
2334 3609 2434 3681 τὴν
2465 3607 2706 3680 γνώμην.

591 3715 724 3771 Illud
758 3715 921 3786 igitur
948 3714 1114 3768 Jonas
1144 3713 1402 3783 propheta
1455 3711 1713 3774 declarat,
1744 3709 1847 3764 hoc
1903 3707 2082 3761 Nabu-

2268 3703 2480 3758 Ἐκεῖνα
2525 3704 2622 3775 μέν
2655 3698 2748 3758 οὖν
2789 3705 2970 3768 Ἰωνᾶς
2994 3707 3023 3758 6
3052 3708 3335 3779 προφήτης
3378 3708 3557 3780 δηλοῖ·
3589 3719 3757 3768 ταυτὶ

519 3824 668 3872 mus.
695 3785 954 3862 ultionem
987 3805 1290 3860 vaticinans
1334 3804 1681 3858 multifariam
1715 3803 1769 3856 in
1815 3815 1912 3856 eos
1937 3814 2082 3856 exse-

2189 3795 2238 3848 Βέ
2267 3799 2295 3849 6
2326 3796 2539 3866 Ναοὺμ,
2573 3795 2672 3868 τὴν
2709 3796 2976 3867 τιμωρίαν
3005 3796 3176 3866 λέγων
3213 3799 3311 3868 τὴν
3351 3799 3610 3865 ποικίλως
3645 3806 3755 3856 αὑ-

525 3898 771 3962 τοηιίοιη,
809 3897 900 3966 qui
945 3902 1092 3948 tanta
1125 3893 1380 3962 superbia
1412 3893 1675 3946 adversus
1720 3889 1990 3946 lsraelitas
2021 3902 2082 3940 ac

2189 3889 2291 3950 τοῖς
2331 3885 2626 3954 ἐπάγεσθαι
2655 3885 2972 3956 μέλλουσαν,
3008 3886 3152 3956 ὑπὲρ
3179 3880 3256 3940 ὦν
3277 3887 3514 3959 τοσούτῳ
3545 3894 3758 3964 φρονή-

523 3987 898 4059 Hierosolyma
930 3987 1014 4041 usi
1056 3986 1300 4046 fuerant,
1335 3998 1544 4038 necnon
1573 3989 1762 4037 contra
1806 3981 2082 4036 universa-

2189 3997 2314 4049 ματι
2353 3978 2495 4032 κατά
2530 3995 2589 4031 τε
2624 3977 2732 4032 τῶν
2789 3979 3136 4051 Ἰσραηλιτῶν
3169 3982 3471 4052 ἐχρήσαντο
3514 3985 3607 4038 καὶ
3645 3987 3758 4056 τῆς

521 4084 648 4143 lem,
704 4083 794 4149 qui
820 4079 1098 4134 colebatur
1147 4076 1369 4137 ibidem,
1402 4074 1587 4128 Deum.
1644 4071 1799 4128 Unde
1830 4070 2082 4159 omnibus

2193 4069 2566 4140 Ἰερουσαλὴμ,
2607 4070 2682 4139 (ρ.
2713 4071 2836 4139 δὶῆ)
2858 4071 2957 4159 τοῦ
2983 4087 3044 4124 τε
3066 4073 3124 4125 ἐν
3148 4073 3284 4144 αὐτῇ
3309 4074 3753 4145 θεραπευομένου

521 4170 738 4231 claruit,
804 4167 944 4222 haud
988 4166 1378 4235 permissurum
1436 4162 1602 4216 Deum
1637 4159 1805 4215 fuisse
1853 4160 1964 4213 haec
2003 4158 2080 4214 ls-

2189 4161 2288 4214 τῶν
2330 4159 2464 4213 ὅλων
2515 4159 2685 4213 Θεοῦ·
2735 4161 2803 4214 δι’
2849 4153 2923 4215 ὧν
2971 4161 3173 4218 ἅπασιν
3203 4164 3409 4232 ἐγίνετο
3453 4166 3752 4238 δῆλον,δτι

521 4259 729 4315 raelitis
758 4260 895 4313 mala
933 4257 1000 4309 ab
1032 4255 1271 4326 Assyriis
1298 4252 1564 4315 accidere,
1599 4253 1703 4306 nisi
1734 4253 1846 4306 haec
1879 4249 2081 4320 perpeti

2189 4252 2290 4305 οὔτ’
2318 4252 2383 4306 ἂν
2411 4255 2592 4307 ἐκεῖνα
2635 4254 2824 4307 παθεῖν
2865 4255 3204 4325 συνεχώρησε
3236 4259 3366 4327 παρ’
3393 4258 3572 4311 αὐτῶν
3614 4261 3754 4325 τοὺς

521 4351 592 4404 ob
617 4364 770 4404 suam
786 4348 1110 4417 impietatem
1131 4345 1323 4416 dignos
1346 4359 1404 4398 se
1426 4342 1800 4413 praebuissent.
1831 4342 1941 4412 Age
1955 4355 2082 4396 vero

520 4448 806 4511 postquam
859 4436 1064 4492 Hebraei
1108 4437 1249 4506 pasSi
1285 4446 1413 4490 sunt
1443 4435 1583 4488 mala
1624 4433 1692 4487 ab
1719 4433 1957 4503 Assyriis
1983 4432 2080 4485 im-

519 4540 697 4600 pacta.
736 4529 989 4597 illamque
1035 4527 1372 4596 pertulerunt
1407 4523 1793 4594 captivitatem,
1823 4522 1951 4575 dum
1978 4521 2080 4575 im-

513 4623 734 4694 pietatis
768 4635 878 4674 suze
906 4632 1096 4688 paruas
1148 4616 1476 4685 penderent;
1510 4621 1906 4682 consequenter
1938 4611 2079 4665 Deus

514 4717 584 4770 ad
637 4727 752 4776 eos,
804 4711 896 4779 qui
938 4706 1276 4763 calamitates
1319 4705 1440 4759 illas
1491 4703 1885 4766 conflaverant,
1941 4704 2076 4756 iram

517 4819 672 4861 suam
731 4800 1030 4864 transtulit,
1069 4795 1282 4851 consilii
1341 4796 1614 4848 vesaniam
1660 4794 1912 4862 puniens,
1970 4808 2078 4858 quo

527 4897 646 4951 ausi
681 4896 896 4948 fuerant
926 4900 1114 4946 contra
1159 4888 1324 4942 Deum
1351 4886 1577 4960 ejusque
1608 4883 1902 4938 familiares
1928 4899 2079 4937 arma

515 5002 730 5058 capere.
766 4983 935 5054 lgitur
954 4979 1224 5035 lsraelitas
1281 4976 1520 5046 quidem,
1581 4990 1679 5028 ceu
1714 4975 1874 5044 213
1905 4989 2076 5042 pmnze

512 5081 778 5134 obnoxios
831 5075 903 5129 ob
943 5073 1268 5142 impietatem
1308 5077 1362 5125 et
1405 5074 1625 5137 peccata
1656 5083 1774 5130 sua,
1812 5067 1892 5120 sic
1916 5067 2073 5135 θη]ίεί

513 5169 800 5238 permisit;
861 5164 1112 5235 Assyrios
1168 5171 1346 5216 autem
1411 5159 1502 5229 qui
1557 5159 1787 5212 crimine
1853 5159 2075 5228 proprio

517 5259 755 5314 llebtmis
790 5254 1002 5310 molesti
1023 5253 1254 5314 fuerant,
1276 5248 1584 5306 necessario
1603 5248 1812 5317 punivit
1833 5263 1896 5300 ac
1924 5248 2071 5301 ultus

511 5353 616 5406 est.
642 5351 926 5412 propterea
983 5341 1126 5412 quod
1178 5339 1343 5394 animi
1414 5337 1632 5393 vesania
1698 5352 1761 5390 ac
1813 5338 2078 5406 pravitate

513 5434 681 5496 ducti,
726 5433 781 5485 in
820 5440 1025 5486 tantum
1059 5431 1282 5487 sceleris
1320 5438 1600 5490 venerant,
1641 5435 1695 5480 ut
1723 5435 1985 5496 quantum
2021 5430 2074 5484 in

588 5569 698 5640 (45)
725 5566 945 5640 Ninist
974 5584 1000 5640 a_
1024 5567 1329 5640 Babyloniis
1363 5573 1716 5640 capturamet
1744 5568 2062 5640 destructim

509 5633 636 5698 nem
661 5644 848 5692 narrat
874 5633 1149 5688 Diodorus
1170 5637 1383 5688 Siculus
1400 5635 1492 5686 lib.
1523 5649 1584 5704 u.
1609 5633 1698 5704 ἓξ.
1724 5643 1775 5685 et
1799 5635 1898 5704 ‘29.;
1923 5651 2057 5704 prm-

507 5715 724 5773 diserat
756 5712 976 5761 sanctus
1005 5704 1198 5759 Tobias
1231 5719 1348 5774 cap.
1383 5718 1489 5767 xiv,
1525 5703 1574 5755 6.
1620 5701 1799 5754 A‘ltate
1837 5701 2050 5759 demum

2193 4344 2549 4414 Ἰσραηλίτας,
2576 4347 2622 4398 εἰ
2652 4347 2724 4416 μὴ
2750 4345 2842 4397 τοῦ
2872 4345 3092 4399 τοιαῦτα
3119 4345 3306 4401 παθεῖν
3328 4347 3394 4400 δι’
3419 4342 3494 4402 ὧν
3523 4349 3752 4405 ἐσέόουν

2184 4436 2335 4490 αὐτοὶ
2363 4434 2635 4506 παρέσχον
2677 4437 2903 4497 ἐαυτοὸς
2940 4435 3152 4499 ἀξίους·
3189 4437 3283 4490 καὶ
3310 4438 3497 4510 ἐπειδὴ
3545 4442 3753 4494 πεπόν-

2183 4526 2334 4579 θασιν
2380 4519 2524 4580 οὗτοι
2557 4527 2623 4580 τὰ
2669 4527 2797 4596 παρ’
2827 4527 3049 4579 ἐκείνων
3087 4527 3272 4590 αὐτοῖς
3299 4529 3604 4598 ἐπαχθέντα
3646 4537 3750 4585 καὶ

2179 4615 2274 4686 τὴν
2319 4615 2690 4688 αἰχμαλωσίαν
2740 4617 3257 4686 ύπερμεμενήκασιν
3304 4619 3538 4690 ἐκείνην,
3584 4621 3750 4686 δίκας

2179 4708 2275 4774 τῆς
2299 4708 2548 4768 ἀσεϐείας
2569 4708 2799 4768 διδόντες
2831 4706 2929 4774 τῆς
2967 4707 3191 4768 οἰκείας,
3223 4708 3528 4772 ἀκολούθως
3553 4713 3581 4764 ὁ
3606 4710 3749 4775 Θεὸς

2178 4799 2268 4850 ἐπὶ
2321 4800 2446 4860 τοὺς
2489 4798 2710 4850 τοιαῦτα
2754 4798 3120 4866 πεποιηκότας
3168 4799 3394 4866 μετάγει
3445 4801 3540 4872 τὴν
3570 4803 3749 4874 ὀργὴν

2177 4889 2581 4959 τιμωρούμενος
2633 4889 2862 4950 αὐτοὺς,
2899 4888 3039 4957 ὑπὲρ
3084 4882 3155 4940 ὧν
3200 4890 3472 4962 μοχθηρίᾳ
3515 4892 3747 4965 γνώμης

2173 4981 2499 5050 πεποιήκασί
2543 4997 2600 5032 τε
2634 4981 2727 5032 καὶ
2773 4979 3134 5048 τετολμήκασι
3176 4982 3317 5032 κατά
3360 4997 3418 5032 τε
3449 4981 3547 5032 τοῦ
3597 4984 3744 5037 Θεοῦ

2173 5071 2265 5124 καὶ
2307 5071 2413 5123 τῶν
2447 5069 2596 5138 αὐτῷ
2622 5070 3033 5139 προσηκόντων·
3077 5072 3204 5131 τοὺς
3242 5071 3340 5140 μέν
3369 5071 3476 5141 γὰρ
3519 5072 3748 5143 Ἰσραη-

2171 5163 2320 5226 λίτας
2367 5163 2442 5224 ὡς
2473 5163 2654 5228 ἀξίους
2701 5161 2956 5214 τοιούτων
3007 5161 3145 5230 ὑπὲρ
3173 5154 3248 5213 ὧν
3297 5161 3518 5215 ὲσέὄουν
3547 5179 3606 5214 τε
3642 5167 3745 5216 καὶ

2171 5255 2480 5323 ἡμάρτανον
2503 5253 2586 5304 εἴα
2617 5251 2830 5313 παθεῖν,
2862 5252 2987 5313 τοὺς
3016 5251 3070 5303 δὲ
3092 5251 3153 5304 ἐκ
3179 5251 3276 5319 τῆς
3303 5252 3506 5314 οἰκείας
3529 5253 3743 5325 μοχθη-

2167 5344 2288 5413 ρίας
2322 5343 2543 5397 τοιαῦτα
2588 5343 2707 5396 κατ’
2749 5343 2926 5396 αὐτῶν
2972 5343 3366 5411 πεποιηκότας,
3417 5343 3743 5411 ἀναγκαίως

2167 5433 2339 5502 ὑπῆγε
2395 5436 2457 5502 τῇ
2500 5433 2765 5501 τιμωρίᾳ,
2801 5431 2955 5492 δίκας
3000 5431 3198 5492 αὐτοὺς
3246 5430 3739 5500 εἰσπραττόμενος,

2166 5581 2348 5624 nostra
2363 5585 2611 5624 enormes
2637 5569 2781 5625 illius
2810 5569 2982 5622 ruinm
3002 5581 3064 5621 ac
3088 5574 3436 5621 monumenta
3457 5565 3742 5625 eﬂodiun-

2161 5648 2250 5694 tur
2280 5640 2552 5694 Gallorum
2581 5639 2884 5707 sumptibus
2914 5647 2965 5694 et
3003 5637 3282 5692 industria.
