4022 6138
498 761 506 815 l

545 309 656 367 403

1715 314 2065 372 THEODORI
2116 317 2342 376 MOPSU
2352 316 2596 374 ESTENI

3684 322 3801 379 404

548 427 728 496 ipsum
794 429 1048 486 idoneum
1107 429 1340 488 reddidit
1398 430 1898 485 demonstraturum
1939 447 2120 488 rerum

2238 434 2347 487 τότε
2381 434 2736 505 προσανέχειν
2772 438 2837 505 τῇ
2874 433 3079 505 θεωρίᾳ.
3115 434 3495 506 παρεσκεύασε
3542 433 3652 489 τῶν
3684 433 3802 488 δει-

552 518 795 574 intuitui.
826 519 899 575 Ac
933 520 1095 575 veluti
1136 524 1194 577 in
1226 533 1419 574 somno
1449 518 1582 574 dum
1619 520 1886 591 tantisper
1933 536 1963 575 a
1989 535 2128 592 μναῖν

554 609 692 662 senti
714 608 961 678 corporis
985 608 1299 663 conditione
1326 608 1697 681 degredimur,
1732 610 2127 666 revelationum

554 696 821 768 imagines
850 700 1032 754 animo
1078 699 1370 769 recipimus
1419 718 1436 757 :
1488 702 1568 756 sic
1624 702 1903 771 prophetat
1936 703 2130 773 migra-

499 787 506 843 ε
557 787 705 842 tione
723 789 957 858 (matiam
994 792 1194 847 mentis
1220 792 1325 846 sub
1356 791 1531 848 sancti
1569 790 1806 862 Spiritus
1840 793 2124 847 constituti

554 880 748 946 gratia,
776 881 993 937 oblatas
1024 896 1150 937 mox
1177 897 1265 938 res
1295 882 1825 952 contemplabantur.

622 968 742 1025 lam
787 986 918 1027 vero
960 975 1016 1028 in
1066 975 1168 1029 hac
1235 976 1428 1046 positis
1473 976 1788 1030 conditione
1845 977 2119 1031 interdum

556 1061 776 1129 quidem
806 1065 916 1120 tale
943 1066 1233 1121 exhibebat
1273 1067 1647 1137 magisterium
1679 1071 1855 1124 sancti
1885 1067 2123 1136 Spiritus

557 1154 758 1222 gratia,
801 1164 860 1210 ut
891 1157 997 1212 sibi
1028 1158 1342 1213 viderentur
1375 1157 1566 1213 audire
1593 1159 1998 1228 quodammodo
2028 1160 2125 1213 alio

558 1262 720 1313 quem
757 1247 1068 1317 loquentem
1108 1264 1312 1319 eosque
1337 1250 1716 1316 erudientem;
1761 1264 1936 1321 eoque
1970 1259 2129 1321 pacto

560 1335 941 1391 imbuebantur
967 1353 1147 1393 rerum
1169 1354 1289 1409 quae
1304 1356 1444 1410 opus
1462 1349 1623 1396 erant
1649 1342 1976 1411 cognitione.
2007 1341 2127 1395 Sic—

558 1425 637 1479 uti
680 1441 865 1482 revera
913 1428 1105 1508 beatus
1166 1429 1361 1486 Petrus
1427 1430 1811 1487 animadversa
1867 1432 2122 1495 sindone,

558 1516 750 1570 audire
782 1517 1003 1589 insuper
1021 1521 1371 1577 existimabat
1396 1522 1557 1592 215
1589 1537 1776 1578 vocem
1808 1524 1914 1580 sibi
1947 1524 2128 1579 dicen-

560 1612 701 1659 tem:
727 1607 1125 1680 «Consurgens,
1146 1608 1324 1678 Petre,
1350 1612 1494 1666 caede
1513 1619 1567 1666 et
1588 1611 1857 1667 manduca
1878 1614 1919 1666 ⁸.
1949 1630 1967 1664 ι
1992 1610 2127 1666 llinc

2224 524 2525 594 κνυμένων,
2562 525 2629 578 ἵν’
2679 525 2866 596 ὥσπερ
2902 525 3008 591 ἔξω
3037 525 3140 595 τῆς
3185 525 3469 596 παρούσης
3518 525 3800 598 γινόμενοι

2224 618 2610 679 καταστάσεως
2661 614 2782 670 καθ’
2841 616 3042 680 ὕπνους
3096 616 3207 670 τῶν
3260 617 3802 689 ἀποκαλυπτομένων

2224 705 2489 776 δεχόμεθα
2513 707 2612 778 τὴν
2643 706 2896 779 θεωρίαν,
2926 705 3069 761 οὕτω
3091 722 3210 772 πως
3241 710 3309 779 τῇ
3344 708 3674 773 μεταστάσει
3695 708 3803 778 τῆς

2226 798 2462 861 διανοίας
2489 799 2594 852 ὑπὸ
2622 798 2721 869 τῆς
2751 798 2845 852 τοῦ
2872 798 3027 866 άγίου
3058 798 3375 869 Πνεύματος
3408 800 3802 870 καθιστάμενοι

2227 888 2446 958 χάριτος
2466 929 2480 954 ,
2513 888 2623 943 τῶν
2645 890 3006 959 δεικνυμένων
3036 889 3383 960 ὑποδέχοι-ντο
3411 889 3510 961 τὴν
3540 890 3801 962 θεωρίαν.

2292 986 2311 1051 (
2340 999 2392 1053 p.
2427 982 2552 1052 528)
2597 984 2757 1038 Ἀλλὰ
2778 983 2887 1056 γὰρ
2916 987 2975 1037 ὲν
3008 984 3232 1056 τοιαύτῃ
3277 986 3612 1039 καταστάσει
3645 1002 3803 1055 γινο-

2226 1074 2407 1145 μένοις
2433 1073 2615 1138 αὐτοίς
2641 1074 2771 1128 ποτὲ
2806 1076 2903 1145 μὲν
2933 1075 3190 1146 τοιαύτην
3219 1074 3342 1129 τινὰ
3370 1075 3668 1145 παρείχετο
3699 1076 3805 1149 τὴν

2222 1163 2569 1218 διδασκαλίαν
2625 1164 2721 1217 τοῦ
2766 1167 2924 1234 ἁγίου
2976 1165 3295 1235 Πνεύματος
3345 1167 3379 1236 ἡ
3433 1166 3611 1236 χάρις,
3657 1164 3805 1218 ὥστε

2226 1256 2404 1308 δοκεῖν
2433 1256 2629 1318 αὐτοὺς
2660 1253 2848 1327 ὥσπερ
2879 1257 3020 1321 τινὸς
3048 1257 3341 1320 λαλοῦντος
3377 1255 3597 1310 άκούειν
3622 1274 3682 1311 τε
3706 1258 3807 1311 καὶ

2230 1349 2618 1402 παιδεύεσθαι·
2653 1349 2794 1402 οὕτω
2832 1366 2892 1401 τε
2921 1349 3169 1420 δέχεσθαι
3197 1347 3306 1403 τῶν
3348 1348 3663 1417 ἀναγκαίων
3702 1349 3807 1419 τὴν

2231 1439 2430 1507 γνῶσιν
2452 1455 2464 1469 ⁸
2500 1438 2688 1509 ῶσπερ
2716 1434 2809 1493 οὖν
2845 1440 2938 1492 καὶ
2970 1443 2998 1492 ὁ
3041 1440 3310 1511 μακάριος
3352 1440 3552 1511 Πέτρος
3582 1439 3675 1493 ἐπὶ
3705 1439 3809 1509 τῆς

2233 1530 2473 1594 σινδόνος
2534 1531 2720 1601 φωνῆς
2753 1530 2974 1584 ἀκούειν
3006 1530 3180 1584 ἐδόκει
3218 1532 3483 1603 λεγούσης
3527 1531 3665 1602 πρὸς
3708 1533 3806 1612 αύ-

2233 1617 2345 1672 τὸν·
2378 1636 2397 1669 ι
2428 1618 2722 1685 Ἀναστὰς,
2756 1618 2929 1689 Πέτρε
2950 1616 3142 1683 ,θῦσον
3158 1622 3252 1672 καὶ
3269 1617 3429 1687 φάγε.
3462 1637 3482 1669 ι
3525 1617 3807 1671 Ἐντεῦθεν

556 1696 725 1750 etiam
763 1695 932 1755 lsaias
976 1701 1245 1771 propheta
1282 1702 1360 1755 ait
1389 1718 1403 1755 :
1430 1696 1706 1762 «Domine,
1738 1703 1865 1773 quis
1895 1702 2131 1759 credidit

2238 1709 2327 1762 καὶ
2365 1711 2394 1762 ὁ
2437 1711 2724 1780 προφήτης
2767 1710 2993 1773 Ἡσαΐας
3026 1709 3190 1779 φησίν
3214 1724 3230 1740 ⁸
3272 1728 3291 1761 ι
3333 1709 3527 1780 Κύριε,
3567 1711 3652 1773 τίς
3686 1709 3808 1763 ἐπί-

559 1784 770 1841 anditui
796 1795 987 1844 nostro
1014 1790 1073 1845 "I
1097 1811 1116 1845 ι
1138 1791 1355 1846 auditus
1376 1791 1596 1847 nomine
1618 1794 1891 1865 appellans
1915 1795 2131 1849 exhibi-

563 1884 673 1929 tam
719 1878 825 1932 sibi
857 1879 1122 1934 divinitus
1157 1881 1570 1948 revelationem,
1611 1883 1880 1952 siquidem
1911 1900 2008 1939 ceu
2053 1886 2132 1937 lo-

562 1977 817 2035 quentem
857 1970 1090 2040 aliquem
1143 1973 1452 2027 auscultare
1496 1989 1555 2029 se
1614 1975 1997 2029 arbitrabatur.
2047 1973 2133 2028 ln-

562 2062 783 2117 terdum
804 2064 970 2118 etiam
1004 2072 1129 2135 post
1157 2065 1399 2135 aliquam
1438 2066 1705 2121 visionem
1738 2067 1840 2121 sibi
1871 2065 2129 2132 oblatam,

566 2154 841 2223 loquentis
871 2169 1061 2211 vocem
1091 2156 1477 2212 exaudiebant.
1512 2156 1692 2212 Veluti
1719 2158 1910 2214 beatus
1934 2156 2133 2213 Petrus

564 2242 853 2301 sindoncm
886 2245 1049 2301 simul
1081 2247 1359 2313 cernebat,
1407 2257 1463 2303 et
1493 2263 1698 2310 rerum,
1747 2264 1869 2319 quae
1906 2249 2010 2305 sibi
2048 2248 2134 2302 di-

564 2336 852 2401 cebantur,
892 2336 1199 2391 doctrinam
1241 2338 1569 2411 excipiebat.
1600 2339 1743 2406 Quin
1772 2340 1911 2395 adeo
1940 2340 2133 2395 beatus

563 2439 783 2495 quoque
818 2425 1009 2485 isaias.
1054 2443 1178 2482 cum
1224 2429 1404 2484 aiebat
1440 2444 1502 2485 se
1536 2429 1702 2485 Deum
1749 2432 2135 2502 seraphimque

564 2516 754 2572 videre
782 2517 827 2581 ⁸,
860 2531 1022 2573 voces
1047 2518 1252 2588 pariter
1287 2519 1354 2573 ad
1380 2535 1440 2576 se
1468 2521 1669 2575 missas
1699 2521 1976 2577 audiebat.
2001 2521 2136 2576 Pro-

565 2616 751 2675 pterea
786 2608 1068 2679 Scriptura
1117 2611 1281 2665 modo
1315 2611 1428 2665 ait:
1481 2629 1500 2662 ι
1538 2612 1732 2666 Sermo
1776 2610 1990 2666 Domini
2038 2616 2134 2683 qui

568 2702 746 2756 tactus
775 2701 797 2732 '
847 2719 869 2753 ι
920 2711 1005 2756 est
1051 2701 1178 2756 huic
1210 2703 1294 2756 vel
1349 2702 1465 2769 illi;
1508 2716 1814 2757 sermonem
1859 2704 2136 2774 appellans

565 2806 688 2845 eam
725 2792 855 2850 vim.
900 2808 1009 2863 qua
1063 2793 1154 2848 ille
1201 2794 1295 2863 qui
1331 2794 1707 2860 erudiebatur,
1749 2796 1975 2865 putabat
1996 2811 2055 2851 se
2105 2812 2136 2849 a

564 2896 703 2939 voce
758 2883 994 2953 quadam
1050 2883 1384 2940 necessariis
1442 2885 1762 2941 notionibus
1824 2886 2134 2941 informari.

2208 1815 2425 1852 οστευσε
2452 1803 2517 1871 τῇ
2553 1803 2691 1871 άκοῇ
2719 1798 2907 1870 ήμῶν;
2962 1819 2981 1851 ι
3012 1799 3179 1872 ἀκοὴν
3218 1798 3452 1863 καλέσας
3491 1800 3592 1870 τὴν
3622 1817 3806 1872 παρα-

2236 1892 2519 1962 σχεθεῖσαν
2558 1891 2900 1960 ἀποκάλυψιν
2947 1891 3094 1961 αὐτῷ
3134 1891 3361 1957 θειόθεν,
3405 1891 3592 1963 ἐπειδὴ
3617 1891 3811 1963 ῶσπερ

2232 1985 2372 2048 τινὸς
2403 1984 2652 2053 λέγοντος
2678 1983 2897 2038 ἀκούειν
2930 1981 3121 2036 ἐδόκει.
3157 1984 3313 2035 Ἔστι
3350 1982 3405 2034 δὲ
3441 1983 3528 2035 ὅτε
3564 1983 3657 2035 καί
3682 2000 3814 2038 τινα

2232 2072 2500 2126 ὀπτασίαν
2538 2072 2772 2143 ὁρῶντες
2804 2072 2920 2142 μετ’
2954 2070 3172 2141 ἐκείνης
3213 2071 3409 2141 ἢκουον
3440 2068 3549 2124 τῶν
3576 2069 3812 2140 λεγομέ-

2236 2181 2341 2218 νων
2362 2182 2374 2195 ·
2406 2164 2483 2226 ὡς
2512 2164 2600 2216 ὅτε
2635 2165 2904 2234 μακάριος
2933 2163 3139 2233 Πέτρος
3181 2161 3318 2233 ὁμοῦ
3342 2164 3438 2216 καὶ
3465 2162 3564 2231 τὴν
3595 2162 3817 2225 σινδόνα

2237 2256 2383 2328 ἐώρα
2429 2257 2525 2309 καὶ
2565 2253 2677 2308 τῶν
2718 2255 3025 2325 λεγομένοιν
3055 2253 3191 2325 πρὸς
3242 2253 3404 2307 αὐτὸν
3452 2253 3664 2323 ἐδέχετο
3709 2253 3815 2324 τὴν

2233 2348 2603 2401 διδασκαλίαν·
2630 2348 2725 2401 καὶ
2754 2344 2857 2418 μὴν
2882 2347 2977 2400 καὶ
2999 2348 3029 2398 ὁ
3055 2346 3324 2416 μακάριος
3358 2346 3581 2408 Ἡσαΐας
3617 2348 3705 2399 ὅτε
3730 2345 3817 2397 λέ-

2234 2457 2322 2508 γει
2347 2440 2444 2508 μὲν
2478 2439 2780 2509 ἑωρακέναι
2802 2437 2890 2491 τὸν
2917 2436 3176 2501 Θεὸν,καὶ
3202 2436 3269 2490 τά
3294 2436 3737 2509 σεραφὶμ,ἡκουε
3752 2435 3816 2488 δὲ

2237 2531 2331 2583 καὶ
2356 2529 2465 2583 τῶν
2480 2529 2614 2600 πρὸς
2640 2527 2801 2582 αὐτὸν
2830 2527 3127 2596 γινομένων
3152 2525 3477 2594 φωνῶν.Διὰ
3494 2524 3650 2578 τοῦτο
3677 2524 3817 2577 ποτε

2241 2623 2339 2692 μὲν
2371 2621 2539 2688 λέγει,
2568 2639 2587 2670 ι
2626 2619 2797 2687 Λόγος
2824 2619 3028 2687 Κυρίου
3057 2616 3115 2680 ὃς
3147 2615 3397 2685 ἐγένετο)
3429 2616 3567 2688 πρὸς
3601 2614 3748 2670 τόνδε
3782 2617 3817 2687 ἦ

2237 2713 2386 2766 τόνδε
2409 2752 2423 2775 ,
2458 2711 2617 2779 λόγον
2659 2708 2840 2763 καλῶν
2884 2709 2983 2779 τὴν
3021 2707 3325 2777 ἐνέργειαν,
3359 2705 3478 2759 καθ’
3528 2706 3593 2775 ἥν
3636 2704 3817 2756 ἐδόκει

2241 2806 2391 2875 φωνῇ
2430 2816 2536 2855 τινι
2581 2800 2965 2869 διδασκόμενος
2996 2796 3353 2852 παιδεύεσθαι
3382 2797 3443 2850 τὸ
3486 2795 3636 2850 δέον·
3677 2799 3816 2850 ποτε

2230 2897 2294 2948 δὲ
2317 2936 2330 2955 ,
2349 2913 2368 2947 ι
2394 2894 2637 2965 Ὅρασιν,
2679 2893 2747 2963 ἣν
2773 2887 2912 2946 εἶδεν
2956 2910 2974 2943 ι
3011 2891 3097 2945 ὅδε
3122 2891 3156 2961 ἢ
3183 2889 3268 2943 ὅδε
3291 2928 3305 2951 ,
3345 2889 3442 2959 τὴν
3471 2885 3819 2955 ἀποκάλυψιν

569 2975 727 3030 δίυάο
757 2974 948 3031 eadem
989 2975 1272 3046 Scriptura
1303 2977 1477 3034 dicit:
1513 2998 1532 3032 ι
1563 2977 1734 3046 Visio,
1757 2994 1919 3050 quam
1949 2982 2083 3036 vidit
2114 3002 2133 3034 ι

2240 2984 2384 3037 οὕτω
2426 2982 2634 3047 καλῶν,
2671 2980 2794 3036 καθ’
2837 2982 2905 3052 ἢν
2933 2982 3065 3052 ὁρᾷν
3105 2997 3159 3032 τι
3196 2979 3370 3033 δοκῶν
3414 2975 3729 3030 ἐπαιδεύετο
3752 2975 3822 3028 τὸ

574 3068 664 3121 hic
690 3068 779 3122 vel
804 3068 897 3123 ille
927 3070 970 3099 “’
992 3085 1008 3134 ;
1034 3069 1423 3124 revelationem
1466 3071 1569 3127 hac
1598 3074 1962 3144 appellatione
1987 3075 2138 3130 desi-

568 3170 768 3227 gzzans,
800 3158 1106 3213 secundum
1135 3174 1298 3228 quam
1331 3161 1594 3232 propheta
1641 3172 1892 3234 spectare
1935 3165 2140 3236 aliquid

571 3247 824 3315 credens,
871 3248 924 3304 id
964 3251 1108 3320 quod
1136 3251 1244 3306 sibi
1279 3265 1418 3321 opus
1441 3261 1559 3307 erat
1576 3254 1844 3309 discebat.
1891 3254 2036 3311 Idem
2065 3256 2141 3311 si-

569 3336 798 3408 gniﬁcat
847 3339 1094 3396 locutio:
1146 3358 1165 3392 ι
1214 3339 1282 3394 Et
1324 3340 1427 3396 fuit
1465 3358 1661 3400 manus
1706 3343 1921 3400 Domini
1977 3359 2142 3416 super

571 3443 661 3485 me
691 3431 758 3483 “.
808 3448 826 3480 ι
853 3427 985 3485 Nam
1006 3431 1092 3487 hic
1113 3431 1275 3488 etiam
1300 3448 1499 3488 manus
1546 3432 1759 3490 Domini
1804 3435 2004 3491 dicitur
2044 3452 2142 3507 pro

569 3522 747 3576 sancti
779 3520 1020 3590 Spiritus
1045 3526 1283 3592 virtute;
1331 3539 1439 3595 qua
1481 3523 1625 3583 Deus
1661 3525 1829 3582 veluti
1864 3528 2140 3599 attingens

571 3611 852 3683 prophetae
880 3623 1138 3680 mentem,
1175 3614 1482 3671 doctrinam
1512 3617 1562 3670 ci
1596 3616 1848 3672 tradebat
1887 3632 2140 3674 necessa-

571 3703 734 3757 riam.
783 3700 1065 3774 Ejusmodi
1106 3704 1241 3775 quid
1276 3706 1549 3777 significat
1575 3708 1742 3762 etiam
1776 3723 1881 3764 vox
1926 3712 2137 3774 (animo,

572 3795 885 3865 assumptio.
919 3795 1158 3867 Namque
1185 3797 1498 3854 admirabile
1520 3798 1720 3871 aliquid
1768 3814 2141 3870 saepenumero

572 3889 951 3945 demonstrare
995 3888 1285 3960 prophetis
1334 3890 1522 3946 volens
1568 3890 1731 3958 Deus,
1781 3894 2016 3949 subitam
2060 3895 2142 3951 eis

573 3980 774 4036 mentis
808 3980 1040 4035 iaciebat
1061 3981 1497 4046 conversionem,
1530 3991 1590 4036 ut
1621 3983 1726 4038 hoc
1755 3986 1924 4039 animi
1954 3985 2141 4041 habitu

571 4068 774 4137 aﬂecti,
805 4071 1015 4142 majore
1040 4088 1164 4128 cum
1191 4074 1495 4129 reverentia
1521 4073 1831 4129 futurorum
1856 4076 2141 4130 scientiam

571 4160 905 4230 acciperent.
940 4162 1383 4233 Assumptionem
1420 4163 1606 4233 itaque
1636 4164 1778 4219 banc
1809 4162 1974 4233 dicit;
2012 4167 2141 4236 quia

574 4248 816 4319 Spiritus
837 4254 1013 4307 sancti
1058 4255 1232 4324 gratia
1270 4261 1536 4324 tanquam
1566 4263 1792 4325 repente
1834 4257 2143 4327 corripiens

2242 3075 2518 3145 προσῆκον
2540 3088 2554 3104 ·
2593 3072 2656 3126 τὸ
2693 3072 2826 3126 abab
2876 3070 3151 3142 σημαίνει,
3188 3068 3314 3137 κᾶν,
3367 3088 3388 3119 ι
3440 3066 3689 3135 Ἐγένετο
3725 3064 3823 3117 ἐπ’

2240 3166 2341 3236 ἐμὲ
2368 3166 2490 3236 χεὶρ
2511 3164 2734 3236 Κυρίου,
2776 3183 2794 3216 υ
2826 3164 2959 3235 λέγῃ
2979 3179 2993 3194 ο
3020 3163 3099 3234 (p.
3127 3161 3253 3231 529)
3279 3162 3375 3214 xui.
3403 3160 3513 3231 γὰρ
3536 3155 3824 3213 κάνταῦθα

2241 3260 2398 3329 χεῖρα
2444 3256 2651 3328 Κυρίου
2688 3256 2788 3327 τὴν
2817 3254 3100 3326 ἐνέργειαν
3139 3253 3234 3305 τοῦ
3282 3252 3441 3320 ἁγίου
3496 3249 3824 3318 Πνεύματος

2236 3347 2496 3420 ὀνομάζει
2521 3365 2534 3379 ·
2572 3348 2695 3401 καθ’
2721 3348 2787 3416 ἢν
2827 3346 3015 3416 ῶσπερ
3038 3344 3389 3414 ἐφαπτομένη
3422 3342 3523 3411 τῆς
3543 3338 3634 3393 τοῦ
3676 3354 3823 3409 προ-

2238 3440 2412 3509 φήτου
2445 3438 2684 3501 διανοίας
2704 3438 2803 3497 τὴν
2833 3434 3182 3489 διδασκαλίαν
3204 3434 3342 3503 αὐτῇ
3374 3429 3667 3501 παρείχετο
3704 3426 3824 3481 τῶν

2230 3532 2573 3600 ἀναγκαίων.
2604 3528 2826 3582 Τοιοῦτο
2845 3527 2909 3600 δή
2933 3545 2986 3582 τι
3012 3526 3258 3598 βούλεται
3282 3524 3456 3578 καὶτὸ
3489 3541 3507 3573 ι
3531 3523 3723 3592 λῆμμα
3743 3537 3757 3552 ·
3796 3538 3817 3571 ι

2240 3621 2556 3694 ἐκπλήξεως
2607 3620 2718 3691 γάρ
2763 3636 2817 3672 τι
2860 3618 3027 3690 γέμον
3076 3616 3338 3678 πολλάκις
3386 3611 3658 3676 ὑποδεῖξαι
3704 3612 3824 3675 τοῖς

2243 3712 2548 3783 προφήταις
2571 3709 2891 3781 βουλόμενος
2915 3709 2946 3761 ό
2967 3707 3120 3770 Θείς,
3156 3704 3356 3774 ἀθρόαν
3372 3702 3551 3757 αὐτῶν
3582 3702 3682 3771 τῆς
3703 3700 3827 3754 δια-

2242 3803 2390 3866 νοίας
2409 3801 2507 3873 τὴν
2532 3800 2860 3871 μετάστασιν
2878 3799 3133 3863 ἐποιεῖτο,
3161 3795 3237 3857 ὼς
3259 3794 3325 3848 ἂν
3352 3793 3468 3865 ἅμα
3498 3796 3566 3863 τῇ
3591 3790 3823 3862 τοιαύτῃ

2240 3893 2574 3947 καταστάσει
2597 3890 2735 3958 μετὰ
2765 3889 3011 3961 μείζονος
3050 3887 3143 3941 τοῦ
3176 3886 3343 3955 φόϐου
3374 3885 3483 3939 τῶν
3518 3881 3825 3954 μελλόντων

2241 3985 2479 4054 δέχοιντο
2502 3983 2601 4053 τὴν
2629 3981 2830 4049 γνῶσιν
2849 3995 2864 4009 ·
2895 3979 3093 4050 λῆμμα
3116 3974 3210 4031 οὖν
3236 3976 3396 4030 τοῦτο
3423 3976 3598 4036 καλεῖ,
3626 3969 3824 4043 ιπειδὴ

2241 4076 2338 4129 τοῦ
2382 4073 2695 4144 Πνεύματος
2733 4072 2949 4143 ἡχάρις
2989 4070 3180 4142 ὥσπερ
3208 4068 3405 4140 ἀθρόον
3443 4063 3822 4135 ἐπιλαμϐανο-

2247 4170 2382 4240 μένη
2398 4168 2499 4239 τῆς
2518 4165 2613 4220 τοῦ
2639 4166 2919 4237 προφήτου
2941 4163 3177 4223 διανοίας
3200 4161 3336 4233 πρὸς
3357 4159 3455 4230 τὴν
3474 4155 3823 4225 ἀποκάλυψιν

2240 4260 2415 4330 αὐτὴν
2462 4258 2688 4330 μεθίστη
2718 4255 2828 4310 τῶν
2875 4255 3263 4325 δεικνυμένων.
3307 4252 3380 4304 Tb
3410 4248 3541 4302 αὐτὸ
3582 4247 3638 4299 δὲ
3683 4246 3821 4299 κάν-

577 4342 858 4412 propheta
883 4350 1143 4409 mentem,
1174 4346 1448 4401 convertit
1476 4359 1594 4400 eam
1612 4347 1685 4401 ad
1702 4348 1781 4402 rei
1808 4346 2136 4405 demonstra

2248 4351 2423 4407 ταῦθά
2470 4350 2630 4419 φησι·
2689 4366 2707 4399 ι
2765 4345 2978 4417 Λῆμμα
3010 4342 3250 4414 Νινευὴ,
3316 4339 3520 4411 βιϐλίον
3569 4336 3824 4407 ὁράσεως

576 4442 649 4489 tae
687 4436 1224 4506 contemplationem.
1268 4436 1394 4491 Pari
1430 4438 1645 4493 ratione
1682 4438 1772 4493 hic
1807 4452 2028 4512 quoque
2058 4440 2145 4494 di-

575 4525 755 4583 eitur:
784 4526 1131 4599 «Assumptio
1161 4528 1403 4593 Ninives,
1455 4529 1594 4585 liber
1637 4530 1867 4587 visionis
1912 4529 2145 4587 Nabumi

573 4618 853 4676 Elcesaia
880 4621 1081 4695 Nempe
1096 4620 1409 4694 intelligitur
1434 4622 1713 4692 prophetae
1735 4634 1893 4677 mens
1919 4634 1951 4676 a
1968 4623 2145 4679 sanati

575 4709 819 4779 Spiritus
842 4713 1021 4779 gratia
1052 4717 1276 4781 repente
1301 4721 1575 4781 correpta,
1608 4723 1772 4782 atque
1794 4711 1873 4766 ad
1899 4722 2143 4769 eontem-

574 4798 866 4866 plationem
922 4800 1002 4854 rei
1040 4800 1293 4855 revelata
1339 4813 1642 4865 conversa;
1714 4799 1863 4856 unde
1907 4802 2142 4871 cognitis

573 4890 777 4945 futuris
816 4886 1042 4943 Ninives
1071 4889 1319 4956 casibus,
1356 4887 1603 4945 scientiae
1646 4888 1843 4944 oblatae
1885 4893 2140 4944 nuntium

574 4982 840 5053 propheta
865 4979 1214 5037 audientibus
1242 4980 1563 5052 impertivit.
1597 4980 1810 5037 Idcirco
1836 4989 2017 5036 autem
2061 4984 2145 5037 as-

572 5074 943 5146 sumptionem
982 5074 1146 5130 simul
1173 5082 1228 5129 et
1252 5074 1523 5132 visionem
1549 5076 1646 5140 ait,
1675 5084 1735 5130 ut
1767 5076 1952 5146 priore
1978 5075 2144 5129 nimi-

570 5178 694 5219 rum
724 5166 995 5221 vocabulo
1033 5164 1277 5222 deciaret
1308 5165 1529 5220 modum
1574 5180 1685 5236 quo
1713 5162 1953 5237 Spiritus
1978 5165 2145 5238 318

2244 4445 2439 4513 Ναούμ
2479 4442 2585 4495 τοῦ
2622 4439 2960 4493 Ἐλκεσαίου·
3015 4456 3034 4489 ο
3072 4438 3162 4490 ἴνα
3205 4436 3331 4506 εἴπῃ
3372 4435 3456 4486 ὅτι
3498 4428 3823 4498 Πνεύματος

2243 4534 2465 4604 χάριτος
2509 4528 2703 4601 ἁθρόον
2744 4530 2778 4598 ἡ
2828 4524 2924 4580 τοῦ
2965 4528 3245 4598 προφήτου
3289 4523 3557 4593 ληφθεῖσα
3609 4518 3822 4572 διάνοια

2243 4626 2379 4696 πρὸς
2428 4623 2526 4693 τὴν
2563 4620 2794 4691 θεωρίαν
2842 4619 3066 4672 ἐκείνων
3119 4617 3377 4688 μετέστη,
3424 4613 3493 4666 δι’
3522 4607 3598 4666 ὧν
3630 4609 3703 4664 τὰ
3747 4612 3816 4680 τῇ

2242 4715 2443 4787 Νινευὴ
2473 4713 2861 4784 συμϐησόμενα
2890 4707 3097 4781 μαθὼν,
3123 4708 3222 4778 τὴν
3254 4710 3318 4760 ὲκ
3341 4706 3449 4758 τῶν
3498 4701 3818 4781 δειχθέντων

2240 4801 2754 4875 αύτῷδιδασκαλίαν
2785 4798 3076 4869 παρείχετο
3100 4800 3215 4859 τοῖς
3241 4795 3497 4849 ἀκούουσι
3513 4810 3527 4825 ’
3552 4791 3642 4846 διὰ
3658 4789 3819 4844 τοῦτο

2241 4894 2337 4947 καὶ
2367 4893 2559 4962 λῆμμα
2581 4892 2677 4944 καὶ
2694 4891 2883 4960 ὅρασιν
2907 4885 3264 4958 είρηκὼς,ἱ¹να
3286 4883 3366 4955 τῷ
3386 4883 3484 4954 μὲν
3505 4881 3596 4935 τὸν
3613 4880 3818 4951 τρόπον

2240 4985 2340 5054 τῆς
2362 4983 2643 5053 ἐνεργείας
2663 4982 2758 5034 τοῦ
2772 4979 2937 5049 ⁴ἁγίου
2956 4977 3098 5033 Πνεύ
3107 4993 3273 5049 ματος
3284 4974 3520 5048 δηλώσῃ,
3542 4975 3611 5043 τῇ
3631 4970 3819 5042 δράσει

2242 5074 2299 5127 δὲ
2322 5073 2432 5127 τῶν
2471 5072 2796 5142 δειχθέντων
2841 5070 2992 5141 αὐτῷ
3015 5070 3115 5140 τὴν
3154 5068 3414 5139 θεωρίαν.
3448 5067 3717 5136 Ἀρχεται
3759 5060 3816 5113 δὲ

2241 5163 2436 5228 οὕτως’

573 5261 752 5314 sancti
778 5258 865 5314 vis
896 5272 955 5314 se
981 5255 1197 5329 prodit;
1224 5259 1531 5327 posteriore
1562 5262 1743 5309 autem
1785 5256 2014 5311 visibilis
2053 5254 2350 5317 vocabulo,
2392 5253 2889 5308 demonstraturum
2928 5250 3275 5306 oraculorum
3318 5248 3573 5301 intuitum
3607 5246 3827 5315 signiti-

572 5360 677 5408 cet.
705 5349 901 5423 incipit
933 5359 1113 5407 autem
1141 5353 1221 5407 sic
1245 5371 1259 5407 :

642 5441 814 5497 Vns.
842 5440 901 5504 2,
933 5441 987 5495 5.
1020 5470 1093 5482 —
1119 5458 1141 5493 ι
1168 5438 1314 5495 Deus
1351 5440 1557 5494 relator
1582 5447 1640 5493 et
1678 5437 1825 5492 ultor
1854 5436 2143 5504 Dominus,

576 5532 872 5591 imwndus
898 5531 1044 5586 ultor
1073 5531 1359 5595 Dominus,
1378 5528 1705 5585 deinimicis
1734 5527 1850 5583 suis
1882 5528 2141 5583 ultionem

2317 5434 2464 5505 Στίχ.
2485 5431 2552 5503 β’,
2571 5436 2638 5499 γ’.
2664 5446 2772 5497 -ᾳ
2801 5428 2930 5491 Θεὸς
2960 5426 3206 5497 ζηλωτὴς
3227 5426 3320 5478 καὶ
3341 5422 3572 5476 ἐκδικῶν
3589 5423 3829 5492 Κύριος,

2249 5526 2343 5578 καὶ
2374 5521 2603 5578 ἐκδικῶν
2624 5519 2826 5590 Κύριος
2852 5519 2987 5589 μετὰ
3015 5517 3210 5588 θυμοῦ,
3233 5515 3327 5571 καὶ
3351 5512 3584 5568 ἐκδικῶν
3615 5513 3837 5584 Κύριος

654 5704 677 5732 ⁸
710 5718 833 5772 Act.
874 5729 929 5778 ι,
964 5713 1045 5766 15.
1123 5713 1142 5744 ⁷
1174 5710 1281 5765 lsa.
1306 5727 1426 5775 Lm,
1469 5714 1525 5765 t.
1596 5712 1617 5742 ⁸
1653 5711 1757 5765 lsa.
1800 5706 1951 5776 me.
2029 5708 2136 5763 ’Je‘

2238 5722 2306 5773 lt,
2350 5707 2402 5762 i.
2478 5704 2645 5763 "isa.
2684 5720 2722 5774 ι,
2761 5708 2810 5760 l.
2892 5705 2931 5737 ¹¹
2980 5700 3318 5768 Ezech.1,5.
