4022 6138
300 210 413 266 405

1309 225 1855 284 COMMENTARIUS
1894 230 1960 285 IN
1998 231 2263 292 NAUUMI
2303 235 2457 293 CAP.
2498 237 2537 291 Ι.

3441 246 3545 304 408

300 333 430 394 τοὺς
474 330 824 401 ὑπεναντίους
888 338 1071 405 αὐτοῦ,
1128 343 1220 395 καὶ
1258 342 1490 416 ἐξαίρων
1546 347 1707 411 αὐτὸς
1750 349 1873 413 τοὺς

1982 351 2143 424 exigit
2174 352 2458 420 Dominus,
2486 370 2693 426 eosque
2726 357 2792 412 de
2827 359 3008 415 medio
3038 360 3201 415 tollit.
3244 381 3260 412 ι
3299 360 3414 417 Zeli
3447 378 3549 418 n0-

306 422 535 489 ὲχθροὺς
568 424 751 478 αὐτοῦ.
790 446 811 479 ι
842 429 1010 500 Ζῆλον
1042 431 1196 485 καλεῖ
1248 433 1342 487 τοῦ
1386 434 1521 488 Θεοῦ
1566 436 1664 507 τὴν
1686 438 1874 510 ὀργὴν,

305 517 384 579 (p.
419 511 547 583 550)
583 515 649 583 ἣν
694 516 787 569 ἐπὶ
825 521 938 582 τοῖς
976 519 1113 590 ἄγαν
1142 522 1357 587 ἀτόπως
1397 525 1700 596 γινομένοις
1737 545 1877 599 παρ-

306 602 622 673 οξυνόμενος
647 606 858 678 δέχεται
884 610 1024 663 κατά
1048 612 1153 665 τῶν
1185 613 1524 669 ἀσεϐούντων
1542 634 1557 648 θ
1585 617 1756 682 οὕτως
1785 619 1875 672 λέ-

309 711 391 760 γει
412 695 490 760 τὸ,
535 714 552 746 ι
588 694 739 751 Εἶδεν
758 699 964 772 Κύριος
990 705 1082 756 καὶ
1107 703 1398 775 ἐζήλωσεν,
1433 708 1526 760 καὶ
1552 707 1876 780 παρωξύνθη

310 786 375 837 δι’
400 788 569 857 ὀργὴν
601 788 732 843 υίῶν
788 792 952 845 αὑτοῦ
1000 795 1093 846 καὶ
1148 794 1481 868 θυγατέρων.
1519 817 1537 850 ι
1582 799 1876 853 Κάνταῦθα

310 879 481 930 τοίνυν
508 881 692 952 ἐπειδὴ
724 882 895 954 ὀργὴν
940 885 1141 955 ἤμελλε
1191 887 1371 956 λέγειν
1398 889 1545 960 παρά
1574 890 1708 943 Θεοῦ
1739 892 1879 945 κατά

311 969 412 1021 τῶν
446 968 741 1025 Νινευῖτῶν
770 974 1106 1045 κινηθεῖσαν,
1131 972 1230 1029 εἶτ’
1257 974 1351 1030 οὖν
1388 980 1496 1032 τῶν
1539 981 1837 1052 Ἀσσυρίων
1860 1000 1874 1014 ·

311 1057 366 1108 ὲν
398 1057 508 1129 γάρ
541 1063 608 1131 τῇ
657 1061 1016 1137 βασιλευούσῃ
1061 1066 1211 1119 πόλει
1243 1067 1302 1119 τὸ
1340 1066 1489 1132 ἔθνος
1522 1068 1667 1123 ἅπαν
1691 1071 1871 1141 δηλοῖ’

312 1148 444 1216 ὑπὲρ
469 1140 546 1199 ὧν
581 1149 806 1222 ἀσεϐείᾳ
834 1169 893 1205 τε
922 1154 1015 1207 καὶ
1046 1156 1356 1227 παρανομίᾳ
1398 1158 1622 1231 πλείστῃ
1672 1140 1877 1230 χρησάι

316 1256 480 1307 μενοι,
509 1241 745 1299 τοσαῦτα
783 1243 883 1313 μὲν
947 1247 1037 1298 καὶ
1068 1243 1363 1318 τηλικαῦτα
1392 1250 1535 1303 κακά
1570 1250 1795 1315 πολλοῦς
1817 1268 1873 1304 τε

313 1330 523 1400 ἑτέρους
548 1332 825 1404 διέθηκαν,
859 1336 951 1388 καὶ
983 1338 1116 1407 πρὸς
1160 1339 1331 1392 ἅπασί
1367 1356 1427 1408 γε
1454 1342 1577 1404 τοὺς
1614 1342 1878 1413 Ἰσραηλί-

311 1438 435 1485 τας·
464 1424 856 1493 ἐπεληλυθότες
876 1427 1045 1481 δὲκαὶ
1077 1433 1140 1499 τῇ
1178 1431 1550 1501 Ἰερουσαλὴμ,
1582 1434 1776 1505 μικροῦ
1813 1452 1876 1502 γε

312 1514 440 1584 πρὸς
463 1516 846 1588 αὐτὺνῆραντο
866 1520 1101 1590 πόλεμον
1127 1521 1218 1574 τὸν
1237 1521 1367 1575 Θεόν
1390 1540 1403 1552 ο
1428 1523 1607 1587 καλῶς
1632 1524 1878 1578 ἐντεῦθεν

309 1604 522 1675 ἦρξατο,
561 1625 581 1657 ι
617 1608 749 1671 Θεὸς
800 1609 1046 1681 ζηλωτὴς
1086 1631 1103 1662 ο
1138 1612 1329 1679 λέγων,
1367 1614 1486 1666 ἀντὶ
1535 1616 1630 1668 τοῦ
1677 1618 1877 1688 σφόδρα

312 1700 731 1771 παροργίζεσθαι
787 1703 880 1755 ἐπὶ
924 1707 1043 1768 ταῖς
1090 1705 1368 1769 ἀσεϐείαις
1396 1706 1574 1772 εἰδὼς,
1613 1710 1704 1762 καὶ
1739 1710 1875 1780 μετά
1909 1694 1951 1748 Β

308 1789 506 1859 πολλῆς
529 1791 628 1861 μὲν
652 1791 883 1846 ἐκδικῶν
906 1794 1003 1864 τῆς
1027 1795 1196 1866 ὀργῆς
1223 1796 1320 1859 τὰς
1364 1798 1512 1867 παρά
1544 1798 1650 1851 τῶν
1669 1798 1876 1871 ἀνθρὼ-

310 1896 420 1933 πων
440 1882 864 1954 ἐπιτελουμένας
905 1885 1181 1949 ἀσεϐείας,
1213 1886 1417 1951 πάντας
1440 1888 1494 1940 δὲ
1532 1889 1657 1953 τοὺς
1677 1888 1876 1961 ἐχθράν

307 1973 397 2024 καὶ
408 1973 658 2025 ἐναντίαν
673 1975 809 2045 πρὸς
818 1975 979 2029 αὑτὸν
997 1976 1220 2048 γνώμην
1235 1979 1587 2048 αἱρουμένους
1606 1981 1877 2051 τιμωροῦ-

309 2062 462 2131 μενός
489 2080 548 2116 τε
578 2065 673 2117 καὶ
720 2066 997 2130 παντελῶς
1036 2068 1333 2137 ἀφανίζων.
1388 2066 1520 2122 Εἶτα
1562 2070 1747 2142 ἐπειδὴ
1782 2071 1876 2124 νῦν

304 2153 493 2219 ταῦτα,
524 2157 681 2223 φησὶ,
699 2157 899 2229 πολλὴν
912 2160 1006 2211 τοῦ
1024 2161 1160 2213 Θεοῦ
1185 2160 1591 2234 φιλανθρωπίαν
1621 2164 1748 2234 περὶ
1781 2165 1878 2217 αὐ-

307 2247 428 2308 τοὺς
473 2247 931 2319 έπιδεδειγμένου,
951 2251 1181 2321 ὁπηνίκα
1208 2252 1283 2322 τῷ
1304 2252 1398 2305 τοῦ
1432 2253 1697 2326 μακαρίου
1725 2255 1878 2308 Ἰωνᾶ

309 2338 619 2410 κηρύγματι
638 2342 953 2405 πεισθέντες
973 2345 1105 2414 πρὸς
1130 2345 1417 2413 μετάνοιαν
1446 2343 1582 2400 εἶδον
1602 2365 1614 2377 ο
1634 2365 1653 2397 ι
1675 2345 1877 2419 Κύριος

313 2433 677 2503 μακρόθυμος,
709 2436 800 2489 καὶ
826 2435 1036 2505 μεγάλη
1064 2439 1097 2506 ἡ
1133 2437 1283 2505 ἰσχὺς
1321 2437 1520 2491 αὐτοῦ·
1549 2439 1642 2492 καὶ
1688 2440 1878 2493 ἀθωῶν

312 2524 404 2575 οὐκ
424 2524 675 2578 ἀθωὼσει
692 2527 916 2596 Κύριος.
932 2530 1168 2599 »Ἰὶσπερ
1181 2529 1307 2600 γάρ.
1341 2530 1524 2602 φησὶν,
1542 2530 1877 2597 ἀνεξικακεῖν

313 2611 444 2667 οἶδεν
474 2618 567 2670 καὶ
588 2621 838 2689 παῳρᾷν
865 2621 1274 2691 ἁμαρτημάτων
1305 2637 1364 2673 τε
1393 2622 1483 2673 καὶ
1516 2621 1878 2691 ἀσεϐημάτων

318 2707 525 2776 πλῆθος,
587 2710 756 2763 ἐπειδ’
789 2710 855 2764 ἀν
880 2711 1176 2775 νεύσαντας
1206 2712 1289 2783 ίδη
1328 2711 1463 2783 πρὸς
1497 2713 1876 2783 μεταμέλειαν,

324 2798 393 2864 (p.
421 2799 535 2869 53!)
583 2800 760 2863 οὕτως
811 2801 1087 2872 ἀρκοῦσαν
1127 2802 1494 2856 ἐπιδείκνυται
1535 2803 1634 2874 τὴν
1686 2804 1877 2858 ἑαυτοῦ

320 2889 527 2960 δύναμιν
546 2893 625 2962 τῷ
657 2893 882 2962 μεγέθει
910 2895 1007 2963 τῆς
1065 2896 1350 2965 τιμωρίας,
1388 2895 1552 2948 ὲπειδ’
1585 2895 1652 2948 ἂν
1676 2896 1879 2965 ἀμετα-

314 2982 466 3050 νόητα
489 2984 785 3047 πταίοντας
821 2985 906 3057 ἴδῃ
936 2986 1029 3039 καὶ
1059 2987 1194 3057 πρὸς
1226 2986 1391 3057 ἀκρον
1412 2986 1661 3048 ἀσεσείας
1686 2986 1878 3055 ὲληλα-
1907 3015 1953 3076 c

314 3072 488 3137 κοίτας,
534 3075 630 3137 οὓς
679 3075 780 3128 οὐκ
835 3076 1162 3130 ἀπαλλάττει
1191 3076 1296 3129 τῶν
1338 3077 1718 3146 ἐγκλημάτων,
1751 3078 1874 3129 οὐδὲ

311 3164 403 3231 τῆς
438 3165 528 3216 ἐπὶ
550 3169 665 3230 τοῖς
718 3168 1078 3239 ἁμαρτήμασι
1124 3169 1415 3239 τιμωρίας,
1452 3168 1544 3221 ἀτε
1582 3171 1643 3221 ἐκ
1671 3171 1778 3222 τῶν
1800 3171 1867 3222 0i-

310 3255 465 3309 κείων
480 3256 733 3326 πράξεων
764 3261 1282 3331 κατακρινομένους.

378 3348 519 3417 Στίχ.
550 3348 616 3411 δ’,
650 3358 710 3402 ε’.
735 3382 801 3392 --
834 3351 942 3404 Kal
970 3351 1052 3414 τίς
1090 3349 1346 3422 ἡτούτων
1394 3351 1661 3417 ἀπόδειξις
1687 3370 1701 3418 ;
1732 3371 1748 3403 t
1791 3352 1879 3406 Ἐν

316 3441 582 3512 συντελείᾳ
619 3442 713 3494 καὶ
766 3444 824 3494 ὲν
883 3442 1256 3513 συσσεισμῷή
1301 3444 1420 3506 ὁδὸς
1450 3444 1632 3497 αὑτοῦ.
1676 3465 1692 3495 ι
1733 3444 1879 3497 Ὀδὸν

314 3530 459 3582 καλεῖ
493 3530 590 3583 τοῦ
619 3530 754 3585 Θεοῦ
787 3531 886 3601 τὴν
942 3534 1139 3600 πρᾶξιν
1162 3551 1177 3565 ·
1222 3534 1281 3586 τὸ
1325 3533 1454 3586 αὐτὸ
1492 3534 1548 3587 δὲ
1591 3534 1749 3587 τοῦτο
1782 3536 1878 3586 καὶ

314 3622 523 3675 ἐπὶτῶν
551 3621 854 3694 ἀνθρώπων
889 3626 1020 3695 φησὶ
1048 3625 1333 3688 πολλάκις·
1365 3626 1439 3689 ὡς
1469 3627 1547 3690 τὸ,
1572 3647 1589 3677 ι
1618 3626 1878 3679 Γινώσκει

313 3714 511 3783 Κύριος
539 3715 638 3778 τάς
663 3716 818 3780 ὀδοὺς
845 3717 954 3769 τῶν
988 3717 1250 3789 ἀμώμων.
1283 3739 1302 3771 ι
1335 3720 1597 3772 Ἐνταῦθα
1617 3714 1708 3772 οῦν
1725 3718 1880 3772 τοῦτό

312 3823 469 3876 φησιν
500 3808 604 3869 ὅτι,
635 3808 750 3861 Νῦν
774 3808 932 3861 τοῦτο
967 3810 1224 3880 πράττειν
1263 3811 1482 3878 ἔγνωκε,
1518 3811 1611 3863 καὶ
1638 3810 1730 3862 ἐπὶ
1759 3810 1880 3862 τοῦ·

311 3913 385 3966 τῳ
409 3897 471 3967 δὴ
501 3897 605 3967 τὴν
627 3898 806 3969 ὁρμὴν
837 3898 953 3969 ἔχει
997 3899 1096 3971 τὴν
1122 3901 1245 3953 καθ’
1280 3901 1455 3971 ὑμῶν,
1493 3901 1631 3954 ὥστε
1665 3901 1881 3955 ἅπαντα

316 3988 407 4057 μὲν
436 3988 504 4041 τὰ
534 3990 663 4060 παρ’
681 3990 807 4059 ὑμῖν
838 3991 1136 4053 συσσεῖσαι,
1168 3991 1405 4062 παντελῆ
1423 3991 1478 4044 δὲ
1511 3993 1639 4061 ὑμῖν
1673 3992 1880 4059 ἐπαγα-

313 4082 422 4146 τεῖν
440 4079 542 4151 τὴν
569 4081 862 4134 ἀπώλειαν.
904 4100 923 4133 ι
974 4083 1087 4135 Καὶ
1124 4082 1343 4150 νεφέλαι
1382 4084 1656 4153 κονιορτὸς
1703 4083 1880 4135 ποδῶν

314 4170 494 4228 αὐτοῦ.
534 4189 556 4222 ι
600 4171 935 4236 Ἀκολούθως
983 4171 1061 4243 τῷ
1098 4191 1116 4223 ι
1156 4172 1274 4237 ὁδὸς
1314 4192 1332 4225 ι
1363 4176 1557 4237 εἰπεῖν,
1595 4174 1877 4244 ἐπήγαγε,

323 4282 340 4312 ι
372 4261 615 4330 Νεφέλαι
650 4263 927 4333 κονιορτὸς
948 4262 1127 4316 ποδῶν
1151 4262 1314 4316 αὑτοῦ
1338 4281 1350 4295 ’
1380 4283 1399 4314 ι
1429 4263 1613 4335 ἐπειδὴ
1627 4264 1737 4332 γάρ
1752 4263 1872 4316 ἒπε-

1978 439 2125 496 mine
2153 441 2392 512 appellat
2438 444 2572 497 iram
2620 459 2786 513 quam
2820 444 2962 504 Deus
3004 447 3224 505 vesanis
3259 449 3541 507 hominum

1980 531 2193 584 actibus
2227 532 2585 589 exacerbatus
2612 536 2855 606 concipit
2884 536 3149 595 adversus
3182 539 3400 610 impios.
3451 540 3543 595 Sic

1979 619 2183 676 dicitur
2216 638 2229 675 :
2268 641 2286 673 ι
2324 621 2470 677 Vidit
2497 620 2782 690 Dominus,
2810 626 3035 698 zeloque
3062 629 3380 692 excanduit,
3418 647 3545 701 pro-

1978 719 2099 781 pter
2138 711 2273 767 iram
2310 712 2378 767 ad
2406 729 2568 784 quam
2599 731 2723 770 eum
2756 729 3191 787 provocaverunt
3224 720 3317 774 lilii
3352 722 3437 776 sui
3488 732 3540 776 et

1982 794 2102 852 tilia:
2126 798 2189 850 υ.
2230 816 2247 849 ι
2280 797 2386 852 Par
2419 808 2503 856 est
2546 817 2692 857 nunc
2730 818 2948 876 quoque
2979 806 3275 876 Scriptura:
3320 808 3541 874 locutio,

1979 887 2107 943 dum
2147 889 2283 944 iram
2319 891 2413 947 Dei
2456 896 2747 951 recitatura
2778 907 2863 953 est
2894 908 3085 955 contra
3118 900 3397 959 Ninivitas
3429 903 3543 958 sive

1978 980 2231 1050 Assyrios
2265 992 2592 1039 commotam
2631 986 2890 1059 (namque
2918 990 2970 1044 in
3004 991 3139 1047 urbe
3183 993 3544 1048 dominatrice

1982 1071 2290 1127 universam
2320 1081 2536 1145 gentem
2559 1075 2852 1149 designat),
2878 1081 3004 1149 quia
3026 1097 3240 1136 summa
3264 1084 3545 1153 impietate

1981 1179 2043 1219 ac
2070 1165 2276 1220 scelere
2301 1166 2411 1232 usi,
2459 1175 2538 1222 tot
2575 1177 2835 1240 tantaque
2871 1174 3012 1227 mala
3044 1182 3158 1228 tum
3206 1175 3328 1228 aliis
3358 1176 3545 1231 multis

1979 1255 2275 1309 intulerant
2322 1258 2559 1327 populis,
2600 1266 2713 1313 tum
2749 1261 2984 1332 denique
3035 1265 3198 1318 etiam
3244 1264 3542 1320 lsraelitis:

1978 1346 2110 1417 quin
2144 1347 2279 1401 adeo
2308 1346 2683 1420 Hierosolyma
2709 1350 2915 1430 adorti,
2944 1353 3120 1423 ipsum
3153 1356 3540 1424 prepemodum

1979 1438 2147 1491 Deum
2202 1437 2343 1492 bello
2373 1439 2780 1496 lacessivcrant.
2816 1442 3178 1508 Quamobrem
3225 1446 3542 1514 praeclarum

1981 1526 2109 1582 fecit
2145 1529 2355 1584 initium
2388 1532 2648 1601 propheta
2678 1535 2957 1604 appellans
2992 1535 3159 1590 Deum
3193 1536 3490 1592 Zelatorem
3526 1556 3539 1590 :

1981 1632 2175 1690 nempe
2203 1629 2258 1673 ut
2283 1621 2512 1687 diceret,
2545 1621 2646 1688 Qui
2688 1638 3011 1693 magnOpere
3042 1626 3199 1680 irasci
3224 1627 3542 1684 criminibus

1978 1709 2135 1773 solet,
2165 1711 2443 1782 multaque
2469 1712 2560 1767 ira:
2584 1714 2633 1768 vi
2673 1728 2792 1783 qua:
2816 1723 3098 1784 patrantur
3130 1716 3197 1771 ab
3228 1717 3545 1773 hominibus

1978 1800 2185 1856 scelera
2215 1802 2527 1867 vindicare,
2571 1811 2733 1875 atque
2762 1792 2859 1862 eos
2902 1823 3093 1865 onmcs
3140 1811 3232 1879 qui
3274 1811 3460 1866 hostili
3494 1819 3545 1864 et

1978 1890 2211 1946 adverso
2257 1892 2310 1945 in
2342 1908 2463 1947 eum
2497 1894 2681 1948 animo
2709 1907 2858 1961 sunt,
2892 1898 3070 1967 ptenis
3109 1899 3347 1955 irrelitos
3380 1901 3546 1955 exitio

1979 1980 2247 2039 addicere.
2276 1983 2479 2039 Deinde
2508 1988 2598 2057 qui
2633 1987 2745 2042 bare
2775 2002 2948 2059 nuper
2976 1990 3204 2055 dixerat,
3234 1990 3375 2045 idem
3401 1992 3543 2045 ntul-

1980 2081 2089 2126 tam
2123 2088 2153 2128 a
2189 2072 2299 2129 Deo
2340 2075 2768 2131 benevolentiam
2792 2094 2919 2150 erga
2958 2078 3209 2151 Assyrios
3249 2077 3547 2133 adhibitam

1980 2165 2075 2231 ait,
2107 2180 2217 2234 quo
2244 2173 2488 2237 tempore
2511 2166 2671 2222 beato
2693 2166 2844 2224 Jonm
2864 2169 3212 2224 concionanti
3244 2168 3547 2227 assentien-

1980 2267 2060 2311 tes
2101 2257 2464 2325 resipucrunt.
2523 2278 2541 2309 ι
2584 2256 2849 2315 Dominus
2882 2260 3133 2330 patiens;
3168 2275 3424 2331 magnum
3462 2276 3549 2313 ro-

1981 2346 2084 2400 bur
2137 2347 2279 2416 ejus.
2332 2348 2678 2404 Absolvendo
2725 2365 2831 2403 non
2892 2351 3134 2405 absolvet
3180 2348 3462 2405 Dominus.
3525 2367 3543 2397 ι

1980 2435 2254 2504 Quantum
2280 2439 2446 2503 enim,
2480 2440 2673 2509 inquit,
2725 2440 2995 2509 patienter
3036 2438 3180 2495 ferre
3202 2448 3255 2495 et
3292 2439 3550 2496 dissimu-

1981 2532 2092 2586 lare
2124 2540 2349 2601 peccata
2399 2546 2462 2584 ac
2508 2532 2713 2586 scelera
2751 2533 2921 2595 novit,
2976 2531 3247 2603 siquando
3297 2531 3547 2585 homines

1980 2623 2046 2676 ad
2076 2624 2297 2677 meliora
2338 2623 2580 2678 converti
2611 2622 2818 2685 viderit,
2844 2623 3177 2676 tantumdem
3212 2621 3551 2677 demonstrat

1983 2711 2122 2765 vires
2177 2727 2305 2767 suas
2357 2713 2409 2766 in
2459 2726 2632 2783 pinum
2676 2710 3070 2781 magnitudine,
3119 2710 3386 2780 siquando
3432 2711 3557 2765 sine

1981 2804 2314 2873 poenitentiae
2343 2820 2438 2875 spe
2473 2805 2657 2874 lapsos
2694 2802 2952 2868 senserit,
2994 2810 3157 2872 atque
3188 2803 3243 2856 in
3286 2801 3547 2855 malitiam

1983 2909 2250 2949 summam
2280 2903 2587 2966 provectos.
2617 2894 2885 2950 Nimirum
2917 2908 3014 2949 eos
3043 2908 3219 2965 neque
3251 2907 3278 2945 a
3303 2892 3555 2947 crimina-

1984 2986 2132 3039 tione
2160 2985 2370 3053 liberat,
2402 3001 2575 3055 neque
2602 3001 2630 3040 a
2669 2987 2952 3056 culparum
2994 2999 3187 3055 pcena;
3230 2984 3428 3055 quippe
3459 2986 3549 3054 qui

1977 3077 2089 3146 jam
2114 3076 2336 3134 suismet
2366 3078 2578 3135 actibus
2601 3076 2841 3132 damnati
2874 3084 3023 3133 sunt.

2057 3360 2215 3416 Vens.
2238 3361 2850 3432 4,5.-—217Quzcnam
2872 3377 3035 3434 porro
3051 3360 3341 3415 estharum
3363 3372 3544 3410 rerum

1981 3450 2417 3507 demonstratio?
2469 3470 2487 3502 ι
2511 3451 2567 3505 In
2621 3453 3094 3507 consummatione
3127 3458 3180 3503 et
3219 3449 3270 3500 in
3305 3461 3549 3499 commo-

1981 3542 2129 3594 tione
2150 3541 2233 3593 via
2267 3541 2407 3609 ejus.
2437 3560 2455 3592 ι
2492 3540 2646 3594 Viam
2680 3542 2812 3596 dicit
2842 3540 2931 3595 Dei
2966 3548 3185 3596 actum;
3218 3551 3378 3605 quam
3412 3535 3554 3589 locu-

1982 3635 2179 3687 tionem
2211 3633 2278 3686 de
2321 3629 2634 3685 [nominibus
2668 3646 2887 3701 quoque
2915 3644 3057 3698 smpe
3097 3632 3326 3697 usurpat
3368 3625 3556 3697 Scrip—

1982 3729 2138 3788 tura;
2190 3722 2391 3776 veluti:
2449 3740 2466 3771 ι
2492 3721 2652 3775 Novit
2700 3721 2962 3778 Dominus
2996 3722 3137 3775 viam
3177 3720 3557 3775 immaculato-

1982 3828 2102 3867 rum
2130 3813 2192 3865 ¹³.
2219 3832 2237 3866 ι
2272 3810 2383 3866 Iloe
2415 3812 2535 3865 loco
2567 3811 2780 3879 ait,sibi
2806 3813 2855 3867 id
2882 3828 3027 3867 nunc
3052 3812 3388 3882 propositum
3411 3824 3553 3869 esse.

1983 3914 2145 3975 atque
2181 3904 2387 3958 idcirco
2434 3902 2489 3959 in
2524 3920 2621 3962 vos
2659 3921 2838 3968 ruere,
2861 3915 2918 3959 ut
2946 3912 3129 3958 vestra
3156 3901 3339 3955 omnia
3367 3915 3557 3969 usque-

1980 4011 2194 4068 quaque
2227 4005 2586 4061 commoveat,
2610 3996 2873 4066 vobisque
2899 3994 3125 4048 exitium
3155 3990 3370 4046 inferat.
3398 4010 3416 4042 ι
3443 3987 3552 4045 Ne-

1982 4087 2120 4143 bulae
2159 4086 2331 4159 pulvis
2348 4087 2541 4159 pedum
2560 4087 2695 4158 ejus;
2714 4104 2733 4138 ι
2752 4084 3170 4152 Consequenter,
3188 4081 3310 4155 quia
3333 4098 3351 4132 ι
3369 4080 3506 4135 viam
3531 4100 3547 4127 ι

1982 4180 2212 4245 dixerat,
2246 4179 2417 4245 addit,
2467 4198 2484 4230 ι
2505 4177 2724 4233 Nebulae
2758 4176 2936 4247 pulvis
2962 4173 3159 4245 pedum
3188 4172 3327 4242 ejus.
3352 4190 3371 4223 ι
3422 4167 3555 4221 Nam

1985 4273 2146 4327 sicuti
2184 4270 2379 4326 accidit
2421 4276 2479 4323 ut
2519 4268 2566 4323 is
2601 4269 2693 4338 qui
2733 4266 2904 4321 multo
2936 4280 3058 4320 eum
3096 4265 3299 4333 impetu
3347 4260 3552 4323 currit,

312 4353 483 4424 ταιτῷ
511 4353 651 4423 μετά
668 4354 868 4423 πολλῆς
895 4352 1133 4424 ὁρμῶντι
1157 4355 1255 4424 τῆς
1286 4355 1555 4425 κινήσεως
1582 4355 1643 4409 τὸ
1669 4371 1881 4428 κονιορ-

1990 4362 2265 4431 pulverem
2301 4362 2356 4415 in
2395 4361 2615 4414 incessu
2650 4357 2879 4414 excitet:
2904 4357 2979 4411 ita
2999 4354 3332 4417 divinorum,
3359 4350 3555 4422 inquit,

313 4445 401 4496 τὸν
432 4444 713 4513 βαδίζοντα
739 4449 927 4509 κινεῖν,
948 4447 1173 4511 Τούτου,
1211 4447 1363 4519 φησὶ,
1395 4449 1671 4519 κονιορτὸς
1714 4448 1888 4501 ποδῶν

316 4536 366 4586 σί
392 4532 648 4601 νεφέλαι’
680 4535 766 4587 ἴνα
795 4532 1034 4606 atumet:
1085 4536 1303 4607 Ὀρμῶν
1329 4538 1412 4605 ἐφ’
1435 4537 1597 4606 ὑμᾶς,
1631 4537 1720 4590 τὸν
1750 4536 1888 4606 ἀέρα

317 4623 482 4677 πάντα
505 4622 626 4677 καθ’
644 4622 797 4695 ὑμῶν
826 4626 1116 4696 συστρέφει
1134 4643 1147 4658 ·
1177 4646 1195 4678 ι
1239 4626 1503 4679 ’Λπειλῶν
1524 4625 1767 4696 θαλάσσῃ
1796 4627 1887 4678 καὶ

322 4714 576 4785 ξηραίνων
593 4714 883 4785 αὑτὴν,καὶ
893 4718 1099 4781 πάντας
1114 4718 1240 4781 τοὺς
1256 4734 1393 4770 ποτα
1402 4719 1535 4788 μοὺς
1547 4717 1630 4782 ὲξε
1638 4735 1703 4788 ρη
1714 4719 1845 4787 μῶν.
1861 4736 1881 4769 ι

318 4804 597 4875 Αὐτάρκης
616 4803 673 4859 δὲ
698 4806 793 4858 καὶ
828 4807 962 4876 μόνῃ
985 4810 1134 4877 φωνῇ
1165 4806 1439 4861 θάλασσάν
1455 4824 1512 4860 τε
1535 4807 1762 4877 ξηρᾶναι
1791 4810 1886 4861 καὶ

320 4898 587 4966 ποταμοὺς
603 4898 699 4950 σὺν
717 4897 924 4969 ἐκείνῃ,
954 4897 1129 4967 δηλῶν
1158 4900 1240 4952 ὅτι
1270 4900 1442 4963 οὐδεὶς
1468 4900 1624 4962 πόνος
1649 4900 1795 4971 αὐτῷ
1825 4902 1885 4954 τὸ

321 4987 572 5060 ὑμέτερον
589 4988 843 5059 σύστημα
870 4991 1037 5042 καὶτὸ
1065 4990 1265 5061 πλῆθος
1283 4991 1343 5043 τὸ
1373 4992 1499 5060 παρ’
1521 4992 1648 5060 ὑμῖν
1678 4991 1883 5045 ἀνελεῖν

324 5076 639 5149 βουληθέντι.
668 5076 804 5133 Εἶτα
830 5080 1030 5133 καὶτοῦ
1048 5082 1331 5148 γινομένου
1348 5082 1445 5151 τὴν
1462 5082 1729 5146 ἀπόδειξιν
1748 5101 1886 5154 παρ-

324 5170 579 5240 εχόμενοςο
604 5191 622 5223 ι
646 5169 914 5241 Ὠλιγώθη
947 5174 980 5241 ἡ
1006 5172 1287 5235 Βασανῖτις
1301 5173 1389 5225 καὶ
1421 5174 1449 5223 ὁ
1474 5172 1785 5242 Κάρμηλος,
1808 5175 1881 5245 (p.

323 5260 434 5333 55?.)
463 5264 552 5316 καὶ
578 5264 762 5317 πάντα
785 5261 856 5315 τὰ
886 5260 1212 5325 ἐξανθοῦντα
1241 5263 1332 5315 τοῦ
1352 5264 1582 5317 Λιϐάνου
1605 5265 1847 5329 ἐξέλιπεν
1869 5284 1880 5295 '

322 5350 377 5406 τὰ
408 5350 500 5426 ὅρη
526 5351 751 5422 ἐσείσθη
784 5351 881 5405 ἀπ’
907 5351 1095 5416 αὐτοῦ,
1131 5350 1222 5401 καὶ
1244 5350 1291 5401 οἱ
1311 5347 1879 5420 βοννοὶέσαλεύθησαν,

318 5445 395 5498 καὶ
446 5443 723 5513 ἀνεστάλη
766 5443 801 5511 ἡ
840 5441 912 5510 γῆ
942 5442 1051 5497 ἀπὸ
1093 5442 1441 5513 προσώπουὴ
1490 5444 1768 5513 σύμπασα,
1794 5446 1885 5498 καὶ

375 5630 410 5661 ’⁸
442 5629 595 5685 Deut,
632 5637 822 5684 usu,
872 5615 951 5673 19.
1032 5619 1073 5649 ¹³
1100 5618 1239 5673 Psal.
1266 5634 1444 5682 xxxx‘l,
1486 5619 1562 5671 13.

1987 4453 2182 4520 pedum
2214 4451 2391 4520 pulvis
2423 4448 2633 4504 nebula:
2665 4454 2812 4503 sunt.
2847 4445 3052 4516 Nempe
3080 4444 3352 4515 significat
3384 4457 3414 4494 a
3447 4439 3557 4495 Deo

1989 4546 2042 4598 in
2094 4558 2187 4599 vos
2232 4542 2475 4596 irruente
2523 4539 2840 4593 universum
2880 4550 3059 4590 acrem
3108 4543 3309 4603 contra.
3348 4539 3560 4585 vosmet

1985 4633 2255 4688 convolvi.
2315 4650 2331 4683 ι
2358 4630 2611 4686 Minitans
2646 4628 2813 4694 mari,
2861 4625 3102 4695 illudque
3154 4622 3472 4685 exsiccans,
3506 4629 3559 4675 et

1984 4726 2204 4781 ﬂumina
2238 4723 2762 4779 cunctadevastans.
2791 4740 2809 4772 ι
2835 4718 2939 4786 Qui
2962 4721 3137 4787 potest
3160 4713 3366 4770 scilicet
3396 4710 3558 4766 unius

1983 4832 2085 4888 0pc
2107 4818 2258 4872 vocis
2286 4832 2435 4872 mare
2462 4815 2764 4884 ﬂuviosque
2790 4811 2993 4882 pariter
3016 4806 3315 4863 exsiccare.
3348 4801 3559 4868 Quibus

1982 4911 2165 4965 verbis
2211 4909 2354 4963 Deus
2399 4909 2640 4963 declarat
2692 4903 2949 4977 perfacile
3000 4899 3103 4955 sibi
3144 4912 3268 4952 esse
3315 4899 3557 4947 vestrum

1984 5000 2238 5069 populum
2289 4999 2684 5068 quantumlibet
2738 5009 2967 5052 numero
3018 4992 3290 5061 ingentem
3332 4983 3552 5039 exscin-

1985 5085 2134 5148 dere,
2157 5085 2426 5154 siquando
2443 5085 2690 5139 voluerit.
2720 5081 2923 5138 Deinde
2944 5080 3021 5134 rei
3039 5086 3199 5145 gesta:
3220 5075 3562 5128 demonstrae

1993 5177 2192 5229 tionem
2242 5175 2522 5243 proferens
2559 5195 2571 5229 :
2616 5192 2634 5226 ι
2673 5174 2960 5229 Imminuta
2993 5177 3098 5234 cst,
3151 5167 3244 5231 ait,
3290 5163 3560 5219 Basanitis

1993 5277 2043 5319 et
2078 5266 2379 5330 Carmelus,
2414 5276 2466 5320 et
2498 5267 2677 5320 omnis
2710 5264 2901 5319 Libani
2950 5261 3050 5315 llos
3082 5258 3310 5314 defecit:
3350 5261 3560 5310 montes

1994 5371 2021 5408 a
2070 5355 2176 5409 Deo
2212 5357 2463 5409 concussi
2498 5355 2717 5409 fuerunt
2750 5353 3022 5421 collesque
3063 5348 3350 5404 commoti:
3404 5344 3562 5399 tellus

1995 5462 2175 5500 coram
2204 5462 2267 5501 co
2297 5462 2417 5500 cum
2446 5445 2654 5502 colonis
2688 5444 2799 5501 suis
2824 5442 3052 5498 inhibita
3077 5449 3178 5500 est.
3208 5458 3225 5493 ι
3269 5436 3559 5493 Enimvero
