  <div class='ocr_page' id='page_1' title='image "/cluster/home/n/w/nwhite01/storage/ocr_20150623/66/mdp.39015008467477/211.png"; bbox 0 0 4022 6138; ppageno 0'>
   <div class='ocr_carea' id='block_1_1' title="bbox 401 276 505 332">
    <p class='ocr_par' dir='ltr' id='par_1_1' title="bbox 401 276 505 332">
     <span class='ocr_line' id='line_1_1' title="bbox 401 276 505 332; baseline -0.019 0"><span class='ocrx_word' id='word_1_1' title='bbox 401 276 505 332; x_wconf 67' lang='grc'>407</span> 
     </span>
    </p>
   </div>
   <div class='ocr_carea' id='block_1_2' title="bbox 1580 284 2451 349">
    <p class='ocr_par' dir='ltr' id='par_1_2' title="bbox 1580 284 2451 349">
     <span class='ocr_line' id='line_1_2' title="bbox 1580 284 2451 349; baseline 0.01 -9"><span class='ocrx_word' id='word_1_2' title='bbox 1580 284 1927 345; x_wconf 71' lang='lat' dir='ltr'>THEODORI</span> <span class='ocrx_word' id='word_1_3' title='bbox 1965 286 2451 349; x_wconf 77' lang='lat' dir='ltr'>MOPSUESTENI</span> 
     </span>
    </p>
   </div>
   <div class='ocr_carea' id='block_1_3' title="bbox 3527 293 3632 354">
    <p class='ocr_par' dir='ltr' id='par_1_3' title="bbox 3527 293 3632 354">
     <span class='ocr_line' id='line_1_3' title="bbox 3527 293 3632 354; baseline 0 -1"><span class='ocrx_word' id='word_1_4' title='bbox 3527 293 3632 354; x_wconf 63' lang='lat'>£03</span> 
     </span>
    </p>
   </div>
   <div class='ocr_carea' id='block_1_4' title="bbox 399 394 1972 484">
    <p class='ocr_par' dir='ltr' id='par_1_4' title="bbox 399 394 1963 476">
     <span class='ocr_line' id='line_1_4' title="bbox 399 394 1963 476; baseline 0.01 -27"><span class='ocrx_word' id='word_1_5' title='bbox 399 394 686 467; x_wconf 78' lang='lat' dir='ltr'><strong>quidquid,</strong></span> <span class='ocrx_word' id='word_1_6' title='bbox 715 397 910 469; x_wconf 86' lang='lat' dir='ltr'><strong>inquit,</strong></span> <span class='ocrx_word' id='word_1_7' title='bbox 943 402 1142 456; x_wconf 90' lang='lat' dir='ltr'><strong>vestrls</strong></span> <span class='ocrx_word' id='word_1_8' title='bbox 1172 404 1425 459; x_wconf 84' lang='lat' dir='ltr'><strong>manibus</strong></span> <span class='ocrx_word' id='word_1_9' title='bbox 1456 406 1602 476; x_wconf 83' lang='lat' dir='ltr'><strong>passi</strong></span> <span class='ocrx_word' id='word_1_10' title='bbox 1632 415 1759 461; x_wconf 89' lang='lat' dir='ltr'><strong>sunt</strong></span> <span class='ocrx_word' id='word_1_11' title='bbox 1789 406 1963 464; x_wconf 86' lang='lat' dir='ltr'><strong>Israe-</strong></span> 
     </span>
    </p>
   </div>
   <div class='ocr_carea' id='block_1_5' title="bbox 2076 394 3642 484">
    <p class='ocr_par' dir='ltr' id='par_1_5' title="bbox 2076 402 3642 484">
     <span class='ocr_line' id='line_1_5' title="bbox 2076 402 3642 484; baseline 0.003 -22"><span class='ocrx_word' id='word_1_12' title='bbox 2076 408 2272 476; x_wconf 82' lang='grc' dir='ltr'>πάντες</span> <span class='ocrx_word' id='word_1_13' title='bbox 2301 410 2350 464; x_wconf 84' lang='grc' dir='ltr'>οἱ</span> <span class='ocrx_word' id='word_1_14' title='bbox 2364 411 2743 477; x_wconf 74' lang='grc' dir='ltr'>κατοικοῦντες</span> <span class='ocrx_word' id='word_1_15' title='bbox 2766 409 2822 467; x_wconf 79' lang='grc' dir='ltr'>ἐν</span> <span class='ocrx_word' id='word_1_16' title='bbox 2842 409 3002 484; x_wconf 71' lang='grc' dir='ltr'>αὐτῇ.</span> <span class='ocrx_word' id='word_1_17' title='bbox 3027 431 3047 465; x_wconf 74' lang='grc' dir='ltr'>ι</span> <span class='ocrx_word' id='word_1_18' title='bbox 3072 408 3183 466; x_wconf 73' lang='grc' dir='ltr'>Καὶ</span> <span class='ocrx_word' id='word_1_19' title='bbox 3206 402 3315 483; x_wconf 76' lang='grc' dir='ltr'>γάρ</span> <span class='ocrx_word' id='word_1_20' title='bbox 3339 411 3434 466; x_wconf 73' lang='grc' dir='ltr'>καὶ</span> <span class='ocrx_word' id='word_1_21' title='bbox 3451 411 3642 479; x_wconf 80' lang='grc' dir='ltr'>ὁπόσα,</span> 
     </span>
    </p>
   </div>
   <div class='ocr_carea' id='block_1_6' title="bbox 402 484 1969 568">
    <p class='ocr_par' dir='ltr' id='par_1_6' title="bbox 402 484 1969 568">
     <span class='ocr_line' id='line_1_6' title="bbox 402 484 1969 568; baseline 0.01 -29"><span class='ocrx_word' id='word_1_22' title='bbox 402 484 541 547; x_wconf 67' lang='lat' dir='ltr'><strong>litae,</strong></span> <span class='ocrx_word' id='word_1_23' title='bbox 585 486 703 553; x_wconf 86' lang='lat' dir='ltr'><strong>ejus</strong></span> <span class='ocrx_word' id='word_1_24' title='bbox 733 487 784 542; x_wconf 92' lang='lat' dir='ltr'>id</span> <span class='ocrx_word' id='word_1_25' title='bbox 818 504 979 545; x_wconf 88' lang='lat' dir='ltr'><strong>onme</strong></span> <span class='ocrx_word' id='word_1_26' title='bbox 1005 492 1285 549; x_wconf 86' lang='lat' dir='ltr'><strong>voluntate</strong></span> <span class='ocrx_word' id='word_1_27' title='bbox 1329 496 1584 566; x_wconf 76' lang='lat' dir='ltr'><strong>contigit,</strong></span> <span class='ocrx_word' id='word_1_28' title='bbox 1629 498 1719 568; x_wconf 91' lang='lat' dir='ltr'>qui</span> <span class='ocrx_word' id='word_1_29' title='bbox 1754 498 1969 554; x_wconf 91' lang='lat' dir='ltr'><strong>illorum</strong></span> 
     </span>
    </p>
   </div>
   <div class='ocr_carea' id='block_1_7' title="bbox 404 575 1972 658">
    <p class='ocr_par' dir='ltr' id='par_1_7' title="bbox 404 575 1972 658">
     <span class='ocr_line' id='line_1_7' title="bbox 404 575 1972 658; baseline 0.011 -28"><span class='ocrx_word' id='word_1_30' title='bbox 404 575 599 631; x_wconf 77' lang='lat' dir='ltr'><strong>sceleri</strong></span> <span class='ocrx_word' id='word_1_31' title='bbox 647 576 894 634; x_wconf 74' lang='lat' dir='ltr'><strong>infensus</strong></span> <span class='ocrx_word' id='word_1_32' title='bbox 945 581 1072 635; x_wconf 82' lang='lat' dir='ltr'><strong>sivit</strong></span> <span class='ocrx_word' id='word_1_33' title='bbox 1111 598 1206 640; x_wconf 91' lang='lat' dir='ltr'><strong>eos</strong></span> <span class='ocrx_word' id='word_1_34' title='bbox 1249 586 1386 654; x_wconf 79' lang='lat' dir='ltr'><strong>pati,</strong></span> <span class='ocrx_word' id='word_1_35' title='bbox 1436 575 1772 658; x_wconf 58' lang='lat' dir='ltr'><strong>quaecunque</strong></span> <span class='ocrx_word' id='word_1_36' title='bbox 1817 592 1972 650; x_wconf 80' lang='lat' dir='ltr'><strong>vobis</strong></span> 
     </span>
    </p>
   </div>
   <div class='ocr_carea' id='block_1_8' title="bbox 406 668 1969 742">
    <p class='ocr_par' dir='ltr' id='par_1_8' title="bbox 406 668 1969 742">
     <span class='ocr_line' id='line_1_8' title="bbox 406 668 1969 742; baseline 0.013 -24"><span class='ocrx_word' id='word_1_37' title='bbox 406 673 621 733; x_wconf 76' lang='lat' dir='ltr'><strong>patrare</strong></span> <span class='ocrx_word' id='word_1_38' title='bbox 650 668 929 725; x_wconf 88' lang='lat' dir='ltr'><strong>collibnit:</strong></span> <span class='ocrx_word' id='word_1_39' title='bbox 954 687 1123 742; x_wconf 82' lang='lat' dir='ltr'><strong>quare</strong></span> <span class='ocrx_word' id='word_1_40' title='bbox 1150 675 1294 732; x_wconf 87' lang='lat' dir='ltr'><strong>haud</strong></span> <span class='ocrx_word' id='word_1_41' title='bbox 1316 685 1619 735; x_wconf 87' lang='lat' dir='ltr'><strong>vestrarum</strong></span> <span class='ocrx_word' id='word_1_42' title='bbox 1650 682 1846 737; x_wconf 89' lang='lat' dir='ltr'><strong>virium</strong></span> <span class='ocrx_word' id='word_1_43' title='bbox 1881 684 1969 738; x_wconf 90' lang='lat' dir='ltr'><strong>illa</strong></span> 
     </span>
    </p>
   </div>
   <div class='ocr_carea' id='block_1_9' title="bbox 405 755 1972 845">
    <p class='ocr_par' dir='ltr' id='par_1_9' title="bbox 405 755 1972 845">
     <span class='ocr_line' id='line_1_9' title="bbox 405 755 1972 845; baseline 0.015 -37"><span class='ocrx_word' id='word_1_44' title='bbox 405 755 647 823; x_wconf 77' lang='lat' dir='ltr'><strong>fuerunt,</strong></span> <span class='ocrx_word' id='word_1_45' title='bbox 681 760 775 814; x_wconf 88' lang='lat' dir='ltr'><strong>sed</strong></span> <span class='ocrx_word' id='word_1_46' title='bbox 808 760 975 818; x_wconf 86' lang='lat' dir='ltr'><strong>divini</strong></span> <span class='ocrx_word' id='word_1_47' title='bbox 1010 767 1227 822; x_wconf 85' lang='lat' dir='ltr'><strong>consilii</strong></span> <span class='ocrx_word' id='word_1_48' title='bbox 1265 784 1448 839; x_wconf 91' lang='lat' dir='ltr'><strong>opera.</strong></span> <span class='ocrx_word' id='word_1_49' title='bbox 1489 768 1889 845; x_wconf 84' lang='lat' dir='ltr'><strong>Pr0ptereaque</strong></span> <span class='ocrx_word' id='word_1_50' title='bbox 1919 785 1972 830; x_wconf 85' lang='lat' dir='ltr'>et</span> 
     </span>
    </p>
   </div>
   <div class='ocr_carea' id='block_1_10' title="bbox 402 845 1970 920">
    <p class='ocr_par' dir='ltr' id='par_1_10' title="bbox 402 845 1970 920">
     <span class='ocr_line' id='line_1_10' title="bbox 402 845 1970 920; baseline 0.013 -21"><span class='ocrx_word' id='word_1_51' title='bbox 402 845 675 903; x_wconf 79' lang='lat' dir='ltr'><strong>Basanitis</strong></span> <span class='ocrx_word' id='word_1_52' title='bbox 715 856 769 903; x_wconf 86' lang='lat' dir='ltr'>et</span> <span class='ocrx_word' id='word_1_53' title='bbox 809 850 1113 910; x_wconf 85' lang='lat' dir='ltr'><strong>Carmelus.</strong></span> <span class='ocrx_word' id='word_1_54' title='bbox 1140 864 1194 913; x_wconf 91' lang='lat' dir='ltr'><strong>et</strong></span> <span class='ocrx_word' id='word_1_55' title='bbox 1231 857 1420 915; x_wconf 87' lang='lat' dir='ltr'><strong>Libani</strong></span> <span class='ocrx_word' id='word_1_56' title='bbox 1468 862 1632 917; x_wconf 80' lang='lat' dir='ltr'>decor</span> <span class='ocrx_word' id='word_1_57' title='bbox 1663 866 1828 920; x_wconf 79' lang='lat' dir='ltr'><strong>exitio</strong></span> <span class='ocrx_word' id='word_1_58' title='bbox 1860 865 1970 920; x_wconf 87' lang='lat' dir='ltr'><strong>dati</strong></span> 
     </span>
    </p>
   </div>
   <div class='ocr_carea' id='block_1_11' title="bbox 405 936 1971 1019">
    <p class='ocr_par' dir='ltr' id='par_1_11' title="bbox 405 936 1971 1019">
     <span class='ocr_line' id='line_1_11' title="bbox 405 936 1971 1019; baseline 0.013 -29"><span class='ocrx_word' id='word_1_59' title='bbox 405 936 654 1005; x_wconf 71' lang='lat' dir='ltr'><strong>fuerunt,</strong></span> <span class='ocrx_word' id='word_1_60' title='bbox 702 950 1022 1016; x_wconf 74' lang='lat' dir='ltr'>montesque</span> <span class='ocrx_word' id='word_1_61' title='bbox 1071 950 1457 1019; x_wconf 86' lang='lat' dir='ltr'><strong>propemodum</strong></span> <span class='ocrx_word' id='word_1_62' title='bbox 1508 959 1561 1008; x_wconf 92' lang='lat' dir='ltr'><strong>et</strong></span> <span class='ocrx_word' id='word_1_63' title='bbox 1607 956 1776 1013; x_wconf 90' lang='lat' dir='ltr'><strong>colles</strong></span> <span class='ocrx_word' id='word_1_64' title='bbox 1809 955 1971 1012; x_wconf 86' lang='lat' dir='ltr'><strong>simul</strong></span> 
     </span>
    </p>
   </div>
   <div class='ocr_carea' id='block_1_12' title="bbox 405 1033 1968 1110">
    <p class='ocr_par' dir='ltr' id='par_1_12' title="bbox 405 1033 1968 1110">
     <span class='ocr_line' id='line_1_12' title="bbox 405 1033 1968 1110; baseline 0.013 -31"><span class='ocrx_word' id='word_1_65' title='bbox 405 1040 596 1083; x_wconf 80' lang='lat' dir='ltr'><strong>otnnes</strong></span> <span class='ocrx_word' id='word_1_66' title='bbox 632 1033 888 1086; x_wconf 91' lang='lat' dir='ltr'><strong>commoti</strong></span> <span class='ocrx_word' id='word_1_67' title='bbox 937 1045 1082 1091; x_wconf 88' lang='lat' dir='ltr'><strong>sunt.</strong></span> <span class='ocrx_word' id='word_1_68' title='bbox 1110 1036 1286 1109; x_wconf 83' lang='lat' dir='ltr'><strong>Atque</strong></span> <span class='ocrx_word' id='word_1_69' title='bbox 1315 1048 1375 1093; x_wconf 87' lang='lat' dir='ltr'><strong>ut</strong></span> <span class='ocrx_word' id='word_1_70' title='bbox 1400 1043 1712 1097; x_wconf 86' lang='lat' dir='ltr'><strong>summatim</strong></span> <span class='ocrx_word' id='word_1_71' title='bbox 1756 1043 1930 1099; x_wconf 86' lang='lat' dir='ltr'><strong>dicam</strong></span> <span class='ocrx_word' id='word_1_72' title='bbox 1954 1088 1968 1110; x_wconf 92' lang='lat'>,</span> 
     </span>
    </p>
   </div>
   <div class='ocr_carea' id='block_1_13' title="bbox 402 1121 1972 1194">
    <p class='ocr_par' dir='ltr' id='par_1_13' title="bbox 402 1121 1972 1194">
     <span class='ocr_line' id='line_1_13' title="bbox 402 1121 1972 1194; baseline 0.015 -25"><span class='ocrx_word' id='word_1_73' title='bbox 402 1124 657 1172; x_wconf 82' lang='lat' dir='ltr'><strong>cunctam</strong></span> <span class='ocrx_word' id='word_1_74' title='bbox 686 1121 756 1176; x_wconf 91' lang='lat' dir='ltr'>ab</span> <span class='ocrx_word' id='word_1_75' title='bbox 797 1132 1020 1194; x_wconf 84' lang='lat' dir='ltr'><strong>aspectu</strong></span> <span class='ocrx_word' id='word_1_76' title='bbox 1067 1141 1166 1182; x_wconf 92' lang='lat' dir='ltr'><strong>suo</strong></span> <span class='ocrx_word' id='word_1_77' title='bbox 1197 1136 1394 1183; x_wconf 86' lang='lat' dir='ltr'><strong>terram</strong></span> <span class='ocrx_word' id='word_1_78' title='bbox 1428 1129 1574 1186; x_wconf 83' lang='lat' dir='ltr'><strong>illam</strong></span> <span class='ocrx_word' id='word_1_79' title='bbox 1620 1148 1742 1188; x_wconf 91' lang='lat' dir='ltr'>cum</span> <span class='ocrx_word' id='word_1_80' title='bbox 1775 1133 1972 1192; x_wconf 87' lang='lat' dir='ltr'><strong>incolis</strong></span> 
     </span>
    </p>
   </div>
   <div class='ocr_carea' id='block_1_14' title="bbox 402 1209 1828 1284">
    <p class='ocr_par' dir='ltr' id='par_1_14' title="bbox 402 1209 1828 1284">
     <span class='ocr_line' id='line_1_14' title="bbox 402 1209 1828 1284; baseline 0.013 -18"><span class='ocrx_word' id='word_1_81' title='bbox 402 1209 525 1280; x_wconf 76' lang='lat' dir='ltr'><strong>ejus</strong></span> <span class='ocrx_word' id='word_1_82' title='bbox 557 1212 833 1271; x_wconf 78' lang='lat' dir='ltr'><strong>submovit</strong></span> <span class='ocrx_word' id='word_1_83' title='bbox 866 1216 1030 1284; x_wconf 82' lang='lat' dir='ltr'><strong>Deus,</strong></span> <span class='ocrx_word' id='word_1_84' title='bbox 1063 1221 1198 1277; x_wconf 82' lang='lat' dir='ltr'><strong>vitia</strong></span> <span class='ocrx_word' id='word_1_85' title='bbox 1230 1222 1450 1279; x_wconf 86' lang='lat' dir='ltr'><strong>illorum</strong></span> <span class='ocrx_word' id='word_1_86' title='bbox 1484 1224 1828 1283; x_wconf 86' lang='lat' dir='ltr'><strong>abominans.</strong></span> 
     </span>
    </p>
   </div>
   <div class='ocr_carea' id='block_1_15' title="bbox 1662 1403 1746 1411">
    <p class='ocr_par' dir='ltr' id='par_1_15' title="bbox 1662 1403 1746 1411">
     <span class='ocr_line' id='line_1_15' title="bbox 1662 1403 1746 1411; baseline 0 0"><span class='ocrx_word' id='word_1_87' title='bbox 1662 1403 1746 1411; x_wconf 61' lang='grc' dir='ltr'>ν-ος</span> 
     </span>
    </p>
   </div>
   <div class='ocr_carea' id='block_1_16' title="bbox 480 1515 1974 1603">
    <p class='ocr_par' dir='ltr' id='par_1_16' title="bbox 480 1515 1974 1603">
     <span class='ocr_line' id='line_1_16' title="bbox 480 1515 1974 1603; baseline 0.013 -32"><span class='ocrx_word' id='word_1_88' title='bbox 480 1515 643 1576; x_wconf 70' lang='lat' dir='ltr'><strong>Vens.</strong></span> <span class='ocrx_word' id='word_1_89' title='bbox 680 1522 947 1580; x_wconf 74' lang='lat' dir='ltr'>6-lO.--t</span> <span class='ocrx_word' id='word_1_90' title='bbox 968 1528 1008 1580; x_wconf 78' lang='grc' dir='ltr'><strong>Α</strong></span> <span class='ocrx_word' id='word_1_91' title='bbox 1043 1526 1180 1584; x_wconf 81' lang='lat' dir='ltr'><strong>facie</strong></span> <span class='ocrx_word' id='word_1_92' title='bbox 1212 1528 1306 1585; x_wconf 77' lang='lat' dir='ltr'><strong>ira:</strong></span> <span class='ocrx_word' id='word_1_93' title='bbox 1335 1532 1456 1602; x_wconf 82' lang='lat' dir='ltr'><strong>ejus</strong></span> <span class='ocrx_word' id='word_1_94' title='bbox 1487 1533 1610 1603; x_wconf 85' lang='lat' dir='ltr'><strong>quis</strong></span> <span class='ocrx_word' id='word_1_95' title='bbox 1640 1536 1974 1590; x_wconf 80' lang='lat' dir='ltr'><strong>sustinebit?</strong></span> 
     </span>
    </p>
   </div>
   <div class='ocr_carea' id='block_1_17' title="bbox 405 1606 1971 1696">
    <p class='ocr_par' dir='ltr' id='par_1_17' title="bbox 405 1606 1971 1696">
     <span class='ocr_line' id='line_1_17' title="bbox 405 1606 1971 1696; baseline 0.014 -36"><span class='ocrx_word' id='word_1_96' title='bbox 405 1606 575 1664; x_wconf 77' lang='lat' dir='ltr'><strong>furori</strong></span> <span class='ocrx_word' id='word_1_97' title='bbox 605 1611 698 1667; x_wconf 70' lang='lat' dir='ltr'><strong>ira:</strong></span> <span class='ocrx_word' id='word_1_98' title='bbox 726 1613 845 1684; x_wconf 86' lang='lat' dir='ltr'>ejus</span> <span class='ocrx_word' id='word_1_99' title='bbox 867 1616 991 1686; x_wconf 86' lang='lat' dir='ltr'><strong>quis</strong></span> <span class='ocrx_word' id='word_1_100' title='bbox 1017 1618 1270 1675; x_wconf 82' lang='lat' dir='ltr'><strong>resistet?</strong></span> <span class='ocrx_word' id='word_1_101' title='bbox 1296 1619 1471 1676; x_wconf 82' lang='lat' dir='ltr'>Furor</span> <span class='ocrx_word' id='word_1_102' title='bbox 1504 1623 1625 1693; x_wconf 85' lang='lat' dir='ltr'><strong>ejus</strong></span> <span class='ocrx_word' id='word_1_103' title='bbox 1665 1624 1831 1696; x_wconf 75' lang='lat'>218</span> <span class='ocrx_word' id='word_1_104' title='bbox 1859 1627 1971 1683; x_wconf 90' lang='lat' dir='ltr'><strong>dis-</strong></span> 
     </span>
    </p>
   </div>
   <div class='ocr_carea' id='block_1_18' title="bbox 406 1697 1967 1778">
    <p class='ocr_par' dir='ltr' id='par_1_18' title="bbox 406 1697 1967 1778">
     <span class='ocr_line' id='line_1_18' title="bbox 406 1697 1967 1778; baseline 0.014 -28"><span class='ocrx_word' id='word_1_105' title='bbox 406 1697 566 1754; x_wconf 78' lang='lat' dir='ltr'><strong>solvit</strong></span> <span class='ocrx_word' id='word_1_106' title='bbox 598 1702 957 1774; x_wconf 82' lang='lat' dir='ltr'><strong>principatus,</strong></span> <span class='ocrx_word' id='word_1_107' title='bbox 982 1717 1148 1778; x_wconf 78' lang='lat' dir='ltr'><strong>petrae</strong></span> <span class='ocrx_word' id='word_1_108' title='bbox 1175 1708 1245 1764; x_wconf 91' lang='lat' dir='ltr'>ab</span> <span class='ocrx_word' id='word_1_109' title='bbox 1277 1723 1344 1764; x_wconf 89' lang='lat' dir='ltr'><strong>eo</strong></span> <span class='ocrx_word' id='word_1_110' title='bbox 1366 1718 1744 1768; x_wconf 91' lang='lat' dir='ltr'><strong>conteruntur.</strong></span> <span class='ocrx_word' id='word_1_111' title='bbox 1773 1732 1793 1766; x_wconf 73' lang='grc' dir='ltr'>ι</span> <span class='ocrx_word' id='word_1_112' title='bbox 1833 1714 1967 1771; x_wconf 85' lang='lat' dir='ltr'><strong>Hinc</strong></span> 
     </span>
    </p>
   </div>
   <div class='ocr_carea' id='block_1_19' title="bbox 404 1791 1966 1876">
    <p class='ocr_par' dir='ltr' id='par_1_19' title="bbox 404 1791 1966 1876">
     <span class='ocr_line' id='line_1_19' title="bbox 404 1791 1966 1876; baseline 0.011 -34"><span class='ocrx_word' id='word_1_113' title='bbox 404 1791 681 1849; x_wconf 79' lang='lat' dir='ltr'><strong>enimvero</strong></span> <span class='ocrx_word' id='word_1_114' title='bbox 715 1797 865 1854; x_wconf 84' lang='lat' dir='ltr'><strong>vobis</strong></span> <span class='ocrx_word' id='word_1_115' title='bbox 894 1809 1139 1864; x_wconf 89' lang='lat' dir='ltr'><strong>constat,</strong></span> <span class='ocrx_word' id='word_1_116' title='bbox 1191 1802 1463 1857; x_wconf 86' lang='lat' dir='ltr'><strong>neminem</strong></span> <span class='ocrx_word' id='word_1_117' title='bbox 1509 1819 1673 1874; x_wconf 89' lang='lat' dir='ltr'><strong>posse</strong></span> <span class='ocrx_word' id='word_1_118' title='bbox 1714 1807 1966 1876; x_wconf 89' lang='lat' dir='ltr'><strong>potestati</strong></span> 
     </span>
    </p>
   </div>
   <div class='ocr_carea' id='block_1_20' title="bbox 403 1877 1971 1960">
    <p class='ocr_par' dir='ltr' id='par_1_20' title="bbox 403 1877 1971 1960">
     <span class='ocr_line' id='line_1_20' title="bbox 403 1877 1971 1960; baseline 0.011 -28"><span class='ocrx_word' id='word_1_119' title='bbox 403 1877 498 1935; x_wconf 90' lang='lat' dir='ltr'><strong>Dei</strong></span> <span class='ocrx_word' id='word_1_120' title='bbox 529 1883 824 1953; x_wconf 80' lang='lat' dir='ltr'><strong>resistere,</strong></span> <span class='ocrx_word' id='word_1_121' title='bbox 844 1888 937 1956; x_wconf 88' lang='lat' dir='ltr'><strong>qui</strong></span> <span class='ocrx_word' id='word_1_122' title='bbox 970 1889 1187 1958; x_wconf 87' lang='lat' dir='ltr'><strong>quidem</strong></span> <span class='ocrx_word' id='word_1_123' title='bbox 1225 1904 1324 1960; x_wconf 87' lang='lat' dir='ltr'>par</span> <span class='ocrx_word' id='word_1_124' title='bbox 1361 1901 1447 1946; x_wconf 86' lang='lat' dir='ltr'>est</span> <span class='ocrx_word' id='word_1_125' title='bbox 1477 1896 1822 1952; x_wconf 87' lang='lat' dir='ltr'><strong>conterendis</strong></span> <span class='ocrx_word' id='word_1_126' title='bbox 1867 1897 1971 1950; x_wconf 89' lang='lat' dir='ltr'><strong>im-</strong></span> 
     </span>
    </p>
   </div>
   <div class='ocr_carea' id='block_1_21' title="bbox 404 1972 1972 2055">
    <p class='ocr_par' dir='ltr' id='par_1_21' title="bbox 404 1972 1972 2055">
     <span class='ocr_line' id='line_1_21' title="bbox 404 1972 1972 2055; baseline 0.012 -31"><span class='ocrx_word' id='word_1_127' title='bbox 404 1972 573 2041; x_wconf 86' lang='lat' dir='ltr'><strong>periis</strong></span> <span class='ocrx_word' id='word_1_128' title='bbox 620 1976 870 2033; x_wconf 77' lang='lat' dir='ltr'><strong>maximis</strong></span> <span class='ocrx_word' id='word_1_129' title='bbox 917 1993 981 2034; x_wconf 87' lang='lat' dir='ltr'>ac</span> <span class='ocrx_word' id='word_1_130' title='bbox 1024 1982 1452 2049; x_wconf 90' lang='lat' dir='ltr'><strong>potentissimis,</strong></span> <span class='ocrx_word' id='word_1_131' title='bbox 1509 1985 1684 2055; x_wconf 89' lang='lat' dir='ltr'><strong>iisque</strong></span> <span class='ocrx_word' id='word_1_132' title='bbox 1725 1985 1972 2044; x_wconf 79' lang='lat' dir='ltr'><strong>funditus</strong></span> 
     </span>
    </p>
   </div>
   <div class='ocr_carea' id='block_1_22' title="bbox 405 2063 1973 2142">
    <p class='ocr_par' dir='ltr' id='par_1_22' title="bbox 405 2063 1973 2142">
     <span class='ocr_line' id='line_1_22' title="bbox 405 2063 1973 2142; baseline 0.013 -29"><span class='ocrx_word' id='word_1_133' title='bbox 405 2063 770 2119; x_wconf 88' lang='lat' dir='ltr'><strong>destruendis.</strong></span> <span class='ocrx_word' id='word_1_134' title='bbox 807 2064 943 2121; x_wconf 88' lang='lat' dir='ltr'>Tum</span> <span class='ocrx_word' id='word_1_135' title='bbox 979 2069 1176 2125; x_wconf 85' lang='lat' dir='ltr'><strong>similia</strong></span> <span class='ocrx_word' id='word_1_136' title='bbox 1203 2073 1444 2142; x_wconf 88' lang='lat' dir='ltr'><strong>priorum</strong></span> <span class='ocrx_word' id='word_1_137' title='bbox 1482 2073 1705 2131; x_wconf 86' lang='lat' dir='ltr'><strong>dicens:</strong></span> <span class='ocrx_word' id='word_1_138' title='bbox 1747 2095 1764 2127; x_wconf 80' lang='grc' dir='ltr'>ι</span> <span class='ocrx_word' id='word_1_139' title='bbox 1790 2076 1973 2134; x_wconf 82' lang='lat' dir='ltr'><strong>Bonus</strong></span> 
     </span>
    </p>
   </div>
   <div class='ocr_carea' id='block_1_23' title="bbox 407 2146 1969 2228">
    <p class='ocr_par' dir='ltr' id='par_1_23' title="bbox 407 2146 1969 2228">
     <span class='ocr_line' id='line_1_23' title="bbox 407 2146 1969 2228; baseline 0.013 -25"><span class='ocrx_word' id='word_1_140' title='bbox 407 2146 670 2210; x_wconf 80' lang='lat' dir='ltr'><strong>Dominus</strong></span> <span class='ocrx_word' id='word_1_141' title='bbox 702 2160 1142 2228; x_wconf 74' lang='lat' dir='ltr'><strong>exspectantibus</strong></span> <span class='ocrx_word' id='word_1_142' title='bbox 1173 2178 1296 2218; x_wconf 89' lang='lat' dir='ltr'>eum</span> <span class='ocrx_word' id='word_1_143' title='bbox 1331 2163 1384 2219; x_wconf 91' lang='lat' dir='ltr'><strong>iu</strong></span> <span class='ocrx_word' id='word_1_144' title='bbox 1427 2165 1515 2221; x_wconf 89' lang='lat' dir='ltr'>die</span> <span class='ocrx_word' id='word_1_145' title='bbox 1560 2167 1969 2226; x_wconf 88' lang='lat' dir='ltr'><strong>tribulationis:</strong></span> 
     </span>
    </p>
   </div>
   <div class='ocr_carea' id='block_1_24' title="bbox 405 2246 1975 2331">
    <p class='ocr_par' dir='ltr' id='par_1_24' title="bbox 405 2246 1975 2331">
     <span class='ocr_line' id='line_1_24' title="bbox 405 2246 1975 2331; baseline 0.012 -33"><span class='ocrx_word' id='word_1_146' title='bbox 405 2246 560 2301; x_wconf 90' lang='lat' dir='ltr'><strong>novit</strong></span> <span class='ocrx_word' id='word_1_147' title='bbox 595 2247 714 2318; x_wconf 89' lang='lat' dir='ltr'><strong>ipse</strong></span> <span class='ocrx_word' id='word_1_148' title='bbox 734 2251 824 2320; x_wconf 88' lang='lat' dir='ltr'>qui</span> <span class='ocrx_word' id='word_1_149' title='bbox 851 2267 910 2308; x_wconf 88' lang='lat' dir='ltr'><strong>se</strong></span> <span class='ocrx_word' id='word_1_150' title='bbox 935 2253 1023 2324; x_wconf 90' lang='lat' dir='ltr'>pie</span> <span class='ocrx_word' id='word_1_151' title='bbox 1058 2256 1266 2311; x_wconf 88' lang='lat' dir='ltr'><strong>colunt.</strong></span> <span class='ocrx_word' id='word_1_152' title='bbox 1298 2277 1316 2309; x_wconf 74' lang='grc' dir='ltr'>ι</span> <span class='ocrx_word' id='word_1_153' title='bbox 1355 2260 1470 2323; x_wconf 83' lang='lat' dir='ltr'><strong>Est,</strong></span> <span class='ocrx_word' id='word_1_154' title='bbox 1507 2259 1703 2331; x_wconf 89' lang='lat' dir='ltr'><strong>inquit,</strong></span> <span class='ocrx_word' id='word_1_155' title='bbox 1732 2261 1975 2317; x_wconf 88' lang='lat' dir='ltr'><strong>clemens</strong></span> 
     </span>
    </p>
   </div>
   <div class='ocr_carea' id='block_1_25' title="bbox 406 2337 1972 2424">
    <p class='ocr_par' dir='ltr' id='par_1_25' title="bbox 406 2337 1972 2424">
     <span class='ocr_line' id='line_1_25' title="bbox 406 2337 1972 2424; baseline 0.01 -33"><span class='ocrx_word' id='word_1_156' title='bbox 406 2337 698 2396; x_wconf 76' lang='lat' dir='ltr'><strong>admodum</strong></span> <span class='ocrx_word' id='word_1_157' title='bbox 733 2350 787 2398; x_wconf 91' lang='lat' dir='ltr'>et</span> <span class='ocrx_word' id='word_1_158' title='bbox 827 2346 978 2401; x_wconf 87' lang='lat' dir='ltr'><strong>valde</strong></span> <span class='ocrx_word' id='word_1_159' title='bbox 1030 2346 1306 2405; x_wconf 83' lang='lat' dir='ltr'><strong>beneﬁcus</strong></span> <span class='ocrx_word' id='word_1_160' title='bbox 1340 2365 1465 2421; x_wconf 83' lang='lat' dir='ltr'><strong>erga</strong></span> <span class='ocrx_word' id='word_1_161' title='bbox 1506 2352 1629 2407; x_wconf 88' lang='lat' dir='ltr'><strong>illos</strong></span> <span class='ocrx_word' id='word_1_162' title='bbox 1678 2352 1772 2421; x_wconf 89' lang='lat' dir='ltr'>qui</span> <span class='ocrx_word' id='word_1_163' title='bbox 1820 2368 1972 2424; x_wconf 75' lang='lat' dir='ltr'><strong>spem</strong></span> 
     </span>
    </p>
   </div>
   <div class='ocr_carea' id='block_1_26' title="bbox 407 2433 1972 2511">
    <p class='ocr_par' dir='ltr' id='par_1_26' title="bbox 407 2433 1972 2511">
     <span class='ocr_line' id='line_1_26' title="bbox 407 2433 1972 2511; baseline 0.01 -29"><span class='ocrx_word' id='word_1_164' title='bbox 407 2445 562 2485; x_wconf 86' lang='lat' dir='ltr'><strong>suam</strong></span> <span class='ocrx_word' id='word_1_165' title='bbox 593 2433 651 2487; x_wconf 87' lang='lat' dir='ltr'><strong>in</strong></span> <span class='ocrx_word' id='word_1_166' title='bbox 686 2450 752 2489; x_wconf 89' lang='lat' dir='ltr'><strong>eo</strong></span> <span class='ocrx_word' id='word_1_167' title='bbox 781 2437 1201 2508; x_wconf 80' lang='lat' dir='ltr'><strong>collocaverunt,</strong></span> <span class='ocrx_word' id='word_1_168' title='bbox 1232 2441 1461 2511; x_wconf 88' lang='lat' dir='ltr'><strong>ejusque</strong></span> <span class='ocrx_word' id='word_1_169' title='bbox 1494 2443 1671 2498; x_wconf 89' lang='lat' dir='ltr'><strong>minas</strong></span> <span class='ocrx_word' id='word_1_170' title='bbox 1718 2458 1972 2500; x_wconf 84' lang='lat' dir='ltr'><strong>reveren-</strong></span> 
     </span>
    </p>
   </div>
   <div class='ocr_carea' id='block_1_27' title="bbox 407 2520 1971 2590">
    <p class='ocr_par' dir='ltr' id='par_1_27' title="bbox 407 2520 1971 2590">
     <span class='ocr_line' id='line_1_27' title="bbox 407 2520 1971 2590; baseline 0.01 -18"><span class='ocrx_word' id='word_1_171' title='bbox 407 2528 514 2575; x_wconf 86' lang='lat' dir='ltr'><strong>tur.</strong></span> <span class='ocrx_word' id='word_1_172' title='bbox 554 2543 571 2575; x_wconf 79' lang='grc' dir='ltr'>ι</span> <span class='ocrx_word' id='word_1_173' title='bbox 591 2520 647 2578; x_wconf 86' lang='lat' dir='ltr'><strong>In</strong></span> <span class='ocrx_word' id='word_1_174' title='bbox 666 2525 869 2582; x_wconf 86' lang='lat' dir='ltr'><strong>diluvio</strong></span> <span class='ocrx_word' id='word_1_175' title='bbox 899 2536 1213 2586; x_wconf 86' lang='lat' dir='ltr'><strong>transeunte</strong></span> <span class='ocrx_word' id='word_1_176' title='bbox 1242 2534 1769 2590; x_wconf 90' lang='lat' dir='ltr'><strong>consummationem</strong></span> <span class='ocrx_word' id='word_1_177' title='bbox 1791 2534 1971 2590; x_wconf 77' lang='lat' dir='ltr'><strong>faciet.</strong></span> 
     </span>
    </p>
   </div>
   <div class='ocr_carea' id='block_1_28' title="bbox 407 2608 1976 2696">
    <p class='ocr_par' dir='ltr' id='par_1_28' title="bbox 407 2608 1976 2696">
     <span class='ocr_line' id='line_1_28' title="bbox 407 2608 1976 2696; baseline 0.011 -32"><span class='ocrx_word' id='word_1_178' title='bbox 407 2608 513 2676; x_wconf 82' lang='lat' dir='ltr'><strong>Qui</strong></span> <span class='ocrx_word' id='word_1_179' title='bbox 539 2628 662 2669; x_wconf 91' lang='lat' dir='ltr'>eum</span> <span class='ocrx_word' id='word_1_180' title='bbox 708 2617 1042 2675; x_wconf 81' lang='lat' dir='ltr'><strong>irritaverint</strong></span> <span class='ocrx_word' id='word_1_181' title='bbox 1090 2630 1253 2694; x_wconf 85' lang='lat' dir='ltr'><strong>atque</strong></span> <span class='ocrx_word' id='word_1_182' title='bbox 1281 2623 1528 2687; x_wconf 90' lang='lat' dir='ltr'><strong>oderint,</strong></span> <span class='ocrx_word' id='word_1_183' title='bbox 1577 2633 1976 2696; x_wconf 85' lang='lat' dir='ltr'><strong>persequentur</strong></span> 
     </span>
    </p>
   </div>
   <div class='ocr_carea' id='block_1_29' title="bbox 409 2709 1976 2786">
    <p class='ocr_par' dir='ltr' id='par_1_29' title="bbox 409 2709 1976 2786">
     <span class='ocr_line' id='line_1_29' title="bbox 409 2709 1976 2786; baseline 0.01 -29"><span class='ocrx_word' id='word_1_184' title='bbox 409 2719 506 2760; x_wconf 82' lang='lat' dir='ltr'>eos</span> <span class='ocrx_word' id='word_1_185' title='bbox 541 2709 795 2765; x_wconf 70' lang='lat' dir='ltr'><strong>tenebrm.</strong></span> <span class='ocrx_word' id='word_1_186' title='bbox 821 2730 841 2765; x_wconf 71' lang='grc' dir='ltr'><strong><em>ο</em></strong></span> <span class='ocrx_word' id='word_1_187' title='bbox 880 2710 1265 2772; x_wconf 80' lang='lat' dir='ltr'><strong>Verumtamen</strong></span> <span class='ocrx_word' id='word_1_188' title='bbox 1297 2716 1388 2773; x_wconf 92' lang='lat' dir='ltr'>ubi</span> <span class='ocrx_word' id='word_1_189' title='bbox 1432 2716 1501 2771; x_wconf 86' lang='lat' dir='ltr'>ad</span> <span class='ocrx_word' id='word_1_190' title='bbox 1529 2716 1664 2770; x_wconf 88' lang='lat' dir='ltr'><strong>iram</strong></span> <span class='ocrx_word' id='word_1_191' title='bbox 1695 2725 1976 2786; x_wconf 86' lang='lat' dir='ltr'><strong>spectave-</strong></span> 
     </span>
    </p>
   </div>
   <div class='ocr_carea' id='block_1_30' title="bbox 407 2795 1974 2876">
    <p class='ocr_par' dir='ltr' id='par_1_30' title="bbox 407 2795 1974 2876">
     <span class='ocr_line' id='line_1_30' title="bbox 407 2795 1974 2876; baseline 0.012 -29"><span class='ocrx_word' id='word_1_192' title='bbox 407 2795 513 2860; x_wconf 80' lang='lat' dir='ltr'><strong>rit,</strong></span> <span class='ocrx_word' id='word_1_193' title='bbox 548 2797 853 2874; x_wconf 79' lang='lat' dir='ltr'><strong>dignosque</strong></span> <span class='ocrx_word' id='word_1_194' title='bbox 884 2805 985 2860; x_wconf 86' lang='lat' dir='ltr'>hac</span> <span class='ocrx_word' id='word_1_195' title='bbox 1010 2806 1223 2876; x_wconf 90' lang='lat' dir='ltr'><strong>aliquos</strong></span> <span class='ocrx_word' id='word_1_196' title='bbox 1247 2818 1442 2863; x_wconf 83' lang='lat' dir='ltr'><strong>nactus</strong></span> <span class='ocrx_word' id='word_1_197' title='bbox 1473 2808 1667 2874; x_wconf 77' lang='lat' dir='ltr'><strong>fuerit,</strong></span> <span class='ocrx_word' id='word_1_198' title='bbox 1710 2811 1974 2866; x_wconf 83' lang='lat' dir='ltr'><strong>diluvium</strong></span> 
     </span>
    </p>
   </div>
   <div class='ocr_carea' id='block_1_31' title="bbox 407 2889 1974 2969">
    <p class='ocr_par' dir='ltr' id='par_1_31' title="bbox 407 2889 1974 2969">
     <span class='ocr_line' id='line_1_31' title="bbox 407 2889 1974 2969; baseline 0.011 -31"><span class='ocrx_word' id='word_1_199' title='bbox 407 2889 592 2943; x_wconf 88' lang='lat' dir='ltr'><strong>nescio</strong></span> <span class='ocrx_word' id='word_1_200' title='bbox 638 2890 785 2963; x_wconf 91' lang='lat' dir='ltr'><strong>quod</strong></span> <span class='ocrx_word' id='word_1_201' title='bbox 829 2893 1033 2965; x_wconf 89' lang='lat' dir='ltr'><strong>impetu</strong></span> <span class='ocrx_word' id='word_1_202' title='bbox 1081 2912 1185 2952; x_wconf 90' lang='lat' dir='ltr'><strong>suo</strong></span> <span class='ocrx_word' id='word_1_203' title='bbox 1228 2899 1516 2965; x_wconf 85' lang='lat' dir='ltr'><strong>convehet,</strong></span> <span class='ocrx_word' id='word_1_204' title='bbox 1547 2914 1658 2969; x_wconf 93' lang='lat' dir='ltr'><strong>quo</strong></span> <span class='ocrx_word' id='word_1_205' title='bbox 1706 2915 1974 2956; x_wconf 87' lang='lat' dir='ltr'><strong>summam</strong></span> 
     </span>
    </p>
   </div>
   <div class='ocr_carea' id='block_1_32' title="bbox 408 2978 1972 3061">
    <p class='ocr_par' dir='ltr' id='par_1_32' title="bbox 408 2978 1972 3061">
     <span class='ocr_line' id='line_1_32' title="bbox 408 2978 1972 3061; baseline 0.011 -30"><span class='ocrx_word' id='word_1_206' title='bbox 408 2978 615 3035; x_wconf 85' lang='lat' dir='ltr'><strong>cladem</strong></span> <span class='ocrx_word' id='word_1_207' title='bbox 648 2983 1018 3054; x_wconf 89' lang='lat' dir='ltr'><strong>improborum</strong></span> <span class='ocrx_word' id='word_1_208' title='bbox 1051 2988 1209 3049; x_wconf 85' lang='lat' dir='ltr'><strong>edet:</strong></span> <span class='ocrx_word' id='word_1_209' title='bbox 1261 2998 1599 3061; x_wconf 89' lang='lat' dir='ltr'><strong>cunctosque</strong></span> <span class='ocrx_word' id='word_1_210' title='bbox 1640 2991 1744 3047; x_wconf 87' lang='lat' dir='ltr'><strong>sibi</strong></span> <span class='ocrx_word' id='word_1_211' title='bbox 1778 2992 1972 3048; x_wconf 84' lang='lat' dir='ltr'><strong>adver-</strong></span> 
     </span>
    </p>
   </div>
   <div class='ocr_carea' id='block_1_33' title="bbox 2074 502 3641 576">
    <p class='ocr_par' dir='ltr' id='par_1_33' title="bbox 2074 502 3641 576">
     <span class='ocr_line' id='line_1_33' title="bbox 2074 502 3641 576; baseline 0.001 -19"><span class='ocrx_word' id='word_1_212' title='bbox 2074 506 2257 574; x_wconf 63' lang='grc' dir='ltr'>φησιν,</span> <span class='ocrx_word' id='word_1_213' title='bbox 2289 502 2442 576; x_wconf 85' lang='grc' dir='ltr'>ὐμῶν</span> <span class='ocrx_word' id='word_1_214' title='bbox 2497 502 2881 576; x_wconf 70' lang='grc' dir='ltr'>ἐργαζομένων</span> <span class='ocrx_word' id='word_1_215' title='bbox 2913 505 3149 575; x_wconf 78' lang='grc' dir='ltr'>ἔπασχον</span> <span class='ocrx_word' id='word_1_216' title='bbox 3200 506 3247 557; x_wconf 75' lang='grc' dir='ltr'>οἱ</span> <span class='ocrx_word' id='word_1_217' title='bbox 3291 503 3641 574; x_wconf 79' lang='grc' dir='ltr'>Ἰσραηλῖται,</span> 
     </span>
    </p>
   </div>
   <div class='ocr_carea' id='block_1_34' title="bbox 2073 580 3645 667">
    <p class='ocr_par' dir='ltr' id='par_1_34' title="bbox 2073 580 3645 667">
     <span class='ocr_line' id='line_1_34' title="bbox 2073 580 3645 667; baseline -0.001 -19"><span class='ocrx_word' id='word_1_218' title='bbox 2073 588 2213 648; x_wconf 79' lang='grc' dir='ltr'>κατᾶ</span> <span class='ocrx_word' id='word_1_219' title='bbox 2257 594 2355 665; x_wconf 81' lang='grc' dir='ltr'>τὴν</span> <span class='ocrx_word' id='word_1_220' title='bbox 2411 589 2574 649; x_wconf 88' lang='grc' dir='ltr'>αὐτοῦ</span> <span class='ocrx_word' id='word_1_221' title='bbox 2612 580 2836 667; x_wconf 76' lang='grc' dir='ltr'>γνώμην</span> <span class='ocrx_word' id='word_1_222' title='bbox 2889 594 3129 664; x_wconf 73' lang='grc' dir='ltr'>ἐγίνετοο</span> <span class='ocrx_word' id='word_1_223' title='bbox 3174 592 3230 657; x_wconf 86' lang='grc' dir='ltr'>ὃς</span> <span class='ocrx_word' id='word_1_224' title='bbox 3283 592 3645 662; x_wconf 83' lang='grc' dir='ltr'>κατεγνωκὼς</span> 
     </span>
    </p>
   </div>
   <div class='ocr_carea' id='block_1_35' title="bbox 2072 683 3644 757">
    <p class='ocr_par' dir='ltr' id='par_1_35' title="bbox 2072 683 3644 757">
     <span class='ocr_line' id='line_1_35' title="bbox 2072 683 3644 757; baseline 0 -20"><span class='ocrx_word' id='word_1_225' title='bbox 2072 683 2253 737; x_wconf 84' lang='grc' dir='ltr'>αὐτῶν</span> <span class='ocrx_word' id='word_1_226' title='bbox 2275 684 2362 738; x_wconf 79' lang='grc' dir='ltr'>διὰ</span> <span class='ocrx_word' id='word_1_227' title='bbox 2386 684 2481 757; x_wconf 82' lang='grc' dir='ltr'>τὴν</span> <span class='ocrx_word' id='word_1_228' title='bbox 2506 686 2782 749; x_wconf 80' lang='grc' dir='ltr'>ἀσέϐειαν,</span> <span class='ocrx_word' id='word_1_229' title='bbox 2803 684 2984 739; x_wconf 79' lang='grc' dir='ltr'>εἴασεν</span> <span class='ocrx_word' id='word_1_230' title='bbox 3010 685 3207 747; x_wconf 78' lang='grc' dir='ltr'>αὐτοὺς</span> <span class='ocrx_word' id='word_1_231' title='bbox 3240 683 3474 755; x_wconf 81' lang='grc' dir='ltr'>πάσχειν</span> <span class='ocrx_word' id='word_1_232' title='bbox 3501 685 3644 756; x_wconf 71' lang='grc' dir='ltr'>ἅπερ</span> 
     </span>
    </p>
   </div>
   <div class='ocr_carea' id='block_1_36' title="bbox 2073 769 3642 842">
    <p class='ocr_par' dir='ltr' id='par_1_36' title="bbox 2073 769 3642 842">
     <span class='ocr_line' id='line_1_36' title="bbox 2073 769 3642 842; baseline -0.002 -15"><span class='ocrx_word' id='word_1_233' title='bbox 2073 774 2255 838; x_wconf 85' lang='grc' dir='ltr'>αὐτοῖς</span> <span class='ocrx_word' id='word_1_234' title='bbox 2283 773 2507 842; x_wconf 78' lang='grc' dir='ltr'>ἐπάγειν</span> <span class='ocrx_word' id='word_1_235' title='bbox 2527 773 2810 827; x_wconf 87' lang='grc' dir='ltr'>ἐϐούλεσθε</span> <span class='ocrx_word' id='word_1_236' title='bbox 2829 790 2841 801; x_wconf 90' lang='grc'><strong>·</strong></span> <span class='ocrx_word' id='word_1_237' title='bbox 2868 771 3008 825; x_wconf 84' lang='grc' dir='ltr'>ὥστε</span> <span class='ocrx_word' id='word_1_238' title='bbox 3054 771 3153 841; x_wconf 86' lang='grc' dir='ltr'>οὐχ</span> <span class='ocrx_word' id='word_1_239' title='bbox 3180 770 3451 842; x_wconf 80' lang='grc' dir='ltr'>ὑμετέρας</span> <span class='ocrx_word' id='word_1_240' title='bbox 3481 769 3642 824; x_wconf 81' lang='grc' dir='ltr'>δυνά·</span> 
     </span>
    </p>
   </div>
   <div class='ocr_carea' id='block_1_37' title="bbox 2076 859 3641 938">
    <p class='ocr_par' dir='ltr' id='par_1_37' title="bbox 2076 859 3641 938">
     <span class='ocr_line' id='line_1_37' title="bbox 2076 859 3641 938; baseline -0.004 -19"><span class='ocrx_word' id='word_1_241' title='bbox 2076 883 2219 936; x_wconf 84' lang='grc' dir='ltr'>μεως</span> <span class='ocrx_word' id='word_1_242' title='bbox 2249 862 2317 938; x_wconf 76' lang='grc' dir='ltr'>ἦν</span> <span class='ocrx_word' id='word_1_243' title='bbox 2346 865 2452 919; x_wconf 74' lang='grc' dir='ltr'>οὐδ’</span> <span class='ocrx_word' id='word_1_244' title='bbox 2485 866 2685 926; x_wconf 84' lang='grc' dir='ltr'>ἐκεῖνα.</span> <span class='ocrx_word' id='word_1_245' title='bbox 2715 862 2850 918; x_wconf 76' lang='grc' dir='ltr'>ἀλλὰ</span> <span class='ocrx_word' id='word_1_246' title='bbox 2892 863 3117 934; x_wconf 81' lang='grc' dir='ltr'>γνώμης</span> <span class='ocrx_word' id='word_1_247' title='bbox 3157 861 3293 933; x_wconf 73' lang='grc' dir='ltr'>ἔργα</span> <span class='ocrx_word' id='word_1_248' title='bbox 3319 861 3419 929; x_wconf 81' lang='grc' dir='ltr'>τῆς</span> <span class='ocrx_word' id='word_1_249' title='bbox 3456 859 3641 924; x_wconf 73' lang='grc' dir='ltr'>θείαςο</span> 
     </span>
    </p>
   </div>
   <div class='ocr_carea' id='block_1_38' title="bbox 2074 946 3648 1025">
    <p class='ocr_par' dir='ltr' id='par_1_38' title="bbox 2074 946 3648 1025">
     <span class='ocr_line' id='line_1_38' title="bbox 2074 946 3648 1025; baseline -0.005 -17"><span class='ocrx_word' id='word_1_250' title='bbox 2074 955 2168 1008; x_wconf 77' lang='grc' dir='ltr'>καὶ</span> <span class='ocrx_word' id='word_1_251' title='bbox 2199 953 2287 1008; x_wconf 75' lang='grc' dir='ltr'>διὰ</span> <span class='ocrx_word' id='word_1_252' title='bbox 2313 955 2470 1009; x_wconf 81' lang='grc' dir='ltr'>τοῦτο</span> <span class='ocrx_word' id='word_1_253' title='bbox 2495 955 2588 1008; x_wconf 72' lang='grc' dir='ltr'>καὶ</span> <span class='ocrx_word' id='word_1_254' title='bbox 2615 956 2649 1025; x_wconf 82' lang='grc' dir='ltr'><strong>ὴ</strong></span> <span class='ocrx_word' id='word_1_255' title='bbox 2675 953 2958 1015; x_wconf 85' lang='grc' dir='ltr'>Βασανῖτις</span> <span class='ocrx_word' id='word_1_256' title='bbox 2980 950 3115 1004; x_wconf 73' lang='grc' dir='ltr'>καὶὸ</span> <span class='ocrx_word' id='word_1_257' title='bbox 3141 949 3438 1020; x_wconf 80' lang='grc' dir='ltr'>Κάρμηλος</span> <span class='ocrx_word' id='word_1_258' title='bbox 3465 948 3561 1001; x_wconf 64' lang='grc' dir='ltr'>καὶ</span> <span class='ocrx_word' id='word_1_259' title='bbox 3577 946 3648 1000; x_wconf 80' lang='grc' dir='ltr'>τὰ</span> 
     </span>
    </p>
   </div>
   <div class='ocr_carea' id='block_1_39' title="bbox 2075 1035 3648 1117">
    <p class='ocr_par' dir='ltr' id='par_1_39' title="bbox 2075 1035 3648 1117">
     <span class='ocr_line' id='line_1_39' title="bbox 2075 1035 3648 1117; baseline -0.003 -20"><span class='ocrx_word' id='word_1_260' title='bbox 2075 1045 2248 1116; x_wconf 75' lang='grc' dir='ltr'>σεμνὰ</span> <span class='ocrx_word' id='word_1_261' title='bbox 2268 1045 2363 1099; x_wconf 79' lang='grc' dir='ltr'>τοῦ</span> <span class='ocrx_word' id='word_1_262' title='bbox 2387 1046 2618 1099; x_wconf 79' lang='grc' dir='ltr'>Λιϐάνου</span> <span class='ocrx_word' id='word_1_263' title='bbox 2652 1045 2789 1117; x_wconf 80' lang='grc' dir='ltr'>πρὸς</span> <span class='ocrx_word' id='word_1_264' title='bbox 2838 1041 3112 1097; x_wconf 85' lang='grc' dir='ltr'>ἀπώλειαν</span> <span class='ocrx_word' id='word_1_265' title='bbox 3141 1035 3299 1103; x_wconf 79' lang='grc' dir='ltr'>εἶδεν,</span> <span class='ocrx_word' id='word_1_266' title='bbox 3332 1039 3435 1111; x_wconf 77' lang='grc' dir='ltr'>ὅρη</span> <span class='ocrx_word' id='word_1_267' title='bbox 3470 1056 3531 1092; x_wconf 85' lang='grc' dir='ltr'>τε</span> <span class='ocrx_word' id='word_1_268' title='bbox 3553 1039 3648 1093; x_wconf 75' lang='grc' dir='ltr'>καὶ</span> 
     </span>
    </p>
   </div>
   <div class='ocr_carea' id='block_1_40' title="bbox 2075 1129 3648 1209">
    <p class='ocr_par' dir='ltr' id='par_1_40' title="bbox 2075 1129 3648 1209">
     <span class='ocr_line' id='line_1_40' title="bbox 2075 1129 3648 1209; baseline -0.007 -17"><span class='ocrx_word' id='word_1_269' title='bbox 2075 1136 2254 1207; x_wconf 69' lang='grc' dir='ltr'>βουνοί</span> <span class='ocrx_word' id='word_1_270' title='bbox 2288 1136 2483 1209; x_wconf 83' lang='grc' dir='ltr'>μικροῦ</span> <span class='ocrx_word' id='word_1_271' title='bbox 2508 1134 2932 1206; x_wconf 81' lang='grc' dir='ltr'>συνεκινήθησαν</span> <span class='ocrx_word' id='word_1_272' title='bbox 2951 1132 3179 1195; x_wconf 85' lang='grc' dir='ltr'>πάντες·</span> <span class='ocrx_word' id='word_1_273' title='bbox 3213 1131 3328 1194; x_wconf 74' lang='grc' dir='ltr'>καὶ,</span> <span class='ocrx_word' id='word_1_274' title='bbox 3365 1129 3648 1200; x_wconf 78' lang='grc' dir='ltr'>συντόμως</span> 
     </span>
    </p>
   </div>
   <div class='ocr_carea' id='block_1_41' title="bbox 2073 1223 3648 1300">
    <p class='ocr_par' dir='ltr' id='par_1_41' title="bbox 2073 1223 3648 1300">
     <span class='ocr_line' id='line_1_41' title="bbox 2073 1223 3648 1300; baseline -0.005 -19"><span class='ocrx_word' id='word_1_275' title='bbox 2073 1230 2267 1292; x_wconf 78' lang='grc' dir='ltr'>εἰπεῖν,</span> <span class='ocrx_word' id='word_1_276' title='bbox 2300 1228 2518 1283; x_wconf 77' lang='grc' dir='ltr'>ἅπασαν</span> <span class='ocrx_word' id='word_1_277' title='bbox 2544 1228 2641 1299; x_wconf 80' lang='grc' dir='ltr'>τῆς</span> <span class='ocrx_word' id='word_1_278' title='bbox 2685 1225 3001 1300; x_wconf 77' lang='grc' dir='ltr'>προσόψεως</span> <span class='ocrx_word' id='word_1_279' title='bbox 3044 1224 3146 1294; x_wconf 78' lang='grc' dir='ltr'>τῆς</span> <span class='ocrx_word' id='word_1_280' title='bbox 3193 1223 3399 1286; x_wconf 80' lang='grc' dir='ltr'>οἰκείας</span> <span class='ocrx_word' id='word_1_281' title='bbox 3429 1223 3648 1291; x_wconf 68' lang='grc' dir='ltr'>ἀφεῖλεν</span> 
     </span>
    </p>
   </div>
   <div class='ocr_carea' id='block_1_42' title="bbox 2073 1312 3650 1391">
    <p class='ocr_par' dir='ltr' id='par_1_42' title="bbox 2073 1312 3650 1391">
     <span class='ocr_line' id='line_1_42' title="bbox 2073 1312 3650 1391; baseline -0.004 -20"><span class='ocrx_word' id='word_1_282' title='bbox 2073 1318 2171 1390; x_wconf 80' lang='grc' dir='ltr'>τὴν</span> <span class='ocrx_word' id='word_1_283' title='bbox 2198 1321 2301 1390; x_wconf 80' lang='grc' dir='ltr'>γῆν</span> <span class='ocrx_word' id='word_1_284' title='bbox 2345 1318 2561 1391; x_wconf 84' lang='grc' dir='ltr'>ἐκείνην</span> <span class='ocrx_word' id='word_1_285' title='bbox 2614 1318 2711 1373; x_wconf 73' lang='grc' dir='ltr'>σὺν</span> <span class='ocrx_word' id='word_1_286' title='bbox 2739 1318 2851 1382; x_wconf 88' lang='grc' dir='ltr'>τοῖς</span> <span class='ocrx_word' id='word_1_287' title='bbox 2893 1312 3133 1371; x_wconf 71' lang='grc' dir='ltr'>οἰκοῦσιν</span> <span class='ocrx_word' id='word_1_288' title='bbox 3174 1313 3363 1386; x_wconf 78' lang='grc' dir='ltr'>αὐτὴν,</span> <span class='ocrx_word' id='word_1_289' title='bbox 3412 1314 3650 1385; x_wconf 81' lang='grc' dir='ltr'>μισήσας</span> 
     </span>
    </p>
   </div>
   <div class='ocr_carea' id='block_1_43' title="bbox 2076 1409 2827 1481">
    <p class='ocr_par' dir='ltr' id='par_1_43' title="bbox 2076 1409 2827 1481">
     <span class='ocr_line' id='line_1_43' title="bbox 2076 1409 2827 1481; baseline 0.001 -17"><span class='ocrx_word' id='word_1_290' title='bbox 2076 1411 2274 1475; x_wconf 81' lang='grc' dir='ltr'>αὐτοὺς</span> <span class='ocrx_word' id='word_1_291' title='bbox 2309 1410 2396 1464; x_wconf 81' lang='grc' dir='ltr'>διὰ</span> <span class='ocrx_word' id='word_1_292' title='bbox 2426 1410 2525 1481; x_wconf 77' lang='grc' dir='ltr'>τὴν</span> <span class='ocrx_word' id='word_1_293' title='bbox 2552 1409 2827 1466; x_wconf 75' lang='grc' dir='ltr'>ἀσέϐειαν.</span> 
     </span>
    </p>
   </div>
   <div class='ocr_carea' id='block_1_44' title="bbox 2145 1539 3656 1620">
    <p class='ocr_par' dir='ltr' id='par_1_44' title="bbox 2145 1539 3656 1620">
     <span class='ocr_line' id='line_1_44' title="bbox 2145 1539 3656 1620; baseline -0.006 -19"><span class='ocrx_word' id='word_1_294' title='bbox 2145 1548 2294 1619; x_wconf 85' lang='grc' dir='ltr'>Στίχ.</span> <span class='ocrx_word' id='word_1_295' title='bbox 2332 1555 2469 1614; x_wconf 79' lang='grc' dir='ltr'>ς’-ι’.</span> <span class='ocrx_word' id='word_1_296' title='bbox 2502 1577 2573 1589; x_wconf 89' lang='grc'><strong><em>-</em></strong></span> <span class='ocrx_word' id='word_1_297' title='bbox 2623 1566 2644 1600; x_wconf 73' lang='grc' dir='ltr'>ι</span> <span class='ocrx_word' id='word_1_298' title='bbox 2683 1549 2796 1619; x_wconf 77' lang='grc' dir='ltr'>Πρδ</span> <span class='ocrx_word' id='word_1_299' title='bbox 2834 1546 3122 1620; x_wconf 77' lang='grc' dir='ltr'>προσώπου</span> <span class='ocrx_word' id='word_1_300' title='bbox 3154 1545 3323 1618; x_wconf 81' lang='grc' dir='ltr'>ὀργῆς</span> <span class='ocrx_word' id='word_1_301' title='bbox 3353 1539 3519 1598; x_wconf 80' lang='grc' dir='ltr'>αὐτοῦ</span> <span class='ocrx_word' id='word_1_302' title='bbox 3564 1542 3656 1603; x_wconf 79' lang='grc' dir='ltr'>τίς</span> 
     </span>
    </p>
   </div>
   <div class='ocr_carea' id='block_1_45' title="bbox 2077 1631 3653 1710">
    <p class='ocr_par' dir='ltr' id='par_1_45' title="bbox 2077 1631 3653 1710">
     <span class='ocr_line' id='line_1_45' title="bbox 2077 1631 3653 1710; baseline -0.006 -18"><span class='ocrx_word' id='word_1_303' title='bbox 2077 1639 2434 1710; x_wconf 77' lang='grc' dir='ltr'>ὐποστήσεται</span> <span class='ocrx_word' id='word_1_304' title='bbox 2456 1654 2472 1705; x_wconf 83' lang='grc'>;</span> <span class='ocrx_word' id='word_1_305' title='bbox 2500 1638 2594 1693; x_wconf 72' lang='grc' dir='ltr'>καὶ</span> <span class='ocrx_word' id='word_1_306' title='bbox 2616 1638 2698 1699; x_wconf 86' lang='grc' dir='ltr'>τίς</span> <span class='ocrx_word' id='word_1_307' title='bbox 2720 1637 3181 1709; x_wconf 82' lang='grc' dir='ltr'>ἀντιστήσεται,ἐν</span> <span class='ocrx_word' id='word_1_308' title='bbox 3202 1635 3339 1707; x_wconf 84' lang='grc' dir='ltr'>ὀργῇ</span> <span class='ocrx_word' id='word_1_309' title='bbox 3358 1631 3530 1702; x_wconf 80' lang='grc' dir='ltr'>θυμοῦ</span> <span class='ocrx_word' id='word_1_310' title='bbox 3551 1632 3653 1684; x_wconf 91' lang='grc' dir='ltr'>αὐ-</span> 
     </span>
    </p>
   </div>
   <div class='ocr_carea' id='block_1_46' title="bbox 2001 1720 3739 1811">
    <p class='ocr_par' dir='ltr' id='par_1_46' title="bbox 2001 1720 3739 1811">
     <span class='ocr_line' id='line_1_46' title="bbox 2001 1720 3739 1811; baseline -0.008 -27"><span class='ocrx_word' id='word_1_311' title='bbox 2001 1755 2044 1811; x_wconf 79' lang='lat' dir='ltr'><strong>B</strong></span> <span class='ocrx_word' id='word_1_312' title='bbox 2075 1728 2200 1793; x_wconf 80' lang='grc' dir='ltr'>τοῦς</span> <span class='ocrx_word' id='word_1_313' title='bbox 2225 1730 2253 1782; x_wconf 86' lang='grc' dir='ltr'><strong>ὁ</strong></span> <span class='ocrx_word' id='word_1_314' title='bbox 2282 1727 2451 1799; x_wconf 82' lang='grc' dir='ltr'>θυμὸς</span> <span class='ocrx_word' id='word_1_315' title='bbox 2473 1728 2636 1782; x_wconf 76' lang='grc' dir='ltr'>αὐτοῦ</span> <span class='ocrx_word' id='word_1_316' title='bbox 2665 1731 2821 1799; x_wconf 82' lang='grc' dir='ltr'>τήκει</span> <span class='ocrx_word' id='word_1_317' title='bbox 2860 1727 3053 1798; x_wconf 83' lang='grc' dir='ltr'>ἀρχὰς,</span> <span class='ocrx_word' id='word_1_318' title='bbox 3093 1727 3187 1779; x_wconf 70' lang='grc' dir='ltr'>καὶ</span> <span class='ocrx_word' id='word_1_319' title='bbox 3225 1725 3421 1795; x_wconf 78' lang='grc' dir='ltr'>πέτραι</span> <span class='ocrx_word' id='word_1_320' title='bbox 3442 1720 3657 1791; x_wconf 76' lang='grc' dir='ltr'>διεθρύο</span> <span class='ocrx_word' id='word_1_321' title='bbox 3725 1722 3739 1731; x_wconf 86' lang='grc'><em>’</em></span> 
     </span>
    </p>
   </div>
   <div class='ocr_carea' id='block_1_47' title="bbox 2072 1811 3656 1890">
    <p class='ocr_par' dir='ltr' id='par_1_47' title="bbox 2072 1811 3656 1890">
     <span class='ocr_line' id='line_1_47' title="bbox 2072 1811 3656 1890; baseline -0.005 -18"><span class='ocrx_word' id='word_1_322' title='bbox 2072 1818 2245 1890; x_wconf 90' lang='grc' dir='ltr'>ϐησαν</span> <span class='ocrx_word' id='word_1_323' title='bbox 2298 1819 2394 1873; x_wconf 83' lang='grc' dir='ltr'>ἀπ’</span> <span class='ocrx_word' id='word_1_324' title='bbox 2453 1817 2639 1873; x_wconf 83' lang='grc' dir='ltr'>αὐτοῦ.</span> <span class='ocrx_word' id='word_1_325' title='bbox 2674 1838 2693 1871; x_wconf 74' lang='grc' dir='ltr'>ι</span> <span class='ocrx_word' id='word_1_326' title='bbox 2728 1820 2921 1889; x_wconf 82' lang='grc' dir='ltr'>Ἔχετε</span> <span class='ocrx_word' id='word_1_327' title='bbox 2975 1816 3150 1871; x_wconf 78' lang='grc' dir='ltr'>τοίνυν</span> <span class='ocrx_word' id='word_1_328' title='bbox 3190 1816 3251 1880; x_wconf 83' lang='grc' dir='ltr'>ἐξ</span> <span class='ocrx_word' id='word_1_329' title='bbox 3286 1815 3513 1868; x_wconf 78' lang='grc' dir='ltr'>ἐκείνων</span> <span class='ocrx_word' id='word_1_330' title='bbox 3547 1811 3656 1882; x_wconf 77' lang='grc' dir='ltr'>τὴν</span> 
     </span>
    </p>
   </div>
   <div class='ocr_carea' id='block_1_48' title="bbox 2071 1902 3655 1974">
    <p class='ocr_par' dir='ltr' id='par_1_48' title="bbox 2071 1902 3655 1974">
     <span class='ocr_line' id='line_1_48' title="bbox 2071 1902 3655 1974; baseline -0.006 -12"><span class='ocrx_word' id='word_1_331' title='bbox 2071 1908 2365 1974; x_wconf 85' lang='grc' dir='ltr'>ἀπόδειξιν,</span> <span class='ocrx_word' id='word_1_332' title='bbox 2422 1908 2506 1962; x_wconf 82' lang='grc' dir='ltr'>ὅτι</span> <span class='ocrx_word' id='word_1_333' title='bbox 2557 1908 2730 1973; x_wconf 73' lang='grc' dir='ltr'>οὐδεὶς</span> <span class='ocrx_word' id='word_1_334' title='bbox 2757 1909 2785 1961; x_wconf 88' lang='grc' dir='ltr'>ό</span> <span class='ocrx_word' id='word_1_335' title='bbox 2819 1905 3175 1961; x_wconf 84' lang='grc' dir='ltr'>ἀνθίστασθαι</span> <span class='ocrx_word' id='word_1_336' title='bbox 3238 1903 3533 1974; x_wconf 88' lang='grc' dir='ltr'>δυνάμενος</span> <span class='ocrx_word' id='word_1_337' title='bbox 3577 1902 3655 1971; x_wconf 75' lang='grc' dir='ltr'>τῇ</span> 
     </span>
    </p>
   </div>
   <div class='ocr_carea' id='block_1_49' title="bbox 2071 1990 3661 2071">
    <p class='ocr_par' dir='ltr' id='par_1_49' title="bbox 2071 1990 3661 2071">
     <span class='ocr_line' id='line_1_49' title="bbox 2071 1990 3661 2071; baseline -0.006 -19"><span class='ocrx_word' id='word_1_338' title='bbox 2071 2000 2207 2070; x_wconf 81' lang='grc' dir='ltr'>ὀργῇ</span> <span class='ocrx_word' id='word_1_339' title='bbox 2231 2000 2295 2069; x_wconf 78' lang='grc' dir='ltr'>τῇ</span> <span class='ocrx_word' id='word_1_340' title='bbox 2326 1998 2466 2069; x_wconf 77' lang='grc' dir='ltr'>θείᾳ,</span> <span class='ocrx_word' id='word_1_341' title='bbox 2497 1998 2786 2071; x_wconf 78' lang='grc' dir='ltr'>αὐτάρκως</span> <span class='ocrx_word' id='word_1_342' title='bbox 2812 1998 2987 2068; x_wconf 79' lang='grc' dir='ltr'>ἔχοντι</span> <span class='ocrx_word' id='word_1_343' title='bbox 3015 1997 3108 2049; x_wconf 73' lang='grc' dir='ltr'>καὶ</span> <span class='ocrx_word' id='word_1_344' title='bbox 3136 1996 3262 2059; x_wconf 76' lang='grc' dir='ltr'>τοὺς</span> <span class='ocrx_word' id='word_1_345' title='bbox 3296 1995 3355 2047; x_wconf 93' lang='grc' dir='ltr'>ἐν</span> <span class='ocrx_word' id='word_1_346' title='bbox 3385 1990 3661 2064; x_wconf 83' lang='grc' dir='ltr'>μεγάλαις</span> 
     </span>
    </p>
   </div>
   <div class='ocr_carea' id='block_1_50' title="bbox 2071 2080 3659 2160">
    <p class='ocr_par' dir='ltr' id='par_1_50' title="bbox 2071 2080 3659 2160">
     <span class='ocr_line' id='line_1_50' title="bbox 2071 2080 3659 2160; baseline -0.006 -18"><span class='ocrx_word' id='word_1_347' title='bbox 2071 2088 2425 2152; x_wconf 77' lang='grc' dir='ltr'>δυναστείαις,</span> <span class='ocrx_word' id='word_1_348' title='bbox 2459 2090 2554 2142; x_wconf 75' lang='grc' dir='ltr'>καὶ</span> <span class='ocrx_word' id='word_1_349' title='bbox 2597 2090 2724 2153; x_wconf 83' lang='grc' dir='ltr'>τοὺς</span> <span class='ocrx_word' id='word_1_350' title='bbox 2755 2091 2813 2142; x_wconf 87' lang='grc' dir='ltr'>ἐν</span> <span class='ocrx_word' id='word_1_351' title='bbox 2841 2088 3066 2160; x_wconf 77' lang='grc' dir='ltr'>πλείστῃ</span> <span class='ocrx_word' id='word_1_352' title='bbox 3106 2085 3455 2147; x_wconf 72' lang='grc' dir='ltr'>καθεστῶτας</span> <span class='ocrx_word' id='word_1_353' title='bbox 3501 2080 3659 2153; x_wconf 74' lang='grc' dir='ltr'>ἰσχύϊ</span> 
     </span>
    </p>
   </div>
   <div class='ocr_carea' id='block_1_51' title="bbox 2072 2174 3659 2250">
    <p class='ocr_par' dir='ltr' id='par_1_51' title="bbox 2072 2174 3659 2250">
     <span class='ocr_line' id='line_1_51' title="bbox 2072 2174 3659 2250; baseline -0.006 -17"><span class='ocrx_word' id='word_1_354' title='bbox 2072 2179 2384 2249; x_wconf 84' lang='grc' dir='ltr'>διαθρυϐεἰν</span> <span class='ocrx_word' id='word_1_355' title='bbox 2409 2197 2468 2233; x_wconf 89' lang='grc' dir='ltr'>τε</span> <span class='ocrx_word' id='word_1_356' title='bbox 2492 2180 2586 2233; x_wconf 70' lang='grc' dir='ltr'>καὶ</span> <span class='ocrx_word' id='word_1_357' title='bbox 2613 2179 2893 2243; x_wconf 83' lang='grc' dir='ltr'>παντελῶς</span> <span class='ocrx_word' id='word_1_358' title='bbox 2914 2179 3216 2250; x_wconf 78' lang='grc' dir='ltr'>ἀφανίζειν.</span> <span class='ocrx_word' id='word_1_359' title='bbox 3257 2175 3367 2230; x_wconf 67' lang='grc' dir='ltr'>Καὶ</span> <span class='ocrx_word' id='word_1_360' title='bbox 3393 2174 3462 2227; x_wconf 79' lang='grc' dir='ltr'>τὰ</span> <span class='ocrx_word' id='word_1_361' title='bbox 3488 2174 3659 2244; x_wconf 77' lang='grc' dir='ltr'>ὅμοια</span> 
     </span>
    </p>
   </div>
   <div class='ocr_carea' id='block_1_52' title="bbox 2072 2264 3661 2341">
    <p class='ocr_par' dir='ltr' id='par_1_52' title="bbox 2072 2264 3661 2341">
     <span class='ocr_line' id='line_1_52' title="bbox 2072 2264 3661 2341; baseline -0.007 -17"><span class='ocrx_word' id='word_1_362' title='bbox 2072 2270 2181 2324; x_wconf 88' lang='grc' dir='ltr'>τῶν</span> <span class='ocrx_word' id='word_1_363' title='bbox 2221 2270 2456 2341; x_wconf 83' lang='grc' dir='ltr'>πρόσθεν</span> <span class='ocrx_word' id='word_1_364' title='bbox 2479 2269 2686 2339; x_wconf 84' lang='grc' dir='ltr'>λέγων·</span> <span class='ocrx_word' id='word_1_365' title='bbox 2717 2288 2737 2322; x_wconf 77' lang='grc' dir='ltr'>ι</span> <span class='ocrx_word' id='word_1_366' title='bbox 2770 2269 3017 2340; x_wconf 78' lang='grc' dir='ltr'>Χρηστδς</span> <span class='ocrx_word' id='word_1_367' title='bbox 3049 2267 3250 2339; x_wconf 80' lang='grc' dir='ltr'>Κύριος</span> <span class='ocrx_word' id='word_1_368' title='bbox 3285 2264 3661 2334; x_wconf 75' lang='grc' dir='ltr'>ὑπομένουσιν</span> 
     </span>
    </p>
   </div>
   <div class='ocr_carea' id='block_1_53' title="bbox 2074 2354 3660 2432">
    <p class='ocr_par' dir='ltr' id='par_1_53' title="bbox 2074 2354 3660 2432">
     <span class='ocr_line' id='line_1_53' title="bbox 2074 2354 3660 2432; baseline -0.004 -19"><span class='ocrx_word' id='word_1_369' title='bbox 2074 2361 2233 2414; x_wconf 82' lang='grc' dir='ltr'>αὐτὸν</span> <span class='ocrx_word' id='word_1_370' title='bbox 2284 2363 2342 2415; x_wconf 82' lang='grc' dir='ltr'>ἐν</span> <span class='ocrx_word' id='word_1_371' title='bbox 2392 2361 2575 2432; x_wconf 68' lang='grc' dir='ltr'>ἡμέρᾳ.</span> <span class='ocrx_word' id='word_1_372' title='bbox 2628 2360 2878 2431; x_wconf 77' lang='grc' dir='ltr'>θλίψεως,</span> <span class='ocrx_word' id='word_1_373' title='bbox 2915 2362 2990 2432; x_wconf 91' lang='lat' dir='ltr'><strong>(p.</strong></span> <span class='ocrx_word' id='word_1_374' title='bbox 3032 2361 3154 2432; x_wconf 73' lang='lat'>553)</span> <span class='ocrx_word' id='word_1_375' title='bbox 3188 2359 3284 2413; x_wconf 77' lang='grc' dir='ltr'>καὶ</span> <span class='ocrx_word' id='word_1_376' title='bbox 3329 2354 3660 2426; x_wconf 78' lang='grc' dir='ltr'>γιγνώσκων</span> 
     </span>
    </p>
   </div>
   <div class='ocr_carea' id='block_1_54' title="bbox 2073 2443 3656 2519">
    <p class='ocr_par' dir='ltr' id='par_1_54' title="bbox 2073 2443 3656 2519">
     <span class='ocr_line' id='line_1_54' title="bbox 2073 2443 3656 2519; baseline -0.004 -16"><span class='ocrx_word' id='word_1_377' title='bbox 2073 2451 2199 2514; x_wconf 76' lang='grc' dir='ltr'>τοὺς</span> <span class='ocrx_word' id='word_1_378' title='bbox 2224 2449 2650 2519; x_wconf 79' lang='grc' dir='ltr'>εὐλαϐουμένους</span> <span class='ocrx_word' id='word_1_379' title='bbox 2705 2449 2888 2503; x_wconf 86' lang='grc' dir='ltr'>αὐτόν.</span> <span class='ocrx_word' id='word_1_380' title='bbox 2928 2468 2947 2501; x_wconf 71' lang='grc' dir='ltr'>ι</span> <span class='ocrx_word' id='word_1_381' title='bbox 2980 2450 3135 2503; x_wconf 85' lang='grc' dir='ltr'>Ἐστι</span> <span class='ocrx_word' id='word_1_382' title='bbox 3173 2448 3271 2519; x_wconf 83' lang='grc' dir='ltr'>μὲν</span> <span class='ocrx_word' id='word_1_383' title='bbox 3295 2445 3425 2517; x_wconf 78' lang='grc' dir='ltr'>γάρ,</span> <span class='ocrx_word' id='word_1_384' title='bbox 3459 2443 3656 2514; x_wconf 62' lang='grc' dir='ltr'>φησιν,</span> 
     </span>
    </p>
   </div>
   <div class='ocr_carea' id='block_1_55' title="bbox 2074 2538 3657 2611">
    <p class='ocr_par' dir='ltr' id='par_1_55' title="bbox 2074 2538 3657 2611">
     <span class='ocr_line' id='line_1_55' title="bbox 2074 2538 3657 2611; baseline -0.006 -15"><span class='ocrx_word' id='word_1_385' title='bbox 2074 2542 2213 2610; x_wconf 80' lang='grc' dir='ltr'>ἄγαν</span> <span class='ocrx_word' id='word_1_386' title='bbox 2259 2539 2638 2611; x_wconf 78' lang='grc' dir='ltr'>φιλάνθρωπος</span> <span class='ocrx_word' id='word_1_387' title='bbox 2678 2540 2774 2595; x_wconf 70' lang='grc' dir='ltr'>καὶ</span> <span class='ocrx_word' id='word_1_388' title='bbox 2805 2540 2945 2609; x_wconf 77' lang='grc' dir='ltr'>ἄγαν</span> <span class='ocrx_word' id='word_1_389' title='bbox 2997 2539 3152 2603; x_wconf 85' lang='grc' dir='ltr'>εἰδὼς</span> <span class='ocrx_word' id='word_1_390' title='bbox 3187 2538 3497 2610; x_wconf 81' lang='grc' dir='ltr'>εὐεργετεῖν</span> <span class='ocrx_word' id='word_1_391' title='bbox 3522 2538 3657 2597; x_wconf 74' lang='grc' dir='ltr'>τοὺς</span> 
     </span>
    </p>
   </div>
   <div class='ocr_carea' id='block_1_56' title="bbox 2074 2625 3659 2703">
    <p class='ocr_par' dir='ltr' id='par_1_56' title="bbox 2074 2625 3659 2703">
     <span class='ocr_line' id='line_1_56' title="bbox 2074 2625 3659 2703; baseline -0.003 -20"><span class='ocrx_word' id='word_1_392' title='bbox 2074 2631 2210 2703; x_wconf 81' lang='grc' dir='ltr'>πρὸς</span> <span class='ocrx_word' id='word_1_393' title='bbox 2242 2630 2402 2684; x_wconf 71' lang='grc' dir='ltr'>αὐτὸν</span> <span class='ocrx_word' id='word_1_394' title='bbox 2428 2630 2688 2702; x_wconf 85' lang='grc' dir='ltr'>ὁρῶντας,</span> <span class='ocrx_word' id='word_1_395' title='bbox 2725 2631 2817 2684; x_wconf 70' lang='grc' dir='ltr'>καὶ</span> <span class='ocrx_word' id='word_1_396' title='bbox 2832 2632 2931 2703; x_wconf 79' lang='grc' dir='ltr'>τὴν</span> <span class='ocrx_word' id='word_1_397' title='bbox 2957 2630 3185 2700; x_wconf 80' lang='grc' dir='ltr'>ἀπειλὴν</span> <span class='ocrx_word' id='word_1_398' title='bbox 3217 2627 3383 2682; x_wconf 81' lang='grc' dir='ltr'>αὐτοῦ</span> <span class='ocrx_word' id='word_1_399' title='bbox 3417 2625 3659 2681; x_wconf 63' lang='grc' dir='ltr'>δεδοικόα-</span> 
     </span>
    </p>
   </div>
   <div class='ocr_carea' id='block_1_57' title="bbox 2074 2717 3655 2795">
    <p class='ocr_par' dir='ltr' id='par_1_57' title="bbox 2074 2717 3655 2795">
     <span class='ocr_line' id='line_1_57' title="bbox 2074 2717 3655 2795; baseline -0.005 -19"><span class='ocrx_word' id='word_1_400' title='bbox 2074 2741 2193 2788; x_wconf 88' lang='grc' dir='ltr'>τας.</span> <span class='ocrx_word' id='word_1_401' title='bbox 2228 2743 2246 2775; x_wconf 86' lang='grc' dir='ltr'>ι</span> <span class='ocrx_word' id='word_1_402' title='bbox 2278 2724 2389 2777; x_wconf 79' lang='grc' dir='ltr'>Καὶ</span> <span class='ocrx_word' id='word_1_403' title='bbox 2417 2726 2474 2777; x_wconf 89' lang='grc' dir='ltr'>ἐν</span> <span class='ocrx_word' id='word_1_404' title='bbox 2502 2722 2871 2794; x_wconf 84' lang='grc' dir='ltr'>κατακλυσμῷ</span> <span class='ocrx_word' id='word_1_405' title='bbox 2898 2723 3121 2795; x_wconf 82' lang='grc' dir='ltr'>πορείας</span> <span class='ocrx_word' id='word_1_406' title='bbox 3148 2720 3457 2774; x_wconf 85' lang='grc' dir='ltr'>συντέλειαν</span> <span class='ocrx_word' id='word_1_407' title='bbox 3484 2717 3655 2787; x_wconf 77' lang='grc' dir='ltr'>ποιή-</span> 
     </span>
    </p>
   </div>
   <div class='ocr_carea' id='block_1_58' title="bbox 2077 2805 3657 2886">
    <p class='ocr_par' dir='ltr' id='par_1_58' title="bbox 2077 2805 3657 2886">
     <span class='ocr_line' id='line_1_58' title="bbox 2077 2805 3657 2886; baseline -0.008 -15"><span class='ocrx_word' id='word_1_408' title='bbox 2077 2830 2230 2871; x_wconf 82' lang='grc' dir='ltr'>σεται</span> <span class='ocrx_word' id='word_1_409' title='bbox 2256 2830 2269 2844; x_wconf 90' lang='grc'><strong>·</strong></span> <span class='ocrx_word' id='word_1_410' title='bbox 2302 2813 2429 2875; x_wconf 82' lang='grc' dir='ltr'>τοὺς</span> <span class='ocrx_word' id='word_1_411' title='bbox 2459 2812 2901 2886; x_wconf 81' lang='grc' dir='ltr'>ἐξεγειρομένους</span> <span class='ocrx_word' id='word_1_412' title='bbox 2934 2812 3030 2866; x_wconf 80' lang='grc' dir='ltr'>καὶ</span> <span class='ocrx_word' id='word_1_413' title='bbox 3065 2812 3192 2875; x_wconf 86' lang='grc' dir='ltr'>τούς</span> <span class='ocrx_word' id='word_1_414' title='bbox 3228 2809 3457 2880; x_wconf 76' lang='grc' dir='ltr'>ἐχθροὺς</span> <span class='ocrx_word' id='word_1_415' title='bbox 3482 2805 3657 2860; x_wconf 75' lang='grc' dir='ltr'>αὐτοῦ</span> 
     </span>
    </p>
   </div>
   <div class='ocr_carea' id='block_1_59' title="bbox 2074 2896 3657 2972">
    <p class='ocr_par' dir='ltr' id='par_1_59' title="bbox 2074 2896 3657 2972">
     <span class='ocr_line' id='line_1_59' title="bbox 2074 2896 3657 2972; baseline -0.006 -13"><span class='ocrx_word' id='word_1_416' title='bbox 2074 2905 2320 2971; x_wconf 78' lang='grc' dir='ltr'>διώξεται</span> <span class='ocrx_word' id='word_1_417' title='bbox 2354 2905 2560 2968; x_wconf 86' lang='grc' dir='ltr'>σκότος.</span> <span class='ocrx_word' id='word_1_418' title='bbox 2600 2923 2618 2956; x_wconf 73' lang='grc' dir='ltr'>ι</span> <span class='ocrx_word' id='word_1_419' title='bbox 2665 2904 2863 2959; x_wconf 84' lang='grc' dir='ltr'>Ἐπειδ’</span> <span class='ocrx_word' id='word_1_420' title='bbox 2913 2903 2979 2957; x_wconf 83' lang='grc' dir='ltr'>ἂν</span> <span class='ocrx_word' id='word_1_421' title='bbox 3004 2902 3062 2955; x_wconf 85' lang='grc' dir='ltr'>δέ</span> <span class='ocrx_word' id='word_1_422' title='bbox 3096 2902 3232 2972; x_wconf 72' lang='grc' dir='ltr'>πρὸς</span> <span class='ocrx_word' id='word_1_423' title='bbox 3259 2900 3428 2972; x_wconf 80' lang='grc' dir='ltr'>ὀργὴν</span> <span class='ocrx_word' id='word_1_424' title='bbox 3459 2896 3657 2967; x_wconf 81' lang='grc' dir='ltr'>νεύσῃ,</span> 
     </span>
    </p>
   </div>
   <div class='ocr_carea' id='block_1_60' title="bbox 2075 2986 3661 3065">
    <p class='ocr_par' dir='ltr' id='par_1_60' title="bbox 2075 2986 3661 3065">
     <span class='ocr_line' id='line_1_60' title="bbox 2075 2986 3661 3065; baseline -0.007 -16"><span class='ocrx_word' id='word_1_425' title='bbox 2075 2994 2279 3065; x_wconf 76' lang='grc' dir='ltr'>ταύτης</span> <span class='ocrx_word' id='word_1_426' title='bbox 2301 2993 2452 3058; x_wconf 84' lang='grc' dir='ltr'>τινὰς</span> <span class='ocrx_word' id='word_1_427' title='bbox 2482 2992 2730 3064; x_wconf 83' lang='grc' dir='ltr'>εὑρηκὼς</span> <span class='ocrx_word' id='word_1_428' title='bbox 2753 2992 2955 3057; x_wconf 83' lang='grc' dir='ltr'>ἀξίους,</span> <span class='ocrx_word' id='word_1_429' title='bbox 2990 2990 3370 3059; x_wconf 86' lang='grc' dir='ltr'>κατακλυσμόν</span> <span class='ocrx_word' id='word_1_430' title='bbox 3402 3004 3525 3040; x_wconf 89' lang='grc' dir='ltr'>τινα</span> <span class='ocrx_word' id='word_1_431' title='bbox 3562 2986 3661 3039; x_wconf 65' lang='grc' dir='ltr'>διὰ</span> 
     </span>
    </p>
   </div>
   <div class='ocr_carea' id='block_1_61' title="bbox 409 3073 1972 3158">
    <p class='ocr_par' dir='ltr' id='par_1_61' title="bbox 409 3073 1972 3148">
     <span class='ocr_line' id='line_1_61' title="bbox 409 3073 1972 3148; baseline 0.012 -26"><span class='ocrx_word' id='word_1_432' title='bbox 409 3078 616 3135; x_wconf 87' lang='lat' dir='ltr'><strong>santes,</strong></span> <span class='ocrx_word' id='word_1_433' title='bbox 645 3073 857 3143; x_wconf 86' lang='lat' dir='ltr'><strong>sibique</strong></span> <span class='ocrx_word' id='word_1_434' title='bbox 882 3077 1139 3134; x_wconf 88' lang='lat' dir='ltr'><strong>resistere</strong></span> <span class='ocrx_word' id='word_1_435' title='bbox 1172 3080 1458 3148; x_wconf 88' lang='lat' dir='ltr'><strong>audentes,</strong></span> <span class='ocrx_word' id='word_1_436' title='bbox 1495 3083 1737 3139; x_wconf 91' lang='lat' dir='ltr'><strong>tenebris</strong></span> <span class='ocrx_word' id='word_1_437' title='bbox 1764 3084 1972 3141; x_wconf 85' lang='lat' dir='ltr'><strong>multis-</strong></span> 
     </span>
    </p>
   </div>
   <div class='ocr_carea' id='block_1_62' title="bbox 2076 3073 3660 3158">
    <p class='ocr_par' dir='ltr' id='par_1_62' title="bbox 2076 3077 3660 3158">
     <span class='ocr_line' id='line_1_62' title="bbox 2076 3077 3660 3158; baseline -0.006 -19"><span class='ocrx_word' id='word_1_438' title='bbox 2076 3087 2175 3158; x_wconf 83' lang='grc' dir='ltr'>τῆς</span> <span class='ocrx_word' id='word_1_439' title='bbox 2192 3088 2368 3158; x_wconf 85' lang='grc' dir='ltr'>ὁρμῆς</span> <span class='ocrx_word' id='word_1_440' title='bbox 2417 3086 2610 3154; x_wconf 80' lang='grc' dir='ltr'>ἐπάγει</span> <span class='ocrx_word' id='word_1_441' title='bbox 2640 3086 2739 3155; x_wconf 85' lang='grc' dir='ltr'>τῆς</span> <span class='ocrx_word' id='word_1_442' title='bbox 2793 3085 3020 3148; x_wconf 86' lang='grc' dir='ltr'>οἰκείας,</span> <span class='ocrx_word' id='word_1_443' title='bbox 3055 3084 3122 3138; x_wconf 82' lang='grc' dir='ltr'>δι’</span> <span class='ocrx_word' id='word_1_444' title='bbox 3154 3077 3223 3156; x_wconf 82' lang='grc' dir='ltr'>ἦς</span> <span class='ocrx_word' id='word_1_445' title='bbox 3268 3080 3504 3146; x_wconf 81' lang='grc' dir='ltr'>παντελῆ</span> <span class='ocrx_word' id='word_1_446' title='bbox 3552 3077 3660 3148; x_wconf 64' lang='grc' dir='ltr'>μιν</span> 
     </span>
    </p>
   </div>
   <div class='ocr_carea' id='block_1_63' title="bbox 408 3165 1977 3246">
    <p class='ocr_par' dir='ltr' id='par_1_63' title="bbox 408 3165 1977 3246">
     <span class='ocr_line' id='line_1_63' title="bbox 408 3165 1977 3246; baseline 0.009 -31"><span class='ocrx_word' id='word_1_447' title='bbox 408 3175 517 3229; x_wconf 83' lang='lat' dir='ltr'>que</span> <span class='ocrx_word' id='word_1_448' title='bbox 539 3165 810 3234; x_wconf 75' lang='lat' dir='ltr'><strong>angustiis</strong></span> <span class='ocrx_word' id='word_1_449' title='bbox 833 3167 1224 3226; x_wconf 90' lang='lat' dir='ltr'><strong>circumvenict</strong></span> <span class='ocrx_word' id='word_1_450' title='bbox 1246 3187 1342 3242; x_wconf 90' lang='lat' dir='ltr'>per</span> <span class='ocrx_word' id='word_1_451' title='bbox 1367 3172 1744 3243; x_wconf 73' lang='lat' dir='ltr'><strong>impositurum</strong></span> <span class='ocrx_word' id='word_1_452' title='bbox 1769 3176 1977 3246; x_wconf 78' lang='lat' dir='ltr'><strong>magni-</strong></span> 
     </span>
    </p>
   </div>
   <div class='ocr_carea' id='block_1_64' title="bbox 409 3250 1979 3333">
    <p class='ocr_par' dir='ltr' id='par_1_64' title="bbox 409 3250 1979 3333">
     <span class='ocr_line' id='line_1_64' title="bbox 409 3250 1979 3333; baseline 0.008 -28"><span class='ocrx_word' id='word_1_453' title='bbox 409 3250 654 3308; x_wconf 90' lang='lat' dir='ltr'><strong>tudinem</strong></span> <span class='ocrx_word' id='word_1_454' title='bbox 683 3256 1074 3313; x_wconf 85' lang='lat' dir='ltr'><strong>calamitatum.</strong></span> <span class='ocrx_word' id='word_1_455' title='bbox 1099 3279 1118 3314; x_wconf 85' lang='grc' dir='ltr'>ι</span> <span class='ocrx_word' id='word_1_456' title='bbox 1142 3259 1280 3328; x_wconf 85' lang='lat' dir='ltr'><strong>Quid</strong></span> <span class='ocrx_word' id='word_1_457' title='bbox 1304 3262 1555 3333; x_wconf 79' lang='lat' dir='ltr'><strong>cogitatis</strong></span> <span class='ocrx_word' id='word_1_458' title='bbox 1575 3271 1766 3320; x_wconf 85' lang='lat' dir='ltr'><strong>contra</strong></span> <span class='ocrx_word' id='word_1_459' title='bbox 1797 3264 1979 3320; x_wconf 88' lang='lat' dir='ltr'><strong>Domi-</strong></span> 
     </span>
    </p>
   </div>
   <div class='ocr_carea' id='block_1_65' title="bbox 409 3342 1978 3420">
    <p class='ocr_par' dir='ltr' id='par_1_65' title="bbox 409 3342 1978 3420">
     <span class='ocr_line' id='line_1_65' title="bbox 409 3342 1978 3420; baseline 0.01 -27"><span class='ocrx_word' id='word_1_460' title='bbox 409 3342 616 3398; x_wconf 64' lang='lat' dir='ltr'><strong>num?»</strong></span> <span class='ocrx_word' id='word_1_461' title='bbox 651 3343 930 3415; x_wconf 61' lang='lat' dir='ltr'><strong>Quasnam,</strong></span> <span class='ocrx_word' id='word_1_462' title='bbox 964 3348 1163 3420; x_wconf 81' lang='lat' dir='ltr'><strong>inquit,</strong></span> <span class='ocrx_word' id='word_1_463' title='bbox 1191 3352 1421 3407; x_wconf 84' lang='lat' dir='ltr'><strong>consilia</strong></span> <span class='ocrx_word' id='word_1_464' title='bbox 1445 3353 1503 3409; x_wconf 91' lang='lat' dir='ltr'>in</span> <span class='ocrx_word' id='word_1_465' title='bbox 1521 3368 1645 3408; x_wconf 90' lang='lat' dir='ltr'>eum</span> <span class='ocrx_word' id='word_1_466' title='bbox 1674 3355 1978 3411; x_wconf 80' lang='lat' dir='ltr'><strong>molimini?</strong></span> 
     </span>
    </p>
   </div>
   <div class='ocr_carea' id='block_1_66' title="bbox 2077 3172 3661 3249">
    <p class='ocr_par' dir='ltr' id='par_1_66' title="bbox 2077 3172 3661 3249">
     <span class='ocr_line' id='line_1_66' title="bbox 2077 3172 3661 3249; baseline 0.003 -19"><span class='ocrx_word' id='word_1_467' title='bbox 2077 3177 2367 3248; x_wconf 73' lang='grc' dir='ltr'>ἐργάζεται</span> <span class='ocrx_word' id='word_1_468' title='bbox 2422 3179 2514 3233; x_wconf 82' lang='grc' dir='ltr'>τὸν</span> <span class='ocrx_word' id='word_1_469' title='bbox 2558 3177 2864 3249; x_wconf 72' lang='grc' dir='ltr'>ὰςρανισμδν</span> <span class='ocrx_word' id='word_1_470' title='bbox 2895 3176 3005 3231; x_wconf 92' lang='grc' dir='ltr'>τῶν</span> <span class='ocrx_word' id='word_1_471' title='bbox 3038 3174 3324 3247; x_wconf 85' lang='grc' dir='ltr'>μοχθηρῶν</span> <span class='ocrx_word' id='word_1_472' title='bbox 3346 3191 3360 3204; x_wconf 80' lang='grc'><strong>’</strong></span> <span class='ocrx_word' id='word_1_473' title='bbox 3406 3172 3661 3234; x_wconf 72' lang='grc' dir='ltr'>ἅπαντας</span> 
     </span>
    </p>
   </div>
   <div class='ocr_carea' id='block_1_67' title="bbox 2077 3262 3657 3340">
    <p class='ocr_par' dir='ltr' id='par_1_67' title="bbox 2077 3262 3657 3340">
     <span class='ocr_line' id='line_1_67' title="bbox 2077 3262 3657 3340; baseline -0.006 -16"><span class='ocrx_word' id='word_1_474' title='bbox 2077 3272 2133 3324; x_wconf 81' lang='grc' dir='ltr'>δὲ</span> <span class='ocrx_word' id='word_1_475' title='bbox 2162 3272 2286 3334; x_wconf 76' lang='grc' dir='ltr'>τοὺς</span> <span class='ocrx_word' id='word_1_476' title='bbox 2312 3270 2772 3340; x_wconf 75' lang='grc' dir='ltr'>ἐπανισταμένους</span> <span class='ocrx_word' id='word_1_477' title='bbox 2794 3268 2942 3339; x_wconf 89' lang='grc' dir='ltr'>αὐτῷ</span> <span class='ocrx_word' id='word_1_478' title='bbox 2965 3268 3058 3321; x_wconf 76' lang='lat' dir='ltr'><strong>xal.</strong></span> <span class='ocrx_word' id='word_1_479' title='bbox 3078 3265 3392 3337; x_wconf 84' lang='grc' dir='ltr'>τολμῶντας</span> <span class='ocrx_word' id='word_1_480' title='bbox 3417 3262 3568 3334; x_wconf 84' lang='grc' dir='ltr'>αὐτῷ</span> <span class='ocrx_word' id='word_1_481' title='bbox 3598 3280 3657 3315; x_wconf 79' lang='grc' dir='ltr'>τι.</span> 
     </span>
    </p>
   </div>
   <div class='ocr_carea' id='block_1_68' title="bbox 2080 3351 3660 3432">
    <p class='ocr_par' dir='ltr' id='par_1_68' title="bbox 2080 3351 3660 3432">
     <span class='ocr_line' id='line_1_68' title="bbox 2080 3351 3660 3432; baseline -0.006 -19"><span class='ocrx_word' id='word_1_482' title='bbox 2080 3359 2362 3430; x_wconf 79' lang='grc' dir='ltr'>βούλεσθαι</span> <span class='ocrx_word' id='word_1_483' title='bbox 2420 3360 2678 3426; x_wconf 85' lang='grc' dir='ltr'>ἐναντίον,</span> <span class='ocrx_word' id='word_1_484' title='bbox 2739 3360 2917 3432; x_wconf 84' lang='grc' dir='ltr'>σκότῳ</span> <span class='ocrx_word' id='word_1_485' title='bbox 2966 3357 3279 3430; x_wconf 86' lang='grc' dir='ltr'>περιϐάλλει</span> <span class='ocrx_word' id='word_1_486' title='bbox 3326 3356 3419 3410; x_wconf 76' lang='grc' dir='ltr'>καὶ</span> <span class='ocrx_word' id='word_1_487' title='bbox 3444 3351 3660 3422; x_wconf 58' lang='grc' dir='ltr'>ἀπορία</span> 
     </span>
    </p>
   </div>
   <div class='ocr_carea' id='block_1_69' title="bbox 407 3430 1972 3523">
    <p class='ocr_par' dir='ltr' id='par_1_69' title="bbox 407 3430 1972 3523">
     <span class='ocr_line' id='line_1_69' title="bbox 407 3430 1972 3523; baseline 0.012 -40"><span class='ocrx_word' id='word_1_488' title='bbox 407 3430 547 3523; x_wconf 45' lang='lat' dir='ltr'><strong>lium</strong></span> <span class='ocrx_word' id='word_1_489' title='bbox 593 3434 792 3490; x_wconf 85' lang='lat' dir='ltr'><strong>bellum</strong></span> <span class='ocrx_word' id='word_1_490' title='bbox 839 3439 1104 3498; x_wconf 87' lang='lat' dir='ltr'><strong>adversus</strong></span> <span class='ocrx_word' id='word_1_491' title='bbox 1151 3442 1318 3498; x_wconf 83' lang='lat' dir='ltr'><strong>Deum</strong></span> <span class='ocrx_word' id='word_1_492' title='bbox 1364 3445 1477 3514; x_wconf 82' lang='lat' dir='ltr'><strong>geri</strong></span> <span class='ocrx_word' id='word_1_493' title='bbox 1524 3460 1686 3516; x_wconf 86' lang='lat' dir='ltr'><strong>posse</strong></span> <span class='ocrx_word' id='word_1_494' title='bbox 1733 3447 1972 3516; x_wconf 68' lang='lat' dir='ltr'><strong>putatis?</strong></span> 
     </span>
    </p>
   </div>
   <div class='ocr_carea' id='block_1_70' title="bbox 2076 3430 3653 3523">
    <p class='ocr_par' dir='ltr' id='par_1_70' title="bbox 2080 3430 3653 3523">
     <span class='ocr_line' id='line_1_70' title="bbox 2080 3430 3653 3523; baseline -0.006 -18"><span class='ocrx_word' id='word_1_495' title='bbox 2080 3451 2245 3522; x_wconf 82' lang='grc' dir='ltr'>πολλῇ</span> <span class='ocrx_word' id='word_1_496' title='bbox 2291 3451 2371 3523; x_wconf 84' lang='grc' dir='ltr'>τῷ</span> <span class='ocrx_word' id='word_1_497' title='bbox 2424 3450 2641 3523; x_wconf 82' lang='grc' dir='ltr'>μεγέθει</span> <span class='ocrx_word' id='word_1_498' title='bbox 2689 3450 2797 3506; x_wconf 89' lang='grc' dir='ltr'>τῶν</span> <span class='ocrx_word' id='word_1_499' title='bbox 2849 3430 3206 3521; x_wconf 82' lang='grc' dir='ltr'>ἐπαγομένων</span> <span class='ocrx_word' id='word_1_500' title='bbox 3231 3449 3415 3510; x_wconf 82' lang='grc' dir='ltr'>αὐτοῖς</span> <span class='ocrx_word' id='word_1_501' title='bbox 3441 3444 3653 3499; x_wconf 84' lang='grc' dir='ltr'>κακῶν.</span> 
     </span>
    </p>
   </div>
   <div class='ocr_carea' id='block_1_71' title="bbox 409 3520 1976 3607">
    <p class='ocr_par' dir='ltr' id='par_1_71' title="bbox 409 3520 1976 3607">
     <span class='ocr_line' id='line_1_71' title="bbox 409 3520 1976 3607; baseline 0.011 -32"><span class='ocrx_word' id='word_1_502' title='bbox 409 3520 554 3577; x_wconf 87' lang='lat' dir='ltr'><strong>Sane</strong></span> <span class='ocrx_word' id='word_1_503' title='bbox 583 3539 650 3579; x_wconf 79' lang='lat' dir='ltr'><strong>ex</strong></span> <span class='ocrx_word' id='word_1_504' title='bbox 694 3542 803 3597; x_wconf 92' lang='lat' dir='ltr'><strong>quo</strong></span> <span class='ocrx_word' id='word_1_505' title='bbox 834 3530 1068 3599; x_wconf 90' lang='lat' dir='ltr'><strong>primum</strong></span> <span class='ocrx_word' id='word_1_506' title='bbox 1102 3530 1477 3606; x_wconf 79' lang='lat' dir='ltr'><strong>Hierosolyma</strong></span> <span class='ocrx_word' id='word_1_507' title='bbox 1519 3550 1832 3607; x_wconf 74' lang='lat' dir='ltr'><strong>oppugnare</strong></span> <span class='ocrx_word' id='word_1_508' title='bbox 1860 3552 1976 3592; x_wconf 74' lang='lat' dir='ltr'><strong>co:-</strong></span> 
     </span>
    </p>
   </div>
   <div class='ocr_carea' id='block_1_72' title="bbox 407 3615 1977 3695">
    <p class='ocr_par' dir='ltr' id='par_1_72' title="bbox 407 3615 1977 3695">
     <span class='ocr_line' id='line_1_72' title="bbox 407 3615 1977 3695; baseline 0.01 -26"><span class='ocrx_word' id='word_1_509' title='bbox 407 3615 589 3685; x_wconf 89' lang='lat' dir='ltr'><strong>pistis,</strong></span> <span class='ocrx_word' id='word_1_510' title='bbox 611 3617 699 3675; x_wconf 86' lang='lat' dir='ltr'><strong>bis</strong></span> <span class='ocrx_word' id='word_1_511' title='bbox 724 3618 892 3677; x_wconf 91' lang='lat' dir='ltr'><strong>Deum</strong></span> <span class='ocrx_word' id='word_1_512' title='bbox 924 3622 1281 3695; x_wconf 84' lang='lat' dir='ltr'><strong>blasphemiis</strong></span> <span class='ocrx_word' id='word_1_513' title='bbox 1306 3626 1626 3684; x_wconf 85' lang='lat' dir='ltr'><strong>Iacessistis.</strong></span> <span class='ocrx_word' id='word_1_514' title='bbox 1662 3647 1681 3681; x_wconf 79' lang='grc' dir='ltr'>ι</span> <span class='ocrx_word' id='word_1_515' title='bbox 1704 3629 1977 3686; x_wconf 85' lang='lat' dir='ltr'><strong>Consum—</strong></span> 
     </span>
    </p>
   </div>
   <div class='ocr_carea' id='block_1_73' title="bbox 408 3709 1979 3783">
    <p class='ocr_par' dir='ltr' id='par_1_73' title="bbox 408 3709 1979 3783">
     <span class='ocr_line' id='line_1_73' title="bbox 408 3709 1979 3783; baseline 0.01 -22"><span class='ocrx_word' id='word_1_516' title='bbox 408 3709 702 3767; x_wconf 86' lang='lat' dir='ltr'><strong>mationem</strong></span> <span class='ocrx_word' id='word_1_517' title='bbox 748 3711 865 3783; x_wconf 87' lang='lat' dir='ltr'><strong>ipse</strong></span> <span class='ocrx_word' id='word_1_518' title='bbox 905 3712 1087 3781; x_wconf 80' lang='lat' dir='ltr'><strong>faciet;</strong></span> <span class='ocrx_word' id='word_1_519' title='bbox 1119 3733 1229 3773; x_wconf 91' lang='lat' dir='ltr'>non</span> <span class='ocrx_word' id='word_1_520' title='bbox 1251 3718 1548 3775; x_wconf 84' lang='lat' dir='ltr'><strong>vindicabit</strong></span> <span class='ocrx_word' id='word_1_521' title='bbox 1575 3719 1658 3777; x_wconf 87' lang='lat' dir='ltr'><strong>bis</strong></span> <span class='ocrx_word' id='word_1_522' title='bbox 1690 3737 1801 3778; x_wconf 89' lang='lat' dir='ltr'>rem</span> <span class='ocrx_word' id='word_1_523' title='bbox 1830 3738 1979 3779; x_wconf 87' lang='lat' dir='ltr'><strong>eam-</strong></span> 
     </span>
    </p>
   </div>
   <div class='ocr_carea' id='block_1_74' title="bbox 408 3798 1978 3878">
    <p class='ocr_par' dir='ltr' id='par_1_74' title="bbox 408 3798 1978 3878">
     <span class='ocr_line' id='line_1_74' title="bbox 408 3798 1978 3878; baseline 0.009 -28"><span class='ocrx_word' id='word_1_524' title='bbox 408 3798 532 3852; x_wconf 89' lang='lat' dir='ltr'>dem</span> <span class='ocrx_word' id='word_1_525' title='bbox 564 3799 617 3854; x_wconf 92' lang='lat' dir='ltr'><strong>in</strong></span> <span class='ocrx_word' id='word_1_526' title='bbox 640 3800 1009 3858; x_wconf 83' lang='lat' dir='ltr'><strong>tribulatione.</strong></span> <span class='ocrx_word' id='word_1_527' title='bbox 1035 3825 1054 3854; x_wconf 73' lang='grc' dir='ltr'><strong>ρ</strong></span> <span class='ocrx_word' id='word_1_528' title='bbox 1089 3801 1313 3860; x_wconf 88' lang='lat' dir='ltr'><strong>Decreta</strong></span> <span class='ocrx_word' id='word_1_529' title='bbox 1340 3805 1541 3877; x_wconf 89' lang='lat' dir='ltr'><strong>quippe</strong></span> <span class='ocrx_word' id='word_1_530' title='bbox 1570 3822 1824 3877; x_wconf 87' lang='lat' dir='ltr'><strong>suprema</strong></span> <span class='ocrx_word' id='word_1_531' title='bbox 1854 3824 1978 3878; x_wconf 82' lang='lat' dir='ltr'><strong>per-</strong></span> 
     </span>
    </p>
   </div>
   <div class='ocr_carea' id='block_1_75' title="bbox 409 3889 1974 3959">
    <p class='ocr_par' dir='ltr' id='par_1_75' title="bbox 409 3889 1974 3959">
     <span class='ocr_line' id='line_1_75' title="bbox 409 3889 1974 3959; baseline 0.006 -15"><span class='ocrx_word' id='word_1_532' title='bbox 409 3889 551 3947; x_wconf 86' lang='lat' dir='ltr'><strong>uicie</strong></span> <span class='ocrx_word' id='word_1_533' title='bbox 580 3899 780 3959; x_wconf 82' lang='lat' dir='ltr'><strong>vestra,</strong></span> <span class='ocrx_word' id='word_1_534' title='bbox 811 3895 947 3950; x_wconf 84' lang='lat' dir='ltr'><strong>adeo</strong></span> <span class='ocrx_word' id='word_1_535' title='bbox 967 3895 1231 3951; x_wconf 88' lang='lat' dir='ltr'><strong>violenter</strong></span> <span class='ocrx_word' id='word_1_536' title='bbox 1258 3911 1413 3952; x_wconf 90' lang='lat' dir='ltr'><strong>suam</strong></span> <span class='ocrx_word' id='word_1_537' title='bbox 1445 3898 1498 3952; x_wconf 90' lang='lat' dir='ltr'><strong>in</strong></span> <span class='ocrx_word' id='word_1_538' title='bbox 1521 3914 1618 3956; x_wconf 91' lang='lat' dir='ltr'><strong>vos</strong></span> <span class='ocrx_word' id='word_1_539' title='bbox 1642 3901 1974 3956; x_wconf 86' lang='lat' dir='ltr'><strong>voluntatem</strong></span> 
     </span>
    </p>
   </div>
   <div class='ocr_carea' id='block_1_76' title="bbox 408 3989 1972 4059">
    <p class='ocr_par' dir='ltr' id='par_1_76' title="bbox 408 3989 1972 4059">
     <span class='ocr_line' id='line_1_76' title="bbox 408 3989 1972 4059; baseline 0.007 -21"><span class='ocrx_word' id='word_1_540' title='bbox 408 3993 758 4056; x_wconf 78' lang='lat' dir='ltr'><strong>exsequetur,</strong></span> <span class='ocrx_word' id='word_1_541' title='bbox 800 3995 856 4042; x_wconf 94' lang='lat' dir='ltr'>ut</span> <span class='ocrx_word' id='word_1_542' title='bbox 887 4003 1026 4059; x_wconf 90' lang='lat' dir='ltr'><strong>opus</strong></span> <span class='ocrx_word' id='word_1_543' title='bbox 1055 3989 1103 4044; x_wconf 85' lang='lat' dir='ltr'>ei</span> <span class='ocrx_word' id='word_1_544' title='bbox 1139 4004 1248 4045; x_wconf 93' lang='lat' dir='ltr'><strong>non</strong></span> <span class='ocrx_word' id='word_1_545' title='bbox 1284 3990 1355 4045; x_wconf 90' lang='lat' dir='ltr'>sit</span> <span class='ocrx_word' id='word_1_546' title='bbox 1384 3991 1582 4047; x_wconf 87' lang='lat' dir='ltr'><strong>iterato</strong></span> <span class='ocrx_word' id='word_1_547' title='bbox 1615 3993 1726 4048; x_wconf 92' lang='lat' dir='ltr'><strong>ictu</strong></span> <span class='ocrx_word' id='word_1_548' title='bbox 1774 3993 1972 4049; x_wconf 82' lang='lat' dir='ltr'><strong>ferire:</strong></span> 
     </span>
    </p>
   </div>
   <div class='ocr_carea' id='block_1_77' title="bbox 408 4074 1975 4156">
    <p class='ocr_par' dir='ltr' id='par_1_77' title="bbox 408 4074 1975 4156">
     <span class='ocr_line' id='line_1_77' title="bbox 408 4074 1975 4156; baseline 0.007 -28"><span class='ocrx_word' id='word_1_549' title='bbox 408 4074 648 4130; x_wconf 80' lang='lat' dir='ltr'><strong>subitum</strong></span> <span class='ocrx_word' id='word_1_550' title='bbox 675 4077 818 4133; x_wconf 88' lang='lat' dir='ltr'><strong>enim</strong></span> <span class='ocrx_word' id='word_1_551' title='bbox 853 4079 935 4135; x_wconf 85' lang='lat' dir='ltr'>vel</span> <span class='ocrx_word' id='word_1_552' title='bbox 974 4079 1149 4150; x_wconf 86' lang='lat' dir='ltr'><strong>prima</strong></span> <span class='ocrx_word' id='word_1_553' title='bbox 1178 4081 1332 4154; x_wconf 80' lang='lat' dir='ltr'><strong>plaga</strong></span> <span class='ocrx_word' id='word_1_554' title='bbox 1368 4082 1646 4139; x_wconf 87' lang='lat' dir='ltr'><strong>interitum</strong></span> <span class='ocrx_word' id='word_1_555' title='bbox 1682 4084 1834 4139; x_wconf 85' lang='lat' dir='ltr'><strong>vobis</strong></span> <span class='ocrx_word' id='word_1_556' title='bbox 1876 4100 1975 4156; x_wconf 86' lang='lat' dir='ltr'><strong>pa-</strong></span> 
     </span>
    </p>
   </div>
   <div class='ocr_carea' id='block_1_78' title="bbox 2084 3536 3655 3617">
    <p class='ocr_par' dir='ltr' id='par_1_78' title="bbox 2084 3536 3655 3617">
     <span class='ocr_line' id='line_1_78' title="bbox 2084 3536 3655 3617; baseline -0.004 -23"><span class='ocrx_word' id='word_1_557' title='bbox 2084 3561 2103 3594; x_wconf 78' lang='grc' dir='ltr'>ι</span> <span class='ocrx_word' id='word_1_558' title='bbox 2136 3542 2200 3594; x_wconf 81' lang='grc' dir='ltr'>Τί</span> <span class='ocrx_word' id='word_1_559' title='bbox 2264 3541 2538 3612; x_wconf 74' lang='grc' dir='ltr'>λογίζεσθε</span> <span class='ocrx_word' id='word_1_560' title='bbox 2594 3543 2687 3596; x_wconf 81' lang='grc' dir='ltr'>ἐπὶ</span> <span class='ocrx_word' id='word_1_561' title='bbox 2718 3542 2809 3596; x_wconf 75' lang='grc' dir='ltr'>τὸν</span> <span class='ocrx_word' id='word_1_562' title='bbox 2855 3541 3100 3613; x_wconf 83' lang='grc' dir='ltr'>Κύριον;</span> <span class='ocrx_word' id='word_1_563' title='bbox 3133 3558 3152 3593; x_wconf 71' lang='grc' dir='ltr'>ι</span> <span class='ocrx_word' id='word_1_564' title='bbox 3196 3540 3417 3610; x_wconf 85' lang='grc' dir='ltr'>ὐμοίαν</span> <span class='ocrx_word' id='word_1_565' title='bbox 3448 3536 3655 3617; x_wconf 84' lang='grc' dir='ltr'>τοίνυν,</span> 
     </span>
    </p>
   </div>
   <div class='ocr_carea' id='block_1_79' title="bbox 2079 3627 3660 3706">
    <p class='ocr_par' dir='ltr' id='par_1_79' title="bbox 2079 3627 3660 3706">
     <span class='ocr_line' id='line_1_79' title="bbox 2079 3627 3660 3706; baseline -0.004 -21"><span class='ocrx_word' id='word_1_566' title='bbox 2079 3633 2262 3704; x_wconf 76' lang='grc' dir='ltr'>φησὶν,</span> <span class='ocrx_word' id='word_1_567' title='bbox 2294 3633 2445 3704; x_wconf 81' lang='grc' dir='ltr'>ἔχετε</span> <span class='ocrx_word' id='word_1_568' title='bbox 2485 3635 2614 3706; x_wconf 77' lang='grc' dir='ltr'>περὶ</span> <span class='ocrx_word' id='word_1_569' title='bbox 2653 3632 2816 3688; x_wconf 81' lang='grc' dir='ltr'>αὐτοῦ</span> <span class='ocrx_word' id='word_1_570' title='bbox 2841 3634 2942 3705; x_wconf 81' lang='grc' dir='ltr'>τὴν</span> <span class='ocrx_word' id='word_1_571' title='bbox 2973 3632 3180 3688; x_wconf 82' lang='grc' dir='ltr'>ἔννοιαν</span> <span class='ocrx_word' id='word_1_572' title='bbox 3201 3630 3272 3702; x_wconf 82' lang='grc' dir='ltr'>;ἢ</span> <span class='ocrx_word' id='word_1_573' title='bbox 3303 3629 3377 3701; x_wconf 83' lang='grc' dir='ltr'>μὴ</span> <span class='ocrx_word' id='word_1_574' title='bbox 3400 3627 3660 3698; x_wconf 79' lang='grc' dir='ltr'>νομίζετε</span> 
     </span>
    </p>
   </div>
   <div class='ocr_carea' id='block_1_80' title="bbox 2076 3713 3657 3795">
    <p class='ocr_par' dir='ltr' id='par_1_80' title="bbox 2076 3713 3657 3795">
     <span class='ocr_line' id='line_1_80' title="bbox 2076 3713 3657 3795; baseline -0.002 -21"><span class='ocrx_word' id='word_1_575' title='bbox 2076 3722 2300 3777; x_wconf 70' lang='grc' dir='ltr'>δυνατὸν</span> <span class='ocrx_word' id='word_1_576' title='bbox 2328 3724 2455 3794; x_wconf 84' lang='grc' dir='ltr'>ὑμῖν</span> <span class='ocrx_word' id='word_1_577' title='bbox 2493 3718 2631 3778; x_wconf 81' lang='grc' dir='ltr'>εἶναι</span> <span class='ocrx_word' id='word_1_578' title='bbox 2678 3724 2932 3795; x_wconf 88' lang='grc' dir='ltr'>πολεμεῖν</span> <span class='ocrx_word' id='word_1_579' title='bbox 2958 3722 3036 3794; x_wconf 83' lang='grc' dir='ltr'>τῷ</span> <span class='ocrx_word' id='word_1_580' title='bbox 3053 3721 3312 3792; x_wconf 57' lang='lat' dir='ltr'><strong>consuetu;</strong></span> <span class='ocrx_word' id='word_1_581' title='bbox 3348 3721 3441 3789; x_wconf 77' lang='grc' dir='ltr'>ἀφ’</span> <span class='ocrx_word' id='word_1_582' title='bbox 3467 3713 3530 3773; x_wconf 75' lang='grc' dir='ltr'>οὗ</span> <span class='ocrx_word' id='word_1_583' title='bbox 3585 3718 3657 3791; x_wconf 75' lang='grc' dir='ltr'>δὴ</span> 
     </span>
    </p>
   </div>
   <div class='ocr_carea' id='block_1_81' title="bbox 2076 3809 3659 3886">
    <p class='ocr_par' dir='ltr' id='par_1_81' title="bbox 2076 3809 3659 3886">
     <span class='ocr_line' id='line_1_81' title="bbox 2076 3809 3659 3886; baseline -0.002 -22"><span class='ocrx_word' id='word_1_584' title='bbox 2076 3813 2170 3864; x_wconf 77' lang='grc' dir='ltr'>καὶ</span> <span class='ocrx_word' id='word_1_585' title='bbox 2201 3813 2465 3886; x_wconf 88' lang='grc' dir='ltr'>πρότερον</span> <span class='ocrx_word' id='word_1_586' title='bbox 2494 3813 2859 3886; x_wconf 78' lang='grc' dir='ltr'>ἐπεληλύθατε</span> <span class='ocrx_word' id='word_1_587' title='bbox 2897 3817 2964 3885; x_wconf 81' lang='grc' dir='ltr'>τῇ</span> <span class='ocrx_word' id='word_1_588' title='bbox 3014 3811 3390 3885; x_wconf 82' lang='grc' dir='ltr'>Ἰερουσαλὴμ,</span> <span class='ocrx_word' id='word_1_589' title='bbox 3421 3809 3562 3864; x_wconf 79' lang='grc' dir='ltr'>οὕτω</span> <span class='ocrx_word' id='word_1_590' title='bbox 3590 3824 3659 3861; x_wconf 76' lang='grc' dir='ltr'>τε.</span> 
     </span>
    </p>
   </div>
   <div class='ocr_carea' id='block_1_82' title="bbox 2079 3903 3660 3976">
    <p class='ocr_par' dir='ltr' id='par_1_82' title="bbox 2079 3903 3660 3976">
     <span class='ocr_line' id='line_1_82' title="bbox 2079 3903 3660 3976; baseline -0.001 -18"><span class='ocrx_word' id='word_1_591' title='bbox 2079 3903 2433 3976; x_wconf 83' lang='grc' dir='ltr'>βλασφήμους</span> <span class='ocrx_word' id='word_1_592' title='bbox 2468 3909 2547 3969; x_wconf 79' lang='grc' dir='ltr'>εἰς</span> <span class='ocrx_word' id='word_1_593' title='bbox 2572 3908 2663 3960; x_wconf 88' lang='grc' dir='ltr'>τὸν</span> <span class='ocrx_word' id='word_1_594' title='bbox 2681 3905 2813 3960; x_wconf 80' lang='grc' dir='ltr'>Θεὸν</span> <span class='ocrx_word' id='word_1_595' title='bbox 2845 3904 3143 3971; x_wconf 76' lang='grc' dir='ltr'>ἐξετείνατε</span> <span class='ocrx_word' id='word_1_596' title='bbox 3164 3904 3377 3973; x_wconf 90' lang='grc' dir='ltr'>λόγους.</span> <span class='ocrx_word' id='word_1_597' title='bbox 3408 3922 3426 3956; x_wconf 78' lang='grc' dir='ltr'>ι</span> <span class='ocrx_word' id='word_1_598' title='bbox 3460 3903 3660 3957; x_wconf 67' lang='grc' dir='ltr'>Συντε-</span> 
     </span>
    </p>
   </div>
   <div class='ocr_carea' id='block_1_83' title="bbox 2076 3994 3657 4068">
    <p class='ocr_par' dir='ltr' id='par_1_83' title="bbox 2076 3994 3657 4068">
     <span class='ocr_line' id='line_1_83' title="bbox 2076 3994 3657 4068; baseline -0.002 -19"><span class='ocrx_word' id='word_1_599' title='bbox 2076 3995 2227 4049; x_wconf 87' lang='grc' dir='ltr'>λειαν</span> <span class='ocrx_word' id='word_1_600' title='bbox 2251 3996 2410 4061; x_wconf 79' lang='grc' dir='ltr'>αὐτὸς</span> <span class='ocrx_word' id='word_1_601' title='bbox 2432 3997 2666 4068; x_wconf 81' lang='grc' dir='ltr'>ποιήσει,</span> <span class='ocrx_word' id='word_1_602' title='bbox 2689 3998 2784 4051; x_wconf 78' lang='grc' dir='ltr'>καὶ</span> <span class='ocrx_word' id='word_1_603' title='bbox 2804 3998 2904 4051; x_wconf 90' lang='grc' dir='ltr'>οὐκ</span> <span class='ocrx_word' id='word_1_604' title='bbox 2924 3996 3291 4068; x_wconf 73' lang='grc' dir='ltr'>ἐκδικήσειδὶς</span> <span class='ocrx_word' id='word_1_605' title='bbox 3319 3995 3413 4049; x_wconf 71' lang='grc' dir='ltr'>ἐπὶ</span> <span class='ocrx_word' id='word_1_606' title='bbox 3437 3994 3498 4048; x_wconf 81' lang='grc' dir='ltr'>τὸ</span> <span class='ocrx_word' id='word_1_607' title='bbox 3517 3994 3657 4047; x_wconf 75' lang='grc' dir='ltr'>αὐτὸ</span> 
     </span>
    </p>
   </div>
   <div class='ocr_carea' id='block_1_84' title="bbox 2078 4085 3654 4162">
    <p class='ocr_par' dir='ltr' id='par_1_84' title="bbox 2078 4085 3654 4162">
     <span class='ocr_line' id='line_1_84' title="bbox 2078 4085 3654 4162; baseline -0.001 -22"><span class='ocrx_word' id='word_1_608' title='bbox 2078 4088 2137 4143; x_wconf 90' lang='grc' dir='ltr'>ἐν</span> <span class='ocrx_word' id='word_1_609' title='bbox 2166 4086 2364 4158; x_wconf 82' lang='grc' dir='ltr'>θλίψει.</span> <span class='ocrx_word' id='word_1_610' title='bbox 2387 4107 2406 4141; x_wconf 70' lang='grc' dir='ltr'>ι</span> <span class='ocrx_word' id='word_1_611' title='bbox 2428 4088 2737 4160; x_wconf 87' lang='grc' dir='ltr'>Δοκιμάσας</span> <span class='ocrx_word' id='word_1_612' title='bbox 2755 4090 2865 4162; x_wconf 73' lang='grc' dir='ltr'>γὰρ</span> <span class='ocrx_word' id='word_1_613' title='bbox 2881 4089 2911 4144; x_wconf 82' lang='grc' dir='ltr'>ὐ</span> <span class='ocrx_word' id='word_1_614' title='bbox 2918 4088 3035 4161; x_wconf 89' lang='grc' dir='ltr'>μῶν</span> <span class='ocrx_word' id='word_1_615' title='bbox 3051 4087 3292 4159; x_wconf 88' lang='grc' dir='ltr'>παντελῆ</span> <span class='ocrx_word' id='word_1_616' title='bbox 3313 4086 3534 4156; x_wconf 83' lang='grc' dir='ltr'>ποιῆσαι</span> <span class='ocrx_word' id='word_1_617' title='bbox 3557 4085 3654 4140; x_wconf 78' lang='grc' dir='ltr'>τὸν</span> 
     </span>
    </p>
   </div>
   <div class='ocr_carea' id='block_1_85' title="bbox 407 4166 1972 4251">
    <p class='ocr_par' dir='ltr' id='par_1_85' title="bbox 407 4166 1972 4243">
     <span class='ocr_line' id='line_1_85' title="bbox 407 4166 1972 4243; baseline 0.008 -24"><span class='ocrx_word' id='word_1_618' title='bbox 407 4168 531 4222; x_wconf 82' lang='lat' dir='ltr'><strong>riet.</strong></span> <span class='ocrx_word' id='word_1_619' title='bbox 576 4166 880 4236; x_wconf 65' lang='lat' dir='ltr'><strong>«Quoniam</strong></span> <span class='ocrx_word' id='word_1_620' title='bbox 918 4186 1092 4243; x_wconf 84' lang='lat' dir='ltr'><strong>usque</strong></span> <span class='ocrx_word' id='word_1_621' title='bbox 1124 4174 1190 4228; x_wconf 82' lang='lat' dir='ltr'>ad</span> <span class='ocrx_word' id='word_1_622' title='bbox 1227 4172 1637 4229; x_wconf 81' lang='lat' dir='ltr'><strong>fundamentum</strong></span> <span class='ocrx_word' id='word_1_623' title='bbox 1682 4176 1972 4230; x_wconf 86' lang='lat' dir='ltr'><strong>vastabun-</strong></span> 
     </span>
    </p>
   </div>
   <div class='ocr_carea' id='block_1_86' title="bbox 2076 4166 3654 4251">
    <p class='ocr_par' dir='ltr' id='par_1_86' title="bbox 2078 4176 3654 4251">
     <span class='ocr_line' id='line_1_86' title="bbox 2078 4176 3654 4251; baseline -0.001 -20"><span class='ocrx_word' id='word_1_624' title='bbox 2078 4178 2404 4250; x_wconf 81' lang='grc' dir='ltr'>ἀφανισμὸν,</span> <span class='ocrx_word' id='word_1_625' title='bbox 2424 4181 2599 4243; x_wconf 71' lang='grc' dir='ltr'>οὕτως</span> <span class='ocrx_word' id='word_1_626' title='bbox 2636 4179 2832 4251; x_wconf 91' lang='grc' dir='ltr'>ἀθρόον</span> <span class='ocrx_word' id='word_1_627' title='bbox 2866 4180 2929 4233; x_wconf 80' lang='grc' dir='ltr'>τὸ</span> <span class='ocrx_word' id='word_1_628' title='bbox 2948 4179 3140 4234; x_wconf 78' lang='grc' dir='ltr'>δοκοῦν</span> <span class='ocrx_word' id='word_1_629' title='bbox 3173 4178 3321 4249; x_wconf 81' lang='grc' dir='ltr'>αὐτῷ</span> <span class='ocrx_word' id='word_1_630' title='bbox 3349 4177 3471 4232; x_wconf 80' lang='grc' dir='ltr'>καθ’</span> <span class='ocrx_word' id='word_1_631' title='bbox 3495 4176 3654 4248; x_wconf 76' lang='grc' dir='ltr'>ὑμῶν</span> 
     </span>
    </p>
   </div>
   <div class='ocr_carea' id='block_1_87' title="bbox 408 4260 1972 4344">
    <p class='ocr_par' dir='ltr' id='par_1_87' title="bbox 408 4260 1972 4334">
     <span class='ocr_line' id='line_1_87' title="bbox 408 4260 1972 4334; baseline 0.008 -23"><span class='ocrx_word' id='word_1_632' title='bbox 408 4267 552 4323; x_wconf 61' lang='grc' dir='ltr'>μιν.»</span> <span class='ocrx_word' id='word_1_633' title='bbox 579 4260 655 4314; x_wconf 82' lang='lat' dir='ltr'><strong>ita</strong></span> <span class='ocrx_word' id='word_1_634' title='bbox 680 4270 740 4316; x_wconf 90' lang='lat' dir='ltr'><strong>ut</strong></span> <span class='ocrx_word' id='word_1_635' title='bbox 768 4264 948 4317; x_wconf 86' lang='lat' dir='ltr'><strong>omnia</strong></span> <span class='ocrx_word' id='word_1_636' title='bbox 977 4263 1117 4334; x_wconf 87' lang='lat' dir='ltr'><strong>apud</strong></span> <span class='ocrx_word' id='word_1_637' title='bbox 1148 4281 1245 4322; x_wconf 88' lang='lat' dir='ltr'>vos</span> <span class='ocrx_word' id='word_1_638' title='bbox 1277 4266 1516 4323; x_wconf 86' lang='lat' dir='ltr'><strong>solitudo</strong></span> <span class='ocrx_word' id='word_1_639' title='bbox 1543 4266 1691 4323; x_wconf 84' lang='lat' dir='ltr'><strong>liam.</strong></span> <span class='ocrx_word' id='word_1_640' title='bbox 1717 4286 1734 4319; x_wconf 80' lang='grc' dir='ltr'>ι</span> <span class='ocrx_word' id='word_1_641' title='bbox 1757 4267 1972 4325; x_wconf 84' lang='lat' dir='ltr'><strong>Tortilis</strong></span> 
     </span>
    </p>
   </div>
   <div class='ocr_carea' id='block_1_88' title="bbox 2076 4260 3656 4344">
    <p class='ocr_par' dir='ltr' id='par_1_88' title="bbox 2079 4268 3656 4344">
     <span class='ocr_line' id='line_1_88' title="bbox 2079 4268 3656 4344; baseline -0.002 -19"><span class='ocrx_word' id='word_1_642' title='bbox 2079 4271 2187 4325; x_wconf 84' lang='grc' dir='ltr'>ἀπε</span> <span class='ocrx_word' id='word_1_643' title='bbox 2195 4268 2614 4341; x_wconf 77' lang='grc' dir='ltr'>ργάζεται,ὥστε</span> <span class='ocrx_word' id='word_1_644' title='bbox 2635 4270 2710 4343; x_wconf 83' lang='grc' dir='ltr'>μὴ</span> <span class='ocrx_word' id='word_1_645' title='bbox 2725 4271 2978 4344; x_wconf 86' lang='grc' dir='ltr'>δεηθῆναι</span> <span class='ocrx_word' id='word_1_646' title='bbox 2989 4270 3245 4341; x_wconf 76' lang='grc' dir='ltr'>δευτέραν</span> <span class='ocrx_word' id='word_1_647' title='bbox 3262 4269 3426 4324; x_wconf 83' lang='grc' dir='ltr'>αὐτὸν</span> <span class='ocrx_word' id='word_1_648' title='bbox 3434 4268 3656 4340; x_wconf 79' lang='grc' dir='ltr'>πληγὴν</span> 
     </span>
    </p>
   </div>
   <div class='ocr_carea' id='block_1_89' title="bbox 407 4348 1972 4433">
    <p class='ocr_par' dir='ltr' id='par_1_89' title="bbox 407 4348 1972 4419">
     <span class='ocr_line' id='line_1_89' title="bbox 407 4348 1972 4419; baseline 0.009 -18"><span class='ocrx_word' id='word_1_649' title='bbox 407 4362 561 4403; x_wconf 85' lang='lat' dir='ltr'><strong>more</strong></span> <span class='ocrx_word' id='word_1_650' title='bbox 586 4348 827 4407; x_wconf 88' lang='lat' dir='ltr'><strong>smilacis</strong></span> <span class='ocrx_word' id='word_1_651' title='bbox 853 4349 1278 4419; x_wconf 85' lang='lat' dir='ltr'><strong>devorabuntnr,</strong></span> <span class='ocrx_word' id='word_1_652' title='bbox 1311 4361 1364 4409; x_wconf 90' lang='lat' dir='ltr'>et</span> <span class='ocrx_word' id='word_1_653' title='bbox 1398 4354 1543 4411; x_wconf 88' lang='lat' dir='ltr'><strong>sicut</strong></span> <span class='ocrx_word' id='word_1_654' title='bbox 1577 4356 1821 4413; x_wconf 85' lang='lat' dir='ltr'><strong>calamus</strong></span> <span class='ocrx_word' id='word_1_655' title='bbox 1862 4360 1972 4415; x_wconf 87' lang='lat' dir='ltr'><strong>ari-</strong></span> 
     </span>
    </p>
   </div>
   <div class='ocr_carea' id='block_1_90' title="bbox 2076 4348 3659 4433">
    <p class='ocr_par' dir='ltr' id='par_1_90' title="bbox 2081 4359 3659 4433">
     <span class='ocr_line' id='line_1_90' title="bbox 2081 4359 3659 4433; baseline -0.002 -20"><span class='ocrx_word' id='word_1_656' title='bbox 2081 4362 2414 4429; x_wconf 87' lang='grc' dir='ltr'>ἐπενεγκεῖν,</span> <span class='ocrx_word' id='word_1_657' title='bbox 2431 4360 2498 4415; x_wconf 83' lang='grc' dir='ltr'>ἀθ</span> <span class='ocrx_word' id='word_1_658' title='bbox 2506 4362 2629 4433; x_wconf 85' lang='grc' dir='ltr'>ρόαν</span> <span class='ocrx_word' id='word_1_659' title='bbox 2643 4361 2699 4416; x_wconf 82' lang='grc' dir='ltr'>δὲ</span> <span class='ocrx_word' id='word_1_660' title='bbox 2717 4363 2844 4433; x_wconf 87' lang='grc' dir='ltr'>ὑμῖν</span> <span class='ocrx_word' id='word_1_661' title='bbox 2861 4363 2971 4416; x_wconf 80' lang='grc' dir='ltr'>ἀπὸ</span> <span class='ocrx_word' id='word_1_662' title='bbox 2980 4365 3077 4433; x_wconf 84' lang='grc' dir='ltr'>τῆς</span> <span class='ocrx_word' id='word_1_663' title='bbox 3088 4359 3310 4433; x_wconf 85' lang='grc' dir='ltr'>πρώτης</span> <span class='ocrx_word' id='word_1_664' title='bbox 3325 4359 3538 4429; x_wconf 83' lang='grc' dir='ltr'>πληγῆς</span> <span class='ocrx_word' id='word_1_665' title='bbox 3552 4359 3659 4427; x_wconf 76' lang='grc' dir='ltr'>τὴν</span> 
     </span>
    </p>
   </div>
   <div class='ocr_carea' id='block_1_91' title="bbox 410 4424 1972 4523">
    <p class='ocr_par' dir='ltr' id='par_1_91' title="bbox 410 4438 1972 4519">
     <span class='ocr_line' id='line_1_91' title="bbox 410 4438 1972 4519; baseline 0.008 -28"><span class='ocrx_word' id='word_1_666' title='bbox 410 4438 581 4494; x_wconf 84' lang='lat' dir='ltr'><strong>ditate</strong></span> <span class='ocrx_word' id='word_1_667' title='bbox 607 4449 926 4511; x_wconf 88' lang='lat' dir='ltr'><strong>occupatus.</strong></span> <span class='ocrx_word' id='word_1_668' title='bbox 952 4461 971 4495; x_wconf 75' lang='grc' dir='ltr'>ι</span> <span class='ocrx_word' id='word_1_669' title='bbox 1008 4441 1141 4512; x_wconf 86' lang='lat' dir='ltr'><strong>Ejus</strong></span> <span class='ocrx_word' id='word_1_670' title='bbox 1172 4444 1346 4498; x_wconf 87' lang='lat' dir='ltr'><strong>instar</strong></span> <span class='ocrx_word' id='word_1_671' title='bbox 1387 4443 1570 4501; x_wconf 66' lang='lat' dir='ltr'><strong>herba:</strong></span> <span class='ocrx_word' id='word_1_672' title='bbox 1596 4458 1716 4517; x_wconf 68' lang='lat' dir='ltr'><strong>quae</strong></span> <span class='ocrx_word' id='word_1_673' title='bbox 1737 4448 1972 4519; x_wconf 64' lang='lat' dir='ltr'><strong>saepibus</strong></span> 
     </span>
    </p>
   </div>
   <div class='ocr_carea' id='block_1_92' title="bbox 2076 4424 3659 4523">
    <p class='ocr_par' dir='ltr' id='par_1_92' title="bbox 2078 4424 3659 4523">
     <span class='ocr_line' id='line_1_92' title="bbox 2078 4424 3659 4523; baseline -0.003 -18"><span class='ocrx_word' id='word_1_674' title='bbox 2078 4424 2355 4506; x_wconf 78' lang='grc' dir='ltr'>ἀπώλειαν</span> <span class='ocrx_word' id='word_1_675' title='bbox 2369 4424 2704 4523; x_wconf 78' lang='grc' dir='ltr'>ἐγγενέσθαι.</span> <span class='ocrx_word' id='word_1_676' title='bbox 2730 4424 2898 4507; x_wconf 47' lang='grc' dir='ltr'>ι’Ὂτι</span> <span class='ocrx_word' id='word_1_677' title='bbox 2920 4424 3299 4523; x_wconf 47' lang='grc' dir='ltr'>ἐῶς’θεμελίου</span> <span class='ocrx_word' id='word_1_678' title='bbox 3321 4424 3506 4503; x_wconf 75' lang='grc' dir='ltr'>αὐτῶν</span> <span class='ocrx_word' id='word_1_679' title='bbox 3526 4424 3659 4519; x_wconf 75' lang='grc' dir='ltr'>χερ-</span> 
     </span>
    </p>
   </div>
   <div class='ocr_carea' id='block_1_93' title="bbox 411 4529 1972 4616">
    <p class='ocr_par' dir='ltr' id='par_1_93' title="bbox 411 4529 1972 4609">
     <span class='ocr_line' id='line_1_93' title="bbox 411 4529 1972 4609; baseline 0.008 -24"><span class='ocrx_word' id='word_1_680' title='bbox 411 4529 856 4602; x_wconf 81' lang='lat' dir='ltr'><strong>circumplicatur</strong></span> <span class='ocrx_word' id='word_1_681' title='bbox 876 4570 891 4597; x_wconf 92' lang='lat'>,</span> <span class='ocrx_word' id='word_1_682' title='bbox 938 4541 1103 4605; x_wconf 87' lang='lat' dir='ltr'><strong>atque</strong></span> <span class='ocrx_word' id='word_1_683' title='bbox 1132 4534 1201 4590; x_wconf 84' lang='lat' dir='ltr'>ab</span> <span class='ocrx_word' id='word_1_684' title='bbox 1232 4534 1410 4591; x_wconf 86' lang='lat' dir='ltr'><strong>obviis</strong></span> <span class='ocrx_word' id='word_1_685' title='bbox 1449 4538 1759 4609; x_wconf 89' lang='lat' dir='ltr'><strong>quibusque</strong></span> <span class='ocrx_word' id='word_1_686' title='bbox 1785 4539 1972 4597; x_wconf 80' lang='lat' dir='ltr'><strong>belluis</strong></span> 
     </span>
    </p>
   </div>
   <div class='ocr_carea' id='block_1_94' title="bbox 2076 4529 3658 4616">
    <p class='ocr_par' dir='ltr' id='par_1_94' title="bbox 2080 4539 3658 4616">
     <span class='ocr_line' id='line_1_94' title="bbox 2080 4539 3658 4616; baseline -0.002 -21"><span class='ocrx_word' id='word_1_687' title='bbox 2080 4542 2436 4614; x_wconf 83' lang='grc' dir='ltr'>σωθήσονται.</span> <span class='ocrx_word' id='word_1_688' title='bbox 2473 4562 2492 4596; x_wconf 83' lang='grc'>›</span> <span class='ocrx_word' id='word_1_689' title='bbox 2522 4548 2599 4614; x_wconf 89' lang='lat' dir='ltr'><strong>(p.</strong></span> <span class='ocrx_word' id='word_1_690' title='bbox 2620 4544 2913 4616; x_wconf 67' lang='grc' dir='ltr'>εδιγνοστε</span> <span class='ocrx_word' id='word_1_691' title='bbox 2948 4545 3029 4606; x_wconf 84' lang='grc' dir='ltr'>είς</span> <span class='ocrx_word' id='word_1_692' title='bbox 3050 4542 3295 4612; x_wconf 81' lang='grc' dir='ltr'>παντελῆ</span> <span class='ocrx_word' id='word_1_693' title='bbox 3308 4539 3658 4608; x_wconf 68' lang='grc' dir='ltr'>καταστῆναι</span> 
     </span>
    </p>
   </div>
   <div class='ocr_carea' id='block_1_95' title="bbox 411 4622 1972 4707">
    <p class='ocr_par' dir='ltr' id='par_1_95' title="bbox 411 4622 1972 4688">
     <span class='ocr_line' id='line_1_95' title="bbox 411 4622 1972 4688; baseline 0.004 -11"><span class='ocrx_word' id='word_1_694' title='bbox 411 4622 775 4688; x_wconf 90' lang='lat' dir='ltr'><strong>consumitur,</strong></span> <span class='ocrx_word' id='word_1_695' title='bbox 802 4625 987 4681; x_wconf 90' lang='lat' dir='ltr'><strong>cuncti</strong></span> <span class='ocrx_word' id='word_1_696' title='bbox 1018 4625 1089 4682; x_wconf 84' lang='lat' dir='ltr'>ab</span> <span class='ocrx_word' id='word_1_697' title='bbox 1110 4626 1360 4683; x_wconf 79' lang='lat' dir='ltr'><strong>hostibus</strong></span> <span class='ocrx_word' id='word_1_698' title='bbox 1387 4627 1786 4685; x_wconf 86' lang='lat' dir='ltr'><strong>absumemini:</strong></span> <span class='ocrx_word' id='word_1_699' title='bbox 1815 4630 1972 4688; x_wconf 89' lang='lat' dir='ltr'><strong>aridi-</strong></span> 
     </span>
    </p>
   </div>
   <div class='ocr_carea' id='block_1_96' title="bbox 2076 4622 3658 4707">
    <p class='ocr_par' dir='ltr' id='par_1_96' title="bbox 2080 4629 3658 4707">
     <span class='ocr_line' id='line_1_96' title="bbox 2080 4629 3658 4707; baseline -0.004 -20"><span class='ocrx_word' id='word_1_700' title='bbox 2080 4634 2257 4688; x_wconf 85' lang='grc' dir='ltr'>πάντα</span> <span class='ocrx_word' id='word_1_701' title='bbox 2277 4633 2346 4688; x_wconf 82' lang='grc' dir='ltr'>τὰ</span> <span class='ocrx_word' id='word_1_702' title='bbox 2372 4636 2499 4706; x_wconf 85' lang='grc' dir='ltr'>παρ’</span> <span class='ocrx_word' id='word_1_703' title='bbox 2531 4637 2658 4706; x_wconf 84' lang='grc' dir='ltr'>ὑμῖν</span> <span class='ocrx_word' id='word_1_704' title='bbox 2682 4634 2936 4707; x_wconf 87' lang='grc' dir='ltr'>ἐρημίαν.</span> <span class='ocrx_word' id='word_1_705' title='bbox 2971 4652 2990 4685; x_wconf 81' lang='grc' dir='ltr'>ι</span> <span class='ocrx_word' id='word_1_706' title='bbox 3021 4634 3129 4687; x_wconf 78' lang='lat' dir='ltr'><strong>Kal.</strong></span> <span class='ocrx_word' id='word_1_707' title='bbox 3166 4632 3240 4697; x_wconf 86' lang='grc' dir='ltr'>ὡς</span> <span class='ocrx_word' id='word_1_708' title='bbox 3269 4629 3470 4702; x_wconf 80' lang='grc' dir='ltr'>σμίλαξ</span> <span class='ocrx_word' id='word_1_709' title='bbox 3503 4645 3658 4701; x_wconf 79' lang='grc' dir='ltr'>περι-</span> 
     </span>
    </p>
   </div>
   <div class='ocr_carea' id='block_1_97' title="bbox 410 4714 1972 4797">
    <p class='ocr_par' dir='ltr' id='par_1_97' title="bbox 410 4714 1972 4797">
     <span class='ocr_line' id='line_1_97' title="bbox 410 4714 1972 4797; baseline 0.006 -29"><span class='ocrx_word' id='word_1_710' title='bbox 410 4728 516 4784; x_wconf 89' lang='lat' dir='ltr'>que</span> <span class='ocrx_word' id='word_1_711' title='bbox 549 4714 657 4769; x_wconf 90' lang='lat' dir='ltr'><strong>ritu</strong></span> <span class='ocrx_word' id='word_1_712' title='bbox 703 4716 918 4783; x_wconf 88' lang='lat' dir='ltr'><strong>calami,</strong></span> <span class='ocrx_word' id='word_1_713' title='bbox 948 4733 1333 4791; x_wconf 72' lang='lat' dir='ltr'><strong>aggressorum</strong></span> <span class='ocrx_word' id='word_1_714' title='bbox 1379 4727 1688 4797; x_wconf 80' lang='lat' dir='ltr'><strong>vestrorum</strong></span> <span class='ocrx_word' id='word_1_715' title='bbox 1721 4728 1972 4792; x_wconf 86' lang='lat' dir='ltr'><strong>tanquam</strong></span> 
     </span>
    </p>
   </div>
   <div class='ocr_carea' id='block_1_98' title="bbox 2076 4714 3655 4797">
    <p class='ocr_par' dir='ltr' id='par_1_98' title="bbox 2080 4721 3655 4797">
     <span class='ocr_line' id='line_1_98' title="bbox 2080 4721 3655 4797; baseline -0.003 -18"><span class='ocrx_word' id='word_1_716' title='bbox 2080 4724 2390 4796; x_wconf 82' lang='grc' dir='ltr'>πλεκομένη</span> <span class='ocrx_word' id='word_1_717' title='bbox 2418 4725 2808 4797; x_wconf 83' lang='grc' dir='ltr'>βρωθήσονται,</span> <span class='ocrx_word' id='word_1_718' title='bbox 2834 4725 2929 4779; x_wconf 76' lang='grc' dir='ltr'>καὶ</span> <span class='ocrx_word' id='word_1_719' title='bbox 2946 4724 3020 4788; x_wconf 86' lang='grc' dir='ltr'>ὼς</span> <span class='ocrx_word' id='word_1_720' title='bbox 3036 4725 3253 4795; x_wconf 90' lang='grc' dir='ltr'>καλάμη</span> <span class='ocrx_word' id='word_1_721' title='bbox 3279 4721 3544 4793; x_wconf 81' lang='grc' dir='ltr'>ξηρασίας</span> <span class='ocrx_word' id='word_1_722' title='bbox 3565 4736 3655 4789; x_wconf 81' lang='grc' dir='ltr'>με·</span> 
     </span>
    </p>
   </div>
   <div class='ocr_carea' id='block_1_99' title="bbox 410 4802 1972 4888">
    <p class='ocr_par' dir='ltr' id='par_1_99' title="bbox 410 4802 1972 4878">
     <span class='ocr_line' id='line_1_99' title="bbox 410 4802 1972 4878; baseline 0.01 -23"><span class='ocrx_word' id='word_1_723' title='bbox 410 4802 536 4873; x_wconf 76' lang='lat' dir='ltr'><strong>igne</strong></span> <span class='ocrx_word' id='word_1_724' title='bbox 586 4802 961 4872; x_wconf 89' lang='lat' dir='ltr'><strong>destruemini,</strong></span> <span class='ocrx_word' id='word_1_725' title='bbox 1007 4822 1240 4878; x_wconf 89' lang='lat' dir='ltr'><strong>quorum</strong></span> <span class='ocrx_word' id='word_1_726' title='bbox 1290 4809 1604 4865; x_wconf 89' lang='lat' dir='ltr'><strong>incursibus</strong></span> <span class='ocrx_word' id='word_1_727' title='bbox 1649 4811 1972 4870; x_wconf 75' lang='lat' dir='ltr'><strong>sustinendis</strong></span> 
     </span>
    </p>
   </div>
   <div class='ocr_carea' id='block_1_100' title="bbox 2076 4802 3655 4888">
    <p class='ocr_par' dir='ltr' id='par_1_100' title="bbox 2084 4812 3655 4888">
     <span class='ocr_line' id='line_1_100' title="bbox 2084 4812 3655 4888; baseline -0.004 -19"><span class='ocrx_word' id='word_1_728' title='bbox 2084 4817 2202 4888; x_wconf 83' lang='grc' dir='ltr'>στή.</span> <span class='ocrx_word' id='word_1_729' title='bbox 2218 4834 2235 4867; x_wconf 72' lang='grc' dir='ltr'>ι</span> <span class='ocrx_word' id='word_1_730' title='bbox 2252 4818 2417 4887; x_wconf 85' lang='grc' dir='ltr'>Δίκην</span> <span class='ocrx_word' id='word_1_731' title='bbox 2433 4817 2490 4870; x_wconf 75' lang='grc' dir='ltr'>δέ</span> <span class='ocrx_word' id='word_1_732' title='bbox 2515 4816 2727 4887; x_wconf 85' lang='grc' dir='ltr'>ἐκείνης</span> <span class='ocrx_word' id='word_1_733' title='bbox 2750 4816 2849 4886; x_wconf 85' lang='grc' dir='ltr'>τῆς</span> <span class='ocrx_word' id='word_1_734' title='bbox 2873 4815 3101 4886; x_wconf 84' lang='grc' dir='ltr'>βοτάνης</span> <span class='ocrx_word' id='word_1_735' title='bbox 3125 4815 3224 4886; x_wconf 85' lang='grc' dir='ltr'>τῆς</span> <span class='ocrx_word' id='word_1_736' title='bbox 3241 4816 3355 4877; x_wconf 87' lang='grc' dir='ltr'>τοῖς</span> <span class='ocrx_word' id='word_1_737' title='bbox 3375 4812 3655 4884; x_wconf 76' lang='grc' dir='ltr'>φραγμοῖς</span> 
     </span>
    </p>
   </div>
   <div class='ocr_carea' id='block_1_101' title="bbox 411 4896 1972 4977">
    <p class='ocr_par' dir='ltr' id='par_1_101' title="bbox 411 4896 910 4961">
     <span class='ocr_line' id='line_1_101' title="bbox 411 4896 910 4961; baseline 0.008 -15"><span class='ocrx_word' id='word_1_738' title='bbox 411 4906 569 4961; x_wconf 72' lang='lat' dir='ltr'><strong>pares</strong></span> <span class='ocrx_word' id='word_1_739' title='bbox 600 4908 706 4949; x_wconf 92' lang='lat' dir='ltr'><strong>non</strong></span> <span class='ocrx_word' id='word_1_740' title='bbox 734 4896 910 4953; x_wconf 85' lang='lat' dir='ltr'><strong>eritis.</strong></span> 
     </span>
    </p>
   </div>
   <div class='ocr_carea' id='block_1_102' title="bbox 2076 4896 3653 4977">
    <p class='ocr_par' dir='ltr' id='par_1_102' title="bbox 2085 4901 3653 4977">
     <span class='ocr_line' id='line_1_102' title="bbox 2085 4901 3653 4977; baseline -0.006 -18"><span class='ocrx_word' id='word_1_741' title='bbox 2085 4905 2572 4977; x_wconf 76' lang='grc' dir='ltr'>περιπλεκομένης,</span> <span class='ocrx_word' id='word_1_742' title='bbox 2590 4901 2709 4959; x_wconf 80' lang='grc' dir='ltr'>εἶτα</span> <span class='ocrx_word' id='word_1_743' title='bbox 2728 4906 2831 4959; x_wconf 80' lang='grc' dir='ltr'>ὑπὸ</span> <span class='ocrx_word' id='word_1_744' title='bbox 2860 4905 3078 4959; x_wconf 85' lang='grc' dir='ltr'>πάντων</span> <span class='ocrx_word' id='word_1_745' title='bbox 3099 4902 3207 4957; x_wconf 90' lang='grc' dir='ltr'>τῶν</span> <span class='ocrx_word' id='word_1_746' title='bbox 3234 4902 3653 4973; x_wconf 85' lang='grc' dir='ltr'>προσπεσόντων</span> 
     </span>
    </p>
   </div>
   <div class='ocr_carea' id='block_1_103' title="bbox 319 4987 3654 5068">
    <p class='ocr_par' dir='ltr' id='par_1_103' title="bbox 319 4987 3654 5068">
     <span class='ocr_line' id='line_1_103' title="bbox 319 4987 3654 5068; baseline 0.003 -30"><span class='ocrx_word' id='word_1_747' title='bbox 319 5059 325 5065; x_wconf 25' lang='grc'><em>¹</em></span> <span class='ocrx_word' id='word_1_748' title='bbox 409 4987 839 5061; x_wconf 78' lang='grc' dir='ltr'>ἀναλισκομένης</span> <span class='ocrx_word' id='word_1_749' title='bbox 907 4989 1152 5060; x_wconf 86' lang='grc' dir='ltr'>κτηνῶν,</span> <span class='ocrx_word' id='word_1_750' title='bbox 1203 4988 1721 5060; x_wconf 79' lang='grc' dir='ltr'>καταναλωθήσεσθε</span> <span class='ocrx_word' id='word_1_751' title='bbox 1775 4993 1978 5057; x_wconf 88' lang='grc' dir='ltr'>πάντες</span> <span class='ocrx_word' id='word_1_752' title='bbox 2029 4994 2134 5049; x_wconf 84' lang='grc' dir='ltr'>ὐπδ</span> <span class='ocrx_word' id='word_1_753' title='bbox 2187 4995 2488 5067; x_wconf 84' lang='grc' dir='ltr'>πολεμίων·</span> <span class='ocrx_word' id='word_1_754' title='bbox 2527 4996 2778 5068; x_wconf 86' lang='grc' dir='ltr'>καλάμης</span> <span class='ocrx_word' id='word_1_755' title='bbox 2802 5013 2865 5050; x_wconf 90' lang='grc' dir='ltr'>τε</span> <span class='ocrx_word' id='word_1_756' title='bbox 2899 4996 3055 5067; x_wconf 89' lang='grc' dir='ltr'>δίκην</span> <span class='ocrx_word' id='word_1_757' title='bbox 3086 4994 3345 5067; x_wconf 76' lang='grc' dir='ltr'>ξηράςώς</span> <span class='ocrx_word' id='word_1_758' title='bbox 3361 4994 3466 5048; x_wconf 72' lang='grc' dir='ltr'>ὑπὸ</span> <span class='ocrx_word' id='word_1_759' title='bbox 3485 4994 3654 5065; x_wconf 75' lang='grc' dir='ltr'>πυρὸς</span> 
     </span>
    </p>
   </div>
   <div class='ocr_carea' id='block_1_104' title="bbox 316 5072 3110 5157">
    <p class='ocr_par' dir='ltr' id='par_1_104' title="bbox 316 5072 3110 5157">
     <span class='ocr_line' id='line_1_104' title="bbox 316 5072 3110 5157; baseline 0.003 -25"><span class='ocrx_word' id='word_1_760' title='bbox 408 5078 845 5150; x_wconf 74' lang='grc' dir='ltr'>ἀφανισθήσεσθε</span> <span class='ocrx_word' id='word_1_761' title='bbox 877 5080 982 5134; x_wconf 86' lang='grc' dir='ltr'>τῶν</span> <span class='ocrx_word' id='word_1_762' title='bbox 1034 5079 1294 5134; x_wconf 84' lang='grc' dir='ltr'>ἐπιόντων</span> <span class='ocrx_word' id='word_1_763' title='bbox 1320 5081 1448 5153; x_wconf 75' lang='grc' dir='ltr'>ὑμῖν</span> <span class='ocrx_word' id='word_1_764' title='bbox 1466 5099 1485 5131; x_wconf 65' lang='lat' dir='ltr'><strong>s</strong></span> <span class='ocrx_word' id='word_1_765' title='bbox 1513 5081 1761 5155; x_wconf 87' lang='grc' dir='ltr'>οὐδαμῶς</span> <span class='ocrx_word' id='word_1_766' title='bbox 1785 5083 1976 5153; x_wconf 81' lang='grc' dir='ltr'>ἀρκεῖν</span> <span class='ocrx_word' id='word_1_767' title='bbox 2005 5087 2140 5157; x_wconf 86' lang='grc' dir='ltr'>πρὸς</span> <span class='ocrx_word' id='word_1_768' title='bbox 2176 5086 2274 5156; x_wconf 81' lang='grc' dir='ltr'>τὴν</span> <span class='ocrx_word' id='word_1_769' title='bbox 2305 5087 2492 5155; x_wconf 82' lang='grc' dir='ltr'>εφοδον</span> <span class='ocrx_word' id='word_1_770' title='bbox 2513 5088 2692 5142; x_wconf 83' lang='grc' dir='ltr'>αὐτῶν</span> <span class='ocrx_word' id='word_1_771' title='bbox 2717 5084 2819 5142; x_wconf 73' lang='grc' dir='ltr'>οἶοί</span> <span class='ocrx_word' id='word_1_772' title='bbox 2847 5105 2906 5143; x_wconf 80' lang='grc' dir='ltr'>τε</span> <span class='ocrx_word' id='word_1_773' title='bbox 2937 5089 3110 5154; x_wconf 74' lang='grc' dir='ltr'>οντες.</span> 
     </span>
    </p>
   </div>
   <div class='ocr_carea' id='block_1_105' title="bbox 478 5217 1972 5298">
    <p class='ocr_par' dir='ltr' id='par_1_105' title="bbox 478 5217 1972 5293">
     <span class='ocr_line' id='line_1_105' title="bbox 478 5217 1972 5293; baseline -0.009 -4"><span class='ocrx_word' id='word_1_774' title='bbox 478 5219 644 5291; x_wconf 74' lang='grc'>219</span> <span class='ocrx_word' id='word_1_775' title='bbox 673 5217 838 5277; x_wconf 68' lang='lat' dir='ltr'><strong>Vens.</strong></span> <span class='ocrx_word' id='word_1_776' title='bbox 870 5221 1054 5283; x_wconf 63' lang='lat' dir='ltr'>1H5.</span> <span class='ocrx_word' id='word_1_777' title='bbox 1086 5249 1157 5261; x_wconf 92' lang='lat'>—</span> <span class='ocrx_word' id='word_1_778' title='bbox 1185 5239 1202 5273; x_wconf 83' lang='grc' dir='ltr'>ι</span> <span class='ocrx_word' id='word_1_779' title='bbox 1236 5218 1315 5275; x_wconf 79' lang='lat' dir='ltr'><strong>Ex</strong></span> <span class='ocrx_word' id='word_1_780' title='bbox 1337 5232 1387 5277; x_wconf 91' lang='lat' dir='ltr'><strong>te</strong></span> <span class='ocrx_word' id='word_1_781' title='bbox 1408 5237 1625 5293; x_wconf 75' lang='lat' dir='ltr'><strong>egressa</strong></span> <span class='ocrx_word' id='word_1_782' title='bbox 1662 5233 1745 5280; x_wconf 88' lang='lat' dir='ltr'>est</span> <span class='ocrx_word' id='word_1_783' title='bbox 1766 5225 1972 5279; x_wconf 81' lang='lat' dir='ltr'><strong>machi-</strong></span> 
     </span>
    </p>
   </div>
   <div class='ocr_carea' id='block_1_106' title="bbox 2076 5217 3652 5298">
    <p class='ocr_par' dir='ltr' id='par_1_106' title="bbox 2155 5223 3652 5298">
     <span class='ocr_line' id='line_1_106' title="bbox 2155 5223 3652 5298; baseline -0.004 -17"><span class='ocrx_word' id='word_1_784' title='bbox 2155 5229 2300 5298; x_wconf 81' lang='grc' dir='ltr'>Στίχ.</span> <span class='ocrx_word' id='word_1_785' title='bbox 2357 5226 2537 5282; x_wconf 84' lang='grc' dir='ltr'>ια’-ιε’.</span> <span class='ocrx_word' id='word_1_786' title='bbox 2567 5258 2637 5267; x_wconf 92' lang='grc'><strong>-</strong></span> <span class='ocrx_word' id='word_1_787' title='bbox 2676 5246 2694 5281; x_wconf 80' lang='grc' dir='ltr'>ι</span> <span class='ocrx_word' id='word_1_788' title='bbox 2745 5229 2838 5281; x_wconf 80' lang='grc' dir='ltr'>Ἐκ</span> <span class='ocrx_word' id='word_1_789' title='bbox 2889 5226 2981 5281; x_wconf 81' lang='grc' dir='ltr'>σοῦ</span> <span class='ocrx_word' id='word_1_790' title='bbox 3030 5225 3364 5292; x_wconf 77' lang='grc' dir='ltr'>ἐξελεύσεται</span> <span class='ocrx_word' id='word_1_791' title='bbox 3394 5223 3652 5293; x_wconf 65' lang='grc' dir='ltr'>λογισμὸς</span> 
     </span>
    </p>
   </div>
   <div class='ocr_carea' id='block_1_107' title="bbox 314 5294 1972 5412">
    <p class='ocr_par' dir='ltr' id='par_1_107' title="bbox 314 5294 1972 5386">
     <span class='ocr_line' id='line_1_107' title="bbox 314 5294 1972 5386; baseline 0.004 -24"><span class='ocrx_word' id='word_1_792' title='bbox 314 5294 327 5373; x_wconf 68' lang='grc' dir='ltr'>ξ</span> <span class='ocrx_word' id='word_1_793' title='bbox 409 5314 560 5366; x_wconf 81' lang='lat' dir='ltr'><strong>natio</strong></span> <span class='ocrx_word' id='word_1_794' title='bbox 608 5321 797 5368; x_wconf 85' lang='lat' dir='ltr'><strong>contra</strong></span> <span class='ocrx_word' id='word_1_795' title='bbox 862 5312 1190 5382; x_wconf 89' lang='lat' dir='ltr'><strong>Dominum;</strong></span> <span class='ocrx_word' id='word_1_796' title='bbox 1255 5315 1502 5386; x_wconf 88' lang='lat' dir='ltr'><strong>improba</strong></span> <span class='ocrx_word' id='word_1_797' title='bbox 1557 5321 1719 5384; x_wconf 87' lang='lat' dir='ltr'><strong>atque</strong></span> <span class='ocrx_word' id='word_1_798' title='bbox 1757 5316 1972 5371; x_wconf 82' lang='lat' dir='ltr'><strong>hostilia</strong></span> 
     </span>
    </p>
   </div>
   <div class='ocr_carea' id='block_1_108' title="bbox 2076 5294 3647 5412">
    <p class='ocr_par' dir='ltr' id='par_1_108' title="bbox 2091 5294 3647 5412">
     <span class='ocr_line' id='line_1_108' title="bbox 2091 5294 3647 5412; baseline -0.004 -37"><span class='ocrx_word' id='word_1_799' title='bbox 2091 5319 2229 5375; x_wconf 67' lang='grc' dir='ltr'>κατὰ</span> <span class='ocrx_word' id='word_1_800' title='bbox 2249 5294 2620 5393; x_wconf 38' lang='grc' dir='ltr'>-τοῦΚυρίου,</span> <span class='ocrx_word' id='word_1_801' title='bbox 2671 5319 2879 5391; x_wconf 80' lang='grc' dir='ltr'>πονηρά</span> <span class='ocrx_word' id='word_1_802' title='bbox 2924 5317 3305 5412; x_wconf 70' lang='grc' dir='ltr'>βουλευόμενος</span> <span class='ocrx_word' id='word_1_803' title='bbox 3364 5315 3603 5412; x_wconf 68' lang='grc' dir='ltr'>ἐναντία.</span> <span class='ocrx_word' id='word_1_804' title='bbox 3620 5334 3647 5412; x_wconf 50' lang='grc' dir='ltr'><em>Ζ</em></span> 
     </span>
    </p>
   </div>
   <div class='ocr_carea' id='block_1_109' title="bbox 411 5402 1972 5512">
    <p class='ocr_par' dir='ltr' id='par_1_109' title="bbox 411 5412 1972 5472">
     <span class='ocr_line' id='line_1_109' title="bbox 411 5412 1972 5472; baseline 0.006 -9"><span class='ocrx_word' id='word_1_805' title='bbox 411 5412 640 5467; x_wconf 83' lang='lat' dir='ltr'><strong>consilia</strong></span> <span class='ocrx_word' id='word_1_806' title='bbox 686 5413 872 5467; x_wconf 82' lang='lat' dir='ltr'><strong>animo</strong></span> <span class='ocrx_word' id='word_1_807' title='bbox 915 5415 1154 5472; x_wconf 79' lang='lat' dir='ltr'><strong>volvisli.</strong></span> <span class='ocrx_word' id='word_1_808' title='bbox 1201 5435 1220 5468; x_wconf 70' lang='grc' dir='ltr'>ι</span> <span class='ocrx_word' id='word_1_809' title='bbox 1258 5416 1439 5472; x_wconf 80' lang='lat' dir='ltr'><strong>Ausus</strong></span> <span class='ocrx_word' id='word_1_810' title='bbox 1466 5431 1526 5472; x_wconf 87' lang='lat' dir='ltr'><strong>es</strong></span> <span class='ocrx_word' id='word_1_811' title='bbox 1580 5416 1694 5471; x_wconf 67' lang='lat' dir='ltr'><strong>haec</strong></span> <span class='ocrx_word' id='word_1_812' title='bbox 1739 5416 1972 5472; x_wconf 77' lang='lat' dir='ltr'><strong>facinora</strong></span> 
     </span>
    </p>
   </div>
   <div class='ocr_carea' id='block_1_110' title="bbox 2076 5402 3649 5512">
    <p class='ocr_par' dir='ltr' id='par_1_110' title="bbox 2088 5402 3649 5512">
     <span class='ocr_line' id='line_1_110' title="bbox 2088 5402 3649 5512; baseline -0.006 -49"><span class='ocrx_word' id='word_1_813' title='bbox 2088 5404 2220 5465; x_wconf 76' lang='grc' dir='ltr'>Εἶτα</span> <span class='ocrx_word' id='word_1_814' title='bbox 2246 5408 2310 5481; x_wconf 78' lang='grc' dir='ltr'>δὴ</span> <span class='ocrx_word' id='word_1_815' title='bbox 2343 5408 2681 5481; x_wconf 82' lang='grc' dir='ltr'>τετόλμηκας</span> <span class='ocrx_word' id='word_1_816' title='bbox 2710 5408 2933 5461; x_wconf 77' lang='grc' dir='ltr'>τοιαῦτα</span> <span class='ocrx_word' id='word_1_817' title='bbox 2967 5404 3357 5476; x_wconf 81' lang='grc' dir='ltr'>βουλεύσασθαι</span> <span class='ocrx_word' id='word_1_818' title='bbox 3389 5402 3527 5458; x_wconf 84' lang='grc' dir='ltr'>κατά</span> <span class='ocrx_word' id='word_1_819' title='bbox 3548 5402 3649 5512; x_wconf 50' lang='grc' dir='ltr'>τοῦ</span> 
     </span>
    </p>
   </div>
   <div class='ocr_carea' id='block_1_111' title="bbox 412 5491 1972 5575">
    <p class='ocr_par' dir='ltr' id='par_1_111' title="bbox 412 5502 1972 5575">
     <span class='ocr_line' id='line_1_111' title="bbox 412 5502 1972 5575; baseline 0.006 -21"><span class='ocrx_word' id='word_1_820' title='bbox 412 5509 595 5556; x_wconf 83' lang='lat' dir='ltr'><strong>mente</strong></span> <span class='ocrx_word' id='word_1_821' title='bbox 618 5502 825 5573; x_wconf 76' lang='lat' dir='ltr'><strong>agitare</strong></span> <span class='ocrx_word' id='word_1_822' title='bbox 854 5512 908 5557; x_wconf 91' lang='lat' dir='ltr'><strong>et</strong></span> <span class='ocrx_word' id='word_1_823' title='bbox 929 5519 1090 5575; x_wconf 73' lang='lat' dir='ltr'><strong>agere</strong></span> <span class='ocrx_word' id='word_1_824' title='bbox 1120 5516 1309 5562; x_wconf 90' lang='lat' dir='ltr'><strong>contra</strong></span> <span class='ocrx_word' id='word_1_825' title='bbox 1345 5507 1655 5568; x_wconf 81' lang='lat' dir='ltr'><strong>Dominum.</strong></span> <span class='ocrx_word' id='word_1_826' title='bbox 1688 5508 1854 5562; x_wconf 87' lang='lat' dir='ltr'><strong>armis</strong></span> <span class='ocrx_word' id='word_1_827' title='bbox 1893 5526 1972 5564; x_wconf 88' lang='lat' dir='ltr'><strong>ur-</strong></span> 
     </span>
    </p>
   </div>
   <div class='ocr_carea' id='block_1_112' title="bbox 2076 5491 3650 5575">
    <p class='ocr_par' dir='ltr' id='par_1_112' title="bbox 2083 5491 3650 5571">
     <span class='ocr_line' id='line_1_112' title="bbox 2083 5491 3650 5571; baseline -0.006 -17"><span class='ocrx_word' id='word_1_828' title='bbox 2083 5501 2238 5563; x_wconf 80' lang='grc' dir='ltr'>Θεοῦ,</span> <span class='ocrx_word' id='word_1_829' title='bbox 2280 5501 2373 5554; x_wconf 68' lang='grc' dir='ltr'>καὶ</span> <span class='ocrx_word' id='word_1_830' title='bbox 2417 5500 2480 5571; x_wconf 79' lang='grc' dir='ltr'>δὴ</span> <span class='ocrx_word' id='word_1_831' title='bbox 2529 5501 2622 5553; x_wconf 70' lang='grc' dir='ltr'>καὶ</span> <span class='ocrx_word' id='word_1_832' title='bbox 2666 5496 3084 5569; x_wconf 77' lang='grc' dir='ltr'>διαπράξασθαι,</span> <span class='ocrx_word' id='word_1_833' title='bbox 3136 5494 3462 5565; x_wconf 78' lang='grc' dir='ltr'>ἐπελθὼντῇ</span> <span class='ocrx_word' id='word_1_834' title='bbox 3499 5491 3650 5546; x_wconf 84' lang='grc' dir='ltr'>πόλει</span> 
     </span>
    </p>
   </div>
   <div class='ocr_carea' id='block_1_113' title="bbox 413 5583 1972 5690">
    <p class='ocr_par' dir='ltr' id='par_1_113' title="bbox 413 5591 1972 5670">
     <span class='ocr_line' id='line_1_113' title="bbox 413 5591 1972 5670; baseline 0.004 -21"><span class='ocrx_word' id='word_1_835' title='bbox 413 5594 535 5649; x_wconf 83' lang='lat' dir='ltr'>bem</span> <span class='ocrx_word' id='word_1_836' title='bbox 585 5591 838 5648; x_wconf 84' lang='lat' dir='ltr'><strong>adoriens</strong></span> <span class='ocrx_word' id='word_1_837' title='bbox 890 5593 1074 5649; x_wconf 88' lang='lat' dir='ltr'><strong>divino</strong></span> <span class='ocrx_word' id='word_1_838' title='bbox 1119 5598 1319 5666; x_wconf 90' lang='lat' dir='ltr'><strong>templo</strong></span> <span class='ocrx_word' id='word_1_839' title='bbox 1369 5599 1649 5668; x_wconf 72' lang='lat' dir='ltr'><strong>prmdilam</strong></span> <span class='ocrx_word' id='word_1_840' title='bbox 1694 5616 1709 5654; x_wconf 90' lang='lat'><strong>:</strong></span> <span class='ocrx_word' id='word_1_841' title='bbox 1753 5614 1972 5670; x_wconf 68' lang='lat' dir='ltr'><strong>eamque</strong></span> 
     </span>
    </p>
   </div>
   <div class='ocr_carea' id='block_1_114' title="bbox 2076 5583 3649 5690">
    <p class='ocr_par' dir='ltr' id='par_1_114' title="bbox 2080 5583 3649 5667">
     <span class='ocr_line' id='line_1_114' title="bbox 2080 5583 3649 5667; baseline -0.006 -20"><span class='ocrx_word' id='word_1_842' title='bbox 2080 5598 2147 5667; x_wconf 80' lang='grc' dir='ltr'>τῇ</span> <span class='ocrx_word' id='word_1_843' title='bbox 2178 5595 2265 5648; x_wconf 78' lang='grc' dir='ltr'>τὸν</span> <span class='ocrx_word' id='word_1_844' title='bbox 2291 5595 2416 5648; x_wconf 77' lang='grc' dir='ltr'>ναὸν</span> <span class='ocrx_word' id='word_1_845' title='bbox 2446 5593 2642 5665; x_wconf 72' lang='grc' dir='ltr'>ἐχούσῃ</span> <span class='ocrx_word' id='word_1_846' title='bbox 2664 5592 2753 5644; x_wconf 70' lang='grc' dir='ltr'>τὸν</span> <span class='ocrx_word' id='word_1_847' title='bbox 2775 5592 2915 5645; x_wconf 87' lang='grc' dir='ltr'>θεῖον</span> <span class='ocrx_word' id='word_1_848' title='bbox 2940 5608 2953 5657; x_wconf 90' lang='grc'><strong>;</strong></span> <span class='ocrx_word' id='word_1_849' title='bbox 2980 5591 3104 5645; x_wconf 72' lang='grc' dir='ltr'>οὔτε</span> <span class='ocrx_word' id='word_1_850' title='bbox 3132 5606 3189 5642; x_wconf 90' lang='grc' dir='ltr'>τε</span> <span class='ocrx_word' id='word_1_851' title='bbox 3222 5587 3508 5660; x_wconf 79' lang='grc' dir='ltr'>πρόχειρον</span> <span class='ocrx_word' id='word_1_852' title='bbox 3534 5583 3649 5636; x_wconf 82' lang='grc' dir='ltr'>ἐνό-</span> 
     </span>
    </p>
   </div>
   <div class='ocr_carea' id='block_1_115' title="bbox 414 5675 1972 5758">
    <p class='ocr_par' dir='ltr' id='par_1_115' title="bbox 414 5682 1972 5758">
     <span class='ocr_line' id='line_1_115' title="bbox 414 5682 1972 5758; baseline 0.003 -20"><span class='ocrx_word' id='word_1_853' title='bbox 414 5682 573 5738; x_wconf 71' lang='lat' dir='ltr'><strong>facile</strong></span> <span class='ocrx_word' id='word_1_854' title='bbox 615 5688 667 5737; x_wconf 86' lang='lat' dir='ltr'>te</span> <span class='ocrx_word' id='word_1_855' title='bbox 719 5688 1006 5751; x_wconf 84' lang='lat' dir='ltr'><strong>capturum</strong></span> <span class='ocrx_word' id='word_1_856' title='bbox 1054 5685 1410 5747; x_wconf 78' lang='lat' dir='ltr'><strong>existimasti,</strong></span> <span class='ocrx_word' id='word_1_857' title='bbox 1449 5687 1603 5758; x_wconf 83' lang='lat' dir='ltr'><strong>quasi</strong></span> <span class='ocrx_word' id='word_1_858' title='bbox 1638 5687 1771 5741; x_wconf 82' lang='lat' dir='ltr'><strong>nihil</strong></span> <span class='ocrx_word' id='word_1_859' title='bbox 1809 5704 1836 5740; x_wconf 75' lang='grc' dir='ltr'>τι</span> <span class='ocrx_word' id='word_1_860' title='bbox 1873 5688 1972 5742; x_wconf 59' lang='lat' dir='ltr'><strong>lien</strong></span> 
     </span>
    </p>
   </div>
   <div class='ocr_carea' id='block_1_116' title="bbox 2076 5675 3649 5758">
    <p class='ocr_par' dir='ltr' id='par_1_116' title="bbox 2085 5675 3649 5757">
     <span class='ocr_line' id='line_1_116' title="bbox 2085 5675 3649 5757; baseline -0.007 -19"><span class='ocrx_word' id='word_1_861' title='bbox 2085 5703 2250 5756; x_wconf 80' lang='grc' dir='ltr'>μισας</span> <span class='ocrx_word' id='word_1_862' title='bbox 2274 5686 2436 5757; x_wconf 66' lang='grc' dir='ltr'>αὐτὴν</span> <span class='ocrx_word' id='word_1_863' title='bbox 2460 5685 2664 5739; x_wconf 79' lang='grc' dir='ltr'>ἀνελεῖν</span> <span class='ocrx_word' id='word_1_864' title='bbox 2680 5683 2755 5748; x_wconf 87' lang='grc' dir='ltr'>ώς</span> <span class='ocrx_word' id='word_1_865' title='bbox 2774 5681 2927 5736; x_wconf 72' lang='grc' dir='ltr'>οὐθὲν</span> <span class='ocrx_word' id='word_1_866' title='bbox 2955 5680 3057 5734; x_wconf 77' lang='grc' dir='ltr'>ὑπὸ</span> <span class='ocrx_word' id='word_1_867' title='bbox 3078 5679 3169 5734; x_wconf 77' lang='grc' dir='ltr'>τοῦ</span> <span class='ocrx_word' id='word_1_868' title='bbox 3185 5678 3319 5733; x_wconf 70' lang='grc' dir='ltr'>Θεοῦ</span> <span class='ocrx_word' id='word_1_869' title='bbox 3343 5675 3649 5747; x_wconf 75' lang='grc' dir='ltr'>βοηθεῖσθαι</span> 
     </span>
    </p>
   </div>
  </div>
