4022 6138
435 270 533 324 οΗΙ

1608 280 1954 339 TIIEODORI
1994 285 2221 343 MOPSU
2233 288 2477 344 ESTENI

3568 297 3679 351 ΗΞ

438 377 661 443 fecisti,
700 380 892 438 eadem
957 382 1100 440 Deus
1161 387 1214 440 in
1306 397 1471 457 caput
1538 399 1690 444 tuum
1759 399 1994 452 retorsit.

2107 417 2242 469 μενα
2288 404 2431 456 κακὰ
2471 402 2769 472 διαφυγεῖν,
2813 404 2997 473 ἐπειδὴ
3043 404 3079 458 ἀ
3125 407 3426 475 πεποίηκας
3467 407 3546 470 εἰς
3586 407 3681 461 τὸν

442 490 462 521 ι
501 476 680 539 Quare
732 476 1055 532 excutiendo
1099 479 1446 535 excutiet-unt
1487 498 1605 545 eos,
1653 492 1708 539 et
1757 488 2008 556 palmites

433 576 625 617 eorum
654 577 1047 636 corruperunt,
1086 584 1236 623 arma
1271 574 1524 640 potentia:
1560 576 1683 645 ejus
1726 593 1793 632 ex
1833 578 2007 632 homi-

438 652 619 707 nibus.
660 673 679 704 ι
709 653 915 720 Tantae,
946 656 1146 728 inquit,
1176 670 1338 716 erunt
1371 663 1657 720 adversum
1688 675 1741 721 te
1768 668 2006 724 hostium

436 743 604 806 vires,
633 752 690 799 ut
713 747 819 800 ritu
846 762 1036 804 eorum
1071 752 1163 821 qui
1185 763 1387 808 vestem
1408 758 1714 822 excutiunt,
1745 760 2007 831 dignitate

438 840 527 884 tua
556 838 916 903 proterendus
972 842 1080 908 sis;
1114 852 1275 913 atque
1309 847 1493 901 omnia
1520 848 1848 914 amissurus,
1880 852 2005 921 qui-

433 925 538 978 bus
589 935 643 980 tu
696 929 825 982 olim
873 933 1106 1002 stipatus
1161 950 1225 990 ac
1276 939 1440 991 veluti
1497 938 1767 997 famulitio
1824 946 2005 1002 cultus

435 1017 810 1084 superbiebas.
834 1020 1067 1079 Prorsus
1084 1027 1241 1097 221
1261 1036 1317 1081 ut
1347 1031 1511 1084 verba
1535 1032 1600 1087 ad
1626 1036 2005 1105 compendium

434 1122 465 1161 c
488 1107 734 1175 mferam,
760 1112 952 1168 bellica
984 1120 1162 1172 omnis
1191 1120 1377 1188 peritia
1404 1130 1493 1176 tua
1514 1132 1819 1195 cunctaque
1836 1128 1918 1182 vis
1935 1144 2000 1183 ex

436 1198 678 1255 incolatu
714 1203 995 1259 hominum
1020 1210 1497 1266 exterminabitur.
1526 1214 1730 1272 Deinde
1768 1227 2001 1274 veterem

435 1288 749 1345 eorumdem
786 1296 1078 1361 potentiam
1114 1309 1396 1365 memorat,
1433 1318 1550 1372 quae
1579 1305 1648 1359 ab
1675 1305 1781 1361 illis
1812 1316 2003 1362 contra

439 1377 521 1431 fas
572 1381 844 1442 exercita,
904 1384 1038 1439 nihil
1093 1386 1148 1441 in
1204 1393 1456 1456 praesenti
1518 1393 1803 1462 profutura
1864 1408 1999 1453 erat.

441 1486 459 1516 ι
509 1466 622 1522 Viri
679 1475 890 1527 strenui
951 1475 1129 1544 ignem
1186 1479 1423 1536 ludibrio
1478 1483 1761 1542 habentes.
1813 1507 1831 1539 ι
1895 1489 2004 1547 Vos

434 1558 731 1625 quondam,
785 1563 891 1626 ait,
950 1567 1118 1623 tantis
1175 1570 1384 1627 viribus
1430 1575 1744 1643 pollebatis,
1790 1588 1848 1632 ut
1898 1581 2001 1650 ipsi

436 1646 661 1702 "minue
714 1661 925 1709 certare
974 1672 1080 1710 non
1131 1658 1476 1718 dubitaretis.
1522 1684 1540 1716 ι
1587 1664 1823 1722 Habeme
1879 1646 2004 1724 cur-

2126 492 2357 564 Ἰσραὴλ,
2409 498 2487 558 εἰς
2542 497 2639 568 τὴν
2692 497 2933 567 κεφαλὴν
2978 496 3168 567 ἔτρεψε
3202 498 3302 567 τὴν
3328 496 3427 566 σήν
3462 500 3491 551 ὁ
3516 496 3678 559 Θεός.

2120 601 2138 632 ι
2180 584 2740 650 Διότιὲκτινάσσοντες
2763 584 3070 651 ὲξετίναξαν
3098 585 3313 649 αὐτοὺς,
3342 586 3435 640 καὶ
3454 586 3524 638 τά
3545 585 3681 655 κλή-

2117 689 2262 741 ματα
2292 674 2468 729 αιίτῶν
2505 676 2834 747 διέφθειραν,
2878 676 3020 729 ὅπλα
3061 674 3377 738 δυναστείας
3414 674 3580 729 αὐτοῦ
3619 675 3682 740 ἐξ

2113 761 2443 834 ἀνθρώπων.
2466 783 2486 817 ι
2510 765 2587 836 (p.
2636 766 2764 835 557)
2795 766 3041 835 Τοσαύτη
3073 765 3183 835 γὰρ
3226 763 3381 819 ἔσται
3412 764 3554 819 κατά
3582 765 3681 818 σοῦ

2070 867 2074 872 ·
2111 850 2219 903 τῶν
2249 852 2519 924 πολεμίων
2547 856 2579 924 ή
2610 853 3014 925 δύναμις,ῶστε
3044 871 3103 907 σε
3132 853 3286 922 δίκην
3304 853 3412 907 τῶν
3436 855 3685 908 ὲκτινατ-

2111 941 2310 995 τόντων
2328 944 2550 1015 ἐσθῆτα,
2572 945 2670 1014 τῆς
2688 945 2841 1009 ἀξίας
2864 945 3152 999 ἀποϐαλεῖν
3178 945 3277 1014 τῆς
3301 944 3526 1009 οἰκείας,
3543 945 3685 998 ἀπο-

2112 1035 2264 1088 λέσαι
2289 1052 2349 1086 τε
2377 1035 2593 1089 ἅπαντα
2650 1037 2733 1104 ἐφ’
2755 1032 2834 1100 οἷς
2850 1037 2926 1100 ὡς
2954 1035 3321 1089 κεκυκλωκόσι
3352 1052 3413 1089 σε
3439 1037 3683 1104 καὶπερὶ

2110 1126 2207 1196 τὴν
2241 1125 2533 1195 θεραπείαν
2557 1125 2942 1194 ήσχολημένοις
2969 1126 3067 1195 τὴν
3099 1124 3194 1195 σὴν
3221 1124 3362 1193 μέγα
3390 1124 3637 1192 ἐφρόνεις
3664 1141 3679 1153 ’

2112 1215 2225 1279 καί,
2258 1217 2532 1287 συντόμως
2557 1218 2752 1281 εἰπεῖν,
2788 1216 2965 1270 πᾶσάν
2989 1233 3082 1268 σου
3120 1215 3217 1285 τὴν
3250 1214 3546 1285 πολεμικὴν
3580 1216 3682 1284 ὲμ-

2111 1308 2327 1376 πειρίαν
2362 1309 2464 1371 ,καί
2522 1309 2705 1361 πᾶσαν
2742 1307 2839 1377 τὴν
2860 1307 3084 1376 δύναμιν
3108 1305 3169 1370 ἐξ
3205 1306 3455 1361 ἁπάντων
3481 1306 3683 1358 ἀπολέ-

2112 1400 2263 1450 σουσι
2293 1397 2401 1451 τῶν
2431 1384 2749 1469 ἀνθρώπων.
2787 1393 2920 1450 Εἶτα
2960 1397 3054 1449 καὶ
3100 1396 3197 1466 τὴν
3232 1394 3463 1448 παλαιὰν
3498 1395 3681 1448 αὐτῶν

2110 1488 2371 1541 ὲντίθεται
2398 1489 2624 1559 δύναμιν
2655 1482 2797 1561 ᾗπερ
2833 1487 2932 1540 οὐκ
2960 1489 3037 1549 εἰς
3070 1487 3186 1540 δέον
3233 1487 3551 1556 ἐχρήσαντο,
3601 1487 3680 1549 ὼς

2108 1581 2257 1635 οὐδὲν
2289 1582 2487 1645 αὐτοὺς
2550 1581 2932 1651 ὼφελήσουσαν
2994 1583 3051 1632 ἐν
3100 1579 3176 1649 τῷ
3220 1578 3441 1650 παρόντι
3476 1579 3675 1650 καιρῷ.

2116 1692 2135 1725 ι
2174 1674 2397 1746 Ἄνδρες
2435 1674 2650 1728 δυνατοὶ
2702 1671 3058 1745 ἐμπαίζοντες
3102 1673 3160 1725 ὲν
3208 1672 3358 1741 πυρί.
3405 1691 3423 1722 ι
3485 1672 3681 1741 Ὑμεῖς

408 1752 593 1805 ⁸ιιιιιιῐι
637 1740 883 1807 illorum,
930 1747 983 1800 in
1030 1749 1117 1804 die
1143 1755 1558 1821 prteparationis
1602 1758 1762 1827 ejus;
1792 1762 2005 1832 equites

2107 1759 2222 1834 ἦτε,
2243 1740 2427 1834 φησὶν,
2449 1767 2499 1816 οἰ
2525 1764 2592 1817 δι’
2611 1740 2912 1835 ὑπερϐολὴν
2942 1763 3134 1835 ἰσχύος·
3151 1763 3272 1816 οὐδὲ
3290 1740 3470 1833 πυρὸς
3509 1740 3684 1817 κατα-

435 1829 801 1888 turbabuntur
842 1835 897 1890 in
938 1837 1063 1893 viis.
1109 1859 1127 1890 ι
1175 1840 1343 1911 Equis
1372 1845 1502 1900 olim
1545 1829 1908 1920 curribusque
1942 1855 2009 1908 fl-

340 1940 345 1949 π
433 1915 614 1982 distis,
650 1921 743 1987 qui
786 1936 935 1978 nunc
975 1924 1199 1985 inutiles
1242 1940 1389 1987 sunt.
1437 1932 1570 1989 Nam
1616 1954 1727 2008 quo
1768 1915 2010 2012 tempore

439 2009 547 2062 Deo
574 2010 751 2066 visum
782 2012 948 2070 fuerit
983 2034 1209 2088 pernam,
1230 2025 1384 2081 vobis
1410 2027 1689 2098 inﬂigere,
1716 2009 2008 2102 trepidatio

437 2114 632 2155 currus
674 2112 728 2157 et
754 2107 966 2176 equites
1009 2113 1322 2181 occupabit,
1362 2117 1435 2169 ita
1480 2126 1538 2172 ut
1582 2128 1728 2175 metu
1763 2122 2005 2180 hostium

440 2190 571 2245 nihil
616 2208 777 2263 agere
812 2209 1037 2267 queant.
1071 2222 1089 2255 ι
1128 2204 1549 2264 Confundentur
1591 2226 1813 2280 currus,
1848 2224 1904 2271 et
1945 2217 2003 2271 in

437 2280 634 2346 plateis
677 2287 1025 2348 collidentur.
1065 2313 1085 2346 ι
1126 2295 1182 2348 ln
1224 2296 1443 2368 fugam,
1485 2302 1694 2372 inquit,
1738 2320 1797 2361 se
1831 2308 2007 2378 conji-

436 2370 582 2426 c'ient
616 2391 631 2427 :
660 2376 765 2434 hac
790 2388 970 2436 autem
1002 2387 1370 2456 trepidatione
1396 2392 1539 2447 inter
1563 2370 1622 2450 se
1653 2396 1850 2463 collisi,
1881 2408 2008 2456 ante

437 2460 674 2518 hostium
703 2469 993 2529 adventum
1018 2491 1235 2545 pessum
1263 2481 1436 2536 ibunt.
1470 2503 1488 2535 ι
1520 2483 1789 2555 Aspectus
1814 2505 2006 2546 eorum

438 2562 495 2604 ut
526 2554 801 2627 lampades
847 2565 1039 2635 igneae,
1072 2579 1131 2624 ut
1164 2570 1377 2643 fulgura
1413 2575 1801 2652 discurrentia.
1835 2602 1853 2633 ι
1896 2583 2005 2636 Iro-

438 2644 559 2700 nice
610 2647 666 2702 id
717 2651 853 2708 dicit
894 2674 906 2710 :
954 2673 1149 2728 nempe
1193 2678 1290 2717 vos
1346 2664 1484 2719 nihil
1529 2645 1743 2738 fulgure
1790 2670 2007 2729 differre

435 2748 645 2794 vosmet
688 2747 1001 2818 putavistis,
1049 2756 1141 2821 qui
1187 2754 1501 2812 lucentibus
1546 2759 1715 2815 armis
1766 2764 2003 2831 praediti.

436 2828 740 2888 vehementi
771 2839 975 2908 impetu
1008 2841 1063 2895 in
1098 2843 1284 2901 hostes
1320 2845 1661 2902 ferebamini.

2105 1856 2307 1926 τολμᾷν
2342 1856 2643 1920 ὀκνοῦντες.
2688 1875 2706 1908 ι
2751 1858 2815 1909 Δί
2865 1855 3010 1924 ἡνίαι
3058 1855 3166 1908 τῶν
3201 1855 3459 1926 ἁρμάτων
3496 1856 3683 1908 αὐτῶν

2104 1946 2163 1998 ὲν
2192 1946 2373 2016 ἡμέρᾳ
2411 1947 2725 2017 ἑτοιμασίας
2749 1946 2931 2009 αὐτοῦ,
2962 1948 3052 2000 καὶ
3074 1948 3123 2000 οἱ
3158 1949 3343 2010 ἱππεῖς
3374 1946 3683 2016 θορυϐηθή-

2106 2053 2284 2091 σονται
2342 2039 2401 2091 ὲν
2451 2041 2570 2102 ταῖς
2620 2039 2779 2102 ὁδοῖς.
2820 2057 2838 2090 ι
2866 2040 2927 2093 (ll.
2953 2038 3093 2109 μέγα
3121 2038 3206 2108 ἐφ’
3234 2039 3418 2102 ἵπποις
3447 2055 3507 2091 τε
3547 2055 3682 2109 φροο

2103 2128 2316 2193 νοῦντες
2348 2131 2440 2184 καὶ
2473 2132 2734 2203 ἀρμασιν,
2768 2132 2804 2184 ἃ
2834 2132 2899 2201 δὴ
2935 2132 3113 2186 πάντα
3145 2131 3239 2185 ν’ύν
3275 2133 3402 2201 ὑμῖν
3427 2132 3681 2202 ἄχρηστα

2103 2224 2376 2291 φανεῖται’
2409 2223 2467 2275 ὲν
2495 2221 2602 2293 γὰρ
2645 2222 2723 2293 τῷ
2754 2222 2928 2295 καιρῷ
2959 2222 3080 2277 καθ’
3123 2223 3182 2276 δν
3234 2222 3681 2294 παρεσκεύασται

2102 2314 2250 2384 παρά
2280 2314 2415 2367 Θεοῦ
2462 2314 2530 2368 τὰ
2579 2314 2677 2384 τῆς
2729 2315 2997 2385 τιμωρίας
3035 2316 3184 2386 ὑμῖν,
3221 2315 3446 2386 θόρυϐος
3487 2315 3579 2367 καὶ
3611 2315 3681 2367 τὰ

2103 2405 2323 2476 ἅρματα
2357 2405 2451 2458 καὶ
2478 2405 2603 2468 τοὺς
2635 2407 2817 2467 ἱππεῖς
2847 2405 3082 2471 καθέξει,
3102 2405 3257 2458 οὐθὲν
3296 2404 3564 2458 ἐπιτελεῖν
3588 2403 3681 2456 διὰ

2102 2497 2165 2549 τὸ
2183 2496 2300 2559 δέος
2317 2495 2425 2549 τῶν
2450 2495 2720 2566 πολεμίων
2747 2496 2891 2560 οἵους
2920 2515 2980 2550 τε
3002 2497 3178 2559 ὄντας.
3222 2515 3241 2547 ι
3272 2494 3680 2565 Συγχυθήσεται

2104 2581 2175 2634 τὰ
2192 2582 2430 2653 ἆρματα,
2448 2583 2539 2637 καί.
2558 2583 3034 2653 συμπλακήσονται
3074 2587 3132 2639 ὲν
3162 2587 3281 2648 ταῖς
3324 2583 3626 2646 πλατείαις.
3655 2602 3673 2633 ι

2107 2674 2248 2741 Πρὸς
2289 2674 2467 2744 φυγὴν
2518 2672 2649 2744 γάρ,
2705 2675 2889 2744 φησὶν,
2932 2675 3232 2746 ὁρμήσουσι
3267 2676 3497 2738 πάντεςσ
3535 2673 3679 2727 ὥστε

2107 2763 2211 2817 ὑπὸ
2237 2764 2337 2832 τῆς
2357 2764 2690 2834 κατεχούσης
2707 2765 2901 2827 αὐτοὺς
2929 2766 3180 2836 ἀπορίας.
3204 2765 3451 2836 ἀλλήλοις
3479 2765 3676 2828 αὐτοὺς

2111 2854 2588 2925 συμπλεκομένους
2610 2856 2717 2927 πρὸ
2753 2855 2852 2925 τῆς
2884 2857 3074 2925 ἐφόδου
3108 2856 3216 2911 τῶν
3249 2856 3517 2927 πολεμίων
3548 2858 3678 2909 ἐαυ-

432 2921 555 2983 τοὺς
586 2924 891 2984 ἀπολλύειν.
927 2951 947 2983 ι
979 2933 1039 2986 Ἠ
1067 2936 1255 3005 ὅρασις
1281 2938 1459 2992 αὐτῶν
1487 2940 1562 3004 ὡς
1582 2941 1859 3013 λαμπάδες
1899 2947 2090 3018 πυρὸς,
2118 2921 2212 3001 καὶ
2230 2947 2304 3010 ὡς
2332 2921 2607 3018 ἀστραπαὶ
2637 2921 3028 3022 διατρέχουσαι.
3055 2968 3074 3002 ι
3110 2949 3185 3019 (p.
3213 2949 3337 3019 338)
3366 2921 3678 3018 Ιξῖίρωνικῶς

436 3012 528 3063 ἐπὶ
565 3015 846 3093 διασυρμῷ
879 3025 1035 3080 τοῦτο
1071 3028 1258 3097 λέγει·
1292 3035 1467 3088 καίτοι
1506 3053 1590 3105 γε,
1638 3042 1822 3109 φησιν,
1865 3012 2017 3097 οὐδέν
2056 3043 2351 3114 ἀστραπῶν
2402 3012 2495 3098 καὶ
2536 3045 2702 3117 πυρὸς
2749 3012 3077 3100 διαλλάττειν
3117 3012 3679 3116 ⁷ένομίζεσθε-ὲκλάμ-

435 3108 627 3216 ποντές
646 3128 705 3164 τε
732 3119 841 3179 τοῖς
861 3119 1043 3184 ὅπλοις
1069 3126 1160 3177 καὶ
1188 3126 1324 3196 μετὰ
1354 3129 1552 3201 πολλῆς
1578 3133 1677 3216 τῆς
1694 3136 2049 3209 σφοδρότητος
2075 3108 2317 3201 ἐπιόντες
2341 3142 2453 3203 τοῖς
2487 3108 2766 3203 ἐναντίοις.

512 3197 676 3258 Vens.
699 3205 810 3262 5-7.
827 3240 895 3250 —-
911 3232 930 3263 ι
955 3212 1117 3285 Fuga:
1140 3218 1375 3276 interdiu
1399 3197 1666 3283 memores
1688 3197 1851 3283 erunt
1867 3197 2005 3300 οι)ίί-

2178 3197 2327 3300 Στίχ.
2360 3197 2493 3296 ε’-ξη
2529 3262 2599 3273 -
2624 3251 2644 3284 ι
2678 3197 2788 3285 Kal.
2818 3232 3214 3303 μνησθήσονται
3246 3234 3296 3285 οἰ
3332 3233 3678 3302 μεγιστᾶνες.

438 3300 645 3351 mates:
689 3297 743 3353 in
785 3303 1143 3372 trepidatione
1183 3326 1282 3366 sua
1322 3313 1658 3371 festinabunt
1693 3297 2005 3377 moenia-te—

439 3399 606 3452 nere;
634 3398 1041 3462 propugnacula
1062 3415 1160 3453 sua
1194 3408 1595 3474 praeparabunt.
1626 3428 1645 3461 ι
1689 3409 1883 3466 Vester
1916 3414 2008 3471 ille

437 3487 733 3574 apparatus
773 3493 938 3555 atque
983 3501 1265 3550 armatura
1302 3497 1354 3551 in
1387 3513 1607 3555 cassum
1652 3501 1763 3558 ﬁet.
1817 3506 2008 3574 Itaque

435 3568 643 3664 parisso
689 3576 873 3642 praelio
919 3579 1101 3652 fugam
1150 3588 1543 3645 meditabimini
1584 3613 1599 3646 :
1672 3609 1848 3664 neque
1905 3568 2007 3651 hac

437 3658 553 3722 ipsa
590 3666 842 3733 expedite
864 3673 1129 3743 utemini;
1159 3679 1254 3732 sed
1290 3694 1415 3733 cum
1446 3680 1649 3751 ingenti
1685 3658 2006 3740 consterna-

438 3750 588 3809 tione
626 3770 904 3821 currentes
931 3766 1004 3821 oh
1032 3768 1374 3840 ingruentem
1408 3775 1648 3833 hostium
1681 3790 1909 3847 metum,
1939 3783 2005 3836 ad

438 3847 661 3946 rumpia,
699 3868 820 3922 qua
846 3859 961 3913 sola
994 3862 1204 3933 reliqua
1234 3875 1414 3932 erunt,
1448 3868 1800 3939 festinabitis,
1824 3889 2008 3946 pugna

435 3933 508 3986 ob
531 3935 967 4007 desperationem
1003 3952 1207 4009 omissa
1236 3975 1249 4010 :
1283 3964 1448 4027 atque
1485 3959 1613 4015 hinc
1653 3933 1876 4018 tutelam
1901 3933 2007 4021 cx-

437 4029 792 4101 spectabitis,
830 4045 885 4091 et
924 4040 990 4093 ad
1022 4052 1340 4098 consuetam
1377 4062 1660 4103 murorum
1699 4053 2006 4109 custodiam

437 4118 619 4174 studio
679 4127 825 4180 omni
867 4128 1215 4191 ineumbetis.
1261 4135 1418 4203 Quod
1461 4155 1592 4195 vero
1632 4142 1856 4211 gravius
1899 4153 2006 4210 est,

443 4225 463 4255 ι
489 4207 662 4267 Porta;
706 4218 921 4274 urbium
966 4233 1279 4293 patuerunt,
1312 4231 1459 4301 regia
1500 4207 1704 4301 palatia
1749 4207 2007 4292 concide;

439 4308 588 4390 runt,
623 4318 752 4373 opes
787 4314 1035 4369 revelata:
1072 4328 1221 4373 sunt.
1263 4321 1383 4390 Ipsa
1421 4323 1689 4390 ascendit,
1717 4334 1771 4380 et
1798 4328 2009 4382 ancilla:

435 4389 558 4453 eius
593 4398 992 4469 praecedebant,
1025 4421 1122 4461 ceu
1151 4389 1417 4468 columbae
1442 4414 1726 4484 loquentes
1756 4417 1810 4471 in
1843 4418 2008 4474 corde

437 4495 557 4576 suo.
589 4503 608 4536 ι
647 4484 753 4542 Sed
783 4493 926 4545 enim
960 4511 1028 4550 ne
1049 4499 1280 4571 perfugii
1311 4503 1530 4570 quidem
1548 4505 1708 4576 222
1728 4506 1793 4561 ad
1818 4524 2004 4565 muros

2108 3321 2202 3374 καὶ
2230 3321 2514 3390 φεύξονται
2537 3323 2767 3394 ἡμέρας,
2793 3324 2884 3377 καὶ
2913 3326 3278 3395 κρατήσουσιν
3300 3326 3357 3377 ὲν
3382 3326 3446 3395 τῇ
3471 3324 3680 3395 ἀπορία

2110 3414 2294 3466 αὐτῶν
2321 3415 2415 3468 καὶ
2441 3414 2765 3468 σπεύσουσιν
2793 3416 2883 3469 ἐπὶ
2909 3416 2977 3469 τά
3004 3417 3180 3486 τείχη,
3209 3417 3305 3470 καὶ
3329 3416 3680 3485 ἐτοιμάσουσι

2103 3503 2204 3567 τὰς
2232 3504 2586 3575 προφυλακὰς
2607 3506 2806 3560 αὐτῶν.
2840 3524 2859 3557 ι
2891 3507 2970 3560 Ta
2994 3508 3092 3578 μὲν
3119 3507 3182 3578 δὴ
3203 3507 3302 3577 τῆς
3328 3508 3682 3578 παρασκευῆς

2108 3597 2236 3667 ὑμῖν
2263 3599 2509 3667 ἐκείνης,
2555 3599 2650 3651 καὶ
2687 3597 2790 3667 τῆς
2816 3599 3095 3670 δυνάμεως
3128 3601 3356 3671 περιττά
3387 3602 3687 3672 γενήσεται,

2106 3691 2283 3745 πάντα
2302 3708 2314 3722 ’
2344 3692 2405 3745 τὸ
2434 3692 2691 3762 πολεμεῖν
2717 3693 2773 3746 δὲ
2796 3694 3041 3763 ἀφέντες,
3073 3694 3251 3765 φυγῆς
3280 3694 3511 3765 λήψεσθε
3543 3697 3686 3765 μνή-

2110 3796 2217 3851 μην
2240 3795 2254 3809 ⁶
2288 3782 2384 3833 καὶ
2415 3781 2533 3833 οὐδὲ
2575 3781 2748 3854 ταύτῃ
2799 3781 3070 3853 χρώμενοι
3114 3781 3194 3853 τῷ
3237 3782 3423 3853 δρόμῳ
3452 3783 3543 3836 διὰ
3578 3784 3684 3854 τὴν

2108 3871 2410 3943 ὑπερϐολὴν
2439 3872 2530 3925 τοῦ
2556 3873 2907 3943 ἐπικειμένου
2927 3874 3077 3937 δέους
3096 3874 3203 3929 τῶν
3230 3874 3501 3944 πολεμίων
3522 3875 3679 3943 ὑμῖν·

2106 3963 2502 4035 ἀναδραμεῖσθε
2529 3964 2593 4037 δὴ
2633 3964 2819 4018 λοιπὸν
2847 3966 2938 4018 ὲπί
2964 3966 3031 4019 τὰ
3061 3966 3239 4035 τείχη,
3272 3965 3362 4018 τὸν
3388 3966 3489 4036 μὲν
3515 3967 3681 4021 πόλει

2110 4070 2210 4122 μον
2241 4053 2329 4106 διὰ
2374 4053 2572 4124 πολλὴν
2606 4055 2917 4125 ἀπόγνωσιν
2946 4056 3174 4124 ἀφέντες
3193 4095 3207 4119 ,
3242 4055 3339 4127 τὴν
3368 4056 3428 4120 ἐξ
3452 4056 3685 4111 ἐκείνων

2104 4143 2161 4196 δὲ
2200 4144 2603 4214 προσδοκῶντες
2645 4143 2786 4209 ἕξειν
2818 4145 3118 4215 ἀσφάλειαν
3141 4187 3155 4210 ,
3193 4147 3287 4199 καὶ
3317 4145 3382 4215 δὴ
3417 4146 3511 4199 καὶ
3544 4149 3683 4220 περὶ

2104 4233 2203 4298 τὰς
2238 4234 2488 4299 εἰωθυίας
2521 4237 2612 4289 ὲπί
2649 4237 2759 4290 τῶν
2801 4238 2995 4308 τειχῶν
3028 4238 3274 4307 φυλακὰς
3307 4239 3484 4290 πᾶσαν
3522 4236 3679 4301 ἕξετε

2104 4324 2204 4394 τὴν
2233 4326 2507 4395 ἀσχολίαν.
2539 4328 2648 4381 Kal.
2674 4327 2733 4380 τὸ
2759 4327 2823 4398 δὴ
2855 4330 3058 4398 μεῖζον·
3097 4347 3113 4378 ι
3147 4328 3446 4382 Πύλαιτῶν
3466 4327 3681 4381 πόλεων

2104 4418 2515 4488 διηνοίχθησαν,
2548 4420 2642 4473 καί.
2674 4419 2741 4473 τὰ
2780 4420 3026 4489 βασίλεια
3068 4422 3306 4487 διέπεσε,
3342 4422 3436 4474 καὶ
3476 4422 3509 4492 ή
3541 4422 3682 4474 ὑπό-

2108 4526 2295 4573 στασις
2324 4511 2682 4582 ἀπεκαλύφθη
2702 4529 2718 4543 σ
2756 4514 2849 4566 καὶ
2876 4512 3013 4577 αὔτη
3047 4514 3316 4576 ἀνέϐαινε,
3347 4514 3440 4567 καὶ
3468 4514 3526 4567 αἰ
3554 4513 3684 4566 δοῦν

437 4574 545 4627 ulla
582 4579 736 4634 vobis
772 4583 982 4641 utilitas
1011 4596 1128 4652 est;
1172 4593 1452 4661 potientur
1479 4574 1877 4653 enimcivitate
1912 4601 2005 4654 ho-

2110 4598 2199 4652 λαι
2228 4601 2397 4671 αὐτῆς
2424 4574 2640 4671 ἤγοντο,
2670 4574 2852 4665 καθὼς
2878 4574 3198 4675 περιστεραὶ
3225 4574 3589 4674 φθεγγόμεναι
3619 4606 3683 4657 ὲν

436 4673 568 4729 stes,
622 4683 825 4740 perque
871 4685 1057 4743 portas
1110 4683 1280 4736 multa
1322 4700 1446 4737 cum
1494 4688 1787 4743 securitate
1832 4689 2008 4759 ingre-

433 4754 690 4828 dientur;
757 4767 935 4834 regias
978 4769 1174 4824 domos
1226 4787 1255 4825 a
1311 4775 1681 4832 fundamentis
1728 4754 2006 4848 evel-teut;

432 4862 563 4918 opes
607 4859 731 4908 tuas
775 4870 966 4913 omnes
1009 4868 1173 4930 atque
1214 4863 1502 4919 thesauros
1550 4867 1679 4920 dum
1722 4868 2006 4939 diripiunt,

433 4941 682 5007 publicos
716 4944 952 5013 facient;
987 4966 1328 5022 quaecunque
1362 4956 1572 5010 scilicet
1600 4957 1845 5029 diligenti
1877 4963 2007 5017 olim

431 5041 485 5084 et
512 5048 712 5089 arcana
741 5039 995 5094 cnstodia
1042 5044 1321 5099 servabas.
1346 5056 1355 5065 '
1383 5065 1400 5096 ι
1429 5045 1492 5099 Et
1531 5048 1648 5117 ipsa
1690 5053 1959 5107 ascendit.
1981 5073 1998 5106 ι

431 5121 677 5181 Ninirem
707 5130 916 5184 scilicet
940 5131 1083 5205 dicit
1120 5136 1406 5204 propheta.
1472 5137 1608 5207 (Pro
1647 5158 1664 5190 ι
1687 5142 1950 5198 ascendes
1979 5162 1997 5195 ι

432 5214 509 5269 ait
540 5237 559 5270 ι
596 5222 864 5289 ascendit,
892 5242 911 5275 ι
971 5239 1123 5280 more
1180 5241 1282 5279 suo
1321 5238 1566 5298 tempora
1618 5234 2007 5304 commutans.)

432 5307 734 5373 Aseendes,
766 5314 963 5384 inquit,
993 5316 1059 5369 ad
1097 5316 1376 5372 inimicum
1410 5333 1588 5388 regem
1621 5320 1877 5388 deducta,
1920 5336 2007 5376 ca-

434 5398 581 5464 ptiva
618 5402 815 5457 deinde
849 5420 1140 5460 mansura:
1175 5420 1494 5477 cunctaeque
1526 5409 1622 5462 tibi
1652 5410 1886 5465 subditae
1914 5426 2008 5464 ur-

434 5486 533 5544 bes
567 5498 731 5557 atque
760 5494 883 5562 pagi
928 5495 1035 5562 (his
1075 5498 1219 5551 enim
1254 5499 1574 5555 ancillarum
1604 5501 1823 5554 nomina
1861 5501 2009 5572 facit)

507 5686 619 5758 (id)
659 5686 787 5742 Coti.
826 5687 1088 5761 ἀναϐήσῃ.

2106 4690 2303 4760 καρδίᾳ
2333 4691 2560 4744 ἑαυτῶν.
2598 4709 2616 4742 ι
2669 4692 2828 4745 Ἀλλά
2854 4693 2961 4763 γὰρ
2990 4694 3110 4747 οὐδὲ
3138 4695 3238 4765 τῆς
3268 4697 3394 4764 περὶ
3422 4695 3491 4748 τά
3518 4695 3679 4767 τείχη

2107 4782 2340 4852 σπουδῆς
2366 4781 2555 4850 δφελός
2583 4800 2635 4836 τι
2661 4783 2884 4850 γέγονεν
2907 4785 3035 4854 ὑμῖν
3052 4801 3066 4814 ·
3095 4787 3427 4857 κρατήσουσι
3446 4786 3555 4855 γάρ
3572 4787 3682 4855 τῆς

2107 4873 2312 4936 πόλεως
2348 4874 2397 4925 οἰ
2440 4874 2687 4945 πολέμιοι
2707 4914 2721 4937 ,
2755 4875 2830 4945 (p.
2861 4876 2986 4945 359)
3018 4876 3111 4928 καὶ
3145 4877 3233 4930 διά
3262 4894 3323 4944 γε
3354 4877 3463 4930 τῶν
3488 4876 3683 4931 πυλῶν

2110 4959 2249 5027 μετά
2279 4961 2479 5030 πολλῆς
2506 4962 2901 5015 εἰσελεύσονται
2934 4965 3034 5032 τῆς
3072 4963 3252 5026 ἀδείας
3274 4982 3286 4995 ·
3323 4966 3391 5018 τὰ
3431 4965 3686 5034 βασίλεια

2110 5066 2171 5101 τε
2201 5051 2478 5114 παντελῶς
2509 5051 2796 5120 ἀφανιοῦσι
2820 5069 2833 5083 ·
2868 5053 3046 5105 πᾶσάν
3075 5054 3132 5105 τέ
3177 5071 3271 5106 σου
3304 5055 3401 5125 τὴν
3443 5055 3687 5126 ὓπαρξιν

2111 5140 2203 5192 καί
2242 5140 2447 5202 πάντας
2474 5142 2601 5205 τοὺς
2635 5144 2921 5211 περιόντας
2951 5160 3030 5196 σοι
3065 5142 3367 5216 θησαυροὺς
3399 5146 3466 5198 δι’
3500 5148 3686 5217 ἁρπα-

2105 5231 2208 5301 γῆς
2239 5232 2626 5301 ποιησάμενοι,
2676 5236 2960 5303 καταφανῆ
3001 5235 3165 5287 πᾶσιν
3198 5235 3541 5304 ἐργάσονται,
3584 5241 3688 5292 καί

2106 5322 2173 5375 τὰ
2205 5323 2371 5376 πάλαι
2404 5340 2484 5376 σοι
2506 5323 2593 5377 διὰ
2619 5324 2816 5396 πολλῆς
2840 5342 2899 5377 τε
2927 5325 3052 5377 ὄντα
3083 5327 3329 5396 φυλακῆς
3357 5327 3450 5380 καὶ
3480 5330 3688 5397 κεκρύ-

2109 5412 2238 5480 φθαι
2257 5414 2536 5470 δοκοῦντα.
2571 5435 2589 5467 ι
2625 5416 2735 5470 Καὶ
2762 5417 2900 5487 αὑτὴ
2926 5417 3024 5487 μὲν
3053 5416 3300 5472 ἀνέϐαινε
3327 5418 3459 5487 (46).
3490 5439 3505 5468 ι
3536 5420 3686 5488 Πρὸς

2108 5500 2205 5574 τὴν
2236 5503 2433 5574 Νινευὴ
2459 5504 2513 5557 δὲ
2547 5504 2575 5556 ὁ
2608 5506 2893 5576 προφήτης
2923 5506 3107 5576 φησιν,
3138 5506 3258 5561 ἀντὶ
3286 5505 3398 5572 τοῦ,
3449 5525 3466 5557 ι
3519 5507 3685 5563 Ἀνα-
