4022 6138
366 241 477 296 413

1350 244 1902 302 COMMENTARIUS
1938 246 2005 301 ΙΝ
2040 248 2312 307 NAHUMI
2353 250 2504 310 CAP.
2548 252 2607 306 ll.

3504 248 3610 303 ιιι

366 355 571 426 ϐήσῃ.)
604 353 667 408 τὸ
710 375 729 409 ι
770 357 1058 410 ἀνέϐαινεν
1097 376 1117 410 ι
1150 357 1354 419 εἰπὼν,
1386 358 1569 423 καθὼς
1602 361 1942 416 ἐναλλάττειν

2046 365 2274 420 multum
2303 367 2483 422 valere
2506 366 2762 437 iubentes
2790 367 3080 438 pristinum
3111 364 3397 435 imperium
3429 372 3604 426 tumo,

372 446 529 499 εἴωθε
553 445 645 500 τὸν
663 447 888 519 χρόνον.
930 448 1202 522 Ἀναϐήσῃ
1226 451 1353 520 γὰρ,
1386 451 1574 520 φησὶν,
1590 453 1692 505 -ὲπὶ
1719 453 1811 507 τὸν
1832 453 1940 507 τῶν

372 537 645 608 πολεμίων
674 537 920 609 ἀγομένη
950 539 1173 609 βασιλέα
1197 540 1273 604 ὡς
1308 541 1650 612 αἰχμάλωτος
1678 539 1814 598 οὖσα
1836 542 1940 597 λοι-

375 631 506 682 πόν·
556 630 652 684 καὶ
700 632 874 684 πᾶσαι
924 631 983 686 δέ
1022 649 1114 684 σου
1154 633 1213 685 ai
1246 632 1476 703 ὑπήκοοι
1512 632 1695 696 πόλεις
1741 650 1799 686 τε
1847 635 1941 687 καὶ

2047 457 2270 511 servitio
2308 465 2486 512 tecum
2515 456 2870 524 addicentur;
2919 458 3085 511 tacita
3125 457 3474 523 cogitatione,
3516 466 3608 507 eoo

2036 544 2234 598 lumba:
2281 560 2453 609 more,
2492 559 2648 601 suam
2684 547 2888 616 pariter
2920 555 3083 617 atque
3122 555 3268 599 tuam
3316 548 3610 597 maerentes

2050 634 2433 690 caiamitatem.

375 721 577 792 χῶραι,
603 723 797 787 δούλας
824 723 934 794 γὰρ
964 724 1166 787 ταύτας
1199 725 1474 796 ὠνόμαζε,
1506 726 1691 799 μακρὰ
1732 728 1941 798 χαίρειν
1970 728 2220 781 εἰποῦσαι
2248 732 2314 799 τῇ
2361 729 2639 801 προσιούσῃ
2677 746 2758 782 σοι
2796 729 3057 800 πρότερον
3095 727 3358 798 βασιλείᾳ,
3396 725 3488 777 ἐπὶ
3512 725 3609 790 τὴν

376 815 750 884 αἰχμαλωσίαν
780 815 1108 887 ἀχθήσονται
1142 820 1312 871 πᾶσαι
1350 818 1446 871 σὺν
1473 819 1704 880 ocima-If
1734 818 1943 871 ἔννοιαν
1978 822 2308 891 περιστερᾶς
2338 820 2493 890 δίκην
2534 821 2634 886 τὰς
2666 821 2874 876 ἑαυτῶν
2912 838 2970 874 τε
2998 822 3095 875 καὶ
3125 820 3219 873 σοῦ
3260 814 3610 880 στενὰξουσαί

375 922 433 956 τε
464 907 556 958 καὶ
577 906 894 976 ὀδυρόμεναι
924 907 1225 977 συμφοράς.

448 996 593 1066 Στίχ.
632 997 771 1067 η’,θ’.
813 1029 882 1039 —
908 996 1039 1051 Εἶτα
1066 999 1164 1070 τὴν
1204 999 1441 1053 παλαιὰν
1482 1000 1788 1071 εὐπραγίαν
1840 1001 1941 1055 αύ-

382 1088 486 1142 τῶν
508 1105 659 1157 φησι,
687 1088 911 1159 διαιρῶν
934 1092 1014 1154 είς
1046 1090 1217 1144 ταῦτα
1236 1091 1327 1144 τὸν
1353 1091 1508 1160 λόγον
1528 1108 1540 1122 ο
1570 1093 1664 1145 καὶ
1692 1092 1820 1146 ποτὲ
1844 1091 1943 1161 μὲν

382 1180 439 1231 ὲν
467 1179 601 1241 οἵοις
627 1180 1044 1250 ἐξετασθήσεται
1077 1185 1267 1245 κακοῖς
1297 1182 1582 1244 διδάσκων,
1606 1181 1735 1234 ποτὲ
1766 1181 1822 1235 δὲ
1845 1183 1943 1252 τὴν

387 1269 546 1321 παλαι
574 1268 884 1338 προσοῦσαν
906 1270 1090 1333 αὐτοῖς
1119 1271 1463 1340 ἐκτιθέμενος
1489 1270 1805 1325 δυναστείαν
1823 1288 1839 1303 ο
1867 1271 1943 1335 ὡς

387 1358 447 1412 ἂν
478 1360 570 1412 καὶ
596 1359 771 1429 τούτῳ
801 1360 862 1413 τὸ
900 1360 1194 1431 συμϐαῖνον
1237 1362 1376 1432 αὐτῇ
1424 1360 1593 1424 πάθος
1631 1359 1940 1431 αύξήσειεν,

387 1451 431 1502 εὶ
476 1450 584 1503 ἀπὸ
638 1449 894 1503 τοιούτων
932 1453 1011 1514 είς
1059 1451 1284 1505 τοιαῦτα
1335 1451 1678 1520 ἀφικνεῖσθαι
1739 1450 1940 1522 μέλλει.

394 1558 410 1589 σ
448 1540 555 1593 Καὶ
581 1540 785 1610 Νινεοὴ
815 1540 889 1605 ὡς
925 1542 1280 1613 κολυμϐήθρα
1322 1541 1511 1606 ὕδατος
1552 1544 1620 1597 τὰ
1651 1541 1817 1596 ῦδατα
1849 1542 1945 1595 ab.

386 1630 477 1699 τῆς
495 1645 508 1658 ·
537 1629 632 1683 καὶ
654 1630 811 1682 αὐτοὶ
834 1630 1121 1698 φεύγοντες
1146 1632 1244 1684 οὐκ
1289 1631 1544 1703 ἔστησαν,
1575 1634 1665 1686 καὶ
1691 1633 1791 1686 οὐκ
1819 1628 1885 1703 ἦν
1914 1632 1945 1684 ὁ

386 1719 708 1774 ἐπιϐλέπων.
747 1740 766 1771 ι
804 1721 975 1776 Πάλαι
1007 1723 1104 1792 μὲν
1136 1723 1245 1794 γὰρ
1277 1724 1658 1796 κολυμϐήθρας
1682 1724 1943 1795 μεγίστης

386 1811 691 1882 διήλλαττεν
724 1812 875 1865 οὐδὲν
914 1787 1323 1885 ὑπε-ρχεομένης
1361 1787 1438 1886 τέ’)
1482 1787 1649 1869 ἱ’ίδιίιπιγ
1677 1787 1944 1885 ’δαῖτακᾶ
1972 1787 2015 1842 Β

386 1902 492 1962 θεν,
516 1904 593 1973 (ρ.
615 1902 741 1972 540)
765 1905 858 1956 καὶ
879 1904 1104 1967 πολλοὺς
1127 1906 1185 1957 ὲν
1209 1907 1373 1977 ἑαυτῇ
1398 1905 1704 1977 τρεφούσης
1732 1905 1944 1975 ίχθύας’

384 1993 516 2046 οὕτω
540 1993 737 2047 πολλοῦ
771 1994 867 2062 μὲν
896 1994 1137 2065 γέμουσα
1171 1995 1407 2065 πλήθους
1448 1996 1649 2051 οἰκείου
1673 2016 1684 2025 ·
1716 1995 1944 2059 πολλοὺς

383 2083 435 2136 δὲ
464 2085 527 2135 ἐκ
547 2082 655 2136 τῶν
689 2084 941 2154 πολέμων
964 2084 1339 2155 αἰχμαλώτους
1367 2085 1565 2158 ἔχουσα
1588 2088 1717 2158 παρ’
1750 2088 1941 2158 έαυτῇ³

384 2174 470 2227 νῦν
496 2175 553 2228 δὲ
579 2177 661 2239 εἰς
687 2175 845 2228 τοῦτο
872 2176 1208 2249 κατέστησαν
1247 2178 1623 2250 ταλαιπωρίας
1642 2219 1657 2242 ,
1690 2179 1764 2241 ὡς
1809 2180 1946 2251 μηδὲ

386 2264 714 2335 βραχύτατον
752 2268 945 2337 στῆναι
983 2269 1120 2339 πρὸς
1159 2270 1284 2331 τοὺς
1319 2270 1612 2340 πολεμίους
1635 2270 1942 2340 δυνάμενοι,

383 2356 509 2425 πρὸς
539 2356 718 2428 φυγὴν
751 2357 877 2410 ἰδεῖν
900 2376 914 2389 ·
945 2359 1229 2430 εὑρίσκετο
1250 2360 1307 2412 δὲ
1332 2360 1505 2423 οὐδεὶς
1533 2362 1642 2424 toi;
1670 2360 1944 2425 τοσούτοις

383 2448 584 2519 ἐφορῶν
634 2452 860 2513 κακοῖς,
899 2450 934 2520 ἦ
986 2467 1105 2502 τινα
1151 2451 1435 2521 διόρθωσιν
1472 2452 1655 2516 αὺτοῖς
1699 2453 1940 2522 ἐπάγων.

390 2557 406 2588 ι
443 2538 749 2609 Διήρτταζον
786 2540 846 2592 τὸ
884 2539 1171 2611 ἀργύριον,
1209 2541 1505 2613 διήρπαζον
1544 2542 1605 2595 τὸ
1634 2544 1875 2615 χρυσίον.
1919 2563 1939 2597 ι

388 2630 623 2684 ’Λπαντα
658 2630 724 2702 δὴ
762 2631 945 2686 λοιπὸν
972 2633 1039 2686 δι’
1062 2634 1319 2704 ἁρπαγῆς
1348 2635 1398 2687 oi
1432 2633 1682 2704 πολέμιοι
1713 2634 1781 2688 τὰ
1815 2636 1944 2705 παρ’

395 2721 558 2784 αὐτοῖς
590 2722 891 2776 ἐποιοῦντο.
936 2740 956 2774 ι
1001 2724 1112 2777 Καὶ
1144 2725 1245 2777 οὐκ
1281 2720 1349 2793 ἦν
1390 2724 1561 2793 πέρας
1605 2724 1699 2777 τοῦ
1738 2725 1943 2794 κόσμου

396 2808 568 2878 αὐτῆς.
598 2829 617 2861 ι
659 2809 1055 2881 Ἀναρίθμητόν
1077 2829 1197 2864 τινα
1223 2811 1450 2864 πλοῦτον
1480 2811 1658 2865 αὐτῶν
1688 2813 1946 2889 ἀφαιρού-

392 2913 548 2966 μενοι,
580 2891 736 2967 ᾧπερ
770 2899 1098 2969 ἐκοσμοῦντο
1144 2900 1205 2952 τὸ
1248 2900 1496 2971 πρόσθεν.
1546 2917 1563 2952 ι
1604 2900 1942 2971 Βεϐἀρυνται

386 2984 513 3057 ὑπὲρ
536 2988 714 3040 πάντα
736 2988 807 3042 τὰ
836 2988 1004 3059 σκεύη
1027 2989 1199 3058 αὐτῆς
1222 2990 1289 3042 τὰ
1322 2992 1647 3062 ἐπιθυμητὰ.
1685 3011 1704 3044 ι
1740 2991 1944 3064 Πολλὴν

2117 993 2281 1049 Vens.
2306 995 2361 1055 8,
2388 995 2441 1049 9.
2463 1026 2532 1037 —
2555 995 2755 1051 Deinde
2790 996 3076 1065 pristinam
3103 994 3412 1051 felicitatem
3444 999 3607 1065 dicit,

2042 1084 2122 1139 sic
2171 1084 2468 1139 distributo
2516 1101 2784 1150 sermone,
2824 1095 2881 1139 ut
2917 1086 3078 1140 modo
3114 1088 3254 1140 mala
3287 1091 3487 1157 quibus
3519 1091 3610 1145 illa

2040 1176 2372 1230 cruciabitur
2417 1184 2640 1239 narret,
2698 1177 2860 1231 modo
2920 1186 3158 1233 veterem
3213 1192 3611 1236 commemoret

2041 1266 2393 1336 dignitatem.
2428 1267 2687 1322 nimirum
2731 1276 2790 1323 ut
2824 1270 3071 1325 incidens
3097 1269 3451 1325 infortunium
3491 1272 3611 1328 ideo

2040 1358 2258 1429 gravius
2305 1358 2429 1418 fiat,
2485 1360 2628 1429 quod
2684 1360 2813 1416 talis
2860 1362 2991 1417 urbs
3039 1362 3105 1415 ad
3150 1363 3278 1415 talia
3308 1362 3606 1419 devenerit.

2047 1466 2064 1499 ι
2094 1446 2306 1511 Ninive,
2357 1458 2416 1503 ut
2458 1464 2613 1519 aquae
2650 1451 2859 1519 piscina
2884 1467 3037 1522 aquae
3074 1452 3214 1521 ejus.
3258 1451 3364 1522 Ipsi
3393 1467 3611 1524 arrepta

2041 1537 2168 1607 fuga
2210 1554 2476 1610 nusquam
2516 1540 2916 1608 substiterunt;
2964 1557 3065 1596 nec
3108 1549 3227 1596 erat
3274 1543 3369 1612 qui
3401 1545 3608 1612 aspice-

2042 1638 2142 1683 ret.
2170 1648 2189 1681 ι
2227 1627 2365 1684 Olim
2395 1630 2615 1701 quidem
2660 1646 2691 1684 a
2736 1632 2949 1702 piscina
2981 1634 3216 1688 maxima
3256 1648 3364 1688 non
3398 1632 3614 1691 didere-

2044 1720 2196 1783 bant,
2230 1722 2388 1791 aquis
2445 1722 2686 1791 undique
2737 1722 2949 1784 alfusis,
2997 1724 3343 1778 multitudine
3380 1727 3612 1794 piscium

2045 1810 2243 1865 ibidem
2289 1812 2440 1865 alita.
2504 1810 2594 1866 Sic
2628 1813 2879 1867 videlicet
2908 1811 3102 1867 Ninive
3133 1814 3484 1869 multitudine
3518 1830 3613 1884 po-

2045 1902 2156 1972 puli
2178 1902 2546 1968 redundabat;
2577 1903 2777 1958 multos
2804 1917 3021 1974 quoque
3048 1903 3191 1958 bello
3217 1913 3407 1973 captos
3440 1906 3613 1959 homi-

2045 2007 2140 2048 nes
2168 1993 2311 2062 apud
2341 2008 2404 2047 se
2441 1992 2672 2047 habens.
2732 1990 2889 2047 Nunc
2933 2008 3063 2048 vero
3092 2001 3243 2047 tanta
3282 1993 3613 2052 adversitatc

2044 2093 2170 2139 sunt
2199 2085 2470 2155 oppressi,
2497 2093 2557 2138 ut
2583 2100 2650 2139 ne
2687 2085 3012 2141 brevissime
3044 2085 3263 2156 quidem
3294 2093 3485 2141 contra
3512 2087 3612 2141 ho-

2045 2183 2159 2230 stes
2186 2174 2238 2228 in
2267 2175 2383 2230 acie
2407 2177 2677 2236 steterint,
2697 2177 2990 2245 quominus
3012 2192 3072 2232 se
3098 2179 3234 2247 fuga:
3254 2178 3436 2231 statim
3462 2194 3615 2233 com-

2045 2264 2342 2320 mitterent.
2380 2264 2549 2321 Porro
2580 2274 2761 2323 autem
2790 2283 2951 2322 nemo
2981 2269 3236 2323 inventus
3270 2277 3374 2329 est.
3406 2270 3498 2338 qui
3525 2270 3613 2324 his

2044 2358 2199 2414 malis
2243 2367 2477 2412 mentem
2526 2359 2868 2423 intenderet,
2924 2369 3019 2413 aut
3062 2359 3252 2415 iisdem
3289 2359 3610 2414 medicinam

2044 2450 2279 2520 aliquam
2306 2451 2526 2506 faceret.
2589 2470 2606 2503 ι
2638 2451 2990 2521 Diripuerunt
3032 2460 3337 2523 argentum,
3374 2451 3613 2522 diripue-

2046 2551 2174 2597 runt
2224 2558 2483 2599 aurum.»
2548 2543 2786 2599 Cunctas
2834 2544 3025 2599 horum
3067 2561 3198 2614 opes
3251 2546 3444 2616 praedae
3511 2546 3611 2599 ba-

2044 2633 2277 2687 buerunt
2328 2635 2528 2689 hostes.
2604 2653 2622 2687 ι
2675 2634 2861 2704 Neque
2904 2644 3022 2689 erat
3084 2636 3206 2691 linis
3264 2644 3615 2689 ornamento-

2044 2740 2163 2777 rum
2202 2723 2344 2791 ejus.
2376 2744 2395 2775 ι
2442 2725 2757 2781 Innumeras
2814 2726 3033 2781 divitias
3085 2727 3438 2795 eripuerunt,
3489 2726 3613 2794 qui-

2044 2814 2145 2868 bus
2172 2813 2332 2884 223
2367 2823 2526 2868 antea
2554 2817 2872 2870 ornabatur.
2914 2831 2932 2865 ι
2962 2813 3251 2883 Aggrarali
3294 2822 3423 2868 sunt
3448 2826 3614 2880 super

2043 2916 2257 2956 omnem
2303 2904 2693 2973 supellectilem
2726 2904 2848 2975 ejus
2894 2904 3380 2959 desiderabilem.»
3440 2902 3614 2959 Vehe-

2044 2996 2211 3050 menti
2242 2996 2423 3050 studio
2456 2996 2523 3049 ad
2553 2997 2787 3065 pretiosa
2812 3012 3040 3067 qumque
3074 3003 3325 3058 ruerunt.
3358 2995 3613 3049 multam-

384 3076 505 3143 γοῦν
562 3078 801 3148 μάλιστα
843 3078 940 3149 τὴν
984 3079 1218 3150 σπουδὴν
1258 3080 1536 3135 ἐποιοῦντο
1577 3082 1643 3134 τὰ
1684 3081 1943 3137 δοκοῦντα

2046 3102 2153 3156 que
2195 3087 2486 3156 diripiendi
2529 3103 2648 3143 eam
2693 3089 3045 3159 cupiditatem
3096 3102 3206 3157 prae
3251 3102 3309 3142 se
3347 3088 3609 3141 tulerunt.

384 3168 530 3238 τίμια
558 3163 719 3232 εἶναι,
754 3169 848 3223 καὶ
881 3168 917 3222 ἃ
949 3169 1085 3239 μετὰ
1114 3169 1313 3240 πολλῆς
1342 3170 1498 3240 ἔσχον
1524 3172 1621 3241 τῆς
1655 3172 1945 3243 ἐπιθυμίας

386 3256 671 3326 ἀφελέσθαι
697 3259 827 3329 παρ’
846 3257 1050 3311 αύτῶν’
1073 3258 1134 3311 τὸ
1159 3260 1265 3331 γὰρ
1294 3278 1312 3311 ι
1343 3260 1691 3331 βεϐάρυνται,
1717 3281 1736 3313 ι
1759 3264 1944 3334 ὅμοιόν

387 3351 497 3403 ἑστι
527 3349 619 3404 τοῦ
645 3351 705 3403 ὲν
732 3352 852 3413 ταῖς
882 3351 1209 3421 Βασιλείαις,
1250 3372 1269 3405 ι
1321 3353 1622 3427 Ἐϐαρύνθη
1652 3359 1680 3410 ὁ
1712 3357 1946 3428 πόλεμος

389 3440 473 3496 ἐπὶ
517 3438 722 3506 Σαοὺλ,
782 3459 801 3491 ι
855 3440 942 3494 ἵνα
991 3442 1119 3514 εἴπῃ
1157 3444 1239 3496 ὃτι
1283 3446 1401 3497 κατ’
1452 3446 1628 3499 ἐκεῖνο
1670 3448 1731 3500 τὸ
1783 3448 1947 3521 μέρος

387 3529 658 3583 ἐπέκειντο
704 3530 937 3601 μάλιστα
985 3533 1035 3584 οἱ
1086 3533 1367 3605 πολέμιοι·
1411 3533 1554 3589 οὕτω
1585 3538 1858 3591 κάνταῦθα
1888 3540 1947 3592 τὸ

393 3641 413 3674 ι
434 3622 754 3694 βεϐἀρυνται
784 3642 803 3675 ι
838 3623 1003 3692 λέγει,
1026 3625 1114 3679 ἴνα
1136 3626 1266 3698 εἴπῃ
1285 3627 1365 3679 ὅτι
1386 3625 1584 3681 πλείων
1613 3628 1740 3698 περὶ
1768 3629 1947 3683 ἐκεῖνα

390 3716 420 3785 ή
447 3714 647 3785 σπουδὴ
669 3717 782 3780 τοῖς
812 3716 1090 3787 πολεμίοις
1119 3717 1382 3786 ἐγίγνετο.

448 3807 597 3877 Στίλ·
630 3807 682 3870 ι’»
719 3814 807 3861 ια’·
855 3839 923 3849 -
967 3828 986 3859 ι
1047 3809 1403 3879 Ἐκτιναγμὸς
1431 3811 1526 3863 καὶ
1562 3811 1945 3880 ἀνατιναγμδς,

387 3898 692 3970 ἐκϐρασμδς
716 3900 811 3953 καὶ
842 3898 1068 3973 καρδίας
1095 3899 1394 3972 θραυσμὺς,
1423 3903 1516 3956 καὶ
1544 3902 1800 3965 ὑπόλυσις
1823 3918 1949 3969 γου-

390 3988 584 4052 νάτων,
626 3990 721 4044 καὶ
759 3989 944 4054 ὠδῖνες
973 3990 1066 4045 ἐπὶ
1100 3993 1280 4046 πᾶσαν
1336 3994 1524 4063 ὀσφὺν,
1572 3996 1664 4048 καὶ
1695 3994 1756 4047 τὸ
1789 3994 1950 4067 πρόσα

376 4093 527 4132 ωπον
552 4078 735 4150 αύτῶν
753 4078 827 4141 ὡς
848 4080 1171 4150 πρόσκαυμα
1191 4079 1414 4151 χύτρας.
1445 4100 1463 4132 ι
1494 4082 1747 4136 Βούλεται
1774 4084 1949 4136 εἰπεῖν

389 4167 465 4219 ὅτι
493 4166 755 4230 ποικίλοις
788 4169 854 4219 ὲκ
881 4166 987 4221 τῶν
1016 4168 1286 4237 πολεμίων
1318 4169 1807 4240 περιϐληθήσονται
1838 4174 1948 4234 τοῖς

390 4260 570 4320 κακοῖς
599 4258 672 4326 (p.
700 4258 828 4327 '5“)
854 4259 1285 4328 ὲκτιναττόμενοι
1311 4260 1404 4313 καὶ
1433 4259 1843 4331 ὲκϐραζόμενοι’
1870 4261 1949 4323 ὡς

390 4348 659 4412 παντελῶς
694 4348 792 4419 μὲν
818 4349 1000 4413 αὐτοῖς
1023 4351 1119 4420 τῆς
1151 4351 1389 4414 διανοίας
1418 4351 1706 4422 σϐεσθῆναι
1735 4353 1827 4405 τὸν
1860 4353 1948 4405 λο-

2045 3178 2180 3232 Nam
2203 3179 2371 3233 dictio
2399 3181 2671 3249 aggravati
2702 3189 2851 3247 sunt,
2878 3180 3019 3235 idem
3062 3178 3334 3249 significat
3357 3187 3519 3247 atque
3558 3177 3612 3231 in

2045 3267 2357 3340 Regnorum
2389 3270 2576 3327 libris:
2606 3275 2987 3343 «Aggravatum
3002 3278 3087 3325 est
3138 3268 3381 3337 przelium
3422 3278 3613 3321 contra

2048 3358 2264 3415 Saulem
2288 3360 2351 3424 η,
2377 3379 2396 3411 ι
2417 3368 2477 3414 ut.
2495 3360 2806 3424 denotetur,
2843 3361 2934 3412 illa
2967 3359 3307 3429 potissimum
3337 3367 3491 3425 parte
3531 3356 3611 3409 vi-

2046 3466 2134 3505 res
2162 3450 2398 3504 hostium
2422 3464 2544 3504 sese
2567 3450 2891 3505 intendisse.
2926 3449 3005 3502 Ita
3029 3448 3118 3501 hic
3145 3448 3308 3501 etiam
3337 3446 3611 3515 aggravati

2046 3552 2169 3595 sunt
2198 3542 2419 3605 dicitur,
2456 3551 2514 3594 ut
2556 3541 2945 3612 intelligamus,
2974 3539 3320 3608 potissimum
3369 3537 3609 3593 hostium

2048 3628 2288 3683 studium
2315 3629 2462 3681 circa
2491 3641 2622 3697 opes
2644 3641 2766 3681 esse
2801 3631 3097 3680 versatum.

2118 3809 2284 3865 Vens.
2301 3809 2387 3873 10,
2404 3810 2427 3863 1
2444 3809 2588 3861 1.-«
2609 3805 2876 3861 Excussio
2898 3812 2953 3859 et
2976 3802 3329 3865 rediscussio,
3350 3809 3405 3857 et
3418 3801 3614 3857 ebullic

2048 3902 2143 3967 tio,
2158 3908 2213 3955 et
2225 3899 2407 3956 cordis
2421 3896 2725 3953 confractio
2738 3905 2788 3951 et
2804 3909 3041 3967 genuum
3060 3893 3372 3958 dissolutio,
3390 3892 3610 3947 etdolo~

2047 4007 2134 4048 res
2150 3991 2390 4046 omnium
2407 4004 2619 4051 renum,
2647 3995 2701 4042 et
2718 3986 2887 4041 facies
2901 4000 3089 4039 eorum
3117 3993 3173 4038 ut
3197 3983 3565 4038 adustioollae.
3588 4001 3612 4033 ι

2050 4082 2327 4152 Significat
2365 4079 2481 4134 fore
2520 4087 2578 4132 ut
2609 4092 2704 4133 eos
2735 4076 2939 4130 inimici
2971 4076 3138 4130 variis
3164 4073 3402 4128 alliciant
3431 4072 3615 4131 malis,

2048 4174 2238 4231 crebro
2264 4172 2624 4233 excutientes,
2644 4176 2696 4223 et
2714 4168 3016 4238 ejicientes,
3037 4166 3111 4220 ita
3128 4173 3186 4221 ut
3210 4165 3523 4220 universum
3548 4162 3621 4218 iis

2047 4266 2423 4334 exstinguuntur
2474 4259 2671 4315 mentis
2717 4257 3085 4312 ratiocinium.
3151 4255 3369 4311 Timore
3430 4263 3613 4311 autem

2051 4370 2280 4409 enerves
2315 4368 2383 4407 ne
2422 4361 2570 4406 stare
2610 4350 2829 4419 quidem
2866 4349 3022 4402 facile
3068 4357 3342 4417 poterunt,
3377 4354 3430 4400 et
3460 4359 3611 4399 coma

390 4438 603 4508 γισμόν’
649 4439 1038 4510 ἐκλελυμένους
1069 4441 1123 4493 δὲ
1168 4442 1272 4494 ὑπὸ
1303 4440 1398 4495 τοῦ
1438 4442 1589 4506 δέους
1633 4444 1764 4517 μηδὲ
1820 4445 1941 4514 στῆο

2051 4444 2305 4498 munibus
2351 4442 2667 4511 quatientur
2699 4439 3028 4508 angoribus:
3069 4447 3229 4505 atque
3262 4442 3322 4488 ut
3376 4435 3616 4491 breviter

392 4547 473 4583 ναι
494 4530 756 4585 δύνασθαι
791 4531 1005 4602 ῥαδίως,
1039 4534 1097 4584 ἐν
1125 4532 1338 4597 ὀδύναις
1373 4552 1433 4587 τε
1468 4537 1672 4598 κοιναῖς
1707 4538 1950 4597 ἅπαντας

393 4617 544 4674 εἶναι·
574 4623 671 4676 καὶ
703 4623 980 4692 συντόμως
1000 4625 1480 4689 εἱπεῖν,τοιούτους
1508 4627 1573 4679 ὲκ
1600 4628 1700 4697 τῆς
1727 4627 1833 4680 τῶν
1857 4644 1953 4681 κα-

392 4713 495 4766 κῶν
527 4714 758 4784 ἀπορίας
787 4710 948 4781 εἶναι,
976 4716 1051 4778 ὠς
1080 4716 1242 4786 μηδὲν
1267 4717 1580 4771 ἀπεοικέναι
1612 4719 1954 4789 κεκαυμένης

392 4802 585 4873 χύτρας
618 4803 723 4857 ὑπὸ
757 4803 947 4873 πυρός.
974 4805 1084 4857 Καὶ
1109 4803 1270 4858 πάλιν
1299 4806 1389 4857 ἐπὶ
1417 4806 1516 4876 τὴν
1549 4807 1768 4878 μνήμην
1799 4807 1952 4876 ἄγων

392 4894 574 4958 αὐτοὺς
610 4896 712 4964 τῆς
742 4896 977 4959 παλαιᾶς
1011 4896 1353 4960 δυναστείαςο
1391 4914 1410 4947 ι
1446 4896 1557 4950 Ποῦ
1592 4896 1705 4950 ἔστι
1738 4898 1799 4950 τὺ
1824 4916 1952 4951 κατ-

392 4986 693 5056 οικητήριον
752 4985 865 5038 τῶν
909 4985 1139 5039 λεόντων
1201 4988 1293 5039 καὶ
1340 4986 1545 5058 ἠνομὴ
1594 4989 1626 5056 ή
1676 4982 1809 5040 οὖσα
1841 4991 1953 5051 τοῖς

395 5072 675 5142 σκύμνοιςς
720 5092 740 5125 ι
786 5073 946 5128 Ἀλλὰ
972 5074 1080 5146 γὰρ
1110 5074 1312 5145 οἴχεται
1338 5076 1394 5129 δὲ
1425 5076 1601 5129 αὐτῶν
1634 5077 1727 5129 καὶ
1759 5079 1791 5147 ή
1816 5078 1952 5148 νομὴ

395 5163 561 5216 πᾶσαν
596 5163 693 5216 καὶΙ
732 5164 841 5234 γὰρ
890 5163 1161 5235 σκύμνους
1211 5167 1272 5218 τὸ
1316 5168 1448 5220 αὐτὸ
1477 5168 1662 5235 λέγει,
1707 5169 1950 5220 τουτέστι

394 5253 508 5319 τοὺς
544 5254 791 5318 λέοντας·
828 5255 1076 5325 βούλεται
1122 5257 1178 5310 δὲ
1221 5260 1392 5311 εἰπεῖν
1434 5261 1515 5312 ὅτι
1546 5258 1715 5313 Πάλαι
1766 5261 1865 5329 μὲν
1895 5263 1942 5313 oi

394 5341 484 5410 τὴν
520 5342 722 5415 Νινευὴ
768 5345 1181 5410 κατοικοῦντες,
1224 5342 1449 5402 λεόντων
1482 5348 1636 5419 δίκην
1667 5345 1763 5420 ἦτε
1812 5353 1943 5403 πᾶσι

396 5433 498 5495 τοῖς
546 5433 750 5497 λοιποῖς
794 5435 1053 5507 φοϐεροὶ,
1102 5438 1194 5491 κα)⁸
1251 5446 1318 5492 τα
1358 5439 1688 5507 πανταχόθεν
1731 5442 1793 5493 ἐκ
1838 5442 1943 5493 τῶν

401 5521 637 5593 ιπολέμων
680 5524 1047 5598 λαμϐάνοντες
1087 5528 1363 5600 ἠθροίζετε

1416 5546 1488 5581 τα
1500 5530 1542 5597 ρ’
1586 5531 1810 5593 ἑαυτοῖς·
1855 5533 1944 5584 νῦν

497 5655 537 5687 ³⁸
561 5655 582 5710 1
619 5658 750 5730 Reg.
768 5675 916 5729 xxxi,
941 5662 993 5717 5.

2044 4537 2244 4598 dicam,
2271 4533 2436 4587 tantis
2463 4532 2531 4585 ob
2559 4532 2657 4585 has
2684 4529 2866 4583 clades
2893 4535 3208 4597 prementur
3237 4525 3613 4593 angustiis,,ut

2049 4625 2305 4681 ferventis
2331 4624 2399 4678 ab
2440 4623 2562 4691 igne
2611 4622 2730 4675 ollae
2772 4619 2914 4672 haud
2951 4616 3246 4672 dissimiles
3285 4614 3452 4668 visuri
3483 4615 3613 4670 sint.

2054 4737 2071 4768 ι
2105 4717 2334 4771 Ubinam
2364 4724 2445 4769 est
2472 4716 2687 4767 leonum
2718 4710 3113 4770 habitaculum,
3149 4716 3202 4761 et
3232 4720 3436 4776 pascua
3463 4712 3616 4758 catus

2049 4808 2265 4864 lorum?
2294 4827 2311 4858 ι
2343 4805 2506 4860 Periit
2532 4805 2748 4857 leonum
2782 4800 3174 4863 habitaculum,
3210 4807 3265 4852 et
3303 4797 3484 4850 omnia
3518 4809 3615 4863 pa-

2051 4914 2181 4953 scua
2212 4913 2422 4950 eorum.
2481 4894 2614 4948 Nam
2647 4892 2811 4947 catuli
2854 4892 3014 4946 iidem
3053 4897 3181 4945 sunt
3212 4897 3374 4957 atque
3408 4887 3611 4941 leones.

2052 4988 2335 5058 Significat
2369 4998 2572 5048 autem,
2608 4984 2829 5037 Ninives
2867 4983 2995 5035 olim
3035 4981 3243 5035 incolas
3271 4982 3485 5033 leonum
3532 4977 3616 5030 in-

2051 5091 2163 5132 star
2184 5077 2396 5131 eunetis
2423 5075 2635 5148 populis
2660 5075 2828 5129 fuisse
2853 5073 3144 5133 terribiles,
3167 5079 3221 5125 et
3252 5068 3615 5137 undequaquo

2050 5169 2205 5222 bellis
2240 5166 2343 5220 sibi
2371 5182 2501 5235 opes
2534 5180 2776 5235 parasse.
2833 5161 2989 5216 Nunc
3035 5176 3163 5216 vero
3207 5161 3368 5214 etiam
3401 5158 3609 5217 Ninivc,

2052 5260 2247 5329 inquit,
2278 5257 2645 5311 habitaculum
2677 5262 2920 5308 vestrum
2948 5254 3129 5322 periit,
3157 5252 3427 5321 simulque
3455 5250 3613 5319 quid-

2052 5351 2179 5421 quid
2226 5362 2388 5418 opum
2431 5347 2543 5400 illic
2591 5355 2748 5399 antea
2789 5352 3047 5413 congesta
3095 5344 3381 5398 habuistis.
3444 5360 3462 5393 ι
3492 5340 3612 5406 Quo

2053 5443 2184 5494 abiit
2220 5441 2323 5501 leo,
2377 5446 2437 5489 ut
2481 5435 2933 5505 ingrederetur?»
2974 5433 3142 5489 Valde
3171 5435 3273 5490 hoc
3299 5434 3606 5488 irridentcr.

2054 5533 2184 5586 Nam
2218 5530 2344 5601 quia
2388 5527 2591 5597 Assyrii
2631 5525 2903 5599 perpetuis
2946 5527 3001 5581 in
3046 5528 3201 5583 bellis
3254 5534 3452 5583 versati
3494 5524 3607 5580 tuc-
