4022 6138
433 271 535 327 419

1613 273 1962 332 ΤΙΙΕΟΒΟΠΙ
2005 274 2229 333 MOPSL'
2242 277 2482 334 ESTENI

3570 287 3671 348 420

433 409 498 448 eo
530 394 651 447 loco
680 391 868 447 urbem
893 392 1112 449 nomine
1137 392 1480 461 Ammonem,
1508 394 1685 467 deque
1713 400 1813 453 hac
1840 401 2000 455 modo

2103 402 2402 473 πεποίηκεν
2422 420 2435 434 ·
2466 404 2515 456 εἰ
2546 404 2621 476 μὴ
2659 404 2768 476 ἄρα
2803 422 2886 469 τις
2917 406 3093 459 ἐκεῖνο
3130 405 3273 476 λέγοι
3327 407 3410 461 ὅτι
3437 416 3529 467 καὶ
3569 410 3675 481 πρὸ

431 483 752 552 prophetam
785 483 961 552 loqui;
996 482 1265 552 profecto,
1301 487 1446 554 quod
1480 488 1755 557 szepejam
1790 491 1999 555 monui,

434 588 895 644 supervacaneam
928 574 1089 643 227
1114 588 1236 629 esse
1264 576 1502 631 arbitror
1525 593 1692 647 super
1724 579 1809 634 his
1842 580 2002 636 rebus

434 664 837 728 curiositatem;
860 663 1128 732 siquidem
1164 666 1298 719 nihil
1328 682 1390 721 ea
1418 667 1630 722 confert
1656 672 1721 723 ad
1760 669 1837 725 rei
1882 686 2004 740 pro-

435 756 627 822 posita:
650 754 1087 824 intelligentiam.
1117 756 1299 821 Quare
1327 758 1583 813 subtilior
1604 759 1671 813 de
1701 760 1787 815 his
1813 762 2003 831 dispu—

436 849 591 910 tatio,
633 859 773 898 vana
809 846 1101 900 ostentatio
1141 847 1448 912 hominum,
1479 850 1571 919 qui
1595 850 1768 905 videri
1813 852 2002 906 volunt

434 932 787 987 incertiorum
823 933 1066 988 locorum
1097 938 1319 990 nomina
1351 938 1721 1008 interpretari.
1757 939 1892 995 Illud
1917 951 2002 997 est

433 1024 576 1092 apud
627 1038 722 1077 eos
775 1022 1108 1088 fabulosius,
1157 1040 1279 1079 cum
1338 1026 1491 1080 aiunt
1550 1030 1617 1083 de
1663 1031 2002 1087 Alexandriae

431 1115 598 1169 exitio
628 1115 946 1184 prophetam
981 1117 1150 1185 loqui,
1178 1124 1234 1170 ut
1260 1118 1511 1174 ostendat
1537 1122 1613 1175 nil
1638 1125 1833 1178 mirum
1854 1139 1997 1189 esse,

433 1207 478 1260 si
509 1206 649 1261 idem
681 1222 897 1277 quoque
936 1208 1143 1263 Ninivaa
1174 1210 1454 1265 acciderit.
1501 1211 1688 1283 Neque
1732 1215 1875 1270 enim
1906 1230 2001 1271 so-

434 1297 534 1351 lari
581 1299 762 1354 verbis
799 1298 1027 1355 Niniven
1069 1302 1328 1371 propheta
1368 1304 1502 1357 vult.
1541 1303 1711 1362 Porro
1738 1308 1807 1363 ad
1855 1309 2002 1365 sola-

436 1404 556 1442 men
601 1390 853 1458 pertinet,
901 1392 1092 1447 aliena:
1142 1394 1476 1451 calamitatis
1526 1401 1998 1466 commemoratio,

431 1479 589 1547 quasi
637 1480 748 1533 haec
785 1481 943 1535 malis
986 1483 1287 1537 exercitum
1330 1497 1556 1542 recreet.
1611 1488 1818 1545 Revera
1868 1506 2002 1546 mte-

433 1576 551 1624 stos
584 1570 859 1624 consolari
896 1572 1139 1627 solemus
1168 1575 1445 1632 mentione
1474 1579 1623 1647 paria
1655 1579 1998 1650 patientium,

435 1675 504 1712 ne
536 1659 660 1727 plus
686 1675 843 1730 aequo
871 1662 1074 1717 animis
1107 1665 1419 1732 concidant,
1450 1670 1609 1737 quasi
1641 1670 1847 1740 aliquid
1879 1673 2002 1727 inu-

432 1749 578 1803 silati
629 1751 765 1820 ipsis
806 1752 1088 1808 acciderit.
1139 1755 1341 1809 Contra
1386 1733 1610 1814 omnino
1657 1733 1998 1831 exploratum
2033 1733 2074 1787 Β

431 1846 536 1899 est,
560 1841 881 1909 prophetam
912 1843 1195 1898 eventuris
1223 1842 1432 1901 Ninivaa
1470 1848 1627 1904 malis
1652 1857 1888 1907 veterem
1935 1853 2001 1908 il-

433 1930 541 1985 lius
599 1930 910 1985 felicitatem
961 1933 1296 2004 adjungere,
1353 1950 1461 2006 qua
1523 1939 1809 1998 calamitas
1882 1942 2001 2012 ejus

431 2020 842 2088 ceiuparatione
885 2024 1105 2092 gravior
1141 2025 1429 2082 evadebat.
1480 2026 1586 2083 Sed
1639 2030 1754 2087 haec
1808 2049 2002 2104 super-

432 2108 642 2162 ﬂuitate
687 2109 921 2180 quadam
974 2115 1248 2170 sermonis
1286 2115 1430 2170 dicta
1482 2125 1663 2173 sunto.
1707 2118 1837 2176 Loci
1871 2138 2002 2178 vero

435 2202 707 2257 sententia
727 2212 812 2257 est
840 2220 852 2256 :
892 2202 1054 2258 Venit
1098 2221 1273 2277 usque
1310 2208 1367 2263 in
1390 2207 1684 2281 Egyptum
1718 2212 1998 2286 Assyrius,

435 2293 605 2348 multa
636 2295 711 2348 ibi
742 2310 960 2366 quoque
992 2300 1132 2354 mala
1175 2303 1440 2371 patravit,
1471 2313 1525 2359 et
1550 2305 1767 2376 quidem
1811 2309 2021 2378 profu-,

432 2398 533 2453 gos
582 2384 712 2440 illuc
765 2385 1037 2445 lsraelitas
1085 2390 1395 2463 ibidemque
1441 2395 1700 2466 degentes
1747 2401 2001 2458 maximis

435 2478 794 2533 incommodis
816 2478 1020 2544 affecit,
1050 2490 1107 2536 ut
1140 2482 1310 2541 Oseas
1336 2487 1598 2556 propheta
1627 2490 1998 2547 demonstrat:

439 2586 459 2620 ι
499 2567 790 2639 PrOpterea
842 2586 971 2627 ecce
1030 2572 1239 2644 fugient
1276 2577 1345 2631 ab
1384 2577 1716 2634 adversitate
1756 2579 1997 2652 Egypti,

435 2657 662 2727 recipiet
693 2674 788 2714 eos
828 2659 1112 2729 Memphis,
1149 2665 1376 2734 sepeliet
1419 2679 1515 2720 eos
1556 2665 1833 2723 Maehmas
1867 2670 1928 2722 ⁸⁸.
1976 2689 1996 2723 ι

436 2747 719 2818 Significat
741 2766 862 2819 qua:
889 2752 957 2805 ab
983 2753 1226 2823 Assyriis
1253 2754 1545 2826 Egyptum
1580 2756 1841 2827 ingressis
1875 2776 2000 2831 per-

434 2841 649 2908 passuri
687 2848 844 2895 erant
868 2841 1084 2912 profugi
1128 2843 1408 2900 Israelita.
1442 2844 1618 2901 Sicuti
1648 2864 1779 2918 ergo
1810 2852 1865 2905 in
1900 2868 1999 2908 su-

432 2925 759 2993 perioribus,
800 2936 1086 2998 postquam
1116 2941 1435 3002 correptura
1467 2936 1721 3007 Assyrios
1752 2942 1892 2994 mala
1918 2957 1996 2998 re-

2103 495 2290 549 τούτου
2309 495 2463 561 πόλις
2489 493 2559 567 ἦν
2578 498 2763 551 αὐτόθι
2799 497 3024 569 Ἀμμὼν
3044 498 3329 571 λεγομένη,
3353 500 3482 571 περὶ
3515 496 3582 572 ἧς
3604 503 3675 554 τά

2102 585 2197 640 νῦν
2232 587 2261 640 6
2286 588 2567 659 προφήτης
2596 588 2788 658 φησίν·
2821 587 2956 641 ἀλλά
2982 587 3113 660 γάρ,
3152 589 3182 642 ὃ
3227 589 3485 654 πολλάκις
3514 590 3671 661 ἔφην,

2103 678 2362 749 περιττὴν
2393 674 2529 732 εἶναι
2558 679 2666 733 τῶν
2698 679 2954 734 τοιούτων
2989 679 3230 751 ἠγοῦμαι
3259 681 3359 752 τὴν
3389 682 3673 754 ἀκριϐολο-
3705 745 3720 766 ν

2102 767 2246 836 γίαν,
2268 769 2415 822 ὁπότ’
2448 770 2514 824 ἂν
2552 771 2717 841 μηδὲν
2746 773 2825 834 είς
2857 771 3162 841 φανέρωσιν
3180 775 3279 843 τῆς
3305 773 3673 845 προκειμένης
3723 768 3727 771 -
3752 789 3767 795 -

2104 859 2327 930 συντελῇ
2350 859 2604 925 διανοίας·
2627 860 2767 914 ὥστε
2791 863 2884 915 καὶ
2907 862 3161 927 ἐπίδειξίν
3189 880 3309 918 τινα
3341 866 3504 937 κενὴν
3530 861 3672 922 εἶναι

2102 950 2199 1021 τὴν
2242 952 2370 1022 περὶ
2409 952 2478 1005 τὰ
2515 951 2741 1006 τοιαῦτα
2788 953 3207 1026 ἀκριϐολογίαν,
3252 956 3341 1010 ἵνα
3372 957 3436 1028 δὴ
3469 958 3671 1013 δοκῶσι

2103 1041 2229 1103 τοὺς
2253 1041 2604 1113 άδηλοτὲρους
2624 1045 2743 1106 ταῖς
2766 1043 3082 1114 ὀνομασίαις
3101 1045 3423 1117 ἑρμηνεύειν
3445 1049 3667 1115 τόπους.

2106 1132 2516 1205 Μυθωδέστερον
2536 1134 2591 1187 δὲ
2616 1133 2693 1188 ἔτι
2712 1135 2772 1187 τὺ
2795 1136 2925 1206 παρ’
2950 1135 3128 1190 αὐτῶν
3151 1136 3545 1209 ).εγόμενον,ὃτι
3570 1142 3670 1212 τῆς

2117 1222 2513 1294 Ἀλεξανδρείας
2546 1223 2645 1292 τὴν
2682 1223 2957 1277 ἀπώλειαν
3002 1226 3030 1278 6
3059 1228 3342 1298 προφήτης
3382 1227 3561 1298 λέγει·
3591 1229 3668 1293 ὡς

2102 1313 2167 1366 ἂν
2209 1314 2432 1378 δείξειεν
2480 1315 2561 1367 ὅτι
2607 1314 2770 1385 μηδὲν
2808 1314 3155 1385 θαυμαστὸν,
3189 1319 3238 1370 εἰ
3280 1318 3378 1370 καλ⁹
3408 1319 3537 1393 περὶ
3571 1321 3670 1390 τὴν

2102 1403 2300 1474 Νινευή
2344 1422 2396 1457 τι
2433 1404 2623 1472 γέγονε
2675 1405 2914 1458 τοιοῦτο·
2965 1406 3026 1462 ού
3077 1406 3186 1476 γάρ
3225 1407 3571 1479 ψυχαγωγεῖν
3609 1413 3669 1464 ἐν

2100 1497 2213 1560 τοῖς
2239 1496 2418 1564 λόγοις
2443 1498 2472 1550 6
2505 1497 2791 1567 προφήτης
2821 1498 3076 1569 πειρᾶται
3103 1499 3202 1570 τὴν
3228 1500 3428 1572 Νινευή
3451 1516 3466 1532 ·
3490 1501 3670 1573 ψυχα-

2101 1584 2310 1654 γωγίας
2334 1586 2391 1639 δὲ
2416 1581 2485 1657 ἦν
2508 1587 2568 1640 τὸ
2597 1587 2800 1659 ἐτέρων
2831 1589 3116 1660 συμφορᾶς
3145 1591 3472 1661 μεμνῆσθαι,
3502 1592 3578 1657 ὡς
3600 1592 3667 1648 ἂν

2103 1681 2167 1733 ὲκ
2189 1677 2389 1748 ταύτης
2419 1679 2447 1730 ὁ
2488 1678 2769 1743 πεπονθὼς
2803 1681 3187 1752 παρακαλοὴο,
3227 1681 3510 1753 Εἰὼθαμεν
3534 1684 3669 1753 γοῦν
3764 1720 3773 1727 -

2101 1768 2188 1822 ἀεὶ
2222 1769 2349 1832 τοὺς
2378 1767 2705 1833 πενθοῦντας
2737 1773 2804 1842 τῇ
2848 1773 3035 1845 μνήμῃ
3065 1770 3139 1842 (p.
3174 1773 3300 1842 547)
3331 1775 3668 1840 παρακαλεῖν

2100 1856 2208 1910 τῶν
2236 1856 2458 1927 ὁμοίων,
2495 1857 2571 1920 ὡς
2600 1856 2666 1911 ἂν
2703 1858 2777 1930 μὴ
2812 1851 2952 1927 ἄγαν
2985 1859 3260 1931 άθυμοῐεν,
3296 1862 3479 1915 καινόν
3511 1880 3563 1916 τι
3597 1863 3669 1917 τὰ

2102 1950 2222 2002 κατ’
2265 1948 2465 2012 αὐτοὺς
2503 1948 2816 2018 νομίζοντες
2853 1945 3014 2004 εἶναι.
3062 1951 3385 2006 Τούναντίον
3426 1952 3527 2022 μὲν
3572 1949 3669 2007 οὖν

2101 2035 2188 2090 διὰ
2218 2036 2435 2091 πάντων
2462 2036 2619 2108 δῆλός
2661 2039 2809 2092 ἐστιν
2836 2040 2864 2092 6
2907 2040 3190 2111 προφήτης
3229 2043 3297 2113 τῇ
3335 2041 3527 2112 μηνύει
3554 2042 3668 2095 τῶν

2102 2127 2516 2197 π’ροσεσομὲνων
2539 2128 2606 2196 τῇ
2640 2127 2839 2199 Νινευη
2866 2128 3072 2192 κακῶν,
3107 2129 3207 2200 τὴν
3233 2130 3468 2184 παλαιάν
3494 2132 3669 2203 αὐτῆς

2104 2224 2389 2277 συνάπτων
2427 2223 2765 2294 εὐπραγίαν,
2804 2224 2898 2294 ἀφ’
2942 2218 3010 2294 ἧς
3042 2226 3105 2297 δὴ
3150 2225 3384 2294 μάλιστα
3429 2224 3489 2278 τὺ
3528 2240 3669 2294 συμ-

2102 2315 2286 2368 6αἴνον
2324 2315 2459 2386 αὐτῇ
2498 2315 2665 2368 κακὸν
2689 2316 3016 2383 αὐξάνεσθαι
3059 2315 3311 2386 ήμελλεν.
3354 2315 3514 2369 Ἀλλά
3554 2315 3666 2386 γάρ

2101 2406 2272 2462 ταῦτα
2312 2407 2409 2476 μὲν
2457 2405 2521 2458 ὲκ
2558 2405 2878 2476 περιουσίας
2928 2406 3165 2477 εἰρήσθω
3189 2423 3203 2437 ·
3234 2406 3262 2458 ὁ
3302 2406 3360 2459 δὲ
3395 2405 3518 2469 νοῦς
3553 2405 3667 2458 τῶν

2103 2495 2282 2567 ῥητῶν
2310 2489 2464 2554 οὗτός
2496 2495 2670 2547 ἐστιν·
2706 2493 3060 2562 Είσελήλυθεν
3092 2495 3218 2565 ἄχρι
3246 2495 3346 2565 τῆς
3385 2494 3666 2562 Αἰγύπτου

2101 2588 2129 2639 6
2163 2584 2466 2654 Ἀσσύριος.
2495 2583 2720 2636 πλεῖστα
2745 2584 2982 2647 καὶτοὺς
3007 2585 3192 2638 αὐτόθι
3216 2584 3471 2648 διατιθεὶς
3492 2585 3664 2646 κακὰ,

2102 2675 2243 2729 ὥστε
2283 2677 2376 2729 καὶ
2417 2677 2543 2739 τοὺς
2586 2674 2991 2743 ἐκπεφευγότας
3025 2675 3131 2729 τῶν
3182 2676 3525 2748 Ἰσραηλιτῶν
3569 2678 3667 2729 καὶ

2101 2764 2287 2819 αὐτόθι
2330 2764 2610 2833 διάγοντας
2645 2764 2924 2834 μεγίσταις
2958 2765 3271 2836 περιϐαλεῖν
3319 2768 3625 2837 συμφοραῖς
3646 2804 3664 2831 ,

2100 2856 2174 2919 ὡς
2211 2856 2239 2908 ὁ
2268 2855 2550 2926 προφήτης
2584 2853 2853 2908 δείκνυσιν
2910 2857 3099 2926 Ὠσηὲ·
3136 2877 3155 2907 ι
3205 2857 3303 2910 Διὰ
3346 2857 3503 2911 τοῦτο
3554 2857 3669 2910 ιδοῦ

2101 2948 2457 3021 πορεύσονται
2488 2950 2552 3001 ὲκ
2580 2946 2955 3018 ταλαιπωρίας
2987 2946 3287 3016 Αἰγύπτου,
3320 2948 3417 3000 καὶ
3449 2946 3669 3013 ἐκδέξε-

430 3017 639 3079 citavit,
689 3018 756 3071 ad
807 3017 960 3074 Judae
996 3021 1197 3075 tribum
1241 3024 1407 3077 verba
1461 3030 1750 3094 convertit,
1799 3030 2000 3101 jubens

2102 3017 2189 3095 ται
2210 3041 2406 3102 αὐτοὺς
2435 3039 2676 3110 Μέμφις,
2698 3041 2794 3092 xui.
2819 3038 2977 3106 θάψει
3005 3038 3203 3102 αὐτοὺς
3227 3037 3482 3109 Μαχμάς·
3522 3052 3539 3080 ι
3562 3033 3664 3103 οῆ-

430 3123 554 3163 cam
582 3108 781 3163 festum
809 3125 989 3180 agere,
1018 3119 1072 3167 et
1104 3128 1237 3183 pace
1265 3115 1319 3168 in
1353 3125 1628 3183 posterum
1662 3118 1790 3187 frui,
1826 3137 2003 3193 quan-

430 3198 723 3268 doquidem
755 3203 1061 3270 aggressuri
1092 3203 1213 3273 ejus
1266 3207 1538 3278 exstingui
1568 3212 1896 3283 contigerat;
1929 3215 2003 3269 ita

428 3295 488 3343 et
547 3304 697 3344 nunc
757 3291 826 3347 ad
891 3292 1211 3348 Ammonem
1256 3295 1489 3367 Algypti"
1539 3300 1728 3355 urbem
1788 3302 2002 3373 loquela

428 3394 694 3436 conversa
731 3381 810 3435 ait
842 3395 858 3435 :
901 3380 1064 3437 Sume
1086 3384 1376 3453 citharam,
1400 3388 1681 3460 multoque
1711 3406 1834 3447 cum
1868 3409 2002 3464 gau-

428 3470 523 3524 dio
554 3485 681 3539 para
717 3478 770 3526 te
813 3475 880 3527 ad
926 3474 1231 3530 canendum
1284 3477 1483 3536 fidibus
1528 3482 1737 3554 Assyrii
1772 3485 1999 3540 exitium

429 3572 689 3631 tuamque
733 3578 965 3633 pacem;
1018 3574 1079 3620 tu
1123 3582 1243 3637 qua:
1284 3570 1442 3639 aquis
1500 3574 1746 3644 undique
1791 3577 1997 3642 cincta,

430 3653 563 3707 mari
595 3652 885 3724 ﬂuviisque
914 3657 1135 3722 vallata,
1182 3660 1322 3717 nihil
1365 3661 1491 3717 inde
1524 3674 1768 3733 protecta
1815 3667 1999 3725 fueras

427 3745 494 3797 ab
520 3744 732 3816 Assyrii
779 3749 1128 3817 incursione;
1171 3767 1319 3808 nunc
1346 3755 1565 3810 demum
1596 3758 1853 3815 universa
1897 3762 1999 3816 tibi

427 3835 679 3892 maleficii
700 3838 768 3893 ab
793 3854 861 3894 eo
887 3841 1126 3910 patiendi
1156 3843 1389 3900 formido
1411 3848 1625 3902 sublata
1655 3859 1759 3907 est.
1790 3851 1994 3910 Deinde

425 3923 575 3979 addit
602 3939 617 3980 :

2097 3131 2187 3185 λον
2204 3130 2256 3184 δὲ
2270 3130 2410 3203 ἅπερ
2424 3131 2523 3184 ὑπὸ
2543 3128 2651 3183 τῶν
2676 3129 2969 3199 Ἀσσυρίων
3001 3128 3420 3200 εἰσεληλυθότων
3457 3129 3539 3190 εἰς
3563 3127 3668 3199 τὴν

2097 3223 2370 3289 Αἴγυπτον
2405 3221 2633 3289 πάσχειν
2667 3219 2900 3289 ἤμελλον
2930 3219 2981 3271 οἱ
3009 3220 3095 3272 ἐπ’
3130 3219 3298 3288 αὐτὴν
3323 3233 3668 3287 καταπεφευ-

2097 3310 2252 3380 γότες
2290 3308 2398 3361 τῶν
2443 3308 2808 3378 Ἰσραηλιτῶν.
2842 3309 3052 3379 Ὠσπερ
3079 3309 3260 3362 τοίνυν
3292 3310 3349 3362 ἐν
3386 3311 3498 3371 τοῖς
3525 3309 3667 3361 ἀνω·

2096 3402 2276 3472 τὲροις
2294 3398 2363 3453 τὰ
2382 3398 2801 3468 καταληψόμενα
2820 3401 2945 3461 τοὺς
2974 3399 3289 3471 ’Δσσυρίους
3305 3399 3476 3467 λέγων
3494 3397 3663 3459 κακά,

2096 3494 2188 3546 ἐπὶ
2210 3492 2299 3545 τὸν
2336 3490 2534 3544 Ἰούδαν
2563 3489 2869 3559 ἀπέστρεψε
2892 3489 2983 3543 τὸν
3006 3488 3182 3558 λόγον,
3210 3486 3486 3560 ἑορτάζειν
3514 3487 3671 3557 αὐτῷ

2096 3581 2330 3636 κελεύων
2376 3580 2450 3643 ὼς
2493 3581 2551 3632 ὲν
2598 3581 2785 3651 εἰρήνῃ
2834 3579 3136 3633 καθεστῶτι
3179 3579 3383 3643 λοιπὸν,
3433 3578 3513 3650 τῷ
3567 3579 3666 3631 τὸν

2096 3669 2462 3743 ὲπεληλυθότα
2496 3671 2633 3739 αὑτῇ
2678 3669 2934 3740 πολέμιον
2972 3669 3308 3743 ἀνῃρῆσθαι·
3345 3669 3487 3723 οὓτω
3528 3670 3666 3723 κάν-

2095 3760 2267 3815 ταῦθα
2305 3760 2396 3813 ἐπὶ
2442 3758 2539 3830 τὴν
2591 3758 2814 3830 Ἀμμὼν
2853 3759 3007 3813 πόλιν
3044 3756 3210 3814 οὖσαν
3247 3761 3350 3830 τῆς
3383 3760 3665 3828 Αἰγύπτου

2096 3853 2285 3926 τρέπει
2314 3851 2408 3904 τὸν
2430 3850 2610 3918 λόγον,
2656 3850 2748 3904 καί
2781 3864 2970 3922 φησιν·
3015 3851 3272 3906 ’Δνάλαὸε
3305 3852 3536 3923 κιθάραν
3566 3854 3667 3906 καὶ

2101 3944 2241 4015 μετὰ
2273 3942 2473 4012 πολλῆς
2502 3941 2601 4011 τῆς
2641 3941 2836 4011 ἡδονῆς
2873 3942 3290 4013 παρασκεύασαι
3324 3942 3414 3997 διά
3455 3942 3667 4014 ταύτης

422 4017 520 4072 τοῦ
551 4019 647 4089 μὲν
680 4019 825 4090 ᾅδειν
848 4022 945 4093 τὴν
967 4024 1259 4089 ἀπώλειαν,
1299 4028 1392 4081 σοῦ
1419 4030 1475 4082 δὲ
1496 4030 1595 4101 τὴν
1630 4033 1873 4106 εἰρήνην·
1914 4038 1947 4109 ἢ
1978 4039 2312 4109 πανταχόθεν
2336 4037 2487 4090 ὖδατι
2518 4034 2950 4106 περιϐεϐλημένη
2977 4036 3213 4107 θαλάττῃ
3238 4053 3296 4090 τε
3322 4037 3662 4109 ὠχυρωμένη

423 4112 519 4166 καὶ
546 4116 829 4182 ποταμοῖς,
859 4116 1048 4189 ὄνησαι
1073 4121 1138 4172 ὲκ
1161 4121 1366 4175 τούτων
1387 4123 1558 4188 οὐδὲν,
1585 4125 1661 4196 (ρ.
1684 4129 1810 4200 348)
1845 4133 2231 4198 ἐπεληλυθότος
2253 4133 2348 4186 τοῦ
2388 4131 2692 4201 Ἀσσυρίου·
2725 4129 2819 4183 νῦν
2850 4131 3030 4202 μέντοι
3054 4146 3117 4201 γε
3146 4132 3294 4185 πάσα
3319 4132 3420 4201 τῆς
3451 4130 3663 4184 ἐκείνου

422 4204 621 4266 κακίας
646 4206 858 4259 λέλυται
894 4223 975 4262 σοι
1015 4212 1048 4281 ἡ
1088 4212 1331 4267 ὑπόνοια.
1368 4210 1500 4268 Εἶτα
1530 4218 1747 4288 ἐπάγει·

495 4294 661 4365 228
682 4295 848 4351 Vsus.
879 4297 1028 4355 9-12.
1055 4331 1125 4343 —
1154 4320 1172 4354 ι
1210 4303 1490 4377 ,Είιιίορίιι
1522 4316 1684 4379 atque
1722 4311 1990 4385 Egyptus

2167 4312 2315 4383 Στίχ.
2346 4310 2509 4380 θ’-ιβ’.
2547 4338 2617 4348 —-
2645 4326 2664 4359 ι
2701 4307 2952 4365 Αἰθιοπία
2986 4310 3016 4379 ἡ
3057 4310 3208 4379 ἰσχὺς
3239 4310 3411 4380 αὐτῆς
3438 4313 3532 4366 καὶ
3562 4315 3665 4366 At.

430 4388 688 4441 fortitudo
726 4388 863 4457 ejus.
913 4389 1029 4444 Non
1071 4401 1157 4447 eat
1199 4398 1467 4455 terminus
1514 4400 1652 4472 fuga:
1698 4412 1821 4460 tute.
1856 4405 1996 4461 Phut

2099 4416 2315 4470 γυπτος,
2346 4398 2440 4451 καὶ
2472 4395 2652 4450 οὐκέτι
2685 4396 2859 4466 πέρας
2885 4396 2985 4466 τῆς
3014 4398 3192 4467 φυγῆς
3234 4416 3328 4452 σου
3352 4416 3367 4431 ·
3399 4402 3539 4455 thin
3564 4406 3662 4457 καὶ

423 4484 474 4529 et
508 4475 697 4548 Libyes
714 4481 1005 4537 auxiliares
1046 4484 1167 4553 ejus
1213 4496 1360 4542 sunt.
1401 4490 1519 4561 Ipsa
1564 4493 1616 4547 in
1662 4495 1998 4565 deportatio-

424 4582 544 4621 nem
593 4569 694 4623 ibit
734 4573 971 4640 captiva.
1008 4571 1271 4630 Parvulos
1305 4578 1477 4648 ipsius
1519 4585 1637 4637 solo
1672 4586 1893 4641 allident
1940 4589 1994 4641 in

422 4655 631 4708 viarum
663 4657 784 4725 ejus
816 4660 1105 4728 capitibus.
1143 4682 1161 4713 ι
1186 4663 1320 4719 Nam
1348 4676 1403 4721 et
1437 4670 1511 4734 hi,
1549 4672 1744 4741 inquit,
1778 4674 1993 4730 :Ethio-

421 4759 517 4811 pes
548 4753 602 4799 et
642 4745 834 4808 Libes.
882 4756 1175 4822 ceterique
1216 4771 1445 4824 quorum
1496 4764 1825 4818 mentionem
1867 4768 1992 4832 feci,

421 4834 626 4889 hedera
658 4844 837 4891 tecum
891 4840 1144 4902 inierant.
1175 4860 1351 4915 seque
1382 4848 1478 4903 tibi
1525 4851 1580 4904 in
1622 4855 1770 4907 omni
1802 4855 1993 4911 bellica

419 4928 750 4983 necessitate
790 4929 1077 4987 adfuturos
1105 4949 1440 5006 receperant.
1476 4939 1862 5001 Verumtamen
1907 4949 1994 5002 ni-

2090 4494 2285 4556 Λίϐυες
2301 4492 2552 4560 ἐγένοντο
2563 4487 2745 4560 βοηθοὶ
2754 4489 2943 4557 αὐτῆς·
2960 4492 3053 4543 καὶ
3068 4490 3205 4556 αὑτὴ
3221 4493 3300 4554 εἰς
3316 4496 3661 4563 μετοικεσίαν

2092 4586 2410 4658 πορεύσεται
2436 4583 2795 4654 αἰχμάλωτος,
2822 4583 2914 4635 καὶ
2935 4582 3004 4637 τὰ
3028 4584 3194 4654 νήπια
3213 4586 3386 4655 αὐτῆς
3412 4586 3662 4655 ἐδαφιοῦ-

2092 4695 2175 4731 σιν
2207 4678 2293 4730 ἐπ’
2318 4678 2512 4746 ἀρχαῖς
2540 4673 2646 4728 τῶν
2670 4673 2804 4727 ὁδῶν
2825 4673 3015 4743 αὐτῆς.
3053 4693 3069 4725 ι
3103 4676 3210 4728 Καὶ
3238 4676 3343 4749 γάρ
3372 4679 3464 4731 καὶ
3487 4672 3654 4741 οὗτοι,

2092 4770 2274 4838 φησὶν,
2331 4767 2582 4831 Αἰθίοπές
2628 4783 2689 4819 τε
2732 4767 2827 4819 καὶ
2882 4766 3078 4830 Λίϐυες
3111 4768 3204 4821 καὶ
3249 4770 3450 4834 πάντες
3489 4771 3553 4842 δὴ
3580 4768 3659 4827 ὧν

2090 4858 2390 4928 πεποίημαι
2437 4859 2676 4927 μνήμην,
2726 4857 3042 4927 συμμαχίαν
3085 4858 3266 4913 ἔθεντο
3303 4860 3439 4932 πρὸς
3497 4862 3558 4916 σὲ
3597 4866 3655 4917 ὲν

2091 4950 2328 5012 ἁπάσαις
2369 4948 2577 5017 βοηθεῖν
2607 4948 3063 5018 ἐπαγγελλόμενοί
3093 4966 3174 5003 σοι
3203 4955 3321 5015 τιτς
3348 4953 3616 5022 ἀνάγκαις
3638 4970 3651 4984 °

419 5015 495 5070 hil
524 5019 646 5090 opis
677 5020 805 5075 hinc
849 5024 1123 5092 retulisti;
1153 5026 1395 5099 dumque
1426 5030 1608 5102 fugam
1661 5043 1990 5104 maturares,

2099 5015 2459 5110 :bpélnsatbe
2482 5039 2600 5091 οὐδὲ
2642 5039 2749 5092 ἀπὸ
2776 5015 2978 5093 τούτων
3004 5040 3176 5106 οὐδὲν,
3222 5046 3352 5115 περὶ
3378 5015 3558 5117 φυγήν
3592 5015 3653 5100 τε

419 5117 580 5178 capta
610 5127 672 5168 es
700 5113 942 5170 hostium
969 5119 1225 5176 manibus
1243 5128 1298 5176 et
1323 5123 1597 5195 abducta;
1628 5128 1721 5197 qui
1748 5144 1881 5186 sane
1922 5146 1989 5185 ne

2099 5129 2455 5201 ἱσχολουμὲνη
2506 5130 2598 5183 καὶ
2650 5130 2991 5199 αἰχμάλωτος
3045 5133 3176 5196 ταῖς
3379 5113 3653 5206 πολεμίων
3718 5126 3722 5129 ’

421 5200 767 5265 parvulorum
788 5204 1012 5275 quidem
1044 5214 1262 5265 tuorum
1288 5212 1520 5278 miserti,
1550 5219 1833 5275 exanimes
1858 5222 1991 5291 abji-

2099 5200 2405 5291 ὶπαγομένη
2446 5221 2652 5291 χερσὶν,
2683 5220 2733 5273 οἶ
2775 5221 2895 5274 οὐδὲ
2946 5222 3057 5275 τῶν
3100 5224 3310 5293 νηπίων
3345 5225 3457 5279 τῶν
3501 5200 3653 5298 παρὰ

416 5286 566 5343 cient
612 5293 816 5359 passim
864 5297 921 5351 in
970 5301 1248 5372 compitis,
1300 5305 1453 5359 vario
1502 5308 1731 5363 ctedium
1790 5286 1987 5382 genere

2099 5313 2165 5365 τοὶ
2193 5286 2360 5382 ιρειδὼ
2393 5286 2753 5382 ποιησάμενοι
2787 5313 3076 5383 ἐρρίφασιν
3122 5286 3264 5368 add
3296 5315 3466 5384 νεκρὰ
3510 5286 3652 5371 κατὰ

416 5388 691 5478 caecatos.
741 5382 969 5441 Constat
1008 5400 1191 5446 autem
1252 5395 1338 5450 hic
1380 5395 1669 5470 Etltiopns
1714 5401 1821 5456 diri
1874 5419 1982 5458 non

2099 5405 2259 5457 πᾶσαν
2306 5403 2425 5457 ὁδὸν
2462 5382 2827 5473 πολυτρόποις
2856 5382 3219 5471 ίὺποεαλόντες
3259 5382 3509 5478 σφαγαῖς.
3546 5408 3637 5463 Eli-

417 5463 539 5521 illos
569 5467 729 5538 longe
756 5471 1004 5543 dissitas,
1028 5480 1122 5536 sed
1155 5484 1247 5552 qtti
1277 5463 1703 5568 Egyptiis-sunt
1743 5490 1981 5548 finitimi.

2099 5495 2236 5555 ἱηλον
2264 5495 2321 5548 δὲ
2350 5494 2432 5548 ὅτι
2458 5463 2718 5559 Αἰθίοπας
2739 5463 2812 5548 οὐ⁷
2828 5497 2953 5559 τοὺς
2980 5497 3169 5569 πόρρω
3198 5463 3654 5571 ἀπῳκισμέ-

527 5628 567 5658 ³⁸
590 5625 718 5682 Ose.
757 5644 830 5694 tr,
861 5632 913 5684 6.
