4022 6138
284 292 378 348 ιιι
1261 289 1809 348 COMMENTARIUS
1834 287 1902 341 IN
1949 287 2214 343 NAHUMI
2244 288 2398 345 CAP.
2435 287 2520 343 Ill.
3404 286 3511 341 £22

286 426 404 473 νους
428 407 604 478 φησιν,
629 405 771 461 ἀλλὰ
794 408 919 471 τοὺς
938 408 1093 470 ὅσους
1111 408 1341 480 ὁμόρους
1368 405 1506 463 εἶναι
1536 410 1847 462 συνέϐαινεν

1969 426 1972 456 ἱ
2008 408 2184 477 Super
2208 408 2468 477 praeclara
2497 420 2727 476 quaeque
2755 406 2874 475 eius
2904 404 3120 459 mittent
3155 413 3352 467 sortes,
3376 419 3513 459 eun-

290 500 610 566 Αἰγυπτίοις.
653 518 672 549 ι
714 502 827 552 Καὶ
862 502 955 554 ἐπὶ
997 501 1172 553 πάντα
1214 500 1281 553 τὰ
1318 498 1502 565 ἔνδοξα
1552 501 1721 570 αὐτῆς
1752 498 1849 567 βα-

1969 498 2128 566 rtique
2159 498 2451 567 optimates
2477 498 2599 567 ejus
2632 498 2863 553 manicis
2895 497 3222 551 vincientur.
3258 514 3277 548 ι
3316 493 3511 550 Omnia

289 592 461 645 λοῦσιν
512 591 771 661 κλήρους,
824 592 920 644 καὶ
965 592 1166 654 πάντες
1208 591 1260 644 οί
1307 593 1631 661 μεγιστᾶνες
1680 592 1847 659 αὐτῆς

1970 588 2041 642 ibi
2066 589 2303 657 pretiosa
2325 588 2622 657 eripientes
2645 588 2851 651 hostes,
2876 595 3023 644 sorte
3044 591 3188 643 inter
3220 605 3279 644 se
3304 588 3510 644 divise-

288 681 591 751 δεθήσονται
619 682 987 751 χειροπέδαις.
1022 700 1042 734 ι
1072 684 1320 737 Ἀπαντα
1349 685 1446 754 μὲν
1471 685 1580 754 γὰρ
1604 684 1670 737 τὰ
1701 684 1850 754 παρὰ

1969 686 2098 739 ἰιιιι,
2133 686 2475 748 cunctosque
2514 680 2607 748 qui
2643 679 2787 748 apud
2812 689 2878 733 .te
2916 688 3197 749 potentatu
3237 680 3512 749 pollebant

289 774 370 826 σοὶ
389 773 544 843 τίμια
568 772 864 841 ἀφελόντες
888 774 939 826 ot
962 774 1207 844 πολέμιοι
1237 775 1572 845 διενείμαντο
1604 776 1702 845 κλή
1712 793 1843 847 ροις·

1969 772 2179 825 ιιιιιιίυἰε
2209 772 2438 840 injectis
2468 773 2521 825 in
2545 772 2915 841 captivitatem
2953 772 3352 827 abduxeruntu
3373 770 3436 825 Et
3453 780 3510 825 tu

289 862 375 915 καὶ
404 863 529 924 τοὺς
560 862 705 932 μέγα
741 863 799 915 δὲ
828 863 937 915 τῶν
963 865 1023 916 ὲν
1052 866 1134 917 σοὶ
1170 864 1428 918 δύνασθαι
1462 865 1850 935 νομιζομένους

1972 864 2504 928 ιιεϋι-ἱιὼιιιοίεηριιία
2527 864 2652 916 vino
2668 861 2979 931 signiﬁcare
3000 863 3340 932 punitionem
3373 861 3515 917 Scri-

288 952 623 1021 χειροπέδαις
644 953 974 1023 ἐμϐαλόντες
998 957 1090 1009 ἐπὶ
1120 957 1219 1026 τὴν
1248 957 1621 1026 αἰχμαλωσίαν
1645 954 1846 1011 εἷλκον.

1969 963 2108 1007 itura
2130 954 2288 1017 solet,
2308 955 2684 1025 gravissimam
2704 954 2781 1006 illi
2800 952 3153 1007 aitinnictum
3177 952 3239 1005 iri
3271 967 3511 1021 pinnam.

290 1047 360 1109 (p.
390 1042 537 1113 549.)
573 1061 592 1092 ι
629 1044 740 1096 Καὶ
780 1044 845 1096 σὺ
894 1044 1225 1116 μεθυσθήσῃ.
1259 1065 1279 1097 ι
1321 1047 1539 1117 Ἐπειδὴ
1583 1048 1674 1101 τὸν
1709 1044 1849 1102 οἶνον

1971 1055 2009 1098 tt
2031 1047 2167 1100 ebrii
2212 1047 2386 1100 instar
2420 1046 2547 1099 hinc
2596 1046 2724 1099 inde
2764 1047 3030 1101 obruatur
3068 1047 3510 1102 adversitatibus.

289 1133 375 1185 ὲπὶ
410 1135 680 1204 τιμωρίας
724 1134 1021 1202 λαμϐάνειν
1061 1136 1241 1200 εἰωθε,
1289 1136 1616 1207 βαρυτάτην,
1664 1140 1847 1209 φησιν,

1969 1156 1973 1187 ι
2010 1136 2071 1189 Et
2094 1137 2437 1204 despicieris.
2475 1157 2491 1186 ι
2523 1136 2679 1190 Nulla
2706 1139 2782 1191 tui
2816 1138 2955 1191 ratio
2979 1137 3287 1192 habebitur.
3317 1156 3335 1188 ι
3366 1138 3431 1190 Ει
3456 1146 3514 1190 ιιι

291 1224 572 1291 ὑπομένεις
596 1225 695 1293 τὴν
723 1228 992 1295 τιμωρίαν
1010 1241 1025 1258 °
1063 1227 1200 1280 ὥστε
1226 1228 1380 1299 δίκην
1412 1230 1698 1300 μεθύοντος
1725 1229 1851 1299 τῇδε

1969 1240 2161 1294 [nares
2187 1227 2282 1279 tibi
2308 1229 2551 1295 requiem
2581 1227 2649 1280 ab
2674 1228 2908 1283 inimicis
2930 1229 3057 1283 tuis.
3076 1227 3340 1297 iOptabis
3370 1228 3516 1280 leva-

293 1316 502 1366 κάκεῖσε
530 1316 973 1384 περιαντλεῖσθαι
996 1322 1106 1383 τοῖς
1133 1324 1342 1384 κακοῖς.
1383 1339 1401 1372 ι
1439 1322 1546 1375 Καὶ
1574 1322 1670 1392 ἔσῃ
1712 1339 1852 1392 παρ·

1969 1318 2095 1370 nine
2114 1318 2297 1387 aliquo
2319 1318 2585 1371 malorum
2614 1319 2797 1388 potiri,
2826 1334 2946 1388 qua!
2964 1319 3062 1372 tiLi
3089 1334 3155 1374 eo
3184 1327 3426 1387 tempore
3447 1318 3517 1370 ab

295 1405 591 1475 εωραμένη.
637 1426 656 1456 ι
690 1408 859 1474 Λόγος
913 1407 971 1460 δὲ
1015 1409 1189 1462 οὐδενὶ
1236 1413 1523 1481 γενήσεται
1558 1412 1667 1463 τῶν
1712 1412 1854 1465 κατὰ

1969 1407 2200 1461 testibus
2229 1408 2340 1462 tuis
2366 1406 2636 1461 accident.
2667 1425 2686 1457 ι
2723 1405 2923 1461 Omnes
2948 1408 3278 1461 munitiones
3308 1417 3414 1459 tua:
3438 1405 3516 1460 si-

295 1494 369 1545 σέ.
399 1513 418 1545 ι
454 1496 568 1549 Καὶ
606 1498 673 1549 σὺ
725 1496 984 1567 ζητήσεις
1038 1504 1234 1570 σεαυτῇ
1297 1502 1486 1556 στάσιν
1536 1502 1596 1568 ἐξ
1646 1503 1853 1574 ἐχθρῶν

1969 1508 2051 1550 :ut
2085 1507 2165 1552 tu.
2208 1516 2227 1548 ι
2265 1496 2443 1567 Eque
2490 1511 2555 1551 ac
2603 1506 2660 1551 tu
2700 1503 2961 1552 corruent
3004 1498 3185 1551 omnia
3231 1512 3354 1566 quae
3385 1497 3515 1550 olim

296 1600 400 1638 σου.
437 1604 457 1635 ι
503 1585 893 1658 Ἑπιθυμήσεις
934 1589 990 1642 δέ
1013 1608 1132 1643 τινα
1172 1591 1354 1644 ἄνεσιν
1394 1594 1502 1645 τῶν
1537 1594 1723 1647 κακῶν
1755 1595 1853 1650 λα-

1969 1594 2137 1647 μιιιριαι
2170 1600 2276 1644 tua
2316 1590 2492 1660 gratia
2526 1590 2771 1644 tenebas.
2819 1608 2837 1640 ι
2874 1588 3097 1642 Etiamsi
3144 1589 3516 1657 speculatores

292 1674 421 1737 δεῖν,
452 1676 626 1728 ὁπόσα
673 1677 736 1747 δή
786 1694 870 1730 σοι
914 1680 1063 1749 παρὰ
1106 1680 1214 1733 τῶν
1265 1682 1538 1752 πολεμίων
1574 1685 1713 1737 κατὰ
1762 1684 1853 1738 τὸν

1969 1684 2173 1746 tabent,
2202 1682 2564 1735 nihilominus
2580 1687 2851 1749 quassata:
2865 1688 3123 1734 corrueut
3150 1679 3203 1732 in
3233 1693 3294 1733 os
3318 1693 3516 1732 voran-

297 1766 473 1836 καιρὸν
499 1766 709 1820 ἐκεῖνον
732 1770 1029 1837 ἐπάγεσθαι
1054 1771 1252 1839 μέλλει.
1291 1790 1312 1824 ι
1347 1774 1532 1830 Πάντα
1557 1775 1626 1828 τὰ
1648 1774 1851 1847 ὀχυρώ-

1969 1774 2045 1829 .is.
2088 1794 2106 1825 ι
2145 1773 2445 1829 Conaberis
2466 1773 2684 1841 quidem
2706 1772 2892 1825 multis
2921 1770 3361 1840 exploratoribus
3380 1784 3517 1824 ven-

299 1856 436 1923 ματα
460 1872 553 1908 σου
582 1857 660 1919 ὡς
690 1858 773 1910 σύ.
811 1878 831 1910 ι
862 1860 1305 1931 Καταλυθὴσεται
1322 1863 1431 1934 γὰρ
1456 1866 1849 1937 παραπλησίως

1969 1882 2077 1920 ,ura
2109 1879 2467 1935 pranoseere,
2500 1864 2685 1919 statim
2732 1879 2794 1917 ac
2827 1864 3277 1932 propinquantem
3310 1861 3518 1916 hostem

298 1960 373 1995 σοι
403 1946 579 1998 πάντα
609 1948 781 2000 ὁπόσα
817 1950 881 2019 δὴ
916 1952 1051 2020 πρὸς
1079 1954 1376 2020 ἀσφάλειαν
1412 1956 1612 2010 οἰκείαν
1655 1959 1848 2028 πρότε-

1969 1958 2195 2014 Iudieris
2215 2000 2229 2024 ,
2264 1957 2359 2013 sed
2387 1964 2569 2009 tamen
2609 1945 2907 2010 custodum
2938 1954 3124 2007 nullus
3158 1951 3372 2005 fruetus
3393 1955 3517 2011 erit.

299 2052 384 2105 ρον
406 2032 569 2106 εἶχες.
604 2056 623 2088 ι
654 2039 763 2091 Καὶ
796 2044 1030 2106 σκοποὺς
1065 2042 1247 2113 ἔχουσι
1278 2046 1373 2100 ἐὰν
1396 2048 1718 2113 σαλευθῶσι,
1755 2053 1852 2105 καὶ

1969 2064 2192 2118 namque
2216 2049 2285 2102 ab
2306 2047 2591 2117 imperatis
2620 2046 2955 2101 stationibus
2981 2043 3177 2113 deiecti
3203 2043 3258 2097 in
3281 2042 3518 2107 hostium

301 2127 580 2180 πεσοῦνται
628 2131 708 2192 είς
762 2131 935 2201 στόμα
982 2133 1269 2198 ἐσθίοντος.
1309 2156 1328 2187 ›
1363 2138 1607 2211 Ηειράσῃ
1651 2141 1715 2211 δὴ
1762 2143 1850 2196 διὰ

1969 2148 2276 2213 potestatem
2303 2138 2563 2193 incident.

301 2216 499 2270 πολλῶν
529 2219 862 2273 ἀποσκοπεῖν
888 2222 955 2274 τὰ
999 2225 1250 2294 ἐσόμενα,
1301 2229 1468 2283 ἐπειδ’
1536 2231 1604 2284 ἆν
1641 2236 1742 2303 τῆς
1785 2234 2088 2306 παρουσίας
2133 2230 2241 2285 τῶν
2290 2230 2564 2301 πολεμίων
2611 2228 2738 2298 δέξῃ
2793 2229 2893 2297 τὴν
2944 2227 3146 2296 ἀκοήν⁸
3198 2227 3250 2278 oi
3293 2225 3349 2278 δὲ
3395 2225 3520 2295 ὀνή-

303 2314 444 2366 σουσί
475 2329 533 2365 σε
567 2314 719 2367 οὐδέν
744 2335 756 2345 ·
790 2318 1148 2387 ἐκτραπέντες
1181 2322 1288 2393 γάρ
1318 2324 1426 2377 τῶν
1451 2326 1850 2397 ιντεταλμένων
1881 2328 2168 2382 πεσοῦνται
2194 2325 2297 2379 ὑπὸ
2318 2325 2432 2388 τοῖς
2459 2322 2753 2393 πολεμίοις.

370 2490 513 2561 Στξχ.
546 2499 742 2559 ιγ’-ις’.
786 2512 805 2544 ι
853 2494 982 2547 Ἰδοὺ
1016 2495 1140 2559 λαός
1167 2514 1259 2549 σου
1287 2499 1360 2560 ὡς
1388 2501 1644 2566 γυναῖκες
1666 2500 1725 2553 ἐν
1756 2500 1859 2553 σοίο

307 2582 411 2641 τοῖς
459 2581 669 2653 ἐχθροῖς
716 2599 810 2637 σου
848 2584 1192 2656 ἀνοιγόμεναι
1241 2589 1650 2659 ἀνοιχοήσονται
1701 2589 1864 2644 πύλαι

309 2670 401 2740 τῆς
422 2674 517 2743 γῆς
538 2689 651 2739 σου,
670 2675 764 2728 καὶ
779 2678 1149 2745 καταφάγεταί
1178 2678 1288 2748 πῦρ
1307 2681 1429 2741 τοὺς
1454 2679 1681 2748 μοχλούς
1707 2696 1818 2733 σου.
1842 2698 1861 2730 ι

316 2764 510 2827 “ius;
547 2782 653 2830 σου,
694 2768 879 2837 φησὶν.
932 2769 983 2821 ot
1016 2770 1157 2823 κατὰ
1189 2771 1284 2839 τὴν
1314 2771 1466 2824 πόλιν
1516 2772 1746 2841 ὑπήκοοι
1771 2788 1868 2840 γυ-

326 2855 507 2907 ναικῶν
549 2856 690 2928 δίκην
748 2859 809 2911 ὲν
854 2859 1132 2927 ὀλολυγαῖς
1189 2862 1504 2931 γενήσονται
1562 2864 1655 2916 καὶ
1719 2863 1857 2916 δεξί’

320 2946 473 2998 ἐπειᾶ
509 2946 571 3000 ἂν
602 2947 699 3011 τὰς
740 2948 841 3019 μὲν
881 2949 1053 3013 πύλας
1087 2951 1190 3003 ὑπὸ
1221 2951 1328 3004 τῶν
1364 2952 1633 3022 πολεμίων
1681 2953 1862 3007 ἴδωσιν

313 3037 632 3103 ἀνοιγείσας·
679 3038 1095 3109 κεκρατημένην
1135 3040 1189 3092 δὲ
1238 3040 1328 3092 ὑπ’
1362 3041 1537 3094 αὐτῶν
1580 3040 1678 3110 τὴν
1711 3040 1864 3094 πόλιν

316 3125 477 3194 πάσης
505 3128 603 3196 τῆς
633 3129 893 3198 πρότερον
918 3130 1053 3199 αὐτῇ
1081 3129 1338 3199 δοκούσης
1372 3130 1666 3198 ἀσφαλείας
1694 3148 1862 3201 προσ-

315 3216 437 3267 εῖναι
476 3216 551 3279 ὡς
601 3216 707 3269 ὑπὸ
757 3218 928 3287 πυρὸς
974 3216 1165 3286 ἁθρόον
1200 3218 1584 3289 ἁναλωθείσης,
1623 3219 1698 3290 (p.
1735 3220 1860 3289 550)

322 3325 339 3354 ι
373 3307 549 3376 ’Υϐωρ
575 3309 835 3377 περιοχῆς
863 3310 1161 3363 ὲπίσπασαι
1201 3313 1422 3380 σεαυτῇ.
1462 3311 1556 3364 καὶ
1583 3313 1861 3383 κατακρά-

317 3413 461 3466 τησον
488 3400 593 3452 τῶν
619 3399 985 3470 ὀχυρωμάτων
1022 3417 1132 3453 σου.
1171 3419 1188 3451 ι
1216 3401 1434 3464 Πολλοῖς
1458 3402 1575 3462 ἔθος
1600 3403 1716 3455 ἐστὶ
1760 3404 1862 3473 πρὸ

318 3491 411 3542 τῶν
443 3491 633 3560 τειχῶν
657 3492 892 3561 τάφρους
920 3490 1241 3561 ἐργάζεσθαι
1278 3492 1557 3561 μεγίστας,
1589 3492 1681 3545 καὶ
1727 3493 1863 3562 πλη-

320 3577 430 3645 ροῦν
462 3579 662 3641 ταύτας
688 3579 898 3641 ὕδατος,
925 3580 998 3641 ῶς
1028 3580 1100 3651 μὴ
1132 3580 1315 3650 ῥᾳδίαν
1348 3582 1438 3635 ἐπὶ
1464 3582 1531 3636 τὰ
1576 3582 1728 3652 τείχη
1756 3585 1865 3644 τοῖς

317 3666 575 3736 στολεμίοις
615 3663 756 3720 εἶναι
794 3668 891 3737 τὴν
921 3667 1185 3722 διάϐασιν.
1219 3670 1388 3722 Τοῦτο
1422 3664 1513 3723 οὖν
1548 3668 1695 3736 λέγει
1738 3669 1866 3721 κάν-

317 3755 500 3810 ταῦθα·
536 3759 641 3816 ὅτι.
672 3757 993 3826 Ἐ’ρέλκυσαι
1021 3758 1120 3828 τὴν
1157 3762 1219 3812 ἐκ
1248 3758 1339 3813 τοῦ
1370 3758 1560 3822 ὓδατος
1592 3758 1864 3829 βοήθειαν,

316 3850 399 3900 καὶ
426 3849 680 3919 περίϐαλε
707 3849 881 3920 τούτῳ
901 3849 960 3902 τὸ
985 3854 1156 3921 τεῖχος
1184 3851 1245 3903 τὺ
1274 3853 1493 3914 οἰκεῖον,
1527 3851 1622 3904 καὶ
1650 3849 1867 3903 πάντων

314 3939 412 3991 τῶν
460 3942 538 4003 είς
586 3941 890 4009 ἀσφάλειάν
939 3958 1019 3995 σοι
1064 3942 1494 3995 κατεσκευάσθαι
1546 3942 1866 4006 δοκούντων.

318 4030 500 4101 πολλὴν
526 4031 750 4102 ποίησαι
785 4032 883 4099 τὴν
920 4032 1252 4101 ἐπιμέλειαν,
1280 4032 1334 4083 εἶ
1364 4031 1465 4084 πού
1495 4048 1545 4083 τι
1573 4032 1638 4084 ἐκ
1667 4030 1868 4085 τούτων

317 4119 494 4185 δρελος
540 4121 738 4185 δέξαιο.
783 4122 941 4188 Λέγει
988 4121 1042 4173 δὲ
1082 4120 1217 4173 αὐτὰ
1249 4119 1544 4190 εἰρωνικῶς
1576 4121 1866 4193 διασύρων,

316 4209 384 4270 ὡς
432 4210 601 4262 οὐδενὶ
641 4210 949 4280 βοηθεῖσθαι
998 4213 1116 4263 κατ’
1148 4213 1349 4263 ἐκεῖνον
1377 4212 1465 4265 τὸν
1513 4213 1700 4283 καιρὸν
1744 4215 1870 4268 οἴων

320 4317 371 4351 τε
408 4302 590 4354 ὄντων.
638 4302 860 4369 Ἐπάγει
892 4302 1052 4370 γοῦν·
1104 4323 1121 4353 ι
1171 4303 1409 4372 Ἕμϐηθι
1437 4306 1514 4365 είς
1547 4305 1734 4372 πηλὸν,
1780 4305 1872 4358 καὶ

324 4393 689 4463 συμπατήθητι
721 4394 779 4446 ἐν
812 4394 1030 4465 ἀχύροις
1051 4412 1063 4425 ·
1099 4394 1511 4465 κατακράτησον
1542 4396 1679 4467 ὑπὲρ
1720 4397 1871 4448 πλίν-

323 4482 437 4533 ὓονο
473 4486 588 4537 ἐκεῖ
615 4484 991 4552 καταφάγεταί
1030 4501 1088 4536 σε
1121 4484 1251 4555 πῦρ,
1282 4484 1647 4555 ἐξολοθρεύσει
1682 4504 1739 4538 σε
1772 4487 1872 4555 μά-

2030 2502 2194 2559 Vsns.
2236 2501 2436 2556 13-16.
2473 2528 2544 2541 —-
2588 2498 2764 2554 «Ecce
2799 2500 3030 2569 populus
3088 2506 3217 2553 tuus
3258 2504 3522 2567 tanquam

1961 2592 2176 2649 feminae
2192 2592 2333 2664 apud
2360 2600 2432 2647 te.
2468 2590 2727 2646 Hostibus
2758 2591 2866 2644 tuis
2900 2590 3150 2659 pateﬁent
3178 2588 3527 2659 porth

1962 2683 2198 2751 regionis
2233 2690 2366 2746 tuae;
2421 2680 2564 2749 ignis
2617 2679 2815 2733 aduret
2863 2689 3042 2733 vectes
3078 2688 3224 2733 tuos.
3253 2697 3273 2729 ι
3321 2678 3524 2731 Omnes

1962 2774 2055 2844 qui
2078 2772 2228 2827 dicto
2267 2779 2362 2825 tuo
2407 2770 2857 2839 obtemperabant
2892 2783 2988 2838 per
3022 2769 3208 2822 urbem
3244 2768 3415 2829 cives,
3448 2765 3528 2819 fe-

1962 2867 2235 2919 minarum
2284 2865 2391 2918 ritu
2439 2863 2739 2917 ululatibus
2766 2862 3125 2932 induigebunt
3152 2867 3316 2930 atque
3338 2858 3526 2912 formi-

1963 2954 2100 3018 dini,
2149 2954 2332 3009 statim
2377 2967 2440 3007 ac
2483 2962 2670 3021 portas
2702 2952 2951 3006 hostibus
2994 2958 3242 3020 patentes
3268 2949 3526 3014 viderint,

1963 3053 2288 3114 captamque
2322 3044 2390 3097 ab
2418 3044 2503 3098 his
2538 3042 2748 3105 urbem,
2797 3043 2953 3111 enjns
2994 3050 3149 3096 vetus
3196 3041 3374 3096 omnis
3410 3055 3528 3093 mu-

1966 3135 2102 3186 nitio
2129 3142 2386 3203 tanquam
2435 3134 2558 3203 igne
2603 3132 2788 3187 subito
2815 3142 3121 3187 evanescct.
3157 3150 3177 3183 ι
3197 3132 3402 3201 Aquam
3430 3129 3529 3184 ob-

1966 3225 2195 3279 sidionis
2242 3225 2455 3279 attrahe
2505 3224 2622 3288 tihi,
2672 3224 2857 3278 obtine
2910 3223 3316 3293 propugnacula
3366 3230 3521 3276 tua»

1969 3316 2258 3369 Multorum
2303 3332 2421 3370 mos
2451 3324 2534 3369 est
2582 3331 2691 3385 pne
2722 3316 2994 3370 mamilius
3030 3315 3213 3368 foveas
3262 3314 3529 3366 maximas

1962 3406 2197 3462 eifodere
2245 3421 2447 3475 easque
2488 3406 2646 3474 aquis
2690 3405 2980 3474 complere.
3030 3420 3095 3458 ne
3133 3405 3203 3458 sit
3244 3404 3529 3471 expeditus

1966 3497 2214 3552 hostibus
2242 3496 2307 3549 ad
2343 3496 2544 3550 mmnia
2580 3509 2854 3548 accessus.
2904 3494 2958 3547 ld
2993 3494 3178 3561 utique
3225 3507 3370 3545 nunc
3418 3492 3524 3545 ait:

1965 3586 2090 3641 Pete
2125 3587 2193 3639 ab
2238 3601 2374 3655 aqua
2409 3584 2744 3654 praesidium.
2784 3594 2943 3651 atque
2978 3582 3078 3635 hac
3115 3580 3394 3634 circumda
3417 3596 3532 3633 mu-

1966 3694 2084 3731 rum
2113 3685 2300 3737 tuum;
2335 3676 2578 3743 nihilque
2611 3689 2801 3727 eorum
2835 3672 3183 3741 praetermitte
3209 3686 3329 3739 quae
3349 3671 3533 3725 tutelm

1965 3767 2227 3836 prodesse
2251 3766 2535 3828 videntur;
2570 3766 2612 3816 si
2643 3763 2785 3815 forte
2817 3763 2943 3815 hinc
2984 3761 3189 3829 aliquid
3225 3762 3344 3829 opis
3372 3761 3535 3829 impc-

1967 3863 2317 3922 trarequeas.
2347 3851 2611 3920 Loquitur
2643 3865 2772 3904 vero
2809 3850 3015 3903 ironice
3064 3858 3119 3903 et
3162 3850 3531 3908 subsannans.

1967 3946 2223 4014 quoniam
2252 3944 2365 3998 lucc
2398 3943 2531 3997 nulli
2569 3943 2692 3997 usui
2713 3957 2808 4011 per
2838 3941 2887 3995 id
2909 3949 3122 4009 tempus
3152 3938 3334 3993 futura
3351 3949 3527 3993 erant.

1971 4037 2111 4108 Ergo
2138 4036 2289 4091 addit
2322 4055 2333 4089 :
2377 4055 2397 4087 ι
2419 4034 2703 4104 Ingredere
2755 4034 2950 4093 lutum,
2989 4032 3315 4085 eoneuleare
3348 4030 3403 4083 in
3439 4044 3536 4100 pa-

1969 4129 2088 4189 leis,
2122 4128 2381 4181 roborare
2412 4141 2575 4194 super
2601 4126 2821 4179 laterem
2847 4142 2859 4176 :
2884 4124 2956 4175 ibi
2984 4122 3199 4175 vorabit
3219 4129 3272 4174 te
3295 4119 3536 4185 ﬂamma,

1973 4219 2160 4291 perdet
2194 4227 2245 4272 te
2274 4217 2506 4287 gladius,
2542 4218 2790 4271 comedet
2815 4224 2865 4270 te
2894 4214 3052 4284 quasi
3081 4214 3316 4275 locusta,
3340 4226 3536 4282 grava-

1974 4316 2121 4371 beris
2156 4322 2211 4367 ut
2242 4314 2509 4368 bruchus.
2548 4312 2920 4380 Multiplieasti
2967 4310 3365 4379 negotiationes
3413 4315 3540 4360 tuas

1973 4421 2138 4475 super
2184 4412 2331 4459 astra
2382 4404 2527 4458 coeli.
2568 4422 2586 4453 ι
2626 4401 3016 4456 Verumtamen
3073 4400 3221 4453 nulla
3272 4411 3400 4452 tunc
3440 4398 3536 4451 tibi

1975 4497 2039 4551 ad
2078 4497 2305 4552 salutem
2341 4494 2672 4547 machinatio
2708 4494 2979 4563 proderit;
3034 4492 3142 4544 imo
3171 4490 3335 4543 veluti
3372 4490 3423 4541 in
3456 4489 3538 4541 lu-

325 4593 502 4645 χιιρα·
542 4577 635 4629 καὶ
674 4575 1048 4643 καταφάγεταί
1092 4593 1147 4628 σε
1195 4577 1270 4638 ὡς
1315 4576 1496 4645 ἀκρὶς.
1544 4577 1635 4628 καὶ
1673 4576 1868 4647 βαρυν-

1976 4598 2087 4642 tum
2119 4587 2173 4639 in
2219 4587 2485 4639 malorum
2526 4585 2844 4639 barathrum
2882 4583 3114 4642 incides,
3168 4591 3219 4634 et
3267 4581 3538 4649 palearum

327 4663 451 4736 θήσῃ
476 4666 550 4727 ὡς
580 4664 806 4735 βροῦχος
825 4680 839 4694 ·
864 4663 1165 4734 ὲπλήθυνας
1201 4664 1466 4733 ἐμπορίας
1494 4681 1585 4716 σου
1630 4666 1769 4733 ὑπὲρ
1812 4666 1878 4718 τὰ

330 4753 482 4824 ἄστρα
528 4756 623 4809 τοῦ
668 4756 920 4827 οὐρανοῦ.
966 4776 984 4808 ι
1036 4756 1173 4809 Ἀλλ’
1215 4756 1365 4809 οὐδὲν
1415 4755 1564 4808 ἔσται
1616 4774 1697 4808 σοι
1747 4758 1879 4827 πρὸς

332 4850 584 4919 σωτηρίαν
651 4848 954 4919 μηχάνημα
1017 4850 1170 4902 τότε’
1234 4848 1543 4901 τούναντίον
1615 4850 1713 4917 μὲν
1766 4846 1877 4909 οὖν,

296 4935 499 5008 ῶσπερ
556 4942 635 5001 είς
681 4957 802 4992 τινα
854 4939 1024 5009 πηλὸν
1071 4940 1319 5009 ἐμπέσῃ,
1366 4939 1426 4990 τὸ
1478 4939 1705 5007 μέγεθος
1772 4939 1878 4991 τῶν

331 5032 516 5096 κακῶν,
544 5033 701 5102 δίκην
733 5030 950 5102 ἀχύρων
977 5032 1033 5083 ἐν
1061 5032 1271 5100 ποιήσει
1300 5029 1535 5081 πλίνθων
1562 5046 1873 5097 συμπατου-

332 5125 486 5192 μένων
511 5144 570 5179 τε
599 5127 694 5180 καὶ
737 5126 1257 5195 συναναιρυρομένων
1302 5123 1381 5193 τῷ
1424 5123 1578 5194 πηλῷ
1624 5126 1680 5175 ὲν
1710 5125 1877 5177 ἅπασι

328 5225 422 5285 τοῖς
451 5226 568 5277 τότε
608 5225 909 5296 φυρόμενος
935 5223 1122 5282 κακοῖς
1151 5223 1243 5273 καὶ
1269 5221 1430 5282 αὑτός
1448 5241 1460 5252 ο
1489 5219 1749 5273 ἀναλώσει
1785 5222 1879 5290 μὲν

329 5319 422 5387 γάρ
465 5338 522 5374 σε
568 5321 726 5391 δίκην
779 5317 951 5388 πυρὸς
998 5319 1026 5369 ὀ
1082 5314 1372 5384 πολέμιος·
1436 5315 1781 5386 ἁφανισθὴσῃ
1824 5315 1880 5367 δὲ

1975 4678 2149 4731 instar
2179 4690 2318 4745 qum,
2357 4691 2481 4728 cum
2514 4676 2711 4730 lateres
2761 4672 3150 4732 coniiciuntur,
3204 4670 3540 4725 conculcan-

1976 4777 2065 4821 tur
2095 4774 2147 4821 et
2178 4769 2294 4820 luto
2327 4766 2726 4829 immiscentur,
2775 4765 3031 4817 omnibus
3078 4763 3222 4816 illius
3283 4762 3542 4828 temporis

1974 4862 2132 4914 malis
2172 4871 2225 4915 et
2258 4862 2372 4929 ipse
2406 4860 2871 4914 eommisceberis.
2920 4857 3129 4926 Quippe
3184 4856 3325 4924 ignis
3372 4854 3545 4905 instar

1975 4952 2224 5005 absumet
2255 4957 2306 5003 te
2336 4950 2545 5015 hostis;
2586 4948 2825 5001 caedibus
2858 4946 3025 4999 variis
3068 4945 3267 5013 peribis
3301 4960 3315 4997 :
3348 4940 3543 4995 bruchi

1980 5050 2036 5096 et
2065 5042 2290 5095 locusue
2320 5055 2469 5093 more
2514 5038 2862 5108 superveniet
2903 5037 2999 5089 tibi
3045 5035 3281 5087 hostium
3326 5044 3543 5100 agmen,

1987 5134 2079 5203 qui
2116 5141 2167 5185 te
2189 5140 2531 5193 consument,
2572 5130 2937 5197 acerbumque
2978 5126 3071 5178 tibi
3107 5124 3369 5178 malorum
3420 5136 3547 5176 sen-

1989 5239 2108 5277 sum
2146 5222 2383 5277 efticient
2413 5239 2426 5274 :
2451 5221 2640 5274 otiosre
2677 5218 2772 5270 tibi
2808 5224 2967 5271 erunt
2990 5230 3121 5282 apes
3156 5215 3277 5275 illae,
3313 5225 3547 5280 quarum

1990 5329 2274 5366 numerum
2301 5311 2473 5364 stellis
2500 5308 2815 5363 cmlestibus
2846 5320 3029 5374 parem
3063 5319 3436 5371 eongesseras.

332 5420 541 5479 σφαγαῖς
592 5411 897 5470 ποικίλαις·
948 5407 1176 5478 βρούχου
1218 5423 1277 5457 τε
1333 5407 1426 5457 καὶ
1476 5406 1695 5476 ἀκρίδος
1744 5407 1899 5476 δίκην
1934 5402 2282 5457 ὲπελεύσεταί
2337 5421 2415 5456 σοι
2458 5403 2565 5453 τῶν
2616 5399 2889 5469 πολεμίων
2927 5397 2986 5448 τὸ
3024 5395 3245 5465 πλῆθος,
3299 5396 3374 5463 (p.
3422 5392 3550 5449 531)

330 5493 789 5566 καταναλίσκοντες
835 5518 895 5553 σε
943 5501 1038 5553 καὶ
1120 5499 1343 5568 βαρεῖαν
1403 5496 1817 5566 ὲξεργαζὸμενοί
1858 5515 1937 5548 σοι
1988 5498 2095 5549 τῶν
2147 5496 2329 5549 κακῶν
2376 5495 2473 5563 τὴν
2517 5494 2743 5562 πεῖραν·
2801 5491 3080 5556 ἄπρακτος
3116 5489 3173 5541 δέ
3226 5505 3306 5540 σοι
3363 5488 3465 5547 πᾶς
3522 5488 3552 5537 6

331 5593 534 5661 πλοῦτος
583 5601 787 5662 ἐκεῖνος
818 5596 1128 5666 γενήσεται,
1187 5594 1244 5647 ὃν
1303 5591 1583 5654 συνέλεξας
1635 5591 1872 5661 ὡσπερεὶ
1907 5597 2014 5654 τοῖς
2048 5593 2262 5663 ἄστροις
2298 5589 2663 5658 ἁμιλλώμενος
2700 5586 2791 5640 τοῦ
2824 5584 3071 5656 οὐρανοῦ.
