4022 6138
289 310 403 367 ass

1242 303 1778 365 COMMENTARle
1817 304 1880 357 IN
1923 264 2264 360 "Aeacus:
2304 305 2454 362 cae.
2502 306 2542 360 l.

3426 310 3532 367 ὀξύ

298 424 529 496 φοσεράω
561 425 776 495 ικιενην
800 426 891 479 διὰ
917 426 1012 481 τοῦ
1049 426 1280 495 ἀγγέλου
1306 428 1517 498 πληγὴν
1542 427 1855 497 δεξαμένου,

1981 425 2106 478 llam
2141 426 2208 479 ab
2233 426 2426 495 angelo
2443 424 2651 479 cladem
2684 436 2993 495 acceperat,
3016 428 3314 499 multaque,
3344 438 3402 482 ut
3434 446 3536 498 par

298 514 435 585 μετὰ
459 514 656 585 πολλῆς
680 516 757 579 ὡς
781 517 928 580 είκὸς
957 517 1203 571 ἐντεῦθεν
1229 518 1327 587 τῆς
1357 518 1577 586 ἀτιμίας
1608 518 1862 587 ὑποστρέ-

292 605 489 674 ψαντος
526 608 605 668 είς
635 606 703 658 τὰ
743 608 953 670 οίκεῖα,
1001 609 1031 659 ὁ
1073 608 1342 677 μακάριος
1388 607 1706 677 ’Δμόακοὺμ
1748 608 1858 676 (47)

292 698 391 751 ἐπὶ
430 699 529 768 τῆς
571 698 828 762 ἰουδαίας
855 700 955 768 τὴν
997 700 1331 771 προφητείαν
1372 702 1605 753 ποιεῖται
1637 699 1860 770 ταύτην,

294 793 372 852 είς
400 789 494 843 δύο
524 792 763 861 μερίζων
810 792 903 845 τὸν
935 792 1111 860 λόγον,
1151 794 1230 855 είς
1279 810 1338 846 τε
1363 793 1460 863 τὴν
1486 793 1722 846 αίτίασιν
1754 791 1864 844 τῶν

293 883 352 933 ιν
379 881 463 951 τῷ
487 882 602 951 λαῷ
628 883 1058 939 δυναστευόντων
1095 901 1154 936 τε
1194 886 1288 938 καὶ
1314 885 1625 954 κρινόντων,
1655 884 1703 937 οἳ
1732 884 1852 937 πολ-

290 974 409 1036 λαῖς
435 973 530 1027 καὶ
560 974 832 1044 διαφόροις
860 962 1255 1045 ταλαιπωρίαις
1287 977 1413 1039 τοὺς
1437 976 1677 1045 πένητας
1706 993 1863 1046 περι-

289 1063 537 1128 έῦαλλσν,
568 1065 708 1135 ὑπὲρ
736 1059 813 1120 ὧν
840 1065 905 1135 δὴ
938 1066 1172 1135 μάλιστα
1199 1066 1602 1136 ὲπαχθήσεσθαι
1623 1067 1691 1120 τά
1713 1068 1864 1138 παρὰ

288 1156 395 1209 τῶν
429 1156 790 1210 Βαὸυλωνίων
836 1159 1019 1219 αὐτοῖς
1056 1158 1381 1227 μνημονεύει
1415 1158 1560 1211 κακά
1586 1176 1597 1185 ·
1649 1158 1743 1210 καὶ
1786 1159 1865 1220 εἰς

288 1247 384 1314 τὴν
430 1247 617 1300 αὐτῶν
660 1247 769 1301 τῶν
800 1247 1155 1301 Βαϐυλωνίων
1184 1248 1516 1319 κατηγορίαν
1551 1248 1627 1310 ὡς
1660 1264 1865 1319 κεκρασ-

291 1338 538 1408 τηκᾶτων
590 1340 691 1408 μὲν
722 1340 823 1409 τῆς
861 1338 1233 1411 Ἰερουσαλὴμ,
1279 1341 1380 1393 οὐκ
1423 1343 1503 1403 είς
1544 1340 1659 1392 δέον
1700 1340 1758 1392 δὲ
1788 1338 1867 1409 τῷ

291 1430 483 1499 κράτει
533 1430 896 1500 χρησαμένων
925 1469 939 1492 ,
993 1430 1194 1501 πολλὴν
1241 1430 1299 1483 δι
1340 1430 1440 1500 τὴν
1471 1430 1735 1501 ἀμετρίαν
1769 1431 1867 1499 τῆς

292 1520 575 1591 «by/ante;
626 1522 747 1573 κατ’
778 1521 955 1574 αὐτῶν
987 1521 1431 1591 ἑπιδεδειγμένων
1457 1540 1472 1553 ο
1522 1522 1660 1593 ὑπὲρ
1691 1516 1767 1576 ὧν
1803 1522 1867 1593 δὴ

293 1612 383 1664 καὶ
400 1610 631 1671 τούτους
658 1609 1133 1680 τιμωρηθήσεσθαι
1159 1611 1325 1679 λέγει’
1358 1611 1497 1664 ὥστε
1527 1613 1667 1665 κατά
1687 1629 1747 1679 γε
1770 1612 1868 1682 τὴν

291 1702 555 1772 διαίρεσιν
598 1702 804 1770 ταύτην
842 1702 1077 1756 ἑοικέναι
1128 1702 1209 1773 τῷ
1248 1703 1423 1772 ἐνάτῳ
1451 1702 1653 1773 ψαλμῷ
1692 1703 1869 1757 δοκεῖν

296 1794 459 1847 αὐτοῦ
488 1794 588 1863 τὴν
622 1793 979 1863 προφητείαν,
1019 1794 1077 1856 δς
1122 1794 1238 1846 ἐστὶ
1292 1796 1391 1865 μὲν
1436 1791 1516 1858 εἷς
1542 1796 1622 1865 τῷ
1651 1795 1869 1867 ἀριθμῷ

295 1886 380 1937 ἐπὶ
431 1886 536 1953 τῆς
590 1885 910 1956 Ἑλληνικῆς
954 1888 1344 1955 ὲκφωνήσεως,
1388 1887 1481 1941 δύο
1533 1888 1589 1940 δὲ
1635 1889 1726 1941 ιπὶ
1770 1889 1868 1958 τῆς

305 1975 574 2046 Ἐὄραίων
636 1974 881 2044 γλώττης
905 2014 921 2036 ,
974 1976 1110 2029 ἰδίαν
1159 1977 1417 2047 ἑκατέρου
1469 1978 1568 2047 τὴν
1618 1978 1867 2031 ὑπόθεσιν

298 2066 529 2136 ἔχοντος·
560 2067 637 2129 ὡς
668 2065 764 2119 τοῦ
812 2066 915 2136 μὲν
956 2067 1220 2138 προτέρου
1264 2068 1438 2139 ἀρχὴν
1484 2070 1581 2138 μὲν
1617 2067 1753 2122 εῖναι
1784 2070 1866 2132 τὸ,

303 2178 320 2203 ι
354 2157 857 2228 Ἐξομολογήσομαί
899 2176 1015 2223 σοι,
1054 2158 1224 2229 Κύριε
1244 2200 1259 2223 ,
1294 2161 1353 2212 ὲν
1380 2160 1479 2232 ὅλῃ
1515 2160 1711 2232 καρδίᾳ
1744 2178 1867 2231 μου,

298 2250 625 2319 διηγήσομαι
654 2250 834 2303 πάντα
854 2249 924 2302 τά
948 2250 1228 2321 θαυμάσια
1254 2268 1346 2304 σου
1366 2268 1379 2281 ·
1415 2270 1435 2303 ι
1482 2252 1653 2323 πέρας
1688 2252 1744 2305 δὲ
1786 2253 1867 2315 τὸ,

304 2355 324 2389 ι
350 2340 728 2409 Κατάστησον,
770 2341 961 2411 Κύριε,
1007 2341 1304 2413 νομοθέτην
1338 2345 1543 2407 αὐτοῖς,
1576 2345 1870 2411 γνώτωσαν

304 2428 421 2499 ἒθνη
449 2431 532 2482 ὅτι
560 2429 836 2499 ἄνθρωποί
864 2432 989 2485 sict.
1019 2448 1039 2482 ι
1072 2430 1178 2483 Τοῦ
1209 2432 1460 2503 δευτέρου
1485 2432 1541 2484 δὲ
1566 2432 1738 2502 ἀρχὴν
1773 2433 1869 2502 μὲν

304 2520 377 2584 τὸ,
411 2540 431 2573 ι
462 2521 579 2574 Ἰνα
606 2522 682 2585 τί,
725 2523 918 2592 Κύριε,
962 2522 1276 2593 ἀφέστηκας
1305 2524 1609 2594 μακρόθεν;
1641 2527 1717 2595 (p.
1741 2526 1869 2593 554)

309 2613 571 2683 ὑπερορᾷς
603 2616 661 2666 ὲν
686 2612 1011 2683 εὐκαιρίαις,
1047 2615 1103 2666 ὲν
1124 2605 1361 2683 θλίψεσι;
1388 2634 1405 2666 ι
1431 2616 1580 2679 τέλος
1608 2616 1687 2680 δὲ,
1718 2636 1734 2668 ι
1760 2618 1870 2687 Τὴν

314 2704 613 2773 ἑτοιμασίαν
642 2703 743 2774 τῆς
777 2704 1005 2774 καρδίας
1030 2705 1209 2759 αὐτῶν
1251 2707 1518 2777 προσέσχε
1546 2708 1607 2760 τὸ
1633 2704 1725 2771 οὖς
1754 2726 1868 2771 σου,

318 2794 491 2860 κρῖναι
518 2793 730 2863 ὀρφανῷ
758 2797 853 2847 καὶ
895 2796 1151 2865 ταπεινῷ,
1180 2798 1266 2850 ίνα
1309 2799 1383 2868 μὴ
1424 2800 1631 2870 προσθῇ
1666 2800 1745 2852 ἔτι
1776 2801 1869 2855 τοῦ

325 2884 665 2954 μεγαλαυχεῖν
694 2886 982 2956 ἄνθρωπος
1010 2890 1101 2940 ἐπὶ
1129 2888 1227 2957 τῆς
1260 2890 1381 2958 γῆς.
1421 2908 1440 2940 ›
1484 2891 1699 2943 Τούτων
1728 2891 1786 2943 δὲ
1814 2894 1871 2943 ὲν

317 2974 411 3039 μὲν
434 2978 543 3037 τοῖς
565 2977 849 3047 προτέροις
873 2979 999 3041 τοὺς
1029 2978 1338 3050 ἀλλοτρίους
1364 2983 1623 3046 αἰτιᾶται,
1651 2983 1792 3049 λέγω
1815 2984 1872 3036 δὲ

1960 524 2107 581 erat,
2135 531 2261 568 cum
2316 515 2609 583 ignominia
2666 515 2817 571 illine
2866 518 2919 570 in
2966 520 3195 585 patriam
3246 531 3538 588 regressus

1963 604 2173 667 fuerat;
2235 606 2427 662 beatus
2476 604 2803 661 Habacucus
2856 608 2958 660 hoc
3004 608 3178 662 edidit
3227 609 3293 662 de.
3342 607 3535 664 Iudaea

1964 697 2307 762 vaticinium,
2336 697 2513 751 diviso
2538 697 2591 749 in
2615 707 2796 766 partes
2820 698 2957 753 duas
2979 714 3230 753 sermone
3253 717 3265 762 ;
3296 714 3529 769 quarum

1965 792 2148 860 priore
2199 790 2478 859 principes
2530 788 2856 858 iudicesque
2920 790 3158 853 incusat,
3209 792 3301 860 qui
3345 791 3533 845 multis

1965 880 2246 949 variisque
2272 880 2529 933 aerumnis
2552 894 2819 950 pauperes
2841 880 3254 952 implicuerant;
3278 896 3437 951 quam
3463 882 3534 934 ob

1965 986 2083 1025 rem
2136 971 2409 1040 praecipue
2467 976 2727 1023 eventura
2784 970 2893 1026 illis
2947 986 2980 1025 a
3026 971 3339 1042 Babyloniis
3390 975 3533 1025 mala

1966 1071 2234 1115 memorat
2271 1080 2283 1113 :
2318 1062 2487 1115 altera
2543 1077 2671 1115 vero
2734 1077 2861 1130 pars
2918 1061 3338 1133 Babyloniorum
3396 1064 3536 1133 ipsu-

1968 1170 2090 1208 rum
2135 1155 2563 1225 increpationem
2618 1159 2884 1221 continet,
2922 1159 3016 1228 qui
3063 1156 3405 1214 Hierusalem
3439 1175 3530 1228 po-

1968 1248 2079 1313 titi,
2110 1247 2252 1301 haud
2282 1256 2431 1303 recte
2456 1249 2683 1303 victoria
2714 1251 2797 1304 usi
2830 1259 3009 1316 erant,
3038 1252 3132 1306 sed
3156 1252 3384 1305 multum
3409 1267 3534 1305 cru—

1970 1339 2214 1395 delitatis
2266 1354 2553 1395 excessum
2607 1340 2870 1395 adversus
2913 1339 3133 1396 Judasos
3183 1356 3534 1412 exprompse-

1969 1439 2126 1496 rant;
2162 1430 2323 1500 cujus
2350 1445 2516 1487 causa
2547 1432 2795 1501 punitum
2835 1433 2901 1486 iri
2941 1433 3093 1488 dicit.
3128 1433 3309 1499 Quare
3338 1448 3536 1488 secun-

1972 1523 2104 1576 dum
2135 1523 2276 1577 hanc
2304 1524 2653 1587 divisionem,
2688 1525 2903 1579 videtur
2930 1526 3211 1596 prophetia
3242 1525 3357 1580 haec
3390 1540 3536 1580 nono

1971 1613 2167 1667 similis
2195 1614 2424 1682 psalmo,
2455 1614 2551 1684 qui
2583 1630 2728 1669 unus
2762 1624 2845 1671 est
2882 1617 2935 1669 in
2973 1614 3160 1670 Graeca
3205 1616 3533 1687 interpreta-

1973 1696 2144 1767 tione‘,
2176 1703 2286 1757 duo
2316 1714 2497 1757 autem
2525 1705 2579 1757 in
2613 1703 2837 1758 Hebma
2862 1706 3069 1775 lingua,
3099 1722 3225 1761 cum
3252 1722 3357 1762 suo
3386 1708 3538 1777 quis—

1971 1809 2077 1862 que
2129 1804 2467 1863 argumento.
2520 1793 2585 1847 Et
2628 1796 2827 1864 prioris
2876 1798 3094 1865 quidem
3141 1798 3358 1852 initium
3400 1807 3485 1852 est
3522 1815 3535 1850 :

1976 1903 1994 1935 ι
2029 1883 2345 1938 Conitebor
2366 1884 2487 1948 tibi,
2519 1883 2769 1948 Domine,
2800 1886 2853 1940 in
2882 1894 3000 1941 toto
3027 1886 3192 1942 corde
3220 1902 3373 1954 meo;
3405 1902 3537 1941 nar—

1970 1975 2105 2029 rabo
2148 1975 2329 2028 omnia
2370 1975 2640 2028 mirabilia
2688 1984 2800 2029 tua.
2843 1996 2861 2027 »
2897 1975 3052 2031 Finis
3085 1986 3265 2031 autem
3303 1996 3316 2030 :
3351 1997 3368 2028 ι
3400 1980 3541 2031 Con-

1971 2067 2162 2127 stitue,
2225 2064 2475 2126 Domine,
2528 2064 2891 2135 legislaturem
2946 2066 3063 2131 eis;
3119 2066 3295 2121 sciant
3353 2076 3540 2135 gentes

1970 2155 2234 2226 quoniam
2292 2155 2541 2210 homines
2598 2163 2746 2209 sunt.
2786 2174 2805 2206 ι
2869 2156 3111 2211 Alterius
3165 2172 3295 2212 vero
3344 2158 3538 2227 psalmi

1973 2250 2193 2303 initium
2226 2256 2311 2303 est
2349 2266 2363 2300 :
2405 2266 2422 2297 ι
2460 2248 2533 2302 Ut
2565 2247 2720 2316 quid,
2753 2246 3003 2312 Domine,
3045 2249 3325 2305 recessisti
3360 2250 3537 2319 longe,

1974 2340 2219 2409 despicis
2253 2339 2309 2392 in
2339 2336 2866 2408 opportunitatibus,
2908 2340 2964 2392 in
3002 2339 3487 2393 tribulationibus?
3516 2359 3534 2389 ι

1972 2431 2128 2485 Finis
2159 2446 2175 2483 :
2208 2449 2225 2481 I
2252 2428 2647 2498 Praeparationi
2684 2430 2866 2485 cordis
2901 2445 3091 2484 eorum
3132 2430 3361 2485 attendit
3390 2431 3542 2484 auris

1978 2533 2092 2585 tua,
2142 2521 2393 2591 judicare
2443 2521 2649 2589 pupillo
2694 2529 2748 2575 et
2799 2522 3011 2583 humili,
3051 2530 3110 2575 ut
3159 2537 3268 2576 non
3308 2534 3541 2591 apponat

1974 2617 2113 2669 ultra
2166 2612 2517 2684 magniﬁcare
2556 2629 2615 2667 se
2666 2612 2828 2666 homo
2866 2628 3040 2681 super
3088 2624 3312 2668 terram.
3353 2635 3369 2665 I
3422 2614 3541 2669 Jam

1973 2720 2103 2758 vero
2143 2704 2199 2757 in
2226 2704 2407 2771 priore
2446 2703 2657 2773 psalmo
2689 2704 3025 2773 alienigenas
3076 2705 3342 2775 increpat,
3379 2707 3427 2759 id
3458 2717 3543 2761 est

1976 2794 2261 2857 ﬁnitimos,
2289 2796 2384 2864 qui
2409 2809 2737 2865 magnopere
2760 2804 2952 2849 contra
2982 2794 3202 2851 Judeos
3234 2800 3541 2862 sazvierant,

1974 2903 2039 2942 ac
2084 2896 2376 2957 propterea
2422 2902 2639 2956 poenam
2675 2886 2835 2956 232
2861 2888 2994 2957 ipsis
3045 2902 3075 2940 a
3127 2888 3239 2943 Deo
3283 2888 3541 2943 inﬂictam

1978 2980 2148 3044 dicit;
2182 2980 2239 3033 in
2271 2980 2447 3033 altero
2484 2979 2670 3049 populi
2699 2980 2926 3035 ditiores
2953 2996 3015 3034 ac
3048 2980 3326 3051 principes
3360 2981 3542 3050 objur—

310 3063 424 3126 τοὺς
454 3066 782 3135 περιοίκους,
817 3066 894 3128 ὡς
927 3067 1091 3139 πολλῇ
1138 3072 1205 3139 τῇ
1256 3071 1374 3123 κατ’
1408 3072 1588 3124 αὐτῶν
1633 3073 1874 3143 ὠμότητι

1980 3081 2092 3141 gat,
2121 3074 2213 3141 qui
2244 3086 2513 3141 pauperes
2545 3071 2857 3140 iniquitate,
2896 3071 3261 3138 detrimentis,
3299 3074 3547 3143 injuriis-

309 3157 702 3225 ιρησαμένους,
739 3157 880 3229 ὑπὲρ
910 3153 985 3212 ὧν
1037 3160 1101 3229 δὴ
1135 3162 1228 3213 καὶ
1269 3164 1537 3233 τιμωρίαν
1569 3165 1754 3228 αὐτοῖς
1784 3169 1881 3218 ιπ-

312 3248 466 3317 ῆχθαι
496 3249 647 3317 λέγει
672 3251 826 3320 παρὰ
848 3250 941 3303 τοῦ
968 3251 1123 3304 Θεοῦ·
1152 3252 1282 3305 ἐνδὲ
1310 3256 1420 3314 τοῖς
1439 3254 1730 3327 δευτέροις,
1755 3258 1881 3320 τοὺς

312 3340 363 3391 ὲι
395 3339 473 3408 τῷ
499 3338 621 3407 λαῷ
651 3340 730 3409 τῷ
761 3357 819 3393 τε
847 3342 1061 3413 πλούτῳ
1090 3343 1183 3395 καὶ
1212 3346 1278 3414 τῇ
1326 3344 1614 3417 δυναστείᾳ
1647 3349 1734 3401 ἐπ’
1763 3348 1880 3401 ἁδι-

315 3429 427 3482 κίαν
458 3431 557 3483 καὶ
590 3431 800 3501 βλάϐην
828 3435 922 3486 καὶ
951 3435 1213 3505 ἐπήρειαν
1252 3435 1359 3487 τῶν
1400 3439 1648 3507 πενήτων
1681 3456 1880 3509 κεχρη-

314 3521 521 3588 μένους,
559 3522 655 3585 οὓς
682 3524 778 3575 καὶ
820 3524 1014 3587 αὐτοὺς
1055 3528 1155 3579 οὐκ
1199 3524 1305 3589 ἔξω
1351 3530 1621 3600 τιμωρίας
1663 3530 1879 3583 ἔσεσθαί

311 3626 452 3682 φησι.
487 3612 715 3665 Τοιοῦτο
736 3613 843 3685 γάρ
866 3630 920 3665 τι
949 3616 1041 3667 καὶ
1064 3614 1157 3667 νῦν
1191 3616 1221 3667 ὁ
1252 3616 1518 3686 μακάριος
1561 3616 1881 3689 ’Δμόακοὺμ

310 3702 336 3751 ὁ
364 3704 651 3773 προφήτης
688 3706 868 3769 ποιεί,
921 3704 1156 3775 μερίζων
1199 3706 1291 3757 τὸν
1337 3707 1493 3775 λόγον
1537 3709 1616 3769 εῐς
1650 3725 1708 3759 τε
1757 3710 1882 3772 τοὺς

311 3794 432 3862 παρ’
466 3795 656 3856 αὐτοῖς
708 3794 795 3846 ἐπ’
840 3795 1020 3866 ἀδικίᾳ
1068 3797 1176 3847 τῶν
1214 3800 1460 3867 πενήτων
1501 3803 1568 3870 τῇ
1610 3800 1884 3872 προσούσῃ

311 3883 677 3954 κεχρημένους
704 3885 993 3955 δυναστείᾳ
1019 3901 1031 3913 ·
1072 3887 1292 3949 τούτους
1322 3888 1431 3959 γάρ
1457 3892 1513 3941 ὲν
1554 3894 1665 3953 τοῖς
1693 3894 1885 3961 προτέ-

312 3989 418 4040 ροις
446 3973 860 4041 αἰτιασάμενος,
892 3974 1039 4042 λέγει
1073 3977 1167 4029 καὶ
1198 3977 1295 4047 τὴν
1327 3980 1675 4051 ἐπαγομένην
1702 3982 1885 4043 αὐτοῖς

314 4064 447 4136 ὑπὲρ
479 4065 676 4118 τούτου
706 4067 993 4137 τιμωρίαν⁸
1026 4070 1118 4121 καὶ
1146 4072 1224 4132 είς
1243 4070 1368 4133 τοὺς
1390 4071 1783 4138 Βαϐυλωνίους,
1808 4067 1883 4127 ὧν

312 4153 403 4209 καλ
432 4154 617 4208 αὐτῶν
651 4156 883 4209 πλείστα
908 4158 1008 4210 ὅσα
1041 4158 1450 4213 διατεθεικότων
1478 4162 1624 4216 κακά
1647 4164 1739 4216 τὸν
1757 4163 1884 4217 λαὸν

312 4245 767 4317 ἐτάχθησομένην
790 4246 1009 4319 ὕστερον
1030 4250 1300 4319 τιμωρίαν
1327 4252 1539 4322 μηνύει.
1593 4254 1749 4309 Ἀλλά
1774 4256 1883 4328 γὰρ

1976 3179 2083 3233 que
2113 3163 2417 3227 vexabant;
2450 3170 2613 3230 atque
2647 3162 2748 3217 hos
2788 3162 2951 3217 etiam
2986 3163 3132 3217 haud
3165 3178 3381 3233 penam
3414 3180 3547 3219 eva-

1974 3271 2137 3311 suros
2177 3256 2271 3309 ait.
2305 3254 2451 3309 ldem
2491 3254 2604 3308 fere
2656 3270 2801 3309 nunc
2844 3256 2956 3325 agit
2988 3256 3181 3311 beatus
3221 3255 3549 3313 Habacucus

1976 3348 2265 3416 propheta,
2309 3346 2575 3416 bipartito
2630 3360 2905 3408 sermone,
2950 3348 3130 3415 primo
3184 3349 3403 3415 quidem
3461 3350 3547 3401 ad-

1976 3452 2171 3493 versus
2211 3451 2307 3491 eos
2341 3437 2433 3505 qui
2471 3450 2741 3505 pauperes
2782 3435 2989 3503 injusta
3040 3438 3090 3488 vi
3122 3437 3545 3504 opprimebant:

1980 3530 2066 3583 his
2122 3528 2268 3583 enim
2322 3529 2567 3597 apprime
2626 3528 2943 3595 increpitis,
2985 3534 3302 3580 eventuram
3350 3526 3549 3581 delicto

1978 3635 2197 3691 penam
2246 3619 2525 3688 pradicit;
2562 3617 2760 3671 deinde
2812 3619 2868 3669 in
2910 3615 3235 3686 Babylonios
3273 3619 3551 3671 converti-

1980 3722 2095 3777 tur,
2124 3712 2219 3781 qui
2249 3725 2373 3764 cum
2407 3711 2692 3763 innumera
2733 3709 2876 3761 mala
2910 3709 3109 3777 populo
3142 3707 3373 3764 Judaico
3405 3710 3552 3764 intu-

1980 3805 2195 3865 lissent,
2250 3801 2591 3870 punitionem
2634 3800 2768 3868 ipsis
2809 3800 3122 3869 impositum
3169 3801 3234 3853 iri
3286 3802 3547 3871 praedicit.

1982 3894 2138 3949 Nunc
2168 3901 2461 3963 postquam
2510 3893 2806 3946 verborum
2839 3892 3119 3962 propheta:
3162 3902 3551 3963 argumentum

1981 3990 2356 4059 exposuimus,
2390 3986 2642 4055 sequitur
2673 3996 2732 4040 ut
2778 3994 2963 4056 partes
3009 3986 3255 4055 singulas
3299 3986 3552 4040 conside-

1981 4096 2185 4137 remus.
2234 4078 2399 4133 Prazit
2447 4078 2646 4133 solitus
2695 4078 2877 4132 libello
2909 4076 3144 4131 titulus:
3188 4096 3206 4129 ι
3236 4078 3553 4146 Assumptio

1984 4186 2152 4241 quam
2176 4169 2315 4225 vidit
2338 4167 2667 4223 Habacucus
2694 4166 2977 4238 propheta.
3018 4185 3038 4219 ι
3068 4165 3159 4222 Sic
3192 4176 3373 4223 autem
3399 4181 3557 4223 exor-

1984 4265 2131 4318 ditur
2153 4278 2170 4314 :

312 4347 568 4415 τοιαύτης
621 4347 765 4410 τινὸς
809 4346 973 4417 οὔσης
1018 4350 1115 4420 τῆς
1150 4350 1457 4415 ὑποθέσεως
1502 4353 1608 4406 τῶν
1658 4354 1753 4408 τοῦ
1808 4357 2088 4427 προφήτου
2140 4350 2435 4423 ῥημάτων,
2481 4349 2549 4401 τὰ
2605 4346 2745 4399 κατὰ
2796 4348 2958 4418 μέρος
3006 4350 3303 4421 σκοπητέον
3351 4349 3553 4403 λοιπόν.

318 4442 603 4510 Πρόκειται
636 4441 733 4510 μὲν
764 4437 855 4495 οὖν
882 4445 915 4512 ή
946 4443 1163 4497 εἰωθυῖα
1192 4448 1481 4517 προγραφὴ
1510 4449 1602 4500 τοῦ
1640 4449 1862 4518 βιϐλίου,
1900 4469 1917 4500 ι
1956 4450 2027 4502 Τδ
2062 4448 2255 4517 λῆμμα
2288 4445 2316 4496 ὃ
2342 4440 2478 4495 εἶδεν
2518 4441 2837 4511 Ἀμῦακοὺμ
2869 4444 2897 4493 ὁ
2926 4447 3235 4512 προφήτης·
3278 4462 3295 4493 ι
3332 4442 3555 4511 ἄρχεται

317 4532 598 4595 ὃὲοῦτως·
1662 4556 1671 4563 κ

977 4650 1133 4702 ΚΕΦ.
1176 4651 1249 4703 Λ’.

388 4782 531 4852 Σντίχ.
574 4783 638 4852 β’.
675 4812 746 4825 —
779 4783 953 4846 «Ἕως
979 4784 1145 4847 τίνος,
1180 4783 1371 4853 Κύριε,
1407 4785 1765 4855 κεκράξομαι,
1799 4788 1891 4839 καὶ

325 4872 381 4922 οὗ
418 4872 493 4942 μὴ
520 4872 882 4945 είσακούσῃς;
930 4872 1195 4942 βοήσομαι
1242 4872 1375 4941 πρὸς
1412 4874 1471 4925 σὲ
1517 4873 1889 4944 ἀδικούμενος,

328 4962 418 5014 καὶ
447 4964 508 5014 οὐ
545 4965 621 5033 μὴ
652 4962 865 5033 urbem;
903 4982 922 5013 ι
972 4964 1048 5032 (ρ.
1073 4964 1198 5032 355)
1248 4965 1357 5033 Οὐχ
1402 4964 1475 5026 ὼς
1510 4964 1743 5019 αἰτίασίν
1776 4984 1895 5018 τινα

330 5051 402 5120 τῷ
443 5053 559 5124 Θεῷ
603 5055 896 5125 προσάγων
935 5056 964 5107 ὁ
1003 5056 1286 5125 προφήτης
1330 5053 1504 5108 ταῦτά
1539 5071 1721 5124 φησιν,
1763 5055 1897 5108 ἀλλὰ

333 5143 506 5207 καθὼς
532 5144 651 5207 ἔθος
679 5145 861 5207 αὐτοῖς
890 5146 982 5198 ἐπὶ
1008 5144 1115 5197 τῶν
1144 5162 1263 5198 τινα
1290 5145 1611 5215 διαπόρησιν
1642 5146 1892 5215 ἐχόντων,

334 5235 368 5304 ἢ
411 5238 503 5290 καὶ
554 5238 926 5307 ἀγανάκτησιν
981 5238 1270 5291 κινούντων
1323 5238 1535 5291 δικαίαν
1592 5239 1735 5292 κατὰ
1785 5238 1892 5290 τῶν

338 5327 641 5393 ποιούντων,
675 5331 732 5382 ὲν
760 5328 1043 5398 αἰτιατικῷ
1070 5329 1246 5396 λέγειν
1283 5330 1516 5399 σχήματι
1564 5328 1672 5380 τῶν
1723 5346 1895 5399 πρατ-

341 5420 568 5489 τομένων
609 5424 709 5490 τὴν
754 5423 1004 5475 άτοπίαψ
1040 5420 1182 5475 οὕτω
1206 5423 1436 5475 κάνθάδε
1475 5421 1637 5490 φησίν
1663 5438 1676 5452 ·
1709 5421 1895 5493 ὥσπερ

342 5506 430 5565 οὖν
464 5514 553 5566 καὶ
575 5514 602 5565 ὁ
631 5512 896 5582 μακάριος
928 5512 1073 5579 λέγει
1109 5512 1267 5564 Δαυῒδ
1298 5513 1378 5577 τὸ,
1422 5530 1439 5560 ι
1460 5512 1576 5564 ’Ὶνα
1601 5510 1672 5577 τί,
1700 5511 1894 5583 Κύριε.

417 5699 520 5769 (Π)
554 5699 608 5755 In
643 5700 799 5754 titulo
839 5699 988 5753 ’A66.

614 5795 887 5858 Ρλτιοι..
922 5798 1040 5859 Gs.
1079 5797 1302 5859 LXVI.

2657 4648 2805 4703 CAP.
2853 4648 2891 4699 I.

2065 4783 2225 4838 Vens.
2260 4783 2313 4836 9..
2349 4812 2413 4821 --
2450 4802 2465 4833 ι
2507 4782 2821 4853 Usquequo,
2882 4781 3128 4849 Domine,
3184 4781 3455 4847 clamabo,
3510 4796 3562 4837 et

1994 4889 2101 4927 non
2144 4872 2451 4927 exaudies?
2495 4871 2838 4927 vociferabor
2887 4872 2954 4926 ad
2999 4880 3051 4925 te
3094 4872 3204 4926 vim
3241 4871 3477 4941 patiens,
3509 4883 3563 4926 et

1994 4979 2105 5018 non
2128 4965 2410 5019 salvabis?
2443 4982 2460 5013 ι
2493 4962 2610 5017 Non
2645 4970 2906 5033 tanquam
2938 4964 3316 5032 expostulans,
3345 4963 3459 5019 haec
3488 4967 3561 5017 ait

1996 5054 2279 5123 prepheta,
2331 5055 2425 5108 sed
2487 5070 2640 5111 more
2708 5056 2951 5115 illorum,
3003 5057 3096 5124 qui
3160 5057 3215 5109 in
3272 5071 3332 5110 re
3383 5055 3566 5125 aliqua

1995 5147 2166 5209 anxii,
2194 5146 2277 5199 vel
2317 5146 2481 5199 etiam
2509 5147 2660 5215 justa
2686 5148 3066 5217 indignatione
3108 5147 3388 5209 commoti,
3421 5148 3563 5218 tign-

2000 5246 2119 5290 rato
2149 5237 2217 5290 ad
2262 5238 2754 5305 expostulationem
2796 5252 3048 5292 sermone
3077 5236 3145 5290 de
3194 5252 3378 5291 rerum
3417 5249 3567 5293 acta-

2002 5343 2121 5381 rum
2159 5327 2444 5395 iniquitate
2473 5337 2797 5396 queruntur.
2850 5329 2928 5380 lta
2960 5328 3172 5382 scilicet
3203 5328 3307 5382 hoc
3343 5343 3401 5382 se
3446 5328 3567 5383 loco

2004 5421 2140 5490 gerit
2163 5419 2443 5488 propheta.
2482 5416 2638 5470 Sicut
2667 5433 2797 5487 ergo
2832 5418 3022 5471 beatus
3047 5418 3212 5471 etiam
3243 5420 3318 5472 ait
3354 5418 3519 5474 David
3547 5442 3561 5467 ε

2013 5528 2031 5560 ι
2066 5508 2135 5564 Ut
2184 5508 2330 5577 quid.
2373 5507 2617 5573 Domine,
2664 5510 2943 5563 recessisti
3002 5509 3180 5575 longe,
3230 5508 3467 5581 despicis
3514 5512 3572 5565 in

3226 5795 3287 5847 ιτ
