4022 6138
393 261 565 350 ἶιάετ

461 501 680 568 impius,
734 499 1044 553 incenditur
1094 499 1386 570 pauper“,
1425 518 1444 551 ι
1499 506 1552 552 et
1590 498 1830 569 reliqua;
1877 500 2022 552 haud

404 620 422 640 -,
463 589 627 643 Deum
662 589 887 657 culpans
937 588 1009 640 ita
1052 588 1311 657 loquitur,
1361 588 1456 643 sed
1505 587 1614 642 illis
1648 589 1892 644 irascens
1927 591 2024 658 qui

459 679 586 731 talia
615 684 800 745 agunt,
844 684 897 730 et
924 677 1329 745 quodammodo
1363 685 1700 740 exaestuans,
1733 679 1879 747 quod
1913 694 2024 732 non

404 793 416 807 ρ
457 764 568 816 cito
615 778 807 832 poenas
860 763 1076 818 debitas
1117 765 1340 822 iuerint.
1394 766 1474 820 lla
1517 775 1572 821 et
1617 767 1788 821 alibi:
1834 786 1853 819 ι
1889 768 2021 832 Cur,

429 877 441 898 υ
457 852 627 915 Deus,
665 853 912 923 repulisti
943 854 996 908 in
1028 854 1188 910 ﬁnem
1210 856 1234 910 ?
1255 857 1434 913 iratus
1467 867 1550 914 est
1583 857 1736 912 furor
1766 867 1895 914 tuus
1925 860 2024 914 ad-

365 938 369 948 ’
455 960 646 1000 versus
665 959 791 998 oves
818 945 1006 1014 pascui
1041 947 1116 1000 tui
1135 947 1218 1000 "‘l
1239 966 1258 998 ι
1285 945 1496 1003 Etenim
1513 947 1888 1018 magnitudine
1911 963 2026 1004 ma-

455 1037 632 1090 lorum
679 1041 881 1106 populo
914 1037 1190 1092 illatorum
1211 1039 1526 1102 "attonitus,
1581 1041 1661 1094 sic
1703 1040 1864 1094 etiam
1919 1041 2023 1095 hoc

452 1127 577 1181 loco
612 1128 875 1197 loquitur.
911 1126 1071 1182 Velut
1102 1130 1266 1183 etiam
1303 1130 1498 1185 beatus
1530 1128 1797 1186 Jercmias
1835 1131 1972 1184 dicit
2005 1151 2018 1186 :

459 1237 477 1268 ι
522 1220 632 1273 Cur
692 1220 780 1272 via
844 1220 1138 1288 impiorum
1205 1230 1594 1288 prosperatur,
1643 1220 1803 1290 233
1868 1221 2023 1275 beate

454 1317 623 1376 agunt
699 1321 889 1362 omnes
963 1307 1321 1374 reprobantes
1387 1308 1836 1375 reprobrationes
1868 1307 1963 1360 ὀἳ
1998 1327 2014 1358 ι

449 1397 677 1454 Namne
703 1399 805 1451 iste
843 1398 1062 1467 quidem
1103 1396 1273 1451 Deum
1320 1412 1592 1452 accusans
1643 1398 1724 1452 sic
1759 1400 2018 1467 loquitur,

452 1489 548 1544 sed
615 1487 904 1559 indignans
974 1490 1155 1558 potius
1223 1491 1370 1557 quod
1432 1488 1760 1544 delictorum
1823 1503 2018 1559 ρωπος

449 1595 558 1634 non
593 1581 934 1649 pertulerint.
959 1579 1081 1634 Pari
1115 1579 1260 1634 enim
1308 1581 1588 1650 prophetae
1611 1595 1804 1635 omnes
1839 1581 2019 1635 animo

447 1680 622 1726 erant.
681 1673 820 1738 Quin
873 1680 928 1728 et
989 1672 1120 1727 illud
1169 1673 1311 1742 apud
1359 1673 1574 1727 beatum
1629 1671 1888 1727 Davidem
1933 1672 2018 1728 di-

448 1772 596 1818 ctum
630 1781 644 1819 :
679 1782 697 1815 ι
732 1763 981 1825 Domine,
1015 1763 1070 1817 in
1098 1764 1238 1818 celo
1279 1761 1652 1819 misericordia
1682 1771 1800 1826 tua,
1828 1772 1884 1817 et
1924 1778 2018 1818 γε·
2049 1754 2093 1813 Β

451 1856 587 1911 ritas
615 1864 704 1910 tua
733 1869 907 1924 usque
937 1855 1003 1908 ad
1040 1855 1212 1910 nubes
1244 1873 1256 1909 :
1284 1854 1501 1924 justitia
1533 1862 1648 1914 tua.
1681 1857 1827 1910 sicut
1859 1871 2019 1909 mon-

448 1954 532 2000 tes
565 1944 691 2009 Dei;
725 1945 933 2013 judicia
983 1952 1074 1998 tua
1109 1944 1339 2015 abyssus
1384 1945 1551 2000 multa
1582 1946 1626 1977 ἰ
1661 1964 1672 1997 :
1708 1964 1726 1996 ι
1765 1961 1885 2015 qute
1929 1946 2018 2000 ni-

449 2041 650 2094 mirum
691 2040 844 2104 dicit,
886 2040 1276 2108 benignitatem
1315 2040 1410 2096 Dei
1441 2040 1718 2096 demirans
1747 2057 1873 2112 erga
1922 2042 2023 2095 ho-

448 2139 626 2191 mines
658 2145 919 2206 tanquam
959 2136 1248 2200 inﬁnitam,
1270 2145 1324 2190 et
1347 2136 1492 2206 quod
1535 2140 1762 2191 multam
1794 2137 1864 2192 de
1898 2139 2018 2192 viro

412 2281 413 2284 η
442 2235 594 2301 justo
625 2241 779 2302 gerat
817 2231 1264 2294 sollicitudinem,
1308 2232 1782 2301 imperscrutabile
1827 2233 2017 2290 dicens

446 2322 545 2376 Dei
591 2338 817 2378 examen
878 2332 933 2376 et
974 2323 1262 2392 judicium,
1315 2339 1424 2390 quo
1466 2338 1619 2378 seras
1658 2325 2016 2392 peccantibus

441 2415 928 2484 pmnasimponit,
957 2430 1096 2484 quas
1117 2429 1260 2483 smpe
1283 2414 1481 2478 diﬂ‘ert,
1508 2429 1820 2488 quanquam
1848 2417 2015 2470 multa

449 2508 592 2560 inter
614 2507 862 2562 homines
887 2507 1028 2559 mala
1053 2515 1355 2560 versentur.
1379 2505 1577 2561 Eodem
1609 2522 1835 2575 prorsus
1855 2509 2016 2562 modo

453 2598 813 2668 hic,quoque
866 2597 1000 2652 dicit
1060 2598 1322 2666 propheta
1357 2638 1370 2659 ,
1431 2599 1711 2668 iniquitati
1770 2599 2015 2654 irascens

448 2691 755 2759 principum
794 2689 1000 2759 populi,
1037 2690 1128 2758 qui
1177 2691 1401 2744 multam
1431 2689 1747 2759 variamque
1773 2690 2018 2761 pauperi-

446 2781 550 2834 bus
597 2779 852 2848 iujuriam
913 2778 1181 2832 faciebant
1221 2798 1232 2831 :
1272 2793 1600 2848 magnopere
1649 2780 1867 2849 quidem
1921 2791 2015 2836 co—

443 2885 714 2938 gnoscens
743 2870 905 2939 digna
932 2883 1054 2922 esse
1082 2869 1367 2937 suppliciis
1395 2884 1457 2923 ea
1490 2884 1611 2939 quae
1652 2869 1874 2931 ﬁebant,
1917 2872 2013 2926 do-

437 2961 564 3013 .iens
614 2968 794 3012 autem
844 2958 990 3025 quod
1035 2957 1145 3012 Deo
1191 2959 1452 3013 ultionem
1492 2959 1795 3022 diiierente,
1843 2963 2011 3017 multa

431 3047 710 3100 adversus
737 3061 1006 3115 pauperes
1022 3047 1228 3112 vigeret
1254 3045 1540 3114 injustitia.
1571 3046 1886 3117 Propterea,
1912 3067 2009 3107 ceu
2039 3079 2080 3136 α

437 3137 539 3203 qui
591 3150 734 3202 saepe
781 3135 1118 3203 expetiverat
1162 3133 1456 3187 vindictam
1507 3135 1573 3190 de
1623 3136 1691 3190 iis
1735 3140 1855 3205 capi
1902 3148 2010 3192 tam

445 3241 612 3294 prave
667 3224 976 3292 agentibus,
1027 3225 1158 3277 nihil
1207 3239 1334 3278 tero
1377 3225 1798 3293 impetraverat:
1855 3248 1874 3278 ι
1911 3227 2014 3284 Us-

441 3328 681 3382 quequo,
738 3313 934 3382 inquit,
995 3309 1221 3366 Domine
1267 3312 1536 3377 clamabo,
1586 3320 1641 3364 et
1687 3327 1798 3366 non
1841 3329 2014 3369 exau-

443 3405 600 3464 dies?
640 3423 660 3456 ι
696 3403 830 3457 Nam
873 3413 1089 3472 sumpta
1120 3402 1223 3457 sibi
1264 3402 1588 3471 patientium
1642 3400 1848 3469 injuste
1885 3419 2013 3473 per-

441 3511 576 3551 sona
603 3496 737 3551 dicit
757 3515 769 3549 :
793 3492 1092 3563 Quousque
1123 3493 1338 3548 tandem
1371 3492 1610 3550 miseriis
1635 3495 1822 3550 multis
1851 3509 2010 3549 exer-

441 3590 584 3642 citus
649 3589 827 3640 clamo
890 3594 1042 3639 tuum
1109 3599 1411 3655 exposcens
1466 3585 1772 3651 auxilium,
1831 3602 2008 3656 neque

439 3692 624 3734 tamen
656 3679 707 3732 id
743 3677 1009 3748 impetro?

1643 290 1992 348 TllEODORI
2035 291 2515 349 MOPSUESTENI

344 404 362 451 ἕ
403 407 977 478 opportunitatibus,
1005 409 1057 460 in
1079 407 1556 462 tribulationibus?
1586 407 1724 461 Dum
1747 409 2015 464 extollitur

2130 410 2443 481 ἀφέστηκας
2475 407 2766 478 μακρόθεν,
2792 407 3062 479 ὑπερορᾷς
3089 406 3145 460 ὲν
3179 404 3572 476 εὖκαιρίαιςρν
3595 405 3709 461 θλί-

3598 290 3706 348 423

2129 501 2328 570 ψεσιν;
2377 503 2435 553 ὲν
2467 499 2546 569 τῷ
2574 498 3084 570 ὑπερηφανεύεσθαι
3114 497 3204 551 τὸν
3238 497 3433 566 ἀσεϐῆ,
3471 496 3709 566 ἐμπυρί-

2125 592 2276 655 ζεται
2305 595 2334 646 6
2367 592 2598 662 πτωχὸς,
2625 611 2644 643 ›
2681 593 2776 644 καὶ
2805 591 2873 644 τὰ
2902 590 3029 659 ἑξῆς
3052 606 3065 620 ο
3111 589 3172 643 οὐ
3201 589 3309 661 γὰρ
3329 588 3422 643 τὸν
3447 587 3580 642 Θεὸν
3611 590 3704 642 αί-

2123 683 2389 754 τιώμενος
2438 684 2610 737 ταῦτα
2668 683 2813 749 λέγει
2840 721 2856 745 ,
2908 681 3229 749 ἀγανακτῶν
3287 681 3348 734 δὲ
3399 679 3541 735 κατά
3588 680 3704 734 τῶν

2125 775 2346 829 τοιαῦτα
2391 775 2712 837 ποιούντων,
2761 773 2852 827 καί
2881 791 3002 826 τινα
3035 774 3234 842 τρόπον
3261 772 3554 842 διαπορῶν,
3584 771 3701 824 ἀνθ’

2124 865 2248 919 ὅτου
2294 866 2368 936 μὴ
2408 866 2564 929 δίκας
2589 865 2823 920 διδόασιν
2853 863 3039 927 ὀξέως.
3081 861 3239 916 Οὕτω
3279 863 3374 922 καὶ
3421 861 3656 930 ἀλλαχοῦ
3682 877 3700 892 ⁶

2127 959 2277 1012 «Ἵνα
2307 958 2382 1022 τί,
2411 959 2440 1010 ό
2465 958 2618 1020 Θεὸς,
2645 955 2854 1010 ἀπώσω
2881 957 2961 1018 είς
2983 955 3157 1018 τέλος,
3187 953 3440 1025 ὠργίσθη
3473 956 3503 1006 6
3527 954 3702 1023 θυμός

2089 1077 2092 1080 -
2124 1065 2219 1102 σου
2246 1049 2338 1101 ἐπὶ
2359 1047 2605 1113 πρόϐατα
2627 1047 2798 1117 νομῆς
2827 1062 2918 1099 σου
2941 1063 2956 1111 ;
3009 1065 3027 1098 ι
3063 1043 3346 1114 Διαπορῶν
3370 1043 3480 1112 γὰρ
3508 1045 3599 1095 ἐπὶ
3619 1041 3701 1111 τῷ

2127 1138 2344 1209 μεγέθει
2373 1139 2479 1191 τῶν
2509 1138 2808 1206 γεγονότων
2837 1138 2916 1199 είς
2939 1135 3030 1189 τδν
3055 1134 3204 1199 λαὸν,
3235 1132 3514 1188 κάνταῦθά
3539 1147 3695 1202 φησιο

2123 1229 2217 1282 καὶ
2243 1228 2412 1281 πολλὰ
2442 1227 2500 1280 δὲ
2530 1227 2754 1280 τοιαῦτα
2786 1225 2935 1296 εὖροι
2958 1242 3042 1288 τις
3069 1224 3135 1278 ἀν
3153 1241 3168 1256 ·
3207 1223 3394 1293 ὥσπερ
3425 1219 3518 1277 οῦν
3550 1224 3642 1277 καὶ
3668 1224 3701 1275 ό

2127 1319 2395 1389 μακάριος
2439 1318 2704 1390 Ἱερεμίας
2737 1318 2869 1387 φησί
2894 1332 2908 1346 ⁶
2961 1334 2982 1368 ι
3011 1316 3076 1369 Τί
3102 1317 3184 1369 ὅτι
3217 1315 3334 1377 ὁδὸς
3359 1315 3574 1368 ἀσεϐῶν
3601 1314 3696 1368 εὑ-

2123 1410 2334 1462 οδοῦται
2360 1452 2375 1475 ,
2425 1409 2739 1480 ηὐθήνησαν
2791 1407 2990 1469 πάντες
3037 1406 3088 1458 οί
3131 1404 3448 1466 ἀθετοῦντες
3501 1402 3700 1472 ἀθετή-

2101 1519 2302 1570 -ματα;
2335 1520 2356 1554 ι
2408 1501 2542 1555 Οὐδὲ
2587 1500 2696 1572 γὰρ
2727 1501 2834 1553 οὐδ’
2876 1492 3030 1561 οὗτος
3073 1497 3165 1550 τὸν
3211 1496 3342 1552 Θεὸν
3375 1493 3698 1564 αίτιώμενος

2127 1591 2295 1661 λέγει,
2329 1591 2652 1661 ἀγανακτῶν
2681 1592 2738 1644 δὲ
2769 1592 2852 1660 ἐφ’
2876 1584 2960 1654 οἷς
2985 1590 3252 1659 ἔπραττον
3275 1588 3358 1640 ὅτι
3387 1586 3461 1656 μὴ
3493 1586 3697 1640 διδόασι

2118 1684 2272 1748 δίκας
2291 1702 2306 1718 ·
2344 1685 2574 1756 ἐπείπερ
2603 1685 2651 1737 ei
2685 1683 2958 1753 προφῆται
2979 1681 3182 1742 πάντες
3211 1679 3410 1748 ὁμοίως
3431 1673 3569 1749 ἦσαν
3597 1693 3700 1729 m-

2119 1775 2401 1846 πεισμὲνοι
2429 1817 2442 1841 ,
2487 1777 2664 1828 ἐκεῖνο
2707 1773 2772 1844 δὴ
2813 1773 2876 1826 τὸ
2908 1771 3059 1843 παρὰ
3096 1770 3187 1824 τοῦ
3229 1769 3498 1842 μακαρίου
3531 1766 3699 1822 Δαυτδ

2120 1866 2407 1936 λεγόμενον
2427 1882 2439 1896 ·
2472 1883 2499 1915 ι
2531 1864 2722 1936 Κύριε,
2753 1865 2811 1916 ὲν
2845 1861 2923 1933 τῷ
2952 1859 3165 1931 οὐρανῷ
3204 1859 3266 1912 τδ
3311 1857 3458 1920 ἔλεός
3499 1873 3612 1920 σου,
3654 1856 3694 1925 ἡ

2119 1955 2348 2026 ἀλήθειά
2380 1971 2472 2008 σου
2509 1955 2614 2015 ἕως
2656 1952 2763 2006 τῶν
2794 1951 3049 2022 νεφελῶν,
3080 1951 3112 2020 ἡ
3141 1946 3453 2016 δικαιοσύνη
3491 1962 3582 1999 σου
3613 1945 3694 2008 ὡς

2118 2047 2219 2117 ὅρη
2249 2045 2404 2108 Θεοῦ,
2447 2045 2516 2098 τὰ
2547 2043 2792 2114 κρίματά
2829 2060 2926 2096 σου
2967 2041 3202 2102 ἄϐυσσος
3234 2037 3401 2108 πολλή
3426 2053 3439 2067 ·
3475 2055 3494 2088 ι
3546 2036 3695 2106 ἅπερ

2118 2134 2211 2191 οὖν
2257 2137 2359 2206 ἔφη
2407 2138 2498 2190 καὶ
2546 2135 2644 2206 τὴν
2682 2134 3090 2204 φιλανθρωπίαν
3130 2129 3565 2198 ἐκπληττόμενος
3593 2125 3693 2181 τοῦ

2117 2227 2254 2282 Θεοῦ
2299 2229 2376 2290 ὡς
2408 2227 2713 2298 ἀμέτρητον
2745 2221 2929 2287 οὖσαν,
2962 2223 3038 2295 (p.
3057 2221 3184 2292 556)
3223 2222 3317 2274 καὶ
3349 2217 3444 2271 τοῦ
3475 2217 3691 2271 δικαίου

2116 2321 2216 2391 τὴν
2237 2319 2497 2391 φροντίδα
2525 2319 2606 2372 ὅτι
2635 2317 2836 2386 πολλήν
2876 2333 2940 2382 γε
2976 2316 3207 2368 ποιεῖται
3236 2311 3439 2382 ταύτην
3459 2327 3473 2342 ⁸
3527 2310 3695 2378 ἀνέφ-

2119 2428 2264 2464 ικτον
2291 2410 2347 2463 δὲ
2375 2405 2514 2462 εἶναι
2545 2409 2715 2477 λέγων
2740 2407 2832 2462 τοῦ
2855 2405 2990 2460 Θεοῦ
3011 2406 3109 2476 τὴν
3129 2405 3453 2474 δοκιμασίαν
3477 2404 3572 2458 καὶ
3589 2403 3695 2473 τὴν

2117 2503 2316 2570 κρίσιν,
2351 2500 2470 2555 καθ’
2508 2502 2573 2570 ἥν
2603 2501 2704 2553 οὐκ
2728 2499 2906 2566 ὀξείας
2937 2498 3130 2566 ἐπάγει
3159 2499 3268 2558 τοῖς
3300 2496 3550 2551 πταίουσι
3588 2495 3693 2558 τὰς

2116 2593 2400 2662 τιμωρίας,
2432 2591 2786 2645 ἀναϐάλλεται
2816 2590 2872 2642 δὲ
2912 2589 3080 2653 αὐτὰς
3109 2587 3390 2652 πολλάκις.
3417 2587 3592 2641 καίτοι
3621 2603 3689 2654 γε

2117 2687 2174 2737 ὲν
2206 2683 2510 2754 ἀνθρώποις
2538 2683 2748 2736 πολλῶν
2790 2681 3105 2750 πασχόντων
3133 2679 3340 2743 κακῶς.
3387 2680 3489 2733 Τὸν
3519 2679 3688 2731 αὐτὸν

2115 2777 2178 2847 δὴ
2196 2776 2394 2845 τρόπον
2420 2776 2514 2829 κα)⁸
2536 2778 2563 2828 6
2587 2776 2868 2844 προφήτης
2899 2773 3131 2826 ἐνταῦθά
3154 2790 3336 2842 φησιν,
3362 2770 3688 2840 ἀγανακτῶν

2114 2867 2207 2920 ἐπὶ
2249 2870 2315 2936 τῇ
2368 2867 2552 2937 ἀδικίᾳ.
2583 2865 2690 2918 τῶν
2721 2867 2779 2916 ὲν
2825 2864 2904 2935 τῷ
2947 2863 3060 2933 λαῷ
3090 2864 3542 2924 δυναστευόντων,
3589 2863 3690 2916 καὶ

2115 2955 2316 3024 πολλήν
2359 2971 2483 3008 τινα
2515 2954 2608 3006 καὶ
2657 2954 2991 3024 πολύτροπον
3035 2955 3147 3014 τοῖς
3194 2951 3390 3022 πένησι
3441 2953 3539 3021 τὴν
3587 2955 3689 3006 ὲπ-

2114 3047 2304 3118 ήρειαν
2329 3046 2638 3112 ἐπαγόντων
2664 3059 2677 3074 ·
2729 3045 2822 3096 καὶ
2853 3045 3054 3114 σφόδρα
3081 3045 3178 3112 μὲν
3207 3043 3382 3106 εἰδὼς,
3417 3044 3494 3106 ὡς
3517 3061 3689 3112 τιμω-

2119 3137 2240 3206 ρίας
2269 3135 2393 3198 ἀξια
2421 3134 2489 3188 τὰ
2524 3134 2894 3206 πραττόμενα,
2927 3133 3150 3202 ἀθυμῶν
3183 3133 3243 3186 δὲ
3270 3134 3352 3186 ὅτι
3385 3134 3482 3200 τὴν
3511 3150 3688 3201 τιμω-

2115 3226 2236 3296 ρίαν
2262 3225 2692 3295 ἀναϐαλλομένου
2716 3225 2810 3277 τοῦ
2841 3224 2996 3289 Θεοῦ,
3031 3225 3199 3294 πολλή
3229 3241 3312 3287 τις
3345 3225 3378 3292 ἡ
3405 3224 3545 3279 κατά
3576 3224 3689 3279 τῶν

2114 3316 2360 3386 πενήτων
2389 3315 2596 3382 γίνεται
2635 3314 2834 3367 ἀδικία.
2883 3313 2981 3367 Διά
3017 3313 3174 3367 τοῦτο
3202 3313 3278 3376 ὼς
3302 3315 3368 3367 ἂν
3410 3313 3673 3377 πολλάκις

2113 3408 2340 3478 αἰτήσας
2391 3405 2485 3459 τοῦ
2531 3405 2664 3459 Θεοῦ
2715 3405 2813 3475 τὴν
2858 3405 3130 3476 τιμωρίαν
3172 3405 3526 3474 ἐπενεχθῆναι
3571 3407 3687 3468 τοῖς

2113 3498 2256 3550 οὕτω
2275 3496 2757 3567 διαπραττομένοις
2782 3496 2984 3559 κακῶς.
3015 3497 3222 3559 ἀνύσας
3245 3497 3300 3549 δὲ
3326 3496 3486 3549 πλέον
3507 3495 3681 3560 οὐδὲν,

2120 3607 2137 3639 ι
2169 3589 2313 3650 Ἕως
2340 3586 2502 3650 τίνος,
2543 3587 2694 3655 φησὶ,
2742 3585 2937 3655 Κύριε,
2979 3587 3316 3657 κεκράξομαι
3359 3587 3452 3640 καὶ
3496 3587 3684 3658 ούιμὴ

2114 3677 2456 3746 εἰσακούσῃς,
2482 3677 2745 3746 βοήσομαι
2768 3677 2902 3746 πρὸς
2931 3679 2989 3730 σὲ
3021 3678 3495 3750 ἀδικούρ.ενος,κα“ι
3521 3679 3580 3732 οὐ
3605 3678 3685 3749 μὴ

443 3768 653 3842 orbam;
679 3789 696 3820 ι
737 3766 1040 3822 ’Δναλαϐὼν
1062 3765 1167 3836 γὰρ
1188 3766 1248 3818 τὸ
1270 3765 1377 3818 τῶν
1399 3764 1764 3835 ἀδικουμένων
1787 3769 2074 3837 πρόσωπον
2129 3768 2270 3821 οὕτω
2303 3767 2485 3835 φησὶν,
2521 3766 2602 3818 ὅτι
2639 3768 2798 3835 Ἀχρι
2840 3765 2983 3830 τίνος
3028 3768 3086 3818 ὲν
3129 3765 3520 3836 ταλαιπωρίαις
3554 3764 3687 3820 πολ-

420 3862 556 3925 λαῖς
585 3860 963 3930 ἐξεταζόμενος
986 3858 1092 3928 βοῶ
1124 3858 1221 3927 μὲν
1253 3857 1419 3911 αίτῶν
1450 3859 1548 3929 τὴν
1578 3859 1674 3929 σὴν
1715 3859 1981 3930 βοήθειαν,
2009 3861 2068 3912 οὐ
2097 3860 2344 3929 τυγχάνω
2367 3859 2423 3911 δὲ
2453 3859 2686 3927 ταύτης

520 3975 682 4028 Vens.
716 3972 833 4026 5-5.
867 3999 933 4013 —-
964 3989 981 4019 ε
1013 3970 1195 4035 Quare
1225 3968 1356 4021 mihi
1391 3969 1683 4023 ostendisti
1719 3970 1934 4024 labores
1955 3981 2008 4024 et

437 4069 675 4129 dolores,
745 4065 931 4116 Videre
989 4063 1265 4117 miseriam
1323 4069 1376 4113 et
1437 4061 1854 4128 impietatemh
1921 4059 2007 4112 Nil

440 4157 588 4211 aliud
631 4157 876 4225 quotidie
913 4155 1072 4208 video
1115 4153 1220 4212 nisi
1277 4151 1517 4205 laborem
1570 4160 1735 4220 atque
1782 4167 2006 4221 pressu-

441 4264 579 4310 ram,
626 4261 786 4315 quam
831 4246 971 4297 mala
1012 4254 1190 4299 mente
1235 4244 1512 4314 principes
1542 4244 1876 4313 pauperibus
1919 4245 2003 4297 in-

439 4341 584 4392 ferre
626 4343 914 4389 conantur.
950 4353 968 4384 ι
1004 4335 1205 4388 Contra
1247 4349 1334 4388 me
1367 4331 1568 4386 factum
1599 4345 1684 4388 est
1711 4333 2002 4403 judicium,

430 4440 493 4480 et
532 4427 700 4496 Judex
747 4425 962 4494 accipit.
1012 4423 1307 4492 Propterea
1363 4422 1628 4493 dissipata
1673 4432 1757 4477 est
1797 4424 1903 4485 lex,
1951 4433 2004 4477 et

440 4537 550 4572 non
581 4518 870 4573 deducitur
901 4517 967 4569 ad
1003 4514 1160 4568 tinem
1191 4513 1478 4582 judicium.
1523 4532 1540 4564 ι
1577 4512 1789 4578 Queror
1827 4514 2008 4581 itaque

437 4611 581 4680 quod
620 4626 759 4680 saepe
807 4609 936 4672 vidi,
975 4622 1168 4674 nempe
1194 4605 1406 4674 judicio
1454 4605 1723 4668 instituto,
1751 4603 1844 4671 jus
1884 4618 2004 4657 om-

438 4703 572 4754 nino
591 4700 887 4760 contemni,
917 4697 1010 4752 sed
1037 4696 1419 4764 respicientem
1449 4708 1715 4762 personas
1741 4692 2004 4760 judicent,

429 4795 582 4844 hunc
611 4791 713 4846 sibi
747 4802 1050 4858 proponere
1078 4785 1362 4841 sententiae
1386 4800 1497 4838 suae
1524 4797 1776 4851 scopum,
1810 4796 2006 4835 cumu-

439 4881 601 4936 lando
660 4879 870 4934 scilicet
907 4875 1070 4946 23A.
1099 4874 1345 4943 Oppressi
1403 4871 1817 4926 detrimentum.
1868 4869 2007 4924 Hinc

441 4971 616 5042 legum
650 4980 865 5025 tuarum
898 4965 1242 5021 observantia
1267 4963 1586 5033 negligitur,
1621 4961 1879 5030 nullaque
1907 4961 2005 5012 ha-

437 5073 561 5114 rum
586 5061 722 5114 ratio
754 5059 987 5113 habetur
1014 5075 1026 5110 :
1053 5056 1257 5110 uuliius
1275 5054 1464 5123 judicii
1493 5054 1670 5108 bonus
1699 5061 1781 5108 est
1805 5053 2004 5114 exitus,

441 5149 534 5205 sed
587 5147 876 5204 manifesta
929 5147 1220 5216 iniquitate
1269 5145 1497 5199 laborat.
1556 5162 1574 5194 ι
1611 5143 1751 5210 Quia
1804 5143 2007 5212 impius

439 5239 696 5308 praevalet
749 5241 1014 5294 adversus
1041 5239 1272 5308 justum.
1310 5256 1327 5288 ι
1364 5235 1466 5302 Qui
1512 5235 1678 5305 igitur
1717 5235 1880 5304 impie
1916 5236 1998 5288 vi-

438 5333 592 5388 vunt,
627 5335 680 5378 et
709 5326 944 5394 legitima
975 5325 1248 5395 tua~pensi
1281 5339 1388 5379 non
1421 5325 1642 5387 habent,
1673 5323 1999 5392 iniuriarum

429 5411 601 5468 ‘umnc
643 5430 812 5484 genus
851 5431 949 5483 pro
995 5430 1092 5469 sua
1145 5415 1590 5486 prapotentia-in
1635 5429 1836 5484 egenos
1873 5428 2000 5468 cou-

442 5500 644 5560 fernnt.
686 5503 816 5556 Nam
867 5506 1071 5570 justum
1115 5508 1217 5559 hoc
1270 5510 1388 5562 loco
1420 5505 1552 5560 dicit
1601 5519 1696 5574 pro
1741 5520 2001 5574 oppresso

550 5635 594 5670 “
624 5635 762 5690 l’sal.
806 5652 855 5694 x,
906 5639 947 5689 l.
1064 5640 1104 5668 ¹⁹
1143 5639 1284 5692 Psul.
1316 5655 1504 5701 Lxxm,
1533 5640 1578 5691 i.

1694 5642 1735 5670 ‘°
1769 5639 1880 5693 Jer.
1916 5656 2011 5702 xtl,
2047 5640 2094 5692 1.

2184 3970 2330 4038 Στίχ.
2363 3975 2500 4036 γὀε¹.
2555 3997 2623 4009 —--
2673 3987 2691 4020 ι
2722 3967 2838 4022 Ἵνα
2874 3970 2926 4021 τί
2973 3987 3060 4038 μοι
3090 3970 3298 4043 ἔδειξας·
3341 3971 3541 4032 κόπους
3586 3971 3686 4026 καὶ

2114 4065 2308 4125 πόνους
2334 4063 2642 4116 ἐπιϐλέπειν
2685 4064 2776 4115 ἐπὶ
2805 4064 3175 4134 ταλαιπωρίαν
3204 4064 3296 4117 καὶ
3331 4065 3618 4129 ἀσέϐειανς
3658 4085 3678 4116 ι

2113 4156 2278 4208 οὐδὲν
2301 4155 2430 4222 γοῦν
2457 4155 2644 4225 ἕτερον
2672 4153 2794 4206 καθ’
2833 4154 3066 4223 ἑκάστην
3103 4153 3316 4223 ἡμέραν
3341 4152 3474 4222 ὁρῶ,
3507 4152 3621 4206 ἀλλ’
3646 4154 3682 4222 ἢ

2111 4244 2273 4297 πόνον
2305 4245 2399 4297 καὶ
2429 4243 2736 4313 συντριϐὴν,
2770 4243 2836 4312 ἢν
2869 4244 2916 4294 oi
2955 4241 3367 4303 δυναστεύοντες
3400 4241 3588 4294 ἀσεϐεῖ
3612 4245 3681 4309 τῇ

2111 4334 2303 4406 γνώμῃ
2323 4337 2434 4398 τοῖς
2461 4336 2682 4403 πένησιν
2709 4335 2931 4401 ἐπάγειν
2955 4329 3267 4402 πειρῶνται.
3303 4351 3321 4382 ι
3346 4332 3685 4396 Ἐξεναντίας

2113 4443 2213 4494 μου
2240 4426 2431 4494 γέγονε
2466 4427 2666 4496 κρίσις,
2693 4427 2787 4478 καὶ
2819 4427 2846 4477 6
2873 4424 3062 4494 κριτὴς
3098 4423 3382 4493 λαμϐάνειο
3413 4422 3500 4475 διὰ
3523 4421 3684 4476 τοῦτο

2106 4517 2473 4570 διεσκέδαπαι
2521 4518 2701 4586 νόμος,
2738 4514 2813 4585 (p.
2846 4516 2970 4582 557)
3020 4517 3110 4567 καὶ
3155 4515 3214 4568 οὺ
3253 4513 3557 4582 διεξάγεται
3599 4514 3682 4576 είς

2108 4607 2258 4669 τέλος
2286 4610 2478 4676 κρῖμα.
2507 4627 2525 4658 ι
2578 4607 2849 4677 Αίτιῶμαι
2875 4605 3004 4672 γοῦν
3043 4606 3077 4658 ἀ
3109 4606 3364 4669 πολλάκις
3403 4601 3562 4666 εἶδον,
3595 4604 3679 4656 ὅτι

2106 4693 2260 4765 δίκης
2293 4694 2760 4766 συγκροτουμένης
2814 4697 3118 4765 παρορᾶται
3166 4695 3264 4763 μὲν
3305 4693 3580 4756 παντελῶς
3615 4693 3681 4744 τὸ

2107 4787 2330 4850 δίκαιον,
2359 4787 2496 4856 πρὸς
2529 4788 2783 4856 σχήματα
2805 4785 2863 4837 δὲ
2895 4785 3085 4854 όρῶνό
3114 4786 3373 4855 δικαστὴς
3411 4785 3584 4852 τούτῳ
3617 4783 3680 4836 τὺ

2109 4875 2281 4944 πέρας
2323 4878 2553 4928 ποιεῖται
2583 4875 2685 4943 τῆς
2721 4875 2907 4943 δίκης,
2955 4873 3204 4938 ὲπαύξων
3251 4872 3329 4941 τῷ
3363 4871 3679 4943 ἠδικημένῳ

2106 4967 2205 5037 τὴν
2229 4965 2456 5036 βλάϐην*
2502 4965 2745 5018 ἐντεῦθεν
2769 4965 2898 5032 γοῦν
2921 4965 3193 5035 ἠμέληται
3233 4965 3332 5034 μὲν
3365 4964 3473 5018 τῶν
3495 4965 3677 5033 νόμων

2107 5056 2214 5108 τῶν
2243 5057 2351 5108 σῶν
2379 5058 2412 5125 ὴ
2438 5054 2711 5125 ἀκρίϐεια,
2735 5057 2829 5108 καὶ
2855 5055 3009 5123 λόγος
3039 5056 3245 5109 τούτων
3271 5056 3450 5117 οὐθεὶς
3474 5054 3671 5108 οὐδενί·

2105 5147 2225 5218 δίκη
2257 5147 2313 5199 δὲ
2334 5146 2556 5217 οὐδεμία
2585 5147 2755 5217 πέρας
2791 5147 3003 5215 δέχεται
3036 5146 3289 5217 χρηστόν,
3313 5145 3427 5199 ἀλλ’
3455 5147 3536 5207 είς
3561 5144 3680 5197 ἀδια-

2107 5239 2233 5291 κίαν
2277 5237 2538 5310 πρόδηλον
2574 5238 2850 5307 καταντᾷ.
2910 5255 2929 5288 ι
2961 5239 3085 5291 Ὅτι
3121 5240 3150 5290 6
3181 5237 3386 5306 ἀσεϐὴς
3442 5235 3679 5288 καταδυ-

2107 5329 2353 5383 ναστεύει
2379 5330 2470 5381 τὸν
2495 5329 2720 5383 δίκαιον.
2748 5348 2766 5380 ι
2786 5331 2847 5383 Oi
2877 5329 3254 5400 γοῦνιάσεϐεία
3283 5327 3554 5392 συζῶντες
3581 5326 3680 5381 καὶ¹

2111 5419 2219 5468 τῶν
2254 5417 2359 5469 σῶν
2389 5418 2633 5487 νομίμων
2661 5417 2852 5470 οὐδένα
2883 5418 3195 5488 ποιούμενοι
3227 5417 3412 5486 λόγον,
3447 5417 3558 5470 πᾶν
3595 5411 3681 5468 εῐ-

2109 5507 2193 5568 δος
2226 5507 2485 5576 ἐπηρείας
2519 5507 2657 5560 κατὰ
2694 5508 2793 5577 τὴν
2817 5507 3026 5561 οἰκείαν
3051 5508 3368 5562 δυναστείαν
3404 5509 3679 5576 ἐπάγουσι

2207 5644 2245 5670 ’ί
2278 5639 2420 5696 Psal.
2465 5655 2623 5705 xxxv,
2666 5640 2716 5694 6.
