4022 6138
288 311 406 365 δας

1230 340 1237 343 -
1287 302 1842 361 COMMENTARIUS
1879 301 1944 361 ΙΝ
1986 302 2334 361 HABACUCI
2372 305 2526 363 CAP.
2560 306 2601 360 Ι.

3438 311 3549 367 650

297 431 413 492 τοῖς
440 423 758 495 πενομένοις
782 440 793 453 ·
818 424 1065 503 δίκαιον
1102 423 1209 494 γάρ
1253 422 1488 477 ἐνταῦθα
1528 423 1620 476 τὸν
1654 423 1870 478 ἀδικού-

1977 438 2234 496 paupere,
2288 425 2381 495 qui
2427 424 2635 493 justam
2678 424 3008 494 impetrandi
3043 424 3417 482 defensionem
3463 427 3548 482 di-

299 534 457 590 μενον
499 516 709 589 πένητα
755 508 948 579 καλεῖ,
1002 515 1077 578 ὡς
1117 515 1328 578 δικαίας
1371 532 1434 583 γε
1484 516 1582 585 τῆς
1630 516 1870 579 ἐκδικίας

294 608 636 679 τευξόμενον.
700 626 720 669 ι
754 607 982 682 Ἕνεκεν
1008 606 1202 661 τούτου
1232 605 1570 670 ἐξελεύσεται
1595 607 1655 659 τὸ
1700 610 1871 678 κρῖμα

292 698 743 771 διεστραμμένον.
791 718 812 750 s
859 697 1140 752 Ἐντεῦθεν
1181 696 1301 750 οὐδὲ
1351 696 1501 768 παρά
1542 696 1636 750 τοῦ
1680 697 1868 769 κριτοῦ

296 790 579 859 γινόμενόν
603 807 658 843 τι
690 788 768 859 μὴ
811 787 1242 860 διεστραμμένον
1273 788 1371 841 ῐδοι
1404 805 1487 852 τις
1528 787 1595 842 ἄν
1622 806 1635 819 ·
1683 788 1869 859 ἐπειδὴ

293 881 547 947 κάκεῖνος
572 878 795 949 ἀμελῶν
823 876 918 931 τοῦ
948 878 1161 934 δικαίου
1189 876 1325 948 πρὸς
1363 876 1455 931 τὸν
1479 876 1873 930 δυναστεύοντα

288 973 390 1041 τὴν
427 972 612 1024 πᾶσαν
646 968 763 1039 ἔχει
798 969 991 1041 ῥοπήν.
1035 965 1171 1021 Εἶτα
1213 969 1311 1039 τὴν
1342 968 1452 1022 τῶν
1483 968 1871 1039 πραττομένων

289 1061 688 1131 αἰτιασάμενος
713 1058 944 1114 ἀτοπίαν
974 1059 1033 1112 ἐν
1056 1057 1291 1122 τούτοις,
1331 1059 1526 1127 ἐπάγει
1567 1057 1749 1110 λοιπὸν
1774 1056 1870 1126 τὴν

288 1151 569 1220 τιμωρίαν
593 1166 608 1179 ·
662 1148 738 1213 ὼς
780 1147 847 1201 ἂν
885 1147 1023 1218 μετά
1067 1146 1165 1221 τὴν
1214 1146 1451 1211 ἔντευξιν
1477 1146 1586 1199 τῶν
1620 1142 1754 1216 πρὸς
1780 1146 1871 1199 τὸν

289 1240 425 1294 Θεὸν
459 1240 518 1306 ἐξ
563 1236 959 1307 ἀποκαλύψεως
1003 1235 1153 1302 θείας
1200 1235 1454 1306 ἐγνωκώς
1485 1252 1546 1288 τε
1574 1234 1745 1305 αὐτὴν
1777 1234 1872 1288 καὶ

292 1331 520 1402 μηνύων
552 1330 727 1391 ἅπασι
748 1329 992 1391 δικαίως.
1047 1346 1066 1379 ι
1102 1328 1290 1391 Ἴδετε,
1335 1329 1386 1385 οἱ
1438 1326 1869 1397 καταφρονηταὶ,

292 1424 381 1475 καὶ
410 1420 764 1491 ἐπιϐλέψατε,
795 1420 889 1474 καὶ
913 1420 1248 1490 θαυμάσατεο
1281 1419 1377 1472 καὶ
1405 1417 1541 1475 ἴδετε
1569 1416 1868 1487 θαυμάσια,

290 1515 385 1567 καὶ
411 1511 750 1582 ἀφανίσθητε
775 1529 788 1540 ·
831 1511 967 1565 διότι
997 1498 1157 1581 ἔργον
1189 1508 1300 1580 ἐγὼ
1329 1509 1632 1582 ἐργάζομαι
1660 1508 1717 1561 ἐν
1759 1511 1874 1571 ταῖς

216 1620 219 1622 ’
290 1603 523 1674 ἡμέραις
580 1602 769 1672 ὑμῶν,
828 1600 858 1653 ὃ
900 1600 961 1654 ού
995 1600 1070 1672 μὴ
1102 1599 1430 1670 πιστεύσητε
1472 1601 1566 1654 ἐάν
1605 1614 1688 1661 τις
1727 1594 1871 1651 ἐκδι-

291 1696 519 1764 ηγῆται,
546 1711 568 1743 ι
607 1694 683 1763 (p.
708 1692 837 1761 358)
898 1690 1059 1746 Ἀλλά
1105 1691 1214 1763 γὰρ
1250 1693 1352 1745 οὐκ
1403 1693 1483 1755 είς
1511 1691 1571 1744 τὸ
1612 1688 1873 1751 παντελὲς

1971 531 2114 587 gnus
2167 526 2305 571 erat.
2369 538 2386 569 ι
2418 513 2715 588 PrOpterea
2757 517 3069 588 egredietur
3102 518 3369 589 judicium
3392 510 3545 592 ’ρει-

1974 622 2214 662 versum.
2251 625 2270 658 ι
2313 604 2451 660 llinc
2481 608 2616 660 nihil
2640 622 2705 661 ne
2733 622 2761 659 a
2793 607 2980 675 judice
3010 608 3229 678 quidem
3277 610 3381 666 nisi
3427 625 3550 681 per-

1973 712 2193 751 versum
2253 697 2367 751 ﬁeri
2403 697 2693 767 quisquam
2724 696 2937 765 videat;
2970 714 3093 753 nam
3132 706 3185 754 et
3219 699 3344 761 iste.
3388 702 3549 772 aequi-

1972 795 2081 845 tate
2110 787 2338 853 omissa,
2368 788 2436 845 ad
2458 797 2731 863 potentem
2766 796 2881 842 toto
2913 791 2997 844 sui
3026 790 3264 860 pondere
3297 791 3545 847 inclinat.

1972 875 2178 933 Deinde
2212 878 2351 932 hanc
2377 892 2601 947 operum
2630 878 2928 933 sazvitatem
2964 880 3306 949 vituperans.
3329 896 3544 955 poenam

1974 983 2098 1022 mox
2133 968 2345 1031 subdit,
2376 968 2536 1039 quasi
2571 968 2709 1025 hanc
2740 968 2794 1022 in
2826 976 3062 1025 tractatu
3091 986 3216 1027 cum
3252 969 3362 1026 Deo
3391 988 3548 1028 rere-

1974 1057 2175 1115 latione
2205 1074 2441 1128 superna
2492 1059 2758 1126 novisset,
2808 1075 3042 1129 eamque
3094 1065 3288 1119 merito
3330 1066 3549 1120 cunctis

1973 1148 2341 1219 portenderet.
2380 1169 2397 1200 ι
2438 1147 2650 1213 Videte,
2696 1158 3137 1223 contemptores,
3182 1161 3236 1208 et
3270 1156 3545 1225 respicite,

1973 1253 2024 1297 et
2051 1242 2417 1315 admiramini,
2467 1251 2522 1295 et
2557 1250 2802 1311 spectate
2845 1244 3135 1306 mirabilia.
3178 1254 3233 1300 et
3276 1244 3546 1323 disperdi-

1973 1331 2129 1398 mini,
2154 1332 2283 1401 quia
2315 1346 2454 1400 opus
2480 1346 2582 1402 ego
2613 1346 2812 1401 operor
2845 1331 2901 1385 in
2927 1333 3119 1390 diebus
3152 1336 3375 1403 vestris,
3400 1337 3546 1408 quod

1974 1439 2083 1477 non
2140 1422 2443 1478 crederetis
2489 1424 2534 1479 si
2594 1424 2717 1493 quis
2772 1432 3042 1479 narraret.
3077 1443 3094 1475 ι
3160 1423 3545 1483 Verumtamen

1975 1517 2122 1587 baud
2176 1525 2440 1587 perpetuo
2488 1517 2603 1572 hanc
2654 1532 2683 1569 a
2717 1517 2874 1572 vobis
2918 1516 3034 1572 ﬁeri
3079 1526 3332 1587 poterunt
3377 1519 3546 1579 divini

1969 1605 2165 1676 judicii
2230 1594 2703 1675 contemp'toribus
2757 1623 2771 1658 :
2816 1605 3070 1665 videbitis
3142 1608 3286 1660 enim
3353 1610 3545 1665 miram

1975 1694 2265 1763 quamdam
2286 1693 2622 1763 punitionem
2651 1692 3139 1764 vobisimpactam,
3166 1701 3219 1747 et
3236 1695 3549 1750 omnimodo

291 1783 426 1852 ὑμῖν
462 1782 683 1847 ἐξέσται
717 1778 943 1839 ⁹;οιαγί’›τα
977 1782 1150 1833 ποιεῖν
1187 1781 1286 1851 τῆς
1331 1780 1563 1851 κρίσεως
1595 1795 1870 1850 καταφρο-

1977 1782 2145 1837 exitio
2194 1796 2420 1851 parem;
2474 1795 2711 1849 namque
2765 1779 2838 1834 ita
2885 1779 3029 1834 Deus
3060 1780 3339 1837 vobiscum
3388 1793 3543 1855 aget:

288 1874 445 1928 νοῧσι
468 1875 570 1944 τῆς
602 1873 753 1937 θείας
774 1891 787 1904 ·
830 1871 1027 1941 ὄψεσθε
1058 1873 1166 1943 γὰρ
1204 1872 1521 1944 θαυμαστήν
1549 1888 1671 1925 τινα
1702 1886 1870 1941 τιμω-

290 1965 416 2035 ρίαν
454 1963 806 2035 ἐπαγομένην
841 1965 1004 2033 ὑμῖν,
1044 1962 1137 2017 καὶ
1164 1964 1301 2037 πρὸς
1332 1963 1639 2034 ἀφανισμὸν
1670 1960 1870 2033 ἀρκοῦ-

290 2071 393 2107 σαν
442 2054 722 2125 παντελῆ,
778 2050 965 2123 ἐπειδὴ
1012 2050 1237 2106 τοιαῦτα
1284 2053 1413 2137 ύμῖν
1457 2051 1648 2120 ἐπάξει
1698 2051 1831 2116 Θεὸς
1853 2068 1865 2081 ·

1977 1871 2175 1942 quippe
2221 1871 2293 1923 ita
2328 1870 2509 1923 valent
2538 1871 2739 1924 verba:
2782 1863 3045 1940 Opusego
3077 1871 3549 1943 operabor,-quod

1978 1959 2297 2013 incredibile
2344 1957 2907 2035 narratujvidebitur,
2942 1965 3069 2017 ante
3118 1959 3284 2029 hujus
3331 1963 3549 2033 expeti-

1978 2059 2242 2105 mentum.
2280 2048 2435 2113 Quod
2464 2048 2626 2118 quale
2663 2049 2755 2112 sit,
2791 2048 2962 2103 dicit.

287 2144 449 2199 τοῦτο
470 2145 584 2216 γὰρ
617 2144 788 2211 λέγει,
809 2146 1029 2223 Ἔργον
1042 2149 1157 2227 ἐγὼ
1171 2143 1501 2216 ἐργάζομαι,
1524 2146 1553 2198 ὃ
1587 2146 1685 2205 καὶ
1729 2144 1956 2200 ἄπιστον
1995 2140 2060 2199 ἂν
2093 2141 2156 2201 ἐκ
2210 2139 2377 2209 μόνης
2424 2138 2724 2209 διηγήσεως
2770 2138 2978 2207 γένοιτο
3026 2141 3137 2219 πρὸ
3168 2142 3267 2215 τῆς
3316 2139 3509 2212 πείρας
3533 2159 3547 2172 ·

293 2240 443 2292 ποῖον
467 2237 628 2291 τοῦτο
654 2236 847 2306 λέγων.

364 2330 512 2400 Στίχ.
544 2329 700 2401 ς’-η”.
733 2349 830 2383 -ι
859 2330 1001 2385 Διότι
1032 2330 1143 2399 ἐγὼ
1171 2330 1373 2401 ἐγείρω
1399 2330 1525 2393 τοὺς
1551 2329 1869 2392 Χαλδαίους,

297 2420 356 2477 τὸ
377 2418 527 2484 ἔθνος
558 2421 621 2474 τὸ
671 2420 866 2490 πικρὸν
900 2420 993 2479 καὶ
1026 2420 1088 2473 τὸ
1131 2419 1370 2490 ⁶ιιαχινδν,
1414 2418 1477 2472 τὸ
1510 2418 1872 2491 πορευόμενον

298 2508 389 2561 ἐπὶ
446 2506 517 2559 τὰ
573 2505 751 2579 πλάτη
814 2505 913 2579 τῆς
964 2506 1067 2577 γῆς
1093 2545 1107 2566 ,
1166 2505 1260 2560 τοῦ
1323 2504 1873 2575 κατακληρονομῆσαι

302 2594 632 2667 σκηνώματα
659 2594 759 2649 οὐκ
792 2593 979 2649 αὐτοῦ.
1008 2613 1027 2646 ι
1074 2593 1291 2660 Ἑπάξω
1317 2595 1423 2665 γὰρ
1458 2596 1584 2665 ὑμῖν
1614 2593 1739 2657 τοὺς
1768 2591 1874 2646 Βα-

262 2678 275 2685 ’
303 2685 589 2749 sum;
638 2685 741 2756 τῆς
767 2685 1038 2756 τοσαύτης
1069 2686 1224 2758 ὑμῶν
1268 2686 1453 2739 ἕνεκεν
1509 2684 1869 2757 παρανομίας,

308 2777 461 2840 εθνος
490 2776 780 2847 ὠμότατον,
812 2776 908 2830 καὶ
942 2776 1078 2848 μετά
1114 2774 1308 2835 πολλοῦ
1340 2774 1431 2832 τοῦ
1472 2776 1668 2846 τάχους
1694 2776 1875 2831 ἐπιτε-

312 2865 440 2922 λοῦν
464 2866 501 2920 ἃ
525 2867 785 2937 βούλεται,
829 2867 860 2925 θ
893 2870 1070 2921 πᾶσαν
1119 2867 1208 2921 διὰ
1248 2867 1348 2941 τὴν
1388 2865 1695 2939 προσοῦσαν
1728 2863 1875 2934 αὐτῷ

308 2959 527 3031 δύναμιν
553 2956 749 3033 μικροῦ
779 2976 845 3028 γε
873 2958 1222 3017 ἐπελεύσεται
1246 2961 1344 3032 τὴν
1373 2959 1499 3029 γῆν,
1526 2957 1602 3023 ὡς
1630 2956 1697 3012 ἂν
1731 2974 1878 3028 περι-

302 3051 511 3112 ϐάλοιτο
556 3053 772 3124 κτῆσιν,
808 3051 907 3122 τὴν
954 3052 1265 3124 μηδαμόθεν
1296 3050 1447 3120 αὑτῷ
1495 3051 1877 3120 προσήκουσαν

304 3139 583 3214 μηδαμῶς.
621 3159 640 3192 ι
659 3139 890 3212 Φοὸερὺς
922 3141 1016 3194 καὶ
1044 3123 1315 3211 ἐπιφανής
1344 3141 1481 3203 ἐστι,
1504 3158 1523 3189 ι
1554 3136 1750 3190 πολλοῦ
1780 3136 1871 3204 γέ·
1902 3123 1947 3184 C

304 3250 419 3303 μων
462 3232 557 3285 τοῦ
606 3231 772 3301 φόϐου
807 3231 903 3284 καὶ
936 3230 1253 3305 καταφανὴς
1292 3230 1494 3291 ἅπασιν
1524 3231 1589 3283 ἐκ
1618 3227 1873 3280 δύνασθαι

302 3323 530 3393 μεγάλα.
575 3341 593 3375 ι
618 3322 710 3397 Ἐξ
736 3320 905 3385 αὐτοῦ
932 3322 993 3376 τὸ
1019 3324 1191 3396 κρῖμα
1234 3320 1401 3376 αὐτοῦ
1450 3319 1632 3383 ἔσται,
1685 3319 1780 3373 καὶ
1814 3319 1874 3371 τὸ

301 3414 492 3485 λῆμμα
516 3412 684 3469 αὑτοῦ
715 3412 777 3478 ἐξ
798 3406 961 3467 αὐτοῦ
997 3413 1352 3480 ἐξελεύσεται.
1376 3433 1394 3466 ι
1433 3413 1602 3467 Οὐθὲν
1626 3413 1722 3482 τῆς
1755 3411 1873 3464 ἑτέ-

307 3522 398 3577 ρου
417 3506 667 3576 δεόμενος
700 3507 1031 3578 συμμαχίας,
1051 3507 1163 3559 ἀλλ’
1185 3507 1344 3569 αὐτὸς
1366 3507 1542 3577 οἰκεία
1565 3508 1631 3576 τῇ
1651 3504 1874 3573 δυνάμει

304 3597 477 3650 πάντα
505 3597 993 3670 διαπραττόμενος,
1029 3597 1169 3650 ὥστε
1213 3597 1309 3653 καὶ
1344 3597 1550 3666 κρίνειν
1583 3595 1675 3648 καὶ
1707 3611 1874 3647 κατα-

304 3689 519 3759 κρατεῖν
551 3680 626 3741 ὧν
661 3689 929 3759 βούλεται,
955 3688 1148 3760 ἀθρόον
1192 3705 1253 3741 τε
1284 3689 1350 3759 ἢν
1390 3687 1455 3741 ἂν
1504 3684 1663 3756 ἐθέλῃ
1702 3702 1870 3754 τιμωο

307 3775 426 3846 ρίαν
456 3776 681 3845 ἐπάγειν
715 3779 918 3843 αὐτοῖς.
970 3798 988 3830 ι
1011 3780 1121 3832 Καὶ
1151 3776 1465 3845 ἐξαλοῦνται
1495 3775 1634 3845 ὑπὲρ
1675 3773 1876 3844 παρδά-

302 3865 413 3929 λεις
451 3870 500 3920 οἱ
544 3868 703 3927 ἵπποι
731 3869 922 3934 αὐτοῦ,
958 3870 1051 3923 καὶ
1071 3868 1314 3940 ὀξύτεροι
1348 3867 1487 3938 ὑπὲρ
1518 3867 1646 3929 τοὺς
1679 3866 1875 3929 λύκους

303 3956 403 4027 τῆς
450 3958 708 4037 ’Δραὸίας
735 3999 751 4022 ,
792 3960 888 4015 καὶ
937 3960 1326 4027 ὲξιππάσονται
1368 3963 1417 4013 oi
1472 3959 1628 4012 ἵπποι
1686 3955 1872 4021 αὐτοῦ,

308 4046 384 4117 (ρ.
404 4047 529 4120 359)
560 4051 655 4104 xci.
678 4037 979 4123 ὁρμήσουσι
1007 4051 1297 4122 μακρόθεν’
1325 4050 1419 4103 καὶ
1447 4049 1875 4119 πετασθήσονται

305 4137 381 4202 ὡς
400 4141 551 4206 ἀετὸς
569 4141 849 4216 πρόθυμος
880 4142 972 4199 ἐπὶ
998 4143 1058 4196 τὸ
1084 4145 1294 4212 φαγεῖν.
1320 4161 1337 4194 ι
1374 4140 1617 4194 Ἱππικὸν
1655 4141 1752 4208 μὲν
1782 4140 1875 4192 αύ-

306 4228 385 4297 τῷ
416 4232 927 4302 παρεσκευασμένον
954 4233 1069 4285 ἐστὶ
1105 4231 1242 4303 πρὸς
1274 4229 1530 4301 πόλεμον,
1560 4226 1875 4301 παρδάλεών

309 4335 366 4371 τε
402 4322 495 4374 καὶ
534 4321 642 4375 τῶν
689 4324 832 4377 κατά
856 4323 953 4399 τὴν
1003 4322 1259 4393 Ἀραϐίαν
1288 4320 1465 4374 λύκων
1498 4319 1749 4391 ὀξύτερον
1771 4334 1784 4347 ·
1826 4318 1874 4373 οἱ

308 4409 363 4466 δὲ
393 4412 712 4476 ἱππεύοντες
758 4411 992 4483 τοσαύτῃ
1031 4411 1169 4482 πρὸς
1195 4411 1255 4463 τὸ
1287 4410 1543 4480 πολεμεῖν
1582 4408 1875 4479 κέχρηνται

2043 2323 2213 2381 Vens.
2246 2322 2366 2379 6-8.
2401 2353 2470 2363 —
2498 2342 2516 2373 ι
2554 2321 2693 2388 Quia
2717 2338 2815 2397 ego
2846 2322 3131 2387 Chaldaeos
3154 2328 3382 2392 suscito,
3424 2344 3549 2398 geu-

1972 2426 2079 2471 tem
2117 2415 2370 2470 acerbam
2417 2421 2471 2469 et
2500 2414 2765 2476 velocem,
2794 2430 2917 2486 qua
2940 2417 3185 2477 ambulat
3224 2433 3392 2490 super
3430 2420 3552 2476 lati-

1976 2504 2194 2561 tudines
2225 2515 2402 2567 term.
2437 2510 2496 2559 ut
2525 2504 2806 2577 possideat
2836 2506 3190 2562 tabernacula
3226 2525 3335 2567 non
3364 2514 3483 2569 sua;
3525 2529 3545 2561 ι

1969 2597 2253 2656 Adducam
2301 2603 2498 2652 contra
2559 2610 2659 2653 vos
2694 2595 3045 2667 Babylonios,
3081 2608 3302 2669 propter
3334 2608 3545 2657 tantum

1973 2690 2157 2746 scelus
2176 2696 2439 2754 vestrum,
2472 2697 2690 2761 gentem
2726 2689 3107 2755 suavissimam,
3131 2700 3185 2748 et
3219 2693 3286 2753 ad
3316 2692 3370 2749 id
3401 2692 3552 2763 quod

1971 2781 2209 2835 voluerit
2236 2780 2650 2853 exsequendum
2680 2781 3173 2852 expeditissimam,
3198 2799 3320 2854 qua
3342 2786 3551 2844 viribus

1973 2872 2179 2943 quibus
2230 2868 2399 2941 pollet
2427 2871 2741 2931 universam
2794 2872 2963 2931 ferme
2994 2881 3199 2929 terram
3238 2878 3550 2947 occupabit.

1982 2970 2042 3017 ut
2069 2975 2132 3015 ea
2168 2961 2273 3023 sibi
2298 2961 2578 3031 subjiciat,
2618 2976 2743 3032 qua
2776 2962 3092 3020 nullatenus
3120 2962 3191 3019 ad
3219 2978 3279 3020 se
3313 2967 3553 3037 pertine—

1973 3050 2125 3107 bant.
2173 3069 2190 3101 ι
2231 3048 2516 3107 Terribilis
2544 3050 2705 3124 235
2733 3060 2789 3109 et
2820 3052 3049 3108 illustris
3103 3064 3188 3112 est
3221 3074 3240 3112 ρ
3292 3055 3553 3121 multum-

1978 3157 2084 3213 que
2132 3148 2399 3197 terrorem
2446 3140 2713 3209 aﬂ‘erens,
2767 3155 3008 3216 notaque
3055 3146 3311 3204 omnibus
3351 3147 3421 3211 ob
3451 3162 3550 3220 po-

1980 3233 2164 3289 tentia:
2192 3248 2306 3288 sua:
2334 3233 2793 3303 magnitudinem.
2830 3253 2849 3286 ι
2892 3237 2969 3291 Ex
2992 3236 3109 3307 ipsa
3132 3237 3401 3306 judicium
3432 3240 3553 3307 ejus

1979 3322 2109 3386 erit,
2151 3330 2206 3377 et
2243 3321 2549 3391 assumptio
2598 3322 2720 3392 ejus
2759 3339 2826 3378 ex
2859 3323 2975 3394 ipsa
3019 3326 3346 3395 egredietur.
3379 3345 3400 3377 ι
3429 3323 3548 3380 Nul-

1980 3413 2088 3469 lius
2120 3414 2324 3467 auxilio
2370 3412 2648 3483 indigens,
2690 3411 2787 3468 sed
2839 3422 3033 3484 suapte
3073 3416 3311 3486 potentia
3354 3425 3553 3472 cuneta

1980 3519 2310 3579 exsequens,
2361 3504 2436 3557 ita
2480 3511 2538 3557 ut
2581 3511 2636 3557 et
2682 3504 2964 3566 decernat,
3010 3504 3236 3573 etquod
3266 3506 3383 3559 vult
3410 3506 3553 3563 obti-

1980 3602 2129 3658 neat,
2179 3594 2527 3662 subitamque
2566 3609 2664 3662 pro
2713 3610 2814 3649 suo
2843 3595 2997 3653 libito
3038 3609 3255 3665 poenam
3301 3598 3553 3656 hostibus

1981 3680 2264 3750 impingat.
2310 3698 2329 3729 ι
2361 3679 2703 3735 Etexsilient
2734 3682 2857 3751 plus
2879 3697 3038 3751 quam
3075 3682 3230 3752 pardi
3256 3686 3382 3756 equi
3406 3687 3551 3756 ejus,

1981 3769 2370 3854 etqvelociores
2406 3769 2553 3839 lupis
2592 3770 2823 3826 Arabiae.
2857 3770 2923 3825 Et
2968 3774 3292 3845 equitabunt
3336 3779 3553 3847 equites

1981 3858 2122 3926 ejus,
2178 3865 2232 3912 et
2270 3856 2337 3911 de
2381 3858 2682 3929 longinquo
2733 3861 2961 3924 irruent,
2997 3872 3053 3917 et
3105 3865 3362 3921 volabunt
3395 3872 3547 3937 quasi

1983 3946 2165 4029 aquila
2203 3946 2270 3999 ad
2302 3945 2601 3999 vorandum
2630 3948 2856 4017 percita.
2889 3969 2907 4002 ι
2952 3947 3239 4021 Equitatus
3274 3960 3355 4007 est
3379 3955 3457 4008 illi
3479 3960 3548 4011 ad

1986 4038 2190 4094 bellum
2235 4046 2482 4109 paratus,
2532 4039 2724 4108 pardis
2766 4048 2820 4093 et
2862 4041 3076 4101 Arabiae
3119 4044 3261 4117 lupis
3290 4043 3550 4100 velocior.

1989 4128 2202 4187 Tantus
2239 4144 2370 4183 vero
2403 4136 2487 4184 est
2533 4130 2774 4199 equitum
2829 4133 2893 4185 ad
2933 4132 3243 4188 bellandum
3296 4136 3551 4207 impetus.

1983 4230 2045 4275 ut
2078 4220 2146 4275 ad
2176 4221 2502 4291 longinquas
2547 4222 2798 4291 regiones
2836 4224 3090 4279 alacriter
3122 4224 3455 4294 discurrant,
3489 4243 3554 4283 se

1983 4312 2169 4367 volare
2214 4311 2609 4381 propemodum
2659 4313 2949 4368 videantur
2983 4316 3050 4370 iis
3096 4316 3188 4388 qui
3228 4319 3418 4387 procul
3459 4319 3553 4371 ha-

1982 4403 2181 4466 bitant,
2211 4403 2406 4472 aquila:
2438 4404 2614 4456 instar
2632 4419 2755 4473 quae
2783 4406 2840 4458 in
2871 4407 3111 4475 prmdam
3143 4409 3335 4463 insilit.

309 4507 371 4575 τῇ
416 4506 729 4578 προθυμίᾳ,
783 4507 925 4562 ὥστε
967 4505 1297 4580 θαρροῦντας
1340 4504 1432 4558 ἐπὶ
1485 4506 1588 4573 γῆν
1637 4503 1878 4555 ἐλαύνειν
1924 4495 2205 4569 πόρῤωθεν
2255 4495 2544 4568 κειμένην.
2589 4498 2683 4549 καὶ
2732 4496 2892 4565 μόνον
2931 4501 3030 4561 οὐκ
3072 4494 3398 4575 ἐφίπτασθαι
3446 4504 3558 4568 tot;

314 4598 587 4670 πόρρωθεν
624 4597 806 4652 αὐτῶν
836 4599 1241 4670 ἀπῳκισμένοις
1275 4597 1475 4664 δοκεῖν,
1502 4592 1662 4648 ἀετοῦ
1696 4593 1848 4660 δίκην
1887 4589 1978 4645 ἐπὶ
2012 4588 2186 4659 θήραν
2220 4585 2459 4657 ἑτοίμου.

380 4685 523 4757 Στίχ.
556 4685 716 4742 θ’-ιδ¹.
749 4716 820 4726 —
857 4706 876 4738 ι
899 4686 1186 4741 Συντὲλεια
1218 4686 1305 4738 ἐπ’
1349 4683 1567 4745 ἀσεϐεῖς
1588 4681 1709 4752 ἣξει
1740 4679 1868 4734 ἀνθ-

2051 4675 2216 4730 Vsns.
2251 4674 2400 4737 9-H.
2426 4705 2491 4715 —
2529 4695 2547 4726 ι
2583 4675 2997 4733 Consummatio
3043 4680 3097 4732 in
3140 4678 3338 4749 impios
3373 4686 3552 4740 veniet

316 4776 608 4846 εστηκότας
664 4775 942 4847 προσώπῳ
988 4777 1167 4831 αὐτῶν
1221 4774 1281 4841 ἐξ
1337 4772 1604 4835 ἐναντίας.
1633 4790 1651 4822 ι
1715 4765 1875 4822 Οὗτοι

318 4863 516 4927 πάντας
536 4865 662 4925 τοὺς
686 4867 744 4921 ἐν
773 4865 850 4935 τῷ
875 4863 1006 4935 λαῷ,
1036 4865 1134 4934 τὴν
1164 4863 1306 4916 κατά
1334 4861 1443 4915 τῶν
1473 4861 1718 4929 πενήτων
1757 4858 1878 4910 ἀσέ-

316 4952 460 5007 ϐειαν
489 4956 968 5027 ἐπιδεικνυμένους
1013 4953 1293 5015 παντελῶς
1326 4950 1679 5005 ἀπολέσουσιν
1707 4990 1721 5014 ,
1758 4947 1877 4999 οὐδὲ

322 5045 444 5114 πρδς
478 5047 537 5100 τὸ
566 5045 904 5117 βραχύτατον
935 5042 1276 5100 ἀντιϐλέπειν
1300 5042 1515 5105 αὐτοῖς,
1563 5040 1596 5109 ἢ
1627 5037 1879 5093 ἀνθίστα-

320 5133 434 5188 σθαι
460 5135 795 5207 τολμῶντας.
833 5154 851 5186 ι
872 5136 984 5188 Καὶ
1014 5132 1228 5198 συνάξει
1256 5132 1332 5196 ὡς
1373 5132 1555 5202 ἄμμον
1600 5127 1880 5199 αἰχμαλω-

322 5223 431 5279 σίαν
454 5243 466 5255 ’
495 5229 587 5281 καὶ
617 5226 783 5297 αὐτὸς
824 5228 882 5279 ἐν
917 5224 1228 5296 βασιλεῦσιν
1268 5224 1627 5293 ὲντρυφήσει,
1656 5221 1750 5273 καὶ
1782 5217 1878 5270 τύ-

317 5329 498 5384 ραννος
530 5317 767 5386 παίγνια
790 5315 956 5371 αὑτοῦ
983 5331 999 5346 ο
1033 5315 1128 5372 καὶ
1179 5313 1337 5375 αὐτὸς
1362 5313 1440 5375 εἰς
1470 5314 1577 5365 πᾶν
1619 5309 1882 5382 ὀχύρωμα

318 5407 627 5475 ἐμπαίξεται
649 5449 666 5474 ,
695 5408 792 5461 καὶ
822 5406 972 5477 βαλεῖ
993 5405 1158 5477 χῶμα
1176 5446 1193 5471 ,
1225 5405 1319 5459 καὶ
1348 5404 1611 5475 κρατήσει
1651 5399 1833 5454 αὑτοῦ.
1858 5418 1876 5449 ι

316 5495 534 5565 Πολλοὺς
561 5500 668 5571 μὲν
695 5494 794 5552 οὖν
820 5497 1197 5569 αίχμαλώτους
1223 5497 1534 5565 ἐργάσεται,
1573 5494 1764 5564 ἀναριθ
1776 5494 1849 5561 μή
1868 5521 1882 5531 ο

313 5602 424 5654 τους
448 5592 545 5664 οὐχ
574 5587 745 5665 ἦττον
794 5591 828 5661 ἢ
854 5589 1064 5661 ἄμμος·
1093 5588 1255 5651 αὐτὸς
1287 5587 1345 5640 δὲ
1377 5585 1476 5655 τὴν
1521 5585 1655 5638 ίδίαν
1692 5583 1882 5655 ἡδονὴν

311 5679 588 5761 deﬂvit?!
644 5680 724 5759 τῷ
772 5679 971 5749 πολλάς
1021 5677 1266 5731 καθελεῖν
1319 5673 1633 5751 βασιλείας·
1674 5667 1748 5728 ὧν
1796 5674 1884 5725 τὸν

1976 4766 2297 4821 resistentes
2333 4764 2489 4819 faciei
2524 4765 2765 4836 ipsorum
2797 4782 2863 4822 ex
2895 4768 3145 4824 adverso.
3185 4788 3204 4820 ι
3235 4768 3296 4823 Hi
3323 4781 3551 4827 cunctos

1979 4857 2045 4910 de
2084 4856 2304 4928 populo,
2340 4856 2433 4925 qui
2483 4857 2747 4911 adversus
2779 4872 3046 4928 pauperes
3094 4859 3262 4928 iniqui
3310 4860 3552 4921 fuerunt.

1978 4948 2224 5004 funditus
2251 4948 2509 5017 perdent;
2542 4964 2665 5002 nam
2711 4965 2778 5003 ne
2812 4950 3135 5006 brevissimo
3167 4953 3385 5021 quidem
3420 4964 3556 5007 tem-

1982 5054 2113 5108 pore
2155 5054 2221 5092 et
2269 5037 2499 5092 adverso
2556 5039 2756 5094 intueri
2807 5041 2993 5097 hostes
3045 5051 3138 5096 aut
3174 5044 3242 5098 iis
3290 5045 3558 5100 obsistere

1982 5131 2277 5184 audebunt.
2326 5147 2344 5178 ι
2382 5128 2446 5181 Et
2473 5132 2827 5200 congregabit
2876 5134 3034 5204 quasi
3077 5149 3297 5188 arenam
3338 5138 3561 5207 captivi-

1981 5230 2165 5275 tatem.
2222 5218 2286 5272 Et
2316 5219 2431 5289 ipse
2466 5220 2533 5275 de
2562 5224 2777 5290 regibus
2807 5224 3034 5278 delicias
3065 5228 3261 5294 capiet,
3295 5234 3348 5281 et
3372 5236 3560 5300 tyran-

1980 5331 2085 5370 nus
2119 5299 2365 5368 ludibria~
2396 5313 2517 5382 ejus
2556 5334 2566 5366 :
2602 5323 2656 5368 et
2689 5317 2804 5385 ipse
2843 5317 3067 5372 cuilibet
3108 5299 3407 5374 munitioni
3433 5322 3561 5377 illu-

1981 5407 2102 5468 det;
2143 5412 2197 5456 et
2236 5414 2410 5458 struet
2462 5420 2735 5475 aggerem,
2771 5415 2824 5461 et
2866 5409 3043 5478 capiet
3093 5411 3261 5467 illam.
3299 5432 3319 5464 ι
3360 5412 3559 5470 Multos

1983 5496 2165 5564 itaque
2190 5493 2350 5551 faciet
2378 5497 2645 5567 captivos,
2680 5500 2790 5552 imo
2837 5500 3264 5560 innumerabiles
3293 5516 3558 5577 quantum

1992 5600 2154 5639 arena
2203 5595 2304 5639 est.
2353 5586 2471 5661 ipse
2518 5603 2647 5642 vero
2684 5590 3014 5661 voluptatem
3054 5610 3207 5649 suam
3259 5595 3561 5659 cumulabit
3668 5584 3675 5595 “

1994 5677 2285 5730 multorum
2335 5695 2625 5749 regnorum
2675 5682 3065 5755 destructione,
3103 5703 3269 5758 quam
3313 5688 3433 5751 sine
3478 5687 3561 5748 i3-
