4022 6138
447 323 572 382 ἹΞΙ

1629 323 1977 382 THEODORI
2011 323 2490 381 MOPSUESTEM

3603 327 3712 385 (σε

478 449 612 504 bore
653 448 823 503 multo
859 457 910 503 et
931 449 1086 517 quasi
1127 444 1319 501 ludens
1350 445 1615 514 patrabit;
1654 455 1815 516 atque
1849 441 2032 501 eadem

2139 447 2441 515 ἀφανισμὸν
2468 446 2524 497 ού
2558 443 2692 514 μετά
2725 443 2916 497 πολλοῦ
2946 442 3036 496 τοῦ
3073 445 3234 498 πόνου
3261 487 3274 511 ,
3305 445 3380 510 ὡς
3401 444 3466 500 ἂν
3496 447 3710 511 παίζων

455 537 737 594 'facilitate
766 537 1165 593 munitissimas
1197 549 1414 605 quoque
1445 535 1606 591 urbes
1642 549 1905 604 arcesque
1941 533 2036 589 οι).

478 631 688 693 tinebit,
709 637 925 684 struens
952 627 1358 698 expeditissime
1387 642 1633 697 aggeres,
1669 634 1834 697 atque
1856 625 2037 679 omnia

477 720 747 773 subruens
777 718 907 774 sive
939 719 1140 772 moenia
1184 717 1301 771 sive
1342 716 1490 769 aliud
1533 717 1751 787 quidvis
1795 723 2035 770 tutamen

455 809 708 864 videtur.
762 827 781 860 ι
813 807 966 862 Tunc
986 808 1229 862 mutabit
1273 806 1545 874 spiritum,
1569 815 1622 861 et
1661 804 2035 876 pertransibit,

472 908 527 952 et
583 898 987 970 propitiabitur.
1029 917 1047 949 ι
1089 894 1490 952 Verumtamen
1531 896 1840 948 maximam
1896 894 2037 947 hanc

474 990 812 1058 punitionem
861 989 1160 1060 inspiciens
1200 985 1362 1050 Deus,
1407 994 1462 1040 et
1496 985 1713 1056 quidem
1763 984 2037 1038 a'talibus

469 1083 679 1152 talique
710 1083 892 1136 animo
930 1080 1172 1150 praeditis
1203 1077 1460 1133 inﬂictam
1503 1075 1835 1141 hominibus,
1879 1089 2035 1129 suam

452 1175 738 1229 adversus
788 1188 886 1228 nos
920 1171 1083 1242 236
1109 1171 1242 1224 iram
1289 1169 1498 1224 omittet
1537 1177 1630 1239 :et
1677 1182 1778 1236 per
1827 1167 2036 1221 medios

473 1280 594 1330 nos,
648 1272 704 1319 ut
739 1265 813 1318 ita
861 1264 1058 1325 dicam,
1107 1260 1444 1332 providentia
1489 1275 1589 1315 sua
1626 1258 1901 1322 transibit,
1947 1274 2037 1312 ve-

460 1353 618 1406 niam
656 1351 852 1420 priscis
882 1350 1117 1419 peccatis
1147 1347 1465 1418 indulgebit,
1506 1357 1562 1402 et
1596 1348 1904 1417 impositam
1941 1347 2039 1401 ho-

467 1452 593 1497 'r'um
652 1456 817 1496 causa
863 1454 1077 1509 poenam
1116 1440 1372 1497 remittet.
1423 1457 1443 1490 ι
1482 1439 1605 1493 Haec
1652 1446 1736 1494 est
1777 1438 2038 1494 fortitudo

471 1534 582 1588 Deo
642 1547 785 1587 meo.
831 1530 1022 1586 Nonne
1080 1538 1138 1583 tu
1189 1544 1227 1582 a-
1277 1531 1566 1600 principio,
1619 1528 1843 1585 Domine
1896 1529 2037 1586 Deus

455 1633 661 1677 sancte
688 1622 881 1677 meus?
922 1621 984 1675 Et
1018 1637 1127 1676 non
1157 1621 1491 1676 moriemur?
1528 1639 1546 1673 ι
1580 1619 1694 1681 Hoc
1735 1629 1820 1675 est
1847 1629 2038 1690 poten—

469 1719 559 1770 tia:
601 1730 762 1786 opus,
792 1713 935 1784 quod
962 1712 1197 1781 desuper
1238 1727 1336 1781 pro
1362 1711 1520 1767 nobis
1557 1711 1798 1765 ostendit
1827 1712 1915 1767 ille
1943 1712 2038 1782 qui

2138 537 2195 589 δὲ
2227 539 2509 608 ποιήσεται
2548 536 2768 608 ῥαδίως·
2813 536 2948 608 μετά
2978 536 3175 608 πολλῆς
3196 535 3253 591 δὲ
3282 538 3380 610 τῆς
3409 540 3709 610 εύμαρείας

2138 628 2230 681 καὶ
2258 627 2366 681 τῶν
2401 627 2539 695 ἄγαν
2573 627 2947 697 ὠχυρωμένων
2987 625 3192 681 πόλεών
3217 644 3274 680 τε
3306 628 3398 681 καὶ
3430 629 3710 699 φρουρίων

2138 720 2430 790 κρατήσει,
2459 718 2619 789 χῶμά
2646 735 2706 771 τε
2734 719 2960 789 ἐγείρων
3009 719 3146 789 μετά
3181 718 3380 790 πολλῆς
3419 719 3519 789 τῆς
3546 721 3705 776 εὐκο-

2137 809 2286 877 λίας,
2347 810 2440 863 καὶ
2478 809 2771 862 κατασπῶν
2817 810 2924 863 πᾶν
2979 809 3088 862 εἴτε
3127 812 3308 881 τεῖχος
3365 811 3464 864 εἷθ’
3503 797 3707 884 ἑτέρως

2139 917 2255 962 πως
2283 899 2612 970 ήσφαλίσθαι
2645 897 2854 955 δοκοῦν.
2887 901 2978 970 (p.
3014 899 3154 972 560)
3204 921 3223 953 ι
3247 901 3377 954 Τότε
3413 903 3710 973 μεταϐαλεῖ

2137 991 2198 1043 τὸ
2227 992 2442 1063 πνεῦμα
2481 991 2644 1046 αὐτοῦ
2664 1033 2679 1059 ,
2707 993 2800 1046 καὶ
2823 992 3181 1056 διελεύσεται,
3219 994 3313 1046 καὶ
3341 993 3698 1060 ἐξιλάσεται.»

2151 1083 2309 1136 Ἀλλά
2343 1085 2450 1152 γὰρ
2493 1085 2752 1156 μεγίστην
2784 1085 2881 1158 τὴν
2921 1084 3248 1155 ἐπαχθεῖσαν
3282 1085 3551 1156 τιμωρίαν
3581 1087 3706 1140 ίδών

2137 1175 2348 1240 ὀΘεδς,
2379 1176 2473 1230 ἅτε
2528 1177 2677 1247 παρά
2721 1177 2974 1230 τοιούτων
3018 1177 3113 1230 καὶ
3155 1177 3296 1230 οὕτω
3348 1179 3705 1248 διακειμένων

2138 1265 2482 1336 ἐπαγομένην
2511 1265 2718 1338 ἀνδρῶν
2744 1307 2758 1331 ,
2813 1266 3104 1336 μεταϐαλεῖ
3135 1267 3232 1337 μὲν
3267 1268 3365 1338 τὴν
3399 1268 3520 1322 καθ’
3545 1269 3707 1341 ήμῶν

2137 1356 2303 1426 ὀργήν
2322 1371 2336 1386 °
2361 1355 2546 1426 ὥσπερ
2571 1357 2628 1410 δὲ
2646 1359 2724 1420 είς
2754 1358 2948 1428 μέσους
2973 1360 3118 1429 ἡμᾶς
3144 1361 3207 1428 τῇ
3239 1360 3532 1432 κηδεμονίᾳ
3561 1379 3706 1433 παρ-

2138 1446 2306 1502 ελθὼν
2333 1487 2348 1511 ,
2411 1448 2736 1520 συγγνώμην
2768 1451 2865 1519 μὲν
2911 1450 3050 1522 ὑπὲρ
3090 1450 3197 1504 τῶν
3245 1451 3410 1505 πάλαι
3456 1453 3708 1525 πεπλημ-

2142 1538 2458 1610 μελημένων
2493 1539 2674 1603 δώσει,
2703 1539 2853 1594 λύσει
2877 1541 2934 1593 δὲ
2957 1541 3054 1612 τὴν
3084 1542 3436 1614 ἐπικειμένην
3459 1547 3590 1614 ήμϊν
3617 1544 3710 1598 διὰ

2138 1631 2308 1685 ταῦτα
2340 1633 2626 1702 τιμωρίαν.
2661 1651 2679 1684 ι
2700 1633 2847 1703 Αὕτη
2881 1635 2914 1704 ή
2963 1633 3117 1704 ίσχὺς
3140 1634 3217 1704 τῷ
3248 1633 3366 1704 Θεῷ
3414 1652 3514 1706 μου
3537 1651 3550 1665 ·
3584 1636 3710 1707 ούχὶ

2142 1725 2204 1775 σὺ
2245 1722 2336 1774 ἀπ’
2367 1724 2575 1793 ἀρχῆς,
2606 1722 2777 1794 Κύριε
2808 1723 2844 1774 δ
2879 1723 3011 1788 Θεός
3064 1741 3164 1795 μου
3207 1727 3235 1777 ὁ
3282 1725 3464 1794 ἆγιος;
3504 1729 3597 1780 καὶ
3642 1730 3706 1780 οὐ

469 1817 694 1862 sanctus
717 1813 820 1868 est,
849 1813 903 1857 et
932 1804 1080 1858 omni
1108 1804 1184 1857 rei
1209 1803 1494 1857 exsistenti
1521 1803 1770 1872 superior
1799 1821 1811 1855 :
1845 1818 2032 1871 quam-

2142 1813 2216 1883 μὴ
2247 1812 2662 1883 ἀποθάνωμεν.»
2700 1813 2871 1868 Τοῦτο
2911 1814 3020 1884 γὰρ
3051 1815 3153 1881 τῆς
3195 1814 3296 1884 σῆς
3337 1816 3618 1887 δυνάμεως
3644 1818 3710 1872 τὺ

468 1898 654 1952 obrem
701 1895 883 1949 vivere
935 1908 1152 1962 quoque
1196 1906 1500 1961 speramus,
1543 1901 1666 1963 post
1716 1907 1890 1962 pmnae
1936 1893 2033 1946 de-

469 1988 795 2059 pulsionem.
846 2004 862 2035 ι
897 1983 1142 2048 Domine,
1177 1984 1243 2037 ad
1281 1983 1548 2052 judicium
1592 1999 1705 2039 rem
1738 1984 1878 2038 hanc
1905 1999 2035 2038 con-

471 2079 734 2143 stituisti;
778 2085 832 2132 et
883 2077 1138 2131 formavit
1179 2092 1265 2131 me
1311 2084 1369 2130 ut
1426 2091 1649 2147 arguam
1689 2076 2034 2146 disciplinam

468 2175 605 2242 ejus.
648 2190 666 2223 ι
704 2170 907 2240 Nempe
960 2177 1019 2222 ut
1063 2168 1311 2223 erudiam
1359 2169 1704 2240 correptione
1741 2183 1860 2222 mea
1908 2167 2036 2222 reli-

467 2277 608 2333 quos
642 2261 914 2322 homines,
939 2273 1005 2312 ne
1035 2258 1211 2314 securi
1245 2267 1491 2328 peccent.
1533 2257 1738 2312 Deinde
1760 2257 1828 2310 ad
1856 2256 2034 2326 ipsum

451 2353 639 2408 Deum
675 2351 946 2406 convertit
980 2363 1337 2404 sermonem:
1375 2367 1394 2400 ι
1423 2347 1602 2403 Purus
1646 2349 1840 2402 oculus
1881 2355 2032 2411 tuus,

467 2462 537 2500 ne
581 2444 720 2501 mala
767 2441 966 2504 videat,
1001 2447 1053 2495 et
1094 2439 1451 2509 contemplari
1495 2435 1774 2494 molestias
1807 2454 1916 2492 non
1945 2452 2036 2508 po-

469 2546 622 2590 teris.
654 2552 672 2585 ι
712 2531 881 2586 Multa
913 2531 1010 2586 tibi
1037 2531 1178 2601 aequi
1206 2530 1350 2600 juris
1378 2543 1511 2583 cura
1542 2538 1627 2584 est
1656 2542 1865 2598 :quare
1894 2529 2034 2583 male

466 2634 690 2697 agentes
737 2631 982 2694 spectare
1019 2638 1127 2677 non
1161 2621 1482 2684 sustinebis,
1521 2629 1576 2674 et
1614 2621 1708 2690 qui
1753 2620 2032 2674 molestia-

467 2733 590 2770 rum
613 2715 735 2771 aliis
763 2722 818 2769 et
855 2713 1205 2768 eontritionis
1227 2719 1479 2766 auctores
1503 2717 1650 2764 sunt.
1691 2727 1708 2760 ι
1745 2708 1856 2764 Cur
1881 2709 2032 2778 aspi-

464 2809 546 2862 cis
574 2803 1024 2874 contemptores?
1065 2801 1396 2867 Tacebisne,
1450 2800 1579 2854 dum
1613 2800 1826 2869 justum
1871 2798 2037 2854 devo-

463 2907 548 2952 rat
584 2899 816 2967 impius'!
852 2895 917 2950 Et
949 2895 1120 2950 facies
1153 2894 1404 2948 homines
1436 2892 1595 2961 quasi
1634 2889 1815 2960 pisces
1842 2889 2032 2952 maris.

463 3003 519 3048 et
541 2993 696 3063 quasi
728 2991 944 3060 reptilia
986 3003 1095 3043 non
1132 2987 1384 3043 habentia
1430 2985 1667 3041 ducem?
1697 3005 1716 3038 ι
1751 2983 1868 3038 Non
1903 2998 2033 3054 ergo

2138 1905 2318 1975 ἔργον,
2351 1905 2486 1974 ὅπερ
2518 1904 2722 1958 ἀνωθεν
2751 1905 3072 1972 ἐπιδέδειξαι
3098 1907 3225 1978 περὶ
3255 1909 3400 1978 ἡμᾶς
3426 1907 3579 1977 ἆγιος
3607 1909 3704 1975 ὢν,

2138 1993 2231 2045 καὶ
2255 1992 2468 2045 πάντων
2493 1993 2882 2065 ὑπερκείμενος
2908 1993 3017 2048 τῶν
3044 1994 3229 2062 ὄντων,
3257 1997 3394 2066 ὑπὲρ
3423 1991 3496 2052 ὧν
3527 1999 3583 2052 δέ
3610 2003 3710 2054 καὶ

2139 2083 2394 2153 ζήσεσθαι
2420 2084 2826 2155 προσδοκῶμεν,
2857 2085 3111 2156 λυθείσης
3138 2089 3268 2158 ἡμῖν
3287 2089 3384 2158 τῆς
3414 2092 3706 2162 τιμωρίας.

2145 2191 2162 2223 ι
2192 2172 2477 2242 Κύριε,είς
2504 2178 2678 2246 κρῖμα
2712 2177 2944 2246 τέταχας
2977 2177 3127 2242 αὐτὸ,
3161 2181 3256 2232 καὶ
3280 2179 3479 2234 ἐπλασέ
3511 2200 3578 2252 με
3608 2185 3706 2236 τοῦ

2137 2263 2377 2334 ἐλέγχειν
2405 2265 2650 2318 παιδείαν
2679 2265 2896 2318 αὑτοῦ.»
2927 2267 3168 2321 Ἀνωθεν
3193 2271 3302 2340 γάρ
3339 2288 3404 2340 με
3432 2272 3590 2337 αὐτὸς
3622 2275 3708 2337 είς

2135 2356 2233 2427 τὴν
2257 2356 2364 2410 τῶν
2393 2357 2812 2427 ἁμαρτανόνπυν
2841 2359 3133 2422 διέπλασας
3163 2360 3372 2431 κρίσιν·
3402 2362 3479 2425 ὼς
3507 2363 3574 2418 ἂν
3609 2367 3708 2417 καὶ

2137 2447 2447 2518 παιδεύοιμι
2478 2448 2565 2501 διὰ
2618 2447 2726 2500 τῶν
2777 2448 3014 2518 ἐλέγχων
3045 2449 3275 2514 αὐτοὺς,
3313 2451 3417 2518 ἔξω
3458 2451 3559 2524 τῆς
3605 2453 3705 2509 τοῦ

2136 2537 2474 2608 πλημμελεῖν
2525 2537 2883 2592 καθίστασθαι
2940 2538 3157 2602 ἀδείας·
3210 2535 3328 2594 εἶτα
3361 2543 3497 2614 πρὸς
3539 2545 3708 2598 αὑτὸν

2137 2629 2481 2700 ἀποστρέψας
2510 2629 2600 2681 τὸν
2631 2629 2761 2681 Θεὸν
2794 2629 2884 2682 τὸν
2913 2630 3090 2700 λόγον,
3127 2651 3144 2684 ι
3173 2632 3426 2704 Καθαρδς
3448 2635 3476 2686 ὁ
3505 2635 3707 2702 ὀφθαλ-

2139 2719 2237 2788 μός
2271 2735 2364 2771 σου
2383 2717 2476 2771 τοῦ
2511 2720 2584 2790 μὴ
2611 2721 2741 2790 όρᾷν
2769 2720 3001 2792 πονηρὰ,
3026 2721 3120 2775 καὶ
3148 2722 3460 2778 ἐπιϐλέπειν
3491 2726 3582 2779 ἐπὶ
3603 2728 3707 2780 πό·-

2135 2824 2258 2870 νους
2282 2809 2342 2860 ού
2366 2808 2586 2880 δυνήσῃ.
2602 2827 2620 2858 ι
2647 2807 2822 2880 Πολλὴ
2851 2811 3070 2880 φροντίς
3095 2828 3178 2863 σσι
3203 2811 3294 2864 τοῦ
3317 2813 3524 2866 δικαίου
3540 2831 3553 2844 ·
3577 2815 3709 2871 ὅθεν

2135 2897 2255 2949 οὐδὲ
2298 2896 2517 2966 βλέπειν
2567 2897 2735 2969 ἀνέχῃ
2766 2899 2892 2962 τοὺς
2929 2900 2998 2954 τὰ
3028 2901 3239 2972 πονηρά
3276 2903 3704 2973 ἐργαζομένους,

2135 2987 2313 3039 πόνων
2358 3003 2419 3039 τε
2463 2987 2555 3041 καὶ
2598 2988 2890 3059 συντριϐῆς
2918 2989 3125 3061 ἑτέροις
3154 2991 3584 3064 καθισταμένους
3612 2995 3706 3050 αι-

465 3093 716 3156 sp‘eetare
744 3081 969 3153 patieris
1001 3093 1095 3134 eos
1120 3078 1212 3147 qui
1243 3077 1542 3148 partitionis
1576 3085 1681 3130 tua:
1715 3083 2031 3146 contemptu

2134 3079 2302 3142 τίους.
2338 3077 2553 3151 (p.561)
2597 3080 2694 3133 (Τί
2722 3081 3033 3145 ἐπιϐλέπεις
3064 3083 3156 3136 ἐπὶ
3189 3085 3705 3157 καταφρονοῦνταςς

433 3176 582 3229 Ίιωο
621 3179 822 3243 agunt;
857 3184 1033 3238 neque
1075 3175 1284 3221 tantam
1330 3168 1672 3237 iniquitatem
1714 3166 2029 3221 dissimula-

2135 3171 2538 3243 παρασιωπήσῃ
2571 3173 2626 3223 ἐν
2653 3171 2732 3240 τῷ
2782 3171 3099 3226 καταπίνειν
3126 3175 3296 3246 ἀσεϐῆ
3334 3176 3425 3231 τὸν
3453 3176 3660 3231 δίκαιον
3686 3195 3702 3210 ο

463 3267 572 3328 bis,
621 3273 683 3318 ut
721 3261 853 3331 justi
900 3259 969 3313 ab
1022 3258 1206 3329 impiis
1251 3257 1641 3328 propemodum
1680 3256 2028 3310 devorentur.

2134 3263 2222 3313 καὶ
2253 3263 2494 3332 ποιήσεις
2519 3263 2642 3324 τοὺς
2672 3261 2988 3332 ἀνθρώπους
3011 3263 3084 3326 ὡς
3115 3266 3240 3327 τοὺς
3273 3265 3458 3335 ἰχθύας
3483 3268 3580 3338 τῆς
3607 3266 3716 3321 θαι-ι

466 3363 686 3434 Alioqui
715 3360 1021 3415 videbimur
1057 3373 1086 3410 a
1119 3356 1364 3427 piscibus
1387 3362 1549 3425 atque
1571 3353 1858 3426 reptilibus
1891 3351 2032 3406 duce

2134 3350 2330 3420 λάσσης
2354 3393 2368 3417 ,
2399 3352 2492 3404 καὶ
2525 3351 2600 3415 ὼς
2632 3353 2837 3423 ἐρπετά
2862 3354 2961 3406 οὐκ
3003 3353 3192 3424 ἔχοντα
3230 3356 3547 3426 ήγούμενον.
3574 3377 3592 3410 ι
3624 3362 3712 3413 Οὐ

463 3451 781 3508 carentibus
831 3447 963 3501 nihil
1001 3445 1250 3508 ~differre,
1296 3445 1401 3499 nisi
1453 3453 1510 3497 tu
1566 3442 1868 3514 puuitionis
1923 3450 2031 3496 tum

2134 3443 2306 3495 τοίνυν
2335 3443 2501 3513 ἀνέχῃ
2528 3444 2750 3514 θεωρεῖν
2780 3446 2905 3506 τοὺς
2933 3450 3334 3517 καταφρονήσει
3362 3448 3458 3518 τῆς
3490 3447 3591 3518 σῆς
3618 3466 3712 3501 τι·-

463 3539 956 3602 tlemonstratione,
1004 3536 1184 3606 palam
1227 3535 1323 3589 tias
1366 3549 1462 3588 ceu
1513 3549 1712 3603 praeses
1756 3541 1940 3586 noster
1977 3542 2032 3585 et

2134 3534 2345 3605 μωρίας
2373 3534 2594 3588 τοιαῦτα
2628 3536 3123 3605 διαπραττομένους
3146 3577 3160 3603 ,
3187 3537 3308 3590 ούδέ
3338 3539 3713 3609 παραπέμπε-

463 3642 682 3689 actuum
723 3627 1360 3684 omnium’humanorum
1402 3633 1676 3680 scrutator
1715 3632 2030 3679 accuratus.

2134 3623 2255 3678 σθαι
2289 3627 2389 3697 τὴν
2417 3626 2685 3696 τοσαύτην
2710 3626 2922 3680 ἀδικίαν
2944 3667 2957 3690 ,
2983 3627 3122 3680 ὥστε
3158 3627 3397 3692 δικαίους
3426 3631 3714 3700 μονονουχὶ

462 3725 850 3783 κατατείνεσθαι
871 3727 873 3729 ’
894 3723 998 3776 ὑπὸ
1044 3721 1254 3776 ἀσεϐῶν
1279 3739 1290 3752 ·
1336 3722 1650 3794 φανούμεθα
1690 3722 1798 3792 γὰρ
1835 3721 2032 3792 ἰχθύων
2057 3735 2116 3773 τε
2150 3723 2242 3774 καὶ
2277 3724 2522 3794 ἑρπετῶν
2564 3723 2662 3776 οὐκ
2696 3722 2925 3792 ἐχόντων
2974 3721 3273 3792 ἡγούμενον
3303 3722 3674 3800 διαλλάττοντα
3695 3769 3712 3790 ,

459 3824 630 3886 οὐδὲν,
663 3820 808 3891 εἰμὴ
841 3821 908 3888 τῇ
940 3816 1179 3887 τιμωρίᾳ
1205 3819 1270 3887 τῇ
1303 3819 1367 3888 σῇ
1393 3815 1548 3886 δῆλος
1579 3815 1776 3884 γένοιο,
1805 3813 2110 3868 ἐπιστατῶν
2131 3832 2188 3868 τε
2226 3818 2356 3888 ήμῖν
2388 3817 2480 3869 καὶ
2509 3817 2687 3869 πᾶσαν
2714 3813 2956 3878 ἐξέτασιν
2989 3815 3192 3886 ἀκριϐῆ
3219 3816 3325 3870 τῶν
3351 3817 3715 3888 ἀνθρωπείων

460 3912 780 3983 ποιούμενος
819 3923 967 3980 πραγ
974 3905 1180 3977 μάτων.
3263 3904 3280 3928 ο

533 4003 698 4058 Vens.
733 3999 916 4054 15-17.
943 4026 1010 4038 —-
1038 3995 1334 4066 P0stquam
1367 3991 1482 4045 haec
1520 3987 1704 4044 omnia
1751 3986 1820 4042 de
1857 3985 2030 4058 Baby-

2199 3991 2346 4061 Στίχ.
2387 3994 2559 4057 ιε’-ιζ’.
2599 4022 2664 4033 --
2689 3995 2873 4051 Ταῦτα
2905 3997 2960 4051 δὲ
2994 3997 3208 4052 ἅπαντα
3242 4001 3368 4070 περὶ
3398 3999 3503 4052 τῶν
3524 4001 3712 4054 Βαϐυ-

462 4097 626 4150 loniis
650 4093 809 4157 dixit,
843 4092 937 4161 qui
971 4104 1114 4145 saeve
1141 4081 1436 4142 admodum
1469 4081 1726 4151 p0pulum
1758 4086 2032 4133 tractave-

2134 4079 2330 4135 λωνίων
2364 4084 2600 4153 εἰρηκὼς
2617 4126 2630 4149 ,
2655 4086 2730 4149 ὡς
2757 4088 2923 4161 πολλῇ
2951 4089 3088 4142 κατὰ
3113 4089 3206 4142 τοῦ
3237 4089 3366 4143 λαοῦ
3391 4093 3454 4160 τῇ
3484 4091 3711 4164 ἀφειδίᾳ

461 4195 608 4250 rant,
653 4185 873 4253 exponit
910 4183 1170 4249 deinceps
1210 4177 1386 4233 hostis
1416 4172 1663 4243 ejusdem
1707 4171 2030 4242 potentiam,

2134 4173 2488 4242 χρησαμένων
2515 4214 2529 4237 ,
2565 4175 2833 4246 διηγεῖται
2858 4177 3044 4233 λοιπὸν
3072 4181 3235 4234 αὐτοῦ
3272 4182 3366 4234 καὶ
3395 4181 3493 4253 τήν
3537 4182 3709 4236 δύνα-

461 4275 623 4345 cujus
672 4289 776 4344 ope
812 4281 1089 4344 quotquot
1137 4270 1269 4325 vult‘
1302 4267 1462 4321 malis
1516 4263 1820 4319 innumeris
1875 4261 2032 4316 facile

2134 4280 2253 4332 μιν,
2363 4263 2644 4335 χρώμενος
2667 4310 2681 4332 ,
2715 4268 2946 4333 ὁπόσους
2975 4270 3041 4323 ἂν
3071 4271 3241 4324 ἐθέλοι
3267 4271 3480 4341 μυρίοις
3509 4278 3710 4338 κακοῖς

458 4368 657 4424 irretit.
691 4386 710 4418 ι
744 4369 916 4420 Hamo
942 4363 1163 4420 sustulit
1194 4363 1344 4416 illum
1375 4360 1441 4414 ad
1480 4355 2025 4417 consummationem,

2134 4351 2444 4420 περιϐάλλει
2477 4355 2692 4425 ῥᾳδίως.
2721 4358 3069 4414 ιΣυντέλειαν
3092 4362 3149 4414 ἐν
3175 4361 3454 4433 ἀγκίστρῳ
3472 4363 3711 4418 ἀνέσπα-

457 4459 734 4530 traxitque
776 4472 900 4512 eum
943 4455 1045 4510 reti
1074 4469 1192 4521 suo,
1224 4461 1278 4507 et
1305 4451 1361 4506 in
1399 4449 1615 4520 sagenis
1660 4446 1776 4502 suis
1820 4444 2028 4498 aduna-

2134 4460 2223 4495 σεν
2263 4444 2422 4498 αὐτὸν
2444 4487 2459 4512 ,
2495 4447 2590 4500 καὶ⁸
2619 4447 2864 4503 εἵλκυσεν
2890 4451 3048 4504 αὑτὸν
3086 4453 3144 4504 ἐν
3172 4453 3567 4525 ἀμφιϐλήστρῳ
3602 4455 3711 4507 αὐ-

456 4552 551 4604 vit.
612 4547 903 4618 Propterea
960 4546 1231 4600 laetabitur
1283 4551 1335 4598 et
1389 4541 1675 4612 gaudebit;
1742 4545 2027 4607 propterea

2134 4533 2219 4586 τοῦ
2249 4552 2264 4567 ·
2296 4539 2392 4590 καὶ
2420 4544 2724 4609 συνήγαγεν
2757 4541 2918 4594 αὑτὸν
2943 4544 2998 4595 ἐν
3031 4545 3148 4606 ταῖς
3178 4541 3438 4616 σαγήναις
3469 4544 3581 4616 (48)
3608 4548 3708 4598 αὐο

456 4640 616 4710 237
649 4638 948 4694 immolabit
991 4652 1206 4706 sagenae
1258 4649 1390 4696 suat,
1440 4641 1490 4686 et
1521 4628 1859 4684 thuriﬁcabit
1926 4627 2028 4680 reti

458 4742 577 4780 suo.
612 4744 632 4778 ι
675 4726 839 4792 Quasi
862 4725 1025 4777 hamo
1056 4723 1240 4792 aliquo
1286 4735 1350 4774 ac
1391 4720 1492 4774 reti
1542 4718 1808 4790 plurimos
1839 4725 2026 4785 puten-

455 4819 528 4869 tia
572 4832 671 4870 sua
713 4812 1166 4875 cireuim'eniens,
1200 4824 1455 4880 supremo
1487 4807 1663 4862 tradet
1694 4807 1880 4861 exitio.
1907 4793 2024 4858 'Sic

454 4919 635 4961 autem
683 4907 739 4960 in
789 4911 1112 4975 potestatem
1145 4917 1300 4956 suam
1329 4905 1559 4954 cunctos
1598 4897 1828 4969 rediget,
1867 4904 1926 4948 ut
1976 4905 2029 4948 et

453 4998 712 5068 operibus
746 5000 860 5052 suis
885 4997 1176 5067 gavisurus
1206 4992 1297 5059 sit,
1333 5007 1398 5046 ac
1447 4989 1840 5061 propemodum
1869 4989 2026 5058 quasi

454 5091 566 5144 Deo
608 5090 787 5159 aliquo
816 5088 1024 5142 viribus
1062 5085 1178 5140 suis
1208 5084 1552 5154 propriorum
1586 5089 1862 5152 gestorum
1914 5093 2027 5131 ma-

454 5180 794 5249 gnitudinem
819 5178 1147 5232 tributurus.
1171 5173 1305 5227 Nam
1337 5172 1522 5236 verba,
1555 5188 1573 5221 ι
1600 5163 1905 5222 lmmolahit
1935 5180 2024 5221 sa-

453 5286 624 5338 genae,
673 5279 726 5323 et
760 5267 1096 5322 thuriiicabit
1146 5265 1287 5329 reti,
1330 5282 1347 5314 ι
1398 5261 1529 5316 dicit
1577 5254 1796 5329 sumpta
1847 5263 2023 5310 meta-

455 5360 625 5425 phora
667 5359 734 5412 ab
775 5360 842 5414 iis
881 5360 972 5428 qui
1033 5357 1087 5410 in
1140 5371 1274 5410 casu
1313 5351 1617 5421 ejusmodi,
1663 5350 1868 5420 gratias
1915 5345 2024 5399 Deo

457 5449 714 5502 referunt.
763 5449 884 5502 Vult
910 5465 1037 5518 ergo
1066 5447 1246 5502 dicere
1303 5447 1453 5500 illum
1486 5443 1578 5498 Dei
1626 5442 1799 5495 instar
1832 5439 2022 5506 imagi-

457 5540 573 5592 ωςπί
614 5537 793 5588 omnia
832 5552 987 5605 posse
1026 5552 1120 5603 pro
1155 5552 1254 5597 suo
1305 5537 1456 5588 libito
1491 5533 1732 5596 ellicere;
1765 5545 2024 5602 causain-

456 5643 563 5700 que
604 5641 899 5692 exponens,
926 5645 942 5674 ι
977 5626 1113 5688 Quia
1166 5628 1220 5678 in
1269 5627 1421 5694 ipsis,
1454 5625 1652 5694 inquit,
1698 5617 2024 5676 iritrrassavit

527 5718 640 5792 (ις)
675 5715 805 5772 Cod.
833 5715 1196 5781 Συναγιυγαῖς.

2125 4623 2218 4677 τοῦ
2244 4641 2257 4654 ·
2286 4626 2470 4679 ἕνεκεν
2498 4628 2687 4681 τούτου
2728 4631 3161 4702 εὐφρανθήσεται
3212 4633 3305 4686 καὶ
3355 4635 3654 4705 χαρήσεται
3687 4653 3700 4664 -

2124 4712 2308 4767 ἕνεκεν
2337 4715 2527 4768 τούτου
2565 4715 2717 4771 θύσει
2745 4721 2812 4789 τῇ
2846 4722 3054 4794 σαγήνῃ
3091 4720 3284 4788 αὐτοῦ,
3311 4715 3405 4775 καὶ
3426 4722 3702 4792 θυμιάσει

2123 4801 2200 4873 τῷ
2234 4802 2626 4876 ἀμφιϐλήστρῳ
2661 4805 2842 4860 αὑτοῦ.
2864 4826 2880 4857 ι
2922 4808 3007 4870 Ὠς
3035 4809 3142 4880 γὰρ
3167 4809 3443 4880 ἀγκίστρῳ
3471 4811 3576 4862 τινὶ
3602 4815 3704 4864 καὶ

2125 4894 2521 4966 ἀμφιϐλήστρῳ
2550 4898 2615 4966 τῇ
2646 4897 2822 4967 οἰκείᾳ
2849 4897 3072 4968 δυνάμει
3103 4901 3388 4963 πλείστους
3415 4887 3701 4964 δσουξπε-

2127 4986 2361 5056 ριϐαλὼν
2393 4991 2471 5049 είς
2521 4990 2753 5060 παντελῆ
2801 4991 3164 5064 παραδίδωσιν
3211 4992 3486 5046 ἀπώλειαν
3511 5010 3524 5024 ’
3553 4991 3700 5046 οὕτω

2122 5091 2179 5126 τε
2209 5077 2452 5141 ἅπαντας
2487 5079 2590 5131 ὑπὸ
2630 5081 2728 5147 τὴν
2760 5081 3006 5147 ἐξουσίαν
3045 5083 3283 5152 ἀθροίζει
3317 5083 3415 5154 τὴν
3463 5082 3696 5148 οἰκείαν,

2123 5166 2261 5218 ὥστε
2286 5166 2508 5235 ἣδεσθαι
2544 5170 2639 5238 μὲν
2673 5170 2763 5222 ἐπὶ
2805 5174 2916 5235 τοῖς
2939 5173 3118 5244 ἔργοις
3151 5177 3260 5236 τοῖς
3297 5173 3444 5238 ἰδίοις
3467 5213 3482 5235 ,
3516 5173 3696 5226 κινδυο

2126 5256 2299 5308 νεύειν
2332 5257 2386 5310 δὲ
2419 5259 2494 5322 ὡς
2538 5260 2603 5312 ἄν
2629 5279 2733 5314 τινι
2766 5263 2883 5333 Θεῷ
2909 5267 2974 5334 τῇ
3019 5265 3194 5335 οἰκείᾳ
3225 5265 3450 5336 δυνάμει
3478 5265 3701 5333 λογίζε-

2127 5347 2247 5400 σθαι
2279 5348 2386 5401 τῶν
2416 5351 2543 5422 παρ’
2569 5353 2731 5406 αὑτοῦ
2758 5356 3051 5425 γινομένων
3080 5355 3138 5408 τὸ
3171 5357 3397 5428 μέγεθος
3423 5373 3432 5386 '
3467 5357 3541 5428 (p.
3564 5357 3692 5425 562)

2121 5436 2182 5489 τὸ
2207 5437 2366 5510 γὰρ,‹
2386 5436 2546 5493 Θύσει
2566 5445 2630 5513 τῇ
2653 5443 2884 5511 σαγήνῃ,
2911 5445 3003 5496 καὶ
3033 5443 3285 5514 θυμιάσει
3313 5447 3390 5516 τῷ
3412 5446 3692 5517 ἀμφιϐλή-

2125 5546 2269 5601 σῖρῳ
2288 5571 2302 5593 ,
2327 5551 2343 5582 ι
2381 5531 2536 5585 τοῦτο
2561 5533 2705 5600 λέγει
2734 5537 2794 5586 ὲκ
2832 5537 3136 5605 μεταφορᾶς
3158 5537 3265 5588 τῶν
3292 5538 3348 5590 ὲν
3378 5540 3488 5600 τοῖς
3516 5538 3692 5590 τοιούο

2123 5637 2230 5682 ταῖς
2265 5622 2360 5692 τὴν
2400 5623 2743 5694 εὐχαριστίαν
2784 5623 3178 5678 ἐιπωτιννύνῖων
3211 5623 3288 5693 τῷ
3317 5623 3452 5692 Θεῷ.
3498 5625 3693 5677 Βουλε-
