4022 6138
293 322 398 386 637

1275 322 1821 385 COHHENTARIUS
1857 324 1920 383 IN
1963 324 2305 386 HABACUCI
2338 327 2491 384 CAP.
2526 329 2589 385 Il.

3432 330 3543 388 εει
3584 404 3589 409 ,

298 444 580 515 μθήσεται
613 444 713 497 καὶ
751 443 821 498 τά
853 461 931 498 σοι
964 443 1231 515 προσόντα
1258 443 1409 512 παρὰ
1446 443 1552 496 τῶν
1581 445 1659 505 είς
1688 459 1861 511 τιμω-

1994 444 2208 497 ιιιεαιειι]
2263 442 2504 508 scilicet,
2531 449 2584 496 et
2622 440 2884 511 quidquid
2940 439 3007 499 ad
3056 410 3185 496 eam.
3215 441 3543 511 pertinebat.

306 537 422 608 ρίαν
478 535 577 608 σὴν
631 535 1174 606 καταλελειμμένων·
1235 535 1374 605 ὑπὲρ
1422 528 1495 587 ὧν
1554 532 1759 595 ἀνεῖλές
1806 549 1864 584 τε

302 628 581 687 πλείστους
612 626 722 680 τῶν
752 626 830 697 τῷ
860 625 977 696 Θεῷ
1023 626 1425 697 προσηκόντων,
1455 625 1548 678 καὶ
1591 624 1877 693 ἠσέϐησας

245 777 249 782 ,
306 718 383 780 εἷς
406 735 465 771 τε
486 717 584 789 τὴν
611 717 717 786 γῆν
742 717 843 787 τὴν
883 716 1033 770 θείαν
1062 718 1156 771 καὶ
1183 716 1282 787 τὴν
1330 718 1502 781 πόλιν,
1534 718 1625 769 καὶ
1660 717 1868 780 πάντας

304 801 367 878 δὴ
412 807 535 870 τοὺς
577 807 859 871 οἰκοῦντας
888 808 1075 877 αὐτὴν,
1106 806 1253 874 λέγει
1292 806 1349 859 δὲ
1385 805 1510 876 περί
1543 823 1603 858 τε
1631 807 1730 877 τῆς
1769 806 1866 858 Ἱε-

313 896 586 967 ρουσαλὴμ⁵
616 896 847 949 καὶτῶν
875 895 995 949 κατ’
1028 895 1195 962 αὐτὴν
1235 893 1505 948 ἁπάντων.
1536 890 1651 947 Εἶθ’
1687 893 1761 957 ὡς
1802 893 1868 947 ἂν

310 986 650 1057 ἐπεμόαίνων
678 986 826 1057 αὐτῷ
850 986 1073 1050 δικαίως
1116 984 1403 1039 πεπονθότι
1446 985 1688 1049 τοιαῦτα,
1720 984 1870 1053 λέγει

311 1075 405 1139 τὰς
432 1077 774 1146 παρανομίας
803 1074 945 1145 ὑπὲρ
972 1069 1047 1129 ὧν
1077 1073 1175 1144 τὴν
1209 1073 1461 1144 τοιαύτην
1504 1072 1748 1127 δέδεκται
1786 1089 1868 1125 τι·

318 1164 519 1235 μωρίαν
536 1179 551 1193 ·
579 1183 597 1216 ι
613 1165 675 1217 Ὢ
699 1166 727 1216 6
754 1164 1092 1217 πλεονεκτῶν
1114 1162 1421 1228 πλεονεξίαν
1447 1163 1620 1235 κακὴν
1638 1164 1717 1233 τῷ
1738 1163 1872 1234 οἴκῳ

314 1255 491 1318 αὐτοῦ,
524 1254 601 1326 (p.
631 1254 760 1327 367)
800 1254 959 1319 τάξαι
991 1256 1070 1318 είς
1110 1253 1244 1323 ὕψος
1286 1254 1504 1308 νοσσιὰν
1548 1254 1733 1317 αὑτοῦ,
1777 1253 1872 1307 τοῦ

1980 533 2241 589 Ροειιιίηο
2270 534 2426 604 quasi
2461 533 2511 589 ei
2534 534 2685 603 juste
2730 534 3002 591 insultans
3033 534 3162 590 talia
3193 549 3381 604 passo,
3425 549 3547 591 scer-

1979 626 2087 678 lera
2114 626 2327 689 recitat,
2357 638 2589 696 quorum
2624 622 2789 678 ehusa
2835 638 3055 695 umnam
3083 624 3396 694 hujusmodi
3426 626 3545 679 luit.

1980 736 1998 768 ε
2038 715 2084 771 Ο
2126 718 2217 784 qui
2257 716 2479 785 ampliat
2504 714 2808 769 avaritiam
2854 715 3050 771 malam
3092 714 3276 771 domui
3324 730 3457 780 suae,
3491 722 3549 767 ut

1980 800 2145 875 ponat
2171 806 2225 858 in
2258 805 2474 859 excelso
2504 804 2690 858 nidum
2723 818 2905 866 suum,
2936 812 2996 857 ut
3024 812 3252 859 eruatur
3278 803 3345 859 de
3382 818 3547 859 manu

1979 897 2245 951 malorum
2275 897 2288 949 l
2318 893 2581 967 Cogitasti
2613 894 2994 949 confusionem
3045 894 3230 949 domui
3265 903 3390 959 tuae,
3414 909 3549 950 con-
3582 916 3589 922 η

1980 984 2266 1054 sumpsisti
2300 986 2530 1054 populos
2559 983 2782 1047 multos,
2805 991 2859 1037 et
2893 984 3136 1052 peccavit
3167 983 3347 1039 anima
3376 991 3487 1038 tua.
3524 1003 3539 1036 ι

1980 1074 2083 1140 Τυ,
2125 1076 2320 1146 inquit,
2346 1074 2634 1130 immodica
2675 1073 2907 1153 habendi
2944 1073 3243 1145 cupiditate
3277 1076 3544 1146 percitus.

1978 1167 2051 1221 ob
2102 1181 2235 1237 opes
2285 1177 2407 1221 tuas
2457 1182 2521 1221 ex
2557 1166 2748 1220 alienis
2798 1163 3013 1219 damnis
3048 1165 3343 1235 augendas,
3366 1167 3543 1221 subli-

1981 1274 2232 1329 memque
2267 1260 2416 1328 regni
2445 1264 2522 1311 tui
2551 1256 2921 1311 conditionem
2953 1256 3333 1311 ostentandam
3366 1275 3381 1322 ;
3416 1257 3547 1311 dum
3598 1286 3601 1291 ·

314 1344 681 1414 ἑκσπασθῆναι
710 1346 776 1398 ὲκ
806 1345 986 1415 χειρὸς
1013 1346 1235 1399 κακῶνί
1271 1343 1575 1398 ἐϐουλεύσω
1613 1345 1874 1416 αἰσχύνην

326 1436 388 1506 τῷ
415 1438 546 1507 οίκῳ
579 1453 677 1490 σου
704 1477 719 1501 ,
761 1439 1133 1510 συνεπέρανας
1163 1438 1325 1502 λαοὺς
1354 1438 1609 1504 πολλοὺς,
1659 1441 1750 1493 καὶ
1790 1440 1876 1507 ἐξ·

1980 1350 2095 1405 hzec
2130 1365 2341 1419 ageres,
2380 1349 2521 1404 haud
2557 1358 2734 1402 tamen
2786 1348 3017 1417 potuisti
3065 1346 3376 1402 discernere
3413 1366 3548 1418 qu0~

1982 1443 2143 1497 modo
2170 1442 2617 1512 imponendorum
2648 1439 2746 1495 tibi
2780 1439 3046 1495 malorum
3071 1440 3282 1507 pondus
3309 1440 3544 1496 vitares:

322 1527 607 1598 ἡμαρτενή
638 1526 783 1598 ψυχή
815 1544 931 1580 σου.
953 1545 973 1579 ι
1004 1528 1172 1592 Αὒτδς
1193 1523 1356 1599 ἦσθα,
1390 1530 1574 1599 φησὶν,
1598 1531 1626 1582 6
1655 1530 1878 1601 ἀμέτρῳ

1994 1534 2077 1588 sed
2105 1533 2305 1588 multos
2344 1532 2558 1587 interim
2607 1531 2828 1593 laedens,
2858 1539 3021 1600 atque
3059 1532 3113 1585 in
3138 1546 3328 1587 omnes
3359 1548 3552 1588 secure
3596 1554 3601 1559 ι

319 1617 646 1687 κεχρημένος
671 1621 737 1689 τῇ
772 1618 1053 1688 πλεονεξία
1082 1619 1173 1671 ἰπὶ
1202 1617 1281 1689 τῷ
1304 1619 1397 1672 τὸν
1425 1620 1654 1673 πλοῦτον
1695 1616 1879 1685 αὔξειν

1994 1639 2256 1695 peccans;
2296 1623 2439 1678 haud
2494 1623 2737 1686 divitias,
2766 1629 2824 1676 ut
2853 1621 3138 1686 credebas,
3164 1622 3258 1678 sed
3321 1623 3553 1693 ignomi-

326 1707 402 1759 τὸν
422 1710 619 1760 οίκείον
653 1710 720 1760 ὲκ
749 1707 857 1761 τῶν
897 1708 1189 1779 ἀλλοτρίων
1212 1708 1419 1772 κακῶν,
1454 1709 1665 1780 ὑψηλήν
1691 1727 1749 1765 τε
1779 1712 1880 1779 τῆς

1994 1716 2153 1779 niam,
2196 1722 2252 1769 ut
2292 1731 2481 1784 reapse
2508 1714 2687 1771 exitus
2716 1714 2983 1778 ostendit,
3010 1713 3194 1770 domui
3232 1723 3337 1770 tute
3375 1717 3555 1769 conci-

317 1798 513 1861 οἰκείας
573 1797 849 1867 βασιλείας
910 1798 1189 1864 ἀποδεῖξαι
1245 1799 1345 1871 τὴν
1402 1798 1662 1854 σύστασιν
1686 1816 1700 1830 ·
1761 1791 1877 1854 είτα

1994 1805 2163 1879 iiasti;
2193 1820 2316 1858 nam
2346 1806 2417 1858 ob
2457 1806 2571 1859 hac
2609 1806 2794 1860 omnia
2841 1821 2963 1875 quae
2996 1804 3191 1861 fecisse
3238 1816 3289 1859 te
3319 1815 3552 1869 constat.

318 1887 479 1940 ταῦτα
515 1888 616 1958 μὲν
654 1889 877 1952 ἐποίεις,
906 1889 1054 1952 ὅπως
1096 1889 1141 1942 δ’
1186 1890 1253 1945 ἂν
1280 1890 1601 1961 δυνηθείσης
1625 1890 1737 1950 τῶν
1776 1894 1877 1961 έπ-

1994 1895 2128 1948 hanc
2160 1909 2374 1964 pmnam
2413 1894 2743 1964 persolvisti.

317 1979 592 2048 αγομένων
621 1996 704 2033 σοι
732 1981 916 2034 κακῶν
957 1982 1275 2053 ἀπαλλαγὴν
1296 1983 1569 2056 ,εὕρασθαί
1592 2003 1734 2046 τινα,
1760 1988 1988 2043 συνιδεῖν
2013 1989 2073 2042 ού
2100 1986 2383 2059 δεδύνησαι
2406 2005 2418 2018 ·
2451 1988 2587 2042 ἀλλὰ
2613 1989 2720 2062 γὰρ
2744 1990 2964 2058 πολλοὺς
2993 1991 3192 2045 ἀδικῶν
3226 1990 3554 2062 παρανομῶν

315 2091 370 2127 τε
393 2077 470 2137 είς
497 2073 747 2136 ἅπαντας
788 2073 975 2138 ἀδεῶς,
1019 2076 1083 2128 ού
1116 2074 1365 2139 πλοῦτον,
1411 2076 1487 2141 ὡς
1524 2076 1653 2147 ᾤου,
1694 2080 1955 2151 αίσχύνην
1995 2081 2075 2144 δὲ,
2102 2082 2177 2143 ὡς
2225 2081 2258 2147 ή
2289 2078 2510 2144 έκὸασις
2554 2080 2839 2151 δεδήλωκε,
2869 2081 2945 2151 τῷ
2968 2080 3102 2156 οἴκῳ
3139 2084 3444 2159 συνήγαγες
3476 2084 3554 2154 τῷ

318 2166 508 2220 σαυτοῦ
528 2182 545 2196 ο
565 2164 712 2236 ὑπὲρ
738 2164 849 2238 γάρ
867 2167 1121 2221 ἁπάντων
1153 2160 1229 2222 ὧν
1249 2168 1722 2242 διαπεπραγμένος
1760 2167 1928 2243 ὦψαι,
1954 2175 2052 2246 τὴν
2088 2174 2356 2246 τιμωρίαν
2384 2174 2618 2239 δέδωκας
2647 2175 2866 2245 ταύτην.

382 2260 527 2330 Στίχ,
566 2267 655 2314 ια’.
693 2289 765 2300 -
813 2276 834 2311 ε
887 2261 1033 2314 Διότι
1075 2261 1221 2326 λίθος
1263 2264 1329 2318 ὲκ
1376 2266 1556 2335 τοίχου
1608 2265 1885 2336 βοήσεται,

320 2352 408 2404 καὶ
435 2351 710 2421 κάνθαρος
742 2352 807 2405 ὲκ
836 2350 991 2415 ξύλου
1021 2352 1309 2422 φθέγξεται
1337 2354 1496 2407 αὑτά.
1536 2372 1555 2405 ι
1586 2355 1886 2429 Τοιγαροῦν

319 2445 379 2495 ἐκ
407 2441 501 2496 τοῦ
534 2441 803 2510 μεγέθους
837 2441 946 2496 τῶν
972 2444 1176 2509 κακῶν,
1222 2444 1317 2497 καὶ⁵
1355 2445 1420 2498 ὲκ
1440 2443 1549 2498 τῶν
1584 2446 1886 2517 οἰκοδομῶν

316 2530 383 2595 ἃς
412 2532 597 2594 κακῶς
633 2531 926 2603 ἀνήγειρας
971 2535 1389 2605 άναπέμπονται
1424 2536 1666 2609 ὡσπερεὶ
1711 2538 1886 2606 φωναί

319 2641 459 2687 τινες
502 2624 908 2695 κατηγοροῦσαι
939 2641 1034 2678 σου
1075 2625 1175 2698 τὴν
1214 2628 1546 2694 πλεονεξίαν,
1576 2629 1683 2682 τῶν
1708 2646 1766 2683 τε
1797 2630 1881 2683 λί-

322 2713 433 2767 θων
463 2715 736 2783 μονονουχὶ
768 2714 953 2785 φωνὴν
980 2715 1251 2783 ἀφιέντων
1289 2718 1433 2771 κατὰ
1466 2716 1559 2777 σοῦ
1605 2718 1883 2790 τοιαύτην,

330 2803 431 2855 καὶ
450 2803 559 2855 τῶν
592 2804 883 2875 σκωλήκων
920 2804 977 2858 δὲ
1014 2807 1111 2859 σὺν
1137 2807 1321 2871 αὐτοῖς
1348 2807 1577 2871 ὁπόσους
1604 2810 1660 2861 ὲν
1694 2809 1886 2879 μέσαις

332 2897 453 2956 ταῖς
474 2894 577 2949 τῶν
606 2895 767 2949 λίθων
790 2913 852 2949 τε
879 2898 974 2949 καὶ
1003 2896 1236 2951 πλίνθων
1260 2901 1526 2968 ἁρμογαῖς
1550 2901 1886 2971 ὲμφωλεύειν

323 2984 461 3048 ἔθος,
483 2985 514 3057 η
540 2986 634 3039 καὶ
665 2987 725 3040 ὲν
761 2988 946 3058 μέσοις
966 2988 1227 3052 πολλάκις
1256 2990 1602 3059 εὑρίσκεσθαι
1643 2994 1756 3055 τοῖς
1798 2991 1888 3057 ξύ-

321 3074 469 3140 λοιςο
500 3077 770 3147 κάνθαρον
804 3079 913 3148 γὰρ
955 3078 1183 3133 ἐνταῦθα
1226 3079 1373 3149 λέγει
1410 3080 1479 3134 τὰ
1521 3080 1578 3135 εν
1608 3098 1668 3134 τε
1710 3081 1886 3146 ξύλοις

320 3166 706 3237 εὑρισκόμενα,
760 3167 835 3236 (p.
882 3166 1010 3237 568)
1051 3167 1109 3221 έν
1149 3185 1208 3220 τε
1244 3170 1542 3239 τοίχοιςὲν
1592 3169 1739 3241 μέσῳ
1778 3171 1887 3224 τῶν

323 3226 561 3311 πλίνθων
592 3226 854 3321 εἰωθότας
883 3226 1237 3328 ἐμφωλεύειν,
1266 3226 1440 3323 ὠςῧᾶν-
1455 3278 1539 3323 τις
1570 3226 1723 3316 aliaet.
1746 3262 1889 3327 ζωΰο
1915 3226 1958 3285 C

327 3349 426 3417 φιά
451 3364 514 3401 τε
546 3349 642 3402 καὶ
670 3346 957 3418 σκώληκας
980 3347 1152 3413 οὕτως
1183 3351 1490 3421 ὀνομάζων,
1539 3352 1616 3416 ὡς
1655 3352 1721 3408 ἂν
1740 3355 1891 3424 κοινῇ

326 3438 498 3513 ταύτῃ
540 3440 885 3512 προσηγορίᾳ
922 3440 1267 3513 καλουμένων
1300 3443 1554 3497 ἁπάντων
1585 3443 1697 3497 τῶν
1719 3443 1894 3496 τοιού-

326 3544 457 3584 των.
486 3530 646 3584 Ἔστι
676 3530 735 3584 δέ
762 3548 882 3584 τινα
914 3533 972 3584 έν
1000 3534 1111 3595 τοῖς
1144 3534 1463 3600 καταγαίοις
1493 3533 1720 3587 είωθότα
1757 3535 1892 3604 μᾶλα

327 3620 417 3675 λον
462 3624 520 3674 ιν
565 3622 718 3693 μέσῳ
752 3622 851 3693 τῆς
877 3622 1079 3686 νοτίδος
1106 3623 1453 3691 εὑρίσκεσθαι
1491 3623 1528 3678 ἃ
1567 3624 1895 3694 κανθαρίδας

334 3712 586 3766 καλοῦσι·
632 3712 778 3777 τινες
819 3713 877 3767 δὲ
903 3712 1111 3782 έφασαν
1155 3714 1245 3768 τὸν
1291 3713 1461 3786 Σύρον
1500 3715 1773 3768 πάσσαλον
1809 3715 1899 3767 λέ-

334 3817 482 3872 γεινο
502 3804 618 3859 ἀλλ’
638 3805 865 3874 ἀνόητον
892 3804 978 3877 εἴη
1010 3804 1076 3860 ἂν
1100 3807 1339 3877 ἀφέντας
1358 3807 1460 3877 τῆς
1497 3806 1771 3877 Ἐϐρατδος
1799 3806 1898 3877 τὴν

335 3895 514 3967 φωνὴν
558 3895 685 3950 καθ’
730 3896 801 3965 ἢν
834 3897 865 3949 6
903 3898 1189 3969 προφήτης
1231 3897 1550 3966 ἐφθέγξατο,
1589 3898 1767 3968 ἥνπερ
1803 3892 1899 3951 οὖν

337 3987 464 4053 ἡμῖν
507 3986 599 4040 διὰ
638 3986 741 4058 τῆς
778 3986 987 4051 οἰκείας
1038 3982 1332 4059 ἑρμηνείας
1365 3988 1509 4058 σαφῆ
1561 3988 1898 4059 κατέστησαν

337 4075 523 4148 ἄνδρες
556 4075 981 4147 Έδδομήκοντα,
1022 4075 1234 4147 δόκιμοι
1277 4093 1336 4130 τε
1382 4078 1477 4129 καὶ
1517 4075 1759 4148 ἀκριϐῶς
1801 4077 1901 4147 τῆς

340 4166 578 4238 γλώττης
616 4167 977 4237 επιστήμοννες
1004 4166 1238 4237 ἐκείνης,
1279 4168 1437 4237 Σύρῳ
1478 4168 1766 4239 προσέχειν
1805 4185 1901 4239 με·

340 4257 691 4329 ταϐεδληκότι
714 4257 816 4328 τὴν
860 4256 1127 4328 Ἐϐραίων
1148 4259 1228 4321 είς
1253 4258 1352 4328 τὴν
1377 4257 1563 4329 Σύρων
1580 4275 1593 4290 ο
1632 4255 1752 4312 εῐτα
1776 4259 1903 4312 πολ-

343 4344 491 4411 λάκις
514 4348 570 4401 τὺ
589 4349 842 4417 πταῖσμα
858 4346 922 4400 τδ
953 4349 1173 4411 οἰκεῖον,
1200 4348 1363 4418 νόμον
1402 4348 1712 4418 βουληθέντι
1733 4350 1903 4404 θεῖναι

346 4437 539 4507 φωνῆς,
567 4436 629 4499 ὃς
656 4437 805 4489 δοκεῖ
838 4453 950 4506 μοι,
980 4436 1056 4507 μὴ
1084 4438 1265 4500 συνεὶς
1292 4438 1322 4490 ὅ
1355 4436 1405 4490 τί
1434 4454 1566 4491 ποτε
1604 4438 1769 4507 λέγει,
1814 4438 1905 4491 τὸν

2056 2266 2225 2323 Vens.
2256 2268 2341 2323 ll.
2373 2297 2444 2309 —
2486 2286 2506 2321 ι
2544 2267 2683 2334 Quia
2716 2268 2857 2339 lapis
2905 2270 2973 2325 de
3025 2271 3229 2340 pariete
3277 2272 3556 2335 clamabit.

1983 2369 2034 2414 et
2075 2359 2385 2414 scarabaeus
2432 2357 2501 2413 de
2542 2358 2689 2429 ligno
2721 2359 2972 2429 loquetur
2999 2376 3083 2417 ea.
3124 2381 3144 2413 ι
3179 2361 3348 2432 Igitur
3395 2361 3556 2434 24],

1982 2466 2045 2504 ex
2071 2450 2293 2505 cumulo
2323 2450 2611 2515 malorum,
2644 2465 2857 2505 necnon
2888 2467 2954 2504 ex
2981 2452 3226 2507 :ediﬁciis
3273 2468 3393 2523 qua:
3419 2468 3554 2506 con-

1985 2546 2071 2592 tra
2112 2538 2194 2593 l'as
2232 2538 2507 2603 struxisti,
2555 2554 2717 2594 voces
2769 2539 2933 2593 veluti
2967 2542 3210 2611 quaedam
3269 2543 3557 2597 mittuntur

1995 2640 2117 2697 quas
2138 2636 2287 2680 tuam
2321 2626 2603 2681 avaritiam
2638 2636 2919 2692 accusant,
2944 2631 3092 2684 saxis
3119 2629 3248 2695 ipsis
3275 2643 3557 2703 propemo-

1983 2718 2112 2772 dum
2150 2718 2230 2774 sic
2262 2726 2452 2773 contra
2509 2727 2569 2772 te
2620 2703 3005 2782 clamantibus,
3066 2733 3276 2792 necnon
3328 2728 3382 2773 et
3435 2733 3556 2772 ver-

1984 2808 2165 2862 mibus
2191 2812 2459 2877 quotquot
2504 2804 2561 2859 in
2611 2806 2803 2862 mediis
2843 2806 2992 2861 saxis
3046 2805 3388 2876 laterumque
3427 2805 3559 2876 jun-

1984 2899 2150 2954 cturis
2182 2899 2392 2953 latitare
2420 2898 2629 2964 solent,
2652 2905 2709 2953 et
2736 2896 2877 2951 intra
2906 2896 3049 2966 ligna
3080 2911 3219 2966 saepe
3247 2896 3555 2965 comperiri.

1986 2989 2201 3045 Etenim
2248 2989 2584 3046 scarabaeum
2630 2986 2735 3043 hoc
2790 2989 2909 3042 loco
2958 2987 3192 3058 appellat
3236 2984 3558 3041 animalculn

1989 3094 2112 3150 qua:
2154 3078 2209 3134 in
2255 3079 2415 3150 lignis
2443 3087 2755 3144 occurrunt,
2790 3086 2844 3134 et
2888 3078 2943 3133 in
2978 3077 3147 3133 muris
3180 3076 3321 3133 intra
3356 3078 3559 3149 lapides

1992 3170 2254 3226 lateresve
2280 3169 2544 3233 cubitant,
2568 3166 2745 3240 quasi,
2769 3170 3010 3240 inquam,
3033 3168 3137 3224 hoc
3166 3170 3384 3223 nomine
3415 3169 3562 3222 dicat

1994 3261 2320 3316 animalcula
2351 3261 2554 3331 quaevis
2604 3273 2659 3317 et
2703 3277 2937 3324 vermes,
2972 3276 3068 3315 ceu
3112 3263 3155 3314 si
3196 3260 3377 3314 omnia
3409 3275 3561 3314 cmu-

1996 3353 2145 3407 muni
2177 3352 2281 3408 hac
2310 3353 2670 3424 appellatione
2708 3354 3035 3407 vocitentur.
3070 3353 3208 3405 Sunt
3234 3350 3395 3402 etiam
3431 3350 3561 3403 sub-

1997 3448 2241 3497 terranea
2271 3442 2517 3511 quazdam
2565 3442 2620 3496 in
2669 3441 2845 3496 media
2885 3438 3151 3509 pmcipue
3197 3436 3444 3504 rubigine
3481 3437 3563 3488 iu-

1995 3533 2168 3588 veniri
2225 3534 2405 3599 solita,
2462 3545 2598 3602 quas
2652 3528 3002 3585 cantharidas
3049 3522 3268 3580 vocanti
3307 3525 3562 3579 Nonnulli

1999 3638 2126 3679 vero
2157 3624 2410 3679 dixerunt
2467 3622 2610 3692 apud
2661 3619 2854 3692 Syrum
2908 3619 3255 3687 interpretem
3302 3616 3561 3688 paxillum

1999 3714 2122 3784 legi.
2176 3715 2339 3783 Atqui
2386 3715 2609 3770 stultum
2667 3721 2750 3767 est
2793 3710 2997 3766 omissa
3048 3706 3307 3764 Hebraica
3356 3710 3561 3779 lingua,

1999 3819 2103 3874 qua
2136 3804 2395 3876 propheta
2426 3805 2642 3859 locutus
2667 3812 2771 3868 est,
2807 3801 2967 3871 cujus
2998 3799 3317 3855 vocabulum
3349 3800 3566 3870 prapria

2000 3896 2443 3967 interpretatione
2480 3895 2819 3966 septuaginta
2851 3894 2952 3949 viri
3005 3893 3161 3948 nobis
3197 3893 3572 3953 declararunt,

2002 3986 2209 4055 probati
2245 3986 2498 4040 nimirum
2532 3985 2608 4038 illi
2640 3994 2694 4039 et
2718 3982 2837 4053 ejus
2867 3982 3064 4053 linguae
3092 3987 3346 4036 accurate
3385 3979 3564 4048 periti.

2004 4075 2140 4148 Syro
2170 4074 2445 4133 attendere
2484 4075 2577 4148 qui
2624 4074 2944 4130 Hebraicum
2989 4073 3251 4144 scriptum
3301 4074 3367 4126 ad
3399 4070 3568 4143 Syro-

2003 4182 2122 4220 rum
2151 4180 2454 4221 sermonem
2477 4164 2757 4221 transtulit
2781 4183 2793 4219 :
2820 4164 2913 4234 qui
2944 4177 3084 4233 saepe
3113 4174 3351 4218 errorem
3404 4174 3566 4217 suum

2004 4270 2106 4325 pro
2148 4257 2342 4327 linguae
2383 4255 2569 4326 regula
2620 4255 2735 4309 vult
2787 4252 3098 4334 obtrudere,
3128 4261 3389 4323 quantum
3433 4251 3566 4306 mihi

2003 4346 2240 4410 videtur,
2274 4347 2403 4416 quid
2431 4346 2574 4401 dicat
2618 4345 2838 4400 minime
2876 4343 3181 4415 intelligens
3211 4362 3225 4398 :
3255 4345 3438 4412 itaque
3470 4358 3568 4411 pro

2007 4439 2279 4491 scaraba’o
2306 4435 2506 4506 passim
2537 4435 2593 4489 in
2627 4436 2796 4490 muris
2822 4434 3066 4489 cubitare
3098 4434 3278 4501 solito,
3307 4433 3567 4502 paxillum

347 4525 607 4597 κάνθαρον
636 4524 783 4581 πάνυ
808 4542 874 4594 γε
909 4525 1141 4582 εἰωθότα
1186 4526 1520 4598 ὲμφωλεύειν
1550 4531 1659 4590 τοῖς
1704 4528 1892 4597 τοίχοις

2010 4528 2209 4598 posuit,
2246 4533 2305 4581 ut
2353 4527 2642 4595 quamdam
2692 4526 2960 4580 sermonis
3005 4523 3301 4593 sequelam‘
3333 4522 3570 4576 retinere

343 4614 400 4668 τὸ
428 4635 446 4669 ι
498 4616 775 4681 πάσααλος
809 4636 829 4669 ι
862 4616 1179 4682 τεθεικέναι,
1225 4616 1312 4671 ἕνα
1337 4617 1470 4688 δοκῇ
1510 4633 1632 4670 τινα
1669 4618 1728 4670 τὸ
1754 4617 1905 4685 λεγό-

348 4705 848 4774 μωνάκολουθίαν
886 4707 1031 4777 ἔχειν
1050 4724 1065 4738 ·
1120 4707 1296 4762 καίτοι
1326 4725 1388 4777 γε
1423 4708 1699 4762 πάσσαλον
1724 4709 1789 4760 ὲκ
1817 4707 1908 4770 ξύ-

346 4795 433 4850 λου
466 4796 801 4866 φθέγγεσθαι
826 4798 1188 4852 ἀναιώλουθον
1224 4799 1389 4868 ἄγαν,
1420 4797 1606 4868 ἐπειδὴ
1629 4799 1694 4851 ὲκ
1723 4798 1905 4868 τοίχου

350 4886 445 4955 μὲν
468 4887 816 4959 ἐνδεχόμενον
834 4927 851 4952 ,
882 4890 949 4942 ὲκ
974 4888 1133 4953 ξύλου
1165 4888 1222 4942 δὲ
1257 4889 1439 4941 οὐκέτι
1460 4906 1474 4920 ο
1506 4889 1568 4942 οὐ
1592 4889 1697 4959 γὰρ
1721 4888 1908 4960 ὥσπερ

348 4977 410 5031 ὲκ
456 4979 620 5034 λίθων
670 4979 977 5034 συντίθεται
1033 4981 1231 5051 τοῖχος,
1283 4980 1456 5043 οὕτως
1507 4983 1571 5033 ἐκ
1618 4982 1909 5035 πασσάλων

344 5064 513 5129 ξύλον.

414 5158 557 5230 Nx.
590 5160 774 5230 ιβ’-ιε’.
803 5189 874 5200 —-
899 5161 976 5212 υὺ
1004 5159 1185 5229 μέντοι
1206 5174 1269 5226 γε
1296 5162 1577 5230 προφήτης
1602 5162 1787 5230 ἐπειδὴ
1817 5161 1910 5214 καὶ

348 5248 412 5302 ὲκ
439 5251 548 5304 τῶν
584 5251 780 5322 τοίχων
811 5250 924 5305 sits
980 5252 1088 5305 τῶν
1144 5253 1395 5305 ἐνιόντων
1432 5254 1615 5315 αὐτοῖς
1659 5254 1763 5323 ἔφη
1809 5253 1907 5322 τὴν

347 5342 679 5413 κατηγορίαν
711 5342 955 5412 γίνεσθαι
999 5344 1120 5396 κατ’
1152 5342 1341 5406 αὐτοὸ,
1376 5342 1554 5406 καλῶς
1597 5345 1873 5415 ἐπήγαγεν
1892 5361 1905 5375 -

354 5446 372 5477 ι
406 5431 539 5486 Οὐαὶ
564 5434 593 5485 6
620 5433 917 5502 οἰκοδομῶν
946 5434 1101 5488 πόλιν
1132 5438 1190 5488 ὲν
1216 5435 1432 5505 αἵμασι,
1481 5434 1571 5486 καὶ
1608 5434 1911 5504 ἐτοιμάζων

352 5521 502 5577 πόλιν
528 5526 586 5578 ιν
612 5524 849 5589 ἀδικίαις
867 5543 883 5557 ο
916 5527 978 5578 οὐ
1004 5527 1178 5579 ταῦτά
1202 5528 1318 5578 ἐστι
1357 5526 1508 5594 παρὰ
1546 5526 1749 5595 Κυρίου
1780 5544 1914 5579 παυς

2009 4616 2303 4671 videretur.
2335 4612 2497 4684 Atqui
2546 4612 2810 4683 paxillum
2855 4624 2920 4668 ex
2959 4612 3105 4682 ligno
3140 4611 3310 4681 loqui,
3345 4625 3453 4665 non
3486 4618 3572 4666 est

2010 4713 2434 4763 consentanequ
2470 4722 2485 4758 :
2520 4717 2644 4758 nam
2684 4703 2729 4757 si
2772 4716 2836 4756 ex
2886 4715 3042 4757 muro
3089 4707 3286 4770 potest,
3324 4715 3389 4755 ex
3424 4698 3572 4769 ligno

2007 4810 2348 4866 nequaquam
2384 4814 2397 4850 :
2433 4810 2542 4852 non
2573 4795 2721 4849 enim
2772 4793 2913 4849 sicut
2965 4806 3032 4848 ex
3068 4791 3338 4862 lapidibus
3383 4804 3574 4846 murus

2015 4887 2318 4955 coniicitur,
2350 4886 2425 4941 ita
2457 4900 2523 4941 ex
2556 4884 2770 4954 paxillis
2797 4883 3022 4954 lignum.

2088 5157 2249 5212 Vsus.
2278 5155 2457 5210 l2-l5.
2475 5184 2545 5195 --
2566 5156 2705 5225 Ergo
2734 5153 3015 5224 propheta,
3036 5148 3470 5221 quandoquidem
3501 5165 3566 5204 ex

2019 5255 2186 5305 muris
2203 5260 2254 5304 et
2273 5266 2338 5303 ex
2355 5249 2681 5303 haerentibus
2698 5248 2803 5301 illic
2817 5244 3157 5300 animalculis
3170 5242 3587 5297 accusatione-ur

2019 5340 2129 5394 ﬁeri
2151 5347 2339 5392 contra
2357 5336 2704 5407 Babylonium
2726 5337 2883 5401 dixit,
2898 5336 3152 5406 praeclare
3171 5334 3374 5389 addidit
3398 5352 3410 5386 :
3442 5351 3460 5384 ι
3486 5330 3575 5386 νε

2011 5434 2101 5500 qui
2133 5430 2361 5484 mdiiicat
2399 5429 2668 5482 civitatem
2711 5429 2765 5481 in
2814 5428 3190 5498 sanguinihus,
3222 5434 3274 5481 et
3306 5434 3579 5495 praeparat

2014 5524 2195 5576 urbem
2238 5522 2292 5574 in
2349 5519 2751 5587 iniquitatibus!
2790 5510 2906 5575 Non
2950 5526 3076 5573 sunt
3116 5519 3228 5571 haec
3277 5531 3308 5568 α
3349 5513 3577 5569 Domino

758 5618 832 5688 (p.
880 5617 1005 5685 369)
1051 5619 1143 5671 καὶ
1182 5616 1427 5682 ἐξέλιπον
1462 5616 1590 5669 λαὸν
1628 5617 1808 5669 ἱκανὸν
1862 5619 1892 5667 ἓε

2018 5615 2406 5680 omnipotente.
2442 5610 2504 5662 Et
2534 5609 2844 5665 defecerunt
2872 5609 3054 5680 populi
3082 5608 3234 5662 multi
3258 5608 3313 5660 in
3346 5605 3489 5672 igne,
3521 5613 3573 5654 et

352 5709 505 5777 πυρὶ,
541 5708 636 5762 καὶ
673 5707 801 5779 ιθνη
841 5708 1011 5763 πολλὰ
1038 5708 1473 5780 ὠλιγοψύχησεν,
1507 5709 1586 5761 ὅτι
1619 5708 1918 5777 πλησθήσε-

2022 5715 2204 5775 gontcs
2242 5703 2419 5757 multa}
2462 5704 2642 5756 auiino
2689 5701 3062 5758 conciderunt.
3105 5699 3242 5765 Quia
3283 5693 3583 5767 rcpicbitue
