4022 6138
381 286 487 346 ιῦθ

1541 287 1886 356 TBEODORI
1921 298 2151 356 MOPSU
2161 301 2286 357 EST
2296 303 2406 358 εΝι

3525 301 3632 358 ιιο

387 416 553 471 terra,
613 412 673 462 ut
705 404 1012 482 'cOgnoscat
1060 408 1282 481 gloriam
1329 411 1540 468 Domini
1576 414 1769 484 :quasi
1821 427 1958 482 aqua

2071 431 2151 467 ται
2179 417 2211 484 ὴ
2231 417 2300 486 γῆ
2325 415 2419 469 τοῦ
2442 419 2640 486 γνῶναι
2671 419 2767 491 τὴν
2795 419 2952 484 δόξαν
2985 417 3211 490 Κυρίου,
3235 414 3309 480 ὡς
3331 415 3471 488 ὕδωρ
3494 415 3630 470 πολῦ

388 497 558 553 multa
593 498 756 572 242
785 503 1035 572 operiens
1070 503 1262 558 maria.
1296 522 1315 556 ι
1349 505 1484 572 Quis
1530 514 1582 561 te
1611 520 1719 560 non
1767 503 1960 559 deﬂeat

390 588 558 643 urbes
593 591 831 647 caedibus
857 599 911 646 et
935 591 1314 663 iniquitatibus
1346 596 1740 653 aediﬁcantem?
1776 594 1961 665 Neque

391 679 538 734 enim
592 684 770 738 cernis
819 699 1066 754 quaenam
1115 687 1210 742 tibi
1267 688 1431 760 hujus
1461 692 1540 746 rei
1568 704 1734 746 causa
1784 703 1815 742 a
1850 687 1962 741 Deo

395 769 698 826 inferentur
733 775 895 830 mala.
960 774 1041 830 Tu
1092 778 1310 847 quidem
1363 783 1584 847 multos,
1629 787 1761 852 quot
1800 793 1963 836 nemo

394 862 664 929 recitahit,
691 866 849 933 quasi
891 867 1017 937 igne
1052 868 1376 927 crudelitate
1409 882 1499 926 tua
1529 871 1911 943 consumpsisti
1945 889 1957 924 :

395 952 598 1009 multos
641 955 710 1010 ad
751 957 873 1013 vitae
905 961 1108 1014 exitum
1162 961 1518 1020 intolerandis
1573 964 1832 1019 aerumnis
1869 963 1963 1017 de-

397 1043 594 1100 duxisti
643 1063 656 1100 :
703 1049 1054 1117 quamobrem
1102 1069 1245 1108 nunc
1289 1054 1403 1109 haec
1461 1055 1745 1110 sustines:
1779 1062 1840 1108 ut
1888 1052 1963 1106 ita

397 1150 588 1191 omnes
621 1152 716 1207 per
738 1139 924 1195 orbem
955 1149 1224 1198 terrarum
1249 1144 1494 1200 homines
1522 1151 1823 1215 agnoscant
1852 1159 1963 1198 ma-

397 1239 559 1293 gnam
617 1225 709 1282 Dei
767 1231 1160 1300 providentiam
1211 1225 1716 1306 talia'operantem,
1759 1235 1966 1306 tibique

390 1316 471 1382 'ob
498 1315 738 1373 facinora
772 1328 976 1376 tantam
1014 1339 1229 1394 poenam
1267 1326 1582 1397 imponenti,
1619 1336 1963 1398 peccatorum

399 1413 618 1462 tuorum
652 1411 981 1467 multitudini
1009 1415 1438 1472 convenientem.
1481 1416 1801 1488 Rursusque
1839 1434 1963 1473 cum

398 1500 902 1563 exprobratione“
929 1502 974 1558 Ο
1022 1505 1114 1576 qui
1159 1509 1431 1578 prepinat,
1470 1510 1667 1580 inquit,
1718 1509 1966 1579 proximo

400 1606 502 1644 suo
525 1591 932 1650 subversionem
961 1596 1255 1663 turbidam,
1286 1608 1340 1654 et
1367 1599 1600 1656 inebriat
1631 1608 1688 1654 ut
1717 1600 1968 1669 inspiciat

399 1678 456 1732 in
509 1679 798 1749 speluncas
846 1685 1067 1738 eorum!
1109 1705 1128 1738 ι
1164 1685 1284 1741 Dixi
1325 1689 1436 1758 jam
1488 1704 1660 1759 saepe,
1697 1689 1878 1742 vinum
1916 1695 1970 1744 et

401 1773 575 1839 ipsam
622 1775 952 1842 potatinncm
999 1793 1100 1847 pro
1136 1780 1393 1836 aerumnis
1443 1780 1570 1836 dici.
1607 1780 1691 1835 Tu
1724 1795 1852 1851 ergo
1885 1796 1965 1845 es,

400 1865 493 1932 qui
522 1867 792 1921 universis
819 1867 1130 1924 hominibus
1157 1870 1430 1925 turbidum
1468 1879 1653 1941 potum
1688 1873 1966 1942 propinas,

403 1958 671 2013 inebriare
703 1974 766 2012 ac
800 1960 1113 2017 subvertere
1147 1972 1394 2033 potantes
1420 1966 1642 2019 omnino
1677 1966 1967 2028 valentem,

401 2047 456 2101 id
480 2051 988 2117 est,gravissimum
1017 2055 1340 2124 supplicium
1381 2057 1592 2112 cunctis
1627 2056 1816 2112 infers.
1844 2055 1970 2111 Haec

371 2146 375 2150 ‘
403 2139 659 2206 faciebas,
690 2141 885 2213 inquit,
914 2143 1042 2198 dum
1082 2146 1256 2200 aliena
1289 2152 1721 2219 concupisceres,
1750 2157 1804 2204 et
1835 2150 1968 2205 alie-

401 2247 500 2286 nos
526 2233 809 2290 thesauros
854 2239 1194 2304 scrutareris,
1253 2248 1310 2293 ut
1355 2241 1408 2295 in
1459 2257 1572 2296 rem
1619 2250 1766 2296 tuam
1814 2257 1971 2298 sevo-

401 2333 462 2369 (Ἢ
472 2332 557 2372 res
576 2355 592 2372 ι

470 2607 637 2664 Vens.
670 2610 846 2664 16-18.
873 2640 941 2650 -—
969 2630 987 2662 ι
1028 2611 1376 2668 Saturitatcm
1414 2615 1721 2684 ignominiae
1758 2614 1825 2670 de
1855 2615 1971 2686 glo-

400 2700 482 2754 ria
515 2700 640 2756 bibe
689 2709 743 2755 et
797 2709 854 2756 tu
890 2720 903 2756 :
936 2717 1032 2757 cor
1075 2713 1443 2761 commovetor
1486 2715 1540 2760 et
1590 2709 1914 2761 concutitor.
1949 2726 2004 2760 ι.

399 2789 530 2856 Quae
554 2790 720 2860 igitur
740 2792 860 2848 aliis
893 2792 1087 2856 fecisti,
1117 2795 1313 2866 dignus
1338 2797 1453 2865 ipse
1483 2797 1593 2866 pati
1626 2812 1724 2862 es;
1760 2804 1818 2850 ut
1851 2807 1973 2866 post

399 2897 612 2937 omnem
638 2883 784 2936 illam
814 2884 1040 2954 gloriam
1080 2885 1374 2954 ignominia
1413 2886 1662 2949 obrutus,
1691 2896 1891 2941 nutans
1921 2894 1973 2940 et

399 2974 713 3039 concidens,
766 2976 921 3044 quasi
974 2975 1196 3044 crapula
1239 2974 1496 3045 quadam,
1534 2990 1562 3028 a
1601 2976 1972 3046 magnitudine

2063 505 2440 576 κατακαλύψαι
2465 509 2766 574 θαλάσσας.
2815 531 2834 564 ι
2874 511 2987 564 Ούκ
3025 511 3090 564 ἀν
3123 525 3181 562 σε
3211 508 3530 578 θρηνήσειεν
3565 506 3630 556 ἐκ

2064 595 2236 663 φόνων
2266 597 2358 650 καὶ
2391 599 2613 653 ἀδικιῶν
2645 598 3118 662 κατασκευάζοντα
3155 596 3368 663 πόλεις;
3410 595 3485 650 Οὔ
3519 610 3631 663 γαρ

2064 685 2338 759 σύνεώρας
2398 690 2556 744 ἅτινα
2615 690 2756 762 ὑπὲρ
2815 690 3018 744 τούτων
3074 685 3494 758 ἐπενεχθήσεταί
3548 702 3632 736 σοι

2066 780 2216 850 παρὰ
2242 779 2335 833 τοῦ
2364 781 2499 834 Θεοῦ
2520 799 2532 810 ·
2562 782 2696 836 ἀλλά
2725 781 2951 850 πολλοὺς
2991 780 3089 851 μέν
3113 796 3266 842 τινας
3291 778 3384 832 καί
3423 774 3636 847 ἀμυθή-

2063 888 2188 934 τους
2211 870 2402 943 ὥσπερ
2435 873 2567 942 πυρί
2596 876 2660 944 τῇ
2696 871 2891 926 σαυτοῦ
2930 868 3316 932 καταναλώσας
3353 865 3632 937 ὠμότητι,

2066 961 2292 1026 πολλοὺς
2315 963 2370 1016 δὲ
2401 964 2536 1035 πρὸς
2578 963 2709 1017 αὐτὸ
2729 963 2789 1015 τὸ
2826 962 2977 1024 τέλος
3014 962 3219 1031 ἡγαγες
3247 958 3340 1012 τοῦ
3374 957 3487 1028 βίου
3512 957 3633 1018 ταῖς

2066 1053 2382 1120 ἀνηκέστοις
2413 1056 2715 1125 συμφοραῖς
2737 1069 2748 1081 ο
2781 1052 2919 1123 ὑπὲρ
2951 1047 3025 1107 ὧν
3063 1051 3127 1121 δὴ
3159 1049 3331 1104 ταῦτα
3363 1049 3458 1101 νῦν
3499 1049 3634 1100 ὑπο-

2070 1148 2269 1213 μενεῖς,
2325 1144 2464 1198 ὥστε
2515 1147 2761 1208 ἅπαντας
2805 1147 2929 1208 τοὺς
2985 1142 3126 1197 κατά
3168 1141 3272 1211 γῆν
3313 1137 3636 1210 ἀνθρώπους

2066 1236 2360 1304 ἐπιγνῶναι
2399 1237 2497 1308 τῆς
2531 1238 2681 1300 θείας
2705 1237 3012 1308 οἰκονομίας
3049 1237 3108 1289 τὸ
3141 1233 3369 1306 μέγεθος
3407 1231 3638 1302 τοιαῦτα

2067 1326 2438 1398 ἐργαζομένης
2459 1343 2472 1356 ·
2501 1327 2640 1382 οὓτω
2662 1329 2719 1382 τέ
2756 1346 2837 1382 σοι
2875 1327 2952 1400 τῷ
2977 1326 3210 1380 τοσαῦτα
3232 1323 3512 1395 δυνηθέντι
3540 1323 3637 1376 καὶ

2069 1420 2414 1490 πεποιηκότι,
2455 1420 2689 1493 φοϐεράν
2733 1421 2992 1488 ἐπάγοντι
3032 1421 3132 1490 τὴν
3184 1418 3486 1489 τιμωρίαν,
3539 1415 3636 1468 καί⁵

2068 1515 2384 1585 πρέπουσάν
2434 1532 2496 1583 γε
2551 1513 2629 1584 τῷ
2683 1515 2876 1585 πλήθει
2925 1513 3033 1567 τῶν
3088 1509 3490 1583 ἡμαρτημένων
3533 1507 3640 1560 ὑπὸ

2071 1611 2185 1666 σοῦ.
2221 1609 2325 1664 Καὶ
2351 1609 2512 1663 πάλιν
2547 1607 2909 1671 όνειδιστικῶς
2945 1606 3120 1675 λέγων
3141 1623 3156 1636 ·
3187 1624 3205 1656 ι
3238 1600 3310 1657 Ὦ
3338 1605 3367 1656 ό
3401 1601 3636 1666 ποτίζων

2069 1701 2160 1754 τὸν
2202 1699 2427 1771 πλησίον
2483 1697 2645 1752 αὐτοῦ
2687 1697 2998 1769 ἀνατροπὴν
3045 1696 3292 1767 θολεράν,
3338 1693 3434 1746 καὶ
3473 1691 3641 1762 μεθύ-

2073 1811 2216 1847 σκων
2238 1793 2386 1856 ὅπως
2411 1789 2679 1859 ἐπιϐλέπῃ
2709 1789 2801 1841 ἐπὶ⁹
2825 1788 2893 1842 τά
2921 1787 3157 1859 σπήλαια
3186 1783 3382 1839 αὐτῶν.
3423 1802 3440 1835 ι
3469 1777 3638 1834 Εἶπον

2070 1887 2327 1950 πολλάκις
2369 1887 2450 1939 ὅτι
2477 1885 2568 1940 τὸν
2596 1882 2737 1939 οἶνον
2779 1883 2874 1937 καὶ⁵
2909 1882 2970 1935 τὸ
3014 1881 3186 1932 πίνειν
3223 1877 3386 1931 αὐτὸν
3424 1874 3515 1928 ἐπὶ
3540 1875 3640 1943 τῆς

2072 1979 2353 2050 συμφορᾶς
2389 1977 2557 2046 λέγει.
2602 1977 2674 2028 Σὺ
2715 1971 2828 2036 οὖν,
2855 1972 3040 2043 φησιν,
3085 1965 3227 2040 ἦσθα
3281 1968 3310 2020 ό
3350 1969 3514 2020 πᾶσιν
3551 1965 3645 2017 ἀν-

2071 2071 2310 2144 θρώποις
2340 2069 2490 2139 πόμα
2519 2066 2744 2130 θολῶδες
2790 2064 3100 2135 προσάγων,
3132 2059 3424 2132 μεθύσκειν
3460 2074 3519 2110 τε
3546 2055 3643 2110 καὶ

2071 2162 2396 2234 ἀνατρέπειν
2445 2159 2536 2214 τὸν
2587 2159 2810 2212 πίνοντα
2855 2156 3151 2225 δυνάμενον
3195 2150 3506 2212 παντελῶς·
3551 2149 3642 2202 ἵνα

2072 2255 2222 2326 εἴπῃ,
2261 2250 2531 2323 τιμωρίαν
2577 2247 2883 2319 βαρυτάτην
2921 2244 3122 2299 ἅπασιν
3162 2243 3413 2310 ἐπάγων
3466 2237 3641 2292 ταῦτα

2070 2347 2147 2410 δὲ,
2175 2345 2358 2415 φησὶν,
2386 2343 2588 2404 ἐποίεις
2616 2339 2724 2393 τῶν
2750 2336 3041 2408 ἀλλοτρίων
3078 2331 3380 2414 ἐπιθυμῶν,
3415 2331 3488 2401 (.p.
3511 2330 3640 2399 570)

2073 2437 2326 2499 καὶτοὺς·
2348 2433 2650 2504 θησαυροὺς
2690 2431 2815 2492 τοὺς
2847 2426 3162 2498 ἀλλοτρίους
3198 2420 3642 2494 ἀνερευνώμενος

2073 2528 2166 2581 καὶ
2196 2523 2394 2579 σαυτοῦ
2440 2524 2615 2576 ποιεῖν
2639 2519 2858 2572 ἐθέλων.

2144 2618 2288 2687 Στξχ,
2326 2621 2525 2684 ις’-ιη’,
2567 2641 2639 2654 --
2682 2631 2700 2662 ι
2749 2608 3073 2680 Πλησμονὴν
3118 2606 3342 2677 ἀτιμίας
3371 2605 3435 2660 ἐκ
3477 2601 3643 2672 δόξης

2073 2711 2162 2764 πίε
2193 2712 2286 2764 καὶ
2322 2707 2418 2760 σύ⁶
2455 2705 2651 2776 καρδία
2695 2703 3004 2772 σαλεύθητι,
3039 2699 3133 2753 καί¹
3180 2697 3443 2768 σείσθητι.
3499 2713 3517 2744 ι
3572 2694 3645 2745 Ἃ

2073 2806 2250 2857 τοίνυν
2300 2782 2604 2868 πεποίηκας
2646 2797 2872 2866 ἑτέροις,
2904 2794 3109 2854 δίκαιος
3152 2789 3216 2844 ἂν
3255 2787 3373 2858 εἴης
3414 2785 3638 2846 παθεῖν’

2075 2895 2140 2947 ἵν’
2160 2893 2219 2957 ἐξ
2244 2890 2461 2960 ἀπάσης
2495 2889 2707 2957 ἐκείνης
2737 2886 2832 2955 τῆς
2871 2883 3028 2952 δόξης
3067 2880 3292 2951 ἀτιμίας
3313 2875 3640 2948 πληρωθεὶς,

2073 2981 2519 3052 διασαλευόμενός
2548 2998 2607 3033 τε
2629 2979 2721 3032 καὶ
2747 2975 3103 3031 καταπίπτων
3140 2973 3215 3035 ὡς
3238 2969 3343 3024 ὑπό
3375 2985 3518 3030 τινος
3547 2965 3644 3037 μέ-

401 3062 696 3130 punitionis
732 3063 849 3119 ﬁas.
894 3084 912 3116 ι
946 3063 1316 3121 Circumdedit
1345 3076 1394 3120 te
1420 3067 1559 3121 calix
1596 3066 1832 3122 dexterae
1861 3066 1968 3121 Do-

2074 3079 2172 3148 θης
2205 3078 2270 3146 τῇ
2313 3071 2716 3145 τῆς“τιμωρίας
2757 3068 3032 3138 διαμένοις
3068 3063 3364 3135 ὑπερϐολῇ.
3412 3080 3430 3111 ι
3485 3058 3646 3148 Ἐχῤ.

400 3151 556 3217 mini,
582 3160 636 3208 et
660 3160 878 3223 aggesta
904 3161 986 3209 est
1006 3154 1300 3224 ignominia
1329 3171 1492 3225 super
1513 3155 1741 3227 gloriam
1765 3164 1967 3212 tuam.»

2076 3147 2279 3222 κλωσεν
2310 3166 2402 3218 ἐπὶ
2440 3163 2500 3216 σέ
2527 3163 2784 3231 ποτήριον
2807 3158 2985 3222 δεξιᾶς
3015 3155 3243 3226 Κυρίου,
3277 3152 3371 3206 καὶ
3405 3147 3646 3220 συνήχθη

400 3243 640 3298 Adduxit
682 3244 778 3299 tibi
823 3245 1050 3302 calicem
1089 3260 1246 3300 suum
1282 3245 1446 3309 Deus,
1480 3262 1578 3316 pro
1613 3262 1680 3302 eo
1729 3255 1790 3300 ut
1829 3247 1968 3302 dicat

2074 3261 2267 3330 ἀτιμία
2305 3257 2395 3310 ἐπὶ
2427 3255 2523 3326 τὴν
2552 3251 2710 3316 δόξαν
2762 3267 2877 3303 σου.
2929 3267 2948 3300 ι
3009 3247 3286 3315 Ἐπήγαγε
3325 3243 3430 3312 γάρ
3472 3258 3551 3294 σοι
3583 3238 3648 3292 «ce

399 3337 670 3390 decretam
699 3350 729 3390 ι
767 3350 825 3390 se
857 3351 1093 3407 poenam,
1118 3345 1176 3391 ut
1205 3337 1375 3408 gloria
1414 3347 1506 3392 tua
1538 3339 1590 3392 in
1623 3338 1968 3409 ignominiam

2075 3351 2272 3403 οἰκεῖον
2301 3347 2557 3417 ποτήριον
2590 3345 2618 3396 ό
2647 3341 2802 3405 Θεὸς,
2827 3341 2912 3393 ἵνα
2936 3337 3066 3408 εῐπῃ
3094 3337 3193 3406 τὴν
3225 3335 3289 3386 ἐκ
3315 3334 3412 3403 τῆς
3440 3331 3647 3394 οἰκείας

399 3425 684 3492 plurimam
727 3427 963 3498 undique
1011 3429 1066 3483 in
1114 3436 1168 3484 te
1213 3438 1525 3501 congestam
1567 3431 1822 3501 deinceps
1843 3445 1968 3486 con-

2075 3440 2402 3509 ἀποφάσεως
2446 3436 2733 3507 τιμωρίαν,
2789 3434 2930 3488 ὥστε
2981 3447 3063 3482 σοι
3089 3428 3187 3499 τὴν
3227 3424 3382 3490 δόξαν
3421 3425 3500 3487 εἰς
3535 3427 3651 3476 ἀτι-

400 3522 659 3570 vertatur.
694 3533 713 3566 ι
743 3515 893 3582 Quia
923 3518 1175 3589 impietas
1199 3519 1392 3575 Libani
1423 3522 1633 3593 aperiet
1670 3529 1743 3586 te,
1786 3529 1842 3577 et
1875 3521 1968 3575 mi-

2080 3533 2206 3604 μίαν
2235 3531 2492 3601 πλείστην
2533 3523 2871 3595 πανταχόθεν
2903 3519 3299 3593 ἀθροιζομένην
3328 3517 3420 3571 ἐπὶ
3453 3515 3512 3567 σέ
3558 3531 3652 3585 με-

400 3605 868 3663 seria'bestiarum
919 3611 1143 3666 terrebit
1177 3620 1248 3678 te,
1289 3621 1510 3682 propter
1553 3613 1848 3685 sanguines
1875 3613 1976 3668 ho-

401 3697 627 3764 minum,
660 3706 713 3753 et
741 3699 1045 3771 impietates
1078 3712 1237 3759 terrae
1273 3712 1327 3760 et
1362 3705 1514 3761 urbis
1547 3705 1777 3776 ejusque
1819 3705 1974 3760 inco-

401 3792 594 3844 larum.
626 3810 645 3842 ι
675 3789 828 3846 Sicut
852 3794 999 3849 enim
1021 3795 1282 3854 adversus
1312 3799 1568 3869 populum
1599 3799 1763 3869 impie
1792 3798 1970 3868 egisti.

400 3897 544 3936 nunc
565 3897 783 3952 poenam
813 3883 950 3949 lues,
979 3886 1226 3943 hostibus
1258 3887 1497 3944 ferarum
1533 3889 1638 3944 ritu
1676 3887 1836 3961 243
1875 3887 1973 3944 tibi

401 3975 797 4044 ingruentibus,
831 3985 994 4048 atque
1033 3979 1087 4032 in
1116 3979 1335 4035 miseria
1374 3981 1542 4035 multa
1581 3979 1970 4042 constitueris;

400 4077 620 4135 propter
680 4067 927 4124 homines
954 4084 984 4122 a
1027 4079 1079 4125 te
1111 4069 1498 4143 Hierosolymis
1539 4072 1875 4136 interfectos,
1920 4080 1976 4126 et

401 4155 525 4223 quia
560 4156 788 4213 sceleste
830 4167 1019 4213 contra
1065 4160 1154 4216 Dei
1206 4163 1479 4232 regionem
1519 4164 1816 4233 urbemque
1861 4166 1974 4235 egi—

401 4245 497 4310 sti,
532 4247 733 4300 nemini
764 4263 993 4318 parcens
1031 4252 1333 4308 incolarum
1374 4255 1514 4324 ejus.
1541 4254 1658 4311 Jam
1689 4268 1972 4328 postquam

2075 3618 2439 3692 ταϐεϐλῆσθαι
2476 3616 2681 3670 λοιπόν.
2736 3632 2755 3665 t
2810 3613 2956 3666 Διότι
2999 3609 3222 3665 ἀσέϐεια
3264 3606 3357 3660 τοῦ
3411 3605 3649 3660 Λιϐάνου

2078 3712 2307 3781 καλύψει
2343 3727 2424 3774 σε,
2456 3709 2549 3762 καὶ
2589 3702 2932 3776 ταλαιπωρία
2961 3701 3164 3772 θηρίων
3195 3700 3420 3770 πτοήσει
3458 3713 3538 3760 σε,
3580 3696 3653 3749 δι’

2076 3807 2282 3877 αἵματα
2329 3800 2656 3870 ἀνθρώπων,
2695 3797 2788 3851 καὶ
2823 3794 3077 3858 ἀσεϐείας
3117 3794 3221 3864 γῆς
3280 3791 3377 3845 καὶ
3431 3790 3652 3844 πάντων

2076 3898 2184 3951 τῶν
2233 3891 2627 3949 κατοικούντων
2669 3888 2860 3957 αὐτήν.
2917 3904 2935 3937 ι
3000 3884 3088 3948 Ὦς
3117 3883 3226 3954 γάρ
3267 3885 3350 3946 εἰς
3390 3881 3481 3936 τὸν
3518 3881 3653 3934 λαὸν

2077 3988 2376 4059 ἠσέϐησας,
2403 3981 2498 4037 νῦν
2535 3979 2725 4041 δώσεις
2760 3977 2916 4046 δίκην
2939 3975 3184 4039 δικαίως,
3216 3973 3402 4044 ὥσπερ
3437 3971 3541 4024 ὑπό
3577 3989 3656 4024 τι·

2077 4099 2182 4135 νων
2221 4078 2424 4150 θηρίων
2455 4073 2563 4127 τῶν
2593 4070 2858 4123 ἐπιόντων
2899 4083 2983 4120 σοι
3016 4066 3320 4137 πολεμίωνο
3364 4067 3444 4128 εἰς
3483 4064 3652 4133 φόϐον

2077 4174 2170 4227 καὶ
2202 4165 2574 4236 ταλαιπωρίαν
2610 4160 2925 4233 καταστήσῃ
2965 4158 3164 4228 πολλήν
3185 4173 3198 4186 ·
3247 4157 3385 4227 ὑπὲρ
3408 4150 3481 4210 ὧν
3502 4156 3652 4208 ἀνιεῖ.

2075 4265 2164 4328 λές
2192 4280 2252 4314 τε
2283 4259 2587 4330 ἀνθρώπων
2615 4251 2757 4307 κατὰ
2796 4250 2893 4321 τὴν
2923 4250 3299 4322 Ἰερουσαλὴμ,
3317 4248 3412 4302 καὶ
3429 4247 3652 4317 ὴσέϐεις

399 4340 479 4396 illi
509 4348 732 4411 peccata
763 4342 1025 4399 adversus
1064 4349 1320 4417 populum
1368 4351 1732 4421 templumque
1780 4367 1968 4422 expro-

2076 4357 2154 4420 εῐς
2187 4371 2246 4407 τε
2288 4351 2387 4423 τὴν
2416 4351 2520 4420 γῆν
2545 4350 2642 4420 τὴν
2670 4348 2819 4402 θείαν
2860 4345 2955 4399 καὶ
2989 4344 3087 4414 τὴν
3122 4341 3298 4405 πόλιν,
3346 4339 3469 4393 οὐδὲ
3517 4338 3652 4407 μίαν
3687 4351 3692 4361 ·

400 4436 599 4496 bravit,
625 4445 1024 4506 consequenter
1045 4439 1225 4493 subdit
1257 4456 1271 4493 :
1311 4459 1328 4490 ι
1368 4418 1507 4506 Quid
1552 4418 1774 4511 prodest
1831 4418 1968 4498 scul-

2074 4447 2184 4499 τῶν
2229 4442 2519 4496 οἰκούντων
2559 4440 2729 4510 αὐτὴν
2769 4437 2935 4508 φειδὼ
2975 4433 3248 4488 ποιεῖσθαι
3298 4429 3648 4502 βουλόμενος.

402 4526 551 4591 ptile,
577 4526 703 4596 quia
744 4527 1084 4596 sculpserunt
1130 4529 1294 4585 illud?
1345 4529 1611 4589 Fecerunt
1661 4535 1790 4589 illud
1838 4553 1974 4596 con-

2073 4537 2184 4591 Καὶ
2214 4533 2509 4603 ἐπειδήπερ
2544 4530 2689 4600 αὐτῷ
2716 4529 2813 4598 τὴν
2843 4531 2932 4591 ,εἰς
2952 4527 3044 4579 τὸν
3073 4525 3200 4577 λαὸν
3237 4524 3330 4578 καὶ
3362 4521 3462 4592 τὴν
3493 4521 3653 4574 πόλιν

400 4616 586 4680 ﬂatile,
615 4632 812 4672 vanum
843 4621 1218 4682 simulacrum,
1247 4624 1503 4692 quoniam
1552 4629 1778 4684 conlidit
1820 4632 1968 4688 ﬁctor

2075 4630 2168 4683 καὶ
2194 4628 2283 4681 τὸν
2321 4625 2446 4679 ναὸν
2471 4623 2742 4676 ὠνείδισεν
2772 4621 2827 4672 ἐν
2857 4618 3066 4679 τούτοις
3093 4613 3490 4686 πλημμέλειαν,
3513 4614 3653 4666 ἀκο-

399 4708 457 4762 in
509 4707 764 4779 figmento
807 4725 929 4772 suo,
970 4717 1118 4764 muta
1169 4712 1346 4768 facere
1383 4714 1544 4770 idola.
1589 4737 1608 4769 ι
1641 4718 1721 4774 Tu
1756 4723 1968 4791 quidem

2073 4719 2279 4783 λούθως
2312 4717 2540 4784 ἐπάγει·
2590 4733 2608 4765 ι
2654 4713 2719 4764 Τί
2763 4711 2962 4779 ὠφελεῖ
3004 4707 3262 4776 γλυπτὸν,
3293 4707 3378 4759 ὅτι
3408 4705 3652 4773 ἐγλυψαν

400 4814 588 4854 verum
627 4798 798 4856 Deum
840 4803 1185 4871 negligebas;
1231 4806 1498 4874 peccabas
1547 4823 1739 4865 secure
1785 4823 1968 4870 contra

2075 4811 2242 4873 αὑτό;
2291 4808 2531 4861 ἔπλασαν
2559 4803 2692 4858 αὐτὸ
2719 4801 2973 4871 χώνευμα
3003 4797 3302 4867 φαντασίαν
3338 4794 3530 4863 ψευδῆ,
3564 4794 3652 4847 ὅτι

399 4904 489 4944 res
521 4890 604 4945 vel
638 4889 886 4945 homines
927 4891 994 4945 ad
1032 4907 1155 4946 eum
1181 4895 1550 4962 pertinentes;
1604 4901 1672 4954 ab
1713 4901 1872 4959 idolis
1923 4915 1968 4962 te

2072 4903 2331 4958 πέποιθεν
2358 4901 2387 4952 ό
2414 4897 2625 4958 πλάσας
2654 4894 2747 4946 ἐπὶ
2774 4893 2835 4946 τὸ
2864 4891 3090 4962 πλάσμα
3114 4888 3278 4943 αὑτοῦ
3309 4887 3533 4956 ποιῆσαι
3567 4885 3652 4937 εἴ.

401 4982 648 5051 adjutum
696 4981 762 5035 iri
790 4982 1067 5050 putabas:
1108 4983 1253 5052 quod
1302 4986 1552 5043 humanm
1594 5007 1790 5050 manus
1835 5012 1968 5053 vano

2072 4995 2215 5049 δωλα
2259 4989 2438 5058 κωφά.
2491 5007 2510 5040 ι
2569 4984 2729 5039 Ἀλλά
2771 4983 2879 5054 γάρ
2908 4982 3134 5053 ἠμέλεις
3178 4980 3296 5051 μὲν,
3325 4977 3512 5050 φησὶν,
3550 4975 3651 5029 τοῦ

401 5071 785 5125 simulamento
815 5069 1208 5141 formaveram,
1241 5084 1295 5129 tu
1330 5077 1558 5135 adorare
1586 5084 1862 5152 studebas,
1887 5088 1968 5158 ju-

2072 5087 2222 5148 ὄντος
2250 5079 2386 5134 Θεοῦ
2407 5097 2420 5109 ο
2455 5079 2531 5148 (p.
2566 5075 2691 5146 3'71)
2731 5075 2825 5129 καὶ
2852 5072 3217 5144 ἐπλημμέλεις
3247 5069 3417 5132 ἀδεῶς
3464 5069 3544 5129 εἰς
3570 5067 3654 5158 τὰ

400 5160 513 5214 vari
545 5168 599 5216 te
644 5161 714 5216 ab
754 5160 916 5220 idolis
959 5167 1126 5223 mutis
1163 5176 1218 5223 et
1260 5168 1497 5227 humana
1529 5190 1693 5231 manu
1728 5157 1968 5238 formatis

2073 5177 2223 5247 αὐτῷ
2251 5193 2314 5244 γε
2342 5172 2685 5244 προσήκοντα
2705 5186 2718 5199 ο
2763 5167 2868 5220 ὑπὸ
2893 5167 2949 5219 δὲ
2975 5165 3084 5220 τῶν
3113 5163 3343 5216 εἰδώλων
3369 5157 3653 5230 ώφεληθήυ

403 5269 650 5322 sperans.
2080 5270 2265 5324 σεσθαι
2302 5265 2407 5335 ᾢου
2426 5281 2438 5293 °
2461 5263 2488 5316 ὃ
2512 5263 2630 5324 ταῖς
2670 5259 3036 5330 ἀνθρωπίναις
3063 5253 3419 5326 εἰργασμένον
3456 5251 3658 5321 χερσὶν

403 5348 461 5436 δν
481 5347 732 5422 ἀπατηλῇ
761 5368 865 5405 τινι
895 5351 1162 5422 φαντασίᾳ
1193 5351 1512 5425 θεραπεύειν
1533 5357 1807 5426 ἐσπευδες,
1831 5358 2283 5436 ὠφεληθήσεσθαί
2313 5374 2365 5409 τι
2396 5354 2639 5424 οἰόμενος
2669 5351 2776 5404 ἀπὸ
2809 5349 3040 5403 εἰδώλων
3079 5347 3310 5416 ἀφώνων
3332 5343 3652 5415 ἀνθρωπείᾳ

403 5434 748 5494 ’κλωσθέντων
773 5443 936 5512 χειρί.

474 5525 640 5584 Vens.
664 5531 837 5588 l9—20.
869 5565 934 5574 —
956 5533 1148 5589 Postea
1175 5546 1541 5592 consentaneo
1572 5553 1819 5596 sermone
1848 5559 1971 5611 pro—

403 5619 648 5691 sequitur
705 5645 715 5676 :
771 5644 788 5673 ι
843 5623 934 5679 Vae
975 5627 1065 5694 qui
1121 5626 1252 5680 dicit
1295 5629 1442 5697 ligno
1492 5649 1503 5680 ε
1562 5629 1964 5701 Expergiscere.

404 5728 564 5784 surge
589 5730 602 5778 ;
628 5725 679 5768 et
708 5715 869 5782 lapidi
899 5734 913 5769 :
947 5715 1215 5771 Extollere
1246 5735 1258 5771 :
1293 5717 1425 5771 nihil
1455 5735 1582 5773 vero
1626 5721 1768 5776 aliud
1798 5736 1962 5793 quam

2149 5541 2294 5610 Στίχ.
2343 5538 2428 5600 ιϐ’,
2460 5545 2527 5591 κ’.
2586 5532 2718 5588 Εἶτα
2747 5533 3054 5594 ἀκολούθως
3117 5531 3344 5596 ἐπάγεισ
3379 5545 3398 5577 ι
3436 5525 3572 5578 Οὐαὶ
3615 5527 3648 5578 ὁ

2075 5632 2246 5698 λέγων
2281 5628 2359 5698 τῷ
2386 5627 2543 5696 ξύλῳ,
2571 5625 2859 5695 ’⁹Εκνηψον,
2898 5622 3235 5693 ἐξεγέρθητι·
3268 5619 3361 5672 καὶ
3391 5615 3467 5687 τῷ
3489 5615 3646 5686 λίθῳ,

2077 5723 2379 5792 ’Υψὼθητι-
2417 5720 2508 5773 καὶ
2558 5717 2686 5772 αὑτό
2733 5719 2843 5769 ἐστι
2879 5713 3142 5783 φαντασία
3165 5727 3178 5740 ο
3214 5709 3370 5764 τοῦτο
3409 5709 3465 5761 δέ
3497 5709 3653 5766 ἐστιν
