4022 6138
253 295 343 352 ιιι

1124 287 1675 347 COMMENTARIUS
1708 289 1774 346 IN
1815 288 2158 368 IIABACUCI
2200 285 2624 344 ORATIONEM.

3399 283 3506 340 ιιι

246 414 446 480 ἱλασμα
491 409 555 462 ἐκ
608 407 840 478 χρυσίου
901 406 994 460 καὶ
1033 405 1316 476 ἀργυρίου,
1346 409 1440 461 καὶ
1476 409 1583 462 πᾶν
1611 407 1824 478 πνεῦμα
1856 454 1861 465 .

1964 406 2213 462 hantasia
2235 411 2359 472 est;
2393 403 2448 458 id
2484 409 2568 459 est
2600 400 2716 456 auri
2745 398 3016 471 argentive
3048 398 3271 463 lamina,
3301 400 3508 456 nullus-

247 505 341 556 οὐκ
371 503 511 554 ἔστιν
539 499 596 552 ἐν
624 497 780 569 αὐτῷ
801 517 814 529 ·
857 498 888 549 ὁ
915 497 972 550 δὲ
1016 495 1221 567 Κύριος
1262 499 1320 550 ἐν
1349 496 1462 568 ναῷ
1494 498 1634 568 ἁγίῳ
1662 496 1827 551 αὐτοῦ

250 590 571 648 εὖλαὸείσθω
599 589 714 644 ἀπὸ
752 591 1048 663 προσώπου
1075 589 1240 645 αὐτοῦ
1273 591 1423 643 πᾶσα
1455 591 1487 651 ἡ
1516 590 1611 660 γῆ.
1655 609 1673 642 ›
1707 588 1832 652 Πῶς

249 681 338 738 οὖν
367 683 461 736 οὒκ
490 680 853 744 ἐλεεινότατος
880 679 998 751 εἴης
1025 679 1092 733 ἂν
1127 679 1202 743 ώς
1235 679 1557 750 ἐγρηγορότι
1586 678 1664 748 τῷ
1693 677 1835 747 ξύλῳ

250 773 642 843 διαλεγόμενος,
665 771 762 824 καὶ
799 770 1050 841 βοήθειαν
1077 771 1152 832 ὡς
1193 770 1255 835 ἐξ
1280 769 1488 840 ὑψηλοῦ
1531 768 1710 840 ζητῶν
1739 769 1834 823 τοῦ

254 865 484 930 εἰδώλου,
530 864 560 916 ὃ
608 863 873 934 φαντάζει
929 863 1026 933 μὲν
1067 862 1159 916 τὸν
1202 862 1412 934 ὁρῶντα
1451 863 1609 933 μόνον
1651 863 1728 925 ὡς
1777 861 1834 929 ἐξ

255 959 381 1028 ὕλης
425 956 933 1027 κατεσκευασμένον
987 955 1196 1025 τιμίας,
1244 955 1448 1026 ἔρημον
1489 955 1547 1008 δὲ
1597 952 1835 1023 ζωτικῆς

253 1051 430 1120 πᾶσης
459 1049 577 1102 ἐστὶ
620 1049 935 1118 δυνάμεως;
978 1046 1156 1117 πολλῷ
1206 1046 1313 1116 γὰρ
1354 1043 1422 1116 ἧν
1470 1045 1690 1116 ἄμεινόν
1729 1063 1832 1110 σοι,

253 1139 454 1193 τούτων
512 1138 611 1208 μὲν
668 1138 1028 1206 καταφρονεῖν
1080 1135 1172 1189 καὶ
1210 1135 1412 1206 μηδένα
1462 1135 1619 1202 λόγον
1658 1134 1838 1187 αὐτῶν

257 1229 543 1292 τωιεῖσθαι.
587 1226 1003 1295 ἀναλογίζεσθαι
1064 1227 1122 1280 δὲ
1166 1226 1260 1279 τοῦ
1307 1225 1439 1278 Θεοῦ
1481 1225 1544 1278 τὸ
1586 1226 1835 1296 μέγεθος,

257 1320 466 1390 ἔχοντος
521 1318 620 1388 μὲν
674 1317 904 1388 φοϐερὸν
954 1318 1047 1370 καί
1097 1317 1408 1389 ἀπόρρητον
1459 1317 1585 1370 ναὸν
1623 1318 1684 1370 τὸ
1728 1317 1839 1370 τῶν

257 1410 498 1481 οὐρανῶν
522 1411 715 1480 οἰκητή
725 1426 858 1479 ριον,
899 1407 1232 1479 κεκτημένου
1261 1408 1316 1460 δὲ
1341 1407 1466 1462 ναὸν
1495 1409 1589 1462 καὶ
1616 1410 1708 1462 ἐπ)⁵
1735 1410 1838 1480 γῆς

259 1501 343 1554 διὰ
369 1501 463 1571 τὴν
490 1499 600 1553 τῶν
628 1499 933 1570 ἀνθρώπων
958 1500 1145 1570 χρείαν
1163 1515 1176 1526 ·
1213 1499 1348 1569 πρὸς
1379 1499 1437 1552 ὃν
1469 1501 1528 1554 οὐ
1567 1502 1627 1554 σέ
1661 1501 1837 1571 μόνον,

259 1591 393 1645 ἀλλὰ
419 1592 511 1644 καὶ
538 1591 748 1654 πάντας
776 1591 902 1653 τοὺς
931 1589 1068 1643 κατὰ
1094 1590 1198 1658 γῆν
1243 1590 1562 1663 ἀνθρώπους
1588 1593 1838 1663 ἀφορῶν-

1931 515 2038 571 que
2082 499 2138 553 in
2181 513 2248 553 eo
2285 496 2512 568 spiritus
2559 500 2662 550 est.
2702 491 2963 548 Dominus
2997 501 3176 547 autem
3217 491 3272 544 in
3305 493 3506 562 templo
3607 551 3616 572 ι

1933 597 2125 648 sancto
2147 603 2250 645 suo
2278 606 2292 642 :
2321 596 2636 643 revereatur
2656 599 2686 638 a
2709 584 2846 639 facie
2866 584 2986 653 ejus
3004 582 3258 638 universa
3287 591 3453 636 terra.
3483 602 3501 631 ι

1933 682 2134 750 Quidni
2163 695 2292 752 ergo
2319 679 2661 735 miserrimus
2704 677 2802 740 sis,
2843 676 2936 747 qui
2975 675 3208 744 lapidem
3245 689 3342 729 ceu
3373 673 3508 742 vigi-

1933 776 2134 830 lantem
2174 773 2504 844 alloqueris;
2548 779 2600 825 et
2648 769 2932 833 auxilium,
2974 768 3128 837 quasi
3172 782 3236 820 ex
3277 766 3405 827 alto,
3439 762 3509 818 ab

1935 865 2082 920 idolo
2112 863 2366 934 exposcis
2386 905 2399 927 ,
2428 860 2570 929 quod
2606 858 2947 929 phantasiam
2979 855 3356 910 tantummodo
3388 867 3510 920 spe-

1935 954 2106 1010 ctanti
2141 951 2348 1021 objicit,
2398 966 2496 1005 ceu
2544 948 2781 1019 pretiosa
2833 945 3060 999 materia
3103 952 3386 1006 constans,
3415 940 3511 996 sed

1937 1053 2120 1101 tamen
2147 1045 2201 1097 vi
2233 1042 2380 1098 omni
2416 1039 2563 1095 vitali
2593 1035 2973 1093 carethulto
3005 1035 3103 1089 tibi
3149 1034 3346 1088 melius
3374 1041 3512 1098 erat,

1938 1136 2052 1190 hac
2081 1142 2431 1189 contemnere
2458 1144 2522 1184 ac
2550 1127 2702 1183 flocci
2739 1126 2951 1192 facere;
2984 1137 3035 1180 et
3064 1124 3302 1194 cogitare
3334 1123 3513 1190 potius

1937 1226 2003 1281 de
2051 1225 2148 1280 Dei
2192 1221 2588 1293 magnitudine,
2620 1219 2712 1288 qui
2747 1217 3085 1272 tremendum
3147 1228 3518 1282 arcanumque

1938 1317 2102 1372 habet
2149 1317 2203 1368 in
2253 1315 2394 1368 cmlo
2453 1310 2842 1371 habitaculum,
2894 1317 2947 1361 et
2998 1307 3052 1360 in
3091 1305 3248 1360 terris
3301 1317 3518 1372 quoque

1937 1409 2196 1478 templum
2235 1405 2476 1476 possidet
2523 1401 2802 1456 hominum
2840 1399 2963 1454 usui
2998 1395 3465 1451 accommodatum
3500 1411 3516 1458 ;

1940 1501 2006 1556 ad
2034 1515 2193 1571 quem
2236 1514 2345 1552 non
2391 1504 2443 1550 te
2501 1494 2700 1555 solum,
2747 1491 2841 1546 sed
2887 1500 2940 1544 et
2985 1504 3176 1543 omnes
3205 1502 3298 1557 per
3330 1485 3516 1539 orbein

1941 1593 2188 1648 homines
2225 1591 2498 1658 respicere
2531 1584 2700 1639 multa
2727 1597 2849 1636 cum
2889 1579 3192 1636 reverentia
3226 1583 3517 1646 oporteret,

261 1699 376 1746 τας,
413 1679 552 1748 μετὰ
586 1678 783 1732 πολλοῦ
837 1679 1109 1749 προσῆκον
1158 1674 1226 1749 ἦν
1272 1679 1367 1732 τοῦ
1415 1679 1567 1743 δέους
1613 1681 1704 1733 καί
1741 1679 1840 1749 τὴν

1964 1686 2168 1754 :jusque
2225 1679 2543 1734 memoriam
2597 1681 2779 1728 mente
2831 1682 3037 1727 tenere.
3098 1670 3274 1738 Atque
3329 1667 3382 1720 in
3437 1666 3521 1718 his

261 1775 463 1826 ἔννοιαν
511 1773 658 1844 ἔχειν
709 1773 767 1824 ἐν
823 1772 1032 1834 ἑαυτοῖς
1076 1772 1174 1842 τὴν
1230 1772 1457 1826 ἐκείνου.
1503 1773 1590 1824 Ἐν
1631 1773 1728 1842 μὲν
1775 1773 1840 1844 δὴ

1964 1749 2214 1830 ίοιιοίυείι
2247 1771 2394 1825 illam
2441 1768 2508 1821 de
2553 1781 2658 1835 qua
2709 1779 2812 1817 nos
2860 1762 3122 1815 hactenus
3154 1759 3363 1828 egimus
3396 1769 3524 1825 pro-

262 1864 464 1926 τούτοις
518 1863 852 1932 συνεπέρανε
913 1861 1023 1914 τῶν
1083 1861 1493 1933 προειρημένων
1556 1863 1688 1932 ⁴ἡμῖν
1742 1863 1842 1932 τὴν

263 1954 595 2026 προφητείαν
629 1953 657 2004 ὁ
692 1953 959 2023 μακάριος
993 1953 1335 2024 ’Δμόακοὺμ,
1369 1957 1446 2022 (p.
1487 1953 1611 2023 572)
1642 1952 1751 2006 τῶν
1784 1970 1840 2005 τε

263 2051 317 2100 ἐν
349 2047 422 2116 τῷ
476 2045 592 2115 λαῷ
639 2044 1207 2098 καταδυναστευόντων
1255 2047 1380 2108 τοὺς
1429 2045 1665 2114 πένητας
1715 2045 1846 2099 καθ-

264 2139 558 2207 αψάμενος,
601 2136 698 2190 καὶ
741 2137 842 2208 τὴν
891 2135 1342 2207 ἐπαχθησομένην
1387 2136 1569 2199 αὐτοῖς
1609 2136 1696 2188 διὰ
1747 2137 1846 2205 τῆς

266 2229 830 2298 Βασυλωνίωνίἐφόδου
861 2228 1129 2299 τιμωρίαν
1171 2227 1362 2280 εἰπών.
1389 2227 1499 2280 Kal.
1534 2228 1650 2297 μετ’
1675 2229 1849 2280 ἐκεῖνο

266 2324 360 2394 τὴν
401 2322 585 2376 αὐτῶν
633 2337 695 2374 τε
740 2320 850 2383 τῶν
910 2319 1266 2373 Βαϐυλωνίων
1314 2318 1551 2390 εἰρηκὼς
1605 2319 1696 2372 καὶ
1750 2319 1849 2390 τὴν

267 2416 519 2485 ὠμότητα
611 2412 742 2484 περί
771 2429 828 2465 τε
869 2412 996 2474 τοὺς
1041 2411 1262 2475 λοιποὺς
1304 2413 1398 2466 καὶ
1436 2411 1534 2480 τήν
1578 2411 1848 2481 Ἰερουσα-

271 2506 378 2576 λὴμ
421 2508 724 2577 ἐχρήσαντο
766 2503 894 2568 τούς
938 2521 998 2558 τε
1038 2502 1320 2566 οἰκοῦντας
1359 2503 1550 2574 αὐτὴν,
1597 2503 1746 2566 ὅπως
1792 2519 1851 2555 τε

272 2600 510 2652 κάκεῖνοι
536 2597 691 2659 δίκας
721 2595 822 2666 τῆς
852 2595 1056 2658 οἰκείας
1083 2594 1348 2649 δεδώκασι
1376 2595 1742 2666 παρανομίας.

647 2686 1021 2740 ΠΡΟΣΕΥΧΗ
1059 2687 1476 2740 ΑΜΒΑΚΟΥΜ.

352 2779 504 2848 Στίχ.
535 2777 598 2844 α’,
626 2779 687 2848 β’.
710 2811 780 2825 --
807 2780 1014 2850 Τρέπει
1045 2778 1102 2831 δὲ
1145 2777 1238 2830 ἐπὶ
1269 2776 1580 2848 προσευχὴν
1610 2775 1856 2829 ἐντεῦθεν

286 2873 376 2925 τὸν
402 2871 571 2938 λόγον,
595 2873 647 2924 ἐν
683 2872 926 2942 σχήματι
955 2871 1267 2942 προσευχῆς
1305 2871 1373 2924 τὰ
1418 2869 1570 2940 παρὰ
1601 2868 1691 2922 τοῦ
1722 2868 1857 2921 Θεοῦ

262 2966 404 3035 ιπερὶ
444 2964 532 3017 τὸν
575 2963 702 3017 λαὸν
749 2963 982 3033 ἐσόμενα
1014 2963 1232 3034 μηνύων
1262 2963 1461 3031 ἀγαθά.
1501 2963 1764 3034 Ἀρχεται
1803 2961 1858 3013 δὲ

1943 1864 2179 1937 phetiam
2232 1861 2424 1915 beatus
2479 1855 2834 1918 Habacucus;
2901 1851 3176 1921 principes
3223 1845 3384 1901 simul
3429 1846 3524 1914 qui

1945 1930 2212 2024 pauperes
2271 1946 2650 2018 opprimebant
2709 1942 3042 2010 increpans,
3103 1934 3372 2002 simulque
3436 1930 3523 1984 in-

1946 2045 2222 2100 ferendam
2271 2041 2378 2094 illis
2427 2054 2458 2092 a
2499 2034 2808 2106 Babyloniis
2853 2044 3069 2102 poenam
3111 2024 3275 2098 244
3310 2024 3524 2078 dicens.

1946 2136 2141 2188 Postea
2185 2129 2605 2199 Babyloniorum
2650 2125 2891 2194 ipsorum
2938 2115 3183 2174 narravit
3239 2113 3528 2178 saavitiam,

1947 2240 2112 2296 quam
2160 2230 2216 2278 et
2264 2221 2319 2274 in
2358 2225 2586 2275 caeteros
2633 2222 2688 2270 et
2729 2221 2918 2268 contra
2953 2207 3254 2265 Jerusalem
3299 2204 3531 2272 ejusque

1949 2293 2096 2371 cives
2135 2315 2601 2382 exprompserant,
2635 2314 2690 2361 et
2724 2319 2832 2374 quo
2865 2310 3024 2373 pacto
3054 2306 3108 2354 et
3149 2297 3242 2352 isti
3277 2293 3530 2366 nequitiae

1953 2423 2065 2464 sua:
2093 2421 2286 2478 pinnas
2317 2401 2541 2458 meritas
2565 2399 2836 2454 dederint.

2404 2679 2664 2738 ORATIO
2707 2673 3076 2732 HABACUCI.

2028 2779 2226 2837 Vensd
2241 2817 2255 2842 ,
2272 2776 2326 2831 Ξ.
2345 2807 2414 2816 -
2433 2772 2715 2830 Convertit
2739 2767 2934 2824 deinde
2961 2765 3027 2820 ad
3049 2761 3350 2818 orationem
3376 2757 3540 2813 verba

1959 2873 2242 2946 propheta,
2278 2876 2331 2925 et
2375 2869 2478 2924 sub
2521 2863 2728 2920 orantis
2767 2860 2950 2932 specie
2981 2865 3238 2912 eventura
3272 2850 3470 2923 populo
3507 2864 3540 2904 a

1959 2941 2075 3022 Deo
2097 2968 2238 3021 bona
2269 2961 2534 3034 praedicit.
2585 2956 2678 3012 Sic
2721 2962 2902 3008 autem
2950 2947 3142 3018 incipit
3178 2964 3190 3000 :
3235 2962 3254 2996 ι
3291 2941 3542 3004 Domine,

275 3058 473 3122 οὕτως·
515 3076 533 3108 ι
567 3056 760 3126 Κύριε,
795 3056 1094 3125 εἰσακήκοα
1127 3055 1228 3126 τὴν
1257 3055 1427 3124 ἀκοήν
1464 3072 1578 3119 σου,
1616 3053 1708 3107 καί
1737 3055 1861 3120 ἐφο-

1965 3057 2143 3114 audivi
2202 3053 2533 3110 auditionem
2581 3057 2756 3110 tuam,
2805 3052 2858 3099 et
2911 3041 3088 3097 timui.
3135 3060 3154 3092 ι
3194 3036 3540 3092 Auditionem

275 3148 470 3217 δήθην.
504 3165 524 3198 ι
569 3145 763 3216 ’Δκοὴν
787 3145 935 3212 λέγει
976 3145 1074 3214 τὴν
1117 3143 1484 3214 ἐγγενομένην
1525 3142 1672 3212 αὐτῷ
1711 3141 1862 3211 παρὰ

277 3237 362 3289 τοῦ
385 3235 526 3290 Θεοῦ
554 3234 895 3303 ἀποκάλυψιν
912 3251 928 3265 ·
951 3234 1140 3304 ὥσπερ
1169 3235 1262 3287 καὶ
1287 3237 1314 3287 ὁ
1337 3234 1603 3306 μακάριος
1637 3234 1863 3294 Ἡσαΐας

275 3329 354 3389 τὸ,
393 3345 413 3378 ι
453 3327 548 3390 Τίς
581 3325 868 3380 ἐπίστευσε
907 3325 1006 3396 τὴν
1057 3325 1228 3396 ἀκοήν
1262 3324 1451 3396 ήμῶν;
1492 3341 1510 3375 ι
1551 3326 1646 3378 καὶ
1688 3327 1716 3379 ὁ
1762 3343 1866 3396 μα-

278 3419 470 3488 κάριος
498 3415 674 3473 Δαυϊδ.
710 3433 730 3468 ι
763 3415 948 3470 Κλινῶ
991 3418 1071 3479 εἰς
1119 3415 1435 3486 παραϐολὴν
1462 3418 1523 3469 τὸ
1546 3410 1640 3479 οῦς
1672 3433 1771 3486 μου
1793 3433 1806 3446 ·
1840 3433 1860 3466 ι

275 3505 465 3581 ὦνπερ
495 3505 590 3563 οὖν
627 3509 724 3564 καὶ
768 3493 980 3572 ἐν’τοῖς
1019 3508 1308 3580 ἀνωτέροις
1343 3507 1688 3579 πεποιήμεθα
1731 3511 1867 3578 μνή-

281 3620 412 3672 μην.
455 3599 752 3655 Κάνταῦθα
796 3599 975 3653 τοίνυν
1014 3598 1172 3652 τοῦτό
1220 3615 1402 3670 φησιν,
1435 3601 1516 3652 ὅτι
1567 3599 1871 3668 Δεξάμενός

283 3713 378 3748 σου
433 3695 534 3765 τήν
583 3692 949 3762 ἀποκάλυψιν,
993 3692 1060 3745 δι’
1104 3687 1173 3765 ἦς
1210 3691 1532 3762 ἐγνώρισας,
1579 3691 1726 3752 ὅπως
1773 3692 1871 3759 μὲν

279 3783 577 3854 τιμωρήσῃ
603 3782 731 3843 τοὺς
760 3783 818 3834 ἐν
850 3779 930 3849 τῷ
956 3777 1068 3848 λαῷ
1098 3778 1546 3848 παρανομοῦντας
1571 3775 1659 3828 διὰ
1698 3775 1874 3828 Βαϐυ-

281 3877 514 3938 λωνίων,
543 3876 693 3936 ὅπως
715 3873 772 3926 δὲ
797 3872 959 3924 πάλιν
991 3873 1102 3934 τοῖς
1128 3869 1486 3932 Βαϐυλωνίοις
1509 3868 1772 3935 ἀνάλογον
1793 3860 1875 3930 οἷς

283 3964 828 4035 πεπλημμελήκεσαν
859 3959 1076 4024 ἐπάξεις
1114 3959 1212 4029 τὴν
1240 3958 1530 4028 τιμωρίαν,
1567 3956 1733 4026 φόϐου
1765 3957 1875 4019 πᾶς
1896 4014 1910 4023 ο

284 4055 615 4128 ἐπληρώθην
641 4054 887 4116 εἰκότως.
922 4053 1000 4122 (p.
1025 4050 1149 4121 5T5)
1181 4067 1200 4103 ι
1229 4049 1423 4120 Κύριε,
1470 4047 1777 4119 κατενόησα
1806 4046 1876 4100 τὰ

287 4150 436 4220 ἔργα
476 4165 568 4201 σου
614 4147 711 4200 καὶ
755 4144 1002 4214 ἐξέστην.
1043 4163 1061 4195 ι
1101 4141 1581 4211 ’Δναλογισάμενος
1629 4140 1738 4210 γὰρ
1776 4141 1877 4193 ὅσα

290 4241 558 4303 ποικίλως
611 4237 920 4309 διαπράττῃ
968 4234 1096 4306 περὶ
1137 4234 1265 4296 τοὺς
1317 4231 1634 4302 ἀνθρώπους
1697 4230 1877 4297 ἀνεξι-

1964 3152 2096 3207 dicit
2140 3147 2336 3202 factam
2364 3144 2467 3200 sibi
2511 3157 2540 3196 a
2579 3140 2688 3196 Deo
2722 3137 3144 3200 revelationem;
3193 3131 3333 3186 sicut
3380 3129 3544 3182 etiam

1964 3241 2107 3313 apud
2159 3240 2378 3295 beatum
2443 3233 2631 3290 Isaiam
2675 3251 2688 3287 :
2744 3250 2762 3282 ι
2819 3229 2953 3295 Quis
3002 3223 3232 3280 credidit
3277 3215 3544 3275 auditioni

1965 3308 2167 3389 nostra:
2210 3331 2291 3385 "?
2327 3347 2343 3380 I
2381 3327 2512 3382 Item
2563 3326 2754 3380 beatus
2813 3311 3030 3374 David:
3087 3336 3104 3368 ι
3164 3313 3438 3368 Inclinabo
3491 3308 3547 3361 in

1967 3424 2282 3496 parabolam
2314 3435 2500 3475 aurem
2531 3431 2706 3471 meam
2740 3414 2786 3446 ”
2822 3432 2834 3464 :
2875 3429 2893 3461 )
2925 3410 3085 3478 cujus
3115 3405 3191 3459 rei
3224 3406 3278 3458 in
3304 3399 3547 3469 superio-

1966 3490 2120 3574 ribus
2146 3527 2362 3586 quoque
2392 3509 2724 3564 mentionem
2760 3505 3007 3559 fecimus.
3042 3498 3154 3552 Hoc
3194 3495 3354 3564 igitur
3388 3490 3548 3545 etiam

1971 3609 2090 3661 loco
2114 3575 2187 3658 ait
2213 3623 2224 3657 :
2251 3575 2485 3669 A-ccepta
2509 3613 2609 3667 ego
2661 3593 2987 3648 revelatione
3030 3595 3142 3648 tua,
3179 3596 3285 3652 qua
3333 3594 3418 3632 me
3449 3575 3551 3629 do-

1971 3693 2156 3753 cuisti.
2181 3685 2454 3759 quomodo
2489 3683 2781 3753 puniturus
2823 3677 2900 3731 sis
2935 3670 3352 3744 Babyloniorum
3385 3678 3551 3718 manu

1973 3757 2261 3855 peccantes
2292 3777 2346 3831 in
2379 3774 2580 3845 populo
2601 3815 2614 3838 ,
2645 3781 2698 3825 et
2731 3765 3008 3839 quomodo
3052 3761 3295 3818 vicissim
3326 3757 3552 3826 Babylo-

1973 3848 2082 3932 niis
2104 3883 2402 3942 congruam
2435 3864 2648 3920 delictis
2684 3875 2872 3917 eorum
2904 3870 3121 3928 pcnnam
3154 3853 3230 3908 sis
3269 3848 3554 3918 impositu-

1975 3983 2104 4032 rus;
2156 3941 2356 4034 pavore
2394 3972 2517 4013 sum
2569 3954 2828 4024 repletus,
2876 3958 2929 4005 et
2992 3946 3208 4002 merito.
3243 3962 3261 3994 ι
3307 3941 3556 4003 Domine,

1975 4054 2319 4115 considerari
2352 4064 2515 4122 opera
2553 4055 2668 4107 tua.
2713 4053 2766 4100 et
2813 4040 3091 4111 obstupui.
3141 4057 3158 4089 ι
3193 4034 3558 4091 Considerans

1975 4156 2177 4222 quanta
2228 4139 2584 4201 multifariam
2642 4134 2836 4191 feceris
2885 4147 3012 4202 erga
3061 4127 3308 4183 homines
3363 4123 3557 4178 idonea

1977 4215 2236 4312 patientia
2265 4245 2447 4299 utens,
2473 4241 2529 4288 et
2564 4245 2661 4286 eos
2695 4227 2787 4298 qui
2816 4226 2933 4280 sine
2976 4219 3291 4294 pcenilentia
3323 4215 3560 4290 prolapsi

290 4333 469 4404 κακίᾳ
512 4349 574 4384 τε
626 4333 694 4401 τῇ
748 4327 944 4398 δεούσῃ
987 4324 1322 4396 κεχρημένος
1345 4365 1360 4387 ,
1402 4324 1498 4377 καὶ
1537 4322 1861 4394 ἀδιορθώτως

1980 4341 2107 4390 sunt
2166 4327 2521 4385 conveniente
2582 4319 2794 4375 ratione
2851 4316 3116 4387 puniens,
3171 4323 3391 4382 stupore
3439 4322 3562 4366 sum

295 4397 611 4488 πταίοντας,
650 4397 787 4491 μετὰ
822 4397 980 4485 λόγου
1011 4418 1102 4470 τοῦ
1139 4417 1506 4488 προσήκοντος
1542 4416 1859 4488 τιμωρούμε

1985 4428 2293 4492 correptus,
2321 4428 2537 4470 arcana;
2569 4420 2676 4465 tuae
2716 4405 3066 4478 providentiae
3107 4401 3423 4472 sapientiam
3467 4397 3564 4450 ad-

293 4535 408 4593 νος,
443 4518 519 4578 εἰς
549 4515 804 4568 ἔκστασιν
831 4508 1064 4580 ἐλήλυθα
1091 4509 1184 4561 ἐπὶ
1211 4505 1292 4576 τῷ
1319 4506 1554 4577 θαύματι
1573 4505 1682 4558 τῶν
1714 4506 1861 4560 οὕτω.

1981 4515 2209 4569 mirans.
2247 4526 2266 4561 ι
2304 4507 2361 4561 In
2401 4503 2581 4561 medio
2629 4501 2859 4555 duorum
2915 4494 3227 4549 animalium
3262 4501 3561 4558 cognosce-

296 4591 628 4680 ἀπορρήτους
667 4603 821 4674 παρὰ
860 4602 960 4671 τῆς
1001 4601 1102 4670 σῆς
1157 4597 1623 4668 οἰκονομουμένων
1671 4597 1861 4667 σοφίας

1979 4607 2077 4661 ris.
2114 4625 2134 4656 ι
2174 4601 2313 4656 Ecce
2349 4598 2491 4654 enim
2521 4603 2576 4650 et
2609 4606 2774 4652 nunc,
2812 4589 2968 4659 quasi
3013 4587 3068 4639 in
3102 4582 3316 4638 duobus
3356 4581 3565 4634 anima-

306 4720 324 4750 ε
505 4669 672 4767 ’μέσῳ
708 4669 804 4756 δῦο
847 4669 1002 4757 ζώων
1045 4669 1356 4761 γνωσθήσῃ.
1403 4708 1421 4741 ι
1466 4689 1595 4741 Ἰδοὺ
1643 4688 1751 4757 γὰρ
1794 4706 1861 4741 κα

1984 4697 2147 4758 libus,
2172 4692 2224 4746 id
2251 4697 2335 4745 est
2363 4686 2547 4758 populi
2596 4680 2993 4754 peccatoribus,
3029 4685 3080 4730 et
3124 4689 3249 4727 mox
3299 4672 3352 4725 iu
3392 4669 3566 4740 Baby-

303 4791 398 4842 νῦν
429 4789 616 4856 ὥσπερ
645 4788 702 4838 ἐν
732 4784 824 4837 δύο
842 4781 1003 4848 ζώοις
1039 4784 1153 4844 τοῖς
1175 4798 1236 4834 τε
1277 4782 1336 4834 ἐν
1375 4780 1453 4850 τῷ
1493 4777 1606 4848 λαῷ
1638 4778 1890 4849 πλημμε-

302 4883 457 4936 λοῦσι
486 4881 581 4935 καί⁵
608 4881 722 4943 τοῖς
751 4876 1114 4939 Βαϐυλωνίοις
1151 4875 1266 4945 μετ’
1294 4873 1552 4936 ἐκείνους,
1578 4872 1635 4936 ἐξ
1663 4865 1736 4925 ὧν
1763 4873 1891 4942 περὶ

308 4973 597 5043 ἑκατέρους
633 4968 960 5037 πεποίηκας.
1009 4967 1109 5036 τήν
1146 4982 1204 5018 τε
1242 4965 1471 5036 δύναμιν
1513 4965 1605 5016 καὶ
1651 4965 1749 5034 τὴν
1799 4979 1887 5014 σο-

311 5065 435 5132 φίαν
468 5065 562 5118 καὶ
589 5063 688 5132 τὴν
719 5061 846 5132 περί
877 5059 939 5112 τὺ
979 5057 1184 5110 δίκαιον
1223 5057 1537 5126 ἐπιμέλειαν
1585 5053 1887 5126 ἐγνώρισας

316 5157 529 5209 σαυτοῦ.
567 5174 587 5206 ι
631 5154 721 5208 Ἑν
747 5150 824 5222 τῷ
865 5151 1101 5220 ἐγγίζειν
1140 5150 1210 5203 τὰ
1254 5149 1346 5221 ἔτη
1386 5148 1788 5218 ἐπιγνωσθήσῃ,
1833 5148 1890 5198 ἐν

313 5247 392 5310 τῷ
419 5249 670 5317 παρεῖναι
698 5246 790 5298 τὸν
828 5243 1021 5313 καιρὸν
1042 5240 1420 5311 ἀναδειχθήσῃ.
1460 5259 1476 5292 ι
1508 5240 1620 5291 Νῦν
1657 5239 1753 5308 μὲν
1783 5238 1890 5309 γὰρ

319 5336 457 5390 αὐτὰ
491 5337 556 5388 δι’
596 5335 992 5404 ἀποκαλύψεως
1039 5331 1378 5400 κατέστησας
1410 5333 1541 5401 ἡμῖν
1583 5330 1894 5400 γνώρισμα·

326 5429 763 5499 παραγενομένου
790 5428 848 5480 δὲ
879 5425 972 5479 τοῦ
1016 5424 1228 5496 καιροῦ,
1255 5423 1376 5477 καθ’
1405 5424 1432 5475 ὃ
1461 5425 1731 5494 προσῆκεν
1763 5421 1900 5475 αὐτὰ

326 5517 464 5570 κατὰ
501 5518 560 5570 τὸ
601 5517 792 5571 δοκοῦν
835 5533 917 5569 σοι
961 5516 1132 5585 πέρας
1182 5513 1385 5577 λαϐεῖν,
1438 5512 1657 5582 μείζονά
1698 5529 1758 5563 τε
1808 5512 1902 5564 καὶ

331 5610 660 5679 σαφεστέραν
688 5611 868 5672 αὐτοῖς
903 5608 1080 5678 ἔργοις
1121 5607 1217 5678 τῆς
1254 5607 1457 5669 οἰκείας
1495 5606 1770 5673 δυνάμεως
1810 5605 1901 5655 καὶ

439 5712 486 5746 ⁸³
514 5715 609 5769 Isa.
656 5734 772 5782 Lm,
813 5720 857 5770 Ι.
934 5719 976 5748 ³³
1012 5718 1149 5772 I‘sal.
1189 5734 1353 5776 uvn,
1388 5718 1438 5769 5.

1986 4787 2168 4847 loniis,
2198 4799 2260 4838 ex
2307 4781 2377 4835 iis
2405 4793 2526 4849 qum
2565 4778 2713 4830 circa
2741 4781 3002 4839 utrosque
3036 4765 3234 4826 fecisti,
3265 4760 3562 4833 potentiam

1988 4885 2135 4929 tuam
2179 4882 2340 4942 atque
2378 4867 2701 4939 sapientiam
2750 4862 3084 4933 iustitiaeque
3142 4869 3329 4910 curam
3381 4859 3567 4905 osten-

1993 4968 2142 5022 disti.
2181 4985 2198 5016 ι
2230 4941 2364 5018 Cum
2412 4955 2962 5030 apprOpinquaverint
2995 4949 3143 5012 anni,
3180 4941 3566 5014 cognosceris;

1994 5067 2117 5106 cum
2169 5058 2379 5118 tempus
2435 5048 2634 5108 aderit,
2689 5038 3171 5097 demonstraberis.
3213 5054 3230 5086 ι
3266 5033 3420 5086 Nunc
3460 5033 3571 5083 lucc

1999 5153 2124 5199 nota
2156 5143 2312 5196 nobis
2353 5138 2642 5194 revelando
2686 5136 2857 5190 fecisti
2886 5153 2897 5186 :
2932 5131 3023 5185 sed
3057 5127 3373 5182 adveniente
3411 5120 3572 5193 245

1999 5247 2260 5304 tempore,
2288 5249 2396 5302 quo
2431 5246 2494 5284 ea
2539 5237 2752 5298 oportet
2792 5235 2841 5278 te
2874 5223 3085 5275 volente
3116 5218 3318 5273 exitum
3353 5214 3572 5273 habere,

2000 5330 2260 5396 majorem
2306 5341 2368 5378 ac
2413 5320 2842 5375 manifestiorem
2887 5314 3138 5384 potentiae
3189 5327 3252 5365 ac
3297 5306 3575 5381 sapientiae

1998 5432 2102 5475 tua:
2143 5417 2400 5488 operibus
2432 5415 2564 5485 ipsis
2605 5412 2768 5465 facies
2807 5405 3346 5465 demonstrationem.
3389 5420 3406 5452 ι
3438 5399 3573 5454 Cum

2002 5514 2213 5566 turbata
2262 5509 2422 5562 fuerit
2457 5506 2636 5561 anima
2687 5518 2824 5564 mea,
2863 5508 2918 5554 tu
2966 5500 3018 5553 in
3070 5499 3149 5552 ira
3189 5490 3574 5551 misericordia!

2002 5600 2393 5658 recordaberis.
2428 5619 2441 5648 ι
2479 5595 2630 5652 Tunc
2663 5610 2871 5649 summa
2913 5587 3310 5663 tuaapparebit
3336 5581 3575 5654 benigni-
