4022 6138
445 264 545 322 tu
1607 262 1959 323 THEODORI
1998 270 2017 324 ι

2119 272 2230 329 ³51]
2244 271 2370 330 EST
2381 272 2491 328 ENI
3580 293 3722 350 ιιι

443 382 530 431 tas
561 391 686 448 erga
714 373 912 433 Iudaea
944 377 1168 442 incolas,
1200 392 1322 432 cum
1354 395 1468 442 eos,
1499 390 1718 450 propter
1757 382 2013 438 inﬂictam

2120 387 2330 456 σοφίας,
2357 388 2454 459 τὴν
2494 391 2750 458 ἐπίδειξιν
2789 394 3010 466 ποιήσῃ.
3049 413 3068 447 ι
3118 395 3206 450 Ἐν
3249 397 3327 468 τῷ
3363 401 3724 473 ταραχθῆναι

445 478 792 536 peccatorum
824 485 1060 539 poenam,
1087 471 1330 525 turbatos
1353 472 1548 526 animis
1577 481 1628 525 et
1661 473 1748 526 vix
1773 475 1855 527 sui
1877 489 2017 528 com-

2125 475 2222 546 τὴν
2269 478 2450 549 ψυχήν
2488 497 2618 550 μου,
2664 484 2722 535 ἐν
2761 486 2896 555 ὀργῇ
2937 485 3118 550 ἐλέους
3160 471 3466 563 μνησθήσῃ.
3511 471 3533 543 »ν
3565 471 3716 548 rm

450 567 624 626 potes,
661 557 1045 614 misericordiae
1092 567 1198 613 tuae
1246 575 1471 624 memor,
1501 563 1759 616 mrumnis
1806 565 2017 616 subtra-

2128 570 2422 638 φανήσεταί
2473 588 2565 625 σου
2606 576 2698 628 καὶ
2744 581 2841 646 τῆς
2887 557 3292 650 φιλανθρωπίας
3419 557 3714 656 ’ύπερὸολῆ

450 652 570 713 hes,
610 657 663 704 et
707 658 899 719 prater
920 665 1135 703 omnem
1175 651 1463 704 humanam
1507 667 1655 720 spem
1687 654 2017 723 postliminio

2127 659 2252 728 περὶ
2311 661 2439 725 τοὺς
2495 664 2592 734 τῆς
2647 668 2931 735 Ἰουδαίας,
2975 663 3050 724 ὧν
3098 672 3202 726 ὑπὸ
3245 651 3557 744 τῆςγόργῆς-
3600 651 3716 744 τῆξ

449 739 505 792 in
534 740 765 807 patriam
797 740 1072 797 restitues.

2122 749 2222 818 σῆς
2245 751 2344 822 τῆς
2377 771 2437 806 τε
2469 756 2796 829 ἐπαχθείσης
2821 761 3006 825 αὐτοῖς
3036 763 3174 834 ὑπὲρ
3205 757 3279 816 ὧν
3300 739 3711 837 πεπλημμελη-

450 847 575 882 κασι
599 833 866 901 τιμωρίας
893 832 1390 904 διατεταραγμένων
1418 834 1513 905 τὴν
1543 835 1716 906 ψυχὴν
1749 835 1840 889 καὶ
1863 835 1984 889 οὐδὲ
2013 836 2072 889 ἐν
2099 839 2309 906 ἑαυτοῖς
2327 843 2516 911 ὅντων,
2547 851 2762 919 μνήμην
2802 853 2898 922 τῆς
2932 832 3339 925 φιλανθρωπίας
3368 832 3718 924 τῆςηοίκὲίας
3769 868 3784 938 ι

448 919 837 990 ποιησάμενος,
860 923 1184 988 ἀπαλλάξεις
1206 943 1263 978 τε
1296 926 1490 990 αὐτοὺς
1513 928 1618 981 τῶν
1640 926 1844 991 κακῶν,
1873 929 1967 980 καὶ
1986 928 2278 998 ὲπανάξεις
2309 937 2400 989 ἐπὶ
2427 938 2497 990 τὰ
2520 941 2694 993 οἰκεῖα
2723 919 2874 1012 παρά
2905 945 3082 996 πᾶσαν
3120 945 3464 1016 ἀνθρωπίνην
3487 945 3708 999 ἐλπίδα.

522 1008 685 1065 Vens.
711 1013 825 1067 5-5.
854 1043 922 1053 -
957 1033 974 1065 ι
1019 1015 1159 1070 Deus
1193 1018 1255 1072 de
1279 1017 1532 1071 Thamar)
1556 1021 1754 1080 veniet.
1797 1027 2017 1074 sanctus

2191 1026 2344 1095 Στίχ.
2369 1030 2506 1097 γ’-ε’.
2550 1063 2609 1072 -
2646 1050 2662 1081 ι
2700 1032 2756 1086 '0
2792 1008 2923 1096 Θεὸς
2950 1035 3057 1087 ἀπὸ
3087 1008 3298 1104 omne»;
3327 1008 3464 1106 ﬁge},
3492 1040 3518 1089 ὁ
3545 1036 3714 1104 ἅγιος
3783 1008 3790 1032 Ξ

448 1099 515 1152 de
543 1109 725 1156 monte
751 1104 1027 1158 umbroso.
1064 1125 1080 1156 ι
1117 1105 1370 1161 Τιιειειηοη
1402 1109 1535 1162 dicit
1558 1109 2017 1165 ltlunimaztnetro-

2119 1115 2176 1182 ἐξ
2218 1119 2374 1190 δρους
2418 1124 2790 1176 κατασκίουρ»
2824 1126 2899 1193 (p.
2931 1125 3058 1196 574)
3092 1099 3303 1196 Θαιμὰν
3341 1099 3565 1196 μὲνιτὴν
3593 1099 3722 1196 μη·⁵
3795 1121 3803 1174 i

449 1191 611 1258 polim
668 1211 681 1246 :
746 1202 984 1249 montem
1043 1207 1222 1251 autem
1277 1201 1614 1266 umbrosum,
1650 1203 1800 1255 illum
1832 1205 1885 1256 in
1916 1218 2017 1272 quo

2119 1211 2368 1282 τρόπολιν
2412 1212 2558 1282 λέγει
2611 1216 2708 1285 τῆς
2745 1191 3078 1286 Ἰδουμαίας·
3123 1191 3246 1287 ὅρος
3293 1191 3352 1269 δέ
3404 1191 3712 1270 κατάσκιον

447 1281 808 1350 Hierusalem,
854 1295 1039 1356 utpote
1071 1286 1160 1342 Dei
1197 1293 1586 1358 protectionem
1627 1295 1866 1362 undique
1901 1311 2017 1350 sor-

2119 1303 2180 1354 τὸ
2225 1304 2328 1373 τῆς
2361 1281 2731 1377 Ἰερουσαλὴμ,
2780 1281 2972 1378 ὥσπερ
3023 1281 3355 1377 πανταχόθεν
3397 1309 3495 1378 τῆς
3551 1309 3710 1371 θείας

447 1368 626 1421 tilum.
656 1368 804 1424 Tunc
823 1387 950 1442 ergo
968 1376 1254 1442 apparebis
1285 1377 1350 1432 de
1377 1377 1633 1433 Thaeman
1659 1382 2016 1436 idunimorum

447 1459 694 1521 veniens.
750 1477 886 1530 quos
933 1475 1152 1534 propter
1185 1483 1312 1522 snas
1347 1485 1474 1538 erga
1507 1486 1605 1525 nos
1650 1471 1880 1541 injurias
1905 1473 2014 1541 jam

449 1546 752 1614 puniveris;
787 1550 851 1604 de
880 1563 1071 1606 sancto
1098 1562 1274 1608 autem
1303 1554 1482 1610 Sionis
1515 1567 1714 1623 monte,
1746 1568 2014 1630 quatenus

445 1652 568 1690 eum
628 1640 801 1693 reditu
853 1653 1040 1696 nostro
1109 1646 1471 1702 clarissimum
1524 1651 1740 1706 cunctis
1803 1651 2015 1708 feceris.

452 1746 470 1776 ι
509 1727 916 1799 Operuitcmlos
952 1736 1121 1790 virtus
1151 1738 1289 1806 ejus,
1317 1747 1369 1794 et
1404 1740 1580 1794 laudis
1613 1744 1732 1812 ejus
1755 1745 1912 1813 plena
1938 1755 2023 1800 est

449 1828 614 1874 terra.
652 1841 670 1874 ›
726 1822 960 1891 Operum
994 1843 1217 1881 suorum
1278 1831 1648 1901 magnitudine
1679 1835 1878 1888 malum
1909 1841 2021 1888 ter-

450 1927 677 1982 ramque
735 1917 978 1984 replebit,
1027 1917 1079 1970 in
1118 1927 1326 1973 tantum
1373 1925 1632 1977 utcuncti
1657 1925 1724 1978 ad
1761 1925 2018 1996 hymnum

447 2007 862 2068 convertantur,
918 2006 1241 2073 sapientiam
1284 2025 1346 2064 ac
1389 2013 1811 2080 magnitudinem
1839 2027 2020 2087 gesto-

449 2104 567 2143 rum
635 2092 702 2145 ab
765 2094 884 2162 ipso
942 2095 1297 2177 admirantes.
1364 2099 1500 2155 Nam
1535 2104 1635 2158 hoc
1681 2106 1842 2159 etiam
1897 2109 2020 2163 loco

447 2181 590 2248 quod
624 2197 914 2240 commune
958 2195 1041 2241 est
1071 2203 1169 2257 per
1209 2191 1476 2246 diaeresim
1509 2194 1660 2260 dicit,
1709 2212 1867 2265 quem
1909 2215 2019 2255 non

446 2271 848 2343 infrequentem
909 2278 1107 2335 divina.-
1162 2280 1461 2352 Scriptura:
1502 2287 1836 2342 idiotismum
1895 2305 2020 2346 esse

445 2366 806 2421 ostendimus.
875 2368 1096 2426 Scilicet
1145 2374 1315 2428 caelos
1359 2383 1670 2448 terramque
1714 2380 1792 2432 ait
1819 2380 2018 2437 virtute

446 2450 539 2506 Dei
567 2464 804 2524 Opertos,
826 2465 883 2509 ut
899 2460 1081 2512 omnia
1105 2461 1252 2514 dicat
1280 2479 1295 2514 :
1318 2463 1640 2534 laudemque
1660 2467 1778 2535 ejus
1796 2477 2018 2539 propter

445 2560 533 2598 res
558 2555 737 2615 gestas
762 2549 828 2602 ah
846 2551 1098 2606 omnibus
1137 2555 1405 2608 cumulari
1454 2565 1724 2624 oportere.
1763 2579 1781 2610 ι
1821 2559 2014 2630 Splen-

444 2637 546 2689 dor
587 2638 705 2705 ejus
758 2641 914 2708 quasi
970 2642 1058 2696 lux
1117 2645 1241 2698 crit.
1299 2645 1594 2721 {Adventu
1655 2664 1775 2711 suo,
1817 2651 2013 2721 inquit,

443 2743 640 2782 cuncta
668 2731 869 2786 lumine
889 2733 1150 2803 implebit.
1183 2754 1200 2786 ι
1232 2719 1446 2790 Cornua
1476 2738 1530 2790 in
1553 2740 1806 2796 manilius
1836 2743 2008 2808 ejus»

444 2819 706 2875 Ostendtt
767 2823 964 2880 habere
994 2841 1054 2879 se
1117 2827 1343 2883 idoneas
1391 2831 1455 2882 ad
1484 2845 1614 2885 suos
1642 2831 2013 2890 defendendos

2125 1393 2422 1463 ἠξιωμένον
2454 1398 2681 1467 σκέπης.
2713 1399 2843 1450 Τότε
2881 1395 2975 1452 οὖν
3014 1401 3225 1469 φανήσῃ
3265 1399 3373 1453 ἀπὸ
3397 1399 3610 1484 Θαιμάν
3639 1417 3706 1452 τε

2123 1483 2220 1552 τῆς
2264 1476 2563 1554 Ἰδουμαίας
2591 1486 2902 1557 ἐρχόμενος,
2955 1486 3048 1550 οὓς
3095 1490 3384 1558 τιμωρήσῃ
3423 1476 3569 1558 ὑπὲᾷ
3600 1483 3708 1557 τῆς

2123 1575 2201 1636 εἰς
2230 1576 2378 1644 ἡμᾶς
2420 1575 2814 1646 πλημμελείας,
2849 1577 2942 1630 καὶ
2965 1580 3028 1630 ἐκ
3066 1577 3157 1630 τοῦ
3204 1578 3358 1646 ἁγίου
3395 1577 3553 1648 ὅρους
3600 1579 3725 1631 τοῦ⁹

2123 1665 2259 1719 Σιὼν
2289 1665 2317 1718 ὃ
2347 1665 2594 1736 λαμπρὸν
2620 1668 2708 1721 διὰ
2746 1669 2842 1738 τῆς
2871 1668 3130 1722 ἐπανόδου
3159 1671 3322 1722 πᾶσιν
3349 1667 3558 1739 ἐργάσῃ
3595 1670 3704 1739 τῆς

2121 1757 2412 1826 ἡμετέρας.
2445 1776 2465 1809 ι
2505 1757 2800 1828 Ἑκάλυψεν
2826 1761 3085 1831 οὐρανοὺς
3115 1763 3146 1832 ή
3182 1761 3349 1832 ἀρετὴ
3389 1762 3572 1825 αὐτοῦ,
3602 1765 3714 1817 καὶ

2117 1847 2217 1917 τῆς
2242 1849 2500 1912 αἰνέσεως
2521 1849 2685 1903 αὐτοῦ
2731 1851 2940 1922 πλήρης
2966 1856 3000 1922 ή
3027 1853 3116 1924 γῆ.
3161 1872 3179 1904 ›
3213 1853 3302 1923 Τῷ
3324 1854 3452 1921 γοῦν
3481 1852 3702 1922 μεγέθει

2118 1938 2225 1990 τῶν
2258 1941 2386 2009 παρ’
2418 1941 2581 1993 αὑτοῦ
2596 1942 2900 2012 γινομένων
2927 1946 3018 1996 καὶ
3041 1946 3265 2015 οὐρανὸν
3296 1945 3571 2016 πληρώσει
3602 1947 3703 2001 καὶ

2119 2029 2254 2099 γῆν·
2298 2029 2438 2084 ὣστε
2471 2031 2715 2094 ἅπαντας
2771 2033 2907 2104 πρὸς
2952 2034 3120 2103 ὕμνον
3149 2035 3444 2105 τρέπεσθαι
3488 2036 3708 2101 λοιπὸν,

2119 2120 2494 2190 θαυμάζοντας
2519 2125 2618 2192 τήν
2643 2139 2702 2175 τε
2735 2124 2927 2190 σοφίαν
2948 2125 3040 2178 καὶ
3071 2126 3132 2178 τὸ
3170 2125 3397 2196 μέγεθος
3421 2124 3530 2207 τῶν
3564 2129 3698 2196 παρ’

2117 2211 2281 2265 αὐτοῦ
2317 2214 2635 2282 γινομένων.
2677 2215 2832 2267 Κατὰ
2881 2215 3138 2284 διαίρεσιν
3180 2217 3291 2286 γὰρ
3323 2216 3600 2270 κάνταῦθα
3634 2218 3700 2269 τὸ

2116 2301 2294 2354 κοινὸν
2345 2302 2516 2370 λέγει,
2561 2304 2696 2374 ὅπερ
2739 2300 2830 2358 οὖν
2870 2307 2964 2358 ἐπὶ
3011 2306 3220 2359 πολλῶν
3271 2307 3552 2378 ἐδείξαμεν
3593 2309 3696 2378 ήδη

2119 2392 2314 2462 ἰδίωμα
2363 2394 2462 2464 τῆς
2511 2393 2658 2456 θείας
2705 2395 2945 2466 ὑπάρχον
2988 2397 3228 2467 Γραφῆς.
3285 2399 3393 2451 Kal.
3443 2399 3550 2468 γὰρ
3601 2400 3696 2451 καὶ

2114 2483 2372 2554 οὐρανοὺς
2414 2484 2507 2536 καὶ
2543 2484 2646 2554 γῆν
2696 2485 3035 2554 κεκαλύφθαι
3075 2487 3221 2555 λέγει
3269 2489 3337 2558 τῇ
3377 2488 3545 2558 ἀρετῇ
3594 2490 3693 2542 τοῦ

2113 2572 2268 2635 Θεοῦ,
2311 2574 2395 2626 ἵνα
2424 2574 2551 2644 εἴπῃ
2598 2574 2660 2626 τὸ
2706 2573 2956 2644 σύμπαν·
2997 2577 3091 2628 καὶ
3140 2578 3239 2647 τὴν
3284 2577 3489 2630 αίνεσιν
3525 2579 3692 2632 αὑτοῦ

2113 2662 2220 2714 τῶν
2249 2664 2547 2732 γεγονότων
2576 2664 2760 2718 ἕνεκεν
2807 2666 2960 2737 παρὰ
2995 2667 3193 2731 παντὸς
3229 2669 3424 2739 χρῆναι
3458 2668 3693 2739 πληροῦ-

2115 2755 2238 2807 σθαί
2271 2773 2424 2825 φησι.
2468 2775 2488 2807 ι
2520 2757 2628 2809 Kal.
2654 2756 2854 2825 φέγγος
2894 2757 3059 2810 αὑτοῦ
3086 2758 3162 2820 ὡς
3189 2757 3302 2826 φῶς
3335 2757 3506 2812 ἔσται.
3546 2777 3566 2811 ι
3611 2759 3689 2829 Τῇ

2117 2849 2214 2917 μὲν
2239 2844 2328 2900 οὖν
2360 2849 2649 2918 ἐπιφανείᾳ
2689 2851 2755 2919 τῇ
2799 2849 3000 2920 οἰκείᾳ,
3020 2850 3204 2920 φησὶν,
3231 2851 3444 2904 ἅπαντα
3473 2850 3690 2920 πληρώ-

441 2913 606 2976 vires,
627 2922 681 2966 et
710 2913 792 2968 his
812 2915 1039 2972 infestos
1071 2919 1372 2975 domandos
1405 2939 1417 2974 :
1443 2923 1815 2991 metaphoram
1848 2940 2012 2994 porro

2119 2913 2194 2990 σει
2224 2939 2416 3004 φωτός.
2436 2913 2694 3009 «Κέρατα
2729 2913 2786 2992 ἐν
2814 2913 3000 3011 χερσὶν
3030 2913 3192 2992 αἰλτοῦ
3225 2940 3457 3010 ὑπάρχει
3481 2913 3684 3010 αὐτῷ..

443 3005 512 3056 ab
548 3007 876 3062 animalibus
925 3025 1046 3077 quae
1091 3011 1351 3067 cornibus
1402 3011 1703 3079 decertant,
1755 3018 2010 3086 sumpsit.

448 3113 470 3146 ι
521 3094 586 3148 Et
657 3098 839 3165 posuit
907 3099 1256 3155 dilectionem
1327 3105 1606 3158 robustam
1675 3105 2014 3163 fortitudinis

445 3201 576 3240 suae.
623 3205 642 3237 ι
679 3184 803 3243 Haec
832 3188 1087 3242 nimirum
1115 3191 1294 3257 faciet,
1320 3191 1483 3264 246
1509 3197 1878 3266 magnitudine
1902 3214 2016 3254 sua:

444 3294 570 3348 erga
606 3295 706 3334 nos
743 3280 1050 3337 dilectionis
1076 3290 1254 3338 utens.
1294 3306 1312 3335 ι
1349 3285 1487 3338 Ante
1514 3285 1707 3338 faciem
1760 3286 1880 3354 ejus
1915 3287 2016 3341 ibit

446 3371 690 3425 verbum.
729 3391 747 3422 ι
791 3370 968 3427 Rebus
1008 3373 1143 3443 ipsis
1187 3375 1341 3444 prxit
1369 3375 1536 3430 futuri
1591 3377 1868 3444 revelatio,
1900 3394 2020 3448 quae

445 3477 567 3511 cum
607 3461 864 3515 onmibus
897 3477 929 3515 a
976 3461 1084 3517 Deo
1133 3458 1418 3534 prophetis
1462 3464 1601 3520 facta
1637 3464 1819 3532 fuerit,
1874 3483 2020 3523 nunc

445 3551 576 3604 mihi
601 3568 814 3620 quoque
849 3554 989 3607 haud
1015 3555 1196 3612 secius
1218 3557 1399 3612 oblata
1424 3557 1542 3612 fuit.
1577 3577 1595 3609 ι
1632 3559 1694 3614 Et
1715 3561 2020 3630 egredietur

442 3643 936 3713 adcurreptionem
988 3661 1083 3715 per
1125 3649 1359 3718 vestigia
1400 3649 1541 3719 ejus.
1587 3670 1605 3702 ι
1655 3651 2019 3721 Subsequitur

446 3751 571 3790 vero
601 3753 740 3806 opus
770 3739 944 3808 ipsum
974 3757 988 3805 ;
1029 3740 1104 3794 ita
1151 3749 1209 3795 ut
1240 3751 1472 3812 utroque
1508 3745 1667 3799 modo
1697 3745 2019 3803 erudi‘antur

442 3826 512 3880 ad
537 3827 770 3882 ollicium
795 3831 1062 3886 homines.
1083 3829 1214 3896 Quae
1233 3849 1319 3887 res
1354 3831 1552 3889 futurae
1570 3846 1698 3891 sunt
1723 3839 2019 3908 praedictae,

441 3933 521 3972 ea:
548 3927 736 3987 postea
767 3928 940 3977 nactae
968 3929 1096 3977 sunt
1125 3924 1351 3979 exitum.

2127 3029 2202 3099 (p.
2228 3027 2354 3100 375)
2394 3029 2564 3094 Δείξει
2597 3030 2655 3082 δὲ
2685 3029 2848 3083 αὐτὸν
2890 3027 3202 3098 ἀρκούντως
3233 3026 3426 3096 ἔχοντα
3465 3023 3703 3095 ἀμύνειν·

2129 3121 2228 3191 μὲν
2244 3124 2356 3184 τοῖς
2373 3121 2612 3186 οἰκείοις,
2632 3120 2946 3192 χειροῦσθαι
2969 3121 3023 3173 δὲ
3041 3121 3166 3183 τοὺς
3183 3119 3274 3187 exe
3283 3118 3488 3188 ραίνειν
3507 3117 3690 3178 αὐτοῖς

2127 3210 2564 3281 ἐπιχειροῦνταςο
2609 3212 2674 3263 ἐκ
2714 3212 3026 3280 μεταφορᾶς
3054 3209 3162 3262 τῶν
3205 3210 3318 3270 τοῖς
3356 3207 3552 3278 κέρασι
3585 3223 3686 3275 μα-

2123 3302 2364 3370 χομένων
2394 3299 2549 3364 ζώων
2578 3301 2748 3364 οὕτως
2780 3300 2948 3354 εἰπών
2969 3316 2982 3330 ⁸
3029 3322 3044 3349 σ
3080 3299 3190 3352 Kal.
3218 3299 3369 3352 ἔθετο
3411 3297 3690 3366 ἀγάπησιν

2126 3391 2388 3460 κραταιὰν
2418 3391 2597 3460 ἰσχύος
2623 3390 2818 3445 αὑτοῦ·
2860 3411 2879 3443 ι
2925 3391 3064 3461 ἆπερ
3092 3386 3185 3444 οὖν
3213 3387 3568 3460 διαπράξεται
3598 3385 3686 3438 διὰ

2123 3480 2184 3533 τὸ
2229 3481 2457 3551 μεγίστῃ
2486 3483 2552 3550 τῇ
2601 3483 2728 3552 περὶ
2763 3483 2908 3551 ἡμᾶς
2938 3481 3126 3552 ἀγάπῃ
3155 3479 3473 3550 κεχρῆσθαι.
3508 3495 3526 3527 ι
3574 3475 3702 3546 Πρδκ

2113 3567 2403 3640 προσώπου
2453 3565 2618 3619 αὑτοῦ
2678 3567 2966 3636 πορεύεται
3013 3564 3198 3632 λόγος·
3243 3583 3262 3615 ι
3298 3565 3404 3633 πρὸ
3459 3565 3558 3634 μὲν
3600 3562 3692 3618 οὖν

2111 3661 2218 3715 τῶν
2247 3659 2605 3730 πραγμάτων,
2641 3657 2995 3727 ἀποφαίνεται
3037 3655 3100 3709 τὸ
3131 3655 3410 3724 ἐσόμενον,
3437 3658 3574 3727 ὅπερ
3598 3655 3690 3710 οὖν

2116 3754 2344 3807 πάντοτε
2372 3750 2458 3804 διὰ
2483 3749 2590 3804 τῶν
2618 3748 2907 3818 προφητῶν
2936 3746 3122 3810 ποιῶν,
3153 3748 3250 3817 οὐχ
3277 3745 3438 3820 ἦττον
3467 3748 3562 3800 καί
3596 3747 3692 3800 νῦν

2114 3844 2384 3915 πεποίηκε
2415 3842 2483 3896 δι’
2521 3841 2683 3912 ἐμοῦ.
2717 3857 2735 3891 ι
2771 3839 2882 3893 Καὶ
2923 3838 3262 3904 ἐξελεύσεται
3311 3840 3390 3901 εἰς
3423 3838 3694 3913 νπαιδείαν

2117 3931 2256 3985 κατὰ
2303 3929 2463 3991 πόδας
2508 3929 2692 3980 αὑτοῦ.
2736 3947 2755 3979 ι
2807 3926 3116 3980 ἈκολουθεῖΔ
3151 3927 3209 3980 δὲ
3259 3928 3350 3982 καὶ
3397 3927 3457 3981 τὸ
3507 3927 3693 3996 ἔργον,

443 4011 584 4066 ὥστε
612 4014 675 4067 δι’
703 4016 1025 4088 ἀμφοτέρων
1061 4019 1187 4082 τοὺς
1220 4018 1539 4088 ἀνθρώπους
1580 4023 1923 4080 παιδεύεσθαι
1952 4027 2011 4080 τὸ
2039 4026 2156 4080 δέον
2176 4043 2190 4058 ο
2225 4025 2294 4079 δι’
2322 4018 2396 4078 ὧν
2427 4039 2488 4075 τε
2526 4021 2850 4095 προείρηται
2887 4022 2944 4074 τὸ
2974 4019 3251 4090 ἐσόμενον,
3278 4022 3371 4074 καὶ
3415 4023 3492 4085 είς
3533 4022 3699 4094 ἔργον

443 4106 739 4178 ἐκϐέϐηκεν
772 4108 1014 4182 ὕστερον.

517 4198 679 4252 Vens.
704 4200 857 4254 6-19..
898 4231 967 4243 --
1002 4220 1018 4252 ι
1050 4201 1241 4266 Stetit,
1297 4211 1351 4256 et
1378 4211 1648 4258 commota
1674 4211 1758 4258 est
1783 4209 1949 4257 terra.
1992 4221 2010 4254 ι

2192 4202 2338 4272 Στίχ.
2383 4198 2558 4269 ς’-ιβ’.
2606 4227 2676 4238 -—
2721 4215 2740 4249 ι
2780 4198 2971 4269 "Eam,
3018 4200 3108 4254 καὶ
3156 4199 3421 4272 ἐσαλεύθη
3463 4202 3496 4271 ἡ
3540 4202 3634 4270 γῆ.
3670 4223 3690 4255 ι

449 4287 681 4341 Tantum
725 4305 1016 4358 apparens,
1077 4301 1275 4348 terram
1333 4302 1657 4350 commovet.
1707 4293 1882 4352 Veluti
1934 4303 2017 4349 est

2119 4293 2312 4356 Φανεὶς
2366 4291 2522 4363 μόνον
2572 4290 2786 4344 σαλεύει
2825 4290 2922 4361 τὴν
2974 4295 3110 4362 γῆν·
3159 4295 3235 4356 ὡς
3276 4293 3357 4355 τὸ,
3394 4313 3414 4344 ι
3462 4295 3518 4346 Ὁ
3563 4293 3695 4358 Θεὸς

444 4381 582 4434 illud
621 4399 633 4434 :
667 4399 684 4431 ι
728 4379 868 4437 Deus
899 4383 1118 4439 stetitin
1147 4400 1421 4456 synagoga
1452 4386 1732 4442 deorum"
1753 4395 1798 4445 ς»
1848 4386 1901 4440 id
1931 4397 2016 4442 est

2119 4381 2248 4451 ἔστη
2279 4383 2336 4434 ἐν
2366 4382 2650 4450 συναγωγῇ
2681 4379 2838 4432 θεῶν·
2865 4398 2882 4430 ι
2906 4380 2991 4432 ἵνα
3017 4381 3146 4454 είπῃ
3169 4382 3250 4434 ὅτι
3275 4381 3429 4453 ὤφθη
3459 4384 3516 4435 ἐν
3541 4383 3694 4452 μέσῳ

442 4471 504 4526 in
531 4471 706 4527 medio
731 4486 918 4530 eorum
948 4475 1216 4544 apparuit.
1254 4494 1274 4528 ι
1305 4476 1551 4546 Aspexit,
1575 4484 1631 4534 et
1652 4477 2014 4554 extabuerunt

2119 4471 2314 4526 αὐτῶν.
2357 4491 2376 4523 ι
2425 4470 2742 4538 Ἐπέϐλεψε,
2774 4471 2868 4524 καὶ
2912 4471 3081 4542 ἐτάκη
3117 4473 3276 4544 ἔθνη·
3322 4473 3578 4544 διεθρύὸη
3625 4474 3698 4527 τὰ

445 4573 635 4635 gentes
665 4583 677 4618 :
711 4565 929 4620 contriti
961 4573 1089 4622 sunt
1143 4567 1404 4622 violenter
1443 4575 1677 4632 montes,
1725 4567 2017 4622 tabuerunt

2119 4565 2214 4637 ὗρη
2251 4562 2362 4634 βία,
2403 4564 2496 4614 καὶ
2529 4562 2802 4632 ὲτάκησαν
2834 4562 3011 4631 βουνοὶ
3050 4563 3256 4618 αἰώνιοι
3292 4565 3516 4635 πορείας
3566 4567 3709 4618 aio»-

445 4658 615 4713 colles
643 4658 832 4713 aeterni
860 4673 890 4712 a
925 4658 1204 4728 gressibus
1237 4659 1456 4713 aeternis
1515 4659 1656 4726 ejus.
1703 4677 1724 4710 ι
1773 4657 1869 4714 Vel
1901 4660 2017 4715 solo

2119 4655 2258 4719 νίους
2290 4654 2473 4708 αὑτοῦ.
2508 4673 2526 4705 ι
2569 4652 2797 4706 Ἀπιδὼν
2824 4653 2882 4706 δέ
2917 4654 3073 4724 μόνον
3122 4655 3248 4728 ἔθνη
3295 4673 3354 4710 τε
3398 4656 3702 4710 ἀπόλλυσιν.

445 4756 672 4816 aspectu
713 4757 901 4818 gentes
933 4764 1122 4803 omnes
1151 4749 1483 4818 pessumdat,
1517 4757 1570 4804 et
1588 4758 1798 4805 montes
1821 4751 2017 4806 colles-

2119 4748 2232 4814 ὖλα,
2263 4747 2356 4799 καὶ
2406 4745 2506 4816 ὅρη
2553 4745 2646 4798 καὶ
2683 4743 2904 4813 βουνοὺς
2949 4743 3268 4815 διαθρύπτει
3299 4748 3364 4800 ἐκ
3400 4747 3594 4800 πολλοῦ
3627 4765 3693 4816 γε

444 4855 553 4907 que
595 4839 853 4900 conterit,
910 4838 1000 4906 qui
1053 4845 1203 4891 tanto
1235 4846 1476 4907 tempore
1529 4839 1580 4891 vi
1615 4840 1834 4908 propria
1867 4840 2019 4895 vide-

446 4929 646 4984 hantur
702 4937 961 4998 perstare.
1008 4927 1250 4997 Namque
1285 4930 1396 4986 haec
1419 4929 1630 4985 caelitus
1673 4929 1853 4987 facere
1901 4947 2020 4988 mos

445 5021 566 5086 ejus
598 5028 703 5083 est,
730 5029 784 5075 ct
817 5020 902 5075 his
933 5019 1187 5090 eperibus
1223 5021 1500 5091 regiminis
1530 5022 1614 5077 sui
1639 5037 1862 5078 cursum
1922 5025 2018 5079 de-

451 5118 756 5166 monstrare
787 5113 945 5166 solet.
975 5130 994 5162 ι
1033 5109 1138 5165 Pro
1201 5111 1478 5166 laboribus
1508 5112 1619 5168 vidi
1671 5116 2017 5170 tabernacula

451 5200 794 5271 Aithiopum,
816 5204 1089 5274 parebunt
1107 5204 1336 5257 tentoria
1359 5211 1516 5260 terra:
1539 5205 1772 5260 Madian.
1815 5225 1833 5258 ι
1863 5205 2020 5260 Nam-

449 5307 557 5358 que
605 5299 657 5345 et
704 5295 831 5346 olim
862 5310 983 5348 cum
1031 5295 1085 5347 in
1122 5293 1358 5364 Egypto
1413 5296 1761 5358 serviremus.
1804 5307 2018 5368 postea-

449 5398 616 5449 quam
639 5384 733 5436 tibi
765 5386 920 5438 libuit
947 5401 1044 5440 nos
1057 5402 1118 5440 ex
1144 5386 1236 5441 illo
1256 5388 1480 5442 Servitio
1496 5389 1773 5458 expedire.
1799 5389 2015 5444 deserta

455 5472 688 5525 vidimus
735 5484 789 5526 et
822 5475 1184 5533 habitationes
1227 5476 1564 5551 Ethiopum,
1595 5495 1655 5535 ac
1698 5479 2014 5536 Madianita-

530 5647 575 5682 “
620 5645 764 5703 Psal.
808 5663 992 5716 um,
1023 5651 1066 5702 Ι.

2118 4836 2436 4891 συνεστάναι
2481 4834 2620 4888 κατὰ
2665 4835 2762 4904 τὴν
2807 4833 2960 4904 ἰσχὺν
3003 4833 3262 4888 δοκοῦντα
3305 4837 3405 4907 τὴν
3449 4837 3689 4891 οἰκείαν·

2117 4930 2302 5000 ἐπειδὴ
2347 4927 2552 4982 ἀνωθεν
2599 4925 2747 4996 αὐτῷ
2791 4926 3012 4980 τοιαῦτα
3054 4927 3475 4998 διαπράττεσθαι
3508 4929 3692 4999 ἔργον,

2118 5022 2210 5075 καὶ
2240 5021 2326 5073 διὰ
2354 5019 2609 5072 τοιούτων
2639 5017 2815 5089 ἔργων
2857 5019 2954 5088 τῆς
2999 5020 3308 5090 οἰκονομίας
3340 5022 3437 5091 τὴν
3468 5021 3694 5090 πορείαν

2115 5109 2512 5167 ἐπιδείκνυσθαι
2561 5108 2659 5179 τῆς
2706 5109 2927 5172 οἰκείας.
2967 5129 2986 5162 ι
3029 5110 3172 5165 Ἀντὶ
3217 5112 3275 5164 δὲ
3328 5113 3510 5166 κόπων
3553 5108 3701 5165 εἶδον

2119 5201 2450 5273 σκηνώματα
2507 5200 2776 5255 Αἰθιόπων
2802 5241 2815 5264 ,
2875 5201 3270 5271 πτοηοήσονται
3337 5203 3533 5272 σκηναὶ
3589 5204 3697 5271 γῆς

2124 5293 2366 5364 Μαδιάμ.
2404 5313 2423 5345 ι
2457 5293 2564 5346 Kal.
2596 5291 2702 5362 γὰρ
2749 5292 2911 5346 πάλαι
2960 5293 3221 5363 πρότερον
3269 5293 3502 5362 ὁπηνίκα
3553 5294 3694 5346 κατὰ

2123 5385 2220 5457 τὴν
2285 5386 2552 5453 Αἴγυπτον
2614 5385 2768 5454 ἡμῶν
2828 5382 3195 5445 δουλεύοντες,
3266 5385 3353 5436 ὅτε
3417 5382 3694 5452 βουληθεὶς

2121 5475 2432 5549 ansatum
2463 5476 2606 5546 ἡμᾶς
2641 5475 2736 5545 τῆς
2781 5475 2869 5558 ὑπ’
2920 5475 3234 5541 Αἰγυπτίοις
3262 5474 3519 5541 δουλείας,
3555 5467 3694 5527 εἶδον
