4022 6138
256 334 363 407 ιιι

1157 334 1699 401 COMMENTARIUS
1724 343 1787 399 lN
1825 332 2167 419 HABACUCI
2192 336 2615 396 ORATIONEM.
2688 296 2695 303 ’

3397 338 3502 394 645

261 464 484 534 ἐρήμους
515 463 616 525 τὰς
644 464 892 534 οίκήσεις
925 462 1195 517 Αἰθιόπων
1231 481 1289 517 τε
1324 466 1417 518 καὶ
1454 464 1822 534 Μαδιηναίων,
1853 518 1854 525 η

1939 476 2068 525 rum,
2119 469 2173 516 et
2218 465 2487 529 quotquot
2536 466 2664 510 tunc
2720 454 3060 508 inimicitiam
3103 453 3365 510 adversus
3404 470 3505 509 nos

262 556 350 607 καὶ
372 553 578 607 πάντων
604 569 668 620 γε
702 553 893 607 ὀπόσοι
936 554 1035 623 τὴν
1061 553 1263 625 ἔχθραν
1300 554 1521 626 ᾑροῦντο
1569 554 1688 608 τότε
1729 556 1828 625 τὴν

259 646 374 701 καθ’
403 645 579 716 ἡμῶν.
613 663 633 696 ι
680 647 775 717 Μὴ
816 650 875 700 ὲν
909 651 1169 718 ποταμοῖς
1220 649 1498 720 ὀργισθῇς,
1555 651 1746 719 Κύριε,
1795 649 1828 718 ἢ

258 741 313 791 ἐν
342 739 598 806 ποταμοῖς
629 739 661 789 ὁ
692 737 863 808 θυμός
894 755 1008 801 σου,
1046 738 1123 807 (p.
1164 740 1287 809 376)
1322 739 1354 810 ἢ
1391 743 1447 793 ὲν
1493 741 1735 812 θαλάσσῃ
1770 739 1831 793 τὸ

258 826 477 896 ὅρμημα
501 842 602 913 σου
628 844 645 893 ;
686 847 705 878 ι
745 827 907 890 Ἔθος
933 845 1014 882 σοι
1047 831 1185 882 κατᾶ
1220 831 1478 900 ποταμῶν
1509 831 1599 883 καὶ
1628 828 1830 883 θαλάσ-

260 934 352 984 σης
396 918 497 988 τὴν
530 918 704 988 ὀργὴν
754 919 1155 972 ἐπιδείκνυσθαι
1202 919 1298 992 τὴν
1339 922 1578 975 οίκείαν”
1630 922 1690 974 τὸ
1722 920 1830 991 γὰρ

263 1028 280 1059 ι
321 1008 393 1077 μὴ
424 1010 484 1060 ὲν
514 1012 803 1079 ποταμοῖς,
836 1028 856 1062 ι
888 1011 1008 1063 ἀντὶ
1044 1011 1159 1073 τοῦ,
1197 1013 1310 1065 Ούκ
1339 1013 1395 1065 ὲν
1435 1015 1695 1082 ποταμοῖς
1737 1013 1832 1065 καὶ

258 1100 497 1171 θαλάσσῃ
516 1101 747 1153 πάντοτε
770 1102 869 1171 τὴν
894 1102 1063 1172 ὀργὴν
1087 1105 1181 1155 καὶ
1203 1103 1292 1154 τὸν
1320 1102 1489 1173 θυμὸν
1512 1100 1830 1167 ἐπιδέδειξαι

261 1191 534 1261 βουληθεὶς
557 1192 653 1243 τὸν
677 1193 894 1251 οἰκεῖον.
933 1193 1156 1260 Ἐπάγει
1183 1192 1315 1259 γοῦν
1333 1210 1346 1222 ·
1380 1212 1400 1244 ι
1439 1193 1558 1244 ’Ὁτι
1593 1191 1830 1263 ὲπιϐἠσῃ

260 1283 342 1332 ἐπὶ
359 1283 489 1343 10’s.;
524 1280 739 1343 ἵππους
767 1296 884 1343 σου,
918 1281 1010 1333 καὶ
1032 1285 1064 1351 ἡ
1110 1282 1343 1335 ῑππασία
1378 1299 1469 1335 σου
1518 1282 1779 1352 σωτηρία.
1805 1300 1824 1332 ι

262 1372 368 1424 Ὄτ⁹
388 1370 460 1424 ἂν
491 1371 601 1440 γὰρ
618 1371 906 1443 βουληθῇς,
927 1374 1108 1444 φησιν,
1139 1371 1327 1444 ὥσπερ
1353 1375 1438 1442 ἐφ’
1459 1374 1637 1426 ἵππων
1670 1373 1831 1426 τινῶν

262 1463 549 1517 ἐπιϐαίνων
576 1466 698 1526 ταῖς
726 1465 976 1535 ἀοράτοις
1006 1466 1097 1519 καὶ
1122 1467 1521 1536 λειτουργικαῑς
1543 1465 1831 1535 δυνάμεσιν

262 1554 593 1619 ὲπιτάττεις³
636 1558 686 1610 οἱ
730 1557 787 1609 δὲ
835 1558 1040 1621 πάντας
1084 1559 1182 1628 μὲν
1225 1558 1435 1629 ἁθρόως
1467 1558 1830 1629 τιμωροῦνται

408 1648 719 1712 ἐναντίους*
752 1650 994 1721 σωτηρία
1016 1651 1076 1703 δὲ
1117 1649 1363 1704 ἐντεῦθεν
1390 1650 1687 1719 ἐπιγίνεται
1720 1654 1831 1714 τοῖς

262 1738 380 1798 σοῖς.
424 1755 447 1788 ι
493 1737 778 1791 Ἐντείνων
818 1741 1049 1802 ἑντενεῐς
1087 1741 1150 1792 τὸ
1185 1739 1337 1805 τόξον
1366 1756 1461 1793 σου
1490 1741 1581 1793 ἐπὶ
1608 1740 1675 1793 τὰ
1700 1741 1831 1812 σκῆο

263 1834 415 1897 κτρα,
450 1826 603 1894 λέγει
654 1826 876 1899 Κύριος.
915 1847 935 1881 ι
972 1829 1227 1899 Συπχέσι
1275 1830 1332 1883 δὲ
1371 1833 1492 1892 ταῖς
1544 1830 1833 1902 τιμωρίαις

262 1916 662 1980 κατακοντίζεις
681 1918 807 1981 τοὺς
848 1920 906 1970 ὲν
948 1917 1196 1989 βασιλείᾳ
1234 1921 1328 1972 καὶ
1375 1918 1660 1990 δυναστείᾳ
1702 1919 1835 1972 καθ-

262 2010 470 2063 εστάναι
522 2008 849 2072 omniin-acu
874 2029 892 2060 ι
926 2011 1197 2081 Ποταμοῖς
1246 2012 1539 2082 ῥαγήσεται
1587 2013 1621 2081 ή
1810 2029 1828 2061 ι

264 2094 418 2154 ἀπε
454 2100 569 2153 τῶν
610 2100 876 2170 ποταμῶν
921 2101 1022 2172 τὴν
1072 2102 1349 2173 ἀναίρεσιν
1397 2104 1461 2155 ἐκ
1511 2103 1609 2171 τῆς
1666 2102 1836 2172 ὀργῆς

264 2191 449 2263 ἀθρόον
476 2191 771 2262 γινομένην
798 2191 897 2263 τῆς
928 2192 1029 2262 σῆς
1054 2192 1342 2265 διαρρῆξαι
1394 2192 1491 2263 τὴν
1533 2192 1635 2263 γῆν
1654 2209 1667 2223 ·
1717 2191 1835 2254 ἔθος

266 2282 360 2352 γὰρ
396 2282 561 2336 τοῦτο
582 2285 662 2353 τῇ
696 2285 769 2353 γῇ
804 2283 1144 2353 μειωθέντων
1175 2283 1466 2354 ὑπομένειν
1494 2283 1602 2335 τῶν
1632 2281 1839 2336 ὑδάτων

268 2374 362 2424 άπὸ
377 2371 477 2442 τῆς
496 2371 968 2443 ἐπακολουθούσης
988 2369 1283 2444 ξηρότητος
1298 2372 1556 2444 ὕστερον.
1587 2390 1607 2422 ι
1636 2371 1834 2440 Ὄψον-

270 2463 346 2515 ut
383 2480 443 2516 σε
488 2466 592 2517 καὶ
622 2463 943 2534 ὠδινήσαουσι
976 2464 1110 2518 λαοί.
1158 2484 1178 2516 ι
1241 2465 1328 2517 Ἐν
1364 2464 1576 2527 ὀδύναις
1625 2456 1835 2516 εσονται

273 2553 519 2616 πλεῖστοι,
580 2553 714 2607 οὐδὲ
757 2554 856 2624 τὴν
912 2555 1173 2627 πρόσοψιν
1229 2558 1470 2623 ἐνεγκεῖν
1521 2554 1836 2625 δυνηθέντος

273 2644 364 2711 τὴν
410 2644 533 2714 σήν.
588 2644 665 2713 (ι).
712 2644 842 2713 577)
891 2663 911 2697 ι
942 2645 1255 2717 Σκορπίζων
1293 2644 1464 2700 ὕδατα
1525 2646 1765 2716 πορείας.
1813 2664 1830 2696 ι

293 2732 583 2800 ’Δφανίζεις
616 2734 726 2805 γὰρ
760 2734 1041 2806 βουληθεὶς
1092 2736 1313 2791 ἃπασαν
1354 2736 1545 2799 ὕδατος
1585 2735 1832 2800 διέξοδον.

292 2840 312 2871 ι
350 2823 577 2878 Ἔδωκεν
606 2827 639 2896 ή
672 2825 909 2889 ἄϐυσσος
935 2827 1117 2898 φωνὴν
1146 2828 1337 2898 αὐτῆς,
1364 2827 1497 2897 ὕψος
1541 2826 1839 2897 φαντασίας

286 2916 460 2987 αὐτῆς.
493 2935 516 2968 ο
550 2918 678 2972 Τότε
728 2917 794 2989 δὴ
846 2920 942 2971 καὶ
984 2918 1218 2982 ἄϐυσσος
1263 2919 1453 2989 ὥσπερ
1494 2919 1616 2971 τινὰ
1654 2918 1837 2988 φωνὴν

280 3008 405 3062 κατά
450 3009 515 3062 τὸ
567 3009 795 3080 μέγεθος
845 3010 1043 3081 ἀφήσει
1094 3010 1156 3063 τὸ
1210 3012 1426 3077 οἰκεῖον,
1487 3009 1566 3081 τῷ
1612 3009 1836 3080 νεύματι

277 3098 874 3154 κλονουυένητῶσῶα
920 3102 934 3123 ’

453 3100 593 3171 μάνη
620 3100 698 3171 τῷ
724 3101 821 3172 σῷ.
852 3119 874 3153 ι
920 3100 1160 3173 Ἐπήρθη
1190 3103 1218 3155 ὁ
1242 3101 1412 3172 ἥλιος,
1445 3103 1542 3155 καὶ
1568 3103 1601 3171 ἡ
1637 3099 1834 3171 σελήνη

453 3209 496 3244 ιν
524 3194 592 3254 τῇ
627 3191 780 3254 τάξει
824 3191 1016 3254 αὐτῆς.
1049 3212 1068 3245 ι
1108 3192 1324 3254 Ἐπειδὴ
1368 3191 1512 3245 δύειν
1552 3191 1698 3254 λέγει
1743 3188 1834 3245 τὸν

1939 3099 2282 3164 angustiatis,
2323 3108 2473 3147 nunc
2536 3099 2653 3144 vult
2712 3099 2897 3143 dicere
2953 3099 3072 3138 lore
3102 3099 3163 3135 ut
3199 3099 3325 3142 ltus,
3374 3099 3512 3146 quo:

1939 3196 1995 3240 tu
2022 3185 2076 3238 in
2102 3183 2464 3254 prosperitate
2490 3179 2849 3243 constituisti,
2872 3175 3025 3232 solet
3044 3174 3174 3227 luna
3210 3166 3512 3225 secundum

274 3191 408 3244 ἔσται
435 3193 496 3244 ὲν
524 3194 592 3262 τῇ
627 3191 780 3256 τάξει
824 3191 1016 3262 αὐτῆς.
1049 3212 1068 3245 ι
1108 3192 1324 3262 Ἐπειδὴ
1368 3191 1512 3245 δύειν
1552 3191 1698 3259 λέγει
1743 3188 1834 3245 τὸν

274 3283 406 3352 ἥλιον
432 3286 552 3345 τοῖς
581 3284 643 3335 ἐν
674 3283 960 3352 ἀνάγκαις,
1002 3283 1236 3339 ἐνταῦθα
1274 3282 1430 3336 τοῦτο
1480 3280 1724 3354 βούλεται
1760 3283 1838 3333 εί-

275 3375 403 3437 πείν,
438 3375 525 3427 ὅτι
548 3374 672 3437 Τοῖς
705 3374 862 3447 παρὰ
892 3374 986 3428 σοῦ
1016 3378 1075 3428 ὲν
1108 3374 1386 3446 εὐπραγίᾳ
1421 3374 1838 3444 καθισταμένοις

275 3467 501 3533 φωτεινὰ
532 3466 675 3521 κατὰ
710 3466 815 3537 τὴν
836 3468 1043 3521 οίκείαν
1071 3467 1231 3538 φύσιν
1260 3470 1508 3536 φανεῖται
1540 3468 1568 3520 ὁ
1595 3466 1745 3537 ἥλιος
1777 3483 1837 3519 τε

274 3558 358 3610 καὶ
382 3561 414 3629 η
442 3559 670 3629 σελήνη.
698 3577 717 3611 ι
748 3559 847 3622 Et;
877 3558 993 3628 φῶς
1027 3559 1228 3630 βολίδες
1269 3576 1364 3612 σου
1388 3559 1770 3631 πορεύσονται·
1813 3576 1833 3609 ι

276 3649 577 3720 περιφανῶς
627 3649 723 3701 καὶ
767 3647 906 3719 μετὰ
960 3649 1160 3720 πολλῆς
1200 3651 1299 3720 τῆς
1331 3649 1709 3720 λαμπρότητος
1741 3649 1842 3699 ὲπι

274 3739 407 3803 άξεις
429 3739 536 3803 τὰς
563 3738 776 3811 πληγὰς
796 3740 906 3802 τοῖς
934 3739 1214 3803 ιναντίοις.
1241 3757 1261 3791 ι
1295 3739 1392 3802 Είς
1414 3740 1615 3807 φέγγος
1639 3737 1842 3807 ἀστρα-

274 3831 373 3901 πῆς
397 3832 585 3887 ὃπλων
612 3847 731 3884 σου.
767 3848 788 3881 ι
829 3830 1137 3902 Ἀστραπῆς
1170 3830 1324 3901 δίκην
1349 3828 1621 3898 ἐκλάμψει
1653 3843 1747 3880 σου
1773 3825 1841 3879 τὰ

274 3923 421 3989 ὅπλα,
448 3924 542 3976 ἵνα
566 3922 719 3992 εἴπῃ,
761 3922 824 3975 Ἦ
861 3923 999 3974 κατὰ
1030 3921 1139 3975 τῶν
1170 3920 1441 3991 πολεμίων
1479 3920 1647 3990 ίσχύς.
1690 3936 1708 3969 ι
1756 3918 1843 3970 Ἐν

274 4015 462 4087 ἀπειλῇ
513 4031 609 4068 σου
654 4013 937 4084 ὸλιγὼσεις
975 4017 1100 4085 γῆν.
1141 4014 1235 4067 κα)⁸
1289 4016 1346 4069 ἐν
1382 4012 1540 4084 θυμῷ
1595 4011 1845 4077 κατάξεις

276 4106 413 4179 ἔθνη.
453 4129 475 4161 ι
512 4108 703 4163 Πᾶσαν
745 4107 846 4178 τὴν
873 4106 975 4177 γῆν
1020 4107 1156 4177 μετὰ
1203 4107 1311 4160 τῶν
1351 4104 1642 4160 οἰκούντων
1678 4105 1846 4175 αὐτὴν

275 4198 552 4268 ὀργισθεὶς
585 4197 861 4268 ἀποφάσει
887 4199 1018 4269 μόνῃ
1052 4197 1330 4261 παντελῶς
1352 4196 1654 4260 ἀπολλύεις.

1930 558 2313 621 susceperunt.
2353 569 2371 600 ι
2405 547 2543 601 Num
2573 544 2889 599 ﬂuminibus
2921 543 3094 598 iratus
3119 558 3202 605 es,
3252 541 3500 604 Domine,

1931 660 2056 698 num
2089 639 2355 712 (inquam)
2392 639 2651 693 adversus
2666 634 2889 688 ﬂumina
2917 632 3071 686 furor
3104 642 3251 695 tuus,
3284 640 3339 686 et
3368 647 3503 685 cono

1929 742 2011 788 tra
2037 748 2185 788 mare
2211 733 2439 801 impetus
2473 728 2639 783 tuus?
2675 748 2691 778 ι
2725 725 2840 780 Mos
2871 725 2967 778 tibi
2996 733 3080 781 est
3107 724 3369 778 adversus
3403 720 3508 775 ﬂu-

1930 829 2076 879 mina
2108 832 2160 879 et
2188 837 2336 877 mare
2359 823 2493 874 iram
2524 810 2671 872 tuam
2696 816 3105 878 demonstrare;
3130 814 3179 868 id
3204 823 3287 869 est
3314 821 3503 868 contra

1932 914 2355 969 innumerabiles
2388 910 2614 983 pepulos
2645 909 2788 964 soles
2828 908 2999 962 iratus
3025 905 3322 977 potentiam
3355 915 3502 958 tuam

1930 1005 2233 1059 ostendere.
2273 1002 2407 1056 Nam
2458 999 2680 1062 locutio,
2709 1018 2725 1050 ι
2759 1013 2885 1051 num
2917 996 3253 1057 ﬂuminibus,
3292 1012 3311 1046 ι
3350 993 3505 1062 poni—

1930 1105 2022 1151 tur
2065 1094 2182 1165 pro,
2211 1090 2327 1146 Nan
2368 1090 2682 1146 ﬂuiiiinibus
2740 1098 2904 1158 atque
2936 1089 3073 1142 mari
3121 1086 3256 1139 iram
3290 1091 3506 1150 semper

1930 1185 2276 1253 furoremque
2314 1191 2464 1236 tuum
2496 1181 2577 1236 vis
2624 1180 3020 1233 demonstrare.
3076 1174 3239 1229 Addit
3273 1174 3454 1241 itaque
3486 1185 3501 1222 :

1936 1298 1954 1330 ι
1991 1278 2126 1345 Quia
2155 1274 2422 1332 ascendes
2444 1288 2607 1344 super
2625 1286 2796 1341 equos
2821 1278 2981 1335 tuos;
3013 1275 3067 1322 et
3097 1262 3362 1336 cquitatio
3388 1269 3501 1323 tua.

1929 1368 2179 1423 salvatio.
2202 1384 2220 1416 ι
2250 1363 2383 1418 Nam
2403 1377 2526 1417 cum
2551 1361 2810 1421 volueris.
2826 1348 3034 1426 inquit,
3054 1363 3312 1424 tauquam
3334 1364 3504 1419 equos

1929 1456 2191 1529 quosdam
2263 1453 2664 1517 conscendens.
2707 1448 3073 1505 invisibilibus
3132 1442 3504 1509 ministrisque

1930 1547 2223 1602 virtutibus
2243 1547 2475 1615 imperas
2504 1564 2517 1599 :
2552 1543 2634 1598 ba:
2656 1558 2785 1598 vero
2807 1550 3035 1596 cunctos
3062 1537 3245 1592 subito
3269 1533 3506 1605 puniunt

1934 1639 2322 1695 adversarios:
2365 1645 2527 1707 atque
2561 1636 2690 1690 hinc
2716 1633 2918 1705 populo
2960 1641 3054 1684 tuo
3084 1630 3234 1686 salus
3264 1635 3500 1681 creatur.

1937 1747 1959 1781 ι
2016 1727 2307 1783 lntendens
2358 1726 2606 1781 intendes
2668 1739 2857 1778 arcum
2910 1731 3061 1776 tuum
3121 1734 3285 1789 super
3344 1714 3503 1787 267

1935 1831 2173 1891 sceptra,
2205 1819 2339 1873 dicit
2369 1817 2659 1873 Dominus.
2697 1835 2715 1867 ι
2750 1813 3033 1885 Perpetuis
3058 1806 3507 1879 castigationibus

1936 1913 2126 1983 pulsas
2148 1925 2243 1966 eos
2272 1912 2368 1979 qui
2399 1900 2454 1964 in
2486 1923 2658 1979 regno
2687 1921 2751 1961 ac
2800 1910 3069 1977 potestate
3100 1896 3384 1956 constituti
3416 1897 3509 1949 vi—

1935 2006 2153 2060 dentur.
2191 2021 2209 2054 ι
2245 2000 2587 2057 Fluminibus
2611 1998 2890 2055 scindetur
2910 2006 3076 2051 terra.
3118 2012 3137 2044 ι
3166 1988 3508 2046 Fluminibus

1936 2103 2158 2166 repente
2188 2094 2257 2149 ab
2309 2095 2391 2148 ira
2421 2099 2512 2148 tua
2549 2090 2861 2158 exstinctis,
2885 2095 3029 2143 terra
3060 2082 3359 2140 scindetur.
3392 2077 3509 2133 Mos

1935 2189 2081 2244 enim
2112 2194 2198 2243 est
2231 2194 2292 2241 ut
2334 2185 2441 2241 hoc
2472 2194 2616 2240 terra
2645 2183 2905 2255 patiatur,
2939 2178 3240 2235 imminutis
3268 2176 3425 2243 aquis
3454 2181 3510 2226 et

1935 2287 2305 2350 consequente
2334 2292 2459 2331 mox
2506 2274 2774 2332 siccitate.
2812 2291 2832 2324 ι
2870 2270 3147 2327 Videbunt
3176 2274 3251 2334 te,
3280 2275 3333 2322 et
3356 2264 3507 2321 dole-

1936 2371 2072 2425 bunt
2118 2368 2323 2440 populi.
2367 2385 2385 2418 ι
2419 2362 2946 2419 Plurimidoloribus
2995 2358 3381 2428 corripientur,
3415 2370 3511 2407 nc-

1935 2476 2042 2531 que
2073 2458 2216 2513 ferre
2233 2463 2490 2528 poterunt
2537 2464 2818 2525 aspectum
2883 2464 3056 2507 tuum.
3096 2467 3117 2500 ι
3181 2447 3511 2516 Dispergens

1937 2562 2106 2620 aquas
2136 2549 2373 2604 itineris.
2410 2566 2428 2600 ι
2470 2544 2797 2608 Ρταεειυιιίε,
2825 2542 2871 2598 si
2903 2540 3044 2595 forte
3102 2538 3364 2599 volueris,
3392 2549 3514 2585 οιιι-

1938 2654 2060 2693 nem
2091 2652 2245 2707 aqua:
2275 2638 2502 2691 exitum.
2579 2652 2596 2685 ι
2642 2633 2796 2699 Dedit
2855 2631 3089 2701 abyssus
3114 2640 3299 2681 vocem
3332 2638 3509 2678 suam.

1936 2727 2166 2782 altitudo
2210 2726 2511 2797 phantasia:
2556 2722 2699 2794 ejus.
2748 2740 2768 2775 ι
2809 2718 2967 2773 Tunc
3022 2716 3245 2789 quidem
3275 2713 3513 2783 abyssus

1937 2822 2101 2876 etiam
2158 2832 2346 2873 vocem
2381 2815 2670 2888 quamdam
2719 2828 2818 2883 pro
2843 2825 2941 2867 sua
2965 2803 3335 2878 magnitudine
3367 2800 3513 2864 edet,

1938 2921 2076 2968 nutu
2122 2919 2219 2966 tuo
2246 2922 2535 2966 concussa.
2601 2924 2651 2981 ¢_
2692 2905 2949 2960 Elevatus
2986 2910 3072 2955 est
3096 2899 3202 2962 sol,
3271 2902 3327 2951 et
3386 2893 3514 2947 luna

1939 3005 2086 3058 stetit
2118 3003 2170 3055 in
2192 3000 2383 3055 ordine
2409 3014 2529 3055 suo.
2564 3016 2583 3052 ι
2618 2995 2886 3064 Quoniam
2919 2990 3001 3046 sol
3032 2987 3285 3045 occidere
3313 2983 3515 3039 dicitur

1936 3095 2282 3164 angustiatis,
2323 3108 2473 3147 nunc
2536 3091 2653 3144 vult
2712 3087 2897 3143 dicere
2953 3083 3072 3138 fore
3102 3087 3163 3135 ut
3198 3078 3325 3142 illis,
3374 3089 3516 3146 quos

1936 3275 2212 3346 propriam
2256 3282 2505 3328 naturam
2545 3269 2819 3342 splendidi
2872 3270 3193 3338 appareant.
3244 3277 3264 3311 ι
3304 3258 3363 3313 In
3393 3257 3515 3310 luce

1933 3367 2113 3436 Ῑιουιδ
2144 3375 2237 3421 tua
2274 3365 2446 3419 ibunt.
2490 3381 2508 3414 ι
2549 3360 2841 3432 Splendide
2882 3358 3160 3424 multaque
3192 3364 3316 3405 cum
3349 3348 3514 3402 clari-

1938 3467 2047 3514 tate
2076 3458 2263 3529 plagas
2295 3453 2621 3510 adversariis
2649 3452 2756 3507 tuis
2783 3450 3080 3517 impones.¢
3113 3444 3165 3495 ln
3197 3436 3515 3509 splendores

1939 3547 2345 3607 coruscationis
2388 3559 2668 3599 armorum
2721 3550 2961 3595 tuorum.
3005 3555 3022 3586 ›
3062 3531 3313 3601 Fulguris
3345 3529 3516 3581 instar

1940 3641 2304 3712 splendebant
2341 3652 2491 3690 arma
2558 3645 2670 3696 tua,
2708 3632 2868 3686 idest
2888 3634 3081 3682 contra
3136 3612 3323 3676 hostes
3359 3619 3517 3671 forti-

1942 3731 2092 3786 tudo.
2138 3748 2157 3780 ι
2196 3728 2257 3781 In
2281 3723 2706 3781 comminatione
2761 3727 2852 3773 tua
2888 3716 3181 3771 imminues
3207 3719 3428 3769 terram.
3462 3719 3517 3762 et

1942 3826 1998 3878 in
2031 3821 2216 3876 furore
2243 3830 2337 3872 tuo
2356 3815 2610 3889 detrahes
2675 3819 2882 3883 gentes.
2924 3826 2940 3859 ι
2972 3804 3288 3860 Universam
3312 3808 3514 3855 terram

1943 3929 2067 3970 cum
2128 3908 2326 3966 incolis
2379 3907 2518 3975 suis,
2544 3920 2670 3960 cum
2733 3902 2905 3957 iratus
2937 3896 3126 3961 lueris,
3158 3907 3266 3948 uno
3299 3892 3517 3947 decreto

1945 4017 2164 4074 pessum
2195 4000 2315 4055 das.

340 4259 491 4359 έτίχ.
530 4259 740 4357 ἰγ’-ιςλ
794 4316 862 4330 --
887 4259 932 4340 ἰ
987 4259 1240 4359 ίὲξῆλθες
1283 4259 1364 4351 είς
1416 4288 1686 4359 σωτηρίαν
1748 4286 1839 4341 τοῦ

2018 4273 2182 4339 V'sas.
2223 4277 2495 4334 l5—l6.—
2539 4292 2556 4325 ι
2590 4268 2856 4343 Egressus
2883 4283 2943 4324 es
2982 4267 3038 4322 in
3064 4265 3303 4331 salutem.
3327 4259 3515 4333 populi

280 4380 399 4435 λαοῦ
431 4399 566 4444 σου,
599 4380 694 4434 τοῦ
723 4381 895 4435 σῶσαι
940 4383 1069 4444 τοὺς
1107 4379 1359 4450 χριστούς
1391 4397 1506 4434 σου.
1545 4399 1563 4432 ι
1600 4380 1849 4433 Ἀπαντα

282 4471 381 4543 γὰρ
402 4472 669 4542 πράττεις
696 4473 789 4526 ἐπὶ
818 4472 1060 4544 σωτηρίᾳ
1086 4472 1181 4525 τοῦ
1208 4471 1409 4525 οἰκείου
1437 4471 1567 4524 λαοῦ
1590 4471 1693 4541 ,ἅτε
1721 4472 1849 4535 ἐξει-

283 4559 557 4631 λεγμὲνων
601 4561 757 4631 παρὰ
803 4561 928 4616 σοῦ’
991 4562 1245 4634 χριστοὺς
1291 4562 1400 4633 γὰρ
1444 4561 1680 4615 ἐνταῦθα
1724 4565 1849 4626 τοὺς

287 4652 698 4725 ἐξειλεγμένους
735 4652 906 4722 λέγει,
961 4654 1024 4707 οὐ
1066 4655 1193 4715 τοὺς
1234 4653 1662 4724 κεχρισμένους·
1707 4651 1782 4716 ὡς
1823 4656 1851 4707 ὁ

291 4748 550 4817 μακάριος
579 4743 743 4798 Δαυτδ
772 4744 899 4814 περί
918 4762 978 4796 τε
1001 4743 1097 4797 τοῦ
1140 4744 1387 4815 Ἀϐραὰμ
1422 4745 1515 4797 καὶ
1538 4742 1632 4796 τοῦ
1671 4743 1853 4798 Ἰσαὰκ

288 4838 373 4889 καὶ
403 4835 501 4890 τοῦ
548 4834 762 4895 Ἰακὼϐ,
797 4835 989 4902 λέγων,
1024 4852 1044 4885 ι
1093 4835 1184 4905 Μὴ
1213 4834 1448 4889 ἅπτεσθε
1478 4834 1585 4888 τῶν
1617 4834 1854 4904 χριστῶν

295 4942 388 4995 μου
410 4967 426 4992 ,
457 4928 555 4981 καὶ
590 4929 648 4979 ἐν
671 4929 789 4989 τοῖς
815 4927 1122 4997 προφήταις
1155 4943 1255 4996 μου
1283 4926 1357 4996 μὴ
1388 4925 1753 4997 πονηρεύεσθε
1778 4943 1790 4955 ·
1830 4945 1848 4977 ι

292 5017 541 5082 χριστοὺς
561 5016 660 5085 οὐχ
679 5015 757 5077 ὡς
782 5015 1194 5086 κεχρισμένους,
1225 5013 1336 5066 ἀλλ’
1351 5014 1425 5077 ὡς
1450 5014 1854 5084 ἐξειλεγμένους

293 5101 481 5167 αὐτοὺς
524 5102 787 5175 εἰρηκώς.
826 5107 902 5172 (p.
960 5102 1107 5171 378)
1144 5122 1164 5154 ι
1225 5102 1457 5166 Ἐϐαλες
1488 5105 1567 5166 είς
1613 5103 1854 5171 κεφαλὰς

295 5193 505 5261 ἀνόμων
533 5194 785 5248 θάνατον.
817 5213 838 5245 ι
883 5194 1054 5264 ’Υπὲρ
1081 5193 1269 5246 τούτου
1302 5193 1514 5262 θανάτῳ
1544 5194 1853 5264 περιϐαλεῖς

296 5282 415 5345 τοὺς
447 5285 741 5346 ἐναντίους.
788 5301 807 5334 ι
856 5285 1167 5355 Έξήγειρες
1199 5286 1430 5356 δεσμοὺς
1453 5287 1557 5348 ἓως
1580 5285 1852 5356 τραχήλου

301 5370 373 5433 εἰς
398 5372 573 5436 τέλος.
604 5394 624 5425 ι
650 5375 762 5427 Καὶ
787 5373 1038 5445 δεσμίους
1064 5376 1261 5438 αὐτοὺς
1284 5376 1613 5445 ἡττηθέντας
1646 5377 1858 5443 ἀποφα-

303 5463 427 5524 νεῖς.
458 5480 481 5512 ι
511 5464 782 5534 Διὲκοψας
819 5467 876 5518 ἐν
926 5467 1180 5521 ἐκστάσει
1223 5467 1461 5535 κεφαλὰς
1491 5452 1783 5520 δυναστῶν.
1834 5488 1851 5518 ι

305 5544 437 5614 ’τοὺς
472 5554 724 5626 πρότερον
760 5555 1179 5621 δυναστεύοντας
1211 5556 1350 5610 οὕτω
1378 5560 1441 5626 τῇ
1482 5556 1676 5610 σαυτοῦ
1719 5558 1851 5624 ὀργῇ

410 5723 456 5755 ι’
488 5723 629 5783 Psal.
670 5745 778 5796 etv,
817 5728 901 5784 l5.

1947 4376 2047 4440 tui,
2083 4373 2152 4428 ad
2183 4368 2476 4427 salvandos
2500 4365 2738 4443 christos
2769 4369 2910 4417 tuos.
2941 4379 2960 4411 ι
2987 4357 3182 4413 Omnia
3214 4370 3311 4425 pro
3343 4355 3518 4408 salute

1948 4464 2151 4535 proprii
2200 4460 2387 4532 papuli
2426 4458 2562 4528 agis,
2616 4455 2707 4524 qui
2744 4460 2963 4507 constat
3004 4466 3069 4506 ex
3109 4448 3298 4503 electis
3359 4444 3467 4495 tuis
3501 4460 3513 4495 :

1948 4555 2187 4610 cliristos
2206 4551 2353 4606 enim
2389 4548 2479 4603 hic
2501 4547 2702 4602 electos
2724 4541 2977 4615 appellat,
3000 4555 3108 4592 non
3139 4552 3266 4590 vero
3301 4541 3515 4587 unctos.

1949 4646 2104 4702 Sicut
2126 4645 2319 4700 beatus
2346 4639 2517 4696 David
2556 4639 2625 4694 de
2652 4635 2981 4699 Abrahamo,
3013 4632 3201 4685 lsaaco
3231 4634 3283 4681 et
3311 4623 3516 4679 Jacobo

1949 4739 2177 4809 loquens
2205 4750 2218 4789 :
2252 4751 2269 4782 ι
2292 4731 2489 4798 Nolite,
2510 4728 2708 4800 inquit;
2728 4735 2951 4797 tangere
2975 4722 3213 4777 christos
3268 4732 3437 4780 meos,
3466 4720 3519 4768 et

1949 4804 2311 4901 in-prophetis
2336 4824 2473 4880 meis
2493 4822 2662 4877 nolite
2697 4816 2979 4887 malignari
3010 4813 3092 4879 ";
3123 4831 3141 4863 ι
3177 4808 3413 4864 christos
3441 4804 3519 4857 vi-

1949 4897 2147 4978 delicet
2183 4935 2277 4974 eos
2336 4915 2634 4987 appellans.
2685 4926 2795 4965 non
2837 4908 2964 4978 quia
2995 4914 3210 4964 unctos,
3268 4899 3360 4955 sed
3390 4897 3518 4966 quia

1949 5015 2174 5067 electos.
2224 5028 2242 5059 ι
2290 5007 2487 5060 Misisti
2533 5005 2586 5058 in
2635 5002 2813 5069 capita
2853 4998 3163 5067 iniquorum
3214 4998 3462 5044 mortem.
3494 5005 3512 5037 ι

1952 5103 2246 5173 Propterea
2307 5096 2653 5153 adversarios
2690 5101 2863 5147 morte
2897 5086 3211 5156 occupabis.
3247 5099 3266 5133 ι
3327 5078 3519 5133 Ξυεεὶι

1954 5169 2078 5246 tasli
2105 5187 2323 5244 vincula
2351 5200 2521 5254 usque
2551 5184 2616 5237 ad
2657 5183 2878 5241 collum,
2913 5179 2965 5230 in
2997 5175 3176 5228 tinent.
3224 5190 3242 5222 ι
3284 5169 3521 5238 Supera-
3599 5180 3605 5189 ’

1955 5293 2041 5337 tos
2072 5298 2100 5335 a
2137 5288 2209 5343 te,
2240 5278 2454 5334 vinctos
2490 5276 2653 5329 etiam
2706 5269 3029 5325 ostentabis.
3074 5264 3238 5336 248
3263 5280 3282 5313 ι
3323 5257 3522 5314 Praeci-

1956 5374 2082 5428 disti
2113 5372 2166 5425 in
2202 5378 2423 5439 stupore
2457 5366 2635 5433 capita
2665 5361 2992 5430 principum.
3037 5378 3055 5409 ›
3100 5358 3204 5410 Eos
3237 5351 3331 5423 qui
3364 5355 3524 5403 antea

1958 5462 2395 5520 dominabantur,
2449 5465 2554 5509 tam
2586 5453 2929 5508 vehementer
2960 5452 3041 5504 ira
3075 5457 3165 5503 tua
3212 5440 3522 5501 concidisti.

1968 5567 2021 5610 ut
2055 5553 2306 5609 omnibus
2337 5560 2526 5615 stupor
2569 5544 2748 5600 fuerit.
2788 5562 2804 5593 ι
2856 5538 3193 5597 Relaxabunt
3225 5536 3371 5591 l'rena
3400 5544 3524 5594 sua.
