4022 6138
302 300 414 357 449

1299 292 1847 351 COMMENTARIUS
1884 290 1950 346 ΙΝ
1991 289 2355 348 501³11οΝἰῶ
2387 293 2539 349 CAP.
2581 294 2622 352 Ι.

3457 305 3561 361 450

310 415 486 480 ὀξεῖαν
519 413 618 484 τὴν
677 414 892 468 ἐκεῖθεν
940 411 1287 483 ἀναχώρησιν
1329 411 1715 481 ποιουμένους·
1753 408 1886 479 ὕψη·

1991 408 2188 462 toriam
2221 410 2383 464 nobis
2407 410 2478 465 de
2500 411 2774 480 hostibus,
2805 422 3001 484 praeter
3026 431 3242 472 omnem
3271 417 3562 478 humanm

313 507 560 576 λοτέρους
591 505 648 557 δέ
696 506 848 575 ἡμᾶς
900 506 1115 560 πάντων
1162 503 1454 574 ἀποφαίνει
1476 544 1491 563 ,
1529 501 1670 555 ὥστε
1724 501 1888 571 μηδὲν

1996 513 2170 568 spem,
2199 503 2488 557 concessit.

309 593 492 665 ιτερον
535 593 669 661 ἡμῖν
715 593 1009 663 ἁρμόττειν
1042 591 1247 657 λοιπὸν,
1286 593 1318 662 ἢ
1373 591 1435 644 τὸ
1461 592 1524 643 ἐν
1558 590 1721 660 ᾠδαῖς
1761 589 1856 643 καὶ
1887 588 2078 658 ὕμνοις
2115 585 2256 642 εἰναι
2296 594 2410 654 τοῖς
2449 594 2818 664 όφειλομένοις
2859 598 2937 667 τῷ
2973 598 3122 669 Θεῷ·
3181 601 3323 674 ὑπὲρ
3363 595 3441 659 ὧν
3466 601 3570 678 τὴν

308 683 453 737 κατά
481 683 584 737 τῶν
608 684 828 754 ἐχθρῶν
856 683 966 737 τῶν
1001 684 1282 754 ἡμετέρων
1316 683 1473 754 νίκην
1506 681 1660 754 παρά
1701 684 1882 735 πᾶσαν
1909 679 2261 753 ἀνθρωπίνην
2303 683 2496 740 ἐλπίδα
2527 687 2939 760 δέδωκενήμίν.

323 897 3553 936 Μ

827 1065 1391 1152 ΕΡΜΗΝΕΙΑ
1462 1062 2036 1150 ΣῡΦΟΝΙΟΥ
2133 1063 2361 1150 ΤΟΥ
2416 1065 3034 1152 ΠΡΟΦΗΤΟΥ

324 1434 1452 1557 COMMENTARIUS
1512 1369 1660 1557 lN
1731 1442 2556 1560 SOPHONIAM
2639 1447 3550 1562 PROPHETAM.

386 1829 459 1882 υῦ
487 1829 674 1899 πόρῤω
703 1828 798 1882 τοῦ
824 1831 1096 1903 μακαρίου
1139 1834 1459 1908 Ἀμϐακοῦμ
1484 1837 1560 1910 τῷ
1586 1841 1763 1912 χρόνῳ
1790 1840 1888 1911 τὴν

2063 1840 2220 1897 Haud
2251 1843 2443 1914 procul
2477 1843 2620 1898 beati
2646 1841 2921 1899 Habacuci
2948 1800 3193 1913 tempore
3222 1845 3561 1915 prophetiam

318 1921 650 1992 προφητείαν
676 1922 879 1993 ταύτην
910 1924 938 1976 ό
967 1924 1235 1997 μακάριος
1269 1931 1562 2000 πεποίηται
1594 1932 1880 2001 Σοφονίας·

315 2017 404 2068 ἐπὶ
435 2016 544 2086 γὰρ
585 2016 792 2070 Ἰωσίου
824 2015 918 2070 τοῦ
954 2017 1217 2088 βασιλέως
1243 2023 1345 2092 τῆς
1391 2025 1671 2092 Ἰουδαίας,
1702 2029 1885 2092 καθὼς

318 2107 349 2175 η
402 2107 594 2170 Βίϐλος
649 2108 818 2179 δηλοῖ,
869 2112 1306 2182 προφητεύειτά
1353 2118 1627 2188 παρόντα⁶
1667 2121 1783 2191 μεθ’
1826 2121 1885 2174 δν

318 2198 547 2268 βραχέος
575 2198 951 2269 διεληλυθότος
979 2204 1195 2273 χρόνου,
1230 2207 1308 2276 (p.
1354 2208 1480 2276 38l)
1520 2210 1885 2283 ἐπεληλύθασί

311 2306 370 2342 τε
402 2294 469 2361 τῇ
529 2292 889 2364 ⁹ιερουσαλείιιμ
933 2295 983 2348 οί
1016 2295 1371 2363 Βαϐυλώνιοι,
1408 2303 1502 2355 καὶ
1534 2303 1756 2358 πλεῖστα
1786 2306 1888 2359 ὅσα

315 2380 455 2433 κατά
477 2382 578 2453 τὴν
621 2383 793 2436 Ἰούδα
843 2385 1116 2450 διαθέντες
1145 2389 1338 2461 φυλὴν,
1393 2393 1488 2446 καὶ¹
1518 2394 1746 2459 πολλοὺς
1788 2397 1886 2466 μὲν

315 2472 611 2538 ἀνελόντες,
652 2474 939 2538 πλείστους
967 2478 1023 2531 δέ
1062 2481 1440 2550 ἀπαγαγόντες
1473 2485 1850 2556 αἰχμαλώτους
1869 2527 1884 2549 ,

316 2565 484 2636 αὑτήν
522 2583 583 2618 τε
631 2566 945 2638 ἐπόρθησαν
986 2569 1084 2641 τὴν
1147 2572 1502 2645 Ἰερουσαλὴμ
1524 2615 1538 2639 ,
1569 2578 1663 2629 καὶ
1699 2577 1763 2648 δὴ
1795 2579 1888 2631 καὶ

318 2659 455 2728 πυρὶ
478 2659 567 2710 τόν
595 2675 654 2710 τε
692 2658 819 2736 ναὸν
843 2660 936 2727 τὸν
962 2659 1102 2715 θεῖον
1135 2664 1227 2717 καὶ
1255 2664 1364 2716 τῶν
1391 2666 1490 2736 τῆς
1508 2668 1714 2731 πόλεως
1747 2672 1889 2722 οἰκο-

323 2747 644 2818 δομημάτων
664 2735 732 2804 τά
761 2751 1023 2806 κάλλιστα
1050 2753 1384 2823 κατέφλεξαν
1415 2735 1649 2812 ἅπαντα·
1681 2759 1760 2812 ἐτι
1796 2761 1890 2813 καὶ

329 2837 394 2890 τὸ
446 2843 608 2909 τεῖχος
653 2841 823 2912 αὐτῆς
881 2842 1161 2906 παντελῶς
1217 2846 1574 2912 καθελόντες,
1627 2849 1704 2913 ὡς
1753 2849 1889 2920 μηδέ

1983 1933 2126 1989 banc
2170 1935 2364 1989 beatus
2417 1934 2548 1989 fecit
2579 1933 2919 2004 Sophonias:
2969 1947 3096 1988 nam
3129 1934 3232 1990 sub
3259 1933 3409 1990 Josia
3435 1951 3563 2006 rege

1983 2020 2202 2089 Iudaeae,
2217 2024 2360 2079 sicut
2377 2024 2514 2079 liber
2530 2025 2888 2090 demonstrat,
2907 2025 3191 2094 praesentia
3210 2026 3558 2080 vaticinatur.

1984 2117 2118 2171 Post
2144 2132 2306 2186 quem
2333 2116 2484 2171 brevi
2525 2117 2850 2188 interposito
2899 2119 3098 2188 spatio,
3161 2118 3560 2188 expeditionem

1987 2207 2234 2262 fecerunt
2265 2208 2527 2264 adversus
2561 2209 2900 2265 Hierusalem
2930 2209 3238 2280 Babylonii.
3283 2210 3562 2280 plurimis-

1986 2315 2094 2370 que
2141 2300 2386 2355 cladibus
2431 2299 2585 2355 Judze
2630 2302 2832 2356 tribum
2881 2301 3204 2368 an‘ecerunt,
3259 2302 3561 2357 interfectis

1986 2390 2212 2457 multis,
2270 2391 2523 2461 plurimis
2575 2392 2630 2445 in
2666 2391 2830 2462 250
2859 2394 3230 2462 captivitatem
3285 2392 3561 2454 abductis.

1987 2483 2104 2554 ipsa
2134 2492 2349 2538 vastata
2372 2483 2740 2549 Hierusalem,
2770 2486 2972 2554 templo
2990 2485 3178 2540 divino
3203 2485 3559 2548 inflammato,

1986 2587 2034 2631 et
2072 2577 2453 2646 pulcherrimis
2486 2577 2641 2632 urbis
2675 2576 2922 2633 aediliciis
2969 2578 3094 2648 igne
3119 2579 3416 2633 crematis:
3466 2579 3561 2632 de—

1989 2669 2153 2736 nique
2191 2668 2466 2722 moenibus
2515 2669 2676 2723 etiam
2727 2667 2975 2724 funditus
3027 2670 3244 2732 dirutis,
3302 2686 3368 2724 ne
3413 2668 3560 2739 quod

1990 2759 2269 2813 munimen
2327 2760 2539 2822 incolae,
2581 2762 2627 2814 si
2681 2759 2820 2817 forte
2870 2761 3037 2830 aliqui
3092 2761 3308 2823 vellent,
3364 2761 3566 2816 habere

1992 2861 2235 2919 possent.
2277 2850 2537 2921 Sequitur
2571 2867 2702 2906 vero
2727 2862 3027 2908 consuetus
3054 2852 3177 2907 libri
3209 2853 3420 2907 titulus.

325 2934 615 3003 ἀσφάλειάν
668 2953 789 2990 τινα
831 2939 958 3000 τοὺς
1003 2939 1376 3005 ἐνοικοῦντας,
1429 2943 1588 3015 εἰπερ
1621 2939 1714 2998 οὖν
1759 2961 1904 3008 τινες
1945 2945 2260 3016 ἐπιθυμοῖεν
2304 2947 2515 3011 τούτου,
2562 2947 2818 3002 δύνασθαι
2861 2947 3028 3018 ἔχειν.
3068 2947 3220 3016 Αὕτη
3259 2949 3360 3014 μιν
3399 2941 3494 3000 οὖν
3524 2945 3558 3012 ἡ

321 3032 555 3102 συνήθης
586 3033 885 3105 προγραφὴ
921 3033 1016 3086 τοῦ
1058 3035 1295 3104 βιϐλίου.

975 3126 1128 3182 ΚΕΦ.
1160 3127 1238 3182 A'.

386 3215 534 3287 Στίχ.
575 3215 727 3286 αὀγ’.
768 3247 838 3258 -
870 3237 889 3269 ι
945 3219 1114 3286 Λόγος
1150 3221 1357 3292 Κυρίου
1399 3222 1457 3286 ὃς
1495 3223 1712 3292 ἐγένετο
1753 3227 1890 3296 πρὸς

320 3305 578 3375 Σοφονίαν
600 3308 692 3360 τὸν
709 3307 804 3361 τοῦ
825 3309 1015 3373 Χουσὶ,
1045 3310 1157 3363 υἱὸν
1184 3312 1448 3377 Γοδολίου,
1478 3314 1573 3367 τοῦ
1605 3317 1888 3386 ’Δμαρίου,

319 3399 410 3451 τοῦ
454 3399 718 3465 Ἐζεκίου,
750 3403 809 3454 ἐν
836 3402 1068 3472 ἡμέραις
1114 3404 1316 3457 Ἰωσίου
1365 3405 1482 3458 υίοῦ
1523 3407 1702 3479 Ἀμὼς
1731 3409 1886 3479 βασι-

323 3489 455 3596 λέως
498 3491 865 3598 ἸούδαχιηξεΝ
917 3486 998 3555 οἷς
1045 3492 1310 3563 δεδήλωκε
1359 3495 1451 3549 τόν
1499 3513 1559 3549 τε
1605 3499 1889 3569 προφήτην
1918 3535 1965 3598 c

323 3581 464 3644 ὅστις
494 3582 610 3633 ἐστὶ
639 3581 735 3633 καὶ
768 3579 891 3634 ὅθεν
926 3583 1296 3653 καταγόμενος
1329 3586 1420 3638 καὶ
1460 3588 1518 3640 ἐν
1555 3587 1661 3640 τίνι
1715 3589 1892 3659 καιρῷ

325 3672 553 3723 ποιεῖται
588 3671 688 3739 τὴν
725 3670 1080 3739 προφητείαν.
1130 3672 1394 3743 Ἀρχεται
1421 3675 1478 3727 δὲ
1503 3676 1604 3746 τῆς
1631 3675 1742 3729 τῶν
1770 3679 1893 3730 ἐσο-

329 3762 498 3830 μένων
553 3762 914 3832 προρρήσεως
960 3761 1162 3827 οὕτως·
1228 3782 1247 3814 ι
1301 3765 1570 3835 Ἐκλείψει
1627 3769 1892 3822 ἐκλιπέτω

330 3851 497 3904 πάντα
526 3851 634 3905 ἀπὸ
661 3850 957 3922 προσώπου
986 3852 1087 3922 τῆς
1130 3854 1257 3924 γῆς,
1299 3855 1448 3924 λέγει
1481 3857 1707 3928 Κύριος.
1750 3879 1769 3911 ι
1797 3861 1892 3912 Γε-

329 3945 548 4010 γόνεσαν
579 3943 679 4012 μὲν
711 3942 822 4013 γὰρ
854 3943 1186 4012 αἰχμάλωτοι
1218 3947 1494 4010 παντελῶς
1528 3951 1582 4002 αί
1617 3949 1749 4004 δέκα
1792 3970 1892 4019 φυσ

330 4034 444 4086 λαί·
480 4034 886 4104 κεκρατηκότες
934 4035 991 4088 δὲ
1047 4038 1268 4091 ἐκείνων
1334 4039 1608 4112 Ἀσσύριοι
1657 4043 1890 4113 ἐπῆλθον

335 4123 428 4192 μὲν
453 4123 544 4176 καὶ
573 4125 640 4193 τῇ
695 4123 1051 4194 Ἰερουσαλὴμ
1091 4124 1166 4188 ὡς
1196 4126 1512 4198 αἱρήσοντες
1543 4131 1635 4182 καὶ
1662 4132 1886 4202 ταύτην.

343 4215 423 4278 'tl;
456 4215 510 4267 δὲ
543 4214 641 4285 τὴν
673 4213 912 4286 φοϐερὰν
941 4215 1155 4289 ἐκείνην
1203 4219 1450 4283 ἐδέξαντο
1481 4221 1570 4275 διὰ
1599 4223 1692 4275 τοῦ
1725 4227 1892 4294 ἀγγέ-

333 4304 417 4358 λου
456 4305 701 4377 πληγὴν,
760 4307 897 4376 μετά
943 4307 1138 4362 πολλοῦ
1176 4311 1274 4380 μὲν
1313 4312 1407 4365 τοῦ
1451 4313 1603 4377 δέους
1654 4312 1794 4370 εἶδον
1840 4320 1889 4371 oi

334 4402 495 4455 λοιποὶ
525 4401 663 4472 πρὸς
704 4401 882 4472 φυγὴν
919 4403 1103 4458 ὀπόσοι
1149 4423 1212 4473 γε
1267 4408 1368 4478 τῆς
1411 4409 1496 4463 διὰ
1537 4411 1630 4462 τοῦ
1660 4412 1888 4479 ἀγγέλου

334 4495 587 4565 τιμωρίας
632 4494 926 4562 γεγόνεσαν
957 4497 1138 4560 ἐκτός·
1176 4499 1233 4552 ἐν
1282 4501 1470 4571 εἰρήνῃ
1501 4501 1557 4554 δὲ
1593 4502 1784 4574 βαθείᾳ
1824 4503 1891 4556 τὰ

257 4647 259 4649 ι
336 4586 465 4637 κατά
508 4585 609 4655 τὴν
662 4585 1021 4655 Ἰερουσαλὴμ
1064 4587 1288 4654 γέγονεν
1334 4591 1397 4642 ἐκ
1430 4590 1653 4645 τούτου·
1702 4593 1889 4663 ἐπειδὴ

334 4675 502 4727 τοίνυν
534 4676 657 4735 τοὺς
691 4674 792 4742 τῆς
825 4675 992 4727 Ἰούδα
1034 4676 1206 4746 φυλῆς
1237 4679 1362 4742 τούς
1385 4698 1444 4733 τε
1477 4683 1576 4750 τὴν
1619 4682 1889 4753 Ἰερουσα-

333 4759 433 4832 λὴμ
466 4761 751 4824 οἰκοῦντας
770 4801 786 4826 ,
829 4763 892 4815 οὐ
921 4763 1019 4832 τῆς
1047 4767 1316 4837 τιμωρίας
1345 4769 1453 4822 τῶν
1496 4770 1794 4841 Ἀσσυρίων
1829 4774 1889 4826 τὺ

2677 3128 2831 3185 CAP.
2861 3128 2902 3186 Ι.

2065 3221 2233 3278 Vsus.
2262 3221 2380 3276 1-5.
2409 3249 2479 3260 —-
2515 3238 2534 3272 ι
2556 3219 2794 3275 Verbum
2817 3218 3056 3287 Domini,
3085 3219 3229 3289 quod
3255 3219 3458 3276 factum
3482 3229 3568 3276 est

1991 3315 2058 3369 ad
2096 3313 2429 3382 Sophoniam
2464 3311 2634 3366 filium
2662 3312 2850 3376 Chusi,
2900 3311 2995 3366 ﬁlii
3031 3311 3144 3382 (49)
3175 3311 3436 3376 Godoliae,
3469 3312 3568 3366 ﬁlii

1991 3405 2252 3468 Amariae,
2295 3403 2388 3456 lilii
2436 3402 2666 3468 Execia,
2707 3404 2761 3457 in
2803 3403 2997 3458 diebus
3055 3402 3216 3456 Josire
3257 3402 3350 3456 ﬁlii
3381 3404 3568 3458 Ληιοεί

1991 3499 2137 3568 regis
2165 3494 2338 3550 Judae.
2362 3514 2380 3546 ›
2416 3494 2493 3548 Ex
2529 3494 2614 3549 bis
2640 3493 3050 3548 demonstratur
3082 3493 3207 3562 quis
3242 3491 3408 3547 fuerit
3437 3508 3571 3562 pro-

1995 3588 2155 3657 pheta
2202 3596 2256 3640 et
2285 3601 2314 3639 a
2341 3585 2542 3656 quibus
2573 3584 2800 3650 stirpem
2843 3583 3028 3648 ducat,
3081 3593 3133 3637 et
3182 3597 3292 3651 quo
3321 3590 3568 3652 tempore

1991 3677 2332 3746 prophetiam
2356 3677 2539 3729 faciat.
2568 3673 2860 3727 Exorditur
2884 3683 3064 3727 autem
3096 3671 3401 3727 futurorum
3431 3689 3568 3744 prte-

1993 3769 2284 3822 dictionem
2321 3767 2400 3820 sic
2429 3784 2443 3819 :
2482 3783 2500 3815 ι
2522 3762 2849 3818 Defectione.
2875 3762 3130 3817 deficiant
3161 3765 3342 3817 omnia
3368 3779 3398 3817 a
3428 3764 3568 3820 facie

1993 3847 2174 3919 terrae.
2211 3856 2343 3912 dicit
2388 3855 2673 3911 Dominus.
2696 3873 2714 3906 ι
2754 3853 2994 3924 Captiva
3018 3856 3128 3923 jam
3165 3865 3378 3911 cunctzr
3409 3865 3568 3911 erant

1993 3950 2178 4005 decem
2246 3949 2462 4013 tribus;
2535 3947 2775 4002 victores
2839 3955 3018 4000 autem
3082 3946 3297 4000 illarum
3354 3947 3565 4020 Assyrii

1993 4042 2235 4111 aggressi
2293 4048 2422 4095 sunt
2461 4039 2622 4092 etiam
2673 4036 3035 4102 Hierusalem,
3070 4051 3168 4092 ceu
3201 4038 3338 4091 hanc
3362 4039 3567 4108 pariter

1994 4134 2228 4201 capturi.
2279 4130 2576 4200 Postquam
2613 4140 2792 4184 autem
2825 4129 3127 4183 terribilem
3176 4130 3321 4182 illam
3353 4131 3566 4199 experti

1993 4232 2121 4279 sunt
2153 4225 2220 4277 ab
2267 4223 2458 4292 angelo
2490 4221 2721 4286 cladem,
2768 4220 2964 4290 reliqui
2993 4236 3117 4274 cum
3154 4221 3357 4290 ingenti
3393 4232 3562 4286 metu,

1991 4321 2261 4382 quotquot
2281 4321 2432 4365 extra
2464 4311 2640 4380 angeli
2673 4311 3201 4366 animadversionem
3232 4311 3469 4378 fuerunt,
3506 4313 3561 4366 in

1993 4403 2174 4472 fugam
2206 4402 2456 4455 conversi
2487 4410 2636 4456 sunt.
2667 4401 2802 4456 Exin
2833 4403 2940 4455 alta
2967 4402 3021 4455 in
3057 4417 3189 4471 pace
3223 4401 3326 4457 fuit
3363 4402 3562 4458 Hieru-

1945 4499 1947 4501 ’
1993 4495 2181 4548 salem.
2229 4492 2496 4557 Quoniam
2531 4495 2713 4562 itaque
2741 4492 2894 4547 Judze
2920 4493 3120 4547 tribum
3148 4501 3205 4546 et
3228 4494 3562 4550 Hierusalem

1992 4586 2140 4640 cives
2164 4583 2482 4656 magnitudo
2507 4599 2680 4652 pinnae
2703 4585 2944 4652 Assyriis
2969 4585 3236 4653 impositae
3257 4599 3365 4638 non
3386 4600 3568 4640 emen-

1991 4678 2160 4743 davit,
2220 4691 2324 4731 nec
2385 4676 2572 4730 decem
2620 4676 2880 4740 tribuum,
2920 4675 3211 4746 captivitas
3264 4676 3559 4740 terrefecit,

1991 4769 2460 4839 perstiteruntque
2492 4768 2635 4822 haud
2677 4769 2858 4823 minus
2895 4769 3003 4823 illis
3034 4767 3240 4838 injuste
3292 4768 3562 4838 impieque

338 4856 550 4924 μέγεθος
577 4854 962 4925 ἐσωφρόνισεν,
994 4855 1054 4907 οὑ
1078 4858 1185 4911 τῶν
1205 4857 1334 4912 δέκα
1360 4861 1540 4929 φυλῶν
1561 4863 1826 4934 ἐφόϐησεν
1849 4866 1884 4936 ἡ

1992 4865 2264 4928 viventes,
2325 4862 2452 4916 hinc
2481 4861 2795 4917 necessario
2824 4875 3060 4916 exorsus
3089 4867 3173 4916 est
3202 4861 3415 4924 dicens,
3467 4876 3564 4915 ne-

337 4942 694 5011 αίχμαλωσία,
714 4941 1054 5011 μεμενήκασι
1071 4942 1127 4994 δὲ
1139 4942 1291 4996 οὐθὲν
1311 4944 1525 4998 ἔλαττον
1547 4945 1769 4998 ἐκείνων
1784 4962 1891 4999 πα-

340 5030 558 5101 ρανομία
583 5047 641 5082 τε
665 5029 992 5100 καὶάσεϐείᾳ
1008 5029 1272 5095 συζῶντες
1294 5033 1386 5086 καὶ
1402 5027 1566 5095 οὗτοι,
1582 5033 1894 5100 ἀναγκαίως

338 5122 578 5174 ἐντεῦθεν
613 5121 818 5192 ἤρξατο
847 5122 1005 5174 τοῦτο
1034 5121 1226 5189 λέγων,
1270 5125 1350 5176 ὅτι
1394 5125 1606 5196 ἀνάγκη
1644 5126 1737 5178 καὶ
1765 5125 1894 5186 τοὺς

339 5208 660 5274 ὕπολοίπουᾳ
682 5210 926 5262 ἐκλιπεῖν
958 5209 1051 5262 τοῦ
1076 5209 1226 5272 λαοῦ,
1250 5211 1642 5282 ἀφαιρεθέντας
1675 5211 1773 5280 μέν
1795 5213 1894 5279 τῆς

337 5299 430 5370 γῆς
446 5303 543 5371 τῆς
560 5299 910 5368 ἐπαγγελίας,
947 5299 1289 5370 ἀπαχθέντας
1306 5301 1360 5353 δέ
1379 5304 1456 5364 εἰς
1482 5300 1856 5370 αἰχμαλωσίαν
1874 5315 1889 5329 ·

338 5391 510 5462 ἐπειδὴ
539 5395 630 5446 καὶ
653 5388 798 5446 οὗτοι
828 5393 1216 5462 μεμενηκότες,
1243 5392 1392 5444 οὐδὲν
1424 5392 1648 5444 ἐκείνων
1675 5391 1892 5444 ἔλαττον

335 5479 580 5554 ὤφθησαν
613 5483 957 5547 ἀσεϐοῦντες.
984 5485 1060 5553 (p.
1091 5483 1217 5553 38"2)
1250 5483 1439 5546 Καλῶς
1467 5484 1637 5537 δὲκαὶ
1676 5486 1733 5536 ἐν
1759 5485 1892 5535 ἀπο-

337 5575 487 5640 φάσει
508 5574 607 5644 τὴν
641 5578 871 5645 μήνυσιν
906 5579 1172 5628 ποιεῖταιο
1203 5575 1277 5637 ὡς
1312 5575 1621 5637 ἂνβεικνὺς
1653 5577 1733 5628 ὅτι
1766 5575 1888 5627 τού-

404 5716 515 5786 (49)
557 5717 742 5773 Graeco
774 5720 977 5790 ﬁlium.

1992 4968 2148 5010 cesse
2176 4954 2292 5009 fore
2323 4965 2381 5007 ut
2411 4954 2620 5023 reliqua
2649 4954 2810 5009 etiam
2841 4954 3022 5022 populi
3055 4968 3180 5024 pars
3211 4952 3448 5016 deﬁciat,
3496 4951 3565 5008 de

1994 5055 2134 5098 terra
2164 5044 2550 5115 promissionis
2577 5046 2820 5114 abrepta,
2863 5054 2918 5100 et
2951 5047 3004 5098 in
3033 5046 3404 5114 captivitatem
3453 5053 3562 5098 tra-

1991 5136 2184 5190 ducta:
2242 5135 2684 5206 quandoquidem
2736 5136 2790 5189 hi
2822 5139 2983 5190 etiam
3013 5137 3106 5205 qui
3142 5136 3254 5190 illic
3286 5150 3565 5190 remanse-

1992 5237 2134 5292 rant,
2172 5226 2315 5280 haud
2341 5229 2520 5282 minus
2546 5228 2652 5281 illis
2676 5227 2776 5281 visi
2811 5236 2940 5280 sunt
2971 5234 3311 5295 peccatores.
3340 5225 3565 5296 Egregie

1993 5327 2170 5373 autem
2213 5333 2336 5371 cum
2367 5319 2616 5372 absoluta
2660 5319 2926 5373 sententia
2961 5316 3089 5371 facit
3133 5317 3561 5386 praedictionem,

1991 5415 2053 5461 ut
2109 5409 2366 5464 ostendat
2417 5409 2611 5477 dignos
2663 5409 2786 5462 illos
2817 5415 2987 5461 semet
3023 5409 3182 5462 malis
3211 5408 3315 5477 bis,
3371 5423 3465 5477 per
3499 5424 3561 5462 ca

1988 5515 2109 5568 quae
2163 5508 2466 5569 gesserant,
2518 5499 2800 5566 effecisse;
2864 5500 3009 5553 unde
3042 5509 3095 5553 et
3131 5470 3303 5555 Deus.
3323 5501 3452 5552 talia
3499 5500 3566 5552 de
3628 5524 3631 5526 -

1986 5591 2142 5660 251
2182 5593 2247 5647 iis
2271 5592 2564 5646 decernere
2591 5593 2859 5647 adductus
2887 5593 2975 5647 sit.
3010 5591 3126 5647 Jam
3153 5602 3440 5664 postquam
3473 5601 3568 5662 g6-
