4022 6138
451 285 552 344 651

1624 276 1975 337 THEUDORI
2006 274 2369 335 MOPSUEST
2379 276 2488 333 EN!

3598 278 3713 339 432

452 405 711 462 neraliter
752 403 914 468 dixit,
966 400 1268 457 «Deﬁciant
1316 401 1568 463 omnia,»
1620 404 1798 471 pergit
1847 401 2018 457 dicere

2140 418 2246 453 των
2289 400 2474 462 ἀξίους
2518 400 2741 461 ἑαυτοὺς
2780 399 2844 451 δι’
2878 394 2953 451 ὧν
2998 399 3262 469 ἔπραττον
3311 397 3710 469 πεποιήκασιν·

453 495 858 566 particulatim:
899 492 1154 547 «Deﬁciat
1188 491 1372 555 homo,
1401 500 1454 546 et
1479 491 1725 561 jnmenta
1752 491 2026 559 deficiant,

452 598 667 640 necnon
718 582 842 636 ωεΙί
876 581 1164 643 volucres,
1232 588 1289 651 et
1324 581 1495 634 maris
1533 581 1744 649 pisces:
1795 588 1848 633 et
1880 580 2028 633 inﬁr-

453 675 745 728 mabuntur
781 669 952 740 impii,
991 680 1047 726 et
1080 670 1324 725 auferam
1370 670 1592 739 iniquos
1622 686 1650 724 a
1683 670 1821 725 facie
1843 678 2043 734 terrae,

451 770 584 823 dicit
617 767 896 822 Dominus.
928 785 946 817 ι
993 765 1355 835 Hyperbolice
1378 764 1596 834 quidem
1625 764 1941 819 hominibus
1964 778 2027 818 ac

446 857 708 927 jumentis
750 856 1001 911 volucres
1026 870 1243 924 quoque
1270 866 1323 910 et
1358 856 1531 924 pisces
1572 855 1874 925 copulavit:
1944 854 2027 908 vel

451 951 614 1004 etiam
649 950 875 1018 tropice,
903 964 1001 1003 ceu
1024 948 1162 1001 solet
1190 947 1334 1017 loqui
1361 965 1374 1007 ;
1411 946 1483 999 ita
1517 955 1575 1000 ut
1602 947 1852 1002 volucres
1881 945 2026 1000 dicat

452 1041 574 1095 illos
606 1040 700 1108 qui
730 1039 1043 1109 principatu
1077 1040 1224 1092 inter
1240 1045 1470 1092 caeteros
1496 1037 2025 1103 homineseminent,

453 1131 633 1200 pisces
665 1145 795 1185 vero
842 1114 1085 1199 plebeios
1136 1130 1231 1199 qui
1272 1128 1424 1183 valde
1478 1128 1756 1183 humiliter
1807 1134 2023 1198 repunt.

454 1220 575 1276 Mox
609 1231 662 1275 et
688 1236 909 1275 causam
941 1221 1167 1279 addens,
1200 1238 1217 1270 ι
1245 1218 1309 1271 Et
1345 1219 1787 1283 inﬁrmabuntur,
1824 1219 2019 1289 inquit,

452 1313 626 1383 impii.
651 1322 703 1366 et
726 1312 971 1367 auferam
998 1312 1219 1381 iniquos
1246 1310 1313 1365 de
1337 1310 1477 1365 facie
1515 1318 1692 1370 terrae.
1743 1311 1877 1366 dicit
1910 1310 2017 1366 De-

452 1404 655 1458 minus.
683 1422 702 1457 :
741 1401 845 1467 Qui
868 1403 1031 1473 impie
1059 1403 1371 1471 injusteque
1402 1400 1609 1461 vivunt.
1638 1401 1704 1454 ad
1728 1410 2025 1456 extremam
2051 1455 2053 1458 τ

451 1478 791 1545 deducentur
836 1489 1229 1553 inﬁrmitatem,
1291 1489 1419 1559 quia
1446 1490 1559 1544 sub
1579 1488 1797 1544 hostilis
1830 1505 2027 1547 manus

419 1628 425 1634 .
453 1583 561 1636 ictu
596 1580 830 1635 cadent:
868 1580 1062 1649 reliqui
1090 1594 1218 1634 vero
1249 1579 1523 1649 mancipio
1542 1579 1711 1649 capti,
1743 1579 2026 1634 abducen-

2127 492 2250 545 ὅθεν
2280 490 2344 562 δὴ
2369 493 2459 544 καὶ
2488 490 2862 561 ἀποφήνασθαι
2898 491 3026 560 περί
3053 488 3231 542 αὐτῶν
3276 487 3502 542 τοιαῦτα
3537 506 3714 561 προσ-

2126 583 2299 652 ῆκται
2327 583 2477 646 Θεός.
2522 579 2653 636 Εἶτα
2696 576 3231 645 Μθολικῶςείπὼνμ
3251 577 3546 634 Ἐκλιπέτω
3574 580 3712 636 πάνηι

2126 690 2233 736 τα,
2271 692 2294 726 τ
2329 673 2527 741 ἐπάγει
2573 673 2713 728 κατά
2746 671 2937 743 μέρος
2981 690 2999 722 ι
3045 670 3348 723 Ἐκλιπέτω
3387 670 3711 741 ἄνθρωπος,

2127 764 2221 818 καὶ
2250 765 2423 835 κτήνη
2470 764 2758 827 ἐκλιπέτω,
2790 763 2860 817 τὰ
2903 762 3123 816 πετεινά
3151 763 3242 816 τοῦ
3265 761 3496 834 ούρανοῦ
3532 764 3625 817 καὶ
3653 767 3710 821 οι

2130 854 2312 925 ἰχθύες
2348 856 2451 924 τῆς
2490 854 2797 926 θαλάσσης·
2828 854 2925 923 καί
2948 854 3338 925 ἀσθενήσουσιν
3373 855 3422 906 οἰ
3454 853 3671 918 ἀσεϐεῖς
3690 873 3706 887 ~

2127 946 2221 999 zeal.
2250 945 2429 1017 ὲξαρῶ
2451 946 2577 1010 τοὺς
2603 946 2838 1018 ἀνόμους
2869 946 2980 999 ἀπὸ
3010 943 3304 1018 προσώπου
3328 947 3426 1015 τῆς
3452 944 3580 1014 γῆς,
3613 944 3669 999 λέ
3687 976 3708 988 -

2127 1049 2212 1099 γει
2244 1032 2466 1105 Κύριος.
2494 1050 2517 1085 ι
2567 1033 2973 1104 Ὑπερϐολικῶς
3003 1034 3100 1103 μὲν
3126 1037 3239 1095 τοῖς
3270 1031 3580 1103 ἀνθρώποις
3610 1036 3709 1094 xa‘t

2125 1127 2237 1187 τοῖς
2270 1126 2491 1195 κτήνεσι
2521 1125 2589 1179 τά
2610 1143 2670 1179 τε
2700 1124 2923 1179 πετεινὰ
2946 1125 3040 1182 καὶ
3069 1125 3196 1188 τοὺς
3220 1124 3411 1195 ἰχθύας
3435 1125 3668 1197 συνῆψεν
3687 1143 3704 1157 ο

2126 1214 2159 1283 ἢ
2199 1216 2293 1268 καὶ
2332 1217 2629 1284 τροπικῶς,
2676 1215 2857 1279 καθὼς
2875 1215 3061 1273 είωθεν
3100 1215 3310 1282 λέγειν,
3353 1216 3439 1270 ἴνα
3481 1218 3710 1277 πετεινά

2130 1305 2228 1375 μὲν
2266 1306 2396 1379 είπῃ
2437 1308 2566 1370 τοὺς
2612 1306 2930 1370 δυναστείας
2962 1306 3429 1378 ὑπεραιρομένους
3459 1307 3568 1361 τῶν
3596 1307 3709 1361 λοι-

2124 1393 2262 1459 πῶν,
2301 1395 2488 1466 ἰχθύας
2521 1397 2579 1449 δὲ
2610 1396 2740 1460 τοὺς
2798 1398 2856 1450 ὲν
2896 1396 2977 1467 τῷ
3016 1397 3174 1468 δήμῳ
3212 1397 3302 1451 διά
3342 1399 3708 1469 ταπεινότητα

2076 1499 2083 1505 ·
2126 1484 2392 1556 ερποντας
2450 1482 2671 1557 πολλήν.
2699 1487 2807 1540 Kal.
2833 1484 2932 1559 τὴν
2965 1487 3144 1542 αἰτίαν
3169 1488 3226 1541 δὲ
3254 1489 3496 1556 ἐπάγων,
3539 1508 3558 1541 ι
3594 1491 3707 1542 Καὶ

2127 1576 2514 1647 ἀσθενήσωσιν
2540 1579 2588 1631 οἱ
2616 1577 2851 1642 ἀσεϐεῖς,
2877 1579 2971 1631 καὶ
2988 1576 3167 1649 ὲξαρῶ
3187 1579 3313 1641 τοὺς
3336 1578 3570 1649 ἀνόμους
3596 1578 3709 1632 ἀπὸ

451 1682 535 1725 ιυι·
563 1687 593 1725 a
616 1672 854 1742 regione,
886 1687 1046 1739 quam
1079 1684 1110 1722 a
1135 1685 1219 1724 me
1242 1678 1520 1740 acceptam
1550 1684 1660 1723 non
1697 1671 1817 1725 sine
1837 1671 2018 1725 multis

2127 1667 2422 1739 προσώπου
2464 1667 2566 1738 τῆς
2592 1668 2716 1738 γῆς,
2744 1667 2891 1735 λέγει
2919 1665 3144 1738 Κύριος.
3194 1686 3213 1719 ι
3250 1668 3315 1720 Ol
3350 1668 3458 1736 γὰρ
3482 1667 3709 1738 ἀσεϐείᾳ,

451 1762 751 1816 sceleribus
781 1762 1109 1815 retinebant.

2056 1736 2096 1789 Β
2123 1736 2215 1812 καὶ
2241 1757 2442 1836 ἀνομίᾳ
2472 1736 2761 1823 συζῶντες,
2793 1758 2872 1828 (p.
2899 1736 3027 1827 585)
3062 1758 3141 1821 εἰς
3174 1757 3410 1828 παντελῆ
3436 1736 3706 1827 καταντήζ

453 1864 636 1901 σουσιν
664 1847 978 1912 ἀσθένειαν,
1012 1848 1115 1903 ύπὺ
1146 1850 1213 1919 τῇ
1247 1848 1354 1901 τῶν
1382 1849 1653 1920 πολεμίων
1684 1850 2032 1913 πεπτωκότες
2070 1850 2213 1920 χειρί
2233 1867 2247 1883 ο
2280 1851 2330 1902 οἰ
2373 1849 2550 1904 λοιποί
2579 1867 2637 1905 τε
2672 1850 3015 1929 αἰχμαλωσίᾳ
3049 1849 3366 1921 ληφθέντες,
3402 1852 3707 1922 ἀφαιρεθήε

453 1958 633 1996 σοντιιι
664 1940 764 2011 τῆς
801 1941 928 2011 γῆς,
955 1942 1020 2012 ἢν
1046 1944 1177 2013 παρ’
1208 1941 1341 2011 ἐμοῦ
1362 1938 1620 2008 λαϐόντες
1655 1943 1791 2014 μετά
1821 1942 2023 2015 πολλῆς
2045 1947 2297 2015 κατεῖχον
2322 1944 2422 2015 τῆς
2452 1944 2821 2015 παρανομίας.

521 2030 689 2087 Vens.
716 2031 837 2087 4-6.
859 2033 1153 2088 —Deinde
1173 2034 1239 2089 de
1262 2034 1462 2104 quibus
1493 2035 1608 2091 haec
1628 2036 1798 2100 dicat,
1819 2037 2023 2092 clarius

449 2124 772 2194 cxplanans,
801 2142 819 2176 ι
843 2123 1161 2187 Extendam,
1182 2125 1379 2196 inquit,
1407 2140 1625 2180 manum
1654 2143 1826 2183 meam
1861 2143 2024 2199 super

450 2212 668 2277 ludam,
695 2223 748 2268 et
782 2230 946 2284 super
973 2230 1163 2271 omnes
1193 2215 1534 2272 Hierusalem
1568 2219 1834 2276 incolas»
1866 2218 2024 2275 Pest-

451 2316 614 2372 quam
648 2304 716 2359 de
748 2304 894 2359 tribu
926 2314 981 2359 et
1010 2309 1144 2363 urbe
1190 2315 1478 2377 capturum
1529 2323 1589 2364 se
1634 2324 1827 2380 poenas
1860 2311 2016 2376 dixit,

451 2394 765 2449 necessario
796 2403 960 2454 tanta
1012 2397 1502 2454 animadversionis
1558 2414 1756 2456 causas
1786 2403 2018 2457 recitat:

455 2503 474 2535 ι
503 2484 568 2537 Et
591 2484 833 2540 auferam
851 2485 920 2541 de
941 2487 1061 2542 loco
1092 2488 1200 2543 isto
1231 2491 1451 2546 nomina
1473 2490 1702 2556 Baalim,
1724 2500 1778 2547 et
1799 2493 2022 2548 nomina

448 2575 801 2630 delubrorum
822 2591 948 2631 cum
981 2580 1381 2642 sacerdotibus.
1406 2589 1462 2637 et
1482 2581 1576 2652 qui
1598 2582 1828 2636 adorant
1857 2596 2021 2651 super

451 2672 592 2720 tecta
621 2668 921 2722 exercitum
946 2669 1094 2733 cali,
1144 2679 1198 2725 et
1240 2674 1332 2741 qui
1360 2672 1550 2741 jurant
1580 2687 1677 2742 per
1703 2670 2018 2736 Dominum,

447 2761 504 2809 et
526 2754 622 2825 qui
660 2754 850 2824 iurant
880 2772 978 2828 per
1027 2758 1413 2827 Melchomum,
1467 2768 1522 2816 et
1550 2761 1643 2831 qui
1681 2762 1960 2816 declinant
1989 2777 2020 2815 a

448 2843 698 2911 Domino,
735 2855 791 2900 et
824 2848 918 2917 qui
948 2848 1234 2903 Dominum
1265 2867 1375 2905 non
1401 2862 1673 2922 quaerunt,
1705 2862 1757 2907 et
1784 2853 1878 2922 qui
1909 2867 2019 2907 non

452 2935 689 2990 retinent
718 2935 1028 2992 Dominum.
1053 2958 1072 2991 ι
1127 2940 1352 3009 Ejiciam
1380 2943 1606 2997 omnino
1633 2945 1701 2998 de
1744 2944 1865 2998 loco
1894 2944 2017 3010 hoc,

452 3025 647 3091 partim
689 3027 820 3080 caedi
843 3028 1085 3095 tradens,
1105 3032 1303 3099 partim
1326 3034 1625 3102 captivitati
1650 3051 1664 3101 ;
1688 3034 1830 3088 idola
1856 3036 2019 3090 simul

451 3115 634 3168 omnia
659 3118 969 3182 destruens,
1002 3128 1055 3174 et
1086 3121 1302 3174 illorum
1336 3124 1632 3191 culturam,
1669 3141 1793 3180 cum
1830 3126 1899 3180 iis
1924 3128 2018 3198 qui

450 3203 766 3260 sacerdotes
809 3209 1127 3264 eorundem
1158 3213 1516 3281 videbantur;
1571 3225 1845 3285 postremo
1894 3219 2017 3274 illos

2184 2028 2341 2109 Στίχ.
2356 2036 2506 2102 δ’-ςη
2524 2069 2590 2079 -
2607 2034 2740 2091 Εῒτα
2770 2039 2863 2095 καὶ
2885 2037 3012 2110 περὶ
3026 2035 3186 2093 τίνων
3205 2036 3351 2108 λέγει
3371 2039 3705 2117 σαφέίτερον

2126 2125 2314 2191 ποιῶν,
2360 2116 2396 2179 ἐ
2429 2125 2540 2180 Καὶ
2583 2126 2786 2180 ἐκτενῶ
2837 2126 2936 2199 τὴν
2975 2127 3134 2201 χείρά
3189 2146 3290 2199 μου
3344 2130 3436 2181 ἐπὶ
3488 2116 3694 2184 Ἰούδαν

2123 2217 2217 2270 καὶ
2248 2215 2341 2270 ἐπὶ
2389 2216 2595 2281 πάντας
2636 2217 2764 2281 τοὺς
2826 2217 3215 2281 κατοικοῦντας
3267 2217 3641 2291 Ἰερουσαλήμ.
3672 2239 3698 2274 a

2121 2308 2280 2366 Κατά
2332 2324 2392 2362 τε
2449 2309 2547 2380 τῆς
2606 2308 2810 2380 φυλῆς,
2878 2309 3020 2364 κατά
3079 2325 3136 2362 τε
3194 2310 3293 2379 τῆς
3345 2310 3550 2378 πόλεως
3608 2313 3707 2366 ἐπ.

2125 2398 2277 2465 άξειν
2301 2400 2537 2472 εἰρηκὼς
2564 2401 2661 2471 τὴν
2695 2399 2980 2471 τιμωρίαν,
3019 2400 3331 2468 ἀναγκαίως
3365 2401 3441 2454 δὲ·
3465 2401 3558 2455 καὶ
3599 2400 3704 2466 τὰς

2121 2490 2221 2560 τῆς
2262 2491 2527 2562 τοσαύτης
2567 2490 2834 2562 τιμωρίας
2863 2490 3037 2559 λέγων
3072 2491 3268 2554 αἰτίαςο
3321 2510 3341 2544 t
3382 2492 3492 2545 Καὶ
3520 2493 3705 2562 ἐξαρῶ

2123 2583 2187 2634 ὲκ
2218 2580 2311 2634 τοῦ
2344 2581 2509 2635 τόπου
2539 2582 2609 2635 τά
2639 2582 2876 2653 ὀνόματα
2908 2582 3016 2634 τῶν
3060 2581 3295 2653 Βααλὶμ,
3340 2580 3432 2635 καί
3480 2583 3547 2636 τὰ
3579 2583 3702 2637 ὀνό-

2126 2689 2269 2743 ματα
2295 2670 2364 2725 τὰ
2394 2671 2504 2725 τῶν
2528 2671 2685 2744 ἱερῶν
2715 2672 2852 2743 μετά
2884 2671 2991 2725 τῶν
3023 2672 3231 2745 ἱερέων,
3260 2672 3502 2735 καὶτοὺς
3530 2687 3696 2745 προσ-

2122 2761 2415 2824 κυνοῦντας
2434 2762 2525 2815 ἐπὶ
2547 2762 2615 2814 τὰ
2633 2760 2855 2826 δώματα
2879 2764 2944 2832 τῇ
2974 2763 3199 2833 στρατιᾷ
3224 2758 3312 2815 τοῦ
3337 2760 3583 2831 ούρανοῦ,
3603 2764 3702 2815 καὶ

2120 2852 2248 2913 τοὺς
2272 2849 2569 2920 ὀμνύοντας
2594 2847 2734 2903 κατὰ
2765 2849 2857 2902 τοῦ
2887 2849 3091 2921 Κυρίου
3115 2889 3130 2912 ,
3162 2850 3256 2903 καὶ
3304 2853 3430 2914 τοὺς
3468 2849 3697 2920 ὀμνύον-

2119 2958 2218 3002 τας
2262 2941 2401 2993 κατά
2443 2939 2536 2993 τοῦ
2578 2939 2831 3010 Μελχὸμ,
2880 2941 2974 2995 καὶ
3017 2940 3146 3004 τοὺς
3199 2938 3540 3004 ὲκκλίνοντας
3586 2941 3698 2994 ἀπὸ

2119 3025 2213 3080 τοῦ
2264 3026 2503 3096 Κυρίου,
2552 3028 2643 3081 καὶ
2689 3028 2814 3090 τοὺς
2869 3027 2943 3098 μὴ
2993 3027 3290 3098 ζητοῦντας
3346 3028 3438 3083 τὸν
3469 3028 3695 3101 Κύριον,

2122 3119 2215 3171 καὶ
2241 3119 2363 3181 τοὺς
2397 3116 2470 3188 μὴ
2498 3118 2890 3189 ἀντεχομένους
2913 3117 3006 3172 τοῦ
3030 3119 3255 3190 Κυρίου.
3291 3139 3310 3171 ι
3356 3120 3561 3189 Ἀφελῶ
3585 3121 3697 3191 γὰρ

2120 3207 2396 3270 παντελῶς
2419 3208 2510 3261 τοῦ
2540 3209 2701 3261 τόπου
2723 3208 2935 3273 τούτου,
2957 3209 3082 3273 τοὺς
3112 3211 3210 3281 μὲν
3238 3213 3303 3282 τῇ
3338 3214 3539 3282 σφαγῇ,
3569 3211 3697 3276 τοὺς

446 3296 540 3364 qui
570 3310 735 3366 super
767 3305 910 3352 tecta
962 3299 1331 3359 luminaribus
1369 3305 1493 3359 caeli
1522 3307 1729 3360 cultum
1760 3309 2018 3366 exhibere

2119 3297 2176 3355 δὲ
2199 3300 2264 3368 τῇ
2298 3298 2660 3370 αἰχμαλωσίᾳ,
2683 3300 3058 3368 συναφανίζων
3080 3301 3263 3364 αὐτοῖς
3295 3303 3385 3355 καὶ
3411 3301 3477 3355 τά
3498 3302 3692 3357 εἴδωλα

431 3385 764 3441 studebant.
792 3387 900 3444 Sed
925 3388 1132 3458 justam
1157 3394 1401 3462 apprime
1422 3395 1456 3448 ii
1482 3396 1756 3465 patientur
1778 3413 2015 3469 poenam,

446 3473 540 3540 qui
586 3474 737 3529 circa
788 3479 1050 3547 templum
1107 3494 1286 3535 meum
1330 3492 1634 3546 versantes;
1672 3498 1781 3540 non
1818 3488 2017 3543 erube-

444 3573 608 3623 scunt
634 3565 907 3621 idolorum
931 3570 1103 3624 cultui
1134 3586 1359 3627 vacare:
1391 3574 1487 3629 sed
1514 3562 1867 3657 mode'252
1897 3579 2017 3649 qui-

438 3654 592 3717 dem.
648 3658 832 3714 cultus
871 3661 977 3715 mei
1002 3676 1062 3716 se
1086 3676 1359 3720 memores
1399 3667 1772 3733 ostendentes,
1805 3654 1902 3739 per
1932 3685 2017 3725 me

439 3744 662 3813 jurant;
702 3747 865 3804 modo
894 3760 1077 3805 autem
1110 3767 1207 3821 per
1243 3752 1387 3808 idola
1416 3770 1636 3827 quoque
1657 3758 1881 3827 jnrant:
1934 3768 2017 3814 et-

436 3835 590 3889 enim
614 3834 971 3892 Melchomum
999 3840 1203 3894 idolum
1230 3843 1503 3913 nominat,
1525 3853 1672 3903 utex
1697 3864 1824 3913 uno,
1855 3856 2017 3919 prout

445 3926 602 3987 solet,
641 3935 838 3982 cuncta
870 3928 1092 3985 denotet
1126 3930 1291 3988 idola.

2114 3388 2313 3451 πάντα,
2345 3390 2446 3458 τήν
2478 3406 2537 3441 τε
2578 3390 2665 3442 ἐπ’
2708 3391 2890 3456 αὐτοῖς
2928 3390 3247 3462 θεραπείαν,
3289 3391 3427 3462 μετά
3459 3392 3566 3447 τῶν
3612 3395 3694 3445 ica

2117 3478 2364 3550 ρατεύειν
2398 3481 2581 3543 αὐτοῖς
2612 3481 2931 3546 δοκούντων,
2961 3482 3097 3554 πρὸς
3127 3483 3299 3537 ἀπασί
3329 3499 3389 3536 τε
3439 3485 3567 3547 τοὺς
3597 3484 3692 3547 ἐπὶ

2113 3569 2222 3625 τῶν
2241 3570 2505 3640 δωμάτων
2525 3572 2653 3634 τοὺς
2673 3572 2793 3625 κατ’
2814 3573 3039 3643 οὐρανὸν
3058 3575 3242 3645 φωστῆ
3253 3591 3349 3646 ρας
3368 3575 3691 3645 θεραπεύειν

2115 3662 2530 3726 ἐσπουδακότας·
2561 3662 2773 3717 δικαίαν
2807 3666 2918 3737 γάρ
2961 3665 3026 3738 δὴ
3062 3667 3291 3737 μάλιστα
3332 3661 3476 3721 οὗτοι
3513 3667 3691 3734 δέξον-

2119 3770 2210 3806 ται
2247 3752 2346 3824 τὴν
2394 3748 2679 3824 τιμωρίαν,
2720 3756 2770 3808 οἰ
2820 3757 2949 3827 περὶ
2978 3757 3068 3810 τὸν
3106 3758 3234 3811 ναὸν
3278 3756 3552 3822 οἰκοῦντες
3597 3759 3691 3814 τὸν

2122 3844 2252 3914 ἐμὸν
2296 3845 2396 3897 οὐκ
2433 3844 2775 3914 αἰσχύνονται
2817 3847 2946 3917 περὶ
2991 3848 3091 3918 τὴν
3130 3847 3239 3900 τῶν
3257 3847 3492 3901 εἰδώλων
3522 3851 3688 3920 ἀσχοη

2098 3925 2372 4001 ’λούμενοι
2398 3932 2721 4003 θεραπείαν⁹
2746 3935 2823 4004 (p.
2843 3934 2967 4005 584)
2994 3935 3128 3991 ἀλλὰ
3155 3937 3284 3989 ποτὲ
3311 3937 3408 4007 μὲν
3426 3937 3527 4008 τῆς
3549 3937 3688 4009 ἐμῆς

441 4014 800 4071 ἐνδείκνυνται
863 4018 1160 4090 θεραπείας
1215 4027 1518 4096 φροντίζειν
1565 4030 1644 4082 ὅτ’
1692 4029 1760 4083 ἂν
1819 4032 2002 4095 αὐτοῖς
2048 4032 2266 4103 ὀμνύειν
2306 4034 2425 4086 κατ’
2469 4032 2603 4102 ἐμοῦ
2651 4033 2814 4105 δοκῇ,
2862 4037 2992 4090 ποτὲ
3023 4037 3079 4091 δὲ
3117 4037 3257 4091 κατά
3297 4038 3407 4093 τῶν
3454 4037 3687 4094 εἰδώλων

441 4106 717 4200 ὀμνύουσι·
745 4108 970 4179 Μελχδμ
1000 4112 1109 4183 γὰρ
1133 4113 1193 4167 τὸ
1221 4115 1434 4170 εἴδωλον
1453 4118 1635 4186 λέγει’
1668 4120 1733 4173 ἵν’
1757 4121 1850 4190 ἀφ’
1872 4123 2010 4185 ἑνὸς,
2048 4123 2230 4186 καθὼς
2268 4123 2476 4189 είωθεν,
2518 4122 2733 4179 ἅπαντα
2764 4125 2892 4200 εῐπῃ
2918 4127 2987 4187 τὰ
3019 4128 3227 4185 εἴδωλα.

512 4197 708 4253 llultas
741 4202 962 4256 memini
992 4217 1083 4263 me
1109 4210 1527 4277 pratermittere
1560 4209 1777 4268 fabulas
1822 4228 2012 4267 eorum

440 4289 538 4357 qui
573 4289 639 4342 ad
690 4289 969 4358 Syriacam
1013 4293 1521 4364 Mrpretationem
1562 4302 1886 4370 respiciunt,
1944 4317 2014 4358 ne

2194 4214 2351 4268 Ἀλλά
2371 4215 2481 4283 γὰρ
2513 4215 2712 4280 πολλὰς
2741 4216 2839 4287 μὲν
2865 4213 2982 4273 οἰδα
3007 4220 3330 4291 μυθολογίας
3358 4224 3554 4296 παρεὶς
3574 4223 3685 4280 τῶν

2110 4306 2246 4376 πρὸς
2271 4306 2398 4368 τοὺς
2437 4305 2641 4378 Σύρους
2687 4308 3017 4381 κεχῃνότων,
3066 4310 3142 4375 ὼς
3171 4311 3236 4365 ἂν
3285 4313 3358 4384 μὴ
3407 4313 3685 4387 φλυαριῶν

444 4376 664 4444 ineptiis
691 4377 905 4432 viderer
931 4379 1171 4435 divinam
1198 4383 1427 4453 implere
1452 4384 1815 4457 Scripturam.
1855 4388 2011 4444 Nunc

2117 4395 2318 4464 Ξοκοίην
2348 4376 2669 4467 ἐμπιμπλᾷν
2846 4398 2997 4451 θείαν
3036 4376 3297 4472 Γραφήνί
3317 4376 3374 4456 ἐν
3418 4376 3595 4474 καιρῶ
3625 4403 3682 4458 δὲ

445 4483 579 4524 vero
609 4475 921 4538 opportune
958 4472 1219 4528 existimo
1247 4477 1324 4530 rei
1364 4477 1529 4548 liuius
1560 4478 1744 4536 facere
1781 4481 2011 4536 mentie-

438 4575 590 4625 ηοω,
624 4561 698 4616 ob
723 4564 1133 4634 coarguendum
1163 4577 1279 4622 tum
1311 4569 1364 4623 id
1403 4571 1550 4639 quod
1580 4572 1652 4626 ab
1697 4572 1836 4643 ipsis
1862 4587 2008 4627 nunc

441 4652 743 4722 incongrue
785 4654 1011 4717 dicitur.
1067 4664 1183 4710 tum
1225 4658 1388 4712 etiam
1430 4668 1623 4715 caetera
1670 4663 2006 4732 hujusmodi,

441 4756 564 4809 Ilua:
590 4742 661 4796 ab
700 4742 894 4799 iisdem
927 4746 1098 4810 dicta,
1146 4762 1250 4816 ego
1274 4756 1456 4802 tamen
1478 4751 1553 4803 ob
1581 4765 1703 4805 eam
1732 4766 1895 4820 quam
1922 4771 2013 4809 re-

443 4830 539 4884 tuli
572 4845 796 4888 causam
844 4835 1188 4901 palumbi.
1238 4836 1441 4891 Dicunt
1474 4838 1640 4907 igitur
1684 4843 2010 4898 vocabulum

440 4917 801 4976 Melchomutn
834 4922 941 4978 hoc
981 4923 1104 4978 ioco
1130 4940 1310 4995 regem
1353 4927 1693 4996 signiﬁcare;
1727 4933 1854 5000 quia
1886 4933 2013 4990 Hel-

438 5008 598 5071 chom
639 5025 736 5065 rex
781 5009 984 5066 dicitur
1032 5012 1087 5067 in
1135 5011 1396 5084 Syrorum
1444 5027 1605 5087 atque
1654 5018 2005 5079 Hebraeorum

442 5099 657 5170 lingua;
710 5102 804 5157 sed
851 5102 1178 5173 interpretes
1204 5118 1391 5163 errore
1422 5108 1726 5182 deceptos“
1748 5128 1847 5182 pro
1881 5130 2007 5185 rege

440 5188 797 5247 Mclcliemum
842 5192 1071 5258 dixisse,
1118 5195 1267 5265 quod
1293 5205 1376 5252 est
1403 5197 1625 5255 idolum.
1677 5202 1839 5273 Atqui
1873 5204 2005 5260 illud

345 5288 366 5309 ο
443 5279 714 5350 imprimis
776 5287 1065 5355 oportebat
1110 5287 1497 5355 considerem,
1552 5291 1794 5351 divinam
1856 5294 2008 5352 Scri-

440 5377 652 5438 pturam
684 5370 949 5431 Hebraico
980 5392 1235 5435 sermone
1258 5377 1427 5437 fuisse
1452 5381 1743 5452 dictatam,
1797 5386 1866 5441 ad
1901 5389 2006 5459 Sy-

442 5472 628 5512 rorum
660 5469 838 5516 autem
873 5481 1034 5520 usuin
1069 5468 1390 5524 translatam
1423 5469 1597 5528 fuisse
1634 5474 1736 5531 abs
1765 5477 2011 5545 quolibet

438 5546 662 5604 homine
695 5551 896 5619 (neque
922 5555 1064 5609 enim
1099 5555 1167 5610 ad
1208 5558 1355 5615 hunc
1389 5577 1562 5631 usque
1590 5564 1733 5620 diem
1763 5566 1888 5635 quis
1919 5567 2009 5623 ille

433 5639 601 5696 fuerit
642 5641 898 5697 rescitum
930 5646 1054 5713 est).
1110 5644 1168 5700 in
1201 5647 1513 5707 Graecorum
1550 5663 1728 5710 autem
1767 5657 2007 5727 linguam

2106 4483 2199 4539 νῦν
2226 4486 2449 4556 ἐνόμισα
2465 4485 2552 4539 διὰ
2579 4486 2770 4540 τούτου
2802 4489 3127 4560 ποιήσασθαι
3163 4495 3399 4564 μνήμην,
3422 4495 3502 4557 εἰς
3524 4494 3683 4567 ἔλεγς-

2110 4592 2202 4646 χον
2231 4576 2341 4628 είτε
2385 4576 2479 4630 τοῦ
2539 4576 2632 4630 νῦν
2654 4578 2715 4631 οὐ
2744 4578 2967 4641 δεόντως
3007 4582 3137 4652 παρ’
3168 4583 3345 4636 αὐτῶν
3364 4584 3679 4655 λεγομένου,

2111 4667 2222 4719 εἴτε
2273 4666 2366 4721 καὶ
2398 4667 2506 4719 τῶν
2543 4666 2761 4732 λοιπῶν,
2791 4668 2828 4722 δι
2855 4669 3119 4737 λεγόντων
3152 4673 3327 4726 αὐτῶν
3356 4674 3580 4744 παρῆκα
3610 4675 3679 4729 δι’

2111 4757 2176 4826 ἦν
2221 4755 2358 4828 ἔφην
2387 4756 2588 4812 αἰτίαν.
2626 4759 2858 4825 Λέγουσι
2903 4761 3011 4831 γὰρ
3047 4760 3128 4815 ὅτι
3175 4764 3400 4836 Μελχδμ
3450 4762 3683 4820 ἐνταῦθα

2107 4846 2200 4900 τὸν
2238 4848 2457 4916 βασιλέα
2491 4847 2732 4918 βούλεται
2766 4853 2959 4905 εἰπεῖν·
2996 4853 3231 4926 Μελχὸμ
3256 4856 3365 4928 γὰρ
3394 4848 3491 4910 τού
3525 4858 3683 4926 βασι-

2104 4937 2245 5007 λέως
2264 4938 2556 5009 λεγομένου
2577 4942 2718 4994 κατά
2746 4938 2845 5012 τὴν
2872 4942 3059 5014 Σύρων
3091 4948 3184 4999 καὶ
3226 4946 3491 5020 Ἐϐραίων
3514 4949 3683 5016 γλῶτ-

2110 5044 2227 5090 ταν,
2265 5028 2632 5098 πλανηθέντας
2661 5030 2786 5093 τοὺς
2820 5033 3277 5105 ἑρμηνεύσαντας,
3306 5039 3427 5091 ἀντὶ
3458 5039 3550 5092 τοῦ
3583 5040 3682 5110 βα-

2114 5119 2324 5182 σιλέως,
2356 5121 2581 5191 Μελχὺμ
2616 5122 2809 5188 εἰπεῖν,
2852 5127 2987 5197 ὅπερ
3015 5128 3164 5181 ἐστὶν
3206 5129 3266 5182 τὸ
3291 5130 3523 5186 εἴδωλον.
3570 5131 3682 5197 Οὓς

2112 5210 2275 5280 ἐχρῆν
2306 5210 2412 5281 πρὸ
2441 5212 2656 5267 πάντων
2681 5213 2853 5268 ἐκεῖνο
2885 5217 3135 5285 συνιδεῖν,
3176 5220 3258 5275 ὅτι
3288 5222 3426 5275 κατά
3459 5223 3556 5293 μὲν
3580 5224 3682 5295 τὴν

2120 5300 2386 5370 Ἐϐραίων
2430 5301 2679 5370 γλῶτταν
2711 5304 2920 5376 εἴρηται
2961 5308 3030 5361 τά
3070 5309 3171 5379 τῆς
3218 5309 3366 5374 θείας
3415 5311 3637 5385 Γραφῆς
3669 5354 3687 5378 ,

2114 5384 2449 5461 ἡρμήνευται
2488 5391 2546 5444 δὲ
2586 5392 2754 5447 ταῦτα
2795 5399 2874 5460 εἰς
2915 5396 3012 5467 μὲν
3038 5398 3133 5470 τὴν
3165 5399 3349 5472 Σύρων
3391 5384 3521 5474 παρ’
3555 5403 3681 5459 ὅτου

2105 5481 2489 5563 δήποτε(οὸδὲ
2514 5481 2623 5554 γὰρ
2646 5483 2912 5555 ἔγνωσται
2945 5488 3106 5560 μέχρι
3143 5489 3242 5559 τῆς
3264 5491 3501 5563 τήμερον
3527 5492 3684 5558 ὅστις

2108 5569 2238 5622 ποτὲ
2267 5562 2423 5633 οὗτός
2447 5571 2593 5623 ἐστιν
2611 5572 2650 5642 )·
2676 5576 2755 5637 εἰς
2781 5573 2837 5627 δὲ
2866 5576 2966 5647 τὴν
3008 5576 3273 5647 Ἐλλήνων
3305 5562 3683 5651 ἑϐδομήκοντα

2112 5660 2527 5735 μετενηνόχασιν
2554 5663 2741 5742 ἄνδρες
2775 5669 3127 5743 πρεσϐύτεροι
3153 5669 3244 5724 τοῦ
3269 5669 3417 5741 λαοῦ,
3445 5675 3643 5755 imm
