4022 6138
1186 165 1204 204 \

241 259 356 316 153
1224 254 1765 312 COMMENTARIUS
1803 254 1865 308 IN
1909 253 2458 313 SOPIIONI£'CAP.
2500 256 2542 308 l.
3378 261 3507 315 -ηι

256 387 411 443 μονες
443 371 539 439 μὲν
564 368 811 439 ἀκριϐῶς
835 368 938 438 τῆς
962 368 1206 437 γλώττης
1233 369 1335 437 τῆς
1355 371 1580 434 οίκείας,
1609 373 1828 441 ἐπιστή-

1939 371 2276 440 septnaginta
2307 371 2408 424 viri
2441 379 2851 437 converterunt,
2885 374 3129 431 seniores
3169 375 3238 431 de
3277 377 3501 446 populo.

254 476 410 532 μονες
437 459 495 511 δὲ
527 459 622 510 καὶ
646 457 758 510 τῶν
787 457 947 512 θείων
978 457 1230 528 Γραφῶν,
1277 459 1383 512 ὑπὸ
1412 477 1470 512 τε
1510 461 1602 512 τοῦ
1645 462 1830 530 ἱερέως

1943 463 2261 531 peritissimi
2285 462 2481 530 linguae
2507 464 2757 532 propria,
2792 463 2947 533 periti
2973 466 3174 534 pariter
3191 467 3499 521 divinrum

252 552 345 604 καὶ
388 550 587 612 παντὸς
623 548 718 602 τοῦ
781 548 1178 619 Ὶσραηλιτικοῦ
1215 550 1342 604 λαοῦ
1379 551 1829 621 δοκιμασθέντες,

253 645 328 710 (p.
355 642 480 710 385)
517 641 594 703 ὡς
629 641 698 694 ἂν
724 641 944 694 πάντων
989 641 1223 710 μάλιστα
1257 641 1393 710 πρὸς
1415 642 1513 712 τὴν
1539 645 1832 712 ἑρμηνείαν

253 733 419 797 ἄξιοι·
459 726 532 785 ὧν
573 734 675 801 τήν
710 749 772 785 τε
809 732 1106 802 ἑρμηνείαν
1150 731 1244 784 καὶ
1274 732 1372 802 τὴν
1401 731 1611 788 ἔκδοσιν
1659 735 1752 786 καὶ
1783 733 1830 784 oi

259 826 514 894 μακάριοι
555 823 842 883 ἀπόστολοι
886 823 1167 892 δεξάμενοι
1211 822 1489 890 φαίνονται
1527 823 1828 894 προδήλως,

256 918 305 968 οῖ
339 918 429 968 καὶ
458 917 570 976 τοῖς
594 917 702 968 ἀπὸ
726 913 894 966 ἐθνῶν
922 913 1342 966 πεπιστευκόσιν
1371 912 1480 965 οὐδ’
1501 913 1638 974 ὅλως
1663 929 1834 982 προσ-

258 1005 436 1074 έχουσι
475 1003 741 1075 πρότερον
782 1005 894 1066 τοῖς
920 1003 1020 1071 τῆς
1049 1002 1291 1065 Παλαιᾶς
1339 1003 1644 1073 Διαθήκης,
1688 1019 1832 1071 παρ-

259 1097 465 1150 έδωκαν
494 1095 594 1158 τὰς
618 1095 768 1156 θείας
793 1094 1014 1165 Γραφὰς
1040 1094 1132 1146 ἐπὶ
1162 1094 1261 1162 τῆς
1294 1093 1558 1163 Ἑλλήνων
1579 1094 1834 1164 κειμένας

261 1185 502 1253 γλώττης
523 1185 666 1238 κατὰ
685 1183 783 1254 τὴν
806 1185 913 1237 τῶν
927 1183 1326 1254 Ἐὅδομήκοντα
1366 1185 1680 1255 ἑρμηνείαν
1705 1185 1834 1256 παρ’

263 1267 339 1326 ὧν
364 1274 418 1325 δὲ
448 1275 544 1325 καὶ
589 1272 998 1343 παραλαϐόντες
1031 1272 1202 1336 αὐτὰς
1226 1273 1318 1326 νῦν
1363 1273 1556 1342 ἔχομεν
1600 1275 1836 1337 ἅπαντες

265 1367 312 1416 οἱ
341 1364 397 1426 ἐξ
421 1362 591 1415 ἐθνῶν
616 1361 694 1431 τῷ
711 1362 956 1432 Δεσπότῃ
980 1363 1398 1426 πεπιστευκότες
1421 1363 1662 1434 Χριστῷ,
1693 1364 1750 1417 ἐν
1777 1381 1836 1416 τε

266 1456 377 1516 ταῖς
398 1453 715 1522 ἐκκλησίαις
726 1451 1189 1520 ἀναγινώσκοντες
1202 1455 1295 1507 καὶ
1311 1449 1583 1508 κατόῖκον
1601 1454 1832 1523 ἔχοντες.

268 1545 384 1608 Πῶς
407 1540 500 1598 οὖν
531 1545 630 1596 ούκ
645 1544 872 1613 ἀνόητον
888 1543 1126 1614 νομίζειν
1142 1544 1286 1598 ὃτιοί
1314 1545 1410 1614 μὲν
1437 1545 1836 1615 Ἐὄδομήκοντα

268 1639 356 1692 καὶ
381 1638 626 1691 τοσοῦτοι
668 1639 762 1692 καὶ
804 1637 1035 1690 τοιοῦτοι
1069 1638 1163 1692 καὶ
1200 1638 1342 1694 οὕτω
1390 1639 1836 1710 δεδοκιμασμένοι

265 1729 633 1797 διεσφάλλοντο
660 1730 786 1799 περὶ
814 1729 978 1795 λέξιν,
1005 1729 1054 1782 οῖ
1083 1731 1176 1783 καὶ
1197 1731 1303 1800 πρὸ
1333 1729 1514 1800 πάσης
1540 1732 1836 1802 ἑρμηνείας

266 1819 454 1889 ᾔδεσαν
477 1818 699 1882 πάντως
725 1819 787 1874 τὺ
813 1820 870 1870 ἐν
902 1821 968 1889 τῇ
996 1819 1115 1890 θεία
1142 1820 1392 1890 κείμενον
1409 1821 1619 1893 Γραφῇ,
1639 1823 1732 1875 καὶ
1755 1821 1830 1877 ετ-

265 1928 322 1963 τε
343 1910 568 1980 βασιλέα
595 1911 764 1978 λέγει,
807 1911 918 1963 εἴτε
955 1911 1201 1977 εἰδωλονς

269 2002 515 2053 ἁπάντων
576 2000 801 2053 ἐκείνων
855 1999 1181 2069 ὑπειλῆφθαι
1240 2001 1514 2072 προσῆκεν
1569 2001 1665 2056 ἕνα
1715 2000 1836 2055 τινὰ

267 2093 444 2160 ἀφανῆ
485 2093 568 2155 εἰς
613 2091 713 2162 τὴν
756 2091 942 2162 Σύρων
988 2091 1233 2160 γλῶτταν
1282 2091 1724 2162 μεταϐεϐληκότα
1769 2092 1836 2148 τὰ

282 2181 564 2252 Ἑϐραίων,
593 2182 671 2244 ὥς
699 2182 763 2250 γέ
792 2195 947 2250 φασι*
981 2181 1119 2252 πρὸς
1144 2180 1223 2252 τῷ
1245 2183 1464 2236 κάκεῖνο
1485 2182 1644 2250 δῆλον
1676 2177 1834 2245 εἶναι,

267 2275 345 2326 ὃτι
366 2275 467 2343 τῆς
490 2273 601 2326 τῶν
625 2273 860 2327 είδώλων
896 2272 1082 2326 ἕνεκεν
1107 2273 1399 2344 θεραπείας
1430 2274 1624 2337 αὐτοὺς
1651 2276 1680 2327 ὁ
1706 2275 1837 2338 Θεὸς

270 2367 501 2417 αἰτιᾶται
531 2366 592 2417 ἐν
638 2364 852 2427 τούτοις
894 2363 982 2416 διὰ
1014 2363 1109 2416 τοῦ
1157 2364 1457 2433 προφήτουο
1503 2365 1598 2417 καὶ
1649 2364 1836 2435 ἐπειδὴ

271 2457 392 2525 περὶ
416 2456 508 2508 τὸν
543 2455 672 2509 ναὸν
699 2454 789 2507 τὸν
820 2454 960 2508 θεῖον
988 2454 1137 2517 ὄντες
1163 2454 1388 2507 τοιαῦτα
1431 2454 1834 2524 διεπράττοντο.

268 2547 422 2600 τοῦτο
449 2548 630 2608 αὐτοῖς
657 2548 1051 2616 ἐπιμέμφεται,
1082 2548 1164 2600 ὅτι
1203 2547 1296 2598 καὶ
1321 2546 1410 2599 τὸν
1433 2546 1526 2599 τοῦ
1552 2545 1680 2598 ναοῦ
1707 2546 1838 2598 Θεὸν

271 2636 587 2706 θεραπεύειν
614 2637 852 2700 ἐδόκουν,
881 2637 1126 2689 τουτέστι
1149 2638 1238 2689 τὸν
1258 2635 1353 2690 τοῦ
1385 2637 1582 2700 παντὸς
1615 2636 1836 2708 Κύριον,

273 2729 372 2780 καὶ
408 2729 505 2796 τῆς
545 2728 646 2780 τῶν
677 2728 914 2782 εἰδώλων
948 2729 1048 2780 ούκ
1077 2729 1363 2798 ἀπείχοντο
1391 2728 1706 2798 θεραπείας.
1732 2722 1838 2780 Τοῦ

279 2819 341 2870 δὲ
366 2819 577 2871 εἰδώλου
605 2819 788 2874 τούτου
819 2819 1090 2889 μέμνηται
1120 2819 1211 2872 καὶ
1237 2819 1265 2870 ὁ
1291 2818 1558 2889 μακάριος
1609 2817 1785 2888 Ἀμὼς
1811 2821 1840 2871 ὁ

285 2911 560 2979 προφήτης
587 2912 659 2980 (p.
696 2911 821 2981 586)
846 2910 922 2973 ὼς
952 2910 1056 2963 ὑπὸ
1096 2911 1439 2980 ’Δμμανιτῶν
1469 2909 1840 2978 θεραπευομέ-

274 3017 386 3062 νου,
419 3001 586 3068 λέγων
613 2999 806 3062 οὕτως’
835 3000 947 3054 Καὶ
975 2999 1261 3072 πορεύεται
1293 2999 1520 3070 Μελχὺμ
1556 3001 1613 3052 ὲν
1637 3001 1840 3069 αίχμα-

271 3092 459 3162 λωσία,
492 3093 541 3145 oi
572 3094 738 3165 ἱερεῖς
762 3090 950 3154 αὐτοῦ,
975 3092 1067 3144 καὶ
1093 3092 1142 3144 οί
1169 3092 1426 3162 ἄρχοντες
1453 3091 1632 3144 αὐτῶν
1662 3091 1754 3143 ἐπὶ
1781 3090 1841 3142 τὸ

273 3184 419 3244 αὐτὸ,
449 3183 598 3250 λέγει
627 3182 848 3252 Κύριος·
883 3182 1041 3236 τοῦτο
1061 3181 1231 3249 λέγων
1254 3181 1282 3233 ὃ
1303 3183 1393 3234 καὶ
1416 3181 1682 3250 πολλαχοῦ
1716 3180 1842 3249 φαίο

276 3289 416 3325 νεται
443 3273 530 3326 διὰ
554 3272 663 3324 τῶν
689 3271 980 3342 προφητῶν
998 3272 1307 3341 εἰρημένον,
1341 3271 1422 3324 ὅτι
1447 3273 1480 3340 ὴ
1508 3272 1648 3327 κατὰ
1671 3273 1840 3346 ὀργὴν

275 3364 388 3416 οἷαν
433 3362 748 3432 ἐπαγομένη
797 3361 1040 3432 τιμωρία
1069 3365 1178 3424 τοῖς
1227 3360 1544 3428 ἀλλοφύλοις
1578 3362 1702 3432 ἄχρι
1732 3361 1840 3417 τῶν

276 3451 503 3505 εἰδώλων
522 3453 617 3504 καί
635 3450 742 3503 τῶν
766 3451 1152 3522 ίερατευόντων
1171 3450 1349 3512 αὐτοῖς
1376 3449 1686 3514 ἐξετείνετο.
1720 3452 1839 3504 Ὅτι

275 3543 330 3596 δέ
370 3543 586 3596 ἃπασαν
619 3541 718 3611 τὴν
767 3542 894 3612 περὶ⁵
938 3540 1009 3595 τὰ
1048 3541 1240 3594 εἴδωλα
1278 3541 1572 3612 θεραπείαν
1619 3543 1682 3594 ἐκ
1733 3541 1841 3595 τῶν

277 3631 422 3701 παρᾶ
443 3633 554 3694 τοῖς
581 3631 804 3698 Ἕλλησι
827 3629 1277 3700 θρησκευομένων
1299 3629 1567 3700 δαιμόνων
1589 3630 1841 3683 εἵλκυσαν

277 3723 326 3774 oi
358 3722 712 3793 Ἰσραηλῖται,
762 3721 918 3791 δῆλον
949 3721 1023 3784 ὼς
1063 3721 1092 3772 ὁ
1149 3721 1414 3792 μακάριος
1465 3721 1614 3787 λέγει
1657 3722 1839 3774 Δαυῖδ·

285 3828 302 3860 ι
333 3812 440 3867 Καὶ
459 3811 801 3880 ἐπεμίγησαν
826 3812 882 3862 ἐν
909 3812 1018 3872 τοῖς
1049 3809 1244 3872 ἔθνεσι,
1268 3811 1362 3862 καὶ
1389 3809 1588 3879 ἔμαθον
1615 3809 1684 3862 τὰ
1707 3809 1842 3880 ἔργα

281 3902 471 3961 αὐτῶν,
496 3902 590 3954 καλ⁸
623 3901 938 3954 ἐδούλευσαν
957 3903 1066 3964 τοῖς
1088 3901 1343 3968 γλυπτοῖς
1365 3900 1560 3955 αὐτῶνο
1594 3919 1610 3952 ι
1632 3900 1844 3963 δεικνὺς

281 3994 358 4046 ὅτι
383 3992 478 4062 τὴν
518 3991 740 4044 ἐκείνων
784 3991 1096 4060 ἠσπάσαντο
1136 3992 1591 4063 είδωλολατρείαν·
1637 3995 1712 4057 ὡς
1753 3995 1844 4046 τὸν

281 4083 437 4136 αὐτὸν
474 4082 754 4152 φαίνεσθαι
783 4083 980 4152 τρόπον
1027 4085 1120 4137 καὶ
1151 4085 1249 4153 τὴν
1279 4086 1406 4155 περὶ
1451 4085 1511 4137 τὸ
1554 4085 1788 4150 εἴδωλον,
1818 4085 1846 4137 ὃ

281 4173 498 4244 Ηιλχὸμ
522 4173 785 4237 ἐκαλεῖτο,
813 4172 1099 4242 θεραπείαν
1126 4174 1320 4236 αὐτοὺς
1349 4173 1632 4228 ποιεῖσθαι.

1276 1911 1633 1975 Ἀξιοπιστότε
1643 1928 1733 1981 ρον
1779 1911 1834 1970 δὲ
1853 1931 1862 1937 ·

1939 549 2371 618 Scripturarum,
2405 566 2433 604 a
2469 551 2726 618 pontiﬁce
2749 563 3058 622 cunctoque
3085 557 3286 625 populo
3327 555 3505 612 Israe-

1939 643 2092 696 litico
2140 642 2374 710 probati,
2421 655 2520 696 ceu
2567 657 2677 710 prae
2701 645 2914 697 cmteris
2953 646 3206 700 omnibus
3237 647 3507 717 interpre-

1938 734 2108 786 tando
2137 733 2350 788 idonei:
2382 747 2614 801 quorum
2665 732 3168 802 interpretationem
3201 747 3364 805 atque
3389 739 3508 793 edi-

1936 826 2139 880 tionem
2175 826 2364 880 beatos
2395 839 2616 894 quoque
2635 827 2916 894 apostolos
2946 837 3218 896 receptam
3252 829 3507 884 habuisse

1939 923 2203 984 apparet;
2239 915 2509 984 quietiam
2547 916 3010 970 accedentibusad
3044 917 3200 971 [idem
3230 934 3296 972 ex
3329 920 3509 973 ethni-

1935 1007 2038 1069 cis.
2070 1014 2125 1061 et
2160 1003 2330 1061 Vetus
2359 1013 2520 1060 antea
2548 1007 2956 1062 Testamentum
2988 1023 3218 1076 prorsus
3245 1011 3506 1079 ignorau-

1934 1097 2102 1157 tibus.
2147 1096 2362 1150 divinas
2407 1095 2756 1150 tradiderunt
2799 1097 3136 1167 Scriptores,
3187 1099 3505 1154 Graecorum

1937 1187 2120 1255 lingua
2151 1201 2460 1254 expressas.
2513 1189 2818 1242 secundum
2872 1193 3218 1261 septuaginta
3263 1194 3504 1247 virorum

1938 1277 2486 1344 interpretationem:
2531 1293 2561 1331 a
2593 1280 2792 1347 quibus
2819 1296 2915 1336 eas
2943 1292 3194 1350 acceptas
3217 1299 3362 1338 nunc
3389 1300 3508 1338 om-

1936 1382 2034 1421 nes
2063 1377 2334 1433 tenemus,
2363 1370 2455 1437 qui
2482 1385 2544 1423 ex
2579 1371 2815 1425 ethnicis
2844 1374 2897 1425 in
2929 1372 3133 1427 Christi
3162 1365 3342 1442 partes
3371 1391 3503 1429 con-

1935 1457 2244 1525 cessimus;
2284 1474 2490 1529 easque
2517 1468 2574 1515 et
2621 1463 2675 1515 in
2710 1463 2961 1528 ecclesiis
2991 1464 3241 1532 legimus,
3278 1478 3331 1519 et
3360 1467 3505 1519 domi

1937 1547 2222 1609 habemus.
2295 1550 2497 1616 Quidni
2545 1566 2677 1621 ergo
2730 1553 2985 1606 insanum
3041 1531 3112 1608 sit
3166 1531 3504 1619 existimare,

1939 1640 2283 1709 septuaginta
2304 1641 2454 1695 viros
2480 1642 2618 1694 tales
2633 1640 2792 1710 253
2813 1651 3106 1711 tantosque
3124 1643 3368 1710 adeoque
3391 1659 3509 1711 pro-

1869 1697 1911 1751 Β
1938 1697 2371 1793 ιιιιίοε,υοτιόεεο
2402 1731 2457 1784 ἰη
2487 1697 2790 1796 vocalnilo';
2843 1732 2936 1799 qui
2969 1697 3032 1784 ct.
3052 1741 3180 1785 ante
3206 1697 3506 1800 quamlibet

1942 1820 2446 1889 interpretationem
2476 1821 2647 1888 probe
2663 1820 2912 1875 sciebant
2927 1821 3058 1890 quid
3079 1831 3224 1877 esset
3245 1824 3301 1876 in
3322 1823 3505 1877 divina

1942 1911 2248 1982 Scriptura,
2287 1920 2343 1967 et
2393 1922 2578 1968 atrum
2614 1927 2792 1982 regem
2825 1927 2889 1967 ea
2917 1913 3122 1968 diceret
3146 1928 3216 1967 an
3265 1914 3509 1969 idolum?

1939 2002 2072 2057 Nam
2107 2004 2314 2072 majore
2343 2004 2447 2059 ﬁde
2471 2004 2720 2072 dignum,
2765 2019 2877 2073 prae
2916 2005 3131 2059 caeteris
3159 2006 3392 2068 cunctis,
3421 2006 3508 2072 ju-

1940 2095 2124 2149 dicare
2149 2103 2449 2163 0porteret,
2490 2111 2658 2150 unum
2692 2095 2988 2162 quemlibet
3009 2095 3303 2149 obscurum
3334 2097 3510 2150 homi-

1942 2203 2062 2241 nem
2092 2187 2184 2254 qui
2226 2187 2280 2240 in
2311 2172 2572 2255 Syrorum
2609 2186 2848 2254 linguam
2881 2187 3150 2239 convertit
3179 2183 3505 2240 Hehraicum

1942 2283 2174 2338 textum,
2233 2282 2291 2328 ut
2335 2277 2510 2332 aiunt.
2575 2274 2941 2345 Praeterquam
2985 2275 3132 2344 quod
3181 2275 3313 2328 illud
3344 2277 3506 2329 etiam

1943 2377 2108 2438 patet,
2164 2383 2357 2436 nempe
2404 2367 2472 2422 de
2501 2366 2770 2420 idolorum
2814 2366 2962 2420 cultu
3015 2365 3181 2419 Deum
3232 2362 3508 2420 Israelitas

1944 2459 2047 2511 hoc
2095 2460 2215 2512 loco
2262 2471 2527 2512 accusare
2569 2472 2665 2526 per
2705 2457 3048 2526 prophetam.
3085 2455 3151 2508 Et
3189 2458 3315 2525 quia
3359 2457 3507 2510 circa

1941 2548 2188 2603 divinum
2243 2548 2501 2616 templum
2547 2547 2867 2610 incolentes,
2915 2547 3032 2600 hzec
3079 2547 3348 2615 agebant,
3407 2548 3512 2601 hoc

1946 2639 2057 2694 illis
2085 2640 2398 2708 exprobrat,
2460 2637 2604 2707 quod
2648 2652 2773 2690 cum
2809 2638 2992 2706 templi
3046 2636 3212 2691 Deum
3260 2640 3508 2693 venerari

1945 2731 2283 2790 viderentur,
2335 2730 2389 2782 id
2435 2736 2518 2784 est
2567 2729 2805 2782 universi
2851 2728 3038 2782 mundi
3091 2727 3403 2790 Dominum,
3441 2731 3512 2785 ab

1945 2822 2214 2876 idolorum
2255 2829 2437 2874 tamen
2476 2835 2587 2874 non
2629 2819 2978 2873 abstinebant
3010 2819 3294 2888 obsequio.
3339 2817 3510 2874 Porro

1945 2912 2109 2982 hujus
2159 2912 2286 2966 idoli
2329 2911 2521 2966 beatus
2547 2925 2766 2980 quoque
2813 2910 3059 2963 meminit
3102 2911 3337 2965 Amosus
3383 2923 3512 2978 pro-

1867 3045 1910 3103 C
1943 3001 2128 3070 pheta,
2164 3015 2264 3055 ceu
2300 3000 2368 3054 ab
2411 2999 2736 3053 Anuuanitis
2763 2998 2993 3054 adorati.
3045 2998 3185 3052 Dicit
3226 3000 3405 3054 enim:
3443 2997 3509 3052 Et

1942 3092 2091 3146 vadit
2119 3091 2384 3146 Melchum
2415 3093 2468 3144 in
2497 3081 2891 3159 captivitatem.
2915 3090 3143 3160 ejusque
3170 3090 3509 3149 sacerdotes.

1940 3191 1995 3238 et
2030 3184 2307 3251 principes
2347 3183 2529 3250 populi
2575 3183 2759 3246 simul,
2807 3182 2939 3235 dicit
2969 3180 3250 3237 Dominus.
3292 3181 3400 3234 lioc
3429 3179 3512 3233 di-

1940 3293 2096 3336 cens,
2123 3275 2267 3346 quod
2307 3289 2680 3344 saepenumero
2713 3274 2856 3343 apud
2881 3274 3175 3342 prophetas
3205 3275 3379 3340 legere
3405 3283 3510 3329 est.

1940 3368 2088 3439 quod
2119 3381 2314 3436 nempe
2339 3365 2584 3433 qualibet
2629 3379 2694 3418 ex
2742 3364 3138 3432 indignatione.
3183 3361 3509 3430 imponenda

1942 3460 2268 3530 alienigenis
2311 3472 2490 3527 ptena.
2520 3471 2695 3524 usque
2719 3455 2787 3508 ad
2818 3455 2960 3509 idola
2992 3454 3300 3520 horumque
3330 3467 3506 3506 sacer-

1941 3550 2104 3604 dotes
2140 3547 2413 3602 deveniet.
2448 3543 2618 3609 Quod"
2643 3552 2826 3597 autem
2865 3556 3080 3594 omnem
3111 3540 3381 3593 idolorum
3416 3555 3507 3593 suo

1943 3638 2346 3708 perstitionem,
2406 3649 2438 3687 a
2485 3633 2649 3686 cultis
2692 3629 2834 3699 apud
2878 3629 3126 3682 ethnicos
3171 3626 3508 3681 claeuiouibus

1941 3729 2199 3786 lsraelitse
2257 3724 2654 3784 contraxerint,
2715 3721 3057 3788 exploratum
3127 3726 3232 3781 est,
3293 3717 3509 3772 dicente

1943 3821 2102 3874 beato
2119 3813 2410 3869 Dex-ide":
2453 3829 2472 3862 ι
2493 3810 2558 3864 Ει
2580 3809 2851 3864 commisti
2882 3816 3008 3862 sunt
3045 3807 3184 3860 inter
3213 3814 3424 3874 gentes,
3455 3814 3508 3860 et

1942 3909 2247 3962 didicerunt
2275 3917 2440 3973 opera
2480 3915 2690 3960 eorum,
2737 3906 2792 3953 et
2818 3897 3126 3952 servierunt
3164 3894 3510 3962 sculptilibus

1942 4014 2130 4054 eorum
2153 3994 2409 4065 ;)qllibll3
2426 3992 2612 4047 verbis
2630 3985 3340 4045 demonstratldololalriam
3357 3999 3508 4038 suam

1945 4091 2224 4147 lsraelitas
2251 4088 2320 4142 ab
2348 4085 2584 4142 ethnicis
2609 4081 2994 4136 condidicisse.
3041 4077 3164 4131 Pari
3193 4092 3320 4146 ergo
3351 4076 3512 4130 modo

1947 4191 2174 4253 apparet
2200 4195 2296 4236 eos
2320 4179 2467 4233 circa
2498 4175 2728 4234 idolum,
2758 4170 2904 4240 quod
2936 4168 3199 4224 Melchum
3225 4180 3511 4237 nuncupa-

1947 4277 2130 4334 batur,
2167 4270 2610 4340 superstitionem
2649 4263 2984 4319 exercuisse.

346 4356 488 4427 Στίχ.
522 4355 675 4420 ς’-θ¹.
720 4356 780 4408 '0
831 4356 1009 4425 μέντοι
1049 4373 1112 4423 γε
1148 4356 1433 4426 προφήτης
1464 4359 1572 4417 τοῖς
1615 4358 1838 4428 εἰρημέ-

2021 4361 2182 4417 Vens.
2218 4361 2338 4413 6-9.
2366 4389 2436 4399 —-
2465 4359 2577 4425 Age
2609 4368 2740 4407 vero
2777 4353 3035 4422 propheta
3065 4357 3188 4419 post
3223 4347 3510 4416 superiora

282 4463 386 4510 νοις
415 4447 586 4511 οὕτως
623 4447 838 4515 ἐπάγει·
888 4465 905 4493 ι
957 4448 1064 4500 Καὶ
1093 4449 1217 4510 τοὺς
1248 4448 1585 4510 ἐκκλίνοντας
1617 4449 1722 4502 ἀπὸ
1747 4448 1840 4500 τοῦ

282 4537 496 4606 Κυρίου,
521 4537 616 4590 καὶ
642 4538 765 4598 τοὺς
799 4536 873 4606 μὴ
905 4534 1197 4606 ζητοῦντας
1224 4536 1312 4588 τὸν
1339 4535 1563 4606 Κύριον,
1600 4537 1691 4588 καὶ
1719 4537 1842 4599 τοὺς

284 4629 354 4700 μὴ
388 4629 778 4698 ἀντεχομένους
822 4629 914 4682 τοῦ
957 4628 1180 4699 Κυρίου.
1233 4645 1251 4679 ι
1290 4613 1618 4696 Βουλόμενος
1668 4629 1843 4680 εἰπεῖν

279 4721 354 4774 ὃτι
387 4721 494 4774 ἀπὸ
538 4720 742 4774 τούτων
774 4719 958 4789 δήλους
997 4721 1218 4779 ἑαυτοὺς
1252 4718 1575 4771 καθιστῶσιν
1606 4719 1842 4791 ἀπηλλο-

279 4811 605 4880 τριωμένους
632 4811 908 4874 παντελῶς
936 4810 1033 4880 τῆς
1063 4810 1200 4880 ἐμῆς
1226 4810 1435 4872 εὐνοίας
1455 4850 1470 4871 ,
1516 4810 1608 4861 καὶ
1644 4809 1844 4880 μηδένα

280 4896 429 4964 λόγον
454 4899 734 4962 ἐθέλοντας
754 4898 886 4970 ἐμοῦ
899 4915 957 4952 τε
975 4900 1066 4952 καὶ
1089 4898 1195 4951 τῶν
1212 4898 1332 4968 ἐμοὶ
1356 4898 1654 4952 δοκούντων
1676 4901 1844 4951 ποιεῖ-

286 4989 419 5042 σθαι’
451 4990 713 5062 πρόδηλον
746 4991 852 5060 γὰρ
884 4990 957 5052 ὡς
979 4990 1075 5058 τῆς
1113 4991 1252 5059 ἐμῆς
1272 4989 1519 5058 γνώσεως
1553 4989 1845 5059 ἀντεχόμε-

287 5097 361 5133 νοι
391 5083 644 5152 γνησίως,
684 5082 784 5135 οὐκ
816 5082 880 5134 ἄν
909 5098 1036 5133 ποτε
1068 5082 1364 5152 προσέσχον
1394 5081 1650 5145 εἰδώλοις.
1675 5082 1842 5151 Εἰρη-

287 5169 391 5232 κὼς
433 5170 487 5224 δὲ
517 5170 731 5234 δικαίας
774 5171 875 5239 τῆς
919 5171 1184 5240 τιμωρίας
1228 5171 1325 5233 τὰς
1373 5172 1572 5234 αἰτίας,
1620 5171 1843 5238 ἐπάγειο

294 5277 310 5307 ι
359 5260 679 5314 Εὐλαὸεῖσθε
742 5262 848 5314 ἀπὸ
914 5259 1204 5330 προσώπου
1263 5260 1461 5332 Κυρίου
1519 5260 1613 5313 τοῦ
1668 5259 1842 5325 Θεοῦ,

290 5355 360 5414 (ρ.
411 5350 530 5420 587)
561 5350 696 5403 διότι
739 5351 906 5418 ἐγγὺς
959 5350 1139 5420 ἡμέρα
1178 5350 1418 5419 Κυρίουο
1464 5350 1544 5428 ὅτι
1583 5348 1844 5418 ἡτοίμασε

289 5438 478 5508 Κύριος
513 5443 607 5512 τὴν
643 5442 836 5496 θυσίαν
882 5441 1044 5494 αὑτοῦ
1066 5484 1078 5505 ,
1105 5441 1298 5510 ἡγίακε
1332 5443 1455 5504 τοὺς
1490 5440 1718 5510 κλητοὺς
1749 5440 1843 5492 αύ-

387 5619 428 5650 "
455 5619 593 5675 Psal.
627 5637 716 5686 ιν,
753 5620 844 5674 '55.

1943 4453 2020 4506 ita
2061 4452 2237 4520 pergit
2269 4450 2522 4504 dicet-est
2549 4446 2612 4498 Et
2638 4459 2734 4498 eos
2759 4446 2851 4510 qui
2883 4441 3160 4495 declinant
3195 4453 3224 4490 a
3262 4436 3509 4493 Domino.

1944 4552 1998 4600 et
2025 4544 2118 4611 qui
2155 4557 2266 4596 non
2295 4547 2541 4608 quaerunt
2581 4535 2867 4589 Dominum
2891 4571 2904 4590 ,
2937 4538 2990 4584 et
3016 4530 3108 4596 qui
3140 4542 3246 4580 non
3280 4525 3513 4577 retinent

1945 4634 2256 4688 Dominum.
2287 4647 2305 4680 ι
2339 4627 2669 4697 Signiticans
2700 4622 2957 4676 nimirum
2984 4657 2997 4678 ,
3034 4631 3128 4670 eos
3157 4615 3230 4667 ita
3268 4611 3476 4681 agendo
3496 4654 3510 4674 ,

1945 4716 2239 4774 manifeste
2277 4713 2570 4770 ostendere
2607 4726 2667 4766 se
2705 4708 2938 4762 omnino
2979 4703 3187 4756 alienos
3225 4701 3292 4754 ab
3328 4715 3515 4753 amore

1947 4806 2090 4873 Dei,
2132 4805 2449 4872 nullamque
2491 4799 2653 4868 hujus
2685 4839 2710 4858 ._
2737 4804 2792 4850 ct
2831 4799 3226 4863 praeceptorum
3268 4785 3510 4853 eiusdem

1945 4887 2150 4952 habere
2200 4896 2486 4948 rationem.
2541 4888 2898 4956 Perspicuum
2935 4894 3019 4938 cst
3063 4883 3245 4940 enim.
3282 4875 3426 4946 quod
3466 4877 3511 4930 si

1947 4987 2174 5041 ﬁdeliter
2205 4983 2493 5038 scientiam
2527 4979 2630 5034 mei
2661 4979 2959 5032 retinerent
2982 5014 2997 5034 .
3026 4983 3371 5041 nequaguam
3399 4966 3511 5022 ido-

1943 5075 2012 5129 lis
2062 5073 2420 5127 adhaarereut.
2463 5066 2626 5138 254
2699 5064 2817 5120 Jam
2853 5070 3139 5132 postquam
3175 5031 3310 5111 dixit
3353 5054 3516 5124 justas

1946 5161 2438 5218 animadversionis
2473 5171 2697 5211 causam
2723 5195 2738 5218 ,
2777 5151 3200 5224 prosequiturzc
3239 5145 3450 5200 Timete
3485 5159 3514 5196 a

1949 5253 2090 5308 facie
2122 5251 2336 5306 Domini
2369 5249 2496 5311 Dei,
2529 5248 2657 5317 quia
2686 5259 2852 5314 prope
2886 5249 2971 5297 est
2999 5240 3116 5295 dies
3142 5236 3354 5292 Domini
3380 5233 3472 5290 Dei
3499 5275 3513 5297 ,

1953 5346 2081 5415 quia
2116 5343 2330 5415 paravit
2363 5339 2627 5394 Dominus
2673 5336 2910 5389 hostiam
2945 5346 3100 5387 suam
3124 5370 3139 5395 ,
3172 5336 3227 5384 et
3271 5326 3514 5382 sanctiﬁ-

1949 5437 2097 5492 cavit
2139 5442 2360 5488 vocatos
2399 5446 2550 5487 suos.
2587 5450 2603 5480 ι
2636 5427 2740 5480 8νά
2795 5427 3049 5494 quoniam
3111 5422 3275 5476 Deum
3331 5420 3517 5490 negle-
