4022 6138
483 271 593 332 ιιιδ

1667 262 2017 324 THEODORI
2057 263 2541 322 MOPSUESTENI

3627 259 3742 320 456

433 453 440 477 ι
487 389 682 457 ιὶειίε,
711 385 1034 446 necessario
1061 397 1209 445 nunc
1244 379 1515 436 timebitis
1546 381 1913 436 umversalem
1949 379 2056 435 Do-

2167 379 2268 434 τοῦ.
2310 397 2328 430 ι
2379 378 2515 432 Ἀλλ’
2546 375 2733 448 ἐπειδὴ
2763 375 2978 446 ἀμελῶς
3019 375 3144 448 περὶ
3171 374 3232 428 τὸ
3257 375 3410 428 Θεῖον
3442 374 3742 446 ἐσχήκατε,

488 481 696 536 minum
717 521 732 547 ,
761 495 887 536 cum
917 477 1134 547 dignam
1162 486 1379 544 pmnam
1407 472 1649 542 peccatis
1670 472 1869 528 vestris
1888 473 2061 541 impo-

491 579 600 627 net.
616 569 734 624 Non
771 569 914 625 enim
953 567 1102 620 abest
1141 570 1360 632 tempus
1399 560 1559 626 illud,
1601 562 1713 616 imo
1751 562 2060 631 proximum

487 672 572 717 est
592 701 610 727 ,
641 675 749 728 quo
779 673 877 713 vos
913 655 1168 711 hostibus
1199 654 1355 724 quasi
1387 652 1638 707 victimas
1665 653 1845 707 tradet
1874 670 1889 706 :
1921 666 2061 722 quos

486 751 579 807 ille
630 751 817 806 hostes
869 747 1092 818 proprio
1139 745 1400 800 mandato
1449 743 1518 798 ad
1566 743 1672 799 hoc
1701 744 1864 814 elegit
1891 757 2060 797 voca-

485 842 694 908 vitque.
746 839 804 894 ld
851 839 996 893 enim
1045 835 1362 906 signiﬁcant
1408 835 1612 900 verba,
1641 851 1661 886 ι
1696 832 2062 890 sanctiﬁcavit

486 938 714 986 vocatos
762 944 896 986 suos
921 969 936 992 ,
964 946 983 980 ι
1015 928 1175 998 quasi
1223 927 1371 981 dicat
1425 926 1628 980 habere
1675 940 1735 984 se
1763 925 1880 995 jam
1912 924 2062 978 dele-

487 1028 642 1083 ctos,
674 1034 818 1090 quos
850 1017 918 1073 ad
955 1017 1099 1071 hanc
1131 1016 1370 1070 hostiam
1411 1013 1758 1068 mactandam
1792 1013 2009 1068 vocavit
2043 1030 2058 1078 ;

487 1112 674 1166 hostes
702 1109 965 1165 nimirum
995 1107 1328 1176 intelligens,
1353 1103 1447 1174 qui
1476 1111 1530 1158 et
1553 1119 1652 1159 vos
1678 1103 2059 1158 immolabant.

492 1221 514 1254 ι
546 1201 615 1255 Ει
645 1202 754 1257 erit
792 1202 849 1254 in
888 1200 978 1255 die
1013 1197 1213 1253 hostia:
1244 1194 1460 1252 Domini
1481 1232 1498 1259 ,
1528 1203 1584 1250 et
1624 1193 1861 1248 ulciscar
1897 1208 2063 1263 super

489 1293 774 1362 principes
794 1331 810 1354 ,
842 1298 896 1345 et
925 1305 1093 1359 super
1123 1293 1346 1344 domum
1377 1287 1522 1356 regis
1545 1325 1560 1348 ,
1595 1293 1652 1340 et
1679 1300 1846 1354 super
1867 1299 2062 1340 omnes

487 1383 582 1452 qui
619 1383 794 1436 induti
829 1389 957 1437 sunt
983 1387 1136 1434 veste
1165 1377 1478 1448 peregrina.
1512 1374 1579 1429 Et
1612 1376 1851 1429 ulciscar
1884 1375 2062 1430 mani-

489 1471 626 1526 feste
658 1485 825 1540 super
856 1468 1128 1525 vestibula
1161 1468 1214 1521 in
1248 1467 1339 1521 die
1371 1468 1464 1521 illa
1485 1509 1500 1532 ,
1536 1467 1629 1535 qui
1657 1467 1932 1536 complent
1965 1467 2063 1522 do-

487 1575 638 1614 mum
668 1560 762 1615 Dei
791 1560 876 1613 sui
909 1559 1189 1628 impietate
1217 1573 1281 1612 ac
1314 1556 1462 1611 dolo.
1497 1575 1516 1608 ι
1542 1555 1812 1627 Tempore
1841 1557 1934 1612 illo
1963 1573 2065 1628 pu-

489 1651 638 1707 niam
668 1667 766 1707 eos
798 1651 892 1721 qui
931 1650 1212 1720 principes
1252 1648 1421 1704 vestri
1457 1647 1738 1710 videntur,
1777 1648 2064 1720 ipsamque

2159 471 2255 526 νῦν
2280 472 2408 540 γοῦν
2431 472 2521 523 ὑπ’
2546 471 2712 540 αὐτῆς
2733 471 2831 540 τῆς
2850 469 3094 538 ἀνάγκης
3117 466 3496 539 φοϐηθήσεσθε
3526 466 3618 519 τὸν
3642 466 3746 520 τοῦ

2161 561 2358 624 παντὸς
2391 559 2608 631 Κύριον,
2641 560 2731 612 ὅτε
2769 559 2865 629 τὴν
2895 557 3166 628 τιμωρίαν
3197 558 3325 627 ὑμῖν
3355 555 3514 620 ἀξίαν
3543 555 3743 625 ἐπάγει

2159 653 2268 705 τῶν
2299 650 2810 722 πλημμελημάτωνο
2842 649 2963 702 οὐδὲ
3000 648 3110 718 γὰρ
3140 648 3449 716 ἀφέστηκεν
3483 649 3512 701 δ
3548 649 3743 718 καιρὸς

2169 744 2398 806 ἐκεῖνος,
2442 741 2578 795 ἀλλά
2605 742 2700 794 καὶ
2755 741 2898 810 μάλα
2936 757 2999 808 γε
3025 737 3252 807 ἐγγύθεν
3281 736 3458 804 ἐστὶν,
3501 739 3560 792 ἐν
3584 730 3743 807 ᾧπερ

2161 833 2306 903 ὑμᾶς
2324 836 2390 904 τῇ
2412 832 2519 886 τῶν
2547 832 2820 902 πολεμίων
2858 831 3171 902 παραδώσει
3209 829 3392 901 θυσίᾳ,
3431 829 3526 892 οὒς
3553 829 3744 898 οἰκείῳ

2162 922 2543 993 προστάγματι
2575 921 2852 994 ἀφώρισέν
2881 937 2942 974 τε
2972 921 3065 972 καὶ
3103 919 3372 990 κέκληκεν
3411 919 3504 971 ἐπὶ
3532 920 3738 988 τούτῳο

2159 1013 2317 1067 τοῦτο
2336 1013 2444 1085 γὰρ
2461 1013 2608 1083 λέγει
2627 1013 2707 1078 τὸ,
2731 1012 2956 1083 (ἡγίασε
2986 1011 3095 1080 (50)
3115 1010 3242 1073 τοὺς
3266 1010 3494 1080 κλητοὺς
3513 1008 3700 1073 αὐτοῦ,
3716 1028 3738 1060 ι

2163 1103 2251 1156 ίνα
2283 1102 2414 1176 εῐπῃ
2446 1103 2528 1156 ὅτι
2569 1101 2982 1174 ἀφωρισμένως
3013 1101 3124 1171 ἔχει
3151 1101 3276 1163 τοὺς
3303 1102 3383 1163 εἰς
3421 1100 3518 1171 τὴν
3550 1101 3744 1152 θυσίαν
3774 1086 3782 1093 ’

2159 1193 2362 1274 ταύτην
2380 1191 2764 1262 κεκλημένους·
2787 1191 2934 1260 λέγει
2953 1191 3011 1244 δὲ
3028 1193 3153 1254 τοὺς
3168 1190 3476 1261 πολεμίους,
3489 1191 3538 1244 οἳ
3567 1208 3637 1244 κα
3645 1207 3741 1244 τα-

2161 1287 2414 1340 θύσουσιν
2437 1286 2600 1355 ὑμᾶς.
2637 1303 2655 1336 ι
2686 1285 2796 1338 Καὶ
2815 1285 2968 1338 ἐσται
2993 1286 3051 1338 ἐν
3086 1285 3267 1355 ἡμέρᾳ
3292 1283 3480 1346 Θυσίας
3510 1284 3740 1354 Κυρίου,

2161 1378 2256 1430 καὶ
2294 1376 2566 1446 ἐκδικήσω
2592 1375 2704 1445 (5|)
2737 1376 2828 1428 ἐπὶ
2877 1376 3005 1437 τοὺς
3043 1376 3332 1446 ἄρχοντας,
3381 1375 3475 1426 καὶ
3512 1375 3602 1427 ἐπὶ
3647 1375 3744 1428 τὸν

2161 1463 2309 1521 οῐκον
2335 1466 2428 1520 τοῦ
2459 1466 2743 1537 βασιλέως,
2789 1467 2880 1520 καὶ
2908 1466 3000 1519 ἐπὶ
3051 1467 3258 1529 πάντας
3289 1466 3416 1530 τοὺς
3455 1465 3742 1536 ἐνδεδυμέ-

2162 1577 2288 1623 νους
2334 1560 2610 1632 ἐνδύματα
2638 1558 2912 1629 ἀλλότριω
2952 1559 3047 1613 καὶ
3088 1557 3359 1628 ἐκδικήσω
3389 1557 3480 1610 ἐπὶ
3528 1557 3740 1618 πάντας

2163 1649 2420 1719 ἐμφανῶς
2464 1650 2556 1702 ἐπὶ
2582 1649 2652 1703 τὰ
2683 1647 2936 1718 πρόπυλα
2967 1649 3025 1700 ἐν
3054 1647 3236 1718 ἐκείνῃ
3263 1649 3327 1716 τῇ
3367 1646 3548 1717 ἡμέρᾳ
3571 1685 3584 1708 ,
3613 1646 3743 1706 τοὺς

488 1742 637 1813 regis
667 1740 892 1795 domum
933 1739 1186 1796 funditus
1223 1739 1540 1804 destruam,
1573 1739 1701 1810 quia
1735 1740 1792 1794 in
1830 1742 2060 1811 captivi-

2167 1742 2502 1813 πληροῦντας
2531 1743 2624 1795 τδν
2663 1739 2810 1794 οἶκον
2845 1739 2941 1792 τοῦ
2982 1738 3119 1792 Θεοῦ
3147 1738 3324 1790 αὐτῶν
3351 1737 3606 1799 ἀσεϐείας
3637 1736 3740 1790 καὶ

493 1842 664 1888 tatem
696 1832 1059 1886 abducendus
1084 1839 1171 1886 est
1201 1831 1250 1886 is
1279 1831 1373 1900 qui
1403 1839 1537 1884 tunc
1568 1846 1665 1885 rex
1694 1839 1878 1888 vester
1909 1832 2062 1889 vide-

489 1926 641 1980 bitur
665 1932 872 1994 :-atque
900 1923 956 1977 in
981 1938 1172 1978 omnes
1208 1936 1439 1992 prorsus
1475 1923 1933 1990 animadvertam,
1967 1926 2062 1995 qui

491 2023 786 2082 tantopere
810 2013 1102 2067 imitationi
1126 2013 1472 2068 ethnicorum
1493 2021 1665 2068 semet
1693 2014 2062 2082 tradiderunt,

491 2115 552 2161 ut
582 2107 744 2161 etiam
773 2105 1007 2160 vestium
1045 2105 1265 2160 illarum
1304 2121 1466 2162 usum
1497 2105 1878 2160 all‘ectaverint
1897 2146 1912 2171 ,
1941 2123 2062 2177 quae

493 2215 525 2252 a
552 2199 670 2268 lege
716 2199 935 2260 vetitae,
989 2197 1244 2266 gentibus
1293 2207 1624 2268 congruunt.
1664 2197 1933 2265 Cunctos,
1970 2199 2060 2252 in-

493 2303 659 2358 quam
718 2296 845 2342 ante
875 2287 1148 2343 vestibula
1184 2287 1369 2356 templi
1400 2287 1624 2357 pun‘iam
1646 2326 1661 2351 ,
1692 2294 1887 2341 contra
1915 2287 2064 2356 quod

495 2376 658 2447 impie
686 2386 952 2446 egerunt;
1003 2374 1134 2429 dum
1187 2375 1318 2429 illnc
1367 2375 1791 2444 ingrederentur
1840 2375 2061 2444 quidem

493 2469 568 2524 ob
605 2468 975 2523 simulandum
1020 2467 1229 2521 cultum
1279 2481 1495 2530 meum,
1544 2466 1640 2522 sed
1679 2467 1900 2522 nonnisi
1937 2483 2062 2521 cum

496 2558 770 2628 hypocrisi
799 2566 853 2613 et
877 2557 1004 2612 dolo
1031 2556 1263 2611 introire
1289 2557 1423 2612 illuc
1450 2555 1714 2610 auderent
1739 2575 1753 2608 :
1788 2557 2060 2626 siquidem

497 2650 702 2703 nullam
737 2664 877 2703 vera:
905 2648 1184 2719 religionis
1207 2647 1475 2700 rationem
1513 2646 1716 2702 habere
1733 2647 2024 2704 voluerunt
2045 2689 2062 2714 ,

496 2741 592 2795 sed
622 2740 784 2796 idolis
817 2742 999 2810 potius
1029 2741 1278 2795 studiose
1306 2740 1608 2794 adhaerere.

2158 1832 2331 1886 δόλου.
2361 1851 2380 1885 ι
2435 1834 2524 1887 Ἐν
2545 1832 2738 1903 ἐκείνῳ
2757 1830 2820 1901 δὴ
2841 1830 2920 1901 τῷ
2947 1829 3122 1901 καιρῷ
3152 1831 3278 1894 τοὺς
3305 1829 3496 1900 ἄρχειν
3529 1830 3586 1880 ἐν
3609 1828 3740 1898 ὑμῖν

2157 1926 2444 1989 δοκοῦντας
2475 1929 2855 1998 τιμωρήσομαι
2875 1943 2888 1957 ’
2928 1926 3088 1979 αὐτόν
3113 1943 3173 1978 τε
3214 1924 3487 1987 παντελῶς
3524 1923 3742 1994 ἀφανιῶ

2157 2017 2252 2070 τοῦ
2277 2018 2540 2088 βασιλέως
2569 2018 2659 2071 τὸν
2687 2016 2854 2083 οἷκον,
2899 2017 2994 2071 ἀτε
3029 2019 3166 2088 πρὸς
3210 2017 3593 2087 αἰχμαλωσίαν
3629 2016 3741 2067 ἀπ-

2160 2108 2388 2178 άγεσθαι
2422 2109 2704 2179 μέλλοντος
2739 2107 2834 2161 τοῦ
2865 2109 2983 2161 τότε
3020 2107 3317 2178 βασιλεύειν
3342 2106 3497 2176 ὑμῶν
3522 2104 3744 2159 δοκοῦν-

2156 2217 2269 2264 τος·
2310 2201 2385 2272 (ρ.
2426 2200 2552 2272 588)
2593 2201 2686 2254 καὶ
2727 2201 2935 2264 πάντας
2967 2199 3024 2253 δὲ
3055 2198 3311 2263 καθάπαξ
3352 2200 3742 2268 τιμωρήσομαι

2156 2292 2282 2355 τοὺς
2304 2290 2447 2344 οὕτω
2467 2291 2601 2363 πρὸς
2635 2291 2736 2360 τὴν
2770 2290 3100 2362 Ἑλληνικὴν
3138 2290 3368 2361 μίμησιν
3404 2289 3630 2350 ἐαυτοὺς
3655 2290 3744 2340 ἐκ·

2158 2382 2476 2449 δεδωκότας,
2525 2382 2601 2446 ὡς
2637 2381 2868 2436 καὶτῶν
2903 2383 3132 2454 ἰματίων
3179 2379 3374 2452 ζηλοῦν
3414 2380 3513 2451 τὴν
3541 2379 3744 2450 χρῆσιν

2159 2475 2259 2546 τὴν
2280 2475 2359 2546 τῷ
2386 2476 2535 2546 νόμῳ
2575 2475 2672 2546 μὲν
2699 2475 3174 2546 ἀπηγορευμένην,
3213 2459 3325 2536 τοῖς
3348 2471 3524 2526 ἔθνεσι
3546 2470 3601 2523 δὲ
3635 2471 3743 2539 ἀρ-

2171 2565 2376 2635 μοδίαν.
2413 2567 2628 2628 Πάντας
2657 2565 2751 2636 δὴ,
2805 2566 2960 2634 φησὶ,
3000 2561 3312 2635 περιφανῶς
3357 2560 3742 2631 τιμωρήσομαι

2170 2657 2276 2728 πρὸ
2310 2658 2417 2710 τῶν
2443 2657 2536 2710 τοῦ
2573 2657 2703 2711 ναοῦ
2733 2657 3041 2728 προθύρων,
3074 2658 3152 2718 εἰς
3179 2655 3238 2708 ὃν
3269 2653 3519 2725 ἠσέϐουν,
3551 2651 3746 2704 εἰσιόν-

2168 2764 2261 2812 τες
2289 2750 2386 2819 μὲν
2414 2750 2491 2820 τῷ
2518 2751 2693 2802 δοκεῖν
2718 2751 2798 2810 εἰς
2825 2749 2964 2818 ἐμὴν
3003 2747 3321 2818 θεραπείαν,
3361 2745 3480 2814 μεθ’
3513 2742 3747 2813 ὑποκρί-

499 2849 634 2896 σεως
664 2831 722 2885 δέ
750 2831 842 2885 καὶ
868 2831 1019 2885 δόλου
1061 2829 1327 2883 ποιεῖσθαι
1361 2828 1458 2900 τὴν
1487 2829 1690 2883 εἴσοδον
1718 2829 2023 2901 τολμῶντες
2042 2874 2056 2901 ,
2090 2838 2146 2892 ετ
2172 2855 2236 2906 γε
2264 2838 2364 2910 τῆς
2403 2840 2502 2910 μὲν
2525 2839 2804 2903 εὐσεϐείας
2838 2838 3033 2893 οὐθένα
3060 2837 3216 2904 λόγον
3257 2833 3539 2888 ἐϐούλοντο
3576 2831 3750 2884 ποιεῖ-

498 2923 642 2987 σθαι,
672 2924 783 2985 τοῖς
810 2920 1047 2984 εἰδώλοις
1067 2921 1124 2973 δέ
1154 2922 1509 2990 προσανεϊχον
1545 2919 1769 2991 σπουδῇ.

572 3017 737 3073 Vens.
775 3015 862 3084 10,
899 3017 985 3070 ll.
1005 3044 1074 3055 —
1093 3034 1112 3066 ι
1133 3013 1198 3069 Et
1225 3015 1332 3068 erit
1361 3013 1451 3068 die
1481 3015 1598 3079 illa,
1623 3015 1759 3070 dicit
1775 3014 2063 3084 Dominus,

2239 3020 2383 3090 Στίχ.
2430 3025 2481 3083 ι’,
2524 3025 2610 3072 ια’.
2654 3048 2723 3058 -
2753 3037 2779 3070 η(
2817 3017 2926 3071 Καὶ
2959 3017 3111 3070 ἐσται
3141 3018 3199 3068 ἐν
3231 3014 3414 3085 ἐκείνῃ
3443 3015 3507 3083 τῇ
3537 3011 3743 3083 ἡμέρᾳ,

498 3125 608 3164 vox
639 3108 901 3164 clamoris
932 3122 961 3160 a
996 3117 1150 3177 porta
1182 3105 1510 3162 caedentium
1533 3146 1548 3171 ,
1577 3114 1631 3160 et
1659 3107 1899 3162 ululatus
1932 3124 1962 3162 a
1992 3125 2072 3165 se-

498 3199 684 3254 cunda
707 3237 722 3263 ,
754 3205 809 3252 et
837 3197 1099 3252 contritio
1133 3210 1328 3266 magna
1359 3210 1389 3248 a
1425 3195 1681 3252 collibus.
1710 3215 1729 3249 ι
1753 3197 1906 3253 'l‘unc
1937 3214 2071 3256 sane

502 3306 604 3344 vox
655 3289 902 3359 quadam
951 3287 1212 3343 terribilis
1269 3285 1618 3351 exaudietur,
1655 3303 1686 3341 a
1725 3297 1883 3359 porta
1933 3291 2071 3344 inci-

503 3386 694 3454 piens,
755 3389 982 3452 propter
1043 3380 1232 3433 hostes
1299 3379 1669 3448 irrumpentes
1728 3380 2073 3452 multamque

503 3471 845 3526 occidionem
879 3468 1042 3539 255
1073 3467 1353 3523 facientes.
1401 3465 1648 3537 Excipiet
1695 3483 1830 3524 vero
1878 3486 2070 3526 vocem

503 3563 654 3616 illam
700 3561 943 3615 ululatus
981 3557 1344 3612 intolerabilis
1390 3556 1677 3611 hominum
1733 3574 1833 3628 per
1879 3561 2072 3616 domos

503 3653 866 3710 contritorum
893 3652 1151 3720 varieque
1175 3650 1518 3720 pereuntium
1549 3666 1563 3715 ;
1616 3650 1950 3721 insuperque
1981 3669 2075 3708 eo-

505 3760 624 3798 rum
657 3745 750 3814 qui
780 3743 848 3796 ad
880 3743 1113 3797 celsiora
1152 3741 1271 3796 loca
1305 3754 1404 3810 spe
1441 3740 1710 3795 evadendi
1749 3741 2074 3812 confugient

505 3835 599 3908 (id
630 3837 775 3892 enim
807 3837 937 3891 dicit
963 3835 1288 3889 vocabulum
1339 3833 1562 3887 collibus
1587 3835 1632 3896 ),
1683 3849 1862 3904 neque
1891 3843 2073 3891 tamen

415 3961 420 3968 ι
505 3928 802 3998 quidquam
851 3927 972 3996 Opis
1012 3925 1325 3988 invenient,
1367 3924 1463 3979 sed
1503 3932 1811 3979 extremum
1861 3927 2072 3996 suppli-

506 4018 648 4073 cium
676 4015 971 4086 perferent.
989 4014 1201 4081 Quibus
1231 4023 1602 4069 consentanec
1625 4015 1810 4070 subdit
1829 4034 1873 4069 :c
1904 4015 2071 4071 Plano

506 4109 630 4177 gite,
651 4109 746 4176 qui
788 4107 1056 4161 habitatis
1097 4105 1395 4160 concisam.
1435 4124 1454 4156 ι
1482 4102 1672 4168 Nunc,
1724 4106 1937 4176 inquit,
1996 4107 2075 4161 la-

507 4196 741 4250 mentari
767 4196 990 4265 dignum
1020 4205 1102 4250 est
1127 4195 1467 4248 habitatores
1491 4192 1833 4249 Hierusalem
1855 4234 1871 4258 ,
1909 4211 2074 4265 quam

508 4287 660 4339 varia
697 4287 846 4341 czede
893 4287 1200 4341 incolarum
1250 4286 1438 4340 hostes
1483 4284 1810 4351 concident,
1846 4285 2075 4356 ejusque

2175 3111 2321 3181 λέγει
2346 3111 2568 3182 Κύριος,
2597 3109 2748 3181 φωνὴ
2772 3109 3020 3181 κραυγῆς
3048 3107 3155 3161 ἀπὺ
3176 3106 3349 3176 πύλης
3382 3101 3746 3158 ἀποκεντούν-

2173 3220 2303 3267 των,
2338 3202 2433 3255 καὶ
2459 3201 2754 3271 ὀλολυγμὸς
2780 3199 2888 3252 ἀπὸ
2917 3200 3017 3269 τῆς
3046 3197 3320 3268 δευτέρας,
3356 3197 3451 3250 καὶ
3491 3212 3747 3266 συντριμ-

2173 3295 2274 3370 μδς
2323 3293 2498 3364 μέγας
2536 3293 2644 3345 ἀπὸ
2671 3292 2776 3346 τῶν
2816 3286 3039 3362 βουνῶν.
3081 3309 3100 3342 ›
3138 3289 3271 3342 Τότε
3305 3287 3370 3359 δὴ
3402 3286 3607 3358 φοϐερὰ
3640 3287 3743 3354 μέν

2169 3402 2253 3449 τις
2280 3387 2568 3456 γενήσεται
2600 3383 2752 3454 φωνὴ
2779 3383 2888 3436 ἀπὸ
2916 3383 3014 3452 τῆς
3057 3380 3230 3450 πύλης
3260 3377 3495 3432 λαϐοῦσα
3521 3377 3619 3448 τὴν
3641 3377 3744 3444 ἀρ-

2171 3477 2291 3548 χὴν,
2319 3476 2408 3530 διά
2433 3476 2544 3529 τῶν
2563 3475 2838 3528 εἰσιόντων
2858 3491 2916 3526 τε
2948 3473 3241 3542 πολεμίων,
3271 3469 3366 3523 καὶ
3391 3468 3556 3522 πολὺν
3580 3469 3748 3539 ἐργα-

2173 3569 2416 3640 ζομένων
2447 3569 2539 3622 τὸν
2568 3569 2746 3637 φόνονο
2775 3565 3076 3632 διαδέξεται
3104 3565 3160 3617 δὲ
3183 3565 3282 3635 τὴν
3315 3562 3494 3632 φωνὴν
3528 3560 3748 3630 ἐκείνην

2171 3663 2395 3733 ὀλολυγή
2425 3679 2508 3725 τις
2533 3661 2804 3730 ἀφόρητος
2833 3658 2938 3712 τῶν
2966 3659 3084 3712 κατ’
3105 3657 3281 3710 οἰκίαν
3310 3653 3748 3725 συντριϐομένων

2171 3770 2231 3806 τε
2257 3755 2350 3807 καὶ
2385 3753 2770 3823 ἀπολλυμένων
2805 3750 3078 3812 ποικίλως,
3116 3749 3194 3802 ἔτι
3236 3747 3330 3801 καὶ
3359 3745 3466 3800 τῶν
3515 3747 3572 3797 ἐν
3603 3743 3747 3812 64¢,—

2171 3843 2412 3915 λοτέροις
2440 3845 2627 3907 τόποις
2670 3843 2846 3896 ἐλπίδι
2876 3842 3049 3911 φυγῆς
3089 3838 3533 3910 κατατρεχόντων
3567 3834 3750 3903 (τοῦτο

2172 3933 2282 4003 γὰρ
2309 3933 2454 4000 λέγει
2508 3951 2526 3983 ι
2565 3932 2766 4002 βουνῶν
2801 3949 2818 3982 ι
2842 3933 2883 3996 ),
2913 3931 2974 3982 ού
3022 3929 3180 3998 μόνον
3226 3929 3376 3982 οὐδὲν
3421 3925 3751 3994 ὠφελεῖσθαι

2171 4024 2480 4094 δυναμένων
2513 4022 2780 4085 ἐντεῦθεν,
2805 4022 2940 4075 ἀλλά
2959 4021 3066 4093 γάρ
3093 4021 3185 4074 καὶ
3210 4021 3308 4090 τὴν
3337 4018 3568 4088 ἐσχάτην
3598 4016 3752 4086 δεχο-

2177 4115 2351 4184 μένων
2381 4113 2667 4185 τιμωρίαν.
2704 4110 2798 4176 Οἷς
2826 4111 3131 4174 ἀκολούθως
3160 4111 3353 4178 ἐπάγει
3372 4127 3385 4140 ·
3425 4107 3742 4178 «Θρηνεῖτε,

2173 4206 2222 4257 οἱ
2252 4203 2625 4266 κατοικοῦντες
2645 4204 2742 4275 τὴν
2766 4202 3276 4272 κατακεκομμένην.
3310 4219 3329 4252 ι
3365 4196 3631 4252 Ἐνταῦθα
3655 4193 3744 4266 δὴ,

2175 4296 2329 4365 φησὶ,
2358 4295 2572 4366 θρηνεῖν
2606 4295 2848 4358 ἃπαντας
2881 4294 3028 4359 ἀξιον
3058 4296 3183 4357 τοὺς
3204 4291 3485 4354 οἰκοῦντας
3513 4287 3613 4359 τὴν
3649 4287 3750 4340 Ὶεο

507 4377 740 4434 aediﬁcia
795 4375 1174 4448 perlringent,
1230 4383 1285 4430 et
1339 4375 1642 4445 inquilinos
1689 4377 2067 4433 trucidabunt.

2179 4387 2475 4458 ρουσαλὴμ,
2510 4389 2576 4458 ἢν
2603 4387 2870 4459 διαφόρως
2897 4386 2985 4439 διά
3025 4386 3132 4439 τῶν
3176 4385 3465 4438 οἰκούντων
3505 4381 3746 4435 κατακό-

513 4467 698 4535 cQuia
753 4465 1048 4521 universus
1107 4465 1342 4535 populus
1397 4465 1740 4520 assimilatus
1799 4477 1886 4521 est
1934 4466 2078 4521 Cha-

508 4557 692 4622 naani,
714 4556 1084 4626 disperierunt
1110 4570 1300 4611 omnes
1325 4555 1419 4625 qui
1443 4555 1571 4610 elati
1599 4565 1757 4610 erant
1780 4565 2022 4627 argento.
2052 4576 2071 4608 ι

507 4647 961 4718 Quandoquidem
994 4647 1434 4702 Chananaeorum
1467 4661 1650 4705 mores
1680 4647 1878 4702 imitati
1910 4656 2073 4715 sunt,

507 4738 630 4795 ideo
659 4752 757 4808 par
785 4737 896 4794 illis
925 4737 1240 4792 sustinuere
1267 4737 1599 4806 supplicium
1619 4777 1635 4802 ,
1695 4739 2075 4809 pessumdati;

504 4829 964 4900 quemadmodum
997 4827 1207 4884 scilicet
1235 4837 1290 4882 et
1311 4829 1392 4882 illi
1425 4830 1711 4900 perierunt
1735 4843 1861 4886 cum
1889 4832 2072 4901 regio-

505 4934 628 4974 nem
669 4919 934 4974 lsraelitis
960 4912 1194 4973 tradidit
1225 4919 1390 4975 Deus.
1427 4918 1608 4974 Simul
1653 4921 1914 4991 peribunt
1947 4937 2076 4978 cum

505 5009 732 5079 reliquis
751 5009 880 5075 ,illi
933 5010 1027 5079 qui
1083 5010 1505 5080 superhiehant,
1558 5010 1768 5067 divitiis
1807 5027 1868 5068 se
1906 5013 2077 5069 fultos

506 5114 834 5158 cernentes:
877 5103 1086 5157 nullum
1143 5119 1174 5157 a
1227 5104 1346 5161 suis
1393 5103 1594 5175 opibus
1646 5106 2076 5161 emolumentum

506 5195 822 5259 habebunt,
856 5195 950 5250 sed
989 5204 1180 5250 contra
1208 5197 1435 5252 omnino
1468 5196 1628 5253 bonis
1658 5199 1776 5254 suis
1811 5198 2070 5269 spoliati,

507 5287 868 5354 pauperrimis
901 5287 1112 5343 similes
1144 5287 1296 5344 ﬁent.

2172 4477 2363 4548 ψουσιν
2406 4479 2456 4530 οἰ
2492 4478 2768 4550 πολέμιοι,
2801 4478 2898 4541 τὰς
2947 4494 3006 4530 τε
3044 4475 3329 4546 οἰκοδομὰς
3357 4474 3526 4544 αὐτῆς
3564 4469 3749 4526 διατέ-

2177 4585 2398 4637 μνοντες
2419 4607 2432 4631 ,
2509 4570 2603 4622 καὶ
2668 4569 2793 4631 τοὺς
2863 4565 3246 4629 κατοικοῦντας
3301 4565 3743 4632 διασφάττοντες.

2180 4676 2200 4709 ι
2229 4659 2374 4711 Διὸτι
2395 4657 2508 4729 (52)
2535 4658 2792 4729 ὡμοιώθη
2822 4660 2929 4722 πᾶς
2950 4661 2978 4711 ό
2999 4656 3124 4720 λαὸς
3149 4655 3386 4720 Χαναὰν,
3415 4651 3746 4724 ἐξωλοθρεύ-

2176 4747 2347 4820 θησαν
2379 4749 2578 4813 πάντες
2604 4751 2652 4802 οί
2688 4748 2985 4821 ἐπηρμένοι
3011 4747 3279 4818 ἀργυρίῳ.
3317 4765 3337 4798 ›
3383 4745 3601 4815 Ἐπειδὴ
3632 4744 3745 4814 γὰρ

2173 4837 2284 4893 τῶν
2297 4839 2620 4894 Χαναναίων
2635 4839 2966 4910 ἐμικήοαντο
3004 4840 3096 4892 τὸν
3123 4840 3344 4907 τρόπον,
3377 4837 3456 4908 (p.
3489 4836 3616 4904 389)
3656 4837 3747 4889 διὰ

2172 4931 2330 4986 τοῦτο
2342 4932 2734 5004 παραπλησίως
2751 4933 2979 4995 ἐκείνοις
2989 4933 3083 4986 καὶ
3097 4926 3196 5002 τὴν
3216 4928 3482 5000 τιμωρίαν
3496 4927 3749 4992 ἐδέξαντο

2172 5023 2530 5096 ἀπολλύμενοι
2573 5024 2874 5088 παντελῶς,
2906 5025 3073 5097 ὅνπερ
3111 5024 3174 5095 δὴ
3223 5022 3424 5094 τρόπον
3467 5019 3750 5074 ἀπώλοντο

2173 5116 2412 5168 κάκεῖνοι
2432 5115 2668 5186 ὁπηνίκα
2687 5117 2799 5178 τοῖς
2828 5115 3190 5186 Ἰσραηλίταις
3211 5111 3495 5182 παρεδίδου
3523 5111 3622 5180 τὴν
3641 5111 3750 5180 γῆν

2174 5207 2203 5258 δ
2235 5205 2384 5269 Θεός·
2421 5205 2979 5277 συναφανισθήσονται
3021 5207 3130 5277 γὰρ
3162 5206 3226 5277 δὴ
3261 5206 3462 5267 πάντες
3493 5205 3607 5266 τοῖς
3636 5202 3753 5255 λοι-

2177 5297 2296 5357 ποῖς
2325 5296 2418 5348 καὶ
2443 5297 2492 5347 οἱ
2522 5294 2661 5365 μέγα
2691 5295 3011 5366 φρονοῦντες
3047 5297 3137 5348 ἐπὶ
3166 5295 3378 5367 πλούτῳ
3416 5292 3753 5365 θεωροῦντες

506 5375 727 5440 ἑαυτοὺς
751 5421 765 5444 ,
818 5380 982 5450 μηδὲν
1022 5383 1085 5435 ἐκ
1128 5385 1226 5454 τῆς
1258 5385 1518 5457 εὐπορίας
1560 5386 1747 5459 κέρδος
1777 5383 2063 5448 λαϐόντες·
2097 5386 2404 5442 τούναντίον
2451 5389 2550 5458 μὲν
2580 5385 2672 5444 οὖν
2727 5391 2785 5442 ἐν
2832 5392 2896 5460 τῇ
2932 5391 3217 5461 ἀφαιρέσει
3245 5389 3354 5442 τῶν
3391 5387 3609 5441 οἰκείων
3642 5403 3756 5441 πα-

509 5465 794 5537 ραπλήσιοι
825 5475 1104 5538 γεγονότες
1128 5479 1238 5538 τοῖς
1267 5477 1541 5541 παντελῶς
1574 5479 1903 5548 πενομένοις.

581 5600 690 5656 (Filii
731 5603 802 5652 lla
837 5604 924 5656 hic
954 5605 1075 5656 cod.

578 5668 661 5739 (51
672 5670 710 5740 )ν
723 5670 858 5727 Cod.
896 5673 1190 5742 ἐκδίκησιν.

2245 5607 2356 5681 (52)
2385 5608 2519 5665 Cod.
2550 5609 2635 5664 διὰ
2669 5611 2740 5662 τί.
