4022 6138
305 324 401 379 ιιι-ι

1244 325 1788 383 COMMENTARIUS
1823 322 1890 376 IN
1935 315 2299 376 SOPH'ONIrE
2341 314 2492 372 CAP.
2532 315 2568 368 I.

3425 312 3527 368 υἱεῖς

367 435 500 504 Στίχ,
537 432 739 503 ιβ⁹οις⁵¹,
776 462 846 474 --
881 453 901 485 ι
928 436 1035 488 Καὶ
1072 435 1224 487 ἔσται
1262 437 1321 489 ἐν
1350 441 1417 508 τῇ
1448 439 1631 510 ἡμέρᾳ
1661 438 1858 508 ἐκείνῃ,

2042 428 2206 483 Vens.
2246 426 2429 481 12-16.
2462 454 2530 468 —-
2565 443 2584 475 ι
2618 423 2679 476 Iit
2731 424 2833 478 erit
2881 424 2934 476 in
2969 425 3054 477 die
3094 423 3204 486 illa,
3244 427 3527 479 scrutabor

302 525 620 596 ἐξερευνήσω
640 524 744 595 τὴν
784 526 1138 597 Ἰερουσαλὴμ
1167 528 1303 597 μετά
1329 527 1543 598 λύχνου.
1583 549 1600 581 ι
1647 530 1860 599 Ἐπειδὴ

299 623 400 683 τοῖς
443 617 506 671 τά
549 618 810 672 ἐνδότατα
853 619 947 672 καὶ
986 619 1160 688 σκότῳ
1185 635 1300 682 πως
1335 621 1740 693 κατειλημμένα
1768 623 1862 692 ςη-

301 710 506 772 τοῦσιν,
547 708 669 772 ἐθος
713 709 896 780 λύχνῳ
945 709 1248 781 κεχρῆσθαι
1283 713 1418 779 πρὸς
1467 714 1861 784 ἀκριϐεστέραν

299 801 512 872 ἔρευναν
544 801 653 852 τῶν
693 801 1220 871 ἀποκεκρυμμένων,
1255 803 1412 857 τοῦτο
1427 802 1694 870 λέγει,ὅτι
1726 801 1861 872 μετὰ.

297 891 483 960 πολλῆς
513 891 614 961 τῆς
644 890 930 961 ἀκριϐείας
956 890 1439 961 ἐξερευνηθήσεται
1464 893 1640 946 πάντα
1665 893 1732 946 τά
1757 893 1856 962 τῆς

306 983 682 1053 Ἰερουσαλὴμ,
724 983 800 1046 ὡς
832 983 996 1053 μηδὲν
1021 982 1130 1036 τῶν
1171 983 1396 1036 ἐνόντων
1433 983 1704 1037 διαλαθεῖν
1735 985 1858 1048 τοὺς

277 1075 782 1143 .πολεμίους.“οπερ
814 1073 831 1145 ί
852 1072 913 1127 F.
938 1067 1125 1145 ᾧπερ]
1152 1073 1457 1136 ἀκολούθως
1483 1075 1759 1144 ἐπήγαγεν
1773 1075 1856 1138 τὸ,

298 1183 316 1214 ι
357 1165 864 1236 Ἐξωλοθρεύθησαν
887 1165 1082 1227 πάντες
1095 1165 1154 1217 οἱ
1181 1164 1478 1234 ἐπηρμένοι
1506 1165 1754 1236 ἀργυρίῳ
1773 1182 1784 1194 ·
1831 1185 1849 1216 ι

293 1253 495 1315 δεικνὺς
537 1254 618 1306 ὅτι
638 1252 784 1306 οὕτω
817 1254 991 1306 πάντα
1015 1253 1123 1306 τῶν
1157 1251 1404 1323 εὐπόρων
1431 1253 1854 1325 ἀφαιρεθήσεται

295 1341 352 1391 τά
388 1342 520 1394 ὄντα
543 1382 560 1407 ,
591 1341 809 1405 οὐθενὸς
841 1341 1022 1396 λαθεῖν
1061 1341 1170 1395 τῶν
1197 1341 1468 1412 πολεμίων
1498 1343 1600 1412 τὴν
1633 1343 1854 1414 ἔρευναν

295 1432 598 1501 δυναμένου.
657 1451 674 1482 t
713 1434 821 1485 Kal.
864 1433 1130 1504 ἐκδικήσω
1178 1433 1270 1485 ἐπὶ
1312 1434 1438 1496 τοὺς
1486 1433 1682 1504 ἄνδρας
1728 1436 1852 1498 τοὺς

296 1523 756 1594 καταφρονοῦντας
776 1525 884 1576 -ἐπὶ
921 1525 992 1582 ετά
1032 1524 1357 1595 φυλάγματα
1391 1520 1730 1588 αὐτῶν,τοὺς
1763 1525 1853 1578 λέ-

293 1631 470 1682 γοντας
513 1617 574 1668 ἐν
605 1617 727 1678 ταῖς
759 1615 1004 1687 καρδίαις
1040 1616 1237 1682 αὐτῶν,
1261 1617 1342 1669 Οὐ
1373 1615 1447 1687 μὴ
1480 1615 1854 1688 ἀγαθοποιήσῃ

295 1706 503 1775 Κύριος,
528 1705 650 1759 οὐδὲ
680 1705 754 1776 μὴ
779 1705 1024 1777 κακώσῃ.
1059 1726 1077 1758 ι
1111 1708 1504 1780 Τιμωρήσομαι
1537 1707 1666 1778 γάρ,
1695 1708 1848 1778 φησὶ,

1964 520 2306 577 Hierusalem
2341 534 2462 572 cum
2487 518 2761 571 lucerna.»
2782 514 3051 581 Quoniam
3082 529 3292 581 eorum,
3319 515 3413 586 qui
3449 517 3529 571 in-

1961 613 2091 666 tima
2126 611 2505 668 etintenebris
2532 609 2751 664 condita
2783 616 3056 678 qurerunt,
3074 622 3193 662 mos
3209 609 3530 665 estlucerna

1957 704 2038 758 uti
2062 703 2130 756 ad
2157 704 2556 757 accuratiorem
2576 701 2854 756 latentium
2887 715 3068 755 rerum
3098 701 3528 772 vestigationem,

1958 794 2164 847 idcirco
2197 793 2278 848 sic
2304 794 2564 863 loquitur,
2618 791 2734 846 fore
2778 807 2971 862 nempe
3006 805 3065 846 ut
3090 793 3261 847 multa
3291 808 3413 847 cum
3445 809 3530 849 se-

1958 885 2185 940 dulitate
2220 886 2560 956 vestigentur
2576 899 2666 939 res
2693 898 2885 938 omnes
2907 883 3266 948 Hierusalem,
3306 893 3365 938 ut
3394 885 3530 938 nihil

1957 986 2122 1042 opum
2183 971 2303 1041 ejus
2350 973 2533 1027 hostes
2587 973 2766 1026 lateat.
2814 972 2933 1038 Quo
2972 972 3030 1024 fit
3073 980 3134 1026 ut
3167 983 3530 1030 consentanee

1931 1063 2274 1134 Asubjungat.
2310 1079 2330 1114 ι
2366 1061 2747 1132 Disperierunt
2777 1077 2970 1119 omnes
3001 1064 3127 1117 elati
3157 1067 3529 1134 argenlopsi-

1957 1153 2222 1224 gnilicans
2239 1151 2354 1206 fore
2379 1163 2436 1205 ut
2458 1151 2639 1205 cuncti
2673 1151 2900 1206 divitqu
2919 1153 3160 1209 thesauri
3179 1154 3526 1224 diripiantur,

1955 1261 2079 1301 cum
2135 1245 2271 1302 nihil
2326 1245 2565 1300 hostium
2621 1243 3030 1313 vcstigatiouem
3093 1245 3392 1300 vitaturum
3435 1247 3526 1302 sit.

1961 1355 1980 1387 ι
2009 1334 2075 1389 Ει
2098 1335 2330 1390 ulciscar
2357 1349 2522 1404 super
2547 1334 2714 1397 viros,
2737 1333 2828 1403 qui
2863 1343 3216 1388 contemnunt
3250 1338 3530 1393 custodias

1955 1444 2104 1491 suas,
2137 1427 2230 1497 qui
2265 1425 2454 1480 dicunt
2485 1427 2539 1478 in
2565 1424 2825 1480 cordibus
2853 1425 2968 1480 suis
2995 1444 3006 1479 :
3043 1424 3239 1496 Utique
3271 1443 3336 1481 ne
3368 1426 3529 1481 faciat

1956 1521 2092 1575 bene
2114 1518 2399 1582 Dominus,
2425 1531 2480 1572 et
2509 1533 2616 1572 non
2637 1517 2802 1572 faciat
2826 1521 3017 1574 malea
3045 1518 3177 1584 llos,
3210 1520 3406 1589 inquit,
3431 1537 3529 1590 pn-

1955 1613 2099 1661 niam
2132 1609 2225 1678 qui
2259 1616 2527 1678 pmcepta
2575 1622 2693 1662 mea
2728 1607 3046 1679 cultumque
3075 1609 3296 1665 omnino
3340 1625 3526 1679 asper-

1958 1707 2177 1766 nantur,
2211 1700 2411 1770 quibus
2450 1698 2712 1755 custodiri
2751 1714 2815 1754 ac
2855 1702 3060 1755 servari
3099 1701 3166 1756 ab
3191 1701 3338 1756 omni
3366 1701 3530 1773 256

292 1770 521 1860 τούτους,
571 1796 589 1864 (
611 1770 838 1867 p.390)
880 1797 929 1849 οἶ
976 1770 1085 1852 τῶν
1117 1770 1216 1868 μὲν
1269 1770 1720 1870 προσταγμάτων-

1959 1790 2283 1847 detrimento
2313 1799 2595 1861 poterant:
2617 1800 2914 1861 contraque
2941 1793 3256 1847 existimant
3287 1794 3399 1849 ﬁeri
3419 1770 3525 1850 non

292 1885 424 1955 ἐμῶν
459 1886 560 1938 καὶ
597 1885 696 1955 τῆς
731 1885 1022 1955 Θεραπείας
1056 1887 1416 1958 κατεφρόνουν
1447 1887 1724 1952 παντελῶς
1757 1889 1853 1958 τῆς

291 1975 448 2043 ἐμῆς,
497 1977 594 2042 ἀφ’
625 1970 700 2027 ῶν
749 1976 811 2045 δὴ
863 1975 1221 2043 φυλάττεσθαι
1255 1979 1348 2032 καὶ
1381 1978 1749 2050 διατηρεῖσθαι
1789 1980 1853 2032 ἐκ

293 2065 457 2134 πάσης
511 2065 777 2133 ἠδύναντο
822 2066 1111 2135 ἐπηρείας·
1147 2066 1521 2138 διακειμένους
1562 2067 1619 2119 δὲ
1649 2068 1728 2119 ὅτι
1780 2066 1854 2137 μὴ

294 2149 390 2208 οἷόν
416 2157 476 2208 τέ
510 2173 564 2208 τι
613 2156 780 2209 κακὸν
819 2157 998 2218 αὐτοῖς
1039 2157 1394 2226 ἐπενεχθῆναι
1428 2158 1647 2210 τοιαῦτα
1677 2174 1856 2227 παρα-

296 2247 569 2317 νομεῦσιν·
609 2247 672 2300 τὸ
719 2248 847 2318 γάρ,
873 2266 892 2298 ι
931 2249 1006 2300 Οὐ
1043 2248 1116 2318 μὴ
1146 2248 1518 2318 ἀγαθοποιήσῃ
1553 2245 1786 2318 Κύριος,
1831 2267 1849 2298 ι

296 2339 421 2392 κατά
477 2341 770 2411 ὑπόκρισιν
819 2340 1222 2406 ἀναγνωστέον,
1283 2338 1406 2392 ἀντὶ
1443 2339 1570 2403 τοῦ,
1635 2339 1856 2407 Ἀγαθο-

298 2432 517 2500 ποιήσει.
573 2450 591 2481 ι
629 2431 738 2484 Καὶ
765 2429 918 2482 ἔσται
955 2433 987 2500 ἡ
1022 2430 1250 2500 δύναμις
1287 2429 1464 2482 αὐτῶν
1517 2432 1595 2494 εἰς
1624 2431 1856 2502 διαρπα-

299 2523 410 2590 γὴν,
437 2523 530 2574 καὶ
549 2523 596 2574 οἱ
625 2516 762 2573 οἴκοι
784 2520 965 2573 αὐτῶν
986 2521 1063 2583 είς
1106 2521 1436 2590 ἀφανισμόψ
1463 2521 1554 2574 καὶ
1581 2522 1858 2593 οἰκοδομή-

303 2629 474 2666 σωσιν
523 2613 729 2676 οἰκίας,
773 2613 868 2665 καὶ
900 2612 961 2664 οὐ
997 2612 1070 2683 μὴ
1104 2613 1498 2683 κατοικήσωσιν
1535 2614 1594 2665 ἐν
1636 2613 1853 2677 αύταῖςο

306 2705 395 2755 καὶ
423 2703 909 2770 καταφυτεύσουσιν
955 2703 1311 2773 ἀμπελῶνας,
1350 2706 1444 2757 καὶ
1481 2705 1539 2757 ού
1578 2704 1654 2774 μὴ
1693 2705 1858 2758 πίωσι

316 2792 400 2844 τὸν
429 2791 565 2845 οἶνον
598 2794 765 2845 αὐτῶν
783 2810 796 2823 ·
831 2793 916 2846 ὅτι
939 2794 1103 2862 ἐγγυς
1127 2794 1306 2864 ἡμέρα
1330 2794 1532 2865 Κυρίου
1559 2797 1589 2864 ἠ
1625 2795 1856 2866 μεγάλη,

310 2886 466 2952 ens;
515 2887 601 2938 καὶ
646 2887 836 2954 ταχεῖα
873 2885 1097 2956 σφόδρα.
1144 2905 1163 2936 ι
1201 2885 1357 2937 Πᾶσα
1410 2886 1506 2954 μὲν
1547 2881 1638 2938 οὖν
1683 2886 1856 2938 αὐτῶν

301 2978 330 3044 ἡ
354 2976 573 3048 δύναμις
609 2979 714 3032 ὑπὸ
742 2979 855 3031 τῶν
880 2976 1154 3047 πολεμίων
1185 2975 1684 3048 περιαιρεθήσεται·
1715 2978 1857 3046 ἀφα-

295 3070 630 3140 νισθήσονται
673 3071 729 3123 δὲ
761 3071 854 3123 καὶ
882 3070 1080 3132 πάντες
1125 3069 1300 3121 αὐτῶν
1325 3069 1375 3120 οἱ
1405 3063 1569 3120 οἶκοι·
1609 3069 1698 3121 καὶ
1730 3067 1853 3122 οὔτε

293 3161 394 3214 τῶν
414 3164 583 3215 οἴκων
611 3162 1030 3226 ἀπολαύσουσιν,
1061 3159 1154 3224 οὓς
1189 3160 1326 3231 μετὰ
1358 3160 1554 3230 πολλῆς
1575 3161 1854 3232 οἰκοδομή-

295 3268 474 3316 σαντες
521 3252 871 3322 ἐπιμελείας,
902 3251 1023 3304 οὔτε
1053 3251 1158 3304 τῶν
1191 3250 1475 3319 γεωργιῶν
1513 3251 1618 3304 τῶν
1646 3252 1860 3305 οἰκείων

292 3340 547 3410 λήψονται
579 3343 671 3395 τὸν
704 3344 945 3414 καρπόν⁶
995 3343 1178 3412 ἐπειδὴ
1214 3341 1474 3410 πάρεστιν
1513 3343 1605 3394 καὶ
1636 3343 1860 3412 πλησίον

291 3434 419 3499 ἄγαν
441 3435 596 3486 ἐστὶν
626 3435 810 3505 ἡμέρα
829 3435 923 3487 τοῦ
947 3433 1100 3496 Θεοῦ,
1131 3435 1251 3488 καθ’
1277 3437 1341 3504 ἣν
1371 3417 1660 3503 ἐκϐήσεται
1690 3432 1862 3484 πάντα

291 3523 423 3593 άπερ
467 3521 569 3580 οὖν
609 3525 990 3592 ἀποπέφανται
1046 3525 1163 3578 κατ’
1195 3525 1372 3578 αὐτῶν
1406 3527 1434 3576 ὁ
1464 3523 1616 3585 Θεὸς.
1656 3539 1673 3571 ι
1707 3522 1860 3592 Φωνὴ

289 3616 495 3687 ἡμέρας
545 3618 754 3688 Κυρίου
784 3617 959 3687 πικρά
1007 3620 1098 3670 καὶ
1127 3617 1336 3687 σκληρά
1376 3617 1648 3669 τέτακται.
1692 3633 1708 3665 ι
1746 3616 1859 3666 Με-

295 3708 526 3776 μήνυται
578 3709 687 3780 γάρ
731 3710 760 3762 ὁ
807 3709 994 3778 καιρὸς
1039 3709 1135 3778 τῆς
1177 3709 1498 3777 ἀποφάσεως
1544 3706 1645 3774 τῆς
1691 3705 1858 3770 θείας,

1959 1898 2119 1952 posse
2161 1891 2217 1936 ut
2243 1883 2368 1936 mali
2397 1883 2604 1952 aliquid
2640 1886 2722 1936 eis
2749 1884 2960 1938 accidat
2985 1885 3112 1938 talia
3150 1886 3520 1954 peccantibus.

1957 1973 2090 2026 Nam
2121 1973 2290 2028 dictio
2314 1993 2331 2025 ι
2373 1973 2452 2029 Ne
2492 1975 2628 2029 bene
2653 1973 2843 2035 faciat,
2876 1994 2893 2024 ι
2937 1975 3158 2044 figurate
3191 1976 3414 2046 legenda
3442 1988 3527 2032 est

1953 2080 2078 2134 pro,
2116 2065 2251 2120 bene
2284 2063 2466 2119 faciet.
2500 2085 2516 2116 ι
2560 2064 2624 2118 Ει
2657 2068 2757 2120 erit
2783 2065 3043 2119 fortitudo
3073 2081 3262 2120 eorum
3295 2068 3348 2121 in
3381 2067 3529 2123 dirc-

1957 2157 2244 2225 ptionem,—
2285 2167 2336 2212 et
2389 2157 2584 2211 domus
2629 2172 2817 2210 eorum
2875 2158 2926 2210 in
2981 2157 3392 2228 dissipationem
3426 2175 3437 2209 :
3471 2170 3525 2212 et

1957 2246 2303 2302 aedificabant
2349 2248 2562 2314 domos,
2617 2257 2672 2302 et
2721 2264 2828 2303 non
2864 2249 3185 2305 habitahunt
3218 2251 3272 2304 in
3325 2251 3441 2318 eis;
3471 2262 3526 2306 et

1958 2339 2281 2410 plantabunt
2321 2343 2526 2405 vineas,
2584 2351 2637 2395 et
2697 2355 2802 2394 non
2862 2341 3046 2395 bibent
3087 2343 3270 2395 vinum
3311 2357 3523 2404 earum,

1957 2431 2085 2502 quia
2119 2431 2278 2500 juxta
2330 2438 2414 2485 est
2483 2431 2600 2484 dies
2651 2429 2863 2484 Domini
2903 2445 3119 2502 magna,
3155 2436 3311 2500 juxta
3355 2443 3437 2487 est
3471 2444 3525 2486 et

1957 2522 2112 2576 velox
2137 2521 2321 2575 nimis.
2349 2538 2367 2572 ι
2402 2519 2694 2584 Universa,
2729 2522 2924 2593 inquit,
2950 2538 3135 2576 eorum
3171 2523 3428 2578 fortitudo
3459 2525 3525 2578 ab

1957 2612 2206 2668 hostibus
2233 2611 2632 2682 exstinguetur,
2681 2612 3030 2666 destruentur
3085 2624 3294 2668 cuncta.-
3325 2614 3524 2668 domus

1955 2718 2146 2759 eorum
2177 2722 2190 2756 :
2227 2718 2403 2775 neque
2434 2702 2683 2759 aedificiis
2740 2703 2991 2758 fruentur
3021 2719 3139 2776 qua:
3170 2705 3354 2759 sedula
3393 2720 3525 2759 cura

1957 2803 2364 2856 exstruxerant,
2399 2810 2576 2865 neque
2611 2795 2678 2850 de
2706 2796 2851 2849 arvis
2875 2795 2987 2849 suis
3017 2795 3251 2848 fructum
3280 2810 3522 2865 carpent.

1957 2885 2225 2950 Quoniam
2285 2885 2434 2939 adest
2467 2902 2744 2957 propeque
2778 2895 2860 2940 est
2892 2886 2982 2941 Dei
3015 2885 3154 2949 dies,
3182 2902 3294 2957 quo
3327 2897 3523 2940 cuncta

1956 2977 2205 3032 evenient
2232 2990 2350 3046 qua:
2378 2976 2445 3030 de
2484 2977 2594 3031 illis
2621 2976 2857 3031 decrevit
2883 2975 3043 3030 Deus.
3082 2994 3099 3026 ι
3138 2975 3250 3029 Vox
3282 2977 3385 3030 diei
3421 2977 3523 3029 Do-

1957 3067 2088 3121 mini
2121 3082 2305 3121 amara
2321 3077 2375 3122 et
2401 3068 2536 3123 dura
2571 3068 2745 3137 posita
2770 3075 2873 3122 est.
2908 3087 2924 3119 ι
2950 3067 3266 3122 Prazdicitur
3313 3078 3526 3136 tempus

1957 3157 2126 3212 divini
2159 3156 2383 3224 decreti,
2416 3158 2780 3213 amaritudine
2812 3159 2978 3210 multa
3002 3167 3054 3211 ct
3089 3158 3382 3227 asperitate
3409 3158 3521 3229 ple-

1959 3265 2106 3303 nutn.
2147 3267 2165 3300 ι
2203 3248 2404 3305 Potens
2461 3251 2577 3306 dies
2638 3251 2750 3305 ira.
2785 3269 2804 3301 ι
2845 3249 3062 3306 Validus
3089 3250 3378 3305 admodum
3419 3252 3525 3305 dici

1959 3341 2104 3396 illius
2136 3340 2307 3396 furor.
2338 3361 2355 3392 ι
2393 3341 2515 3397 Dies
2549 3343 2662 3409 illa,
2695 3341 2812 3397 dies
2855 3342 3225 3396 tribulationis
3253 3350 3305 3395 et
3356 3356 3528 3410 angu-

1959 3433 2096 3498 stiae,
2133 3432 2249 3488 dics
2277 3432 2777 3503 intempestivitatis
2821 3440 2873 3485 et
2913 3434 3086 3497 exitii,
3117 3431 3231 3485 dies
3271 3433 3525 3485 tenebra-

1963 3538 2080 3576 rum
2115 3530 2168 3576 et
2194 3523 2469 3594 caliginis,
2500 3525 2617 3578 dies
2639 3524 2848 3578 nebula:
2881 3535 2935 3578 et
2960 3523 3212 3586 turbinis,
3238 3522 3355 3578 dies
3386 3523 3528 3578 tubae

1958 3625 2012 3671 et
2047 3615 2302 3671 clamoris
2348 3631 2512 3686 super
2549 3617 2713 3671 urbes
2746 3617 2985 3671 munitas
3017 3623 3068 3669 et
3107 3631 3270 3685 super
3302 3618 3528 3688 angulos

1958 3706 2223 3761 excelsos.
2257 3723 2275 3755 ι

287 3796 475 3868 πολλῆς
509 3799 739 3870 πικρίας
767 3815 828 3852 τε
856 3798 948 3850 καὶ
977 3798 1305 3868 τραχύτητος
1333 3799 1535 3866 γέμων.
1577 3816 1595 3846 ι
1625 3797 1834 3864 Δυνατὴ
1861 3796 2042 3866 ἡμέρα
2073 3794 2261 3864 ὀργῆς.
2297 3812 2314 3844 ι
2336 3793 2574 3863 ’ἰσχυρὸς
2610 3793 2747 3862 ἄγαν
2786 3795 2882 3865 τῆς
2907 3796 3118 3867 ἡμέρας
3147 3797 3352 3866 ἐκείνης
3379 3798 3407 3849 ὁ
3433 3799 3526 3850 θυ-

289 3888 398 3953 μός.
421 3909 438 3940 ι
463 3891 534 3942 Ἠ
566 3890 748 3960 ἡμέρα
774 3889 976 3959 ἐκείνη,
1000 3890 1177 3959 ἡμέρα
1212 3889 1439 3956 θλίψεως
1468 3891 1557 3941 καὶ
1588 3887 1852 3957 ἀνάγκης,
1887 3887 2067 3957 ἡμέρα
2101 3885 2307 3957 ἀωρίαις
2339 3887 2433 3937 καὶ
2463 3886 2789 3956 ἀφανισμοῦ,
2821 3886 3002 3958 ἡμέρα
3035 3887 3253 3950 σκότους
3280 3889 3371 3940 καὶ
3403 3891 3528 3956 γνό⁴

284 3995 401 4046 φου,
429 3980 626 4050 ἡμέρα
655 3980 884 4048 νεφέλης
905 3979 1000 4032 καὶ
1031 3978 1276 4051 ὁμίχλης,
1311 3979 1490 4049 ἡμέρα
1516 3977 1811 4044 σάλπιγγος
1839 3977 1930 4029 καί¹
1959 3975 2205 4046 κραυγῆς
2227 3976 2302 4045 (p.
2335 3973 2461 4044 591)
2498 3973 2589 4025 ἐπὶ
2616 3973 2714 4037 τὰς
2744 3975 2924 4039 πόλεις
2947 3978 3044 4040 τὰς
3069 3978 3288 4048 ὀχυρὰς,
3313 3981 3406 4032 καὶ
3438 3982 3531 4035 ἐπὶ

281 4071 374 4132 τὰς
406 4070 620 4137 γωνίας
648 4070 744 4132 τὰς
782 4069 1008 4139 ὑψηλάς.
1052 4089 1070 4121 ι

348 4161 499 4231 Στίχ.
543 4160 632 4226 ιζ’,
668 4167 756 4231 ιη’.
788 4191 859 4200 -
887 4161 1021 4213 Τότε
1052 4160 1158 4231 γὰρ
1205 4161 1416 4232 ἀνάγκη
1458 4179 1513 4214 τε
1559 4161 1650 4214 καὶ
1685 4159 1861 4231 θλίψις

284 4252 429 4306 ἔσται
462 4251 644 4322 πολλὴ
664 4292 679 4314 ,
716 4252 809 4305 καὶ
857 4251 1072 4305 θάνατοι
1101 4252 1270 4324 ἄωροι
1297 4253 1405 4305 τῶν
1447 4255 1504 4306 ἐν
1529 4253 1696 4323 νηπία
1724 4269 1860 4320 σφα-

283 4338 531 4409 ζομένων
563 4342 630 4409 τῇ
658 4338 874 4410 ἡλικίᾳ·
925 4342 1226 4411 ἀφανισμός
1249 4359 1307 4394 τε
1337 4341 1636 4415 ἀνθρώπων
1661 4342 1826 4405 πολὺς
1845 4382 1859 4404 ,

283 4429 353 4493 ὡς
393 4428 656 4483 ἐντεῦθεν
709 4429 958 4494 ἅπαντας
1009 4432 1184 4484 δοκεῖν
1235 4432 1432 4502 σκότῳ,
1458 4434 1639 4502 γνόφῳ
1689 4434 1722 4502 ἥ
1757 4449 1862 4485 τινι

2031 4157 2195 4214 Vens.
2232 4157 2415 4210 l7-l8.
2447 4189 2513 4198 --
2545 4155 2698 4210 Tunc
2722 4156 2872 4210 enim
2923 4159 3189 4227 angustire
3227 4168 3425 4223 erunt,
3475 4172 3530 4215 et

1959 4248 2238 4302 tribulatio
2261 4248 2453 4311 multa,
2488 4252 2542 4300 et
2569 4246 2876 4300 immatura:
2910 4256 3112 4304 mortes
3136 4250 3189 4303 in
3225 4261 3406 4306 tenera
3437 4267 3527 4306 oc-

1959 4341 2199 4394 cisorum
2219 4348 2396 4399 aetate,
2415 4336 2592 4391 caedes
2621 4336 2900 4390 hominum
2929 4340 3119 4403 multa,
3155 4341 3226 4393 ita
3260 4352 3313 4395 ut
3333 4343 3528 4398 abhinc

1960 4431 2244 4484 videantur
2275 4442 2464 4483 omnes
2495 4427 2755 4488 tenebris,
2795 4428 3048 4496 caligine,
3079 4441 3132 4482 et
3163 4431 3359 4485 nebula
3396 4448 3530 4500 qua-

285 4517 478 4589 νειρέλῃ
535 4517 932 4588 περικεχύσθαι
981 4521 1074 4574 καὶ
1111 4519 1344 4592 ὀμίχλην
1384 4522 1417 4591 ἦ
1451 4537 1509 4574 τε
1551 4523 1659 4592 γάρ
1707 4522 1858 4575 πολε-

1963 4521 2087 4576 dam
2119 4533 2183 4573 ac
2210 4517 2429 4573 turbine
2462 4515 2853 4572 circumfundi.
2885 4516 3018 4572 Nam
3069 4529 3122 4572 et
3155 4519 3344 4574 bellica
3376 4523 3528 4587 tuba,

288 4612 416 4679 μικὴ
449 4608 726 4677 σάλπιγξ,
771 4612 864 4664 καὶ
899 4614 932 4682 ὴ
983 4612 1117 4682 μετὰ
1143 4613 1346 4682 ταύτης
1380 4613 1530 4684 φωνὴ
1561 4614 1669 4666 τῶν
1706 4615 1863 4666 πολε-

289 4701 422 4769 μίων
447 4702 712 4772 μέγιστον
734 4703 929 4772 ἠχήσει
951 4704 1399 4774 προσημαίνουσα
1417 4704 1525 4758 τῶν
1550 4723 1605 4757 τε
1631 4706 1863 4777 ἰσχυρῶν

288 4795 493 4847 πόλεων
549 4795 644 4846 καὶ
687 4793 796 4845 τῶν
843 4794 1113 4863 μεγίστων
1165 4794 1351 4848 οἰκιῶν
1390 4795 1488 4866 τὴν
1522 4796 1859 4869 καθαίρεσιν.

291 4901 308 4934 ι
348 4886 459 4937 Καὶ
504 4885 752 4953 ἐκθλίψω
793 4885 919 4948 τοὺς
948 4884 1304 4956 ἀνθρώπους,
1351 4887 1452 4939 καὶ
1508 4888 1863 4957 πορεύσονται

285 4974 357 5036 ὡς
382 4975 609 5044 τυφλοὶ,
639 4976 723 5028 ὅτι
771 4973 848 5044 τῷ
885 4975 1075 5046 Κυρίῳ
1114 4975 1448 5046 ἐξήμαρτονο
1481 4978 1569 5030 καὶ
1602 4978 1775 5047 ἐκχεῶ
1806 4978 1864 5031 τὸ

285 5061 424 5137 αἷμα
475 5066 660 5121 αὐτῶν
705 5066 780 5128 ὡς
839 5065 996 5135 χοῦν,
1038 5067 1131 5119 καὶ
1178 5067 1276 5130 τὰς
1328 5068 1533 5140 σάρκας
1574 5069 1752 5122 αὐτῶν
1793 5068 1866 5130 ὡς

289 5159 536 5226 βόλόιτα.
585 5179 604 5210 ι
641 5161 719 5228 Τῇ
755 5159 853 5228 μὲν
880 5159 991 5229 γάρ
1035 5159 1308 5228 ὑπερϐολῇ
1341 5159 1438 5228 τῆς
1481 5160 1709 5228 θλίψεως
1733 5161 1864 5212 διοί-

290 5265 443 5303 σουσι
486 5251 705 5318 τυφλῶν
750 5250 936 5303 οὐδέν’·
977 5249 1096 5302 οὐδὲ
1140 5249 1207 5302 τά
1256 5251 1360 5321 πρὸ
1399 5250 1573 5302 ποδῶν
1603 5253 1734 5323 ὁρᾷν
1766 5247 1866 5304 οἶοί

289 5358 345 5393 τε
399 5343 596 5404 ὅντες·
649 5342 925 5396 πείσονται
978 5342 1035 5395 δὲ
1069 5342 1282 5394 ἅπαντα
1338 5343 1612 5412 συντόμως
1659 5345 1862 5406 εἰπεῖν,

293 5432 596 5501 ἐπειδήπερ
617 5432 758 5499 ἄγαν
778 5430 1051 5498 ἠσέϐησαν
1081 5431 1154 5494 είς
1188 5429 1319 5482 Θεόν
1338 5447 1352 5460 ·
1376 5429 1514 5499 ὑπὲρ
1539 5423 1613 5481 ὧν
1640 5431 1867 5500 αἵματός

293 5538 355 5574 τε
383 5522 608 5592 ἔκχυσις
655 5522 730 5586 ὡς
779 5523 844 5574 ἐκ
893 5520 1085 5574 πολλοῦ
1123 5522 1412 5590 γενήσεται
1463 5520 1651 5588 φόνου·
1710 5522 1770 5573 αἴ
1809 5538 1866 5572 τε

277 5611 405 5667 τῶν
445 5612 899 5684 ἀποθνησκόντων
949 5611 1150 5681 σάρκες
1182 5611 1404 5680 ἀτάφων
1447 5610 1711 5680 μενόντων
1760 5611 1868 5661 τῶν

300 5701 728 5774 ἀναιρουμένων,
757 5702 887 5755 ὡσεὶ
932 5703 1132 5773 κόπρος
1166 5719 1250 5763 τις
1297 5701 1434 5755 κατὰ
1469 5702 1664 5765 παντὸς
1709 5703 1870 5773 ρίτη-

623 5795 890 5856 ΡΑτιιοι.
924 5794 1039 5853 Gn.
1085 5793 1281 5853 LXVI.

1962 4621 2016 4668 et
2036 4613 2176 4667 hanc
2210 4612 2537 4667 subsecutus
2571 4609 2809 4664 hostium
2835 4610 3045 4663 clamor
3083 4610 3348 4666 altissime
3377 4629 3528 4669 reso-

1962 4705 2138 4767 nabit,
2192 4703 2523 4757 munitarum
2567 4701 2782 4755 urbium
2827 4716 2890 4754 ac
2932 4702 3255 4770 palatiorum
3305 4706 3528 4761 exitium

1962 4796 2317 4866 portendens.
2351 4815 2369 4846 ι
2405 4795 2470 4848 Et
2497 4794 2768 4848 tribulaho
2804 4793 3074 4858 homines,
3096 4803 3149 4848 et
3177 4796 3530 4851 ambulabunt

1964 4897 2023 4941 ut
2053 4889 2203 4954 caeci,
2222 4888 2349 4956 quia
2368 4886 2595 4940 Domino
2614 4893 2974 4954 peccaverunt
3006 4883 3380 4939 :etell'undam
3405 4903 3531 4941 san-

1967 4979 2183 5048 guinem
2235 4992 2426 5029 eorum
2485 4979 2628 5032 sicut
2677 4977 2977 5046 pulverem,
3021 4986 3074 5030 et
3114 4992 3307 5031 carnes
3341 4994 3528 5033 eorum

1967 5073 2109 5124 sicut
2143 5077 2381 5132 stercora
2419 5068 2601 5120 boum.
2645 5087 2662 5117 ι
2699 5067 3092 5122 Tribulationis
3140 5084 3388 5129 excessu.
3423 5086 3529 5124 non

1967 5168 2125 5215 erunt
2182 5158 2340 5213 cacis
2402 5158 2716 5219 dissimiles,
2768 5172 2835 5211 ne
2877 5158 2965 5209 illa
2997 5157 3215 5226 quidem
3267 5174 3382 5224 qua:
3409 5169 3532 5214 ante

1969 5250 2132 5320 pedes
2161 5257 2291 5303 sunt
2344 5249 2528 5301 videre
2557 5248 2814 5300 valentes.
2853 5248 3051 5316 Atque,
3113 5256 3170 5300 ut
3214 5252 3526 5306 summatim

1968 5343 2167 5406 dicam,
2203 5340 2337 5394 nihil
2372 5354 2478 5392 non
2510 5339 2668 5408 257
2711 5339 3003 5407 patientur,
3048 5340 3174 5409 quia
3208 5354 3446 5411 gravrter
3475 5347 3525 5399 in

1969 5432 2133 5490 Deum
2165 5440 2544 5500 peccaverunt.
2569 5431 2639 5482 Ea
2669 5439 2888 5498 prapter
2918 5439 2971 5484 et
3003 5432 3285 5501 sanguinis
3312 5433 3529 5498 eﬁ'usio,

1969 5533 2223 5593 tanquam
2275 5524 2456 5574 multa:
2486 5521 2782 5575 occisionis
2820 5523 2941 5584 crit,
2983 5529 3036 5577 et
3066 5524 3374 5581 occisorum
3407 5540 3526 5583 car-

1968 5630 2088 5679 nes,
2153 5614 2440 5682 insepultis
2501 5615 2730 5667 mortuis
2779 5615 3149 5682 manentibus,
3181 5616 3339 5685 quasi
3378 5617 3540 5673 fimus

1972 5709 2189 5774 quidam
2221 5704 2366 5758 omni
2405 5704 2520 5758 loco
2560 5703 2928 5773 jactabnntur.
2972 5724 2990 5756 ι
3027 5704 3091 5758 Ει
3126 5716 3406 5772 argentum
3442 5722 3535 5760 au-

3157 5796 3227 5851 15
