  <div class='ocr_page' id='page_1' title='image "/cluster/home/n/w/nwhite01/storage/ocr_20150623/66/mdp.39015008467477/237.png"; bbox 0 0 4022 6138; ppageno 0'>
   <div class='ocr_carea' id='block_1_1' title="bbox 476 338 581 397">
    <p class='ocr_par' dir='ltr' id='par_1_1' title="bbox 476 338 581 397">
     <span class='ocr_line' id='line_1_1' title="bbox 476 338 581 397; baseline 0.029 -3"><span class='ocrx_word' id='word_1_1' title='bbox 476 338 581 397; x_wconf 66' lang='grc'><strong>439</strong></span> 
     </span>
    </p>
   </div>
   <div class='ocr_carea' id='block_1_2' title="bbox 1671 343 2538 396">
    <p class='ocr_par' dir='ltr' id='par_1_2' title="bbox 1671 343 2538 396">
     <span class='ocr_line' id='line_1_2' title="bbox 1671 343 2538 396; baseline 0.001 -4"><span class='ocrx_word' id='word_1_2' title='bbox 1671 343 1703 392; x_wconf 82' lang='grc' dir='ltr'><strong><em>Ἰ</em></strong></span> <span class='ocrx_word' id='word_1_3' title='bbox 1721 343 1760 396; x_wconf 81' lang='grc' dir='ltr'><strong>ιι</strong></span> <span class='ocrx_word' id='word_1_4' title='bbox 1771 343 2018 394; x_wconf 68' lang='grc' dir='ltr'>ιιυυυιιι</span> <span class='ocrx_word' id='word_1_5' title='bbox 2059 344 2284 396; x_wconf 68' lang='lat' dir='ltr'><strong>MUI&#39;SU</strong></span> <span class='ocrx_word' id='word_1_6' title='bbox 2296 344 2538 393; x_wconf 66' lang='lat' dir='ltr'><strong>Eb&#39;l&#39;le</strong></span> 
     </span>
    </p>
   </div>
   <div class='ocr_carea' id='block_1_3' title="bbox 3627 333 3730 385">
    <p class='ocr_par' dir='ltr' id='par_1_3' title="bbox 3627 333 3730 385">
     <span class='ocr_line' id='line_1_3' title="bbox 3627 333 3730 385; baseline -0.01 0"><span class='ocrx_word' id='word_1_7' title='bbox 3627 333 3730 385; x_wconf 57' lang='grc' dir='ltr'><strong>ΜΟ</strong></span> 
     </span>
    </p>
   </div>
   <div class='ocr_carea' id='block_1_4' title="bbox 477 430 2059 531">
    <p class='ocr_par' dir='ltr' id='par_1_4' title="bbox 477 447 2052 523">
     <span class='ocr_line' id='line_1_4' title="bbox 477 447 2052 523; baseline -0.002 -15"><span class='ocrx_word' id='word_1_8' title='bbox 477 465 710 523; x_wconf 87' lang='lat' dir='ltr'><strong>rumque</strong></span> <span class='ocrx_word' id='word_1_9' title='bbox 738 465 927 507; x_wconf 90' lang='lat' dir='ltr'><strong>eorum</strong></span> <span class='ocrx_word' id='word_1_10' title='bbox 987 465 1091 504; x_wconf 90' lang='lat' dir='ltr'><strong>non</strong></span> <span class='ocrx_word' id='word_1_11' title='bbox 1128 447 1324 519; x_wconf 83' lang='lat' dir='ltr'><strong>poterit</strong></span> <span class='ocrx_word' id='word_1_12' title='bbox 1357 449 1589 504; x_wconf 89' lang='lat' dir='ltr'><strong>liberare</strong></span> <span class='ocrx_word' id='word_1_13' title='bbox 1618 465 1712 506; x_wconf 90' lang='lat' dir='ltr'><strong>eos</strong></span> <span class='ocrx_word' id='word_1_14' title='bbox 1742 451 1798 505; x_wconf 90' lang='lat' dir='ltr'><strong>in</strong></span> <span class='ocrx_word' id='word_1_15' title='bbox 1832 451 1920 508; x_wconf 90' lang='lat' dir='ltr'><strong>die</strong></span> <span class='ocrx_word' id='word_1_16' title='bbox 1960 453 2052 506; x_wconf 76' lang='lat' dir='ltr'><strong>ira:</strong></span> 
     </span>
    </p>
   </div>
   <div class='ocr_carea' id='block_1_5' title="bbox 2162 430 3740 531">
    <p class='ocr_par' dir='ltr' id='par_1_5' title="bbox 2162 430 3740 531">
     <span class='ocr_line' id='line_1_5' title="bbox 2162 430 3740 531; baseline 0.006 -27"><span class='ocrx_word' id='word_1_17' title='bbox 2162 469 2304 506; x_wconf 80' lang='grc' dir='ltr'>σεται</span> <span class='ocrx_word' id='word_1_18' title='bbox 2367 430 2552 506; x_wconf 86' lang='grc' dir='ltr'>τόπου.</span> <span class='ocrx_word' id='word_1_19' title='bbox 2605 465 2642 502; x_wconf 74' lang='grc' dir='ltr'><strong>ι.</strong></span> <span class='ocrx_word' id='word_1_20' title='bbox 2676 454 2785 506; x_wconf 86' lang='grc' dir='ltr'><strong>Και</strong></span> <span class='ocrx_word' id='word_1_21' title='bbox 2841 453 2900 506; x_wconf 86' lang='grc' dir='ltr'><strong>τὸ</strong></span> <span class='ocrx_word' id='word_1_22' title='bbox 2946 454 3206 524; x_wconf 84' lang='grc' dir='ltr'>ἀργύριον</span> <span class='ocrx_word' id='word_1_23' title='bbox 3253 455 3345 508; x_wconf 69' lang='grc' dir='ltr'>καὶ</span> <span class='ocrx_word' id='word_1_24' title='bbox 3398 456 3460 509; x_wconf 80' lang='grc' dir='ltr'><strong>τὸ</strong></span> <span class='ocrx_word' id='word_1_25' title='bbox 3515 459 3740 531; x_wconf 71' lang='grc' dir='ltr'>χρυσίον</span> 
     </span>
    </p>
   </div>
   <div class='ocr_carea' id='block_1_6' title="bbox 476 540 2049 614">
    <p class='ocr_par' dir='ltr' id='par_1_6' title="bbox 476 540 2049 614">
     <span class='ocr_line' id='line_1_6' title="bbox 476 540 2049 614; baseline 0.001 -18"><span class='ocrx_word' id='word_1_26' title='bbox 476 543 716 609; x_wconf 86' lang='lat' dir='ltr'><strong>Domini,</strong></span> <span class='ocrx_word' id='word_1_27' title='bbox 737 551 792 597; x_wconf 89' lang='lat' dir='ltr'><strong>et</strong></span> <span class='ocrx_word' id='word_1_28' title='bbox 813 543 934 614; x_wconf 84' lang='lat' dir='ltr'><strong>igne</strong></span> <span class='ocrx_word' id='word_1_29' title='bbox 951 541 1050 596; x_wconf 81' lang='lat' dir='ltr'><strong>zeli</strong></span> <span class='ocrx_word' id='word_1_30' title='bbox 1074 540 1193 610; x_wconf 82' lang='lat' dir='ltr'><strong>ejus</strong></span> <span class='ocrx_word' id='word_1_31' title='bbox 1214 550 1568 596; x_wconf 87' lang='lat' dir='ltr'><strong>consumetur</strong></span> <span class='ocrx_word' id='word_1_32' title='bbox 1590 542 1843 599; x_wconf 89' lang='lat' dir='ltr'><strong>universa</strong></span> <span class='ocrx_word' id='word_1_33' title='bbox 1867 553 2011 602; x_wconf 81' lang='lat' dir='ltr'><strong>terra</strong></span> <span class='ocrx_word' id='word_1_34' title='bbox 2038 562 2049 598; x_wconf 93' lang='lat'><strong>:</strong></span> 
     </span>
    </p>
   </div>
   <div class='ocr_carea' id='block_1_7' title="bbox 475 632 2056 706">
    <p class='ocr_par' dir='ltr' id='par_1_7' title="bbox 475 632 2056 706">
     <span class='ocr_line' id='line_1_7' title="bbox 475 632 2056 706; baseline -0.002 -15"><span class='ocrx_word' id='word_1_35' title='bbox 475 637 604 706; x_wconf 83' lang='lat' dir='ltr'><strong>quia</strong></span> <span class='ocrx_word' id='word_1_36' title='bbox 628 633 1153 690; x_wconf 74' lang='lat' dir='ltr'><strong>consummationem</strong></span> <span class='ocrx_word' id='word_1_37' title='bbox 1177 641 1232 688; x_wconf 91' lang='lat' dir='ltr'><strong>et</strong></span> <span class='ocrx_word' id='word_1_38' title='bbox 1260 633 1668 688; x_wconf 82' lang='lat' dir='ltr'><strong>festinationem</strong></span> <span class='ocrx_word' id='word_1_39' title='bbox 1699 632 1859 690; x_wconf 82' lang='lat' dir='ltr'><strong>faciet</strong></span> <span class='ocrx_word' id='word_1_40' title='bbox 1890 649 2056 704; x_wconf 83' lang='lat' dir='ltr'><strong>super</strong></span> 
     </span>
    </p>
   </div>
   <div class='ocr_carea' id='block_1_8' title="bbox 474 721 2055 794">
    <p class='ocr_par' dir='ltr' id='par_1_8' title="bbox 474 721 2055 794">
     <span class='ocr_line' id='line_1_8' title="bbox 474 721 2055 794; baseline -0.004 -12"><span class='ocrx_word' id='word_1_41' title='bbox 474 742 666 782; x_wconf 90' lang='lat' dir='ltr'><strong>omnes</strong></span> <span class='ocrx_word' id='word_1_42' title='bbox 712 732 872 780; x_wconf 82' lang='lat' dir='ltr'><strong>teme</strong></span> <span class='ocrx_word' id='word_1_43' title='bbox 933 723 1292 779; x_wconf 87' lang='lat' dir='ltr'><strong>habitatores.</strong></span> <span class='ocrx_word' id='word_1_44' title='bbox 1330 743 1348 776; x_wconf 84' lang='grc'><strong>›</strong></span> <span class='ocrx_word' id='word_1_45' title='bbox 1380 721 1528 778; x_wconf 83' lang='lat' dir='ltr'><strong>Nihil</strong></span> <span class='ocrx_word' id='word_1_46' title='bbox 1569 723 1708 792; x_wconf 84' lang='lat' dir='ltr'><strong>ipsis</strong></span> <span class='ocrx_word' id='word_1_47' title='bbox 1757 723 2055 794; x_wconf 88' lang='lat' dir='ltr'><strong>proderunt</strong></span> 
     </span>
    </p>
   </div>
   <div class='ocr_carea' id='block_1_9' title="bbox 474 814 2055 885">
    <p class='ocr_par' dir='ltr' id='par_1_9' title="bbox 474 814 2055 885">
     <span class='ocr_line' id='line_1_9' title="bbox 474 814 2055 885; baseline -0.001 -15"><span class='ocrx_word' id='word_1_48' title='bbox 474 817 676 871; x_wconf 73' lang='lat' dir='ltr'><strong>divitia:</strong></span> <span class='ocrx_word' id='word_1_49' title='bbox 691 814 1047 885; x_wconf 90' lang='lat' dir='ltr'><strong>quasinjuste</strong></span> <span class='ocrx_word' id='word_1_50' title='bbox 1060 821 1548 880; x_wconf 88' lang='lat' dir='ltr'><strong>coacervaverunt,</strong></span> <span class='ocrx_word' id='word_1_51' title='bbox 1571 815 1695 884; x_wconf 84' lang='lat' dir='ltr'><strong>quia</strong></span> <span class='ocrx_word' id='word_1_52' title='bbox 1730 814 1844 868; x_wconf 71' lang='lat' dir='ltr'><strong>haec</strong></span> <span class='ocrx_word' id='word_1_53' title='bbox 1873 815 2055 868; x_wconf 87' lang='lat' dir='ltr'><strong>omnia</strong></span> 
     </span>
    </p>
   </div>
   <div class='ocr_carea' id='block_1_10' title="bbox 474 902 2054 975">
    <p class='ocr_par' dir='ltr' id='par_1_10' title="bbox 474 902 2054 975">
     <span class='ocr_line' id='line_1_10' title="bbox 474 902 2054 975; baseline -0.004 -14"><span class='ocrx_word' id='word_1_54' title='bbox 474 918 716 975; x_wconf 79' lang='lat' dir='ltr'><strong>tempore</strong></span> <span class='ocrx_word' id='word_1_55' title='bbox 769 906 863 959; x_wconf 92' lang='lat' dir='ltr'><strong>illo</strong></span> <span class='ocrx_word' id='word_1_56' title='bbox 913 905 1113 960; x_wconf 68' lang='lat' dir='ltr'><strong>divinae</strong></span> <span class='ocrx_word' id='word_1_57' title='bbox 1139 903 1334 958; x_wconf 87' lang='lat' dir='ltr'><strong>cedent</strong></span> <span class='ocrx_word' id='word_1_58' title='bbox 1382 902 1496 966; x_wconf 66' lang='lat' dir='ltr'><strong>irae,</strong></span> <span class='ocrx_word' id='word_1_59' title='bbox 1538 917 1660 972; x_wconf 63' lang='lat' dir='ltr'><strong>quas</strong></span> <span class='ocrx_word' id='word_1_60' title='bbox 1701 903 1846 973; x_wconf 80' lang='lat' dir='ltr'><strong>ignis</strong></span> <span class='ocrx_word' id='word_1_61' title='bbox 1879 902 2054 958; x_wconf 80' lang='lat' dir='ltr'><strong>instar</strong></span> 
     </span>
    </p>
   </div>
   <div class='ocr_carea' id='block_1_11' title="bbox 476 992 2052 1061">
    <p class='ocr_par' dir='ltr' id='par_1_11' title="bbox 476 992 2052 1061">
     <span class='ocr_line' id='line_1_11' title="bbox 476 992 2052 1061; baseline -0.005 -7"><span class='ocrx_word' id='word_1_62' title='bbox 476 1003 787 1055; x_wconf 73' lang='lat' dir='ltr'><strong>universam</strong></span> <span class='ocrx_word' id='word_1_63' title='bbox 822 1005 1110 1053; x_wconf 87' lang='lat' dir='ltr'><strong>consumet</strong></span> <span class='ocrx_word' id='word_1_64' title='bbox 1141 1005 1340 1050; x_wconf 86' lang='lat' dir='ltr'><strong>terram</strong></span> <span class='ocrx_word' id='word_1_65' title='bbox 1363 1035 1378 1061; x_wconf 93' lang='lat'><strong>,</strong></span> <span class='ocrx_word' id='word_1_66' title='bbox 1412 1003 1642 1049; x_wconf 90' lang='lat' dir='ltr'><strong>cunctos</strong></span> <span class='ocrx_word' id='word_1_67' title='bbox 1672 1001 1852 1048; x_wconf 87' lang='lat' dir='ltr'><strong>autem</strong></span> <span class='ocrx_word' id='word_1_68' title='bbox 1899 992 2052 1047; x_wconf 52' lang='lat' dir='ltr'><strong>habi-</strong></span> 
     </span>
    </p>
   </div>
   <div class='ocr_carea' id='block_1_12' title="bbox 473 1083 2050 1160">
    <p class='ocr_par' dir='ltr' id='par_1_12' title="bbox 473 1083 2050 1160">
     <span class='ocr_line' id='line_1_12' title="bbox 473 1083 2050 1160; baseline -0.005 -16"><span class='ocrx_word' id='word_1_69' title='bbox 473 1099 678 1146; x_wconf 90' lang='lat' dir='ltr'><strong>tatores</strong></span> <span class='ocrx_word' id='word_1_70' title='bbox 717 1090 837 1160; x_wconf 96' lang='lat' dir='ltr'><strong>ejus</strong></span> <span class='ocrx_word' id='word_1_71' title='bbox 887 1089 1054 1142; x_wconf 88' lang='lat' dir='ltr'><strong>multa</strong></span> <span class='ocrx_word' id='word_1_72' title='bbox 1103 1101 1226 1140; x_wconf 84' lang='lat' dir='ltr'><strong>eum</strong></span> <span class='ocrx_word' id='word_1_73' title='bbox 1266 1085 1613 1142; x_wconf 79' lang='lat' dir='ltr'><strong>festinatione</strong></span> <span class='ocrx_word' id='word_1_74' title='bbox 1653 1083 2050 1154; x_wconf 85' lang='lat' dir='ltr'><strong>pessumdabit.</strong></span> 
     </span>
    </p>
   </div>
   <div class='ocr_carea' id='block_1_13' title="bbox 472 1175 2055 1248">
    <p class='ocr_par' dir='ltr' id='par_1_13' title="bbox 472 1175 2055 1248">
     <span class='ocr_line' id='line_1_13' title="bbox 472 1175 2055 1248; baseline -0.003 -14"><span class='ocrx_word' id='word_1_75' title='bbox 472 1181 678 1236; x_wconf 87' lang='lat' dir='ltr'><strong>Deinde</strong></span> <span class='ocrx_word' id='word_1_76' title='bbox 711 1188 833 1248; x_wconf 93' lang='lat' dir='ltr'><strong>post</strong></span> <span class='ocrx_word' id='word_1_77' title='bbox 877 1179 1142 1233; x_wconf 86' lang='lat' dir='ltr'><strong>malorum</strong></span> <span class='ocrx_word' id='word_1_78' title='bbox 1196 1175 1626 1245; x_wconf 65' lang='lat' dir='ltr'><strong>praedictionem,</strong></span> <span class='ocrx_word' id='word_1_79' title='bbox 1661 1177 1718 1229; x_wconf 89' lang='lat' dir='ltr'><strong>in</strong></span> <span class='ocrx_word' id='word_1_80' title='bbox 1747 1191 1900 1246; x_wconf 83' lang='lat' dir='ltr'><strong>spem</strong></span> <span class='ocrx_word' id='word_1_81' title='bbox 1933 1175 2055 1230; x_wconf 90' lang='lat' dir='ltr'><strong>illos</strong></span> 
     </span>
    </p>
   </div>
   <div class='ocr_carea' id='block_1_14' title="bbox 451 1267 1875 1344">
    <p class='ocr_par' dir='ltr' id='par_1_14' title="bbox 451 1267 1875 1344">
     <span class='ocr_line' id='line_1_14' title="bbox 451 1267 1875 1344; baseline -0.008 -16"><span class='ocrx_word' id='word_1_82' title='bbox 451 1290 574 1344; x_wconf 84' lang='lat' dir='ltr'><strong>.pro</strong></span> <span class='ocrx_word' id='word_1_83' title='bbox 604 1289 754 1328; x_wconf 89' lang='lat' dir='ltr'><strong>more</strong></span> <span class='ocrx_word' id='word_1_84' title='bbox 782 1287 883 1327; x_wconf 91' lang='lat' dir='ltr'><strong>suo</strong></span> <span class='ocrx_word' id='word_1_85' title='bbox 909 1269 1171 1341; x_wconf 82' lang='lat' dir='ltr'><strong>propheta</strong></span> <span class='ocrx_word' id='word_1_86' title='bbox 1197 1269 1433 1336; x_wconf 87' lang='lat' dir='ltr'><strong>erigens,</strong></span> <span class='ocrx_word' id='word_1_87' title='bbox 1461 1267 1636 1336; x_wconf 80' lang='lat' dir='ltr'><strong>pergit</strong></span> <span class='ocrx_word' id='word_1_88' title='bbox 1663 1267 1875 1324; x_wconf 88' lang='lat' dir='ltr'><strong>dicere:</strong></span> 
     </span>
    </p>
   </div>
   <div class='ocr_carea' id='block_1_15' title="bbox 2151 542 3738 624">
    <p class='ocr_par' dir='ltr' id='par_1_15' title="bbox 2151 542 3738 624">
     <span class='ocr_line' id='line_1_15' title="bbox 2151 542 3738 624; baseline 0.006 -29"><span class='ocrx_word' id='word_1_89' title='bbox 2151 542 2329 596; x_wconf 90' lang='grc' dir='ltr'>αὐτῶν</span> <span class='ocrx_word' id='word_1_90' title='bbox 2380 544 2440 595; x_wconf 88' lang='grc' dir='ltr'><strong>οὐ</strong></span> <span class='ocrx_word' id='word_1_91' title='bbox 2493 544 2568 614; x_wconf 81' lang='grc' dir='ltr'>μὴ</span> <span class='ocrx_word' id='word_1_92' title='bbox 2623 545 2822 615; x_wconf 79' lang='grc' dir='ltr'><strong>δυνηθῇ</strong></span> <span class='ocrx_word' id='word_1_93' title='bbox 2873 544 3148 609; x_wconf 77' lang='grc' dir='ltr'><strong>ἐξελέσθαι</strong></span> <span class='ocrx_word' id='word_1_94' title='bbox 3197 547 3392 612; x_wconf 82' lang='grc' dir='ltr'>αὐτοὺς</span> <span class='ocrx_word' id='word_1_95' title='bbox 3437 550 3496 602; x_wconf 78' lang='grc' dir='ltr'>ἐν</span> <span class='ocrx_word' id='word_1_96' title='bbox 3551 551 3738 624; x_wconf 60' lang='grc' dir='ltr'>ἡμέρα</span> 
     </span>
    </p>
   </div>
   <div class='ocr_carea' id='block_1_16' title="bbox 2150 633 3734 706">
    <p class='ocr_par' dir='ltr' id='par_1_16' title="bbox 2150 633 3734 706">
     <span class='ocr_line' id='line_1_16' title="bbox 2150 633 3734 706; baseline 0.006 -22"><span class='ocrx_word' id='word_1_97' title='bbox 2150 633 2319 702; x_wconf 81' lang='grc' dir='ltr'>ὀργῆς</span> <span class='ocrx_word' id='word_1_98' title='bbox 2363 633 2567 704; x_wconf 81' lang='grc' dir='ltr'><strong>Κυρίου</strong></span> <span class='ocrx_word' id='word_1_99' title='bbox 2591 673 2606 698; x_wconf 86' lang='grc'><strong>,</strong></span> <span class='ocrx_word' id='word_1_100' title='bbox 2636 635 2728 687; x_wconf 72' lang='grc' dir='ltr'><strong>καὶ</strong></span> <span class='ocrx_word' id='word_1_101' title='bbox 2757 635 2818 688; x_wconf 82' lang='grc' dir='ltr'><strong>έν</strong></span> <span class='ocrx_word' id='word_1_102' title='bbox 2860 635 2993 705; x_wconf 79' lang='grc' dir='ltr'>πυρὶ</span> <span class='ocrx_word' id='word_1_103' title='bbox 3026 634 3190 706; x_wconf 78' lang='grc' dir='ltr'>ζήλου</span> <span class='ocrx_word' id='word_1_104' title='bbox 3218 638 3384 691; x_wconf 87' lang='grc' dir='ltr'>αὐτοῦ</span> <span class='ocrx_word' id='word_1_105' title='bbox 3408 641 3734 693; x_wconf 87' lang='grc' dir='ltr'>καταναλω-</span> 
     </span>
    </p>
   </div>
   <div class='ocr_carea' id='block_1_17' title="bbox 2153 721 3736 800">
    <p class='ocr_par' dir='ltr' id='par_1_17' title="bbox 2153 721 3736 800">
     <span class='ocr_line' id='line_1_17' title="bbox 2153 721 3736 800; baseline 0.005 -26"><span class='ocrx_word' id='word_1_106' title='bbox 2153 721 2374 793; x_wconf 83' lang='grc' dir='ltr'>θήσεται</span> <span class='ocrx_word' id='word_1_107' title='bbox 2416 723 2565 775; x_wconf 79' lang='grc' dir='ltr'>πᾶσα</span> <span class='ocrx_word' id='word_1_108' title='bbox 2615 724 2648 794; x_wconf 79' lang='grc' dir='ltr'>ὴ</span> <span class='ocrx_word' id='word_1_109' title='bbox 2689 723 2798 794; x_wconf 76' lang='grc' dir='ltr'><strong>γῆο</strong></span> <span class='ocrx_word' id='word_1_110' title='bbox 2843 723 2978 778; x_wconf 84' lang='grc' dir='ltr'><strong>διότι</strong></span> <span class='ocrx_word' id='word_1_111' title='bbox 3011 725 3321 779; x_wconf 82' lang='grc' dir='ltr'><strong>συντέλειαν</strong></span> <span class='ocrx_word' id='word_1_112' title='bbox 3374 727 3469 800; x_wconf 75' lang='grc' dir='ltr'><strong>καὶ</strong></span> <span class='ocrx_word' id='word_1_113' title='bbox 3501 729 3736 797; x_wconf 69' lang='grc' dir='ltr'>σπουδὴν</span> 
     </span>
    </p>
   </div>
   <div class='ocr_carea' id='block_1_18' title="bbox 2154 815 3728 890">
    <p class='ocr_par' dir='ltr' id='par_1_18' title="bbox 2154 815 3728 890">
     <span class='ocr_line' id='line_1_18' title="bbox 2154 815 3728 890; baseline 0.004 -23"><span class='ocrx_word' id='word_1_114' title='bbox 2154 815 2364 886; x_wconf 82' lang='grc' dir='ltr'>ποιήσει</span> <span class='ocrx_word' id='word_1_115' title='bbox 2399 817 2491 868; x_wconf 75' lang='grc' dir='ltr'><strong>ἐπὶ</strong></span> <span class='ocrx_word' id='word_1_116' title='bbox 2530 815 2738 878; x_wconf 83' lang='grc' dir='ltr'><strong>πάντας</strong></span> <span class='ocrx_word' id='word_1_117' title='bbox 2785 816 2911 879; x_wconf 84' lang='grc' dir='ltr'><strong>τούς</strong></span> <span class='ocrx_word' id='word_1_118' title='bbox 2965 817 3355 882; x_wconf 79' lang='grc' dir='ltr'><strong>κατοικοῦντας</strong></span> <span class='ocrx_word' id='word_1_119' title='bbox 3390 818 3488 890; x_wconf 81' lang='grc' dir='ltr'><strong>τὴν</strong></span> <span class='ocrx_word' id='word_1_120' title='bbox 3541 820 3666 890; x_wconf 84' lang='grc' dir='ltr'>γῆν.</span> <span class='ocrx_word' id='word_1_121' title='bbox 3706 841 3728 873; x_wconf 69' lang='grc' dir='ltr'><strong>ι</strong></span> 
     </span>
    </p>
   </div>
   <div class='ocr_carea' id='block_1_19' title="bbox 2157 904 3734 980">
    <p class='ocr_par' dir='ltr' id='par_1_19' title="bbox 2157 904 3734 980">
     <span class='ocr_line' id='line_1_19' title="bbox 2157 904 3734 980; baseline 0.004 -25"><span class='ocrx_word' id='word_1_122' title='bbox 2157 904 2380 971; x_wconf 86' lang='grc' dir='ltr'>’Ὀνησις</span> <span class='ocrx_word' id='word_1_123' title='bbox 2427 905 2611 968; x_wconf 86' lang='grc' dir='ltr'>αὐτοῖς</span> <span class='ocrx_word' id='word_1_124' title='bbox 2653 905 2878 976; x_wconf 84' lang='grc' dir='ltr'>οὐδεμία</span> <span class='ocrx_word' id='word_1_125' title='bbox 2929 905 3021 958; x_wconf 88' lang='grc' dir='ltr'><strong>τοῦ</strong></span> <span class='ocrx_word' id='word_1_126' title='bbox 3063 907 3292 961; x_wconf 90' lang='grc' dir='ltr'>πλούτου</span> <span class='ocrx_word' id='word_1_127' title='bbox 3345 911 3633 980; x_wconf 80' lang='grc' dir='ltr'>γενήσεται</span> <span class='ocrx_word' id='word_1_128' title='bbox 3673 912 3734 964; x_wconf 85' lang='grc' dir='ltr'>ὃν</span> 
     </span>
    </p>
   </div>
   <div class='ocr_carea' id='block_1_20' title="bbox 2154 999 3738 1073">
    <p class='ocr_par' dir='ltr' id='par_1_20' title="bbox 2154 999 3738 1073">
     <span class='ocr_line' id='line_1_20' title="bbox 2154 999 3738 1073; baseline 0.006 -25"><span class='ocrx_word' id='word_1_129' title='bbox 2154 999 2457 1067; x_wconf 85' lang='grc' dir='ltr'>συνήγαγον</span> <span class='ocrx_word' id='word_1_130' title='bbox 2504 999 2734 1062; x_wconf 85' lang='grc' dir='ltr'>ἀδίκως.</span> <span class='ocrx_word' id='word_1_131' title='bbox 2794 999 2883 1070; x_wconf 87' lang='lat' dir='ltr'><strong>(p.</strong></span> <span class='ocrx_word' id='word_1_132' title='bbox 2928 1001 3066 1069; x_wconf 73' lang='lat'><strong>392)</strong></span> <span class='ocrx_word' id='word_1_133' title='bbox 3116 1002 3305 1073; x_wconf 76' lang='grc' dir='ltr'>ἐπειδὴ</span> <span class='ocrx_word' id='word_1_134' title='bbox 3344 1003 3520 1056; x_wconf 86' lang='grc' dir='ltr'>ταῦτα</span> <span class='ocrx_word' id='word_1_135' title='bbox 3558 1005 3738 1058; x_wconf 86' lang='grc' dir='ltr'>πάντα</span> 
     </span>
    </p>
   </div>
   <div class='ocr_carea' id='block_1_21' title="bbox 2153 1087 3736 1164">
    <p class='ocr_par' dir='ltr' id='par_1_21' title="bbox 2153 1087 3736 1164">
     <span class='ocr_line' id='line_1_21' title="bbox 2153 1087 3736 1164; baseline 0.006 -26"><span class='ocrx_word' id='word_1_136' title='bbox 2153 1087 2294 1140; x_wconf 84' lang='grc' dir='ltr'>κατὰ</span> <span class='ocrx_word' id='word_1_137' title='bbox 2324 1087 2414 1140; x_wconf 84' lang='grc' dir='ltr'><strong>τὸν</strong></span> <span class='ocrx_word' id='word_1_138' title='bbox 2464 1089 2653 1160; x_wconf 82' lang='grc' dir='ltr'>καιρὸν</span> <span class='ocrx_word' id='word_1_139' title='bbox 2701 1092 2907 1145; x_wconf 80' lang='grc' dir='ltr'>ἐκεῖνον</span> <span class='ocrx_word' id='word_1_140' title='bbox 2955 1093 3183 1163; x_wconf 89' lang='grc' dir='ltr'>δεύτερα</span> <span class='ocrx_word' id='word_1_141' title='bbox 3235 1093 3334 1163; x_wconf 85' lang='grc' dir='ltr'>τῆς</span> <span class='ocrx_word' id='word_1_142' title='bbox 3371 1095 3540 1164; x_wconf 81' lang='grc' dir='ltr'>ὀργῆς</span> <span class='ocrx_word' id='word_1_143' title='bbox 3581 1094 3736 1148; x_wconf 78' lang='grc' dir='ltr'>ἔσται</span> 
     </span>
    </p>
   </div>
   <div class='ocr_carea' id='block_1_22' title="bbox 2151 1178 3737 1256">
    <p class='ocr_par' dir='ltr' id='par_1_22' title="bbox 2151 1178 3737 1256">
     <span class='ocr_line' id='line_1_22' title="bbox 2151 1178 3737 1256; baseline 0.006 -27"><span class='ocrx_word' id='word_1_144' title='bbox 2151 1178 2250 1246; x_wconf 79' lang='grc' dir='ltr'>τῆς</span> <span class='ocrx_word' id='word_1_145' title='bbox 2296 1179 2480 1244; x_wconf 84' lang='grc' dir='ltr'>θείας,</span> <span class='ocrx_word' id='word_1_146' title='bbox 2535 1179 2569 1250; x_wconf 76' lang='grc' dir='ltr'>ἢ</span> <span class='ocrx_word' id='word_1_147' title='bbox 2607 1181 2779 1252; x_wconf 82' lang='grc' dir='ltr'>πυρὸς</span> <span class='ocrx_word' id='word_1_148' title='bbox 2807 1183 2965 1253; x_wconf 86' lang='grc' dir='ltr'>δίκην</span> <span class='ocrx_word' id='word_1_149' title='bbox 3005 1186 3186 1239; x_wconf 79' lang='grc' dir='ltr'>πᾶσαν</span> <span class='ocrx_word' id='word_1_150' title='bbox 3219 1186 3316 1256; x_wconf 82' lang='grc' dir='ltr'><strong>μὲν</strong></span> <span class='ocrx_word' id='word_1_151' title='bbox 3355 1186 3737 1240; x_wconf 87' lang='grc' dir='ltr'>καταναλώσει</span> 
     </span>
    </p>
   </div>
   <div class='ocr_carea' id='block_1_23' title="bbox 2153 1269 3739 1348">
    <p class='ocr_par' dir='ltr' id='par_1_23' title="bbox 2153 1269 3739 1348">
     <span class='ocr_line' id='line_1_23' title="bbox 2153 1269 3739 1348; baseline 0.006 -27"><span class='ocrx_word' id='word_1_152' title='bbox 2153 1269 2252 1339; x_wconf 81' lang='grc' dir='ltr'>τὴν</span> <span class='ocrx_word' id='word_1_153' title='bbox 2283 1271 2416 1340; x_wconf 80' lang='grc' dir='ltr'>γῆν,</span> <span class='ocrx_word' id='word_1_154' title='bbox 2455 1271 2668 1336; x_wconf 83' lang='grc' dir='ltr'>πάντας</span> <span class='ocrx_word' id='word_1_155' title='bbox 2709 1274 2768 1327; x_wconf 78' lang='grc' dir='ltr'>δὲ</span> <span class='ocrx_word' id='word_1_156' title='bbox 2823 1276 2950 1338; x_wconf 86' lang='grc' dir='ltr'>τοὺς</span> <span class='ocrx_word' id='word_1_157' title='bbox 2992 1276 3334 1341; x_wconf 78' lang='grc' dir='ltr'>ἐνοικοῦντας</span> <span class='ocrx_word' id='word_1_158' title='bbox 3376 1277 3545 1347; x_wconf 78' lang='grc' dir='ltr'>αὐτὴν</span> <span class='ocrx_word' id='word_1_159' title='bbox 3598 1277 3739 1348; x_wconf 86' lang='grc' dir='ltr'><strong>μετά</strong></span> 
     </span>
    </p>
   </div>
   <div class='ocr_carea' id='block_1_24' title="bbox 473 1351 3738 1435">
    <p class='ocr_par' dir='ltr' id='par_1_24' title="bbox 473 1351 3738 1435">
     <span class='ocr_line' id='line_1_24' title="bbox 473 1351 3738 1435; baseline 0 -19"><span class='ocrx_word' id='word_1_160' title='bbox 473 1362 665 1416; x_wconf 85' lang='grc' dir='ltr'>πολλοῦ</span> <span class='ocrx_word' id='word_1_161' title='bbox 692 1379 754 1427; x_wconf 85' lang='grc' dir='ltr'><strong>γε</strong></span> <span class='ocrx_word' id='word_1_162' title='bbox 781 1359 1032 1412; x_wconf 81' lang='grc' dir='ltr'>ἀπολέσει</span> <span class='ocrx_word' id='word_1_163' title='bbox 1057 1357 1148 1409; x_wconf 89' lang='grc' dir='ltr'><strong>τοῦ</strong></span> <span class='ocrx_word' id='word_1_164' title='bbox 1179 1358 1396 1426; x_wconf 83' lang='grc' dir='ltr'>τάχους.</span> <span class='ocrx_word' id='word_1_165' title='bbox 1434 1351 1564 1409; x_wconf 69' lang='grc' dir='ltr'>Εἶτα</span> <span class='ocrx_word' id='word_1_166' title='bbox 1605 1356 1742 1426; x_wconf 85' lang='grc' dir='ltr'><strong>μετά</strong></span> <span class='ocrx_word' id='word_1_167' title='bbox 1774 1357 1871 1426; x_wconf 85' lang='grc' dir='ltr'><strong>τὴν</strong></span> <span class='ocrx_word' id='word_1_168' title='bbox 1911 1360 2138 1426; x_wconf 81' lang='grc' dir='ltr'>μήνυσιν</span> <span class='ocrx_word' id='word_1_169' title='bbox 2172 1357 2280 1409; x_wconf 89' lang='grc' dir='ltr'><strong>τῶν</strong></span> <span class='ocrx_word' id='word_1_170' title='bbox 2312 1358 2497 1410; x_wconf 87' lang='grc' dir='ltr'>κακῶν</span> <span class='ocrx_word' id='word_1_171' title='bbox 2516 1399 2530 1423; x_wconf 83' lang='grc'><strong>,</strong></span> <span class='ocrx_word' id='word_1_172' title='bbox 2566 1360 2849 1425; x_wconf 73' lang='grc' dir='ltr'>εὐέλπιδας</span> <span class='ocrx_word' id='word_1_173' title='bbox 2875 1363 3072 1426; x_wconf 82' lang='grc' dir='ltr'>αὐτοὺς</span> <span class='ocrx_word' id='word_1_174' title='bbox 3105 1363 3285 1428; x_wconf 88' lang='grc' dir='ltr'>καθὼς</span> <span class='ocrx_word' id='word_1_175' title='bbox 3313 1363 3506 1418; x_wconf 80' lang='grc' dir='ltr'>εἴωθεν</span> <span class='ocrx_word' id='word_1_176' title='bbox 3546 1364 3576 1416; x_wconf 82' lang='grc' dir='ltr'><strong>ὁ</strong></span> <span class='ocrx_word' id='word_1_177' title='bbox 3601 1379 3738 1435; x_wconf 84' lang='grc' dir='ltr'>προ-</span> 
     </span>
    </p>
   </div>
   <div class='ocr_carea' id='block_1_25' title="bbox 475 1449 1130 1525">
    <p class='ocr_par' dir='ltr' id='par_1_25' title="bbox 475 1449 1130 1525">
     <span class='ocr_line' id='line_1_25' title="bbox 475 1449 1130 1525; baseline -0.011 -19"><span class='ocrx_word' id='word_1_178' title='bbox 475 1457 647 1525; x_wconf 72' lang='grc' dir='ltr'>φήτης</span> <span class='ocrx_word' id='word_1_179' title='bbox 678 1451 864 1514; x_wconf 83' lang='grc' dir='ltr'>ποιῶν,</span> <span class='ocrx_word' id='word_1_180' title='bbox 892 1449 1084 1516; x_wconf 73' lang='grc' dir='ltr'>ἐπάγει</span> <span class='ocrx_word' id='word_1_181' title='bbox 1115 1457 1130 1472; x_wconf 91' lang='grc'>⁶</span> 
     </span>
    </p>
   </div>
   <div class='ocr_carea' id='block_1_26' title="bbox 1137 1537 1384 1591">
    <p class='ocr_par' dir='ltr' id='par_1_26' title="bbox 1137 1537 1384 1591">
     <span class='ocr_line' id='line_1_26' title="bbox 1137 1537 1384 1591; baseline -0.008 0"><span class='ocrx_word' id='word_1_182' title='bbox 1137 1537 1290 1591; x_wconf 86' lang='lat' dir='ltr'><strong>CAP.</strong></span> <span class='ocrx_word' id='word_1_183' title='bbox 1320 1537 1384 1590; x_wconf 82' lang='lat' dir='ltr'><strong>ll.</strong></span> 
     </span>
    </p>
   </div>
   <div class='ocr_carea' id='block_1_27' title="bbox 543 1627 2052 1700">
    <p class='ocr_par' dir='ltr' id='par_1_27' title="bbox 543 1627 2052 1700">
     <span class='ocr_line' id='line_1_27' title="bbox 543 1627 2052 1700; baseline -0.001 -18"><span class='ocrx_word' id='word_1_184' title='bbox 543 1633 707 1688; x_wconf 74' lang='lat' dir='ltr'><strong>Vsus.</strong></span> <span class='ocrx_word' id='word_1_185' title='bbox 739 1632 847 1685; x_wconf 79' lang='grc'><strong>1-5.</strong></span> <span class='ocrx_word' id='word_1_186' title='bbox 883 1661 947 1673; x_wconf 78' lang='grc' dir='ltr'><strong>σ-</strong></span> <span class='ocrx_word' id='word_1_187' title='bbox 995 1649 1013 1680; x_wconf 79' lang='grc' dir='ltr'><strong>ι</strong></span> <span class='ocrx_word' id='word_1_188' title='bbox 1041 1628 1486 1700; x_wconf 83' lang='lat' dir='ltr'><strong>Congregainini,</strong></span> <span class='ocrx_word' id='word_1_189' title='bbox 1540 1627 1815 1696; x_wconf 85' lang='lat' dir='ltr'><strong>simulque</strong></span> <span class='ocrx_word' id='word_1_190' title='bbox 1874 1635 2052 1686; x_wconf 89' lang='lat' dir='ltr'><strong>orate.</strong></span> 
     </span>
    </p>
   </div>
   <div class='ocr_carea' id='block_1_28' title="bbox 469 1718 2055 1798">
    <p class='ocr_par' dir='ltr' id='par_1_28' title="bbox 469 1718 2055 1798">
     <span class='ocr_line' id='line_1_28' title="bbox 469 1718 2055 1798; baseline -0.006 -16"><span class='ocrx_word' id='word_1_191' title='bbox 469 1742 603 1798; x_wconf 84' lang='lat' dir='ltr'><strong>gens</strong></span> <span class='ocrx_word' id='word_1_192' title='bbox 630 1725 926 1783; x_wconf 87' lang='lat' dir='ltr'><strong>inerudita.</strong></span> <span class='ocrx_word' id='word_1_193' title='bbox 960 1730 1253 1791; x_wconf 84' lang='lat' dir='ltr'><strong>antequam</strong></span> <span class='ocrx_word' id='word_1_194' title='bbox 1304 1720 1449 1774; x_wconf 77' lang='lat' dir='ltr'><strong>fialis</strong></span> <span class='ocrx_word' id='word_1_195' title='bbox 1483 1728 1537 1772; x_wconf 89' lang='lat' dir='ltr'><strong>ut</strong></span> <span class='ocrx_word' id='word_1_196' title='bbox 1567 1718 1668 1774; x_wconf 83' lang='lat' dir='ltr'><strong>llos</strong></span> <span class='ocrx_word' id='word_1_197' title='bbox 1683 1719 2055 1788; x_wconf 84' lang='lat' dir='ltr'><strong>pertransiens</strong></span> 
     </span>
    </p>
   </div>
   <div class='ocr_carea' id='block_1_29' title="bbox 469 1805 2057 1879">
    <p class='ocr_par' dir='ltr' id='par_1_29' title="bbox 469 1805 2057 1879">
     <span class='ocr_line' id='line_1_29' title="bbox 469 1805 2057 1879; baseline -0.005 -11"><span class='ocrx_word' id='word_1_198' title='bbox 469 1817 722 1878; x_wconf 89' lang='lat' dir='ltr'><strong>diurnus,</strong></span> <span class='ocrx_word' id='word_1_199' title='bbox 781 1821 1072 1879; x_wconf 86' lang='lat' dir='ltr'><strong>antequam</strong></span> <span class='ocrx_word' id='word_1_200' title='bbox 1119 1808 1300 1863; x_wconf 84' lang='lat' dir='ltr'><strong>veniat</strong></span> <span class='ocrx_word' id='word_1_201' title='bbox 1340 1823 1507 1876; x_wconf 87' lang='lat' dir='ltr'><strong>super</strong></span> <span class='ocrx_word' id='word_1_202' title='bbox 1566 1823 1661 1861; x_wconf 89' lang='lat' dir='ltr'><strong>vos</strong></span> <span class='ocrx_word' id='word_1_203' title='bbox 1703 1809 1781 1860; x_wconf 87' lang='lat' dir='ltr'><strong>ira</strong></span> <span class='ocrx_word' id='word_1_204' title='bbox 1836 1805 2057 1860; x_wconf 77' lang='lat' dir='ltr'><strong>furoris</strong></span> 
     </span>
    </p>
   </div>
   <div class='ocr_carea' id='block_1_30' title="bbox 2331 1545 3074 1598">
    <p class='ocr_par' dir='ltr' id='par_1_30' title="bbox 2331 1545 3074 1598">
     <span class='ocr_line' id='line_1_30' title="bbox 2331 1545 3074 1598; baseline -0.001 -1"><span class='ocrx_word' id='word_1_205' title='bbox 2331 1575 2339 1582; x_wconf 91' lang='lat'><strong>-</strong></span> <span class='ocrx_word' id='word_1_206' title='bbox 2801 1545 2956 1598; x_wconf 83' lang='grc' dir='ltr'>ΚΕΦ.</span> <span class='ocrx_word' id='word_1_207' title='bbox 3000 1546 3074 1596; x_wconf 83' lang='lat' dir='ltr'><strong>B‘.</strong></span> 
     </span>
    </p>
   </div>
   <div class='ocr_carea' id='block_1_31' title="bbox 2223 1633 3736 1708">
    <p class='ocr_par' dir='ltr' id='par_1_31' title="bbox 2223 1633 3736 1708">
     <span class='ocr_line' id='line_1_31' title="bbox 2223 1633 3736 1708; baseline 0.005 -24"><span class='ocrx_word' id='word_1_208' title='bbox 2223 1633 2368 1703; x_wconf 86' lang='grc' dir='ltr'>Στίχ.</span> <span class='ocrx_word' id='word_1_209' title='bbox 2405 1633 2548 1698; x_wconf 79' lang='grc' dir='ltr'>α’-γ’.</span> <span class='ocrx_word' id='word_1_210' title='bbox 2600 1663 2667 1673; x_wconf 90' lang='grc'><strong>-</strong></span> <span class='ocrx_word' id='word_1_211' title='bbox 2714 1653 2731 1684; x_wconf 78' lang='grc' dir='ltr'><strong>ι</strong></span> <span class='ocrx_word' id='word_1_212' title='bbox 2767 1635 3076 1706; x_wconf 86' lang='grc' dir='ltr'>Συνάχθητε</span> <span class='ocrx_word' id='word_1_213' title='bbox 3140 1637 3232 1688; x_wconf 65' lang='grc' dir='ltr'><strong>καὶ⁸</strong></span> <span class='ocrx_word' id='word_1_214' title='bbox 3288 1636 3634 1708; x_wconf 81' lang='grc' dir='ltr'>συνδεήθητε,</span> <span class='ocrx_word' id='word_1_215' title='bbox 3670 1643 3736 1696; x_wconf 80' lang='grc' dir='ltr'><strong>τὸ</strong></span> 
     </span>
    </p>
   </div>
   <div class='ocr_carea' id='block_1_32' title="bbox 2154 1720 3737 1795">
    <p class='ocr_par' dir='ltr' id='par_1_32' title="bbox 2154 1720 3737 1795">
     <span class='ocr_line' id='line_1_32' title="bbox 2154 1720 3737 1795; baseline 0.003 -22"><span class='ocrx_word' id='word_1_216' title='bbox 2154 1720 2305 1783; x_wconf 74' lang='grc' dir='ltr'>ἔθνος</span> <span class='ocrx_word' id='word_1_217' title='bbox 2325 1721 2385 1774; x_wconf 86' lang='grc' dir='ltr'><strong>τὸ</strong></span> <span class='ocrx_word' id='word_1_218' title='bbox 2407 1721 2727 1776; x_wconf 83' lang='grc' dir='ltr'>ἀπαίδευτον</span> <span class='ocrx_word' id='word_1_219' title='bbox 2752 1724 2858 1794; x_wconf 84' lang='grc' dir='ltr'><strong>πρὸ</strong></span> <span class='ocrx_word' id='word_1_220' title='bbox 2883 1723 2975 1777; x_wconf 77' lang='grc' dir='ltr'><strong>τοῦ</strong></span> <span class='ocrx_word' id='word_1_221' title='bbox 3003 1723 3256 1792; x_wconf 85' lang='grc' dir='ltr'>γενέσθαι</span> <span class='ocrx_word' id='word_1_222' title='bbox 3289 1726 3434 1795; x_wconf 80' lang='grc' dir='ltr'>ὑμᾶς</span> <span class='ocrx_word' id='word_1_223' title='bbox 3460 1725 3536 1788; x_wconf 86' lang='grc' dir='ltr'>ὡς</span> <span class='ocrx_word' id='word_1_224' title='bbox 3575 1725 3737 1788; x_wconf 81' lang='grc' dir='ltr'>ἀνυος</span> 
     </span>
    </p>
   </div>
   <div class='ocr_carea' id='block_1_33' title="bbox 2157 1812 3737 1885">
    <p class='ocr_par' dir='ltr' id='par_1_33' title="bbox 2157 1812 3737 1885">
     <span class='ocr_line' id='line_1_33' title="bbox 2157 1812 3737 1885; baseline 0.004 -21"><span class='ocrx_word' id='word_1_225' title='bbox 2157 1812 2682 1882; x_wconf 83' lang='grc' dir='ltr'>παραπορευόμενον</span> <span class='ocrx_word' id='word_1_226' title='bbox 2707 1814 2940 1883; x_wconf 82' lang='grc' dir='ltr'>ἡμέρας,</span> <span class='ocrx_word' id='word_1_227' title='bbox 2967 1815 3072 1885; x_wconf 82' lang='grc' dir='ltr'><strong>πρὸ</strong></span> <span class='ocrx_word' id='word_1_228' title='bbox 3092 1815 3185 1868; x_wconf 82' lang='grc' dir='ltr'><strong>τοῦ</strong></span> <span class='ocrx_word' id='word_1_229' title='bbox 3207 1815 3454 1868; x_wconf 77' lang='grc' dir='ltr'>ἐπελθεῖν</span> <span class='ocrx_word' id='word_1_230' title='bbox 3479 1817 3562 1883; x_wconf 73' lang='grc' dir='ltr'><strong>ἐφ’</strong></span> <span class='ocrx_word' id='word_1_231' title='bbox 3589 1816 3737 1884; x_wconf 77' lang='grc' dir='ltr'>ὑμᾶς</span> 
     </span>
    </p>
   </div>
   <div class='ocr_carea' id='block_1_34' title="bbox 469 1893 2059 1981">
    <p class='ocr_par' dir='ltr' id='par_1_34' title="bbox 469 1893 2051 1967">
     <span class='ocr_line' id='line_1_34' title="bbox 469 1893 2051 1967; baseline -0.006 -12"><span class='ocrx_word' id='word_1_232' title='bbox 469 1901 706 1957; x_wconf 89' lang='lat' dir='ltr'><strong>Domini.</strong></span> <span class='ocrx_word' id='word_1_233' title='bbox 749 1918 768 1950; x_wconf 69' lang='grc' dir='ltr'><strong>ι</strong></span> <span class='ocrx_word' id='word_1_234' title='bbox 814 1897 1009 1967; x_wconf 80' lang='lat' dir='ltr'><strong>Agesis</strong></span> <span class='ocrx_word' id='word_1_235' title='bbox 1040 1896 1206 1960; x_wconf 89' lang='lat' dir='ltr'><strong>enim,</strong></span> <span class='ocrx_word' id='word_1_236' title='bbox 1236 1909 1428 1948; x_wconf 85' lang='lat' dir='ltr'><strong>omnes</strong></span> <span class='ocrx_word' id='word_1_237' title='bbox 1459 1893 1553 1962; x_wconf 85' lang='lat' dir='ltr'><strong>qui</strong></span> <span class='ocrx_word' id='word_1_238' title='bbox 1587 1893 1859 1946; x_wconf 86' lang='lat' dir='ltr'><strong>hactenus</strong></span> <span class='ocrx_word' id='word_1_239' title='bbox 1891 1893 2051 1946; x_wconf 88' lang='lat' dir='ltr'><strong>ollieii</strong></span> 
     </span>
    </p>
   </div>
   <div class='ocr_carea' id='block_1_35' title="bbox 2162 1893 3738 1981">
    <p class='ocr_par' dir='ltr' id='par_1_35' title="bbox 2162 1902 3738 1979">
     <span class='ocr_line' id='line_1_35' title="bbox 2162 1902 3738 1979; baseline 0.003 -23"><span class='ocrx_word' id='word_1_240' title='bbox 2162 1903 2323 1974; x_wconf 72' lang='grc' dir='ltr'>ὀργὴν</span> <span class='ocrx_word' id='word_1_241' title='bbox 2356 1902 2530 1975; x_wconf 87' lang='grc' dir='ltr'>θυμοῦ</span> <span class='ocrx_word' id='word_1_242' title='bbox 2564 1905 2790 1975; x_wconf 79' lang='grc' dir='ltr'>Κυρίου.</span> <span class='ocrx_word' id='word_1_243' title='bbox 2837 1925 2854 1957; x_wconf 74' lang='grc' dir='ltr'><strong>ι</strong></span> <span class='ocrx_word' id='word_1_244' title='bbox 2907 1906 3068 1960; x_wconf 87' lang='grc' dir='ltr'>Ἀλλά</span> <span class='ocrx_word' id='word_1_245' title='bbox 3095 1908 3202 1977; x_wconf 82' lang='grc' dir='ltr'>γὰρ</span> <span class='ocrx_word' id='word_1_246' title='bbox 3243 1909 3477 1972; x_wconf 74' lang='grc' dir='ltr'>ἅπαντες</span> <span class='ocrx_word' id='word_1_247' title='bbox 3505 1911 3660 1979; x_wconf 84' lang='grc' dir='ltr'>ὑμεῖς</span> <span class='ocrx_word' id='word_1_248' title='bbox 3682 1908 3738 1960; x_wconf 75' lang='grc' dir='ltr'><strong>οἱ</strong></span> 
     </span>
    </p>
   </div>
   <div class='ocr_carea' id='block_1_36' title="bbox 473 1981 2053 2057">
    <p class='ocr_par' dir='ltr' id='par_1_36' title="bbox 473 1981 2053 2057">
     <span class='ocr_line' id='line_1_36' title="bbox 473 1981 2053 2057; baseline -0.005 -15"><span class='ocrx_word' id='word_1_249' title='bbox 473 1991 639 2046; x_wconf 74' lang='lat' dir='ltr'><strong>vestri</strong></span> <span class='ocrx_word' id='word_1_250' title='bbox 663 1987 1013 2057; x_wconf 90' lang='lat' dir='ltr'><strong>disciplinam</strong></span> <span class='ocrx_word' id='word_1_251' title='bbox 1036 1998 1145 2038; x_wconf 90' lang='lat' dir='ltr'><strong>non</strong></span> <span class='ocrx_word' id='word_1_252' title='bbox 1187 1982 1514 2052; x_wconf 83' lang='lat' dir='ltr'><strong>excepistis,</strong></span> <span class='ocrx_word' id='word_1_253' title='bbox 1553 1995 1701 2034; x_wconf 90' lang='lat' dir='ltr'><strong>nunc</strong></span> <span class='ocrx_word' id='word_1_254' title='bbox 1725 1981 2053 2051; x_wconf 83' lang='lat' dir='ltr'><strong>congregati</strong></span> 
     </span>
    </p>
   </div>
   <div class='ocr_carea' id='block_1_37' title="bbox 474 2072 2057 2146">
    <p class='ocr_par' dir='ltr' id='par_1_37' title="bbox 474 2072 2057 2146">
     <span class='ocr_line' id='line_1_37' title="bbox 474 2072 2057 2146; baseline -0.007 -9"><span class='ocrx_word' id='word_1_255' title='bbox 474 2095 789 2137; x_wconf 88' lang='lat' dir='ltr'><strong>communes</strong></span> <span class='ocrx_word' id='word_1_256' title='bbox 811 2077 920 2132; x_wconf 89' lang='lat' dir='ltr'><strong>Deo</strong></span> <span class='ocrx_word' id='word_1_257' title='bbox 943 2091 1133 2146; x_wconf 89' lang='lat' dir='ltr'><strong>preces</strong></span> <span class='ocrx_word' id='word_1_258' title='bbox 1155 2075 1416 2138; x_wconf 83' lang='lat' dir='ltr'><strong>extollite,</strong></span> <span class='ocrx_word' id='word_1_259' title='bbox 1450 2090 1518 2127; x_wconf 92' lang='lat' dir='ltr'><strong>ne</strong></span> <span class='ocrx_word' id='word_1_260' title='bbox 1549 2073 1690 2126; x_wconf 79' lang='lat' dir='ltr'><strong>forte</strong></span> <span class='ocrx_word' id='word_1_261' title='bbox 1711 2072 1862 2127; x_wconf 84' lang='lat' dir='ltr'><strong>ﬂoris</strong></span> <span class='ocrx_word' id='word_1_262' title='bbox 1881 2073 2057 2127; x_wconf 87' lang='lat' dir='ltr'><strong>instar</strong></span> 
     </span>
    </p>
   </div>
   <div class='ocr_carea' id='block_1_38' title="bbox 443 2165 2052 2244">
    <p class='ocr_par' dir='ltr' id='par_1_38' title="bbox 443 2165 2052 2244">
     <span class='ocr_line' id='line_1_38' title="bbox 443 2165 2052 2244; baseline -0.005 -17"><span class='ocrx_word' id='word_1_263' title='bbox 443 2213 445 2215; x_wconf 59' lang='grc' dir='ltr'><strong>ι</strong></span> <span class='ocrx_word' id='word_1_264' title='bbox 474 2181 694 2244; x_wconf 73' lang='lat' dir='ltr'><strong>repente</strong></span> <span class='ocrx_word' id='word_1_265' title='bbox 716 2168 1126 2227; x_wconf 65' lang='lat' dir='ltr'><strong>imirces&lt;;eiitis.</strong></span> <span class='ocrx_word' id='word_1_266' title='bbox 1151 2181 1464 2237; x_wconf 88' lang='lat' dir='ltr'><strong>supremum</strong></span> <span class='ocrx_word' id='word_1_267' title='bbox 1490 2166 1717 2221; x_wconf 81' lang='lat' dir='ltr'><strong>exitium</strong></span> <span class='ocrx_word' id='word_1_268' title='bbox 1747 2165 2052 2235; x_wconf 86' lang='lat' dir='ltr'><strong>patiamini,</strong></span> 
     </span>
    </p>
   </div>
   <div class='ocr_carea' id='block_1_39' title="bbox 482 2253 2056 2319">
    <p class='ocr_par' dir='ltr' id='par_1_39' title="bbox 482 2253 2056 2319">
     <span class='ocr_line' id='line_1_39' title="bbox 482 2253 2056 2319; baseline -0.004 -7"><span class='ocrx_word' id='word_1_269' title='bbox 482 2273 594 2315; x_wconf 81' lang='lat' dir='ltr'><strong>tota</strong></span> <span class='ocrx_word' id='word_1_270' title='bbox 625 2261 680 2313; x_wconf 94' lang='lat' dir='ltr'><strong>in</strong></span> <span class='ocrx_word' id='word_1_271' title='bbox 707 2274 804 2312; x_wconf 92' lang='lat' dir='ltr'><strong>vos</strong></span> <span class='ocrx_word' id='word_1_272' title='bbox 835 2258 1078 2311; x_wconf 87' lang='lat' dir='ltr'><strong>irruente</strong></span> <span class='ocrx_word' id='word_1_273' title='bbox 1094 2255 1277 2310; x_wconf 87' lang='lat' dir='ltr'><strong>divina</strong></span> <span class='ocrx_word' id='word_1_274' title='bbox 1310 2254 1410 2307; x_wconf 90' lang='lat' dir='ltr'><strong>ira.</strong></span> <span class='ocrx_word' id='word_1_275' title='bbox 1437 2273 1454 2304; x_wconf 77' lang='grc' dir='ltr'><strong>ι</strong></span> <span class='ocrx_word' id='word_1_276' title='bbox 1483 2253 1721 2319; x_wconf 73' lang='lat' dir='ltr'><strong>Qumrite</strong></span> <span class='ocrx_word' id='word_1_277' title='bbox 1741 2253 2056 2319; x_wconf 87' lang='lat' dir='ltr'><strong>Dominum,</strong></span> 
     </span>
    </p>
   </div>
   <div class='ocr_carea' id='block_1_40' title="bbox 451 2344 2058 2416">
    <p class='ocr_par' dir='ltr' id='par_1_40' title="bbox 451 2344 2058 2416">
     <span class='ocr_line' id='line_1_40' title="bbox 451 2344 2058 2416; baseline -0.007 -7"><span class='ocrx_word' id='word_1_278' title='bbox 451 2353 654 2409; x_wconf 73' lang='lat' dir='ltr'><strong>cuncti</strong></span> <span class='ocrx_word' id='word_1_279' title='bbox 685 2351 920 2405; x_wconf 84' lang='lat' dir='ltr'><strong>humiles</strong></span> <span class='ocrx_word' id='word_1_280' title='bbox 963 2359 1140 2404; x_wconf 78' lang='lat' dir='ltr'><strong>terrae.</strong></span> <span class='ocrx_word' id='word_1_281' title='bbox 1179 2366 1196 2398; x_wconf 78' lang='grc' dir='ltr'><strong>ι</strong></span> <span class='ocrx_word' id='word_1_282' title='bbox 1230 2344 1342 2401; x_wconf 74' lang='lat' dir='ltr'><strong>Vos</strong></span> <span class='ocrx_word' id='word_1_283' title='bbox 1364 2347 1456 2415; x_wconf 90' lang='lat' dir='ltr'><strong>qui</strong></span> <span class='ocrx_word' id='word_1_284' title='bbox 1503 2362 1612 2416; x_wconf 78' lang='lat' dir='ltr'><strong>prae</strong></span> <span class='ocrx_word' id='word_1_285' title='bbox 1652 2345 1863 2400; x_wconf 80' lang='lat' dir='ltr'><strong>caeteris</strong></span> <span class='ocrx_word' id='word_1_286' title='bbox 1899 2351 2058 2398; x_wconf 78' lang='lat' dir='ltr'><strong>terra:</strong></span> 
     </span>
    </p>
   </div>
   <div class='ocr_carea' id='block_1_41' title="bbox 473 2438 2052 2508">
    <p class='ocr_par' dir='ltr' id='par_1_41' title="bbox 473 2438 2052 2508">
     <span class='ocr_line' id='line_1_41' title="bbox 473 2438 2052 2508; baseline -0.005 -8"><span class='ocrx_word' id='word_1_287' title='bbox 473 2446 711 2508; x_wconf 83' lang='lat' dir='ltr'><strong>incolis,</strong></span> <span class='ocrx_word' id='word_1_288' title='bbox 771 2441 1181 2504; x_wconf 81' lang='lat' dir='ltr'><strong>calamitatibus</strong></span> <span class='ocrx_word' id='word_1_289' title='bbox 1235 2439 1459 2495; x_wconf 78' lang='lat' dir='ltr'><strong>inﬂictis</strong></span> <span class='ocrx_word' id='word_1_290' title='bbox 1511 2439 1781 2493; x_wconf 82' lang='lat' dir='ltr'><strong>humiliati</strong></span> <span class='ocrx_word' id='word_1_291' title='bbox 1846 2438 2052 2503; x_wconf 77' lang='lat' dir='ltr'><strong>fuistis,</strong></span> 
     </span>
    </p>
   </div>
   <div class='ocr_carea' id='block_1_42' title="bbox 473 2525 2056 2600">
    <p class='ocr_par' dir='ltr' id='par_1_42' title="bbox 473 2525 2056 2600">
     <span class='ocr_line' id='line_1_42' title="bbox 473 2525 2056 2600; baseline -0.006 -14"><span class='ocrx_word' id='word_1_292' title='bbox 473 2547 621 2587; x_wconf 88' lang='lat' dir='ltr'><strong>nunc</strong></span> <span class='ocrx_word' id='word_1_293' title='bbox 650 2538 930 2600; x_wconf 88' lang='lat' dir='ltr'><strong>resumpto</strong></span> <span class='ocrx_word' id='word_1_294' title='bbox 950 2543 1092 2582; x_wconf 73' lang='lat' dir='ltr'><strong>vera:</strong></span> <span class='ocrx_word' id='word_1_295' title='bbox 1125 2527 1346 2598; x_wconf 85' lang='lat' dir='ltr'><strong>pietatis</strong></span> <span class='ocrx_word' id='word_1_296' title='bbox 1373 2526 1580 2592; x_wconf 87' lang='lat' dir='ltr'><strong>studio,</strong></span> <span class='ocrx_word' id='word_1_297' title='bbox 1617 2525 2056 2580; x_wconf 90' lang='lat' dir='ltr'><strong>misericordiam</strong></span> 
     </span>
    </p>
   </div>
   <div class='ocr_carea' id='block_1_43' title="bbox 473 2617 2060 2696">
    <p class='ocr_par' dir='ltr' id='par_1_43' title="bbox 473 2617 2060 2696">
     <span class='ocr_line' id='line_1_43' title="bbox 473 2617 2060 2696; baseline -0.006 -17"><span class='ocrx_word' id='word_1_298' title='bbox 473 2625 764 2696; x_wconf 86' lang='lat' dir='ltr'><strong>implorate</strong></span> <span class='ocrx_word' id='word_1_299' title='bbox 797 2622 1058 2676; x_wconf 86' lang='lat' dir='ltr'><strong>divinam.</strong></span> <span class='ocrx_word' id='word_1_300' title='bbox 1103 2639 1120 2670; x_wconf 78' lang='grc' dir='ltr'><strong>ι</strong></span> <span class='ocrx_word' id='word_1_301' title='bbox 1157 2618 1429 2674; x_wconf 83' lang='lat' dir='ltr'><strong>Judicium</strong></span> <span class='ocrx_word' id='word_1_302' title='bbox 1462 2617 1780 2687; x_wconf 83' lang='lat' dir='ltr'><strong>operamini</strong></span> <span class='ocrx_word' id='word_1_303' title='bbox 1811 2626 1865 2672; x_wconf 90' lang='lat' dir='ltr'><strong>et</strong></span> <span class='ocrx_word' id='word_1_304' title='bbox 1891 2617 2060 2686; x_wconf 85' lang='lat' dir='ltr'><strong>justi-</strong></span> 
     </span>
    </p>
   </div>
   <div class='ocr_carea' id='block_1_44' title="bbox 471 2697 2057 2786">
    <p class='ocr_par' dir='ltr' id='par_1_44' title="bbox 471 2697 2057 2786">
     <span class='ocr_line' id='line_1_44' title="bbox 471 2697 2057 2786; baseline -0.005 -14"><span class='ocrx_word' id='word_1_305' title='bbox 471 2719 606 2773; x_wconf 82' lang='lat' dir='ltr'><strong>tiam</strong></span> <span class='ocrx_word' id='word_1_306' title='bbox 658 2716 906 2786; x_wconf 83' lang='lat' dir='ltr'><strong>quaerite.</strong></span> <span class='ocrx_word' id='word_1_307' title='bbox 939 2734 958 2766; x_wconf 74' lang='grc' dir='ltr'><strong>ι</strong></span> <span class='ocrx_word' id='word_1_308' title='bbox 1003 2712 1160 2770; x_wconf 85' lang='lat' dir='ltr'><strong>Nunc</strong></span> <span class='ocrx_word' id='word_1_309' title='bbox 1188 2711 1318 2766; x_wconf 81' lang='lat' dir='ltr'><strong>facti</strong></span> <span class='ocrx_word' id='word_1_310' title='bbox 1355 2710 1492 2780; x_wconf 89' lang='lat' dir='ltr'><strong>justi</strong></span> <span class='ocrx_word' id='word_1_311' title='bbox 1523 2697 1719 2765; x_wconf 67' lang='lat' dir='ltr'><strong>debita:</strong></span> <span class='ocrx_word' id='word_1_312' title='bbox 1751 2709 2057 2764; x_wconf 84' lang='lat' dir='ltr'><strong>honestatis</strong></span> 
     </span>
    </p>
   </div>
   <div class='ocr_carea' id='block_1_45' title="bbox 474 2799 2059 2879">
    <p class='ocr_par' dir='ltr' id='par_1_45' title="bbox 474 2799 2059 2879">
     <span class='ocr_line' id='line_1_45' title="bbox 474 2799 2059 2879; baseline -0.009 -14"><span class='ocrx_word' id='word_1_313' title='bbox 474 2810 710 2879; x_wconf 76' lang='lat' dir='ltr'><strong>iudices,</strong></span> <span class='ocrx_word' id='word_1_314' title='bbox 750 2807 1299 2873; x_wconf 73' lang='lat' dir='ltr'><strong>discernentesque&#39;a</strong></span> <span class='ocrx_word' id='word_1_315' title='bbox 1325 2800 1602 2856; x_wconf 89' lang='lat' dir='ltr'><strong>deteriore</strong></span> <span class='ocrx_word' id='word_1_316' title='bbox 1633 2800 1856 2862; x_wconf 88' lang='lat' dir='ltr'><strong>melius,</strong></span> <span class='ocrx_word' id='word_1_317' title='bbox 1892 2799 2059 2869; x_wconf 86' lang='lat' dir='ltr'><strong>justi-</strong></span> 
     </span>
    </p>
   </div>
   <div class='ocr_carea' id='block_1_46' title="bbox 465 2887 2062 2964">
    <p class='ocr_par' dir='ltr' id='par_1_46' title="bbox 465 2887 2062 2964">
     <span class='ocr_line' id='line_1_46' title="bbox 465 2887 2062 2964; baseline -0.008 -12"><span class='ocrx_word' id='word_1_318' title='bbox 465 2899 565 2952; x_wconf 53' lang='lat' dir='ltr'><strong>.tia:</strong></span> <span class='ocrx_word' id='word_1_319' title='bbox 577 2896 701 2950; x_wconf 82' lang='lat' dir='ltr'><strong>date</strong></span> <span class='ocrx_word' id='word_1_320' title='bbox 717 2908 960 2964; x_wconf 87' lang='lat' dir='ltr'><strong>operam.</strong></span> <span class='ocrx_word' id='word_1_321' title='bbox 986 2911 1002 2943; x_wconf 82' lang='grc' dir='ltr'><strong>ι</strong></span> <span class='ocrx_word' id='word_1_322' title='bbox 1014 2889 1252 2957; x_wconf 66' lang='lat' dir='ltr'><strong>Quaerite</strong></span> <span class='ocrx_word' id='word_1_323' title='bbox 1267 2887 1744 2942; x_wconf 89' lang='lat' dir='ltr'><strong>mansuetudinem</strong></span> <span class='ocrx_word' id='word_1_324' title='bbox 1762 2895 1816 2940; x_wconf 91' lang='lat' dir='ltr'><strong>et</strong></span> <span class='ocrx_word' id='word_1_325' title='bbox 1837 2901 2062 2956; x_wconf 90' lang='lat' dir='ltr'><strong>respon-</strong></span> 
     </span>
    </p>
   </div>
   <div class='ocr_carea' id='block_1_47' title="bbox 478 2971 2060 3049">
    <p class='ocr_par' dir='ltr' id='par_1_47' title="bbox 478 2971 2060 3049">
     <span class='ocr_line' id='line_1_47' title="bbox 478 2971 2060 3049; baseline -0.007 -13"><span class='ocrx_word' id='word_1_326' title='bbox 478 2982 602 3036; x_wconf 88' lang='lat' dir='ltr'><strong>dete</strong></span> <span class='ocrx_word' id='word_1_327' title='bbox 631 2997 716 3046; x_wconf 88' lang='lat' dir='ltr'><strong>ea,</strong></span> <span class='ocrx_word' id='word_1_328' title='bbox 736 2976 1171 3049; x_wconf 86' lang='lat' dir='ltr'><strong>utprotegamini</strong></span> <span class='ocrx_word' id='word_1_329' title='bbox 1202 2976 1256 3028; x_wconf 91' lang='lat' dir='ltr'><strong>in</strong></span> <span class='ocrx_word' id='word_1_330' title='bbox 1288 2973 1376 3028; x_wconf 91' lang='lat' dir='ltr'><strong>die</strong></span> <span class='ocrx_word' id='word_1_331' title='bbox 1406 2975 1499 3028; x_wconf 72' lang='lat' dir='ltr'><strong>irae</strong></span> <span class='ocrx_word' id='word_1_332' title='bbox 1516 2972 1784 3028; x_wconf 67' lang='lat' dir='ltr'><strong>Domini.»</strong></span> <span class='ocrx_word' id='word_1_333' title='bbox 1805 2971 2060 3027; x_wconf 85' lang='lat' dir='ltr'><strong>Mansue-</strong></span> 
     </span>
    </p>
   </div>
   <div class='ocr_carea' id='block_1_48' title="bbox 2159 1991 3736 2066">
    <p class='ocr_par' dir='ltr' id='par_1_48' title="bbox 2159 1991 3736 2066">
     <span class='ocr_line' id='line_1_48' title="bbox 2159 1991 3736 2066; baseline 0.003 -23"><span class='ocrx_word' id='word_1_334' title='bbox 2159 1991 2321 2062; x_wconf 87' lang='grc' dir='ltr'>μέχρι</span> <span class='ocrx_word' id='word_1_335' title='bbox 2365 1991 2458 2044; x_wconf 91' lang='grc' dir='ltr'><strong>τοῦ</strong></span> <span class='ocrx_word' id='word_1_336' title='bbox 2482 1991 2640 2062; x_wconf 89' lang='grc' dir='ltr'>δεῦρο</span> <span class='ocrx_word' id='word_1_337' title='bbox 2684 1992 2781 2063; x_wconf 82' lang='grc' dir='ltr'>τὴν</span> <span class='ocrx_word' id='word_1_338' title='bbox 2812 1993 2919 2048; x_wconf 90' lang='grc' dir='ltr'><strong>τῶν</strong></span> <span class='ocrx_word' id='word_1_339' title='bbox 2949 1995 3331 2065; x_wconf 87' lang='grc' dir='ltr'>προσηκόντων</span> <span class='ocrx_word' id='word_1_340' title='bbox 3361 1996 3423 2048; x_wconf 90' lang='grc' dir='ltr'><strong>οὐ</strong></span> <span class='ocrx_word' id='word_1_341' title='bbox 3451 1995 3736 2066; x_wconf 79' lang='grc' dir='ltr'>δεξάμενοι</span> 
     </span>
    </p>
   </div>
   <div class='ocr_carea' id='block_1_49' title="bbox 2158 2082 3738 2158">
    <p class='ocr_par' dir='ltr' id='par_1_49' title="bbox 2158 2082 3738 2158">
     <span class='ocr_line' id='line_1_49' title="bbox 2158 2082 3738 2158; baseline 0.005 -24"><span class='ocrx_word' id='word_1_342' title='bbox 2158 2082 2430 2147; x_wconf 83' lang='grc' dir='ltr'>παιδείαν,</span> <span class='ocrx_word' id='word_1_343' title='bbox 2472 2083 2567 2136; x_wconf 85' lang='grc' dir='ltr'><strong>νῦν</strong></span> <span class='ocrx_word' id='word_1_344' title='bbox 2599 2083 2729 2152; x_wconf 88' lang='grc' dir='ltr'>γοῦν</span> <span class='ocrx_word' id='word_1_345' title='bbox 2775 2085 3117 2150; x_wconf 84' lang='grc' dir='ltr'>συνελθόντες</span> <span class='ocrx_word' id='word_1_346' title='bbox 3136 2128 3150 2154; x_wconf 91' lang='grc'><strong>,</strong></span> <span class='ocrx_word' id='word_1_347' title='bbox 3175 2086 3359 2150; x_wconf 80' lang='grc' dir='ltr'>κοινὰς</span> <span class='ocrx_word' id='word_1_348' title='bbox 3391 2088 3490 2150; x_wconf 80' lang='grc' dir='ltr'>τὰς</span> <span class='ocrx_word' id='word_1_349' title='bbox 3518 2088 3738 2158; x_wconf 80' lang='grc' dir='ltr'>δεήσεις</span> 
     </span>
    </p>
   </div>
   <div class='ocr_carea' id='block_1_50' title="bbox 2157 2173 3740 2255">
    <p class='ocr_par' dir='ltr' id='par_1_50' title="bbox 2157 2173 3740 2255">
     <span class='ocr_line' id='line_1_50' title="bbox 2157 2173 3740 2255; baseline 0.005 -28"><span class='ocrx_word' id='word_1_350' title='bbox 2157 2173 2234 2245; x_wconf 87' lang='grc' dir='ltr'>τῷ</span> <span class='ocrx_word' id='word_1_351' title='bbox 2257 2175 2376 2245; x_wconf 88' lang='grc' dir='ltr'><strong>Θεῷ</strong></span> <span class='ocrx_word' id='word_1_352' title='bbox 2405 2177 2783 2247; x_wconf 87' lang='grc' dir='ltr'>προσαγάγετε</span> <span class='ocrx_word' id='word_1_353' title='bbox 2803 2218 2817 2242; x_wconf 95' lang='grc'><strong>,</strong></span> <span class='ocrx_word' id='word_1_354' title='bbox 2850 2177 2924 2240; x_wconf 83' lang='grc' dir='ltr'><strong>ὡς</strong></span> <span class='ocrx_word' id='word_1_355' title='bbox 2950 2177 3016 2231; x_wconf 85' lang='grc' dir='ltr'><strong>ἂν</strong></span> <span class='ocrx_word' id='word_1_356' title='bbox 3039 2185 3111 2255; x_wconf 73' lang='grc' dir='ltr'>μὴ</span> <span class='ocrx_word' id='word_1_357' title='bbox 3142 2177 3296 2248; x_wconf 88' lang='grc' dir='ltr'>δίκην</span> <span class='ocrx_word' id='word_1_358' title='bbox 3319 2177 3510 2242; x_wconf 79' lang='grc' dir='ltr'>ἄνθους</span> <span class='ocrx_word' id='word_1_359' title='bbox 3540 2179 3740 2251; x_wconf 79' lang='grc' dir='ltr'>ἀθρόον</span> 
     </span>
    </p>
   </div>
   <div class='ocr_carea' id='block_1_51' title="bbox 2158 2261 3735 2338">
    <p class='ocr_par' dir='ltr' id='par_1_51' title="bbox 2158 2261 3735 2338">
     <span class='ocr_line' id='line_1_51' title="bbox 2158 2261 3735 2338; baseline 0.004 -24"><span class='ocrx_word' id='word_1_360' title='bbox 2158 2261 2546 2330; x_wconf 75' lang='grc' dir='ltr'>ἀφανισθέντος</span> <span class='ocrx_word' id='word_1_361' title='bbox 2599 2263 2843 2334; x_wconf 83' lang='grc' dir='ltr'>παντελῆ</span> <span class='ocrx_word' id='word_1_362' title='bbox 2907 2264 3004 2335; x_wconf 83' lang='grc' dir='ltr'>τὴν</span> <span class='ocrx_word' id='word_1_363' title='bbox 3049 2264 3321 2318; x_wconf 80' lang='grc' dir='ltr'>ἀπώλειαν</span> <span class='ocrx_word' id='word_1_364' title='bbox 3367 2266 3693 2338; x_wconf 83' lang='grc' dir='ltr'>ὑπομείνητε</span> <span class='ocrx_word' id='word_1_365' title='bbox 3717 2307 3735 2332; x_wconf 86' lang='grc'><strong>,</strong></span> 
     </span>
    </p>
   </div>
   <div class='ocr_carea' id='block_1_52' title="bbox 2160 2351 3735 2428">
    <p class='ocr_par' dir='ltr' id='par_1_52' title="bbox 2160 2351 3735 2428">
     <span class='ocr_line' id='line_1_52' title="bbox 2160 2351 3735 2428; baseline 0.005 -24"><span class='ocrx_word' id='word_1_366' title='bbox 2160 2351 2434 2416; x_wconf 88' lang='grc' dir='ltr'>όλοτελοῦς</span> <span class='ocrx_word' id='word_1_367' title='bbox 2473 2356 2558 2422; x_wconf 73' lang='grc' dir='ltr'><strong>ἐφ’</strong></span> <span class='ocrx_word' id='word_1_368' title='bbox 2587 2355 2730 2424; x_wconf 78' lang='grc' dir='ltr'>ὑμᾶς</span> <span class='ocrx_word' id='word_1_369' title='bbox 2777 2354 3090 2426; x_wconf 78' lang='grc' dir='ltr'>ἐνεχθείσης</span> <span class='ocrx_word' id='word_1_370' title='bbox 3117 2356 3216 2425; x_wconf 83' lang='grc' dir='ltr'>τῆς</span> <span class='ocrx_word' id='word_1_371' title='bbox 3244 2357 3413 2428; x_wconf 79' lang='grc' dir='ltr'>ὀργῆς</span> <span class='ocrx_word' id='word_1_372' title='bbox 3439 2358 3539 2428; x_wconf 86' lang='grc' dir='ltr'>τῆς</span> <span class='ocrx_word' id='word_1_373' title='bbox 3560 2360 3735 2418; x_wconf 76' lang='grc' dir='ltr'>θείας.</span> 
     </span>
    </p>
   </div>
   <div class='ocr_carea' id='block_1_53' title="bbox 2167 2445 3740 2518">
    <p class='ocr_par' dir='ltr' id='par_1_53' title="bbox 2167 2445 3740 2518">
     <span class='ocr_line' id='line_1_53' title="bbox 2167 2445 3740 2518; baseline 0.006 -23"><span class='ocrx_word' id='word_1_374' title='bbox 2167 2463 2184 2495; x_wconf 78' lang='grc' dir='ltr'><strong>ι</strong></span> <span class='ocrx_word' id='word_1_375' title='bbox 2219 2446 2493 2514; x_wconf 75' lang='grc' dir='ltr'>Ζητησατε</span> <span class='ocrx_word' id='word_1_376' title='bbox 2526 2445 2616 2498; x_wconf 81' lang='grc' dir='ltr'><strong>τὸν</strong></span> <span class='ocrx_word' id='word_1_377' title='bbox 2648 2445 2872 2517; x_wconf 85' lang='grc' dir='ltr'>Κύριον,</span> <span class='ocrx_word' id='word_1_378' title='bbox 2909 2447 3111 2510; x_wconf 84' lang='grc' dir='ltr'>πάντες</span> <span class='ocrx_word' id='word_1_379' title='bbox 3139 2451 3384 2501; x_wconf 71' lang='grc' dir='ltr'>ταπεινοὶ</span> <span class='ocrx_word' id='word_1_380' title='bbox 3416 2449 3535 2518; x_wconf 83' lang='grc' dir='ltr'>γῆς.</span> <span class='ocrx_word' id='word_1_381' title='bbox 3571 2470 3589 2502; x_wconf 75' lang='grc' dir='ltr'><strong>ι</strong></span> <span class='ocrx_word' id='word_1_382' title='bbox 3624 2452 3740 2505; x_wconf 74' lang='grc' dir='ltr'>Καὶ</span> 
     </span>
    </p>
   </div>
   <div class='ocr_carea' id='block_1_54' title="bbox 2160 2533 3741 2606">
    <p class='ocr_par' dir='ltr' id='par_1_54' title="bbox 2160 2533 3741 2606">
     <span class='ocr_line' id='line_1_54' title="bbox 2160 2533 3741 2606; baseline 0.005 -21"><span class='ocrx_word' id='word_1_383' title='bbox 2160 2535 2206 2585; x_wconf 90' lang='grc' dir='ltr'><strong>οί</strong></span> <span class='ocrx_word' id='word_1_384' title='bbox 2240 2533 2388 2602; x_wconf 73' lang='grc' dir='ltr'>παρὰ</span> <span class='ocrx_word' id='word_1_385' title='bbox 2425 2534 2630 2597; x_wconf 87' lang='grc' dir='ltr'>πάντας</span> <span class='ocrx_word' id='word_1_386' title='bbox 2655 2535 2779 2596; x_wconf 79' lang='grc' dir='ltr'><strong>τούς</strong></span> <span class='ocrx_word' id='word_1_387' title='bbox 2806 2535 2904 2606; x_wconf 84' lang='grc' dir='ltr'>τὴν</span> <span class='ocrx_word' id='word_1_388' title='bbox 2939 2535 3043 2605; x_wconf 81' lang='grc' dir='ltr'>γῆν</span> <span class='ocrx_word' id='word_1_389' title='bbox 3076 2537 3361 2601; x_wconf 82' lang='grc' dir='ltr'>οἰκοῦντας</span> <span class='ocrx_word' id='word_1_390' title='bbox 3391 2541 3513 2602; x_wconf 85' lang='grc' dir='ltr'>ταῖς</span> <span class='ocrx_word' id='word_1_391' title='bbox 3546 2540 3741 2593; x_wconf 69' lang='grc' dir='ltr'>ἐπενε-</span> 
     </span>
    </p>
   </div>
   <div class='ocr_carea' id='block_1_55' title="bbox 2162 2625 3739 2704">
    <p class='ocr_par' dir='ltr' id='par_1_55' title="bbox 2162 2625 3739 2704">
     <span class='ocr_line' id='line_1_55' title="bbox 2162 2625 3739 2704; baseline 0.005 -28"><span class='ocrx_word' id='word_1_392' title='bbox 2162 2625 2402 2694; x_wconf 85' lang='grc' dir='ltr'>χθείσαις</span> <span class='ocrx_word' id='word_1_393' title='bbox 2437 2627 2564 2695; x_wconf 82' lang='grc' dir='ltr'>ὑμῖν</span> <span class='ocrx_word' id='word_1_394' title='bbox 2613 2631 2915 2698; x_wconf 82' lang='grc' dir='ltr'>συμφοραῖς</span> <span class='ocrx_word' id='word_1_395' title='bbox 2950 2629 3436 2698; x_wconf 83' lang='grc' dir='ltr'>τεταπεινωμένοι,</span> <span class='ocrx_word' id='word_1_396' title='bbox 3467 2631 3739 2704; x_wconf 86' lang='grc' dir='ltr'>ἐπιμελη-</span> 
     </span>
    </p>
   </div>
   <div class='ocr_carea' id='block_1_56' title="bbox 2163 2712 3736 2786">
    <p class='ocr_par' dir='ltr' id='par_1_56' title="bbox 2163 2712 3736 2786">
     <span class='ocr_line' id='line_1_56' title="bbox 2163 2712 3736 2786; baseline 0.006 -23"><span class='ocrx_word' id='word_1_397' title='bbox 2163 2712 2347 2773; x_wconf 85' lang='grc' dir='ltr'>θέντες</span> <span class='ocrx_word' id='word_1_398' title='bbox 2377 2714 2477 2780; x_wconf 72' lang='grc' dir='ltr'>τὴς·</span> <span class='ocrx_word' id='word_1_399' title='bbox 2516 2712 2817 2776; x_wconf 78' lang='grc' dir='ltr'>εὐσεϐείας,</span> <span class='ocrx_word' id='word_1_400' title='bbox 2847 2714 2936 2766; x_wconf 84' lang='grc' dir='ltr'><strong>τὸν</strong></span> <span class='ocrx_word' id='word_1_401' title='bbox 2969 2715 3115 2768; x_wconf 75' lang='grc' dir='ltr'>ἔλεον</span> <span class='ocrx_word' id='word_1_402' title='bbox 3169 2717 3427 2786; x_wconf 81' lang='grc' dir='ltr'>αἰτήσατε</span> <span class='ocrx_word' id='word_1_403' title='bbox 3456 2717 3546 2770; x_wconf 81' lang='grc' dir='ltr'><strong>τὸν</strong></span> <span class='ocrx_word' id='word_1_404' title='bbox 3567 2719 3736 2773; x_wconf 79' lang='grc' dir='ltr'>θεῖον.</span> 
     </span>
    </p>
   </div>
   <div class='ocr_carea' id='block_1_57' title="bbox 2168 2802 3733 2877">
    <p class='ocr_par' dir='ltr' id='par_1_57' title="bbox 2168 2802 3733 2877">
     <span class='ocr_line' id='line_1_57' title="bbox 2168 2802 3733 2877; baseline 0.004 -26"><span class='ocrx_word' id='word_1_405' title='bbox 2168 2819 2186 2851; x_wconf 77' lang='grc' dir='ltr'><strong>ι</strong></span> <span class='ocrx_word' id='word_1_406' title='bbox 2225 2803 2412 2872; x_wconf 84' lang='grc' dir='ltr'>Κρῑμα</span> <span class='ocrx_word' id='word_1_407' title='bbox 2462 2802 2766 2871; x_wconf 82' lang='grc' dir='ltr'>έργάσασθε</span> <span class='ocrx_word' id='word_1_408' title='bbox 2821 2803 2914 2856; x_wconf 75' lang='grc' dir='ltr'>καὶ</span> <span class='ocrx_word' id='word_1_409' title='bbox 2971 2803 3243 2874; x_wconf 80' lang='grc' dir='ltr'>ζητήσατε</span> <span class='ocrx_word' id='word_1_410' title='bbox 3293 2806 3660 2877; x_wconf 87' lang='grc' dir='ltr'>δικαιοσύνην.</span> <span class='ocrx_word' id='word_1_411' title='bbox 3711 2827 3733 2858; x_wconf 69' lang='grc' dir='ltr'><strong>ι</strong></span> 
     </span>
    </p>
   </div>
   <div class='ocr_carea' id='block_1_58' title="bbox 2162 2893 3740 2969">
    <p class='ocr_par' dir='ltr' id='par_1_58' title="bbox 2162 2893 3740 2969">
     <span class='ocr_line' id='line_1_58' title="bbox 2162 2893 3740 2969; baseline 0.004 -24"><span class='ocrx_word' id='word_1_412' title='bbox 2162 2893 2276 2946; x_wconf 89' lang='grc' dir='ltr'>Νῦν</span> <span class='ocrx_word' id='word_1_413' title='bbox 2307 2893 2456 2964; x_wconf 79' lang='grc' dir='ltr'>ὀρθοὶ</span> <span class='ocrx_word' id='word_1_414' title='bbox 2487 2894 2580 2947; x_wconf 82' lang='grc' dir='ltr'><strong>τοῦ</strong></span> <span class='ocrx_word' id='word_1_415' title='bbox 2629 2894 2997 2965; x_wconf 84' lang='grc' dir='ltr'>προσήκοντος</span> <span class='ocrx_word' id='word_1_416' title='bbox 3046 2897 3326 2967; x_wconf 84' lang='grc' dir='ltr'>γενόμενοι</span> <span class='ocrx_word' id='word_1_417' title='bbox 3360 2899 3579 2969; x_wconf 78' lang='grc' dir='ltr'>κριταὶ,</span> <span class='ocrx_word' id='word_1_418' title='bbox 3639 2899 3740 2952; x_wconf 75' lang='grc' dir='ltr'><strong>καὶ</strong></span> 
     </span>
    </p>
   </div>
   <div class='ocr_carea' id='block_1_59' title="bbox 2163 2983 3741 3058">
    <p class='ocr_par' dir='ltr' id='par_1_59' title="bbox 2163 2983 3741 3058">
     <span class='ocr_line' id='line_1_59' title="bbox 2163 2983 3741 3058; baseline 0.003 -21"><span class='ocrx_word' id='word_1_419' title='bbox 2163 2983 2528 3052; x_wconf 83' lang='grc' dir='ltr'>διακρίνοντες</span> <span class='ocrx_word' id='word_1_420' title='bbox 2551 2985 2618 3037; x_wconf 83' lang='grc' dir='ltr'>ὲκ</span> <span class='ocrx_word' id='word_1_421' title='bbox 2650 2984 2741 3038; x_wconf 84' lang='grc' dir='ltr'><strong>τοῦ</strong></span> <span class='ocrx_word' id='word_1_422' title='bbox 2767 2985 3008 3057; x_wconf 85' lang='grc' dir='ltr'>χείρονος</span> <span class='ocrx_word' id='word_1_423' title='bbox 3034 2986 3095 3040; x_wconf 84' lang='grc' dir='ltr'><strong>τὸ</strong></span> <span class='ocrx_word' id='word_1_424' title='bbox 3117 2990 3362 3058; x_wconf 87' lang='grc' dir='ltr'>κρεῖττον</span> <span class='ocrx_word' id='word_1_425' title='bbox 3387 2988 3741 3058; x_wconf 75' lang='grc' dir='ltr'>ἐπιμελεῖσθε</span> 
     </span>
    </p>
   </div>
   <div class='ocr_carea' id='block_1_60' title="bbox 478 3063 2059 3142">
    <p class='ocr_par' dir='ltr' id='par_1_60' title="bbox 478 3063 2059 3140">
     <span class='ocr_line' id='line_1_60' title="bbox 478 3063 2059 3140; baseline -0.008 -13"><span class='ocrx_word' id='word_1_426' title='bbox 478 3073 723 3127; x_wconf 86' lang='lat' dir='ltr'><strong>tudinem</strong></span> <span class='ocrx_word' id='word_1_427' title='bbox 743 3071 926 3140; x_wconf 83' lang='lat' dir='ltr'><strong>eligite</strong></span> <span class='ocrx_word' id='word_1_428' title='bbox 944 3075 998 3123; x_wconf 88' lang='lat' dir='ltr'><strong>et</strong></span> <span class='ocrx_word' id='word_1_429' title='bbox 1020 3065 1358 3137; x_wconf 86' lang='lat' dir='ltr'><strong>patientiam,</strong></span> <span class='ocrx_word' id='word_1_430' title='bbox 1390 3080 1550 3119; x_wconf 89' lang='lat' dir='ltr'><strong>secus</strong></span> <span class='ocrx_word' id='word_1_431' title='bbox 1580 3079 1644 3119; x_wconf 89' lang='lat' dir='ltr'><strong>ac</strong></span> <span class='ocrx_word' id='word_1_432' title='bbox 1666 3064 1792 3118; x_wconf 91' lang='lat' dir='ltr'><strong>olim</strong></span> <span class='ocrx_word' id='word_1_433' title='bbox 1849 3063 2059 3134; x_wconf 74' lang='lat' dir='ltr'><strong>injustas</strong></span> 
     </span>
    </p>
   </div>
   <div class='ocr_carea' id='block_1_61' title="bbox 2162 3063 3739 3142">
    <p class='ocr_par' dir='ltr' id='par_1_61' title="bbox 2162 3064 3739 3142">
     <span class='ocr_line' id='line_1_61' title="bbox 2162 3064 3739 3142; baseline 0.006 -26"><span class='ocrx_word' id='word_1_434' title='bbox 2162 3064 2250 3117; x_wconf 89' lang='grc' dir='ltr'><strong>τοῦ</strong></span> <span class='ocrx_word' id='word_1_435' title='bbox 2263 3065 2490 3122; x_wconf 87' lang='grc' dir='ltr'>δικαίου.</span> <span class='ocrx_word' id='word_1_436' title='bbox 2511 3070 2524 3131; x_wconf 91' lang='grc'>(</span> <span class='ocrx_word' id='word_1_437' title='bbox 2534 3083 2586 3136; x_wconf 92' lang='lat' dir='ltr'><strong>p.</strong></span> <span class='ocrx_word' id='word_1_438' title='bbox 2609 3068 2737 3138; x_wconf 75' lang='lat'><strong>595)</strong></span> <span class='ocrx_word' id='word_1_439' title='bbox 2759 3087 2776 3119; x_wconf 83' lang='grc' dir='ltr'><strong>ι</strong></span> <span class='ocrx_word' id='word_1_440' title='bbox 2801 3070 3078 3140; x_wconf 87' lang='grc' dir='ltr'>Ζητήσατε</span> <span class='ocrx_word' id='word_1_441' title='bbox 3101 3070 3382 3140; x_wconf 79' lang='grc' dir='ltr'>πραότητα</span> <span class='ocrx_word' id='word_1_442' title='bbox 3394 3070 3486 3124; x_wconf 79' lang='grc' dir='ltr'><strong>καὶ</strong></span> <span class='ocrx_word' id='word_1_443' title='bbox 3507 3071 3739 3142; x_wconf 79' lang='grc' dir='ltr'>ἀποκρί-</span> 
     </span>
    </p>
   </div>
   <div class='ocr_carea' id='block_1_62' title="bbox 479 3153 2059 3232">
    <p class='ocr_par' dir='ltr' id='par_1_62' title="bbox 479 3153 2059 3232">
     <span class='ocr_line' id='line_1_62' title="bbox 479 3153 2059 3232; baseline -0.004 -18"><span class='ocrx_word' id='word_1_444' title='bbox 479 3174 782 3232; x_wconf 88' lang='lat' dir='ltr'><strong>pauperum</strong></span> <span class='ocrx_word' id='word_1_445' title='bbox 811 3154 1151 3228; x_wconf 89' lang='lat' dir='ltr'><strong>oppressioni</strong></span> <span class='ocrx_word' id='word_1_446' title='bbox 1180 3169 1402 3224; x_wconf 86' lang='lat' dir='ltr'><strong>operam</strong></span> <span class='ocrx_word' id='word_1_447' title='bbox 1434 3153 1697 3210; x_wconf 87' lang='lat' dir='ltr'><strong>dedistis:</strong></span> <span class='ocrx_word' id='word_1_448' title='bbox 1729 3153 1896 3224; x_wconf 74' lang='lat'><strong>258</strong></span> <span class='ocrx_word' id='word_1_449' title='bbox 1930 3153 2059 3224; x_wconf 90' lang='lat' dir='ltr'><strong>quin</strong></span> 
     </span>
    </p>
   </div>
   <div class='ocr_carea' id='block_1_63' title="bbox 2162 3153 3742 3232">
    <p class='ocr_par' dir='ltr' id='par_1_63' title="bbox 2162 3155 3742 3231">
     <span class='ocr_line' id='line_1_63' title="bbox 2162 3155 3742 3231; baseline 0.004 -24"><span class='ocrx_word' id='word_1_450' title='bbox 2162 3155 2312 3220; x_wconf 87' lang='grc' dir='ltr'>νεσθε</span> <span class='ocrx_word' id='word_1_451' title='bbox 2347 3155 2505 3222; x_wconf 82' lang='grc' dir='ltr'>αὐτὰ,</span> <span class='ocrx_word' id='word_1_452' title='bbox 2539 3157 2686 3220; x_wconf 86' lang='grc' dir='ltr'>ὅπως</span> <span class='ocrx_word' id='word_1_453' title='bbox 2724 3158 3068 3227; x_wconf 85' lang='grc' dir='ltr'>σκεπασθῆτε</span> <span class='ocrx_word' id='word_1_454' title='bbox 3112 3161 3168 3210; x_wconf 85' lang='grc' dir='ltr'>ὲν</span> <span class='ocrx_word' id='word_1_455' title='bbox 3211 3160 3392 3231; x_wconf 71' lang='grc' dir='ltr'>ἡμέρᾳ</span> <span class='ocrx_word' id='word_1_456' title='bbox 3415 3161 3588 3231; x_wconf 77' lang='grc' dir='ltr'>ὀργῆς</span> <span class='ocrx_word' id='word_1_457' title='bbox 3622 3163 3742 3214; x_wconf 78' lang='grc' dir='ltr'>Κυ-</span> 
     </span>
    </p>
   </div>
   <div class='ocr_carea' id='block_1_64' title="bbox 480 3245 2059 3322">
    <p class='ocr_par' dir='ltr' id='par_1_64' title="bbox 480 3245 2056 3321">
     <span class='ocr_line' id='line_1_64' title="bbox 480 3245 2056 3321; baseline -0.007 -12"><span class='ocrx_word' id='word_1_458' title='bbox 480 3253 617 3309; x_wconf 87' lang='lat' dir='ltr'><strong>adeo</strong></span> <span class='ocrx_word' id='word_1_459' title='bbox 648 3247 934 3321; x_wconf 88' lang='lat' dir='ltr'><strong>spondete,</strong></span> <span class='ocrx_word' id='word_1_460' title='bbox 953 3261 1165 3302; x_wconf 89' lang='lat' dir='ltr'><strong>morum</strong></span> <span class='ocrx_word' id='word_1_461' title='bbox 1188 3246 1383 3300; x_wconf 92' lang='lat' dir='ltr'><strong>horum</strong></span> <span class='ocrx_word' id='word_1_462' title='bbox 1404 3245 1519 3300; x_wconf 85' lang='lat' dir='ltr'><strong>fore</strong></span> <span class='ocrx_word' id='word_1_463' title='bbox 1557 3261 1655 3301; x_wconf 89' lang='lat' dir='ltr'><strong>vos</strong></span> <span class='ocrx_word' id='word_1_464' title='bbox 1686 3246 1982 3301; x_wconf 90' lang='lat' dir='ltr'><strong>studiosos:</strong></span> <span class='ocrx_word' id='word_1_465' title='bbox 2007 3245 2056 3298; x_wconf 90' lang='lat' dir='ltr'><strong>id</strong></span> 
     </span>
    </p>
   </div>
   <div class='ocr_carea' id='block_1_65' title="bbox 2162 3245 3740 3322">
    <p class='ocr_par' dir='ltr' id='par_1_65' title="bbox 2164 3245 3740 3322">
     <span class='ocr_line' id='line_1_65' title="bbox 2164 3245 3740 3322; baseline 0.005 -25"><span class='ocrx_word' id='word_1_466' title='bbox 2164 3245 2302 3316; x_wconf 93' lang='grc' dir='ltr'>ρίου.</span> <span class='ocrx_word' id='word_1_467' title='bbox 2335 3265 2353 3297; x_wconf 74' lang='grc' dir='ltr'><strong>ι</strong></span> <span class='ocrx_word' id='word_1_468' title='bbox 2400 3247 2732 3302; x_wconf 86' lang='grc' dir='ltr'>Ἐπιείκειαν</span> <span class='ocrx_word' id='word_1_469' title='bbox 2767 3248 2952 3303; x_wconf 72' lang='grc' dir='ltr'>ἕλεσθε</span> <span class='ocrx_word' id='word_1_470' title='bbox 2987 3250 3078 3302; x_wconf 77' lang='grc' dir='ltr'><strong>καὶ</strong></span> <span class='ocrx_word' id='word_1_471' title='bbox 3115 3249 3485 3315; x_wconf 80' lang='grc' dir='ltr'>ἀνεξικακίαν,</span> <span class='ocrx_word' id='word_1_472' title='bbox 3512 3250 3628 3304; x_wconf 86' lang='grc' dir='ltr'>ἀνθ’</span> <span class='ocrx_word' id='word_1_473' title='bbox 3665 3248 3740 3322; x_wconf 75' lang='grc' dir='ltr'>ἧς</span> 
     </span>
    </p>
   </div>
   <div class='ocr_carea' id='block_1_66' title="bbox 480 3337 2059 3411">
    <p class='ocr_par' dir='ltr' id='par_1_66' title="bbox 480 3337 2059 3411">
     <span class='ocr_line' id='line_1_66' title="bbox 480 3337 2059 3411; baseline -0.008 -11"><span class='ocrx_word' id='word_1_474' title='bbox 480 3345 626 3400; x_wconf 84' lang='lat' dir='ltr'><strong>enim</strong></span> <span class='ocrx_word' id='word_1_475' title='bbox 645 3341 982 3408; x_wconf 90' lang='lat' dir='ltr'><strong>valetdictio,</strong></span> <span class='ocrx_word' id='word_1_476' title='bbox 994 3360 1011 3393; x_wconf 79' lang='grc' dir='ltr'><strong>ι</strong></span> <span class='ocrx_word' id='word_1_477' title='bbox 1026 3340 1462 3411; x_wconf 82' lang='lat' dir='ltr'><strong>Respondeteea;</strong></span> <span class='ocrx_word' id='word_1_478' title='bbox 1477 3347 1814 3408; x_wconf 72' lang='lat' dir='ltr'><strong>iuttempore</strong></span> <span class='ocrx_word' id='word_1_479' title='bbox 1836 3337 2059 3408; x_wconf 85' lang='lat' dir='ltr'><strong>punitio-</strong></span> 
     </span>
    </p>
   </div>
   <div class='ocr_carea' id='block_1_67' title="bbox 2162 3337 3739 3411">
    <p class='ocr_par' dir='ltr' id='par_1_67' title="bbox 2162 3338 3739 3411">
     <span class='ocr_line' id='line_1_67' title="bbox 2162 3338 3739 3411; baseline 0.003 -21"><span class='ocrx_word' id='word_1_480' title='bbox 2162 3338 2423 3409; x_wconf 86' lang='grc' dir='ltr'>πρότερον</span> <span class='ocrx_word' id='word_1_481' title='bbox 2452 3340 2592 3393; x_wconf 89' lang='grc' dir='ltr'><strong>κατά</strong></span> <span class='ocrx_word' id='word_1_482' title='bbox 2610 3339 2716 3393; x_wconf 91' lang='grc' dir='ltr'><strong>τῶν</strong></span> <span class='ocrx_word' id='word_1_483' title='bbox 2747 3342 3085 3411; x_wconf 89' lang='grc' dir='ltr'>πενεστέρων</span> <span class='ocrx_word' id='word_1_484' title='bbox 3112 3341 3466 3411; x_wconf 82' lang='grc' dir='ltr'>έπετηδεύετε</span> <span class='ocrx_word' id='word_1_485' title='bbox 3501 3342 3739 3407; x_wconf 84' lang='grc' dir='ltr'>ἀδικίας,</span> 
     </span>
    </p>
   </div>
   <div class='ocr_carea' id='block_1_68' title="bbox 480 3420 2059 3504">
    <p class='ocr_par' dir='ltr' id='par_1_68' title="bbox 480 3420 2059 3500">
     <span class='ocr_line' id='line_1_68' title="bbox 480 3420 2059 3500; baseline -0.004 -13"><span class='ocrx_word' id='word_1_486' title='bbox 480 3433 570 3489; x_wconf 89' lang='lat' dir='ltr'><strong>nis</strong></span> <span class='ocrx_word' id='word_1_487' title='bbox 592 3420 1008 3500; x_wconf 86' lang='lat' dir='ltr'><strong>consequamini</strong></span> <span class='ocrx_word' id='word_1_488' title='bbox 1044 3426 1278 3496; x_wconf 87' lang='lat' dir='ltr'><strong>aliquam</strong></span> <span class='ocrx_word' id='word_1_489' title='bbox 1295 3439 1325 3478; x_wconf 89' lang='lat' dir='ltr'><strong>a</strong></span> <span class='ocrx_word' id='word_1_490' title='bbox 1344 3423 1451 3478; x_wconf 89' lang='lat' dir='ltr'><strong>Deo</strong></span> <span class='ocrx_word' id='word_1_491' title='bbox 1465 3441 1641 3495; x_wconf 87' lang='lat' dir='ltr'><strong>opem.</strong></span> <span class='ocrx_word' id='word_1_492' title='bbox 1664 3425 1855 3480; x_wconf 83' lang='lat' dir='ltr'><strong>l’ostea</strong></span> <span class='ocrx_word' id='word_1_493' title='bbox 1877 3428 2059 3481; x_wconf 73' lang='lat' dir='ltr'><strong>recitat</strong></span> 
     </span>
    </p>
   </div>
   <div class='ocr_carea' id='block_1_69' title="bbox 2162 3420 3742 3504">
    <p class='ocr_par' dir='ltr' id='par_1_69' title="bbox 2162 3430 3742 3504">
     <span class='ocr_line' id='line_1_69' title="bbox 2162 3430 3742 3504; baseline 0.003 -21"><span class='ocrx_word' id='word_1_494' title='bbox 2162 3431 2256 3483; x_wconf 75' lang='grc' dir='ltr'>καὶ</span> <span class='ocrx_word' id='word_1_495' title='bbox 2284 3431 2347 3502; x_wconf 79' lang='grc' dir='ltr'>δὴ</span> <span class='ocrx_word' id='word_1_496' title='bbox 2373 3430 2629 3485; x_wconf 88' lang='grc' dir='ltr'>σύνθεσθε</span> <span class='ocrx_word' id='word_1_497' title='bbox 2659 3433 2786 3503; x_wconf 81' lang='grc' dir='ltr'>περὶ</span> <span class='ocrx_word' id='word_1_498' title='bbox 2797 3432 2895 3504; x_wconf 82' lang='grc' dir='ltr'>τὴν</span> <span class='ocrx_word' id='word_1_499' title='bbox 2908 3433 3114 3486; x_wconf 89' lang='grc' dir='ltr'>τούτων</span> <span class='ocrx_word' id='word_1_500' title='bbox 3131 3434 3274 3504; x_wconf 78' lang='grc' dir='ltr'>ἔχειν</span> <span class='ocrx_word' id='word_1_501' title='bbox 3298 3435 3530 3504; x_wconf 81' lang='grc' dir='ltr'>σπουδήν</span> <span class='ocrx_word' id='word_1_502' title='bbox 3551 3433 3742 3488; x_wconf 77' lang='grc' dir='ltr'>’τοῦτο</span> 
     </span>
    </p>
   </div>
   <div class='ocr_carea' id='block_1_70' title="bbox 481 3517 2059 3597">
    <p class='ocr_par' dir='ltr' id='par_1_70' title="bbox 481 3517 2059 3589">
     <span class='ocr_line' id='line_1_70' title="bbox 481 3517 2059 3589; baseline -0.005 -10"><span class='ocrx_word' id='word_1_503' title='bbox 481 3521 795 3579; x_wconf 81' lang='lat' dir='ltr'><strong>inferendas</strong></span> <span class='ocrx_word' id='word_1_504' title='bbox 822 3517 1145 3589; x_wconf 86' lang='lat' dir='ltr'><strong>alienigenis</strong></span> <span class='ocrx_word' id='word_1_505' title='bbox 1171 3517 1578 3586; x_wconf 80' lang='lat' dir='ltr'><strong>castigationes,</strong></span> <span class='ocrx_word' id='word_1_506' title='bbox 1601 3525 1825 3586; x_wconf 86' lang='lat' dir='ltr'><strong>propter</strong></span> <span class='ocrx_word' id='word_1_507' title='bbox 1845 3517 2059 3573; x_wconf 90' lang='lat' dir='ltr'><strong>illorum</strong></span> 
     </span>
    </p>
   </div>
   <div class='ocr_carea' id='block_1_71' title="bbox 2162 3517 3741 3597">
    <p class='ocr_par' dir='ltr' id='par_1_71' title="bbox 2162 3522 3741 3597">
     <span class='ocr_line' id='line_1_71' title="bbox 2162 3522 3741 3597; baseline 0.003 -22"><span class='ocrx_word' id='word_1_508' title='bbox 2162 3522 2270 3593; x_wconf 85' lang='grc' dir='ltr'>γὰρ</span> <span class='ocrx_word' id='word_1_509' title='bbox 2298 3522 2445 3591; x_wconf 86' lang='grc' dir='ltr'>λέγει</span> <span class='ocrx_word' id='word_1_510' title='bbox 2465 3523 2542 3589; x_wconf 79' lang='grc' dir='ltr'><strong>τὸ,</strong></span> <span class='ocrx_word' id='word_1_511' title='bbox 2576 3543 2593 3574; x_wconf 84' lang='grc' dir='ltr'><strong>ι</strong></span> <span class='ocrx_word' id='word_1_512' title='bbox 2627 3524 2736 3576; x_wconf 77' lang='grc' dir='ltr'><strong>Καὶ</strong></span> <span class='ocrx_word' id='word_1_513' title='bbox 2758 3524 3121 3594; x_wconf 84' lang='grc' dir='ltr'>ἀποκρίνεσθε</span> <span class='ocrx_word' id='word_1_514' title='bbox 3144 3525 3303 3587; x_wconf 82' lang='grc' dir='ltr'>αὐτὰ,</span> <span class='ocrx_word' id='word_1_515' title='bbox 3333 3545 3351 3577; x_wconf 74' lang='grc' dir='ltr'><strong>ι</strong></span> <span class='ocrx_word' id='word_1_516' title='bbox 3377 3527 3450 3589; x_wconf 84' lang='grc' dir='ltr'>ὡς</span> <span class='ocrx_word' id='word_1_517' title='bbox 3481 3527 3544 3580; x_wconf 87' lang='grc' dir='ltr'><strong>ἂν</strong></span> <span class='ocrx_word' id='word_1_518' title='bbox 3567 3541 3741 3597; x_wconf 85' lang='grc' dir='ltr'>προσ-</span> 
     </span>
    </p>
   </div>
   <div class='ocr_carea' id='block_1_72' title="bbox 482 3609 2059 3687">
    <p class='ocr_par' dir='ltr' id='par_1_72' title="bbox 482 3609 2059 3679">
     <span class='ocr_line' id='line_1_72' title="bbox 482 3609 2059 3679; baseline -0.004 -9"><span class='ocrx_word' id='word_1_519' title='bbox 482 3618 744 3671; x_wconf 86' lang='lat' dir='ltr'><strong>adversus</strong></span> <span class='ocrx_word' id='word_1_520' title='bbox 794 3610 1070 3667; x_wconf 89' lang='lat' dir='ltr'><strong>lsraelitas</strong></span> <span class='ocrx_word' id='word_1_521' title='bbox 1133 3609 1496 3679; x_wconf 86' lang='lat' dir='ltr'><strong>iniquitatem,</strong></span> <span class='ocrx_word' id='word_1_522' title='bbox 1558 3616 1617 3660; x_wconf 92' lang='lat' dir='ltr'><strong>ut</strong></span> <span class='ocrx_word' id='word_1_523' title='bbox 1671 3609 1750 3662; x_wconf 92' lang='lat' dir='ltr'><strong>sic</strong></span> <span class='ocrx_word' id='word_1_524' title='bbox 1802 3610 2059 3678; x_wconf 80' lang='lat' dir='ltr'><strong>majorem</strong></span> 
     </span>
    </p>
   </div>
   <div class='ocr_carea' id='block_1_73' title="bbox 2162 3609 3742 3687">
    <p class='ocr_par' dir='ltr' id='par_1_73' title="bbox 2162 3613 3742 3687">
     <span class='ocr_line' id='line_1_73' title="bbox 2162 3613 3742 3687; baseline 0.003 -21"><span class='ocrx_word' id='word_1_525' title='bbox 2162 3613 2369 3681; x_wconf 81' lang='grc' dir='ltr'>γένοιτο</span> <span class='ocrx_word' id='word_1_526' title='bbox 2395 3614 2522 3682; x_wconf 82' lang='grc' dir='ltr'>ύμῖν</span> <span class='ocrx_word' id='word_1_527' title='bbox 2555 3614 2611 3664; x_wconf 81' lang='grc' dir='ltr'>ὲν</span> <span class='ocrx_word' id='word_1_528' title='bbox 2647 3613 2723 3684; x_wconf 83' lang='grc' dir='ltr'>τῷ</span> <span class='ocrx_word' id='word_1_529' title='bbox 2756 3614 2933 3684; x_wconf 83' lang='grc' dir='ltr'>καιρῷ</span> <span class='ocrx_word' id='word_1_530' title='bbox 2962 3614 3061 3684; x_wconf 83' lang='grc' dir='ltr'>τῆς</span> <span class='ocrx_word' id='word_1_531' title='bbox 3092 3617 3362 3686; x_wconf 85' lang='grc' dir='ltr'>τιμωρίας</span> <span class='ocrx_word' id='word_1_532' title='bbox 3389 3621 3568 3687; x_wconf 84' lang='grc' dir='ltr'>τυχεῖν</span> <span class='ocrx_word' id='word_1_533' title='bbox 3590 3635 3742 3682; x_wconf 87' lang='grc' dir='ltr'>τινος</span> 
     </span>
    </p>
   </div>
   <div class='ocr_carea' id='block_1_74' title="bbox 486 3698 2059 3778">
    <p class='ocr_par' dir='ltr' id='par_1_74' title="bbox 486 3701 1511 3778">
     <span class='ocr_line' id='line_1_74' title="bbox 486 3701 1511 3778; baseline -0.009 -18"><span class='ocrx_word' id='word_1_534' title='bbox 486 3709 579 3762; x_wconf 87' lang='lat' dir='ltr'><strong>Dei</strong></span> <span class='ocrx_word' id='word_1_535' title='bbox 609 3719 735 3778; x_wconf 76' lang='lat' dir='ltr'><strong>erga</strong></span> <span class='ocrx_word' id='word_1_536' title='bbox 771 3705 870 3759; x_wconf 92' lang='lat' dir='ltr'><strong>hos</strong></span> <span class='ocrx_word' id='word_1_537' title='bbox 895 3703 1116 3757; x_wconf 87' lang='lat' dir='ltr'><strong>tutelam</strong></span> <span class='ocrx_word' id='word_1_538' title='bbox 1154 3701 1511 3756; x_wconf 87' lang='lat' dir='ltr'><strong>demonstret.</strong></span> 
     </span>
    </p>
   </div>
   <div class='ocr_carea' id='block_1_75' title="bbox 2162 3698 3741 3778">
    <p class='ocr_par' dir='ltr' id='par_1_75' title="bbox 2162 3698 3741 3771">
     <span class='ocr_line' id='line_1_75' title="bbox 2162 3698 3741 3771; baseline 0 -20"><span class='ocrx_word' id='word_1_539' title='bbox 2162 3700 2314 3770; x_wconf 77' lang='grc' dir='ltr'>παρὰ</span> <span class='ocrx_word' id='word_1_540' title='bbox 2359 3699 2452 3752; x_wconf 88' lang='grc' dir='ltr'><strong>τοῦ</strong></span> <span class='ocrx_word' id='word_1_541' title='bbox 2491 3700 2626 3754; x_wconf 84' lang='grc' dir='ltr'>Θεοῦ</span> <span class='ocrx_word' id='word_1_542' title='bbox 2675 3702 2950 3771; x_wconf 84' lang='grc' dir='ltr'>βοηθείας.</span> <span class='ocrx_word' id='word_1_543' title='bbox 2989 3698 3120 3756; x_wconf 83' lang='grc' dir='ltr'>Εἶτα</span> <span class='ocrx_word' id='word_1_544' title='bbox 3150 3702 3296 3770; x_wconf 81' lang='grc' dir='ltr'>λέγει</span> <span class='ocrx_word' id='word_1_545' title='bbox 3325 3702 3421 3765; x_wconf 82' lang='grc' dir='ltr'><strong>τάς</strong></span> <span class='ocrx_word' id='word_1_546' title='bbox 3448 3703 3588 3756; x_wconf 84' lang='grc' dir='ltr'>κατὰ</span> <span class='ocrx_word' id='word_1_547' title='bbox 3629 3702 3741 3753; x_wconf 81' lang='grc' dir='ltr'><strong>τῶν</strong></span> 
     </span>
    </p>
   </div>
   <div class='ocr_carea' id='block_1_76' title="bbox 483 3791 3744 3868">
    <p class='ocr_par' dir='ltr' id='par_1_76' title="bbox 483 3791 3744 3868">
     <span class='ocr_line' id='line_1_76' title="bbox 483 3791 3744 3868; baseline -0.002 -16"><span class='ocrx_word' id='word_1_548' title='bbox 483 3798 776 3868; x_wconf 83' lang='grc' dir='ltr'>ἀλλοτρίων</span> <span class='ocrx_word' id='word_1_549' title='bbox 820 3793 1086 3866; x_wconf 79' lang='grc' dir='ltr'>τιμωρίας</span> <span class='ocrx_word' id='word_1_550' title='bbox 1148 3794 1287 3864; x_wconf 83' lang='grc' dir='ltr'>ὑπὲρ</span> <span class='ocrx_word' id='word_1_551' title='bbox 1341 3791 1437 3864; x_wconf 80' lang='grc' dir='ltr'>τῆς</span> <span class='ocrx_word' id='word_1_552' title='bbox 1483 3794 1561 3855; x_wconf 84' lang='grc' dir='ltr'>εἰς</span> <span class='ocrx_word' id='word_1_553' title='bbox 1596 3793 1790 3855; x_wconf 81' lang='grc' dir='ltr'>αὐτοὺς</span> <span class='ocrx_word' id='word_1_554' title='bbox 1842 3793 2055 3856; x_wconf 79' lang='grc' dir='ltr'>ἀδικίας</span> <span class='ocrx_word' id='word_1_555' title='bbox 2099 3793 2399 3861; x_wconf 79' lang='grc' dir='ltr'>ἐπάγεσθαι</span> <span class='ocrx_word' id='word_1_556' title='bbox 2431 3795 2727 3866; x_wconf 86' lang='grc' dir='ltr'>μελλούσας</span> <span class='ocrx_word' id='word_1_557' title='bbox 2751 3797 2824 3859; x_wconf 82' lang='grc' dir='ltr'>ὡς</span> <span class='ocrx_word' id='word_1_558' title='bbox 2851 3795 2914 3848; x_wconf 81' lang='grc' dir='ltr'><strong>ἂν</strong></span> <span class='ocrx_word' id='word_1_559' title='bbox 2949 3795 3168 3865; x_wconf 78' lang='grc' dir='ltr'>μείζονα</span> <span class='ocrx_word' id='word_1_560' title='bbox 3221 3795 3320 3865; x_wconf 79' lang='grc' dir='ltr'>τῆς</span> <span class='ocrx_word' id='word_1_561' title='bbox 3365 3795 3493 3868; x_wconf 78' lang='grc' dir='ltr'>περὶ</span> <span class='ocrx_word' id='word_1_562' title='bbox 3540 3795 3744 3858; x_wconf 69' lang='grc' dir='ltr'>αὐτοὺς</span> 
     </span>
    </p>
   </div>
   <div class='ocr_carea' id='block_1_77' title="bbox 453 3869 3450 3964">
    <p class='ocr_par' dir='ltr' id='par_1_77' title="bbox 453 3869 3450 3964">
     <span class='ocr_line' id='line_1_77' title="bbox 453 3869 3450 3964; baseline 0 -24"><span class='ocrx_word' id='word_1_563' title='bbox 453 3890 808 3964; x_wconf 72' lang='grc' dir='ltr'>,κηδεμονίας</span> <span class='ocrx_word' id='word_1_564' title='bbox 835 3888 927 3942; x_wconf 90' lang='grc' dir='ltr'><strong>τοῦ</strong></span> <span class='ocrx_word' id='word_1_565' title='bbox 955 3889 1088 3941; x_wconf 85' lang='grc' dir='ltr'>Θεοῦ</span> <span class='ocrx_word' id='word_1_566' title='bbox 1117 3889 1399 3957; x_wconf 79' lang='grc' dir='ltr'>ποιήσαιτο</span> <span class='ocrx_word' id='word_1_567' title='bbox 1430 3887 1526 3958; x_wconf 80' lang='grc' dir='ltr'>τὴν</span> <span class='ocrx_word' id='word_1_568' title='bbox 1553 3887 1842 3952; x_wconf 73' lang='grc' dir='ltr'>ἀπόδειξιν.</span> <span class='ocrx_word' id='word_1_569' title='bbox 2857 3911 2860 3914; x_wconf 61' lang='grc'><strong>’</strong></span> <span class='ocrx_word' id='word_1_570' title='bbox 3447 3869 3450 3871; x_wconf 9' lang='grc' dir='ltr'><strong>Δ</strong></span> 
     </span>
    </p>
   </div>
   <div class='ocr_carea' id='block_1_78' title="bbox 561 3981 2059 4057">
    <p class='ocr_par' dir='ltr' id='par_1_78' title="bbox 561 3981 2059 4052">
     <span class='ocr_line' id='line_1_78' title="bbox 561 3981 2059 4052; baseline 0 -16"><span class='ocrx_word' id='word_1_571' title='bbox 561 3982 724 4038; x_wconf 72' lang='lat' dir='ltr'><strong>Vsus.</strong></span> <span class='ocrx_word' id='word_1_572' title='bbox 761 3981 874 4037; x_wconf 59' lang='grc' dir='ltr'><strong>με.</strong></span> <span class='ocrx_word' id='word_1_573' title='bbox 917 4006 973 4023; x_wconf 73' lang='grc' dir='ltr'><strong>ι-</strong></span> <span class='ocrx_word' id='word_1_574' title='bbox 1006 4000 1024 4032; x_wconf 83' lang='grc' dir='ltr'><strong>ι</strong></span> <span class='ocrx_word' id='word_1_575' title='bbox 1059 3983 1194 4048; x_wconf 87' lang='lat' dir='ltr'><strong>Quia</strong></span> <span class='ocrx_word' id='word_1_576' title='bbox 1225 3981 1369 4036; x_wconf 82' lang='lat' dir='ltr'><strong>Gaza</strong></span> <span class='ocrx_word' id='word_1_577' title='bbox 1403 3983 1714 4052; x_wconf 87' lang='lat' dir='ltr'><strong>diripietur,</strong></span> <span class='ocrx_word' id='word_1_578' title='bbox 1743 3992 1798 4039; x_wconf 88' lang='lat' dir='ltr'><strong>et</strong></span> <span class='ocrx_word' id='word_1_579' title='bbox 1829 3985 2059 4038; x_wconf 78' lang='lat' dir='ltr'><strong>Ascalon</strong></span> 
     </span>
    </p>
   </div>
   <div class='ocr_carea' id='block_1_79' title="bbox 2162 3981 3741 4057">
    <p class='ocr_par' dir='ltr' id='par_1_79' title="bbox 2231 3983 3741 4057">
     <span class='ocr_line' id='line_1_79' title="bbox 2231 3983 3741 4057; baseline 0.003 -21"><span class='ocrx_word' id='word_1_580' title='bbox 2231 3984 2377 4055; x_wconf 75' lang='grc' dir='ltr'>Στίχ.</span> <span class='ocrx_word' id='word_1_581' title='bbox 2413 3983 2558 4049; x_wconf 81' lang='grc' dir='ltr'>δ’-ς’.</span> <span class='ocrx_word' id='word_1_582' title='bbox 2602 4017 2666 4024; x_wconf 90' lang='grc'><strong>-</strong></span> <span class='ocrx_word' id='word_1_583' title='bbox 2705 4004 2722 4034; x_wconf 79' lang='grc' dir='ltr'><strong>ι</strong></span> <span class='ocrx_word' id='word_1_584' title='bbox 2763 3985 2908 4037; x_wconf 88' lang='grc' dir='ltr'>Διότι</span> <span class='ocrx_word' id='word_1_585' title='bbox 2957 3985 2997 4037; x_wconf 90' lang='grc' dir='ltr'><strong>Γ</strong></span> <span class='ocrx_word' id='word_1_586' title='bbox 3001 3986 3107 4049; x_wconf 78' lang='grc' dir='ltr'>άζα</span> <span class='ocrx_word' id='word_1_587' title='bbox 3141 3986 3520 4057; x_wconf 81' lang='grc' dir='ltr'>διηρπασμένη</span> <span class='ocrx_word' id='word_1_588' title='bbox 3562 3985 3741 4042; x_wconf 73' lang='grc' dir='ltr'>ἔσται,</span> 
     </span>
    </p>
   </div>
   <div class='ocr_carea' id='block_1_80' title="bbox 482 4073 2064 4144">
    <p class='ocr_par' dir='ltr' id='par_1_80' title="bbox 482 4073 2064 4144">
     <span class='ocr_line' id='line_1_80' title="bbox 482 4073 2064 4144; baseline -0.002 -12"><span class='ocrx_word' id='word_1_589' title='bbox 482 4078 542 4133; x_wconf 90' lang='lat' dir='ltr'><strong>in</strong></span> <span class='ocrx_word' id='word_1_590' title='bbox 571 4075 990 4142; x_wconf 86' lang='lat' dir='ltr'><strong>desolationem,</strong></span> <span class='ocrx_word' id='word_1_591' title='bbox 1027 4083 1081 4130; x_wconf 88' lang='lat' dir='ltr'><strong>et</strong></span> <span class='ocrx_word' id='word_1_592' title='bbox 1115 4074 1318 4130; x_wconf 83' lang='lat' dir='ltr'><strong>Azotus</strong></span> <span class='ocrx_word' id='word_1_593' title='bbox 1347 4074 1575 4129; x_wconf 84' lang='lat' dir='ltr'><strong>meridie</strong></span> <span class='ocrx_word' id='word_1_594' title='bbox 1635 4073 1977 4144; x_wconf 86' lang='lat' dir='ltr'><strong>projicietur,</strong></span> <span class='ocrx_word' id='word_1_595' title='bbox 2013 4087 2064 4130; x_wconf 90' lang='lat' dir='ltr'><strong>et</strong></span> 
     </span>
    </p>
   </div>
   <div class='ocr_carea' id='block_1_81' title="bbox 490 4166 2064 4237">
    <p class='ocr_par' dir='ltr' id='par_1_81' title="bbox 490 4166 2064 4237">
     <span class='ocr_line' id='line_1_81' title="bbox 490 4166 2064 4237; baseline -0.001 -15"><span class='ocrx_word' id='word_1_596' title='bbox 490 4172 735 4224; x_wconf 81' lang='lat' dir='ltr'><strong>Accaron</strong></span> <span class='ocrx_word' id='word_1_597' title='bbox 767 4167 1156 4223; x_wconf 88' lang='lat' dir='ltr'><strong>eradicabitur.</strong></span> <span class='ocrx_word' id='word_1_598' title='bbox 1195 4188 1212 4220; x_wconf 73' lang='grc' dir='ltr'><strong>ι</strong></span> <span class='ocrx_word' id='word_1_599' title='bbox 1240 4166 1572 4237; x_wconf 67' lang='lat' dir='ltr'><strong>Alienigena:</strong></span> <span class='ocrx_word' id='word_1_600' title='bbox 1602 4181 1816 4228; x_wconf 89' lang='lat' dir='ltr'><strong>omnes,</strong></span> <span class='ocrx_word' id='word_1_601' title='bbox 1843 4175 2064 4236; x_wconf 87' lang='lat' dir='ltr'><strong>propter</strong></span> 
     </span>
    </p>
   </div>
   <div class='ocr_carea' id='block_1_82' title="bbox 486 4255 2064 4328">
    <p class='ocr_par' dir='ltr' id='par_1_82' title="bbox 486 4255 2064 4328">
     <span class='ocr_line' id='line_1_82' title="bbox 486 4255 2064 4328; baseline -0.003 -16"><span class='ocrx_word' id='word_1_602' title='bbox 486 4275 547 4312; x_wconf 88' lang='lat' dir='ltr'><strong>ea</strong></span> <span class='ocrx_word' id='word_1_603' title='bbox 573 4274 692 4327; x_wconf 79' lang='lat' dir='ltr'><strong>quae</strong></span> <span class='ocrx_word' id='word_1_604' title='bbox 716 4259 979 4311; x_wconf 86' lang='lat' dir='ltr'><strong>adversus</strong></span> <span class='ocrx_word' id='word_1_605' title='bbox 1030 4273 1128 4312; x_wconf 84' lang='lat' dir='ltr'><strong>vos</strong></span> <span class='ocrx_word' id='word_1_606' title='bbox 1165 4267 1412 4328; x_wconf 76' lang='lat' dir='ltr'><strong>egerunt,</strong></span> <span class='ocrx_word' id='word_1_607' title='bbox 1466 4273 1571 4311; x_wconf 91' lang='lat' dir='ltr'><strong>non</strong></span> <span class='ocrx_word' id='word_1_608' title='bbox 1613 4257 1831 4327; x_wconf 85' lang='lat' dir='ltr'><strong>vulgare</strong></span> <span class='ocrx_word' id='word_1_609' title='bbox 1856 4255 2064 4325; x_wconf 79' lang='lat' dir='ltr'><strong>suppli-</strong></span> 
     </span>
    </p>
   </div>
   <div class='ocr_carea' id='block_1_83' title="bbox 487 4349 2062 4419">
    <p class='ocr_par' dir='ltr' id='par_1_83' title="bbox 487 4349 2062 4419">
     <span class='ocr_line' id='line_1_83' title="bbox 487 4349 2062 4419; baseline -0.002 -13"><span class='ocrx_word' id='word_1_610' title='bbox 487 4354 632 4406; x_wconf 90' lang='lat' dir='ltr'><strong>cium</strong></span> <span class='ocrx_word' id='word_1_611' title='bbox 693 4349 986 4419; x_wconf 72' lang='lat' dir='ltr'><strong>perferent.</strong></span> <span class='ocrx_word' id='word_1_612' title='bbox 1041 4350 1160 4404; x_wconf 82' lang='lat' dir='ltr'><strong>Jam</strong></span> <span class='ocrx_word' id='word_1_613' title='bbox 1197 4350 1492 4415; x_wconf 72' lang='lat' dir='ltr'><strong>«meridie,</strong></span> <span class='ocrx_word' id='word_1_614' title='bbox 1535 4369 1552 4401; x_wconf 77' lang='grc' dir='ltr'><strong>ι</strong></span> <span class='ocrx_word' id='word_1_615' title='bbox 1599 4363 1892 4405; x_wconf 87' lang='lat' dir='ltr'><strong>commune</strong></span> <span class='ocrx_word' id='word_1_616' title='bbox 1941 4350 2062 4403; x_wconf 90' lang='lat' dir='ltr'><strong>aliis</strong></span> 
     </span>
    </p>
   </div>
   <div class='ocr_carea' id='block_1_84' title="bbox 487 4439 2063 4510">
    <p class='ocr_par' dir='ltr' id='par_1_84' title="bbox 487 4439 2063 4510">
     <span class='ocr_line' id='line_1_84' title="bbox 487 4439 2063 4510; baseline -0.002 -15"><span class='ocrx_word' id='word_1_617' title='bbox 487 4441 830 4502; x_wconf 85' lang='lat' dir='ltr'><strong>vocabulum,</strong></span> <span class='ocrx_word' id='word_1_618' title='bbox 859 4441 988 4494; x_wconf 85' lang='lat' dir='ltr'><strong>dicit</strong></span> <span class='ocrx_word' id='word_1_619' title='bbox 1014 4456 1130 4510; x_wconf 84' lang='lat' dir='ltr'><strong>pro.</strong></span> <span class='ocrx_word' id='word_1_620' title='bbox 1166 4440 1469 4503; x_wconf 82' lang='lat' dir='ltr'><strong>manifeste,</strong></span> <span class='ocrx_word' id='word_1_621' title='bbox 1498 4442 1569 4495; x_wconf 86' lang='lat' dir='ltr'><strong>ita</strong></span> <span class='ocrx_word' id='word_1_622' title='bbox 1599 4450 1654 4494; x_wconf 92' lang='lat' dir='ltr'><strong>ut</strong></span> <span class='ocrx_word' id='word_1_623' title='bbox 1684 4456 1772 4496; x_wconf 89' lang='lat' dir='ltr'><strong>res</strong></span> <span class='ocrx_word' id='word_1_624' title='bbox 1796 4439 2063 4495; x_wconf 87' lang='lat' dir='ltr'><strong>neminem</strong></span> 
     </span>
    </p>
   </div>
   <div class='ocr_carea' id='block_1_85' title="bbox 489 4535 650 4588">
    <p class='ocr_par' dir='ltr' id='par_1_85' title="bbox 489 4535 650 4588">
     <span class='ocr_line' id='line_1_85' title="bbox 489 4535 650 4588; baseline -0.006 -2"><span class='ocrx_word' id='word_1_625' title='bbox 489 4535 650 4588; x_wconf 63' lang='lat' dir='ltr'><strong>lateat</strong></span> 
     </span>
    </p>
   </div>
   <div class='ocr_carea' id='block_1_86' title="bbox 2161 4074 3744 4145">
    <p class='ocr_par' dir='ltr' id='par_1_86' title="bbox 2161 4074 3744 4145">
     <span class='ocr_line' id='line_1_86' title="bbox 2161 4074 3744 4145; baseline -0.001 -17"><span class='ocrx_word' id='word_1_626' title='bbox 2161 4077 2253 4128; x_wconf 73' lang='grc' dir='ltr'>καὶ</span> <span class='ocrx_word' id='word_1_627' title='bbox 2299 4074 2575 4129; x_wconf 81' lang='grc' dir='ltr'>Ἀσκάλων</span> <span class='ocrx_word' id='word_1_628' title='bbox 2623 4076 2702 4138; x_wconf 85' lang='grc' dir='ltr'><strong>είς</strong></span> <span class='ocrx_word' id='word_1_629' title='bbox 2735 4075 3072 4145; x_wconf 68' lang='grc' dir='ltr'>ἀφανισμὸν,</span> <span class='ocrx_word' id='word_1_630' title='bbox 3117 4077 3211 4129; x_wconf 78' lang='grc' dir='ltr'><strong>καὶ</strong></span> <span class='ocrx_word' id='word_1_631' title='bbox 3253 4075 3492 4140; x_wconf 75' lang='grc' dir='ltr'>Ἄζωτος</span> <span class='ocrx_word' id='word_1_632' title='bbox 3523 4091 3744 4144; x_wconf 74' lang='grc' dir='ltr'>μεσημ-</span> 
     </span>
    </p>
   </div>
   <div class='ocr_carea' id='block_1_87' title="bbox 2160 4163 3738 4238">
    <p class='ocr_par' dir='ltr' id='par_1_87' title="bbox 2160 4163 3738 4238">
     <span class='ocr_line' id='line_1_87' title="bbox 2160 4163 3738 4238; baseline -0.001 -20"><span class='ocrx_word' id='word_1_633' title='bbox 2160 4165 2319 4238; x_wconf 74' lang='grc' dir='ltr'>δρίας</span> <span class='ocrx_word' id='word_1_634' title='bbox 2353 4165 2730 4237; x_wconf 84' lang='grc' dir='ltr'>ὲκριφήσεται,</span> <span class='ocrx_word' id='word_1_635' title='bbox 2776 4164 2870 4218; x_wconf 73' lang='grc' dir='ltr'><strong>καὶ</strong></span> <span class='ocrx_word' id='word_1_636' title='bbox 2910 4163 3191 4234; x_wconf 85' lang='grc' dir='ltr'>Ἀκκαρὼν</span> <span class='ocrx_word' id='word_1_637' title='bbox 3225 4164 3673 4236; x_wconf 67' lang='grc' dir='ltr'>ὲκειζωθήσεται.</span> <span class='ocrx_word' id='word_1_638' title='bbox 3714 4182 3738 4216; x_wconf 75' lang='lat' dir='ltr'><strong>r</strong></span> 
     </span>
    </p>
   </div>
   <div class='ocr_carea' id='block_1_88' title="bbox 2162 4250 3744 4326">
    <p class='ocr_par' dir='ltr' id='par_1_88' title="bbox 2162 4250 3744 4326">
     <span class='ocr_line' id='line_1_88' title="bbox 2162 4250 3744 4326; baseline -0.001 -17"><span class='ocrx_word' id='word_1_639' title='bbox 2162 4255 2368 4320; x_wconf 80' lang='grc' dir='ltr'>Πάντες</span> <span class='ocrx_word' id='word_1_640' title='bbox 2385 4255 2494 4326; x_wconf 89' lang='grc' dir='ltr'><strong>γάρ</strong></span> <span class='ocrx_word' id='word_1_641' title='bbox 2562 4258 2611 4308; x_wconf 81' lang='lat' dir='ltr'><strong>oi.</strong></span> <span class='ocrx_word' id='word_1_642' title='bbox 2666 4255 3001 4324; x_wconf 81' lang='grc' dir='ltr'>ἀλλόφυλοι.“</span> <span class='ocrx_word' id='word_1_643' title='bbox 3025 4256 3162 4326; x_wconf 81' lang='grc' dir='ltr'>ὑπὲρ</span> <span class='ocrx_word' id='word_1_644' title='bbox 3202 4250 3276 4310; x_wconf 81' lang='grc' dir='ltr'>ὧν</span> <span class='ocrx_word' id='word_1_645' title='bbox 3313 4255 3430 4308; x_wconf 81' lang='grc' dir='ltr'>καθ’</span> <span class='ocrx_word' id='word_1_646' title='bbox 3462 4254 3617 4326; x_wconf 78' lang='grc' dir='ltr'>ὑμῶν</span> <span class='ocrx_word' id='word_1_647' title='bbox 3643 4271 3744 4307; x_wconf 87' lang='grc' dir='ltr'>πε-</span> 
     </span>
    </p>
   </div>
   <div class='ocr_carea' id='block_1_89' title="bbox 2163 4346 3744 4418">
    <p class='ocr_par' dir='ltr' id='par_1_89' title="bbox 2163 4346 3744 4418">
     <span class='ocr_line' id='line_1_89' title="bbox 2163 4346 3744 4418; baseline 0.001 -20"><span class='ocrx_word' id='word_1_648' title='bbox 2163 4346 2453 4416; x_wconf 85' lang='grc' dir='ltr'>ποιήκασι,</span> <span class='ocrx_word' id='word_1_649' title='bbox 2502 4347 2771 4418; x_wconf 84' lang='grc' dir='ltr'>τιμωρίαν</span> <span class='ocrx_word' id='word_1_650' title='bbox 2817 4346 3059 4413; x_wconf 80' lang='grc' dir='ltr'>δέξονται</span> <span class='ocrx_word' id='word_1_651' title='bbox 3113 4348 3172 4399; x_wconf 86' lang='grc' dir='ltr'><strong>οὐ</strong></span> <span class='ocrx_word' id='word_1_652' title='bbox 3208 4346 3306 4418; x_wconf 77' lang='grc' dir='ltr'><strong>τὴν</strong></span> <span class='ocrx_word' id='word_1_653' title='bbox 3334 4346 3636 4417; x_wconf 75' lang='grc' dir='ltr'>τυχοῦσανο</span> <span class='ocrx_word' id='word_1_654' title='bbox 3677 4347 3744 4399; x_wconf 78' lang='grc' dir='ltr'><strong>τὸ</strong></span> 
     </span>
    </p>
   </div>
   <div class='ocr_carea' id='block_1_90' title="bbox 2163 4436 3740 4509">
    <p class='ocr_par' dir='ltr' id='par_1_90' title="bbox 2163 4436 3740 4509">
     <span class='ocr_line' id='line_1_90' title="bbox 2163 4436 3740 4509; baseline -0.001 -19"><span class='ocrx_word' id='word_1_655' title='bbox 2163 4437 2271 4509; x_wconf 86' lang='grc' dir='ltr'><strong>γὰρ</strong></span> <span class='ocrx_word' id='word_1_656' title='bbox 2326 4457 2344 4488; x_wconf 74' lang='grc' dir='ltr'><strong>ι</strong></span> <span class='ocrx_word' id='word_1_657' title='bbox 2399 4437 2746 4509; x_wconf 75' lang='grc' dir='ltr'>μεσημϐρίας</span> <span class='ocrx_word' id='word_1_658' title='bbox 2793 4456 2811 4489; x_wconf 74' lang='grc' dir='ltr'><strong>ι</strong></span> <span class='ocrx_word' id='word_1_659' title='bbox 2858 4436 2999 4491; x_wconf 84' lang='grc' dir='ltr'>κατὰ</span> <span class='ocrx_word' id='word_1_660' title='bbox 3048 4437 3230 4492; x_wconf 88' lang='grc' dir='ltr'>κοινοῦ</span> <span class='ocrx_word' id='word_1_661' title='bbox 3285 4437 3434 4505; x_wconf 87' lang='grc' dir='ltr'>λέγει</span> <span class='ocrx_word' id='word_1_662' title='bbox 3476 4437 3597 4490; x_wconf 79' lang='grc' dir='ltr'>ἀντὶ</span> <span class='ocrx_word' id='word_1_663' title='bbox 3619 4437 3740 4498; x_wconf 82' lang='grc' dir='ltr'>τοῦ,</span> 
     </span>
    </p>
   </div>
   <div class='ocr_carea' id='block_1_91' title="bbox 700 4521 2059 4603">
    <p class='ocr_par' dir='ltr' id='par_1_91' title="bbox 700 4521 2059 4603">
     <span class='ocr_line' id='line_1_91' title="bbox 700 4521 2059 4603; baseline -0.001 -17"><span class='ocrx_word' id='word_1_664' title='bbox 700 4551 712 4562; x_wconf 87' lang='grc'><strong>·</strong></span> <span class='ocrx_word' id='word_1_665' title='bbox 759 4549 880 4586; x_wconf 89' lang='lat' dir='ltr'><strong>nam</strong></span> <span class='ocrx_word' id='word_1_666' title='bbox 925 4549 1044 4603; x_wconf 55' lang='lat' dir='ltr'><strong>qua:</strong></span> <span class='ocrx_word' id='word_1_667' title='bbox 1085 4533 1151 4586; x_wconf 87' lang='lat' dir='ltr'><strong>de</strong></span> <span class='ocrx_word' id='word_1_668' title='bbox 1198 4533 1427 4602; x_wconf 80' lang='lat' dir='ltr'><strong>singulis</strong></span> <span class='ocrx_word' id='word_1_669' title='bbox 1471 4534 1603 4586; x_wconf 83' lang='lat' dir='ltr'><strong>dicit</strong></span> <span class='ocrx_word' id='word_1_670' title='bbox 1645 4521 1902 4596; x_wconf 54' lang='lat' dir='ltr'><strong>urbibus,</strong></span> <span class='ocrx_word' id='word_1_671' title='bbox 1955 4532 2059 4585; x_wconf 82' lang='lat' dir='ltr'><strong>sive</strong></span> 
     </span>
    </p>
   </div>
   <div class='ocr_carea' id='block_1_92' title="bbox 2162 4521 3745 4603">
    <p class='ocr_par' dir='ltr' id='par_1_92' title="bbox 2167 4527 3745 4601">
     <span class='ocr_line' id='line_1_92' title="bbox 2167 4527 3745 4601; baseline -0.001 -18"><span class='ocrx_word' id='word_1_672' title='bbox 2167 4529 2449 4601; x_wconf 82' lang='grc' dir='ltr'>προδήλως</span> <span class='ocrx_word' id='word_1_673' title='bbox 2472 4569 2487 4592; x_wconf 89' lang='grc'><strong>,</strong></span> <span class='ocrx_word' id='word_1_674' title='bbox 2535 4529 2612 4591; x_wconf 85' lang='grc' dir='ltr'>ὡς</span> <span class='ocrx_word' id='word_1_675' title='bbox 2658 4529 2863 4599; x_wconf 84' lang='grc' dir='ltr'>μηθένα</span> <span class='ocrx_word' id='word_1_676' title='bbox 2898 4529 2959 4582; x_wconf 82' lang='grc' dir='ltr'><strong>τὸ</strong></span> <span class='ocrx_word' id='word_1_677' title='bbox 2987 4530 3270 4598; x_wconf 84' lang='grc' dir='ltr'>γινόμενον</span> <span class='ocrx_word' id='word_1_678' title='bbox 3309 4529 3520 4582; x_wconf 86' lang='grc' dir='ltr'>λαθεῖν·</span> <span class='ocrx_word' id='word_1_679' title='bbox 3555 4527 3592 4583; x_wconf 72' lang='grc' dir='ltr'>ἃ</span> <span class='ocrx_word' id='word_1_680' title='bbox 3633 4529 3745 4599; x_wconf 79' lang='grc' dir='ltr'><strong>γὰρ</strong></span> 
     </span>
    </p>
   </div>
   <div class='ocr_carea' id='block_1_93' title="bbox 487 4618 2059 4694">
    <p class='ocr_par' dir='ltr' id='par_1_93' title="bbox 487 4621 2059 4693">
     <span class='ocr_line' id='line_1_93' title="bbox 487 4621 2059 4693; baseline -0.003 -14"><span class='ocrx_word' id='word_1_681' title='bbox 487 4625 655 4684; x_wconf 84' lang='lat' dir='ltr'><strong>Gaza.</strong></span> <span class='ocrx_word' id='word_1_682' title='bbox 695 4626 809 4679; x_wconf 77' lang='lat' dir='ltr'><strong>sive</strong></span> <span class='ocrx_word' id='word_1_683' title='bbox 846 4625 1132 4687; x_wconf 83' lang='lat' dir='ltr'><strong>Ascalone,</strong></span> <span class='ocrx_word' id='word_1_684' title='bbox 1165 4625 1280 4678; x_wconf 86' lang='lat' dir='ltr'><strong>sive</strong></span> <span class='ocrx_word' id='word_1_685' title='bbox 1321 4624 1566 4693; x_wconf 86' lang='lat' dir='ltr'><strong>reliquis,</strong></span> <span class='ocrx_word' id='word_1_686' title='bbox 1606 4623 1968 4677; x_wconf 78' lang='lat' dir='ltr'><strong>communiter</strong></span> <span class='ocrx_word' id='word_1_687' title='bbox 2003 4621 2059 4675; x_wconf 77' lang='lat' dir='ltr'><strong>de</strong></span> 
     </span>
    </p>
   </div>
   <div class='ocr_carea' id='block_1_94' title="bbox 2162 4618 3743 4694">
    <p class='ocr_par' dir='ltr' id='par_1_94' title="bbox 2168 4618 3743 4694">
     <span class='ocr_line' id='line_1_94' title="bbox 2168 4618 3743 4694; baseline -0.001 -20"><span class='ocrx_word' id='word_1_688' title='bbox 2168 4623 2295 4694; x_wconf 73' lang='grc' dir='ltr'>περὶ</span> <span class='ocrx_word' id='word_1_689' title='bbox 2329 4622 2565 4692; x_wconf 76' lang='grc' dir='ltr'>ἑκάστης</span> <span class='ocrx_word' id='word_1_690' title='bbox 2597 4621 2743 4688; x_wconf 83' lang='grc' dir='ltr'>λέγει</span> <span class='ocrx_word' id='word_1_691' title='bbox 2774 4621 2880 4674; x_wconf 84' lang='grc' dir='ltr'><strong>τῶν</strong></span> <span class='ocrx_word' id='word_1_692' title='bbox 2925 4622 3130 4676; x_wconf 87' lang='grc' dir='ltr'>πόλεων</span> <span class='ocrx_word' id='word_1_693' title='bbox 3151 4661 3166 4685; x_wconf 86' lang='grc'><strong>,</strong></span> <span class='ocrx_word' id='word_1_694' title='bbox 3199 4620 3254 4674; x_wconf 77' lang='grc' dir='ltr'><strong>εί</strong></span> <span class='ocrx_word' id='word_1_695' title='bbox 3279 4637 3336 4672; x_wconf 92' lang='grc' dir='ltr'><strong>τε</strong></span> <span class='ocrx_word' id='word_1_696' title='bbox 3367 4618 3562 4690; x_wconf 77' lang='grc' dir='ltr'>Γάζης,</span> <span class='ocrx_word' id='word_1_697' title='bbox 3602 4622 3655 4672; x_wconf 80' lang='grc' dir='ltr'>ετ</span> <span class='ocrx_word' id='word_1_698' title='bbox 3680 4637 3743 4672; x_wconf 88' lang='grc' dir='ltr'><strong>τε</strong></span> 
     </span>
    </p>
   </div>
   <div class='ocr_carea' id='block_1_95' title="bbox 486 4711 2071 4780">
    <p class='ocr_par' dir='ltr' id='par_1_95' title="bbox 486 4711 2071 4780">
     <span class='ocr_line' id='line_1_95' title="bbox 486 4711 2071 4780; baseline -0.002 -13"><span class='ocrx_word' id='word_1_699' title='bbox 486 4717 743 4770; x_wconf 83' lang='lat' dir='ltr'><strong>omnibus</strong></span> <span class='ocrx_word' id='word_1_700' title='bbox 775 4716 928 4780; x_wconf 65' lang='lat' dir='ltr'><strong>dicit,</strong></span> <span class='ocrx_word' id='word_1_701' title='bbox 957 4715 1059 4769; x_wconf 86' lang='lat' dir='ltr'><strong>etsi</strong></span> <span class='ocrx_word' id='word_1_702' title='bbox 1094 4714 1267 4768; x_wconf 83' lang='lat' dir='ltr'><strong>diviso</strong></span> <span class='ocrx_word' id='word_1_703' title='bbox 1325 4728 1610 4775; x_wconf 88' lang='lat' dir='ltr'><strong>sermone,</strong></span> <span class='ocrx_word' id='word_1_704' title='bbox 1652 4720 1708 4765; x_wconf 90' lang='lat' dir='ltr'><strong>ut</strong></span> <span class='ocrx_word' id='word_1_705' title='bbox 1743 4713 1899 4767; x_wconf 86' lang='lat' dir='ltr'><strong>solet.</strong></span> <span class='ocrx_word' id='word_1_706' title='bbox 1947 4711 2071 4765; x_wconf 84' lang='lat' dir='ltr'><strong>Vult</strong></span> 
     </span>
    </p>
   </div>
   <div class='ocr_carea' id='block_1_96' title="bbox 2183 4711 3743 4781">
    <p class='ocr_par' dir='ltr' id='par_1_96' title="bbox 2183 4711 3743 4781">
     <span class='ocr_line' id='line_1_96' title="bbox 2183 4711 3743 4781; baseline -0.003 -14"><span class='ocrx_word' id='word_1_707' title='bbox 2183 4713 2551 4776; x_wconf 78' lang='grc' dir='ltr'>Ἀσκάλωνος,</span> <span class='ocrx_word' id='word_1_708' title='bbox 2608 4713 2660 4764; x_wconf 79' lang='grc' dir='ltr'><strong>εί</strong></span> <span class='ocrx_word' id='word_1_709' title='bbox 2681 4730 2739 4764; x_wconf 84' lang='grc' dir='ltr'><strong>τε</strong></span> <span class='ocrx_word' id='word_1_710' title='bbox 2776 4712 2882 4764; x_wconf 89' lang='grc' dir='ltr'><strong>τῶν</strong></span> <span class='ocrx_word' id='word_1_711' title='bbox 2929 4713 3160 4778; x_wconf 81' lang='grc' dir='ltr'>λοιπῶν,</span> <span class='ocrx_word' id='word_1_712' title='bbox 3205 4713 3347 4766; x_wconf 87' lang='grc' dir='ltr'><strong>κατά</strong></span> <span class='ocrx_word' id='word_1_713' title='bbox 3380 4711 3558 4766; x_wconf 88' lang='grc' dir='ltr'>κοινοῦ</span> <span class='ocrx_word' id='word_1_714' title='bbox 3611 4712 3743 4781; x_wconf 72' lang='grc' dir='ltr'>περὶ</span> 
     </span>
    </p>
   </div>
   <div class='ocr_carea' id='block_1_97' title="bbox 459 4791 2059 4874">
    <p class='ocr_par' dir='ltr' id='par_1_97' title="bbox 459 4804 2059 4874">
     <span class='ocr_line' id='line_1_97' title="bbox 459 4804 2059 4874; baseline -0.006 -9"><span class='ocrx_word' id='word_1_715' title='bbox 459 4836 468 4847; x_wconf 64' lang='grc'><strong>·›</strong></span> <span class='ocrx_word' id='word_1_716' title='bbox 485 4809 631 4865; x_wconf 86' lang='lat' dir='ltr'><strong>enim</strong></span> <span class='ocrx_word' id='word_1_717' title='bbox 663 4807 1104 4863; x_wconf 77' lang='lat' dir='ltr'><strong>diccrecunctas</strong></span> <span class='ocrx_word' id='word_1_718' title='bbox 1135 4805 1564 4874; x_wconf 85' lang='lat' dir='ltr'><strong>alienigenarum</strong></span> <span class='ocrx_word' id='word_1_719' title='bbox 1601 4806 1765 4859; x_wconf 89' lang='lat' dir='ltr'><strong>urbes</strong></span> <span class='ocrx_word' id='word_1_720' title='bbox 1798 4804 2059 4872; x_wconf 84' lang='lat' dir='ltr'><strong>direptum</strong></span> 
     </span>
    </p>
   </div>
   <div class='ocr_carea' id='block_1_98' title="bbox 2162 4791 3747 4874">
    <p class='ocr_par' dir='ltr' id='par_1_98' title="bbox 2173 4802 3747 4874">
     <span class='ocr_line' id='line_1_98' title="bbox 2173 4802 3747 4874; baseline -0.003 -16"><span class='ocrx_word' id='word_1_721' title='bbox 2173 4805 2360 4858; x_wconf 82' lang='grc' dir='ltr'>πασῶν</span> <span class='ocrx_word' id='word_1_722' title='bbox 2401 4805 2546 4872; x_wconf 80' lang='grc' dir='ltr'>λέγει</span> <span class='ocrx_word' id='word_1_723' title='bbox 2599 4804 2786 4858; x_wconf 86' lang='grc' dir='ltr'>διελὼν</span> <span class='ocrx_word' id='word_1_724' title='bbox 2819 4804 2896 4874; x_wconf 84' lang='grc' dir='ltr'>τῷ</span> <span class='ocrx_word' id='word_1_725' title='bbox 2941 4805 3116 4874; x_wconf 85' lang='grc' dir='ltr'>λόγῳ,</span> <span class='ocrx_word' id='word_1_726' title='bbox 3151 4802 3334 4867; x_wconf 84' lang='grc' dir='ltr'>καθὼς</span> <span class='ocrx_word' id='word_1_727' title='bbox 3385 4802 3564 4859; x_wconf 71' lang='grc' dir='ltr'>εἴωθε.</span> <span class='ocrx_word' id='word_1_728' title='bbox 3608 4802 3747 4854; x_wconf 63' lang='lat' dir='ltr'><strong>Bod-</strong></span> 
     </span>
    </p>
   </div>
   <div class='ocr_carea' id='block_1_99' title="bbox 487 4895 2066 4970">
    <p class='ocr_par' dir='ltr' id='par_1_99' title="bbox 487 4895 2066 4970">
     <span class='ocr_line' id='line_1_99' title="bbox 487 4895 2066 4970; baseline -0.004 -13"><span class='ocrx_word' id='word_1_729' title='bbox 487 4905 936 4970; x_wconf 90' lang='lat' dir='ltr'><strong>destructumque</strong></span> <span class='ocrx_word' id='word_1_730' title='bbox 964 4901 1052 4964; x_wconf 90' lang='lat' dir='ltr'><strong>iri,</strong></span> <span class='ocrx_word' id='word_1_731' title='bbox 1083 4907 1136 4954; x_wconf 88' lang='lat' dir='ltr'><strong>et</strong></span> <span class='ocrx_word' id='word_1_732' title='bbox 1172 4900 1318 4952; x_wconf 92' lang='lat' dir='ltr'><strong>omni</strong></span> <span class='ocrx_word' id='word_1_733' title='bbox 1350 4913 1448 4954; x_wconf 87' lang='lat' dir='ltr'><strong>sua</strong></span> <span class='ocrx_word' id='word_1_734' title='bbox 1475 4898 1806 4967; x_wconf 87' lang='lat' dir='ltr'><strong>proprietate</strong></span> <span class='ocrx_word' id='word_1_735' title='bbox 1826 4895 2066 4966; x_wconf 87' lang='lat' dir='ltr'><strong>dejectas</strong></span> 
     </span>
    </p>
   </div>
   <div class='ocr_carea' id='block_1_100' title="bbox 489 4987 2064 5064">
    <p class='ocr_par' dir='ltr' id='par_1_100' title="bbox 489 4987 2064 5064">
     <span class='ocr_line' id='line_1_100' title="bbox 489 4987 2064 5064; baseline -0.004 -17"><span class='ocrx_word' id='word_1_736' title='bbox 489 5006 807 5064; x_wconf 87' lang='lat' dir='ltr'><strong>supremum</strong></span> <span class='ocrx_word' id='word_1_737' title='bbox 840 4990 1108 5046; x_wconf 82' lang='lat' dir='ltr'><strong>excidium</strong></span> <span class='ocrx_word' id='word_1_738' title='bbox 1150 5003 1430 5058; x_wconf 88' lang='lat' dir='ltr'><strong>passuras.</strong></span> <span class='ocrx_word' id='word_1_739' title='bbox 1483 5007 1501 5038; x_wconf 80' lang='grc' dir='ltr'><strong>ι</strong></span> <span class='ocrx_word' id='word_1_740' title='bbox 1543 4987 1631 5042; x_wconf 65' lang='lat' dir='ltr'><strong>Va:</strong></span> <span class='ocrx_word' id='word_1_741' title='bbox 1662 4987 1755 5057; x_wconf 92' lang='lat' dir='ltr'><strong>qui</strong></span> <span class='ocrx_word' id='word_1_742' title='bbox 1807 4987 2064 5040; x_wconf 88' lang='lat' dir='ltr'><strong>habitatis</strong></span> 
     </span>
    </p>
   </div>
   <div class='ocr_carea' id='block_1_101' title="bbox 491 5077 2064 5144">
    <p class='ocr_par' dir='ltr' id='par_1_101' title="bbox 491 5077 2064 5144">
     <span class='ocr_line' id='line_1_101' title="bbox 491 5077 2064 5144; baseline -0.003 -8"><span class='ocrx_word' id='word_1_743' title='bbox 491 5083 794 5137; x_wconf 76' lang='lat' dir='ltr'><strong>{uinculum</strong></span> <span class='ocrx_word' id='word_1_744' title='bbox 811 5082 1000 5144; x_wconf 85' lang='lat' dir='ltr'><strong>maris,</strong></span> <span class='ocrx_word' id='word_1_745' title='bbox 1025 5082 1244 5135; x_wconf 72' lang='lat' dir='ltr'><strong>advena:</strong></span> <span class='ocrx_word' id='word_1_746' title='bbox 1264 5078 1571 5135; x_wconf 84' lang='lat' dir='ltr'><strong>Cretenses!</strong></span> <span class='ocrx_word' id='word_1_747' title='bbox 1597 5077 1828 5134; x_wconf 84' lang='lat' dir='ltr'><strong>Verbum</strong></span> <span class='ocrx_word' id='word_1_748' title='bbox 1853 5078 2064 5131; x_wconf 89' lang='lat' dir='ltr'><strong>Domini</strong></span> 
     </span>
    </p>
   </div>
   <div class='ocr_carea' id='block_1_102' title="bbox 489 5170 2064 5244">
    <p class='ocr_par' dir='ltr' id='par_1_102' title="bbox 489 5170 2064 5244">
     <span class='ocr_line' id='line_1_102' title="bbox 489 5170 2064 5244; baseline -0.003 -15"><span class='ocrx_word' id='word_1_749' title='bbox 489 5190 655 5244; x_wconf 80' lang='lat' dir='ltr'><strong>super</strong></span> <span class='ocrx_word' id='word_1_750' title='bbox 685 5190 802 5236; x_wconf 83' lang='lat' dir='ltr'><strong>vos,</strong></span> <span class='ocrx_word' id='word_1_751' title='bbox 825 5174 1086 5229; x_wconf 89' lang='lat' dir='ltr'><strong>Chanaan</strong></span> <span class='ocrx_word' id='word_1_752' title='bbox 1121 5181 1265 5228; x_wconf 89' lang='lat' dir='ltr'><strong>terra</strong></span> <span class='ocrx_word' id='word_1_753' title='bbox 1291 5172 1612 5227; x_wconf 85' lang='lat' dir='ltr'><strong>alienorum.</strong></span> <span class='ocrx_word' id='word_1_754' title='bbox 1636 5171 1700 5224; x_wconf 90' lang='lat' dir='ltr'><strong>Et</strong></span> <span class='ocrx_word' id='word_1_755' title='bbox 1723 5170 1945 5242; x_wconf 79' lang='lat' dir='ltr'><strong>perdam</strong></span> <span class='ocrx_word' id='word_1_756' title='bbox 1969 5185 2064 5224; x_wconf 80' lang='lat' dir='ltr'><strong>vos</strong></span> 
     </span>
    </p>
   </div>
   <div class='ocr_carea' id='block_1_103' title="bbox 490 5262 2065 5334">
    <p class='ocr_par' dir='ltr' id='par_1_103' title="bbox 490 5262 2065 5334">
     <span class='ocr_line' id='line_1_103' title="bbox 490 5262 2065 5334; baseline -0.003 -16"><span class='ocrx_word' id='word_1_757' title='bbox 490 5268 557 5321; x_wconf 88' lang='lat' dir='ltr'><strong>de</strong></span> <span class='ocrx_word' id='word_1_758' title='bbox 577 5266 933 5322; x_wconf 85' lang='lat' dir='ltr'><strong>habitatione.</strong></span> <span class='ocrx_word' id='word_1_759' title='bbox 957 5265 1139 5320; x_wconf 88' lang='lat' dir='ltr'><strong>Eterit</strong></span> <span class='ocrx_word' id='word_1_760' title='bbox 1156 5265 1315 5321; x_wconf 85' lang='lat' dir='ltr'><strong>Creta</strong></span> <span class='ocrx_word' id='word_1_761' title='bbox 1342 5279 1542 5334; x_wconf 88' lang='lat' dir='ltr'><strong>pascua</strong></span> <span class='ocrx_word' id='word_1_762' title='bbox 1567 5278 1815 5334; x_wconf 86' lang='lat' dir='ltr'><strong>gregum,</strong></span> <span class='ocrx_word' id='word_1_763' title='bbox 1837 5273 1890 5316; x_wconf 89' lang='lat' dir='ltr'><strong>et</strong></span> <span class='ocrx_word' id='word_1_764' title='bbox 1924 5262 2065 5314; x_wconf 88' lang='lat' dir='ltr'><strong>ovile</strong></span> 
     </span>
    </p>
   </div>
   <div class='ocr_carea' id='block_1_104' title="bbox 493 5353 2066 5431">
    <p class='ocr_par' dir='ltr' id='par_1_104' title="bbox 493 5353 2066 5431">
     <span class='ocr_line' id='line_1_104' title="bbox 493 5353 2066 5431; baseline -0.003 -20"><span class='ocrx_word' id='word_1_765' title='bbox 493 5373 771 5426; x_wconf 89' lang='lat' dir='ltr'><strong>pecorum.</strong></span> <span class='ocrx_word' id='word_1_766' title='bbox 817 5378 834 5410; x_wconf 76' lang='grc' dir='ltr'><strong>ι</strong></span> <span class='ocrx_word' id='word_1_767' title='bbox 873 5356 1009 5423; x_wconf 74' lang='lat' dir='ltr'><strong>Quia</strong></span> <span class='ocrx_word' id='word_1_768' title='bbox 1055 5357 1350 5431; x_wconf 35' lang='lat' dir='ltr'><strong>‘maritinia‘.</strong></span> <span class='ocrx_word' id='word_1_769' title='bbox 1392 5357 1557 5412; x_wconf 88' lang='lat' dir='ltr'><strong>urbes</strong></span> <span class='ocrx_word' id='word_1_770' title='bbox 1593 5355 1698 5410; x_wconf 64' lang='lat' dir='ltr'><strong>illa)</strong></span> <span class='ocrx_word' id='word_1_771' title='bbox 1736 5363 1915 5416; x_wconf 77' lang='lat' dir='ltr'><strong>erant,</strong></span> <span class='ocrx_word' id='word_1_772' title='bbox 1946 5353 2066 5406; x_wconf 88' lang='lat' dir='ltr'><strong>ideo</strong></span> 
     </span>
    </p>
   </div>
   <div class='ocr_carea' id='block_1_105' title="bbox 495 5446 2068 5520">
    <p class='ocr_par' dir='ltr' id='par_1_105' title="bbox 495 5446 2068 5520">
     <span class='ocr_line' id='line_1_105' title="bbox 495 5446 2068 5520; baseline 0.001 -21"><span class='ocrx_word' id='word_1_773' title='bbox 495 5446 796 5501; x_wconf 81' lang='lat' dir='ltr'><strong>funiculum</strong></span> <span class='ocrx_word' id='word_1_774' title='bbox 825 5450 991 5504; x_wconf 87' lang='lat' dir='ltr'><strong>maris</strong></span> <span class='ocrx_word' id='word_1_775' title='bbox 1014 5465 1105 5504; x_wconf 88' lang='lat' dir='ltr'><strong>eas</strong></span> <span class='ocrx_word' id='word_1_776' title='bbox 1136 5450 1446 5520; x_wconf 88' lang='lat' dir='ltr'><strong>appellavit,</strong></span> <span class='ocrx_word' id='word_1_777' title='bbox 1478 5449 1622 5504; x_wconf 89' lang='lat' dir='ltr'><strong>sicut</strong></span> <span class='ocrx_word' id='word_1_778' title='bbox 1651 5448 1814 5502; x_wconf 89' lang='lat' dir='ltr'><strong>etiam</strong></span> <span class='ocrx_word' id='word_1_779' title='bbox 1877 5447 2068 5500; x_wconf 88' lang='lat' dir='ltr'><strong>beatus</strong></span> 
     </span>
    </p>
   </div>
   <div class='ocr_carea' id='block_1_106' title="bbox 498 5536 2064 5602">
    <p class='ocr_par' dir='ltr' id='par_1_106' title="bbox 498 5536 2064 5602">
     <span class='ocr_line' id='line_1_106' title="bbox 498 5536 2064 5602; baseline 0.003 -15"><span class='ocrx_word' id='word_1_780' title='bbox 498 5536 664 5591; x_wconf 81' lang='lat' dir='ltr'><strong>David</strong></span> <span class='ocrx_word' id='word_1_781' title='bbox 691 5540 764 5592; x_wconf 90' lang='lat' dir='ltr'><strong>ait</strong></span> <span class='ocrx_word' id='word_1_782' title='bbox 799 5539 885 5594; x_wconf 89' lang='lat' dir='ltr'><strong>his</strong></span> <span class='ocrx_word' id='word_1_783' title='bbox 918 5541 1096 5595; x_wconf 79' lang='lat' dir='ltr'><strong>verbis</strong></span> <span class='ocrx_word' id='word_1_784' title='bbox 1125 5558 1137 5593; x_wconf 88' lang='lat'><strong>:</strong></span> <span class='ocrx_word' id='word_1_785' title='bbox 1173 5561 1190 5591; x_wconf 77' lang='grc' dir='ltr'><strong>ι</strong></span> <span class='ocrx_word' id='word_1_786' title='bbox 1224 5541 1372 5596; x_wconf 87' lang='lat' dir='ltr'><strong>Dabo</strong></span> <span class='ocrx_word' id='word_1_787' title='bbox 1402 5543 1500 5597; x_wconf 89' lang='lat' dir='ltr'><strong>tibi</strong></span> <span class='ocrx_word' id='word_1_788' title='bbox 1541 5551 1744 5594; x_wconf 88' lang='lat' dir='ltr'><strong>terram</strong></span> <span class='ocrx_word' id='word_1_789' title='bbox 1776 5538 2064 5602; x_wconf 85' lang='lat' dir='ltr'><strong>Chanaan,</strong></span> 
     </span>
    </p>
   </div>
   <div class='ocr_carea' id='block_1_107' title="bbox 500 5629 2066 5702">
    <p class='ocr_par' dir='ltr' id='par_1_107' title="bbox 500 5629 2066 5702">
     <span class='ocr_line' id='line_1_107' title="bbox 500 5629 2066 5702; baseline 0.001 -21"><span class='ocrx_word' id='word_1_790' title='bbox 500 5629 799 5683; x_wconf 79' lang='lat' dir='ltr'><strong>tunicuium</strong></span> <span class='ocrx_word' id='word_1_791' title='bbox 839 5629 1170 5685; x_wconf 70' lang='lat' dir='ltr'><strong>hmreditatis</strong></span> <span class='ocrx_word' id='word_1_792' title='bbox 1211 5641 1406 5686; x_wconf 70' lang='lat' dir='ltr'><strong>vestrae</strong></span> <span class='ocrx_word' id='word_1_793' title='bbox 1430 5632 1475 5664; x_wconf 83' lang='lat'><strong>&quot;</strong></span> <span class='ocrx_word' id='word_1_794' title='bbox 1507 5650 1521 5687; x_wconf 91' lang='lat'><strong>:</strong></span> <span class='ocrx_word' id='word_1_795' title='bbox 1552 5648 1570 5680; x_wconf 71' lang='grc' dir='ltr'><strong>ι</strong></span> <span class='ocrx_word' id='word_1_796' title='bbox 1598 5648 1772 5702; x_wconf 83' lang='lat' dir='ltr'><strong>proco</strong></span> <span class='ocrx_word' id='word_1_797' title='bbox 1789 5641 1846 5688; x_wconf 88' lang='lat' dir='ltr'><strong>ut</strong></span> <span class='ocrx_word' id='word_1_798' title='bbox 1875 5631 2022 5683; x_wconf 84' lang='lat' dir='ltr'><strong>dicat</strong></span> <span class='ocrx_word' id='word_1_799' title='bbox 2052 5644 2066 5681; x_wconf 83' lang='lat'><strong>:</strong></span> 
     </span>
    </p>
   </div>
   <div class='ocr_carea' id='block_1_108' title="bbox 572 5738 1054 5803">
    <p class='ocr_par' dir='ltr' id='par_1_108' title="bbox 572 5738 1054 5803">
     <span class='ocr_line' id='line_1_108' title="bbox 572 5738 1054 5803; baseline -0.008 -9"><span class='ocrx_word' id='word_1_800' title='bbox 572 5741 613 5770; x_wconf 75' lang='lat'><em>“</em></span> <span class='ocrx_word' id='word_1_801' title='bbox 649 5738 771 5796; x_wconf 80' lang='lat' dir='ltr'><strong>Psal</strong></span> <span class='ocrx_word' id='word_1_802' title='bbox 815 5755 924 5803; x_wconf 82' lang='lat' dir='ltr'><strong>Civ,</strong></span> <span class='ocrx_word' id='word_1_803' title='bbox 972 5739 1054 5791; x_wconf 90' lang='lat' dir='ltr'><strong>ll.</strong></span> 
     </span>
    </p>
   </div>
   <div class='ocr_carea' id='block_1_109' title="bbox 2169 4892 3746 4964">
    <p class='ocr_par' dir='ltr' id='par_1_109' title="bbox 2169 4892 3746 4964">
     <span class='ocr_line' id='line_1_109' title="bbox 2169 4892 3746 4964; baseline -0.003 -16"><span class='ocrx_word' id='word_1_804' title='bbox 2169 4896 2317 4948; x_wconf 86' lang='grc' dir='ltr'>λεται</span> <span class='ocrx_word' id='word_1_805' title='bbox 2345 4893 2452 4964; x_wconf 80' lang='grc' dir='ltr'><strong>γάρ</strong></span> <span class='ocrx_word' id='word_1_806' title='bbox 2481 4896 2652 4948; x_wconf 84' lang='grc' dir='ltr'>εἰπεῖν</span> <span class='ocrx_word' id='word_1_807' title='bbox 2684 4896 2766 4948; x_wconf 84' lang='grc' dir='ltr'>ὅτι</span> <span class='ocrx_word' id='word_1_808' title='bbox 2801 4897 2971 4948; x_wconf 76' lang='grc' dir='ltr'>πᾶσαι</span> <span class='ocrx_word' id='word_1_809' title='bbox 2999 4892 3108 4946; x_wconf 89' lang='grc' dir='ltr'><strong>τῶν</strong></span> <span class='ocrx_word' id='word_1_810' title='bbox 3139 4893 3452 4962; x_wconf 77' lang='grc' dir='ltr'>ἀλλοφύλων</span> <span class='ocrx_word' id='word_1_811' title='bbox 3475 4895 3531 4945; x_wconf 79' lang='lat' dir='ltr'><strong>al</strong></span> <span class='ocrx_word' id='word_1_812' title='bbox 3559 4892 3746 4955; x_wconf 84' lang='grc' dir='ltr'>πόλεις</span> 
     </span>
    </p>
   </div>
   <div class='ocr_carea' id='block_1_110' title="bbox 2167 4981 3744 5055">
    <p class='ocr_par' dir='ltr' id='par_1_110' title="bbox 2167 4981 3744 5055">
     <span class='ocr_line' id='line_1_110' title="bbox 2167 4981 3744 5055; baseline -0.002 -18"><span class='ocrx_word' id='word_1_813' title='bbox 2167 4983 2632 5055; x_wconf 76' lang='grc' dir='ltr'>διαρπαγησονταί</span> <span class='ocrx_word' id='word_1_814' title='bbox 2704 5001 2762 5036; x_wconf 88' lang='grc' dir='ltr'><strong>τε</strong></span> <span class='ocrx_word' id='word_1_815' title='bbox 2814 4985 2908 5038; x_wconf 71' lang='grc' dir='ltr'><strong>καὶ</strong></span> <span class='ocrx_word' id='word_1_816' title='bbox 2957 4981 3447 5054; x_wconf 87' lang='grc' dir='ltr'>ἀφανισθήσονται,</span> <span class='ocrx_word' id='word_1_817' title='bbox 3498 4981 3592 5035; x_wconf 77' lang='grc' dir='ltr'><strong>καὶ</strong></span> <span class='ocrx_word' id='word_1_818' title='bbox 3639 4981 3744 5051; x_wconf 83' lang='grc' dir='ltr'>τῆς</span> 
     </span>
    </p>
   </div>
   <div class='ocr_carea' id='block_1_111' title="bbox 2163 5072 3736 5147">
    <p class='ocr_par' dir='ltr' id='par_1_111' title="bbox 2163 5072 3736 5147">
     <span class='ocr_line' id='line_1_111' title="bbox 2163 5072 3736 5147; baseline 0.001 -22"><span class='ocrx_word' id='word_1_819' title='bbox 2163 5072 2369 5134; x_wconf 79' lang='grc' dir='ltr'>οἰκείας</span> <span class='ocrx_word' id='word_1_820' title='bbox 2391 5073 2692 5145; x_wconf 80' lang='grc' dir='ltr'>εὐπραγίας</span> <span class='ocrx_word' id='word_1_821' title='bbox 2709 5076 3100 5147; x_wconf 76' lang='grc' dir='ltr'>ἀπορῤιφεῖσαι</span> <span class='ocrx_word' id='word_1_822' title='bbox 3123 5075 3356 5146; x_wconf 84' lang='grc' dir='ltr'>παντελῆ</span> <span class='ocrx_word' id='word_1_823' title='bbox 3371 5075 3610 5141; x_wconf 78' lang='grc' dir='ltr'>δέξονται</span> <span class='ocrx_word' id='word_1_824' title='bbox 3629 5073 3736 5142; x_wconf 81' lang='grc' dir='ltr'>τὴν</span> 
     </span>
    </p>
   </div>
   <div class='ocr_carea' id='block_1_112' title="bbox 2161 5163 3737 5238">
    <p class='ocr_par' dir='ltr' id='par_1_112' title="bbox 2161 5163 3737 5238">
     <span class='ocr_line' id='line_1_112' title="bbox 2161 5163 3737 5238; baseline 0.003 -20"><span class='ocrx_word' id='word_1_825' title='bbox 2161 5163 2453 5219; x_wconf 80' lang='grc' dir='ltr'>ἀπώλειαν.</span> <span class='ocrx_word' id='word_1_826' title='bbox 2503 5185 2521 5216; x_wconf 76' lang='grc' dir='ltr'><strong>ι</strong></span> <span class='ocrx_word' id='word_1_827' title='bbox 2559 5167 2696 5219; x_wconf 72' lang='grc' dir='ltr'>Οὐαὶ</span> <span class='ocrx_word' id='word_1_828' title='bbox 2729 5166 2779 5218; x_wconf 76' lang='grc' dir='ltr'>οἱ</span> <span class='ocrx_word' id='word_1_829' title='bbox 2819 5165 3194 5231; x_wconf 86' lang='grc' dir='ltr'>κατοικοῦντες</span> <span class='ocrx_word' id='word_1_830' title='bbox 3225 5167 3286 5220; x_wconf 81' lang='grc' dir='ltr'><strong>τὸ</strong></span> <span class='ocrx_word' id='word_1_831' title='bbox 3319 5168 3607 5238; x_wconf 83' lang='grc' dir='ltr'>σχοίνισμα</span> <span class='ocrx_word' id='word_1_832' title='bbox 3631 5165 3737 5234; x_wconf 74' lang='grc' dir='ltr'>τῆς</span> 
     </span>
    </p>
   </div>
   <div class='ocr_carea' id='block_1_113' title="bbox 2164 5253 3736 5328">
    <p class='ocr_par' dir='ltr' id='par_1_113' title="bbox 2164 5253 3736 5328">
     <span class='ocr_line' id='line_1_113' title="bbox 2164 5253 3736 5328; baseline 0.003 -22"><span class='ocrx_word' id='word_1_833' title='bbox 2164 5253 2458 5325; x_wconf 86' lang='grc' dir='ltr'>θαλάσσης,</span> <span class='ocrx_word' id='word_1_834' title='bbox 2482 5256 2732 5324; x_wconf 86' lang='grc' dir='ltr'>πάροικοι</span> <span class='ocrx_word' id='word_1_835' title='bbox 2748 5256 2980 5327; x_wconf 84' lang='grc' dir='ltr'>Κρητῶν</span> <span class='ocrx_word' id='word_1_836' title='bbox 3004 5274 3018 5287; x_wconf 71' lang='grc'><strong>⁸</strong></span> <span class='ocrx_word' id='word_1_837' title='bbox 3052 5257 3208 5324; x_wconf 87' lang='grc' dir='ltr'>λόγος</span> <span class='ocrx_word' id='word_1_838' title='bbox 3229 5257 3436 5328; x_wconf 79' lang='grc' dir='ltr'>Κυρίου</span> <span class='ocrx_word' id='word_1_839' title='bbox 3459 5259 3542 5326; x_wconf 73' lang='grc' dir='ltr'><strong>ἐφ’</strong></span> <span class='ocrx_word' id='word_1_840' title='bbox 3565 5258 3736 5327; x_wconf 78' lang='grc' dir='ltr'>ὑμᾶς,</span> 
     </span>
    </p>
   </div>
   <div class='ocr_carea' id='block_1_114' title="bbox 2164 5347 3742 5418">
    <p class='ocr_par' dir='ltr' id='par_1_114' title="bbox 2164 5347 3742 5418">
     <span class='ocr_line' id='line_1_114' title="bbox 2164 5347 3742 5418; baseline 0.001 -18"><span class='ocrx_word' id='word_1_841' title='bbox 2164 5348 2384 5400; x_wconf 79' lang='grc' dir='ltr'>Χαναὰν</span> <span class='ocrx_word' id='word_1_842' title='bbox 2424 5348 2492 5417; x_wconf 76' lang='grc' dir='ltr'>γῆ</span> <span class='ocrx_word' id='word_1_843' title='bbox 2536 5347 2843 5416; x_wconf 84' lang='grc' dir='ltr'>ἀλλοφύλων</span> <span class='ocrx_word' id='word_1_844' title='bbox 2865 5366 2877 5378; x_wconf 91' lang='grc'><strong>·</strong></span> <span class='ocrx_word' id='word_1_845' title='bbox 2915 5347 3008 5402; x_wconf 72' lang='grc' dir='ltr'><strong>καὶ</strong></span> <span class='ocrx_word' id='word_1_846' title='bbox 3047 5347 3235 5402; x_wconf 84' lang='grc' dir='ltr'>ἀπολῶ</span> <span class='ocrx_word' id='word_1_847' title='bbox 3268 5349 3413 5418; x_wconf 80' lang='grc' dir='ltr'>ὑμᾶς</span> <span class='ocrx_word' id='word_1_848' title='bbox 3455 5349 3521 5402; x_wconf 79' lang='grc' dir='ltr'>ὲκ</span> <span class='ocrx_word' id='word_1_849' title='bbox 3555 5365 3742 5402; x_wconf 71' lang='grc' dir='ltr'>κατοι-</span> 
     </span>
    </p>
   </div>
   <div class='ocr_carea' id='block_1_115' title="bbox 2166 5438 3743 5512">
    <p class='ocr_par' dir='ltr' id='par_1_115' title="bbox 2166 5438 3743 5512">
     <span class='ocr_line' id='line_1_115' title="bbox 2166 5438 3743 5512; baseline 0.002 -20"><span class='ocrx_word' id='word_1_850' title='bbox 2166 5439 2317 5504; x_wconf 86' lang='grc' dir='ltr'>κίας·</span> <span class='ocrx_word' id='word_1_851' title='bbox 2357 5440 2450 5493; x_wconf 70' lang='grc' dir='ltr'><strong>καὶ</strong></span> <span class='ocrx_word' id='word_1_852' title='bbox 2479 5439 2628 5492; x_wconf 76' lang='grc' dir='ltr'>ἔσται</span> <span class='ocrx_word' id='word_1_853' title='bbox 2671 5438 2859 5511; x_wconf 83' lang='grc' dir='ltr'>Κρήτη</span> <span class='ocrx_word' id='word_1_854' title='bbox 2900 5438 3041 5510; x_wconf 83' lang='grc' dir='ltr'>νομὴ</span> <span class='ocrx_word' id='word_1_855' title='bbox 3076 5441 3358 5509; x_wconf 90' lang='grc' dir='ltr'>ποιμνίων,</span> <span class='ocrx_word' id='word_1_856' title='bbox 3386 5440 3481 5494; x_wconf 78' lang='grc' dir='ltr'>καὶ</span> <span class='ocrx_word' id='word_1_857' title='bbox 3526 5441 3743 5512; x_wconf 75' lang='grc' dir='ltr'>μάνδρα</span> 
     </span>
    </p>
   </div>
   <div class='ocr_carea' id='block_1_116' title="bbox 2168 5527 3744 5603">
    <p class='ocr_par' dir='ltr' id='par_1_116' title="bbox 2168 5527 3744 5603">
     <span class='ocr_line' id='line_1_116' title="bbox 2168 5527 3744 5603; baseline 0 -19"><span class='ocrx_word' id='word_1_858' title='bbox 2168 5531 2474 5603; x_wconf 74' lang='grc' dir='ltr'>προϐάτων.</span> <span class='ocrx_word' id='word_1_859' title='bbox 2509 5552 2526 5582; x_wconf 78' lang='grc' dir='ltr'><strong>ι</strong></span> <span class='ocrx_word' id='word_1_860' title='bbox 2561 5534 2636 5602; x_wconf 85' lang='lat' dir='ltr'><strong>(p.</strong></span> <span class='ocrx_word' id='word_1_861' title='bbox 2683 5531 2811 5603; x_wconf 73' lang='grc'><strong>594)</strong></span> <span class='ocrx_word' id='word_1_862' title='bbox 2865 5531 3077 5602; x_wconf 83' lang='grc' dir='ltr'>Ἐπειδὴ</span> <span class='ocrx_word' id='word_1_863' title='bbox 3111 5531 3410 5601; x_wconf 83' lang='grc' dir='ltr'>παραλίους</span> <span class='ocrx_word' id='word_1_864' title='bbox 3460 5527 3602 5586; x_wconf 72' lang='grc' dir='ltr'>εἶναι</span> <span class='ocrx_word' id='word_1_865' title='bbox 3639 5532 3744 5594; x_wconf 68' lang='grc' dir='ltr'>τὰς</span> 
     </span>
    </p>
   </div>
   <div class='ocr_carea' id='block_1_117' title="bbox 2170 5618 3741 5691">
    <p class='ocr_par' dir='ltr' id='par_1_117' title="bbox 2170 5618 3741 5691">
     <span class='ocr_line' id='line_1_117' title="bbox 2170 5618 3741 5691; baseline -0.002 -16"><span class='ocrx_word' id='word_1_866' title='bbox 2170 5625 2353 5686; x_wconf 85' lang='grc' dir='ltr'>πόλεις</span> <span class='ocrx_word' id='word_1_867' title='bbox 2405 5622 2716 5684; x_wconf 80' lang='grc' dir='ltr'>συνέϐαινε,</span> <span class='ocrx_word' id='word_1_868' title='bbox 2769 5620 3054 5691; x_wconf 85' lang='grc' dir='ltr'>σχοίνισμα</span> <span class='ocrx_word' id='word_1_869' title='bbox 3101 5619 3372 5687; x_wconf 84' lang='grc' dir='ltr'>θαλάσσης</span> <span class='ocrx_word' id='word_1_870' title='bbox 3423 5618 3596 5682; x_wconf 71' lang='grc' dir='ltr'>αὐτάς</span> <span class='ocrx_word' id='word_1_871' title='bbox 3645 5619 3741 5672; x_wconf 72' lang='grc' dir='ltr'>κέ-</span> 
     </span>
    </p>
   </div>
  </div>
