4022 6138
298 281 385 335 εει
1262 284 1811 340 COMMENTARHIS
1841 284 1908 340 1N
1950 286 2314 343 SOPHONUE
2344 287 2496 343 CAP.
2539 287 2606 342 11.

3420 288 3525 347 462

298 397 501 468 κληκεν.
534 399 613 463 ὡς
658 403 689 452 6
736 402 1008 472 μακάριος
1057 402 1203 470 λέγει
1245 405 1410 459 Δαυὶδ
1446 404 1651 473 λέγων·
1718 423 1734 457 ι
1773 405 1862 457 Σοὶ

1972 404 2305 461 l‘ossessioni
2320 414 2512 461 vestra:
2526 406 2770 460 addicam
2783 404 3210 462 Chananacorum
3229 405 3527 477 regionem,

295 487 440 543 δώσω
504 491 603 559 τὴν
662 492 769 560 γῆν
823 493 1079 558 Χαναὰν,
1152 494 1441 563 σχοίνισμα
1499 494 1854 565 κληρονομίας

296 579 463 648 ὐμῶν·
504 599 522 629 ι
557 580 642 633 ἵνα
674 583 835 653 εἴπῃ.
887 583 968 635 ὅτι
995 584 1087 646 Εἰς
1133 584 1323 655 κτῆσιν
1369 585 1497 653 ὑμῖν
1525 583 1734 655 ἀφοριῶ
1762 582 1857 652 τὴν

293 667 603 724 Χαναναίων
637 672 765 742 γῆν,
798 673 862 726 ὲκ
889 675 1201 744 μεταφοράς
1224 674 1330 726 τῶν
1368 673 1563 744 σχοίνῳ
1599 672 1858 743 μετρούν-

293 780 397 814 των
415 761 522 814 τῶν
546 780 604 815 τε
624 763 971 834 διοριζόντων
988 762 1085 835 τὴν
1108 766 1231 836 γῆν.
1261 763 1446 828 οὕτως
1468 761 1559 818 οὖν
1582 762 1859 817 κάνταῦθα

293 850 436 917 λέγει
478 869 496 901 ι
534 851 593 903 τὺ
640 852 932 935 σχηὶνισμα
964 852 1061 924 τῆς
1094 852 1400 924 θαλάσσης,
1441 874 1459 905 ›
1488 853 1607 906 ἀντὶ
1630 853 1724 905 τοῦ
1749 893 1763 914 ,
1797 854 1859 905 Oi

290 943 384 1011 τὴν
426 942 860 1012 παραθαλάττιον
908 944 1178 1008 οἰκοῦντες
1208 946 1419 1017 μερίδα.
1464 946 1536 998 Τὸ
1564 944 1619 997 δὲ
1655 963 1672 994 ι
1715 942 1860 1014 πάρ-

290 1048 427 1084 οικοι
455 1031 690 1105 Κρητῶν
727 1053 746 1084 ι
775 1033 924 1102 λέγει
948 1074 961 1097 ,
995 1034 1182 1103 ἐπειδή
1227 1052 1367 1098 τινες
1394 1038 1455 1087 ἐκ
1488 1037 1711 1106 Κρήτης
1741 1036 1860 1090 κατ’

292 1123 562 1193 ἐμπορίαν
618 1124 809 1178 αὐτόοι
857 1126 1290 1198 παραγεγονότες
1339 1127 1414 1190 ὡς
1472 1130 1549 1191 εἰς
1608 1127 1858 1196 παραθα-

289 1211 548 1274 λασσίους
610 1214 827 1280 πόλεις,
884 1219 1052 1271 οἰκεῖν
1097 1217 1299 1270 εἴλοντο
1342 1219 1470 1289 παρ’
1521 1219 1723 1280 αὐτοῖς.
1774 1218 1863 1281 Ὠς

294 1303 387 1355 κο)⁵
417 1303 569 1376 παρὰ
598 1303 677 1375 τῷ
719 1305 899 1376 Ἀμὼς
938 1307 1107 1375 λέγει·
1163 1327 1180 1359 ι
1223 1308 1530 1377 Κατακόψω
1580 1307 1750 1379 φυλὴν
1801 1305 1862 1371 ἐξ

295 1396 504 1465 ἀνδρῶν
548 1394 806 1467 Χαρρὰν,
857 1416 875 1447 ›
911 1399 1037 1468 περὶ
1076 1399 1183 1452 τῶν
1228 1399 1438 1453 ἐκεῖθεν
1486 1403 1552 1471 τῇ
1586 1397 1862 1469 Δαμασκῷ

292 1488 699 1560 παροικούντων
739 1489 943 1557 λέγων·
972 1489 1141 1555 οὕτως
1184 1490 1290 1564 γὰρ
1320 1492 1414 1544 καὶ
1447 1490 1680 1545 ἐνταῦθα
1720 1507 1863 1561 παρο

290 1578 472 1642 οξκους
510 1580 748 1652 Κρητῶν
796 1582 979 1647 καλεῖ,
1038 1583 1125 1635 ἵνα
1175 1584 1303 1653 εἴπῃ
1330 1584 1455 1645 τοὺς
1499 1588 1628 1654 παρ“
1675 1582 1859 1645 αὐτοῖς

290 1669 570 1734 οἰκοῦντας
614 1672 847 1744 Κρητῶν
870 1690 882 1702 ·
916 1671 1161 1742 βούλεται
1193 1670 1287 1727 οὖν
1337 1669 1514 1721 εἰπεῖν
1535 1665 1615 1720 ὅτι
1643 1668 1861 1727 ’Δθλιὼ-

1967 505 2181 565 sumpta
2212 496 2526 566 metaphora
2554 497 2708 552 abiis
2727 496 2816 566 qui
2848 495 3105 553 funiculis
3122 498 3426 552 metiuntur
3464 515 3528 554 ac

1965 584 2211 640 dividunt
2242 594 2434 642 terras.
2466 586 2543 641 Ita
2570 604 2712 642 nunc
2742 587 2904 641 etiam
2942 606 2959 639 ι
2996 586 3292 643 funiculum
3315 592 3481 645 maris
3506 613 3524 644 ι

1964 671 2118 737 dicit,
2146 688 2245 745 pro
2264 675 2547 730 maritima;
2560 670 2728 741 partis
2758 667 2972 727 incolis.
2988 674 3227 746 Denique
3246 695 3262 727 ι
3291 679 3529 741 advenas

1964 765 2249 822 Cretenses
2288 763 2964 836 idicit,quianonnulliex
2998 768 3161 822 Creta
3208 777 3528 827 mercaturae

1967 874 2129 913 causa
2182 860 2313 917 illuc
2362 858 2631 929 pragrcssi
2684 866 2871 928 utpote
2904 858 2971 913 ad
3005 860 3169 917 urbes
3203 862 3525 927 maritimas.

1968 949 2041 1003 ibi
2080 950 2325 1005 habitare
2358 952 2687 1005 maluerunt.
2721 948 2871 1003 Sicut
2900 951 3063 1004 etiam
3096 951 3238 1022 apud
3267 952 3528 1009 Amosum

1968 1042 2169 1095 dicitur
2201 1060 2213 1097 :
2245 1060 2263 1092 ι
2303 1040 2597 1096 Concidam
2632 1040 2829 1094 tribum
2860 1057 2924 1097 ex
2957 1042 3089 1096 viris
3118 1040 3363 1097 Charran
3392 1047 3461 1107 ”,
3504 1065 3525 1097 ι

1968 1133 2198 1202 loquens
2223 1133 2433 1187 scilicet
2460 1134 2525 1186 de
2558 1132 2703 1186 illius
2735 1133 2974 1202 regionis
2995 1134 3219 1192 advenis
3254 1137 3399 1192 circa
3423 1137 3530 1191 Da-

1971 1239 2215 1280 mascum
2245 1225 2632 1279 incolentibus.
2658 1224 2752 1279 Sic
2781 1240 2926 1280 nunc
2942 1242 3160 1295 quoque
3188 1226 3529 1285 Cretensium

1969 1315 2208 1371 advenas
2264 1315 2418 1379 dicit,
2453 1330 2549 1385 pro
2595 1331 2657 1369 ea
2695 1325 2846 1385 parte
2884 1316 3048 1387 259
3080 1318 3375 1374 incolarum
3412 1337 3536 1391 qua)

1968 1406 2127 1460 Creta
2160 1414 2278 1462 erat
2309 1406 2566 1461 oriunda.
2594 1403 2722 1460 Vult
2748 1422 2879 1477 ergo
2906 1408 3089 1467 dicere
3119 1428 3132 1465 :
3163 1409 3530 1469 lnfelieissinsi

1969 1493 2211 1549 omnium
2239 1489 2419 1547 cuncti
2436 1502 2554 1559 vos,
2572 1490 2665 1562 qui
2682 1494 3009 1550 maritimam
3026 1508 3237 1565 partem
3276 1498 3533 1557 habitatis

1968 1600 2090 1638 cum
2123 1584 2479 1659 Cretensibus
2501 1583 2744 1640 advenis.
2762 1583 3005 1641 Decrevit
3022 1596 3208 1643 contra
3228 1607 3324 1645 vos
3345 1609 3534 1652 omnes

1968 1676 2134 1740 Deus,
2156 1692 2188 1731 ο
2215 1676 2575 1732 Chananaaam
2605 1678 2913 1734 habitantes
2938 1681 3273 1753 alienigenae.
3296 1687 3521 1756 perditur

292 1778 443 1813 τατοι
491 1765 732 1830 πάντων,
762 1765 959 1828 πάντες
1006 1767 1164 1835 ὑμεῖς
1208 1766 1259 1817 oi
1288 1765 1387 1838 τήν
1428 1763 1864 1836 παραθαλάττιον

1972 1786 2085 1824 rum
2112 1785 2171 1825 se
2198 1786 2295 1824 vos
2313 1770 2559 1835 omnino,
2585 1787 2794 1826 necnon
2826 1789 2857 1827 a
2885 1773 3238 1832 Cretensibus
3268 1781 3410 1848 apud
3440 1798 3534 1835 vos

294 1852 567 1918 οξκοῦντες
614 1855 831 1927 μερίδα,
857 1856 993 1927 μετὰ
1026 1859 1118 1912 καὶ
1153 1857 1261 1912 τῶν
1292 1856 1693 1928 παροικούντων
1738 1858 1864 1928 ὑμῖν

1963 1862 2259 1917 habitatam
2314 1863 2592 1933 regionem
2623 1863 2767 1935 (qua:
2788 1881 3052 1935 pascuum
3085 1869 3172 1922 fiet
3214 1885 3456 1941 gregum,
3483 1864 3534 1926 ιὲι

297 1945 531 2016 Κρητῶν
553 1960 566 1973 ’
622 1948 1000 2018 ἀποπέφανται
1056 1952 1165 2023 γὰρ
1218 1951 1357 2007 κατὰ
1404 1953 1620 2006 πάντων
1652 1948 1804 2021 ὑμῶν
1835 1954 1864 2005 6

1972 1954 2125 2010 statio
2152 1954 2356 2024 ovium)
2395 1955 2449 2008 in
2481 1955 2834 2012 solitudinem
2867 1964 3077 2013 vastam
3114 1960 3338 2030 rediget.

295 2035 426 2103 Θεὸς
447 2037 557 2091 τῶν
583 2040 875 2096 οἰκούντων
894 2043 992 2114 τήν
1007 2043 1316 2098 Χαναναίαν
1345 2042 1655 2113 ἀλλοφύλων
1671 2061 1683 2075 ·
1714 2046 1796 2099 ὅτι
1826 2047 1967 2116 ὑμᾶς
1994 2065 2052 2099 τε
2081 2048 2333 2103 ἀπολέσει
2358 2049 2659 2114 παντελῶς,
2679 2052 2771 2106 καὶ
2797 2052 2894 2122 τήν
2922 2053 2986 2105 ἐκ
3015 2054 3122 2107 τῶν
3152 2057 3385 2125 Κρητῶν
3406 2064 3535 2131 παρ’

298 2136 425 2203 ὑμῖν
448 2135 777 2207 οίκουμένην
800 2136 1004 2208 χώραν,
1035 2141 1171 2212 νομή
1195 2157 1254 2194 τε
1276 2140 1537 2210 ποιμνίων
1570 2142 1663 2198 καὶ
1682 2141 1890 2213 οἴκησις
1914 2144 2231 2215 προόάτων,
2274 2144 2362 2198 διὰ
2391 2145 2489 2214 τῆς
2527 2146 2763 2217 ἐρημίας
2802 2147 3109 2219 παραδώσει
3135 2151 3233 2221 τῆς
3266 2152 3489 2224 πολλῆς.

298 2308 301 2309 ν
361 2249 511 2320 Στίχ.
537 2247 681 2312 ζ¹.-
706 2269 725 2300 ι
763 2251 875 2305 Καὶ
903 2251 1054 2306 ἔσται
1075 2253 1137 2306 τὸ
1161 2253 1446 2324 σχοίνισμα
1468 2255 1565 2323 τῆς
1598 2253 1872 2325 θαλάσσης

296 2347 408 2409 τοῖς
443 2344 796 2409 κατάλοιποις
828 2345 977 2400 οίκου
1035 2346 1198 2401 Ἰούδα
1217 2362 1231 2376 ·
1255 2347 1341 2401 ἐπ’
1371 2348 1567 2410 αὐτοὺς
1602 2348 1869 2417 νεμήσον-

298 2452 387 2491 ται
413 2438 472 2490 sv
503 2441 620 2501 τοῖς
659 2438 829 2501 olm;
869 2438 1225 2502 Ἀσκάλωνος,
1275 2440 1456 2509 δείλης
1509 2439 1869 2494 καταλύσουσι

303 2529 409 2582 άπὸ
437 2530 729 2602 προσώπου
756 2530 867 2584 τῶν
894 2530 1024 2585 υίῶν
1065 2531 1255 2595 Ἰούδα,
1286 2533 1370 2586 ὅτι
1394 2531 1731 2586 ἐπέσκεπται
1768 2533 1867 2584 αύ-

307 2622 428 2683 τοὺς
447 2619 649 2691 Κύριος
674 2623 707 2675 6
736 2621 868 2684 Θεὸς
899 2620 1220 2688 αύτῶν,κα“ι
1249 2622 1558 2695 ἀπέστρεψε
1603 2623 1703 2692 τὴν
1752 2623 1870 2691 αἰχ-

316 2714 583 2783 μαλωσίαν
611 2715 809 2771 αὐτῶν.
846 2734 867 2767 ι
901 2715 981 2785 (p.
1023 2716 1151 2786 595)
1178 2717 1241 2770 Οί
1277 2717 1386 2787 γάρ
1426 2716 1870 2787 περισωζόμενοι,

323 2807 502 2877 φησὶν,
530 2809 593 2859 ὲκ
615 2807 708 2878 τῆς
730 2807 827 2861 τοῦ
861 2807 1029 2862 Ἰούδα
1050 2807 1241 2877 φυλῆς,
1270 2808 1449 2878 πάσης
1476 2807 1540 2877 δὴ
1563 2807 1662 2876 τῆς
1690 2823 1872 2876 παρα·

322 2893 588 2949 θαλαττίου
637 2898 926 2962 καθέξουσι
978 2898 1208 2969 μερίδος,
1250 2897 1346 2951 καὶ
1383 2900 1563 2949 πᾶσαν
1605 2895 1774 2964 αὐτὴν
1799 2894 1873 2956 ὡς

2039 2256 2205 2312 Vsus.
2248 2258 2302 2310 7.
2343 2286 2415 2297 —
2456 2276 2475 2308 ι
2505 2257 2570 2312 Et
2611 2258 2717 2312 erit
2766 2257 3047 2316 funiculus
3085 2261 3254 2318 maris
3312 2265 3537 2335 reliquis

1967 2349 2036 2404 de
2061 2350 2223 2404 domo
2250 2348 2404 2404 Iuda:
2436 2368 2449 2403 :
2481 2364 2646 2419 super
2674 2350 2825 2418 ipsos
2854 2361 3152 2420 pascentur
3183 2355 3237 2408 in
3268 2355 3531 2412 domibus

1966 2439 2276 2501 Ascalonis,
2308 2439 2376 2492 ad
2401 2452 2685 2508 vesperam
2716 2439 3059 2508 requiescant
3085 2456 3116 2495 a
3134 2439 3274 2497 faeie
3303 2445 3535 2500 ﬁliorum

1965 2528 2137 2590 Iudae,
2159 2530 2286 2598 quia
2310 2529 2493 2585 visitet
2508 2544 2608 2585 eos
2630 2528 2893 2585 Dominus
2910 2529 3052 2588 Deus
3070 2547 3282 2601 eorum,
3308 2540 3363 2591 et
3380 2551 3538 2592 arer-

1968 2623 2034 2673 tit
2061 2619 2431 2689 captivitatem
2462 2621 2721 2689 ipsorum.
2751 2640 2772 2672 ι
2801 2619 2935 2676 Nam
2961 2624 3054 2693 qui
3080 2627 3281 2680 servati
3312 2627 3537 2695 fuerint,

1969 2711 2167 2781 inquit,
2217 2712 2286 2765 de
2308 2710 2462 2765 Juda‘.
2494 2711 2664 2775 tribu,
2710 2721 2878 2766 totam
2917 2714 3181 2770 tenebunt
3213 2719 3538 2776 maritimam

1973 2812 2203 2872 partem.
2234 2804 2492 2873 illamque
2524 2818 2741 2858 omnem
2789 2805 2949 2865 quasi
2988 2820 3144 2861 suam
3182 2808 3422 2865 ineolent
3448 2824 3544 2866 re-

1969 2896 2182 2965 gionem
2219 2910 2393 2964 usque
2421 2896 2764 2950 Ascalonem.
2794 2894 2923 2950 Vult
2957 2908 3136 2954 autem
3164 2914 3227 2953 ex
3258 2914 3364 2955 una
3403 2916 3543 2957 cun-

305 2988 507 3041 οίκείαν
536 2990 865 3061 νεμήσονται
902 2989 1107 3062 χώραν,
1139 2990 1277 3044 ὥστε
1310 2990 1435 3053 τοὺς
1461 2989 1562 3058 τῆς
1604 2987 1869 3041 Ἀσκάλω-

1974 2995 2091 3045 ctas
2120 2984 2550 3055 alienigenarum
2585 2987 2750 3041 urbes
2770 2986 2973 3052 dicere,
3000 3003 3155 3045 more
3182 3005 3285 3045 suo
3315 3006 3343 3044 a
3378 3001 3535 3063 parte

302 3093 407 3140 νος.
434 3078 696 3134 Βούλεται
741 3079 800 3133 δὲ
830 3081 895 3133 ἑκ
932 3082 1061 3151 μιᾶς
1100 3080 1199 3142 τὰς
1242 3080 1369 3143 ὅλας
1418 3077 1528 3131 τῶν
1564 3075 1872 3144 ἀλλοφύλων

302 3169 485 3233 πόλεις
517 3172 723 3237 εἰπεῖν,
752 3171 933 3236 καθὼς
976 3172 1166 3226 εἴωθεν
1192 3173 1299 3225 ἀπὸ
1331 3173 1527 3242 μέρους
1549 3171 1608 3223 τὸ
1630 3168 1749 3222 ὅλον
1776 3185 1875 3221 κα·

302 3260 425 3326 λῶν,
458 3263 851 3335 ὑφορωμένους
876 3264 988 3317 τῶν
1036 3264 1168 3319 υἱῶν
1218 3262 1382 3317 Ἱούδᾶ
1404 3265 1505 3335 τὴν
1529 3264 1701 3333 ἰσχὺν,
1736 3260 1872 3331 μετὰ

300 3352 493 3407 πολλοῦ
522 3354 618 3407 τοῦ
649 3355 805 3419 δέους
830 3357 942 3419 τοῖς
967 3355 1185 3418 οἰκείοις
1213 3354 1422 3423 διάγειν
1440 3372 1453 3385 ·
1479 3353 1542 3407 τὸ
1573 3352 1699 3423 γὰρ,
1720 3370 1739 3403 ι
1762 3350 1873 3404 δεί-

300 3443 393 3515 λης
452 3444 862 3507 καταλύσουσι,
900 3465 920 3498 ι
973 3447 1131 3501 τοῦτο
1174 3446 1343 3513 λέγει.
1392 3444 1609 3514 Ἐπειδὴ
1654 3443 1763 3513 γὰρ
1811 3441 1873 3494 τὸ

304 3554 323 3588 ι
360 3538 718 3609 μεσημϐρίας
739 3558 759 3591 ι
792 3538 1011 3609 εἴληφεν
1040 3540 1131 3592 ἰπὶ
1162 3538 1254 3592 τοῦ
1287 3535 1597 3608 προφανῶς,
1627 3534 1689 3586 τὸ
1722 3553 1741 3583 ι
1767 3532 1873 3585 δεί-

294 3624 390 3698 λης
435 3647 458 3680 r
490 3628 688 3682 ιλαδεν
733 3629 825 3681 ἐπὶ
860 3628 952 3682 τοῦ
999 3628 1181 3692 δέους⁹
1215 3629 1291 3692 ὡς
1344 3626 1453 3680 τῶν
1499 3623 1866 3678 λανθανόντων

296 3719 613 3788 φευγόντων
639 3720 740 3789 μὲν
764 3719 853 3772 τὸν
873 3719 1131 3791 ἡμερινὸν
1157 3720 1367 3791 καιρὸν,
1402 3718 1496 3771 ἐπὶ
1527 3717 1583 3770 δὲ
1599 3716 1688 3769 τὸν
1710 3712 1869 3767 ἑσπέ-

294 3822 407 3879 ριον
425 3809 793 3879 κατατρέχειν
822 3808 1085 3863 εἰωθότων
1111 3809 1285 3863 ἑλπίδι
1318 3806 1411 3862 τοῦ
1449 3806 1649 3860 λαθεῖν.
1683 3802 1868 3856 Ταῦτα

1977 3085 2153 3133 totum
2193 3076 2542 3148 signiﬁcans,
2585 3079 2844 3134 timentes
2874 3078 3112 3135 ﬁliorum
3143 3079 3297 3138 Iuda!
3327 3082 3542 3141 fortitu-

1970 3168 2176 3231 dinem,
2208 3168 2383 3222 multo
2407 3183 2532 3222 eum
2568 3182 2770 3238 pavore
2789 3168 2843 3223 in
2869 3172 3092 3241 proprio
3120 3175 3240 3229 solo
3259 3173 3537 3245 degentes.

1972 3259 2106 3312 Nam
2159 3259 2347 3321 dictio,
2379 3277 2400 3309 ι
2432 3259 2512 3313 Ad
2556 3276 2840 3330 vesperam
2894 3265 3289 3332 requiescent,1
3328 3267 3433 3321 hoc
3469 3270 3546 3323 si-

1972 3348 2386 3420 gniticat.Sicut
2417 3352 2564 3408 enim
2618 3370 2638 3404 ι
2666 3353 2897 3410 meridie
2919 3373 2941 3408 ι
2986 3370 3086 3425 pro
3125 3356 3434 3419 manifeste,
3469 3359 3542 3412 ita

1979 3454 1999 3486 ι
2022 3438 2300 3508 vesperam
2321 3457 2339 3488 ι
2358 3453 2457 3507 pro
2473 3439 2874 3510 timorezquasi
2904 3445 2942 3498 ii
2975 3447 3067 3514 qui
3113 3447 3282 3500 latere
3321 3449 3545 3503 student

1978 3528 2239 3583 diurnum
2268 3539 2487 3599 tempus
2534 3532 2727 3594 vitent,
2753 3534 3067 3601 vespertino
3102 3545 3281 3589 autem
3331 3536 3544 3592 discur~

1977 3631 2098 3671 rere
2128 3618 2360 3681 soleant,
2391 3618 2637 3673 latitandi
2667 3635 2782 3689 spe.
2809 3619 2953 3684 Hac,
2999 3622 3197 3691 inquit,
3227 3634 3386 3678 erunt
3418 3642 3544 3681 cum

1978 3708 2122 3763 Deus
2153 3706 2304 3761 Juda:
2332 3708 2537 3762 tribum
2560 3710 2790 3764 visitans
2809 3719 3018 3766 avertet
3043 3727 3140 3769 eos
3165 3729 3196 3768 ι
3228 3719 3545 3786 captivitate

1978 3807 2140 3865 atque
2166 3799 2220 3852 in
2255 3797 2487 3866 patriam
2510 3813 2705 3854 rursus
2736 3801 2945 3855 auxilio
2979 3816 3081 3859 suo
3106 3807 3383 3863 restituet.

290 3898 365 3965 δὲ,
400 3899 596 3971 φησὶν,
635 3899 810 3963 ἔσται,
845 3899 1064 3954 ἐπειδὰν
1107 3900 1542 3970 ἐπισκεψάμενος
1582 3899 1610 3951 6
1658 3894 1791 3957 Θεὸς
1852 3890 1977 3951 τοὺς
2008 3888 2106 3958 τῆς
2141 3888 2312 3942 Ἰούδα
2340 3888 2511 3957 φυλῆς
2533 3888 2893 3955 ἀπαλλάξει-έν
2912 3909 2972 3947 τε
3002 3894 3199 3958 αὐτοὺς
3221 3897 3319 3968 τῆς
3346 3899 3549 3970 αἰχμα-

290 3990 521 4056 λωσίας,
548 3991 643 4045 καὶ
671 3990 809 4062 πρὸς
840 3992 909 4045 τὰ
930 3994 1103 4046 οἰκεῖα
1126 3993 1284 4046 πάλιν
1317 3991 1454 4061 μετὰ
1476 3991 1575 4059 τῆς
1607 3987 1741 4049 ιδίας
1778 3981 2111 4049 ὲπαναγάγοι
2140 3979 2388 4052 βοηθείας
2406 4028 2420 4042 ,

360 4104 524 4174 Στίχ.
562 4108 699 4174 η’-ι¹.
733 4133 803 4144 -—-
834 4099 969 4158 Εῐτα
1000 4104 1109 4159 ἀπὸ
1155 4104 1264 4157 τῶν
1296 4102 1606 4171 ἀλλοφύλων
1636 4102 1719 4169 ἐφ’
1763 4098 1878 4152 ἑτέ-

295 4213 419 4265 ρους
499 4196 756 4266 μετάγων
808 4196 899 4249 τδν
949 4195 1128 4265 λόγον,
1189 4215 1207 4246 ι
1251 4194 1495 4248 Ἤκουσα
1542 4191 1877 4261 ὀνειδισμοὺς

292 4286 491 4351 Μωὰδ,
525 4287 622 4339 καὶ
656 4286 1044 4358 κονδυλισμοὺς
1070 4285 1201 4338 υἱῶν
1246 4284 1470 4355 ’Λμμὼν
1516 4286 1572 4336 ὲν
1603 4278 1684 4345 οἷς
1722 4282 1879 4334 ὠνεί-

295 4376 441 4441 διζον
491 4376 588 4431 τὸν
618 4374 747 4430 λαόν
780 4393 904 4446 μου,
942 4377 1035 4430 καὶ
1062 4374 1457 4447 ἐμεγαλύνοντο
1497 4373 1591 4425 ἐπὶ
1637 4372 1704 4425 τὰ
1751 4372 1877 4442 ὅρια

2046 4093 2209 4151 Vens.
2253 4094 2406 4148 8-10.
2445 4124 2517 4135 —
2554 4096 2760 4151 Deinde
2800 4096 2871 4152 ab
2912 4098 3234 4167 alienigenis
3282 4100 3348 4155 ad
3404 4103 3542 4160 alios

1977 4202 2284 4241 sermonem
2335 4185 2716 4253 transferens,
2781 4189 2857 4243 ait
2892 4206 2906 4243 :
2949 4206 2968 4240 ι
2993 4190 3191 4246 Audivi
3251 4196 3545 4264 approbria

1974 4278 2152 4343 Moab,
2181 4287 2235 4334 et
2268 4280 2633 4335 contumelias
2664 4279 2898 4335 filiorum
2926 4280 3181 4348 Ammon,
3224 4288 3428 4356 quibus
3458 4304 3549 4344 ex-

1974 4370 2309 4439 probrabant
2337 4371 2542 4440 populo
2576 4385 2720 4437 meo,
2769 4380 2823 4426 et
2857 4376 3351 4444 magnificabantur
3383 4395 3551 4449 super

293 4468 461 4523 αύτοῦ
485 4502 502 4517 .
529 4467 632 4521 Διὰ
645 4464 807 4523 τοῦτο
843 4466 922 4534 ζῶ
948 4467 1079 4537 ἐγὼ,
1109 4468 1256 4535 λέγει
1313 4466 1519 4537 Κύριος
1569 4464 1678 4517 τῶν
1710 4464 1869 4517 δυνά-

1978 4464 2238 4516 terminos
2264 4461 2405 4529 ejus.
2454 4461 2768 4532 Propterea,
2794 4464 2920 4518 vivo
2948 4481 3072 4536 ego,
3104 4466 3238 4521 dicit
3261 4466 3545 4532 Dominus.

298 4573 442 4625 μεων
475 4560 511 4611 6
533 4557 662 4619 Θεὸς
690 4557 928 4629 Ἰσραήλ,
953 4559 1035 4612 ὅτι
1058 4557 1231 4612 Μωὰὸ
1251 4556 1327 4620 ὼς
1346 4556 1553 4625 Σόδομα
1580 4553 1732 4607 ἔσται
1748 4593 1763 4617 ,
1786 4554 1880 4606 καὶ

296 4649 402 4700 obl.
444 4648 678 4719 Ἀμμὼν
703 4648 777 4712 ὡς
812 4649 1081 4721 Γόμορρα.
1112 4668 1132 4701 ι
1158 4648 1270 4701 Καὶ
1292 4648 1360 4701 τὰ
1399 4646 1548 4716 παρὰ
1571 4643 1879 4699 Μωαϐιτῶν

294 4741 389 4794 καὶ
435 4739 799 4811 ’Δμμανιτῶν
847 4743 929 4804 είς
974 4743 1098 4804 τοὺς
1149 4741 1315 4811 ἐμοὺς
1369 4738 1630 4808 γινόμενα
1667 4735 1875 4808 ἑώρων,

296 4830 369 4899 (p.
396 4831 533 4900 596)
574 4832 670 4885 άτε
696 4830 882 4899 ἔλεγον
925 4831 1108 4893 αὐτοῖς
1140 4829 1482 4894 ὀνειδίζοντες
1519 4827 1595 4888 ὡς
1641 4823 1792 4878 οὐδὲν
1814 4824 1878 4876 ἐκ

295 4923 392 4995 τῆς
419 4924 568 4995 ἐμῆς
583 4922 983 4993 ὠφελουμένοις
1004 4922 1319 4993 θεραπείας,
1334 4921 1433 4973 ὅσα
1457 4935 1517 4972 τε
1539 4917 1721 4979 αὐτοῖς
1736 4914 1878 4968 κατὰ

293 5013 390 5083 τὴν
412 5015 648 5084 δύναμιν
676 5015 775 5085 τὴν
793 5014 998 5067 οἰκείαν
1026 5014 1233 5083 ἐπῆγον
1256 5012 1404 5065 κακά
1428 5027 1443 5043 ο
1463 5009 1602 5079 ὥστε
1633 5007 1727 5061 καὶ
1762 5003 1878 5076 μεθ’

299 5102 713 5177 ὑπερϐαλούσης
731 5105 830 5175 τῆς
848 5104 1218 5176 μεγαλαυχίας
1233 5103 1340 5156 τῶν
1356 5100 1517 5172 ὁρίων
1544 5095 1881 5167 ἐφάπτεσθαι

296 5194 404 5248 τῶν
418 5197 594 5266 ἐμῶν,
610 5196 687 5261 ὡς
715 5197 782 5252 ἂν
801 5198 982 5260 αὐτοῖς
1005 5199 1299 5267 προσήκειν
1324 5193 1641 5263 ὀφειλόντων
1664 5188 1847 5243 λοιπόν
1866 5202 1880 5216 ’

300 5286 441 5358 ύπὶρ
474 5280 549 5342 ὧν
585 5289 649 5360 δὴ
675 5289 925 5360 Σοδόμων
978 5305 1039 5341 τε
1071 5289 1167 5341 καὶ
1201 5288 1495 5357 Γομόρρων
1544 5284 1871 5354 μιμήσονται

302 5380 398 5449 τὴν
430 5381 686 5450 ἐρημίαν,
727 5400 746 5434 ι
784 5381 895 5436 Καὶ
925 5381 1213 5451 Δαμασκὸς
1247 5376 1639 5447 ἐκλελειμμένη
1676 5376 1751 5437 ὠς
1777 5372 1874 5443 θη·

309 5470 487 5537 μωνιὰ
515 5470 712 5535 ἅλωνος
733 5471 827 5526 καὶ
860 5471 1204 5542 ὴφανισμένη
1235 5473 1313 5534 είς
1344 5470 1433 5523 τὸν
1460 5468 1629 5524 αἰῶνα
1648 5486 1660 5499 ’
1698 5466 1792 5520 καὶ
1823 5466 1872 5518 οἱ

374 5683 417 5710 ³³
459 5697 637 5767 Amos,
672 5713 710 5767 I,
736 5697 790 5755 Β.

1976 4554 2103 4622 quia
2136 4552 2294 4607 Moab
2329 4554 2472 4609 sicut
2502 4552 2739 4609 Sodoma
2767 4555 2889 4620 erit,
2911 4565 2965 4610 et
2996 4556 3088 4611 ﬁlii
3124 4556 3357 4613 Ammon
3390 4563 3549 4630 quasi

1976 4644 2301 4698 Gomorrha.
2332 4664 2350 4695 ι
2379 4644 2737 4699 Moabitarum
2773 4660 2992 4717 quoque
3016 4654 3071 4702 et
3101 4648 3544 4705 Ammanitarum

1977 4736 2239 4791 adversus
2274 4750 2423 4790 meos
2455 4736 2706 4791 videbam
2742 4736 3010 4801 facinora,
3045 4746 3099 4792 et
3128 4738 3275 4809 quod
3305 4741 3385 4795 eis
3418 4756 3549 4794 con-

1974 4827 2244 4882 viciantes
2303 4826 2574 4892 dicerent,
2625 4828 2835 4882 nullum
2864 4828 3033 4901 2m
3065 4829 3131 4884 iis
3180 4828 3298 4884 fore
3340 4830 3549 4883 emolu—

1976 4925 2219 4972 mentum
2254 4919 2436 4973 cultus
2464 4919 2599 4983 mei;
2644 4925 2847 4989 quanta
2874 4919 3108 4990 denique
3158 4920 3299 4974 mala
3340 4920 3550 4974 viribus

1979 5016 2096 5063 suis
2126 5008 2445 5063 intulerunt.
2492 5012 2669 5079 Atque
2714 5011 2789 5064 ita
2825 5008 3172 5081 gloriabundi
3216 5009 3352 5066 ﬁnes
3397 5024 3550 5067 meos

1981 5101 2320 5161 invaserunt,
2354 5114 2453 5154 ceu
2482 5100 2697 5157 futuros
2721 5103 2773 5156 in
2804 5110 3080 5173 posterum
3112 5103 3255 5175 juris
3284 5104 3546 5173 ipsorum.

1981 5190 2349 5256 Quamobrem
2409 5189 2768 5245 Sodomorum
2819 5200 2983 5260 atque
3034 5191 3352 5249 Gomorrhze
3389 5211 3553 5267 expe-

1982 5283 2192 5336 rientur
2229 5283 2557 5336 vastitatem.
2594 5302 2611 5332 ι
2644 5283 2707 5335 Ει
2754 5283 3053 5339 Damascus
3102 5286 3361 5341 derelicta
3407 5288 3554 5345 sicut

1984 5389 2211 5427 acervus
2263 5387 2425 5437 areae,
2481 5388 2542 5425 ac
2580 5373 2848 5442 dissipata
2898 5376 2951 5428 in
3013 5383 3299 5432 aeternum.
3365 5377 3427 5432 Et
3455 5382 3552 5450 qui

1982 5466 2172 5535 reliqui
2208 5464 2409 5520 fuerint
2442 5465 2507 5521 dc
2534 5467 2733 5536 populo
2769 5482 2889 5523 meo
2916 5467 3176 5542 diripient
3218 5486 3333 5542 eos,
3374 5477 3427 5529 et
3462 5488 3554 5529 re-
