4022 6138
453 330 561 390 εδδ

1667 325 2011 381 TllEODOlil
2047 321 2526 379 )lOl'Sl'ESTENl

3589 327 3694 384 565

452 447 596 504 sidui
664 446 839 517 gentis
893 460 1024 500 meae
1078 443 1433 514 possidebunt
1489 459 1605 498 eos.
1650 466 1666 495 ι
1720 443 2014 498 Damascus

2129 441 2441 496 κατάλοιποι
2468 443 2597 496 λαοῦ
2627 460 2728 513 μου
2759 443 3092 514 διαρπῶνται
3120 443 3335 506 αὐτοὺς,
3380 444 3472 496 καὶ
3505 444 3553 496 oi
3593 462 3695 498 κα.-

453 539 639 602 etiam,
671 539 866 607 inquit,
917 537 1075 606 quasi
1128 552 1358 591 acervus
1393 537 1446 590 in
1498 551 1622 590 area
1658 538 1932 592 contritus
1971 547 2026 591 ct

453 631 814 687 conculcatus
858 629 1196 692 destruetur,
1253 637 1419 698 atque
1481 627 1740 698 ignobilis
1791 625 1900 692 lict,
1959 643 2025 681 ex

451 731 667 776 tumore
703 719 942 772 maximo
979 719 1262 788 multaqtte
1310 718 1568 788 superbia
1618 718 1672 770 in
1724 718 1885 771 imam
1935 718 2028 773 de-

455 822 626 867 tracta
653 809 1013 865 humilitatem
1049 828 1061 863 :
1096 809 1169 864 ita
1205 817 1262 864 ut
1299 810 1392 880 qui
1421 811 1617 878 reliqui
1641 809 1708 864 dc
1740 809 1877 864 meis
1914 809 2026 863 l‘ue-

453 905 587 968 rint,
641 903 989 972 reditumque
1033 901 1232 966 sortiti,
1290 911 1524 957 cunctos
1579 901 1690 957 sint
1734 902 2023 971 direpturi,

451 1008 508 1048 et
539 995 744 1049 alienas
793 1008 926 1064 opes
973 1009 1070 1062 pro
1102 992 1218 1047 suis
1259 991 1590 1061 possessuri.
1646 1009 1664 1041 ‹
1696 991 1821 1044 Haec
1865 1000 2026 1044 erunt

451 1089 532 1141 cis
582 1101 680 1156 pro
740 1085 1070 1139 contumelia
1119 1098 1239 1146 sua,
1291 1083 1416 1152 quia
1459 1083 1752 1137 conviciati
1804 1090 1931 1137 sunt
1973 1094 2026 1136 ct

455 1173 784 1244 magniﬁcali
819 1181 947 1226 sunt
1005 1187 1170 1240 super
1223 1172 1478 1240 populum
1522 1170 1737 1224 Domini
1770 1170 2022 1239 omnipo-

452 1267 684 1321 tentis.»
715 1263 857 1326 llzec,
911 1266 1106 1332 inquit,
1142 1263 1419 1333 patientur
1475 1272 1696 1333 propter
1743 1277 1897 1318 suam
1939 1263 2029 1316 ad-

449 1371 646 1412 versus
706 1353 874 1408 Deum
935 1355 1242 1418 audaciam,
1289 1361 1343 1408 et
1395 1362 1621 1424 propter
1667 1355 2026 1409 contumelias

450 1448 651 1518 quibus
700 1446 832 1500 mihi
888 1445 1200 1514 populoque
1235 1459 1355 1498 meo
1407 1445 1700 1498 conviciati
1750 1452 1899 1508 sunt,
1949 1445 2029 1497 in-

440 1541 717 1623 sultantes
773 1539 820 1593 ei
865 1537 1078 1592 scilicet
1123 1542 1383 1604 tanquam
1419 1536 1677 1592 extremis
1720 1537 1878 1590 malis
1929 1535 2025 1590 dc-

448 1647 630 1688 merso
639 1675 651 1687 .

523 1811 687 1866 Vens.
711 1813 796 1877 ll,
825 1811 913 1866 l2.
954 1837 1023 1853 ι-
1065 1828 1084 1863 ι
1110 1810 1686 1881 ApparebitDominus
1713 1825 1876 1880 super
1905 1824 2021 1874 cos,

445 1913 506 1957 et
537 1903 818 1974 disperdet
851 1916 1043 1957 omnes
1093 1902 1226 1958 deos
1257 1902 1498 1973 gentium
1532 1909 1714 1965 terrae,
1748 1911 1803 1957 et
1829 1900 2028 1956 adora-

455 1996 590 2048 bunt
615 2010 739 2050 eum
770 1994 972 2064 singuli
999 1995 1067 2049 de
1106 1995 1226 2049 loco
1255 2009 1377 2058 suo,
1424 2004 1636 2050 cuncta:
1669 1995 1861 2048 insula:
1894 2007 2027 2062 gen-

453 2088 614 2140 tium.
644 2106 662 2139 ›
700 2085 971 2142 lllustrem
1029 2085 1194 2142 faciet
1239 2086 1502 2142 ultionem
1537 2102 1694 2142 suam
1728 2085 1893 2152 Deus,
1951 2088 2026 2140 ita

455 2185 514 2231 ut
543 2178 874 2249 alienigenas
903 2193 1094 2234 omnes
1118 2194 1243 2233 cum
1277 2179 1442 2235 cultis
1473 2179 1540 2234 ab
1572 2179 1652 2234 eis
1683 2179 1789 2234 diis
1822 2179 2029 2249 disper-

449 2271 546 2324 dat
581 2284 736 2340 :quo
764 2268 854 2324 lict
895 2277 955 2323 ut
1007 2270 1206 2340 reliqui
1269 2285 1461 2325 omnes
1493 2271 1698 2340 ubique
1754 2270 2025 2336 homines,

451 2364 510 2416 in
578 2361 806 2417 urbibus
863 2361 1194 2429 insulisque,
1247 2359 1342 2415 Dei
1388 2360 1736 2417 facinoribus
1784 2361 2026 2426 attoniti,

451 2468 744 2510 commune
775 2453 852 2506 illi
885 2453 1206 2523 obsequium
1243 2452 1555 2518 exhibeant,
1583 2454 1638 2506 in
1670 2468 1770 2508 sua
1794 2454 2029 2522 quisque

452 2544 688 2600 statione
716 2557 990 2597 summam
1017 2543 1165 2598 illius
1206 2542 1504 2611 potentiam
1538 2541 1880 2596 conﬁtentes.
1922 2560 1940 2592 ι
1965 2541 2030 2595 Et

453 2649 586 2696 vos,
607 2629 912 2704 EthiOpes,
940 2635 1406 2708 vulneratigladto
1427 2653 1572 2695 meo.
1602 2653 1621 2686 ι
1657 2631 1768 2688 Vos
1810 2648 2028 2702 quoque

451 2724 635 2794 gladio
661 2741 690 2778 a
725 2724 1226 2794 meispuniemini,
1259 2731 1482 2794 propter
1517 2738 1580 2778 ea
1612 2738 1732 2793 quae
1761 2725 2028 2778 adversus

453 2818 554 2872 hos
579 2816 1178 2887 peccastis.1Etlii0pes
1191 2824 1371 2870 autem
1397 2830 1541 2870 nunc
1563 2817 1725 2870 etiam
1750 2817 1882 2870 dicit
1906 2817 2027 2871 illos

451 2903 688 2977 Algypto
723 2906 1006 2960 linitimos.
1041 2903 1132 2959 Sic
1157 2915 1340 2958 autem
1369 2905 1609 2975 loquitur
1649 2906 1868 2958 beatum
1901 2905 2026 2958 imi-

2121 532 2364 586 τάλοιποι
2394 532 2579 597 ἔθνους
2610 551 2710 603 μου
2750 532 3246 604 κληρονομήσουσιν
3275 532 3491 596 αὐτούς.
3531 552 3548 586 ι
3585 535 3697 588 Καὶ

2121 627 2153 693 ἡ
2179 625 2468 694 Δαμασκὸς
2495 625 2572 690 δὲ,
2605 626 2786 696 φησὶν,
2812 625 2886 690 ὼς
2922 627 2986 679 ἂν
3021 625 3271 696 θημωνιά
3290 626 3346 678 ἐν
3371 625 3536 679 ἀλωνι
3572 642 3696 678 συνο

2121 716 2368 788 τριϐεῖσα
2411 718 2766 790 ἀφανισθείη,
2819 718 2992 782 οὕτως
3041 718 3254 788 ἀφανὴς
3301 719 3590 788 γενήσεται
3639 715 3698 780 ἐξ

2124 809 2287 876 ὄγκου
2319 809 2575 880 μεγίστου
2610 811 2703 864 καὶ
2744 809 3118 882 ὑπερηφανίας
3163 808 3361 879 πολλῆς
3394 811 3475 872 είς
3503 824 3696 861 ταπεια

2123 901 2319 970 νότητα
2365 901 2696 971 καταχθεῖσα
2727 903 3019 972 μεγίστην
3051 901 3191 954 ὥστε
3221 902 3343 962 τοὺς
3389 900 3699 969 ὑπολιμπά-

2121 991 2376 1065 νομένους
2401 990 2510 1044 τῶν
2551 991 2700 1060 ἐμῶν
2730 991 2822 1044 κα)⁵
2869 991 2969 1060 τῆς
3010 990 3266 1043 ἐπανόδου
3318 990 3610 1060 τυχόντας,
3640 989 3701 1040 ἐν

2120 1080 2396 1152 διαρπαγῇ
2439 1098 2498 1134 τε
2555 1081 2879 1152 ποιήσασθαι
2915 1083 3118 1144 πάντας
3159 1080 3356 1142 αὐτοὺς
3386 1079 3476 1132 καὶ
3507 1079 3701 1148 κτῆσιν

2126 1171 2260 1224 ίδίαν
2315 1175 2464 1242 σχεῖν
2517 1173 2583 1225 τὰ
2641 1173 2881 1226 ἐκείνων.
2931 1190 2952 1223 ι
3009 1172 3154 1242 Αὐτὴ
3208 1172 3390 1233 αὐτοῖς
3439 1170 3559 1222 ἀντὶ
3600 1170 3700 1238 τῆς

2125 1261 2334 1332 ὕϐρεως
2381 1263 2582 1322 αὐτῶν,
2630 1262 2762 1316 διότι
2805 1263 3087 1316 ὠνείδισαν
3132 1263 3225 1316 καὶ
3252 1260 3700 1332 ἐμεγαλύνθησαν

2123 1354 2216 1405 ἐπ)⁵
2256 1353 2345 1406 τὸν
2379 1354 2504 1406 λαὸν
2535 1355 2738 1426 Κυρίου
2789 1355 3246 1425 παντοκράτορος.
3298 1373 3316 1404 ι
3354 1352 3538 1405 Ταῦτα
3567 1351 3697 1422 γὰρ,

2124 1444 2276 1512 φησὶ,
2310 1445 2588 1497 πείσονται
2639 1446 2779 1516 ὑπὲρ
2823 1438 2898 1499 ὧν
2943 1446 3246 1516 ἐτόλμησαν
3285 1447 3364 1507 εἰς
3398 1445 3528 1498 Θεὸν
3552 1489 3564 1511 ,
3604 1447 3700 1497 καὶ

2122 1535 2428 1607 ἐξυϐρίζειν
2459 1537 2809 1601 ὀνειδίζοντες
2844 1542 2956 1602 τοῖς
2990 1541 3143 1609 ἐμοῖς
3168 1539 3254 1591 ἐπ’
3287 1539 3410 1608 ἐμοὶ
3439 1555 3701 1590 κατεπαι-

2057 1661 2098 1714 Β
2129 1629 2345 1701 ρόμενοι
2396 1627 2571 1680 αὐτῶν
2625 1628 2700 1690 ὼς
2750 1626 2814 1679 ἂν
2849 1631 2905 1680 ἐν
2965 1631 3270 1698 συμφοραῖς
3321 1628 3488 1682 όντων
3537 1627 3703 1698 ἐσχάς

2127 1737 2267 1783 ταις.

2198 1809 2346 1878 Στίχ.
2381 1815 2468 1873 ια’,
2508 1807 2588 1879 ιβ’.
2622 1838 2691 1847 —
2725 1827 2742 1858 ι
2766 1807 3062 1879 Ἐπιφανὴς
3090 1807 3241 1862 ἔσται
3272 1807 3473 1878 Κύριος
3503 1807 3588 1860 ἐπ’
3611 1807 3703 1860 αὖ·

2125 1900 2272 1965 τοὺς,
2292 1901 2384 1953 καὶ
2419 1899 2785 1971 ἐξολοθρεύσει
2811 1899 3014 1962 πάντας
3045 1899 3171 1962 τοὺς
3217 1899 3370 1962 θεοὺς
3393 1899 3500 1953 τῶν
3531 1899 3704 1951 ἐθνῶν

2125 1997 2224 2064 τῆς
2257 1996 2377 2065 γῆς·
2418 1994 2493 2065 (ρ.
2522 1994 2647 2064 597)
2678 1996 2770 2047 καὶ
2798 1995 3260 2066 προσκυνήσουσιν
3289 1991 3436 2062 αύτῷ
3473 1991 3702 2053 ἕκαστος

2127 2089 2191 2141 ἐκ
2218 2089 2382 2142 τόπου
2415 2087 2579 2140 αὑτοῦ
2619 2089 2787 2141 πᾶσαι
2832 2091 2888 2141 αί
2935 2089 3087 2158 νῆσοι
3118 2087 3223 2140 τῶν
3256 2086 3443 2140 ἐθνῶν.
3484 2106 3502 2138 ι
3533 2087 3703 2154 Περι-

2128 2181 2272 2250 φανῆ
2297 2181 2478 2234 τοίνυν
2512 2183 2794 2251 ποιήσεται
2843 2181 2942 2251 τὴν
2979 2181 3186 2234 οἰκείαν
3224 2180 3467 2233 ἐκδικίαν
3491 2182 3515 2231 ὁ
3545 2180 3698 2240 Θεὸς,

2125 2273 2267 2326 ὥστε
2303 2273 2509 2334 πάντας
2543 2274 2668 2335 τοὺς
2691 2271 3000 2334 ἀλλοτρίους
3035 2271 3170 2342 μετά
3213 2270 3320 2323 τῶν
3360 2270 3488 2340 παρ’
3519 2270 3703 2331 αὐτοῖς

2127 2366 2577 2436 θρησκευομένων
2636 2364 2896 2418 ἀπολέσαι
2957 2363 3125 2416 θεῶν·
3188 2362 3432 2424 ἅπαντάς
3476 2379 3534 2414 τε
3574 2361 3704 2423 τοὺς

2129 2457 2405 2527 πανταχοῦ
2435 2456 2616 2509 λοιπὸν
2650 2453 2988 2526 ἀνθρώπους,
3026 2455 3080 2507 εί
3102 2471 3160 2507 τε
3199 2456 3256 2506 ἐν
3304 2453 3520 2506 πόλεσιν
3564 2452 3616 2505 εί
3640 2468 3705 2505 τε

2127 2552 2184 2602 ἐν
2211 2551 2414 2618 νήσοις,
2442 2547 2640 2619 πολλὴν
2669 2549 2762 2600 ἐπὶ
2789 2551 2898 2610 τοῖς
2925 2546 3074 2617 παρὰ
3100 2545 3194 2598 τοῦ
3224 2545 3357 2597 Θεοῦ
3398 2544 3705 2614 γινομένοις

2125 2642 2224 2710 τὴν
2253 2637 2512 2710 ἔκπληξιν
2539 2639 2821 2702 λαϐόντας,
2857 2641 3041 2707 κοινὴν
3071 2636 3220 2705 αύτῷ
3265 2640 3360 2706 τὴν
3392 2635 3704 2706 προσκύνη-

2129 2746 2212 2782 σιν
2261 2729 2587 2787 ἀποδιδόναι,
2617 2730 2672 2780 ἐν
2705 2730 2815 2789 τοῖς
2855 2725 3000 2787 ἰδίοις
3030 2724 3259 2776 ἑκάστου
3305 2723 3492 2784 τόποις
3522 2720 3710 2792 ὁμολο-

2127 2820 2350 2890 γοῦντος
2395 2820 2493 2890 τῆς
2547 2818 2830 2888 δυνάμεως
2862 2815 3026 2869 αὑτοῦ
3055 2815 3151 2886 τὴν
3185 2813 3512 2883 ὑπερϐολήν.
3539 2832 3556 2864 ι
3594 2811 3710 2864 Kal.

2129 2913 2305 2982 ὑμεῖς,
2335 2910 2607 2975 Αἰθίοπες,
2647 2907 2980 2980 τραυματίαι
3023 2907 3296 2977 ῥομφαίας
3343 2922 3445 2975 μου
3495 2903 3639 2956 ἐστέ.
3683 2922 3701 2953 ι

452 3006 579 3049 tans
611 2995 929 3064 prophetam
963 2993 1360 3062 Amosum,.qui
1382 2993 1510 3047 dum
1542 2991 1758 3048 lsraelis
1788 3009 1889 3050 nec
1916 3009 2024 3049 non

2129 3002 2239 3055 Kal.
2259 3001 2410 3054 αὐτοὶ
2434 3000 2488 3052 δέ
2513 2999 2654 3068 ξίφει
2690 2999 2800 3067 (55)
2839 2997 2928 3050 διὰ
2952 2997 3058 3050 τῶν
3084 2997 3230 3067 ἐμῶν
3257 2991 3709 3065 τιμωρηθήσεσθε

456 3085 794 3139 Hierusalem
832 3084 1048 3139 futuros
1069 3098 1232 3139 casus
1255 3085 1469 3150 recitat,
1486 3085 1732 3139 meminit
1771 3085 1929 3155 261
1954 3086 2028 3142 si-

2128 3093 2270 3164 ὑπὲρ
2303 3086 2378 3146 ὧν
2412 3090 2914 3162 πεπλημμελήκατε
2957 3091 3035 3152 εἰς
3070 3087 3267 3150 αὐτούς
3301 3103 3314 3116 ·
3358 3086 3619 3148 Αίθίοπας
3649 3085 3710 3137 δὲ

448 3179 565 3231 mut
588 3178 1037 3246 alienigenarum,
1061 3177 1468 3246 qualiascilicet
1490 3177 1702 3248 passuri
1721 3178 1830 3233 sint
1845 3177 2028 3232 Dama-

2130 3185 2223 3238 καὶ
2251 3183 2344 3236 νῦν
2365 3185 2490 3246 τοὺς
2517 3183 2912 3253 πλησιάζοντας
2941 3180 3200 3250 Αἰγύπτῳ
3221 3179 3388 3248 λέγει.
3406 3177 3575 3232 Ταυτὶ
3605 3177 3708 3246 μὲν

455 3269 626 3332 sceni,
649 3267 822 3338 Tyrii,
861 3267 1103 3332 Idumaei,
1127 3268 1472 3333 Ammanitae,
1517 3269 1809 3339 caeterique
1837 3283 2028 3326 omnes

2129 3271 2222 3328 οὖν
2255 3274 2376 3328 καθ’
2407 3275 2699 3344 ὁμοιότητα
2750 3273 2843 3325 τοῦ
2889 3273 3154 3343 μακαρίου
3201 3271 3382 3341 ’Δμὼς
3423 3269 3518 3322 τοῦ
3573 3285 3710 3337 προ-

453 3377 686 3430 quorum
717 3360 849 3415 facit
878 3358 1464 3416 mentionem-Eodem
1516 3361 1682 3430 igitur
1715 3361 1876 3416 modo
1907 3362 2028 3417 bea-

2132 3368 2303 3438 φήτου
2339 3367 2524 3437 φησὶν,
2553 3367 2611 3425 ὃς
2638 3365 2707 3418 τά
2730 3382 2788 3418 τε
2830 3365 2906 3435 τῷ
2947 3363 3180 3435 Ἰσραὴλ,
3204 3364 3274 3416 τά
3306 3380 3365 3414 τε
3398 3364 3464 3432 τῇ
3511 3361 3709 3431 Ἰερου-

449 3463 545 3508 tus
571 3453 881 3523 Sophonias
912 3460 1202 3522 postquam
1231 3463 1493 3508 eventura
1533 3453 1657 3508 urbi
1677 3452 2022 3510 Hierusalem

2127 3458 2310 3529 σαλὴμ
2341 3456 2730 3527 συμϐησόμενα
2760 3456 2954 3522 λέγων,
2987 3455 3259 3524 μέμνηται
3293 3455 3387 3506 καὶ
3424 3451 3533 3503 τῶν
3561 3449 3708 3502 ἀλλο-

457 3566 486 3599 a
519 3544 832 3616 Babyloniis
861 3545 1002 3598 mala
1037 3545 1306 3614 praedixit,
1362 3553 1629 3600 meruerat
1665 3547 1830 3600 etiam
1863 3555 2028 3616 quot—

2124 3550 2290 3621 τρίων
2337 3549 2512 3603 ὁπόσα
2551 3549 2830 3601 πείσονται
2884 3548 2978 3600 καὶ
3031 3546 3204 3606 αὐτοὶ,
3249 3541 3600 3613 Δαμασκηνοί
3647 3556 3708 3591 τε

455 3647 592 3709 quot
644 3637 733 3692 bis
761 3638 831 3690 ab
879 3635 1005 3691 aliis
1045 3637 1297 3707 gentibus
1343 3637 1526 3692 clades
1567 3645 1724 3691 erant
1757 3651 1852 3706 per
1887 3637 2023 3691 illud

2125 3641 2268 3709 λέγω
2299 3640 2398 3694 καὶ
2457 3640 2685 3711 Τύριοι,
2734 3639 3020 3708 Ἰδουμαῖοι
3070 3638 3163 3690 καὶ
3205 3639 3556 3707 Ἀμμανῖται,
3613 3635 3710 3686 καὶ

453 3741 670 3800 tempus
707 3739 1138 3797 superventuraa.
1167 3727 1511 3798 Quapropter
1550 3736 1675 3798 post
1708 3737 1835 3784 ante
1878 3727 2023 3783 dicta

2125 3735 2327 3796 πάντες
2357 3733 2413 3786 δὲ
2435 3733 2646 3785 ὁπόσων
2685 3731 2975 3801 πεποίηται
3004 3731 3224 3800 μνήμην
3244 3745 3256 3758 ο
3289 3729 3379 3780 τὸν
3408 3725 3569 3780 αὐτὸν
3598 3725 3710 3796 γὰρ

452 3834 762 3875 sermonem
785 3820 1046 3875 transfert
1079 3819 1147 3873 ad
1178 3821 1433 3890 Assyrios
1482 3829 1538 3875 et
1583 3817 1842 3883 Niniven,
1893 3821 2022 3889 quia

2128 3824 2193 3897 δὴ
2247 3825 2448 3896 τρόπον
2495 3824 2588 3876 καὶ
2626 3826 2655 3876 ό
2691 3822 2959 3892 μακάριος
3017 3821 3277 3888 Σοφονίας
3323 3819 3392 3873 τά
3443 3818 3573 3888 περὶ
3605 3817 3707 3886 τὴν

451 3911 710 3968 nimirum
743 3919 872 3964 tunc
902 3907 1179 3980 Babylonii
1199 3911 1546 3980 Assyriorum
1565 3910 1853 3979 imperium
1885 3910 2028 3964 dele-

2143 3917 2498 3989 Ἱερουσαλὴμ
2525 3917 2758 3986 ἐσόμενα
2797 3913 2948 3984 παρὰ
2986 3912 3093 3965 τῶν
3119 3911 3472 3966 Βαϐυλωνίων
3502 3911 3559 3961 ἐν
3585 3908 3708 3961 τούο

453 4007 666 4062 verunt,
724 3999 870 4068 regia
923 3998 1168 4068 ipsorum
1221 3999 1354 4051 urbe
1407 3997 1600 4053 Ninive
1657 3999 1921 4053 subversa
1971 4005 2026 4053 et

2129 4025 2244 4072 τοις
2296 4007 2492 4075 λέγων,
2525 4005 2800 4076 μέμνηται
2834 4004 2929 4056 καὶ
2962 4003 3070 4056 τῶν
3113 4004 3214 4055 ὅσα
3255 4005 3368 4064 τοῖς
3405 3998 3711 4068 ἀλλοτρίοις

452 4093 695 4148 vastitati
723 4091 1051 4147 omnimodae
1079 4093 1297 4146 tradita.
1340 4090 1491 4145 Unde
1520 4091 1671 4145 addit
1704 4110 1716 4145 :

2133 4104 2250 4157 κατ’
2282 4103 2487 4154 ἐκεῖνον
2529 4097 2846 4168 συμϐαίνειν
2881 4094 3114 4166 ἧμελλεν
3161 4095 3251 4146 τὸν
3296 4092 3506 4163 καιρόν.
3543 4088 3710 4144 Ὅθεν

450 4183 515 4253 δὴ
538 4183 676 4254 μετὰ
693 4183 762 4236 τὰ
793 4181 1172 4254 προρρηθέντα
1210 4182 1302 4233 ἐπὶ
1335 4182 1459 4244 τοὺς
1497 4180 1816 4249 Ἀσσυρίους
1845 4201 1902 4236 τε
1925 4190 2020 4242 καὶ
2049 4191 2147 4263 τὴν
2171 4188 2372 4257 Νινευὴ
2413 4187 2639 4254 μετάγει
2669 4187 2761 4238 τὸν
2785 4184 2941 4252 λόγον
2963 4201 2977 4215 ο
3014 4184 3202 4254 ἐπειδὴ
3233 4183 3350 4237 τότε
3378 4179 3710 4234 Βαϐυλώνιοι

454 4275 548 4328 καὶ
578 4273 986 4345 τὴνἎσσνΡίων
1009 4273 1254 4326 καθεῖλον
1283 4271 1479 4342 ἀρχὴν,
1499 4272 1598 4343 τὴν
1621 4271 2010 4342 βασιλεύουσαν
2043 4284 2100 4337 ἐν
2126 4283 2306 4343 αὐτοῖς
2337 4278 2511 4343 πόλιν,
2531 4281 2608 4347 (p.
2638 4277 2762 4346 598)
2784 4276 2882 4346 τὴν
2915 4275 3116 4347 Νινευὴ
3147 4275 3310 4342 λέγω,
3333 4271 3709 4343 ἐκπορθήσανο

451 4365 542 4428 τές
575 4383 633 4418 τε
667 4365 758 4418 καὶ
793 4365 999 4436 ἐρημίᾳ
1043 4365 1292 4419 παντελεί
1320 4365 1841 4434 παραδόντες.⁹Ὀθεν
1869 4370 2096 4440 ἐπάγει·

526 4459 692 4516 Vsus.
763 4461 944 4516 15-15.
984 4489 1054 4504 -
1096 4460 1210 4513 «Et
1283 4460 1542 4515 extendet
1594 4477 1816 4517 manum
1873 4481 2026 4522 suam

2204 4469 2351 4538 Στίχ.
2384 4465 2648 4536 ιγ’-ιε’.-
2671 4483 2689 4518 ι
2727 4468 2836 4520 Καὶ
2868 4467 3076 4518 ἐκτενεῖ
3105 4465 3204 4534 τὴν
3238 4466 3394 4533 χεῖρα
3421 4459 3586 4514 αὐτοῦ
3616 4460 3710 4512 ἐπὶ

452 4569 616 4628 super
640 4554 976 4624 aquilonem,
1017 4561 1072 4609 et
1106 4554 1296 4624 perdet
1325 4554 1640 4624 Assyrium,
1669 4563 1724 4609 et
1757 4570 1920 4624 ponet
1947 4557 2028 4611 Ni-

2135 4561 2358 4633 βοῤῥᾶν,
2403 4561 2498 4614 καὶ
2547 4559 2740 4614 ἀπολεῖ
2794 4559 2886 4612 τὸν
2927 4557 3242 4625 Ἀσσύριον,
3275 4555 3369 4608 καὶ
3408 4553 3560 4624 θήσει
3609 4552 3710 4622 τὴν

451 4646 612 4700 uiven
663 4646 715 4700 in
754 4645 1148 4702 desolationem
1196 4647 1514 4715 inaquosam
1540 4647 1699 4714 quasi
1730 4646 2025 4702 desertum.

2135 4651 2337 4721 Νινευὴ
2375 4653 2458 4714 είς
2513 4651 2819 4721 ἀφανισμὸν
2856 4651 3080 4720 ἄνυδρον
3112 4649 3187 4711 ὡς
3237 4648 3462 4717 ἔρημον,
3496 4645 3589 4698 καὶ
3617 4660 3707 4696 νει

455 4738 517 4792 Ει
542 4739 916 4808 pascenturin
939 4737 1119 4792 medio
1142 4737 1262 4804 ejus
1293 4751 1506 4806 greges.
1538 4743 1593 4790 ct
1622 4751 1811 4790 omnes
1845 4739 2028 4793 bestiae

2137 4745 2368 4813 μήσεται
2389 4746 2446 4797 ἐν
2482 4743 2633 4814 μέσῳ
2658 4744 2826 4814 αὐτῆς
2849 4742 3100 4812 ποίμνια,
3129 4744 3224 4796 καὶ¹
3240 4741 3418 4794 πάντα
3445 4739 3514 4790 τά
3542 4737 3710 4806 θηρία

451 4844 629 4892 ωτι-ω.
662 4841 716 4886 et
743 4831 1162 4886 chamaeleontes
1191 4837 1246 4881 et
1281 4827 1434 4879 ericii
1467 4827 1520 4879 in
1551 4827 1888 4896 praesepibus
1915 4830 2028 4897 ejus

2131 4834 2227 4900 τῆς
2251 4832 2376 4901 γῆς,
2413 4833 2506 4886 καὶ
2533 4834 2920 4904 χαμαιλέοντες
2951 4833 3044 4886 καὶ
3074 4833 3239 4901 ἐχῖνοι
3270 4833 3326 4886 ἐν
3361 4835 3471 4894 τοῖς
3499 4827 3710 4898 φατνώ-

451 4923 729 4978 cubabuut
756 4941 770 4976 :
802 4934 849 4976 et
882 4922 1071 4977 bestia:
1105 4919 1435 4974 clamabunt
1482 4917 1536 4970 in
1591 4916 1762 4973 foveis
1793 4918 1934 4988 ejus,
1979 4927 2028 4974 ct

2135 4939 2296 4992 μασιν
2329 4924 2498 4993 αὐτῆς
2531 4925 2999 4995 κοιτασθήσονται,
3033 4924 3127 4978 καί⁷
3169 4924 3333 4994 θηρία
3369 4925 3604 4993 φωνήσει
3651 4923 3709 4974 ἐν

450 5016 602 5070 corvi
659 5016 713 5069 in
753 5015 931 5086 portis
961 5013 1104 5082 ejus,
1153 5009 1284 5080 quia
1321 5009 1519 5064 cedrus
1561 5009 1794 5065 altitudo
1838 5011 1977 5080 ejus.
2008 5031 2026 5062 ι

2130 5013 2243 5073 τοῖς
2281 5011 2640 5082 διορύγμασιν
2679 5014 2867 5084 αὐτῆς,
2901 5017 2994 5068 καὶ
3018 5015 3251 5085 κόρακες
3293 5016 3350 5066 ἐν
3380 5017 3491 5076 τοῖς
3522 5012 3709 5064 πυλῶ-

451 5107 704 5162 l'tol'ecto
744 5107 910 5162 etiam
945 5105 1014 5160 ab
1060 5103 1303 5175 Assyriis
1352 5116 1544 5172 pmnas
1591 5118 1894 5172 reposcam,
1935 5105 2028 5172 qui

2129 5117 2211 5154 σιν
2239 5102 2408 5172 αὐτῆς
2430 5121 2444 5134 ο
2485 5103 2617 5156 διότι
2668 5104 2856 5174 κέδρος
2890 5106 2951 5158 τὸ
2985 5107 3274 5176 ἀνάστημα
3319 5105 3507 5173 αὐτῆς.
3543 5123 3560 5154 ι
3598 5103 3710 5156 Καὶ

453 5201 544 5252 tali
576 5213 701 5253 cum
753 5197 1035 5268 proposito
1067 5195 1411 5250 Hierusalem
1466 5196 1707 5263 aggressi
1747 5203 1896 5248 sttnt.
1936 5193 2028 5246 Et-

2124 5191 2232 5262 γὰρ
2263 5193 2357 5245 καὶ
2388 5193 2539 5264 παρά
2571 5194 2680 5247 τῶν
2709 5195 3006 5266 Ἀσσυρίων
3027 5197 3146 5249 τότε
3173 5196 3236 5266 δὴ
3265 5195 3503 5266 λήψομαι
3527 5195 3707 5258 δίκας,

451 5289 596 5341 cnim
630 5288 873 5357 ipsorum
893 5288 1096 5358 regiam
1118 5287 1304 5341 urbem
1325 5282 1552 5338 Niniven
1567 5284 1703 5338 adeo
1721 5285 1996 5339 destruam
2010 5324 2022 5347 ,

451 5389 511 5431 ut
542 5379 701 5446 plane
731 5379 950 5434 deserta
985 5379 1102 5442 ﬁat.
1159 5385 1214 5433 et
1261 5378 1314 5432 in
1347 5377 1525 5431 medio
1557 5376 1678 5445 ejus
1729 5384 2024 5445 pascantur

453 5483 660 5534 greges.
680 5477 732 5520 et
759 5469 885 5524 fera:
904 5472 1238 5533 habitent,et
1271 5475 1538 5538 quotquot
1564 5467 1820 5520 animalia
1843 5467 2025 5521 solent

455 5574 506 5610 ιιι
547 5556 938 5614 desertissimis
967 5558 1102 5614 locis
1145 5558 1414 5614 cubitare.
1468 5555 1576 5612 Has
1612 5565 1790 5612 autem
1843 5556 2019 5625 justas

522 5715 636 5783 (53)
675 5714 807 5770 Cod.
836 5714 985 5783 ξίφη.

2134 5285 2272 5354 μετά
2309 5285 2563 5356 τοιαύτης
2584 5285 2807 5356 γνώμης
2856 5287 3104 5340 ἐπελθεῖν
3146 5287 3614 5357 ἐπιχειρησάντων
3643 5288 3709 5354 τῇ

2144 5377 2500 5448 Ἰερουσαλήμ
2540 5396 2553 5408 ·
2595 5379 2809 5447 ἀφανιῶ
2841 5379 2950 5450 γάρ
2993 5380 3173 5432 αὐτῶν
3227 5373 3321 5431 καὶ
3372 5377 3574 5446 Νινευὴ
3611 5375 3711 5446 τὴν

2135 5466 2378 5536 βασιλίδα
2415 5469 2600 5523 πόλινο
2638 5469 2778 5524 ὥστε
2832 5470 3085 5539 γενέσθαι
3139 5469 3239 5540 μὲν
3292 5468 3462 5540 αὐτὴν
3503 5467 3713 5537 ἔρημον

2140 5559 2436 5623 παντελῶς,
2473 5561 2529 5615 ἐν
2581 5561 2730 5632 μέσῳ
2759 5563 2815 5616 δέ
2845 5562 3018 5630 αὐτῆς
3053 5560 3280 5630 ποίμνιά
3312 5577 3370 5613 τε
3420 5556 3710 5628 νέμεσθαι,
