4022 6138
283 289 378 346 £65

1216 286 1761 345 COMMENTARIUS
1800 287 1862 345 IN
1904 284 2271 344 δοΡΗοΝιιε
2319 282 2473 340 CAP.
2516 283 2604 339 Ill.

3417 277 3517 335 806

284 406 367 460 καὶ
395 402 551 474 θηρία
577 403 811 472 διάγειν,
830 403 1007 457 καὶτὰ
1033 404 1194 458 λοιπὰ
1221 406 1285 476 δὴ
1306 406 1420 471 ζῶα
1459 409 1630 462 ὁπόσα
1655 412 1711 462 ἐν
1734 411 1843 473 τοῖς

1961 407 2092 460 labit
2121 420 2332 476 ptenas,
2363 405 2491 475 quia
2534 410 2725 459 contra
2763 415 2954 456 omnes
2995 396 3346 468 superbiebat
3382 395 3522 450 civi-

288 493 623 566 ἐρημοτὰτοις
658 495 1002 564 ἐμφωλεύειν
1044 496 1234 550 εἴωθεν
1261 498 1464 561 τόποις.
1501 499 1716 570 Ταύτην
1740 500 1847 570 γὰρ

286 587 428 638 δώσει
469 584 622 654 δίκην
680 585 900 639 δικαίαν
950 586 1090 657 ὑπὲρ
1137 579 1213 640 ὧν
1272 589 1413 658 μέγα
1463 589 1602 644 κατὰ
1661 592 1848 644 πασῶν

291 677 485 746 ἐφρόνει
518 676 631 729 τῶν
677 675 906 739 πόλεων,
931 677 1128 730 ὡσανεὶ
1170 679 1364 750 κέδρου
1412 680 1569 750 δίκην
1620 683 1754 752 πρὸς
1781 684 1849 736 τὰ

289 767 435 818 λοιπὰ
466 767 798 836 κρινομένης
827 768 968 836 φυτὰ
1009 769 1395 842 ὑπερφέρουσα
1425 772 1533 824 τῶν
1571 774 1842 827 ἁπάντων.

297 879 310 901 ο
332 857 466 925 Αὕτη
493 859 525 925 ἡ
557 856 709 919 πόλις
736 859 770 926 ἡ
794 857 1120 928 τραυλίστρια
1146 862 1181 928 ἡ
1210 861 1533 914 κατοικοῦσα
1555 863 1844 928 ἐπ’ἐλπίδι,

290 949 318 1014 ἡ
348 946 567 1012 λέγουσα
600 947 657 999 ἐν
692 947 888 1017 καρδίᾳ
923 949 1111 1018 αὐτῆς,
1150 950 1290 1017 Ἐγώ
1312 952 1448 1020 εἰμι,
1481 952 1574 1005 καὶ
1606 953 1704 1005 ούκ
1735 953 1848 1007 ἐστι

292 1038 397 1105 μετ’
413 1035 509 1105 ἐμὲ
540 1035 638 1088 ἔτι.
655 1055 673 1086 ι
700 1035 929 1106 Εὔδηλον
953 1038 1008 1090 δὲ
1027 1039 1106 1091 ὅτι
1140 1041 1203 1091 ἐκ
1221 1039 1321 1108 τῆς
1339 1041 1545 1104 πόλεως
1570 1043 1677 1096 τῶν
1707 1045 1846 1096 ἐνοι-

291 1125 513 1179 κούντων
535 1126 592 1177 τὸ
619 1127 875 1197 φρόνημα
901 1128 1048 1196 λέγει
1069 1147 1082 1160 ·
1106 1130 1167 1181 ού
1198 1131 1308 1202 γὰρ
1338 1131 1402 1201 δὴ
1429 1131 1557 1203 περὶ
1579 1133 1687 1188 τῶν
1711 1133 1850 1203 ἀψύ-

291 1235 388 1285 χων
421 1217 581 1269 λίθων
611 1218 787 1271 ταῦτά
829 1235 1011 1287 φησιν.
1044 1219 1190 1289 Δῦτη
1231 1223 1430 1283 τοίνυν,
1461 1225 1642 1294 φησιν,
1702 1223 1847 1277 ἐστιν

290 1309 321 1374 ἡ
349 1306 687 1377 φαυλίστρια,
723 1309 844 1361 ἀντὶ
877 1309 991 1370 τοῦ,
1025 1311 1058 1380 ἡ
1092 1314 1269 1367 πάντα
1303 1314 1401 1382 μὲν
1425 1314 1844 1384 ἐκφαυλίζουσα,

291 1390 358 1456 (p.
403 1389 526 1453 599)
567 1390 663 1441 mi.
721 1390 892 1460 μηθὲν
948 1388 1087 1445 εἶναι
1126 1397 1250 1458 τοὺς
1307 1397 1526 1459 λοιποὺς
1571 1400 1846 1469 ἡγουμένη

291 1478 416 1545 πρὸς
462 1479 682 1548 ἑαυτὴν,
725 1481 915 1549 ἀρκεῖν
943 1479 998 1533 δὲ
1026 1483 1187 1554 ἑαυτῇ
1215 1485 1348 1554 πρὸς
1377 1485 1588 1539 ἅπαντα
1623 1486 1846 1557 ὑπειλη-

293 1572 410 1636 graia
430 1587 443 1599 '
467 1569 625 1623 τοῦτο
663 1570 772 1638 γάρ
811 1573 926 1624 ἐστι
963 1572 1024 1625 τὸ
1057 1595 1075 1624 ι
1113 1575 1442 1629 κατοικοῦσα
1474 1578 1561 1629 ἐπ’
1594 1577 1788 1640 ἑλπίδι,
1822 1597 1840 1631 ο

292 1660 402 1712 ἀντὶ
449 1660 542 1712 τοῦ
562 1702 576 1721 ,
610 1661 800 1714 ἐλπίδα
831 1664 955 1733 περὶ
988 1664 1186 1733 ἑαυτῆς
1227 1663 1424 1734 ἔχουσα
1464 1666 1540 1729 ὡς
1571 1666 1724 1720 οὐδὲν
1762 1668 1848 1720 οὐ·

1949 506 2108 563 tates,
2134 496 2291 568 quasi
2309 495 2504 550 cedrus
2525 496 2666 548 inter
2705 494 2943 564 reliquas
2981 493 3210 545 arbores
3233 496 3401 558 caput
3425 503 3520 542 ex-

1951 587 2168 641 tollens.
2213 603 2231 636 ι
2261 583 2386 639 Habe
2414 592 2500 638 est
2529 584 2722 638 civitas
2752 580 3116 652 vilipendens.
3159 594 3282 648 qua:
3307 578 3519 633 habitat

1949 678 2002 730 in
2039 692 2155 745 spe,
2181 690 2302 745 qua:
2326 675 2460 729 dicit
2490 674 2551 728 in
2587 674 2753 729 corde
2803 687 2903 727 suo
2936 671 3086 742 :Ego
3123 686 3268 736 sum,
3313 676 3368 725 et
3409 685 3518 724 non

1949 776 2032 821 est
2068 775 2187 835 post
2209 781 2294 819 me
2339 764 2592 834 amplius.
2617 783 2636 817 ι
2668 763 2822 818 Patet
2873 764 3185 832 prophetam
3237 759 3388 816 urbis
3422 777 3519 814 no-

1949 859 2096 911 mine
2122 858 2420 911 incolarum
2470 856 2779 924 superbiam
2803 856 3060 909 denotare
3094 870 3109 908 :
3148 869 3321 924 neque
3371 852 3517 907 enim

1950 950 2017 1004 de
2057 949 2348 1004 insensatis
2391 948 2664 1016 lapidibus
2715 947 2829 1000 hzec
2871 946 3022 998 dicit.
3068 945 3191 1000 "se
3240 955 3325 1000 est
3364 959 3519 1014 ergo,

1950 1041 2148 1109 inquit,
2180 1041 2310 1093 urbs
2343 1037 2702 1108 vilipendens,
2726 1036 2779 1090 id
2825 1045 2915 1092 est
2941 1038 3186 1091 eiimium
3240 1045 3520 1105 contemp-

1949 1125 2081 1188 trix,
2110 1133 2164 1178 et
2180 1140 2369 1180 onmes
2386 1125 2622 1194 reliquas
2643 1140 2753 1194 prae
2783 1141 2840 1179 se
2858 1125 3013 1178 ﬂocci
3045 1124 3270 1188 faciens,
3305 1125 3521 1192 sibique

1948 1217 2050 1286 ipsi
2082 1217 2148 1272 ad
2171 1218 2353 1272 omnia
2381 1217 2628 1272 sullicere
2667 1217 3006 1272 existimans.
3042 1217 3098 1271 Id
3129 1217 3272 1270 enim
3313 1216 3521 1287 signiﬁ-

1948 1318 2076 1362 cant
2125 1308 2285 1378 262
2319 1307 2481 1362 verba
2533 1327 2551 1358 ι
2583 1307 2836 1362 habitans
2875 1308 2928 1360 in
2959 1323 3074 1376 spe,
3101 1327 3136 1359 ι·
3157 1307 3210 1361 id
3235 1315 3341 1372 est,
3365 1323 3517 1377 spem

1949 1400 2138 1456 fovens
2164 1402 2297 1454 nihil
2331 1414 2569 1467 unquam
2594 1400 2719 1453 mali
2737 1415 2796 1454 se
2817 1401 3173 1469 absquolibet
3193 1414 3512 1469 passuram:

1948 1494 2164 1546 uniCam
2188 1501 2362 1545 semet
2406 1490 2749 1553 existimans,
2799 1490 3111 1559 nullamque
3159 1490 3348 1544 urbem
3397 1505 3520 1546 esse

1947 1582 2165 1651 dignam
2197 1597 2315 1651 qua:
2344 1596 2530 1634 secum
2555 1592 2923 1650 comparetur.
2959 1580 3054 1634 llis
3085 1595 3194 1634 non
3241 1580 3360 1636 sine
3393 1595 3522 1635 con-

1949 1673 2093 1727 vicio
2121 1673 2304 1736 dictis,
2331 1672 2560 1741 ejusque
2607 1673 2868 1726 adversus
2903 1686 3094 1727 omnes
3126 1672 3382 1742 superbia
3419 1672 3520 1728 ob-

289 1751 468 1804 δέποτε
497 1752 793 1823 πεισομένη
825 1753 952 1824 παρ’
982 1755 1169 1823 ἐτέρου
1208 1757 1406 1809 κακόν·
1429 1752 1738 1828 διακειμένη
1761 1772 1842 1823 τε,

1961 1763 2184 1831 iurgata,
2207 1735 2423 1831 egregie
2454 1735 2606 1815 addit
2639 1779 2652 1815 :
2686 1779 2712 1812 ι
2735 1760 3018 1826 Quomodo
3060 1735 3212 1816 facta
3228 1770 3314 1818 est
3342 1763 3398 1818 in
3429 1777 3523 1818 so-

292 1845 465 1912 φησὶν,
498 1844 575 1905 ὡς
610 1844 743 1914 μόνη
785 1862 842 1898 τε
866 1841 1028 1910 οὖσα,
1053 1847 1144 1898 καὶ
1166 1847 1283 1898 οὐδὲ
1315 1849 1373 1900 ἐν
1395 1847 1474 1918 τῷ
1503 1846 1642 1904 εἶναι
1674 1849 1853 1921 κρίνε-

1949 1851 2255 1915 litudinem,
2284 1851 2336 1904 in
2370 1866 2631 1922 pascuum
2673 1850 3012 1905 bestiarum?
3067 1848 3260 1905 Omnis
3301 1851 3394 1921 qui
3426 1867 3521 1921 per

293 1933 407 1983 σθαι
457 1931 622 1998 ἀξίων
662 1933 834 1986 οὐσῶν
862 1934 970 1986 τῶν
1011 1934 1212 1987 λοιπῶν
1249 1934 1453 1988 πόλεων
1497 1937 1633 2007 πρὸς
1661 1938 1851 2008 αὐτήν.

293 2017 351 2036 ,η
449 2021 462 2036 .
555 2023 577 2036 ..
738 2022 762 2034 η
898 2021 922 2032 ..
1055 2027 1066 2036 .
1126 2023 1138 2036 .
1310 2026 1321 2036 .
1404 2027 1414 2036 .
1599 2027 1610 2036 .
1695 2028 1708 2036 .

1961 1957 2068 1997 eam
2099 1943 2377 2006 transibit,
2425 1943 2663 2017 sibilabit
2700 1959 3002 2014 manusque
3042 1959 3171 1998 suas
3215 1957 3523 1998 commove-

291 2019 417 2072 Εἶτα
439 2021 802 2084 ὀνειδιστικῶς
826 2021 996 2076 ταῦτα
1021 2023 1208 2088 εἰπὼν,
1241 2026 1332 2078 καὶ
1364 2027 1461 2096 τὴν
1485 2027 1622 2080 κατὰ
1640 2028 1854 2081 πάντων

1961 2031 2052 2085 bit.
2081 2050 2097 2078 ι
2117 2031 2246 2086 llam
2261 2033 2474 2098 qualem
2493 2044 2716 2102 experta
2751 2049 2810 2089 es
2832 2035 3272 2098 conversionem,
3318 2034 3373 2088 in
3404 2043 3521 2088 tan—

287 2112 547 2174 ὁνειδίσας
561 2113 860 2182 ὑπεροψίαν
877 2115 1033 2184 αὐτῇ,
1048 2115 1305 2170 κάλλιστα
1325 2118 1537 2186 ἐπάγειο
1562 2138 1578 2169 ι
1593 2119 1716 2182 Πῶς
1736 2120 1859 2188 ἐγέ-

1961 2130 2069 2177 tum
2095 2129 2152 2178 ut
2179 2138 2444 2194 pascuum
2479 2124 2774 2180 bestiarum
2798 2127 3038 2181 evaseris
3064 2166 3079 2189 ,
3114 2135 3170 2180 ut
3196 2141 3387 2181 onmes
3427 2127 3520 2196 qui

288 2222 406 2256 νετο
425 2207 502 2267 είς
531 2206 834 2276 ἀφανισμὸν
859 2207 993 2277 νομὴ
1019 2206 1255 2278 θηρίων;
1285 2211 1391 2272 πᾶς
1411 2213 1438 2263 ὁ
1464 2213 1854 2282 παραπορευό-

1961 2215 2108 2284 iuxta
2129 2223 2184 2270 te
2208 2222 2512 2280 transeunt,
2539 2215 2845 2280 exsibilenI,
2878 2234 3182 2288 manusque
3224 2233 3358 2274 suas
3394 2235 3522 2289 erga

292 2312 448 2364 μενος
478 2295 646 2364 αὐτῆς
691 2299 888 2366 συριεί,
907 2297 998 2350 καὶ
1026 2299 1236 2369 κινήσει
1274 2302 1373 2363 τὰς
1402 2304 1587 2372 χεῖρας
1619 2303 1800 2356 αὐτοῦ.
1831 2323 1848 2356 ι

1961 2315 2010 2361 te
2030 2307 2336 2372 intendant,
2370 2318 2572 2362 tantam
2603 2308 2866 2363 mirantes
2893 2310 3306 2365 conversionem
3333 2313 3344 2364 !
3382 2309 3523 2376 Quid

305 2387 459 2439 Ἀλλὰ
488 2387 596 2459 γὰρ
628 2389 745 2441 οἵαν
775 2388 1193 2461 ὑπομεμένηκας
1222 2392 1321 2462 τὴν
1353 2393 1651 2464 μεταϐολὴν
1671 2433 1684 2456 ,
1707 2396 1854 2460 ὃπως

1961 2413 2086 2453 vero
2114 2399 2400 2454 dicentes?

291 2478 345 2530 δὲ
365 2481 443 2542 είς
464 2481 694 2550 ἐρημίαν
725 2480 999 2544 καταστὰς
1031 2481 1167 2553 νομὴ
1195 2482 1423 2550 γέγονας
1455 2483 1688 2555 θηρίων;
1718 2485 1858 2538 ὥστε
1892 2485 2138 2550 ἅπαντας
2165 2489 2292 2550 τοὺς
2317 2488 2610 2559 παριόντας
2640 2487 2908 2558 συρίττειν
2935 2505 2992 2541 τε
3023 2489 3115 2540 ἐπὶ
3141 2489 3221 2541 σοὶ
3242 2490 3336 2542 καὶ
3356 2492 3526 2542 κινεῖν

289 2567 390 2629 τὶς
420 2573 619 2640 χεῖρας,
641 2571 1014 2641 θαυμάζοντας
1032 2588 1124 2624 σου
1151 2573 1249 2642 τὴν
1275 2573 1542 2644 τοσαύτην
1577 2574 1879 2644 μεταϐολήν
1896 2593 1908 2606 ο
1941 2576 2033 2629 καὶ
2068 2576 2121 2629 τί
2148 2574 2322 2643 λέγειν
2344 2592 2359 2641 ;

938 2730 1093 2783 ΚΕΦ.
1123 2729 1192 2784 Γ.

383 2841 524 2910 Στίχ.
547 2850 607 2906 a',
640 2845 698 2912 β’.
726 2875 793 2884 —-
831 2839 931 2897 (Ὦ
963 2847 996 2915 ἡ
1039 2846 1304 2916 ἐπιφανὴς
1349 2847 1442 2898 καὶ
1476 2846 1854 2919 λελυτρωμένη

301 2930 533 3000 πόλις-ὴ
568 2935 858 3003 πριστερὰ
887 2936 988 2988 οὐκ
1026 2937 1308 3004 είσήκουσε
1342 2937 1558 3006 φωνῆς,
1593 2939 1711 2992 οὐδὲ
1743 2939 1856 2993 ἐδέ-

297 3023 423 3084 ξατο
451 3023 707 3086 παιδείαν,
740 3024 833 3076 ἐπὶ
862 3023 940 3094 τῷ
963 3026 1148 3097 Κυρίῳ
1177 3027 1273 3078 ούκ
1303 3027 1578 3080 ἐπεποίθει
1605 3029 1698 3082 καὶ
1721 3030 1855 3099 πρὸς

297 3112 385 3162 τὸν
419 3112 548 3164 Θεὸν
574 3113 740 3184 αὐτῆς
772 3115 872 3166 οὐκ
922 3116 1166 3185 ἤγγισεν.
1203 3136 1220 3167 ›
1257 3116 1461 3180 Ταῦτα,
1487 3121 1670 3188 φησὶν,
1703 3120 1857 3191 ἐροῦ-

301 3220 400 3264 σιν,
429 3204 623 3275 Ὀπύση
647 3223 728 3268 τις
749 3202 817 3276 ἦν
849 3208 881 3276 ἡ
912 3207 1114 3277 ταύτης
1144 3208 1484 3277 περιφάνεια,
1514 3210 1660 3273 ὅπως
1694 3211 1859 3264 ἀπάν-

300 3311 400 3344 των
443 3295 766 3365 ἐκεχώριστο
797 3296 904 3348 τῶν
948 3297 1130 3349 κακῶν
1151 3314 1165 3361 ;
1189 3297 1346 3350 τοῦτο
1377 3298 1483 3372 γὰρ
1517 3298 1682 3366 λέγει,
1720 3320 1737 3351 ι
1768 3301 1857 3353 λε-

302 3383 610 3455 λυτρωμένη
652 3404 665 3416 ·
701 3406 720 3438 ι
756 3388 926 3458 ὁπόση
969 3405 1051 3450 τις
1105 3389 1276 3458 αὐτῆς
1323 3385 1390 3460 ἦν
1443 3393 1476 3461 ἡ
1520 3393 1857 3461 εὐπρέπεια;

303 3474 396 3541 τὴν
428 3474 528 3546 γὰρ
550 3477 875 3547 περιστερὰν
897 3477 1051 3530 τοῦτό
1082 3496 1264 3550 φησιν,
1286 3481 1469 3553 ἐπειδή
1497 3499 1611 3544 πως
1632 3484 1858 3553 τερπνὸν

307 3566 360 3615 ἐν
384 3567 580 3636 ὀρνέοις
611 3565 747 3622 εἶναι
773 3569 920 3622 δοκεῖ
950 3569 1010 3623 τὸ
1044 3570 1179 3634 ζῶον
1213 3573 1306 3626 καὶ
1332 3574 1578 3643 σοϐαρῶς
1605 3575 1816 3644 βαδίζον
1841 3592 1855 3608 ·

307 3655 441 3708 οὕτω
472 3659 558 3711 καὶ
578 3661 604 3712 ὀ
629 3662 896 3730 μακάριος
929 3660 1073 3728 λέγει
1094 3661 1255 3714 Δαυῒδ
1275 3679 1288 3694 ·
1337 3682 1353 3713 ι
1407 3664 1532 3717 Ἐὰν
1566 3666 1861 3736 κοιμηθῆτε

313 3748 408 3798 ἀνὰ
432 3749 603 3816 μέσων
629 3749 736 3802 τῶν
767 3750 1002 3821 κλήρων,
1023 3753 1098 3822 (p.
1122 3752 1248 3822 400)
1271 3754 1388 3806 ἐκεῖ
1407 3755 1673 3824 πτέρυγες
1704 3774 1862 3826 περι-

314 3839 495 3906 στερᾶς
541 3840 1077 3910 περιηργυρωμέναι,
1111 3844 1204 3894 καὶ
1235 3844 1301 3895 τὰ
1341 3845 1653 3915 μετάφρενα
1696 3847 1864 3917 αὐτῆς

315 3929 369 3976 ἐν
396 3929 682 4000 χλωρότητι
735 3931 979 4001 χρυσίων
1025 3952 1043 3984 ι
1087 3933 1456 3999 ἀπολαϐόντας
1486 3937 1582 4006 τὴν
1631 3938 1732 4008 γῆν
1767 3938 1864 4007 τῆς

317 4021 648 4089 ἐπαγγελίας,
699 4024 954 4077 ἁπάντων
1006 4024 1292 4093 φανεῖσθαι
1339 4027 1465 4090 τοὺς
1529 4029 1866 4100 Ἰσραηλίτας

319 4115 688 4185 τερπνοτέρους
740 4115 914 4184 λέγων
965 4118 1030 4186 τῇ
1082 4117 1179 4186 τῆς
1218 4121 1544 4191 περιστερᾶς
1580 4121 1862 4192 ὁμοιώσει·

2601 2734 2755 2792 CAP.
2792 2736 2878 2791 Ill.

2035 2849 2196 2904 Vens.
2215 2849 2266 2912 l,
2284 2848 2412 2904 2.-
2439 2865 2457 2901 ι
2483 2845 2527 2903 Ο
2557 2847 2788 2904 illustris
2809 2856 2862 2903 et
2892 2848 3165 2915 redempta
3191 2847 3404 2913 civitas,
3430 2861 3526 2903 co-

1959 2937 2158 2991 lumba!
2192 2935 2310 2992 Non
2339 2936 2616 2991 exaudivit
2635 2952 2819 2991 vocem
2843 2953 2856 2998 ;
2888 2951 2995 2990 non
3023 2937 3244 2991 admisit
3275 2935 3522 3007 discipli-

1957 3045 2110 3095 nam;
2130 3029 2183 3084 in
2217 3029 2442 3084 Domino
2477 3044 2585 3084 non
2613 3036 2697 3085 est
2729 3029 2957 3098 conlisa,
2980 3037 3034 3082 et
3047 3028 3154 3083 Deo
3180 3043 3280 3085 suo
3309 3042 3416 3084 non
3432 3043 3526 3100 ap-

1959 3121 2363 3192 propinquavit.
2390 3141 2408 3173 ι
2454 3120 2546 3177 Sic
2585 3136 2794 3188 omnes,
2820 3121 3018 3191 inquit,
3056 3120 3237 3176 dicent
3273 3119 3529 3186 :Quanta

1961 3213 2063 3266 fuit
2113 3215 2275 3283 hujus
2327 3213 2659 3269 celebritas!
2705 3223 2972 3284 quantum
3013 3214 3159 3266 omni
3215 3211 3545 3266 calamitate-

1961 3305 2149 3360 aberat
2170 3307 2182 3358 l
2231 3300 2284 3358 Id
2299 3304 2498 3372 quippe
2514 3299 2934 3365 denotatdictio,
2948 3318 2965 3350 ‹
2985 3298 3529 3372 redemptaaQuanta
3549 3330 3562 3348 η.

1960 3397 2079 3466 ejus
2105 3394 2455 3466 pulchritudo
2485 3394 2629 3449 erat!
2673 3393 2776 3447 hoc
2805 3393 2952 3447 enim
2998 3391 3220 3446 denotat
3263 3388 3528 3445 columbae

1962 3487 2308 3549 vocabulum,
2339 3484 2483 3556 quod
2514 3482 2715 3537 animal
2742 3481 2955 3537 videtur
2975 3482 3114 3534 inter
3134 3495 3264 3535 aves
3284 3480 3532 3549 apprime

1962 3575 2280 3630 delectabile
2316 3583 2371 3628 et
2414 3587 2537 3626 cum
2590 3571 2854 3641 dignitate
2898 3571 3175 3623 incedens.
3227 3566 3320 3622 Sic
3367 3568 3532 3622 etiam

1964 3667 2157 3720 beatus
2189 3665 2266 3718 ait
2295 3662 2460 3717 David
2494 3681 2508 3717 :
2551 3681 2568 3714 ι
2599 3661 2654 3715 Si
2697 3660 3141 3716 dormiatisinter
3171 3659 3379 3716 medios
3423 3658 3533 3714 cle-

1964 3771 2078 3820 ros,
2113 3755 2184 3810 ibi
2221 3755 2318 3808 alae
2351 3754 2616 3809 columbae
2648 3755 3033 3824 dcargentatae,
3065 3760 3118 3806 et
3146 3753 3369 3824 dorsum
3411 3753 3534 3820 ejus

1966 3818 2088 3900 cum
2115 3846 2322 3915 pallore
2355 3847 2471 3897 auri
2487 3844 2584 3897 “.i
2615 3843 2752 3898 Dicit
2783 3818 3040 3897 nimirum
3079 3850 3198 3910 post
3214 3818 3532 3913 acquisitam

1967 3935 2353 4007 promissionis
2385 3945 2609 4002 terram,
2645 3933 2918 3990 lsraelitas
2964 3933 3131 3987 videri
3179 3948 3286 4002 prae
3322 3934 3536 3990 caeteris

1970 4028 2341 4094 delectabiles,
2405 4027 2472 4082 ad
2520 4028 2785 4082 columbae
2827 4025 3262 4081 similitudinem.
3311 4023 3386 4078 Ita
3432 4024 3536 4080 hoc

1968 4119 2130 4172 etiam
2184 4119 2304 4173 loco
2334 4119 2520 4173 dicere
2550 4118 2720 4172 voluit
2753 4131 2851 4186 pro
2895 4118 3119 4185 pulchra
3163 4124 3218 4171 et
3261 4117 3561 4186 speciosa...

322 4202 451 4257 οῦτω
476 4206 744 4260 κάνταῦθα
778 4209 955 4261 εἰπεῖν
980 4209 1275 4280 ἠϐουλήθη.
1322 4213 1441 4265 ἀντὶ
1481 4213 1595 4277 τοῦ,
1623 4214 1800 4285 ὡραία
1830 4216 1859 4287 ἢ

1961 4208 2129 4278 ,νειιιι
2185 4211 2346 4264 etiam
2385 4208 2578 4264 beatus
2625 4208 2904 4262 Nahumus
2951 4208 2999 4262 ei
3043 4208 3355 4264 convicians
3414 4212 3530 4264 ait:

326 4294 599 4368 ἐπιτερπής
618 4315 632 4330 ι
668 4298 744 4362 ὡς
772 4298 863 4351 καὶ
895 4300 924 4351 ὁ
957 4301 1223 4369 μακάριος
1253 4303 1446 4372 Ναοὺμ
1477 4303 1746 4368 ὀνειδίζων
1774 4307 1873 4360 αὑ-

327 4388 390 4453 τῇ
418 4385 549 4456 λέγει
573 4389 653 4453 τὸ,
687 4409 706 4440 ι
744 4390 924 4461 Πόρνη
957 4390 1095 4462 καλὴ
1125 4393 1217 4445 καὶ
1259 4392 1529 4464 ἐπίχαρις.
1564 4413 1580 4444 ι
1615 4396 1872 4468 Τοιαύτη,

332 4481 494 4546 φησιν,
519 4477 666 4546 οὖσα,
697 4481 794 4551 τῆς
837 4483 931 4534 τοῦ
981 4482 1320 4552 πεμφθέντος
1362 4485 1497 4555 πρὸς
1529 4486 1697 4556 αὐτὴν
1743 4505 1873 4558 προ-

334 4568 483 4636 φήτου
513 4573 692 4643 φωνῆς
738 4574 839 4626 οὑκ
873 4574 952 4636 εἰς
988 4573 1137 4636 τέλος
1183 4574 1432 4644 ἡκουσεν,
1464 4577 1584 4628 ούδέ
1636 4579 1872 4648 παντελῆ

336 4658 422 4727 τὴν
465 4664 660 4717 ἐκεῖθεν
717 4664 934 4728 ἐδέξατο
985 4665 1328 4720 διδασκαλίαν
1354 4681 1366 4694 ·
1411 4669 1545 4738 πρὸς
1591 4670 1784 4740 μικρὸν
1815 4671 1873 4722 δέ

343 4754 734 4815 μεταϐάλλεσθαι
766 4756 994 4810 δοκοῦσα
1021 4797 1036 4820 ,
1067 4754 1223 4819 αὖθις
1252 4759 1344 4811 ἐπὶ
1397 4758 1494 4829 τὴν
1545 4761 1746 4828 ἑαυτῆς
1780 4763 1873 4814 ἀν-

338 4839 540 4912 έδραμεν
573 4847 768 4900 κακίαν
790 4865 802 4877 ο
841 4847 960 4899 ούδὲ
993 4847 1121 4914 γοῦν
1158 4848 1312 4916 λόγον
1353 4851 1470 4902 τινὰ
1502 4850 1594 4902 τοῦ
1636 4851 1720 4903 τὸν
1747 4869 1876 4921 προ-

340 4932 490 5002 φήτην
529 4938 943 5000 ἀποστείλαντος
972 4939 1265 5008 ἐποιήσατο
1294 4939 1450 5000 Θεοῦ,
1473 4940 1590 4992 οὐδὲ
1627 4941 1878 5010 ἐδοκίμα-

341 5036 422 5072 σεν
455 5027 588 5097 αὐτῷ
638 5028 822 5081 λοιπὸν
882 5029 1273 5098 προσανέχειν,·
1314 5029 1568 5099 τοιαύτην
1626 5032 1874 5101 εἰληφυῖα

340 5115 527 5182 πεῖραν.
551 5121 867 5173 Τούναντίον
894 5120 992 5190 μὲν
1023 5114 1116 5172 οὖν
1146 5120 1356 5188 ἀπέστη
1391 5138 1449 5173 τε
1480 5122 1642 5174 αὑτοῦ
1681 5140 1876 5175 παντε-

337 5203 448 5271 λῶς,
482 5212 565 5264 καὶ
620 5213 754 5281 πρὸς
805 5211 1041 5280 πόλεμον
1086 5211 1248 5264 αὑτοῦ
1283 5213 1540 5280 κατέστη,
1589 5215 1726 5282 μετὰ
1777 5215 1874 5284 τὴν

333 5295 430 5348 τῶν
458 5299 577 5354 δέκα
601 5302 779 5371 φυλῶν
811 5301 1088 5372 ἀναίρεσιν
1118 5300 1478 5370 ἐπεληλυθυῐα
1502 5307 1564 5373 τῇ
1601 5306 1874 5376 Ἰερουσα-

335 5384 530 5456 Ᾱῇειπὶν
576 5386 716 5464 ᾗπερ
753 5387 892 5443 εἶναι
947 5388 1042 5440 τοῦ
1089 5389 1222 5443 Θεοῦ
1276 5389 1556 5445 συνέϐαινε
1605 5395 1696 5446 τὸν
1725 5398 1869 5448 ναόν.

347 5475 580 5535 Ἐνταῦθα
609 5483 767 5535 πάλιν
800 5484 846 5534 οξ
879 5481 1183 5550 θαυμαστοὶ
1217 5480 1500 5548 μυθολόγοι
1527 5484 1630 5536 τῶν
1667 5485 1871 5555 Σύρων,

371 5673 416 5703 ³⁷³
463 5669 774 5727 ί’›υἷ.ι,λι·ιι,
808 5669 893 5722 H-
976 5668 1014 5699 ³¹
1046 5665 1182 5725 Νίδδο
1224 5683 1298 5733 ¹¹¹¹
1334 5666 1383 5726 4⁸

1974 4321 1993 4353 σ
2020 4300 2273 4357 Meretrix
2327 4300 2549 4370 pulchra
2590 4309 2644 4354 et
2672 4301 2907 4369 gratiosa
2928 4301 2992 4354 ³¹.
3031 4319 3048 4352 ο
3089 4300 3234 4356 Talis
3271 4315 3394 4356 cum
3443 4317 3534 4356 es-

1971 4403 2054 4448 set
2086 4392 2321 4461 (Ninive)
2351 4391 2505 4446 missi
2538 4390 2605 4444 ad
2634 4406 2751 4443 eam
2802 4392 3076 4460 prophetae
3115 4392 3295 4445 noluit
3348 4407 3567 4445 vocem-

1972 4498 2143 4554 usque
2173 4483 2238 4535 ad
2288 4481 2448 4535 linem
2500 4482 2709 4542 audire,
2768 4496 2942 4549 neque
2983 4479 3274 4549 perfectam
3319 4481 3537 4536 admisit

1971 4575 2350 4643 disciplinam;
2387 4569 2482 4626 sed
2518 4572 2785 4641 tantisper
2801 4571 2914 4625 visa
2942 4573 3206 4633 converti,
3239 4587 3433 4626 rursus
3470 4573 3536 4626 ad

1975 4663 2222 4718 eamdem
2253 4661 2488 4716 recurrit
2514 4661 2834 4731 nequitiam.
2872 4659 3014 4714 Nihil
3047 4662 3200 4730 pensi
3235 4659 3399 4716 Deum
3452 4662 3547 4715 ha-

1973 4754 2090 4808 buit
2133 4752 2224 4822 Qui
2259 4752 2576 4822 prophetam
2611 4751 2854 4813 miserat,
2888 4765 3064 4819 neque
3099 4749 3258 4820 263
3302 4748 3378 4803 illi
3413 4749 3538 4804 obe-

1975 4847 2093 4900 dire
2147 4845 2408 4913 deinceps
2450 4844 2644 4907 voluit,
2699 4857 3011 4911 quanquam
3055 4842 3162 4894 tale
3218 4849 3539 4910 tantumque

1973 4936 2402 5004 experimentum
2446 4941 2681 5004 ceperat.
2749 4933 2852 4987 Sed
2893 4941 3082 4987 contra
3133 4932 3317 5001 potius
3363 4945 3394 4984 a
3430 4929 3541 4986 Deo

1976 5042 2201 5094 prorsus
2248 5026 2495 5090 recessit,
2537 5025 2646 5078 imo
2695 5025 2894 5079 bellum
2953 5027 3006 5078 in
3052 5040 3176 5078 eum
3228 5023 3539 5085 commovit,

1974 5134 2096 5171 cum
2154 5125 2273 5186 post
2318 5117 2504 5171 decem
2555 5116 2790 5170 tribuum
2847 5117 3154 5180 excidium,
3201 5115 3540 5171 Hierusalem

1972 5209 2160 5261 adorta
2194 5215 2298 5269 est,
2331 5221 2438 5276 qua
2469 5207 2524 5259 in
2563 5206 2698 5260 urbe
2731 5207 2989 5274 templum
3028 5206 3118 5260 Dei
3161 5217 3298 5260 erat.
3327 5205 3541 5260 Rursus

1972 5301 2059 5353 hic
2109 5299 2382 5352 mirabiles
2431 5296 2688 5366 Syrorum
2761 5296 3056 5365 mythologi
3123 5297 3275 5351 aiunt
3349 5317 3360 5350 :
3412 5310 3538 5350 δοκι

1975 5395 2231 5461 Syrorum
2289 5390 2469 5457 lingua
2518 5386 2776 5455 appellari
2822 5386 3149 5440 columbam.
3204 5386 3564 5458 Sophoniam-

1973 5486 2153 5554 igitur,
2184 5482 2418 5536 voluisse
2456 5482 2594 5533 hanc
2628 5478 2897 5547 appellare
2936 5480 3210 5550 prophetae
3249 5479 3398 5539 Jona:
3440 5495 3536 5539 ur..-
