4022 6138
1672 172 1817 183 ,φονου-ν

452 310 556 378 461

1652 320 2002 383 THEODORI
2039 324 2519 387 MOPSUESTENI

3596 318 3697 379 £68

450 433 574 489 hem
599 474 616 502 ,
647 435 745 506 qui
773 432 884 491 illic
910 437 1225 506 praedicavit
1258 455 1271 492 :
1307 446 1362 492 at
1392 438 1641 495 Graecum
1670 442 2019 513 interpretem

2139 447 2330 514 Ἰωνᾶ,
2381 445 2535 517 φασὶ,
2582 443 2797 511 λέγεται
2842 443 2987 499 κατὰ
3017 443 3116 515 τὴν
3167 440 3354 512 Σύρων
3381 439 3627 509 γλῶτταν
3664 441 3705 517 ἡ

451 524 764 581 columbam
792 541 901 582 non
936 528 1055 582 sine
1088 542 1276 585 errore
1308 526 1536 585 diiisse.
1565 529 1670 584 Sed
1697 534 1844 587 enim
1877 535 2023 603 quod

451 629 562 669 non
608 618 951 686 septuaginta
995 618 1098 671 viri
1162 622 1488 685 erraverint,
1541 621 1637 677 sed
1685 622 1801 691 ipse
1841 624 2024 694 potius

452 701 750 773 Scriptura:
783 703 958 777 Syrus
990 708 1265 779 interpres
1306 725 1527 766 errores
1565 726 1765 781 passus
1802 714 2026 768 creden-

452 794 556 849 dus
586 795 676 861 sit,
705 796 915 855 dictum
944 815 974 853 a
1013 801 1174 857 nobis
1206 810 1367 858 antea
1405 802 1542 859 satis
1570 803 1695 859 fuit.
1727 804 1860 859 Illud
1894 821 2024 859 vero

449 886 726 954 quomodo
774 889 828 943 bi
858 892 981 945 miri
1021 893 1321 964 mythologi
1347 910 1457 949 non
1495 895 1827 966 intelligunt,
1872 897 2018 967 quod

448 993 547 1046 per
564 980 874 1037 convicium
904 983 1037 1038 dicit
1075 1002 1090 1039 :
1117 1004 1135 1036 ι
1173 985 1220 1041 0
1250 987 1479 1044 illustris
1504 996 1559 1044 et
1584 988 1862 1059 redempta
1888 990 2022 1043 civi-

450 1076 556 1134 tas,
587 1071 914 1128 columbah
951 1074 1078 1132 Haec
1105 1085 1235 1133 sunt
1263 1079 1409 1134 enim
1439 1086 1494 1135 et
1522 1080 1632 1136 alia
1676 1080 2014 1149 huiusmodi,

447 1160 614 1216 veluti
632 1162 777 1233 apud
795 1163 1136 1222 Nahumum:
1181 1188 1201 1221 ‹
1217 1169 1471 1224 Meretrix
1505 1172 1730 1241 pulchra
1745 1183 1797 1228 et
1817 1175 2018 1242 gratio-

449 1267 570 1319 σος»
598 1254 852 1313 similiter
881 1272 1027 1313 nunc
1054 1260 1217 1314 etiam
1248 1262 1513 1330 exprobat
1537 1263 1683 1329 illam
1714 1279 1821 1333 qua
1863 1274 2018 1319 antea

448 1344 787 1410 gloriabatur
825 1347 1244 1406 formositatem.
1290 1351 1678 1408 Verumtamen
1711 1353 1865 1409 Jonas
1892 1370 2021 1424 pro-

446 1432 623 1500 phetat
649 1438 841 1492 urbem
866 1479 880 1496 .
920 1448 1209 1509 propterea
1243 1443 1390 1510 quod
1420 1443 1490 1496 ab
1523 1443 1617 1498 illo
1646 1445 1854 1499 salvata
1888 1445 2013 1506 fuit,

447 1542 724 1597 nunquam
769 1546 887 1586 eam
939 1536 984 1589 si
1035 1536 1477 1600 conviciaretur,
1517 1536 1768 1592 dixisset.
1808 1539 1878 1589 At
1927 1537 2017 1591 isti

446 1618 686 1675 dictione
715 1637 821 1676 non
868 1625 1167 1689 intellecta,
1210 1627 1278 1681 ad
1333 1625 1593 1698 Syriacas
1619 1629 1903 1698 anilesque
1929 1627 2013 1682 l‘a-

447 1707 602 1765 bulas
635 1717 886 1771 conversi
920 1726 1071 1772 sunt.

2128 539 2451 610 περιστεράν
2484 539 2512 590 ὁ
2540 538 2637 608 μὲν
2655 533 2747 591 οὖν
2782 535 3088 608 προφήτης,
3126 533 3282 587 Ἰωνᾶ
3300 531 3399 585 τοῦ
3420 532 3704 604 προφήτου

2130 628 2285 681 πόλιν
2315 628 2489 698 αὐτὴν
2525 626 2768 698 βούλεται
2799 625 2979 693 λέγειν
3004 623 3093 677 διὰ
3120 621 3182 675 τὸ
3204 620 3395 675 αὐτόθι
3418 619 3653 692 κηρύξαι
3684 636 3701 650 ·

2129 719 2158 770 ὁ
2188 717 2528 790 ἑρμηνεύσας
2553 717 2630 781 δὲ,
2648 714 2979 787 περιστερὰν
3007 713 3176 783 αὑτὴν
3207 705 3327 764 εἷπε
3354 710 3701 779 διασφαλείς.

2132 809 2266 878 Περὶ
2292 808 2391 879 μὲν
2421 803 2514 862 οὖν
2561 806 2654 861 τοῦ
2702 807 2777 878 μὴ
2808 808 2934 869 τοὺς
2974 804 3374 875 Ἐϐδομήκοντα
3414 802 3702 871 ἐσφάλθαι,

2129 898 2209 966 (ρ.
2236 896 2362 964 401)
2401 896 2492 951 τὸν
2510 897 2567 950 δὲ
2592 897 2673 961 είς
2697 896 2797 967 τὴν
2827 894 3017 966 Σύρων
3046 892 3296 963 γλῶτταν
3316 893 3704 963 ήρμηνευκότα

2126 989 2225 1059 τὴν
2256 989 2478 1060 Γραφὴν
2515 988 2692 1059 πολλῷ
2731 986 3064 1057 δικαιότερον
3100 984 3167 1039 ἂν
3196 981 3514 1054 νομισθῆναι
3543 981 3705 1035 τοῦτο

2133 1079 2479 1144 πεπονθέναι,
2501 1080 2715 1152 εἴρηται
2737 1078 2969 1151 πρόσθεν
2996 1078 3133 1148 ἡμῖν
3153 1074 3468 1147 ἀρκούντως
3486 1090 3500 1104 ⁸
3526 1075 3706 1128 ἐκεῖνο

2124 1169 2182 1222 δὲ
2205 1171 2255 1223 οἱ
2284 1170 2586 1241 θαυμαστοὶ
2627 1169 2913 1240 μυθολόγοι
2942 1168 3058 1232 πῶς
3087 1167 3149 1219 οὐ
3186 1165 3422 1218 συνεῖδον
3453 1164 3535 1217 ὅτι
3559 1165 3702 1217 ὀνει-

2134 1262 2292 1326 δίζων
2326 1264 2398 1333 τῇ
2430 1261 2582 1315 πόλει
2608 1260 2776 1330 λέγει,
2817 1279 2837 1312 ι
2879 1256 2953 1314 Ὦ
2983 1256 3252 1329 ἐπιφανὴς
3299 1257 3394 1310 καὶ
3434 1255 3704 1328 λελυτρω-

2131 1351 2264 1422 μένη
2323 1351 2494 1415 πόλις,
2526 1352 2559 1420 ή
2612 1350 2949 1421 περιστεράς
2990 1366 3007 1400 ι
3052 1345 3294 1402 Τοιαῦτα
3337 1345 3447 1417 γὰρ
3488 1345 3581 1398 καὶ
3629 1344 3703 1398 τὰ

2122 1441 2271 1511 ἑξῆς,
2302 1435 2413 1495 οἷον
2444 1442 2558 1494 ἐστὶ
2583 1441 2678 1493 καὶ
2707 1442 2859 1510 παρὰ
2890 1438 2967 1509 τῷ
2996 1438 3192 1506 Ναοὺμ
3222 1436 3333 1502 τδ,ι
3352 1435 3529 1506 Πόρνη
3560 1434 3700 1504 καλὴ

2120 1533 2215 1585 καὶ
2252 1533 2508 1602 ἐπίχαρις
2525 1545 2572 1583 ἰ
2602 1531 2808 1602 ὁμοίως
2834 1529 2943 1602 γὰρ
2968 1531 3106 1601 αὐτῇ
3132 1526 3412 1583 κάνταῦθα
3451 1526 3701 1589 ὀνειδίζει

2120 1618 2264 1698 ἐφ’ᾖ
2295 1622 2528 1694 πρόσθεν
2555 1621 2877 1692 ἐσεμνύνετο
2905 1618 3203 1692 εὐπρεπείᾳ
3222 1635 3235 1649 ’
3270 1618 3426 1673 Ἰωνᾶ
3451 1618 3507 1671 δὲ
3545 1617 3703 1672 πόλιν

2119 1714 2288 1785 αὐτὴν
2336 1712 2431 1767 τοῦ
2485 1712 2767 1782 προφήτου
2814 1712 2905 1767 διά
2934 1711 2997 1765 τὸ
3031 1710 3101 1775 ’ἐξ
3147 1709 3357 1762 ἐκείνου
3406 1707 3700 1772 σεσῶσθαι,

446 1802 545 1857 οὐκ
563 1804 628 1856 ἄν
658 1820 788 1857 ποτε
807 1807 1080 1871 ὀνειδίζων
1100 1810 1224 1880 ἔφη·
1252 1811 1368 1863 ἀλλ’
1396 1813 1445 1864 οἱ
1483 1812 1579 1880 μὲν
1599 1813 1660 1867 οὑ
1694 1810 2008 1882 νενοηκότες
2037 1809 2099 1861 τὸ
2119 1806 2430 1878 εἰρημένον,
2462 1805 2555 1858 ἐπὶ
2587 1800 2885 1870 Συριακούς
2913 1817 2973 1855 τε
2996 1803 3089 1857 καὶ
3113 1801 3380 1874 γραώδεις
3401 1802 3703 1873 ἐτράποντο

448 1888 672 1960 μύθους.

520 2072 686 2130 Vens.
716 2076 836 2132 3-6.
860 2108 933 2120 -ι-
969 2076 1168 2141 Verum
1229 2081 1493 2153 propheta
1523 2093 1888 2138 consentanee
1922 2099 2012 2138 se-

2188 2080 2334 2150 Στίχ.
2374 2078 2529 2149 γ’-ςα
2553 2108 2623 2119 -—
2654 2079 2714 2131 Ὀ
2741 2078 2799 2132 δὲ
2833 2077 3117 2150 προφήτης
3158 2073 3465 2136 ἀκολούθως
3511 2072 3604 2127 καὶ
3628 2071 3703 2124 τὰ

448 2166 670 2232 quentia
720 2183 939 2239 quoque
998 2172 1184 2236 addit,
1228 2174 1464 2243 priscam
1512 2175 1660 2229 illius
1690 2173 2017 2229 ‘l‘elicitatem

451 2258 657 2314 ironice
678 2262 839 2316 simul
880 2271 934 2319 et
968 2279 1090 2318 cum
1117 2266 1367 2322 convicio
1404 2282 1752 2324 memorans:
1794 2287 1811 2318 ι
1846 2267 2013 2321 Prin-

450 2349 598 2417 εἰμες
622 2350 740 2419 ejus
768 2351 824 2407 in
858 2368 921 2409 ea
946 2356 1106 2410 veluti
1139 2356 1418 2426 rugientes
1447 2359 1650 2412 leones.
1690 2376 1709 2409 ι
1737 2357 1886 2412 Adeo
1921 2373 2019 2428 po-

450 2449 662 2507 tenteS,
712 2451 766 2497 et
802 2445 1067 2501 adversus
1103 2462 1294 2503 omnes
1334 2449 1532 2518 asperi.
1580 2469 1597 2499 ι
1648 2446 1870 2504 Iudices
1900 2449 2019 2519 ejus

453 2542 511 2588 ut
543 2536 652 2605 lupi
695 2537 943 2606 Arabiae,
1000 2541 1134 2596 nihil
1168 2541 1517 2597 dimittebant
1553 2545 1606 2597 in
1658 2557 1838 2597 mane.
1882 2563 1901 2595 ι
1936 2544 2016 2597 Ad

450 2640 564 2680 rem
604 2626 995 2685 conficiendam
1040 2632 1283 2698 celeres,
1334 2642 1393 2687 ut
1433 2650 1541 2688 una
1589 2632 1890 2705 eademque
1933 2633 2020 2688 die

450 2726 647 2772 cuncta
680 2720 990 2788 concidant,
1039 2724 1282 2795 nihilque
1323 2740 1430 2779 non
1470 2724 1779 2779 confectum
1832 2725 1886 2778 in
1919 2738 2017 2795 po-

450 2818 656 2863 sterum
686 2812 1016 2883 relinquant.
1061 2833 1079 2866 ι
1111 2814 1397 2884 Propheta;
1424 2816 1544 2882 ejus
1569 2815 1766 2885 spiritu
1800 2817 2015 2886 perciti,

450 2900 1021 2973 viri_contemptorcs.
1065 2925 1082 2956 ν
1118 2904 1220 2971 Qui
1262 2908 1403 2976 apud
1453 2909 1649 2977 ipsum,
1679 2906 1888 2978 inquit,
1928 2924 2020 2963 va-

450 2991 663 3046 ticinari
694 2999 982 3062 spondent,
1019 2998 1190 3051 multo
1221 3012 1344 3052 cum
1376 2998 1518 3053 fastu
1551 3001 1667 3054 visa
1705 3001 1807 3053 sibi
1834 3001 2021 3070 loque-

450 3081 669 3135 bantur.
740 3097 763 3130 ι
806 3082 1127 3144 Sacerdotes
1181 3088 1302 3157 ejus
1360 3092 1737 3144 contaminant
1797 3102 2016 3153 sancta,

449 3178 680 3239 peccant
704 3172 757 3226 in
796 3175 987 3243 legem.
1030 3195 1049 3227 ι
1081 3176 1184 3242 Qui
1226 3179 1369 3247 apud
1398 3194 1493 3235 eos
1528 3180 1679 3251 fungi
1710 3184 2021 3237 sacerdotio

448 3262 798 3326 videbantur,
847 3266 1016 3338 264
1063 3278 1253 3323 contra
1285 3272 1454 3339 legem
1505 3288 1679 3326 meam
1712 3282 2021 3343 contraque

449 3354 710 3423 templum
746 3356 909 3425 impie
941 3359 1201 3425 agebant;
1246 3369 1299 3414 et
1339 3376 1477 3430 quos
1527 3362 1890 3432 obsequentes
1920 3362 2018 3416 ha-

2123 2176 2250 2246 ἑξῆς
2267 2176 2480 2244 ἐπάγει,
2506 2173 2600 2245 τὴν
2621 2170 2856 2225 παλαιὰν
2879 2168 3186 2241 εὐπραγίαν
3208 2167 3378 2236 αὐτῆς
3400 2163 3702 2236 εἰρωνικῶς

2120 2286 2179 2321 τε
2202 2269 2317 2339 ἅμα
2347 2265 2519 2335 λέγων
2549 2266 2643 2319 καὶ
2669 2260 3064 2325 ὀνειδιστικῶςο
3098 2278 3116 2311 ι
3141 2261 3203 2313 οι
3231 2257 3487 2329 ἄρχοντες
3525 2255 3701 2324 αὐτῆς

2122 2363 2180 2412 ὲν
2213 2358 2350 2430 αὐτῇ
2384 2359 2460 2422 ὡς
2496 2357 2710 2419 λέοντες
2738 2355 3060 2426 ὠρυόμενοι.
3095 2371 3114 2405 ι
3152 2350 3307 2405 Οὖτω
3354 2348 3569 2402 δυνατοὶ
3600 2347 3702 2400 καὶ

2122 2450 2263 2504 κατά
2309 2450 2525 2504 πάντων
2571 2446 2980 2517 θρασυνόμενοι.
3022 2461 3040 2495 ι
3075 2444 3137 2496 Οἱ
3188 2440 3371 2512 κριταὶ
3414 2439 3581 2510 αὐτῆς
3619 2438 3703 2499 ὡς

2120 2541 2274 2594 λύκοι
2308 2541 2405 2610 τῆς
2449 2537 2726 2609 Ἀραϐίας,
2755 2536 2854 2607 οὐχ
2883 2534 3210 2588 ὑπελίποντο
3241 2533 3321 2595 είς
3362 2530 3423 2583 τὸ
3465 2527 3628 2599 πρωῒ.
3674 2548 3695 2580 ι

2135 2632 2308 2697 Ὀξεϊς
2354 2632 2481 2700 περὶ¹
2523 2630 2587 2682 τὸ
2635 2632 2808 2699 πέρας
2847 2626 3145 2680 ἐπιτιθέναι
3190 2626 3303 2688 τοῖς
3351 2624 3698 2694 πράγμασιν,

2121 2724 2260 2778 ὥστε
2290 2723 2600 2794 αύθήμερον
2648 2722 2863 2774 ἅπαντα
2907 2719 3146 2790 τέμνειν,
3174 2716 3270 2771 καὶ
3306 2715 3469 2786 μηδὲν
3502 2712 3703 2777 ἀτελὲς

2122 2820 2201 2880 εἰς
2240 2816 2339 2886 τὴν
2385 2813 2509 2883 ἑξῆς
2545 2813 2783 2881 ἀφιέναι.
2844 2832 2862 2862 ι
2895 2814 2957 2864 Οί
2992 2809 3268 2882 προφῆται
3314 2807 3483 2876 αὑτῆς
3531 2823 3702 2860 πνευ-

2126 2907 2419 2979 ματοφόροι
2459 2905 2648 2976 ἄνδρες
2703 2899 3129 2973 καταφρονηταί.
3170 2918 3189 2950 ι
3246 2897 3356 2951 Καὶ
3388 2898 3518 2950 οἰὲν
3553 2896 3699 2966 αὑτῇ

2121 3000 2195 3064 δὲ,
2233 2998 2386 3068 φησὶ,
2427 2995 2784 3067 μαντεύεσθαι
2815 2992 3293 3062 ἐπαγγελλόμενοι,
3330 2988 3467 3060 μετά
3495 2986 3702 3058 πολλῆς

2123 3091 2423 3163 ὑπεροψίας
2453 3089 2522 3143 τὰ
2552 3087 2810 3141 δοκοῦντα
2839 3085 3183 3154 ἐφθέγγοντο.
3235 3104 3252 3135 ι
3286 3084 3348 3136 Ui
3387 3083 3550 3151 ἱερεῖς
3594 3081 3704 3132 αὑ-

2122 3185 2219 3255 τῆς
2242 3180 2527 3253 βεϐηλοῢσι
2549 3180 2614 3233 τὰ
2638 3179 2788 3247 ἅγια,
2814 3178 2910 3230 καὶ
2927 3175 3212 3229 ἀσεϐοῦσιν
3241 3176 3318 3238 εἰς
3344 3173 3434 3227 τὸν
3457 3173 3636 3241 νόμον.
3674 3191 3697 3223 ι

2125 3279 2201 3343 (p.
2232 3271 2382 3342 402)
2437 3271 2549 3325 Καὶ
2604 3272 2652 3322 οί
2701 3266 2985 3330 δοκοῦντες
3028 3265 3085 3318 δὲ
3141 3266 3268 3336 παρ’
3310 3265 3493 3326 αὐτοῖς
3542 3264 3699 3332 ἱερα-

2120 3365 2319 3425 τεύειν,
2364 3364 2445 3426 εῐς
2476 3379 2538 3413 τε
2575 3360 2665 3413 τὸν
2710 3358 2873 3429 νόμον
2904 3357 2995 3412 τὸν
3047 3357 3177 3426 ἐμὸν
3214 3356 3294 3418 εἷς
3330 3372 3388 3407 τε
3429 3356 3519 3405 τὸν
3566 3351 3701 3404 ναὸν

449 3445 672 3507 hebant,
711 3449 775 3499 ad
816 3447 930 3501 lucc
971 3449 1089 3519 ipsa
1124 3452 1330 3505 scelera
1365 3454 1611 3508 studiose
1647 3454 2015 3510 concitabant.

2125 3455 2375 3526 ἠσέϐουν,
2433 3451 2721 3521 διεγείρειν
2779 3450 2871 3502 ἐπὶ
2927 3447 3100 3502 ταῦτα
3162 3447 3289 3509 τοὺς
3344 3443 3700 3512 πειθομένους

446 3536 812 3600 Quamobrem
843 3551 1249 3609 consequenter
1283 3545 1467 3598 subdit
1504 3565 1515 3598 :
1548 3563 1568 3596 ι
1619 3544 1884 3600 Dominus
1921 3561 2019 3599 au-

448 3637 554 3678 tem
573 3624 757 3692 justus
787 3627 840 3679 in
875 3628 1054 3682 medio
1088 3643 1300 3693 eorum,
1326 3639 1379 3684 et
1409 3628 1543 3685 nihil
1582 3642 1702 3702 aget
1725 3633 1971 3703 iniquum
2003 3655 2015 3686 :

447 3730 608 3770 mane
642 3717 1168 3785 proleretjudicium
1204 3735 1365 3773 suum
1404 3723 1457 3775 in
1485 3724 1683 3777 lucem.
1721 3743 1739 3776 ι
1779 3724 2016 3778 Atenim

448 3806 582 3859 nihil
626 3807 706 3861 eis
740 3809 946 3877 profuit
992 3811 1080 3863 illa
1144 3812 1410 3880 iniquitas
1456 3829 1469 3864 :
1524 3830 1759 3885 namque
1810 3818 1864 3869 in
1910 3832 2020 3871 uic-

446 3901 541 3953 σεῖο
579 3914 773 3955 eorum
824 3905 1147 3958 versabatur
1200 3903 1385 3967 Deus,
1419 3909 1633 3962 etiamsi
1683 3922 1808 3963 eum
1862 3908 2017 3965 ﬂocci

449 3988 721 4045 faciebant
763 3993 900 4061 :qui
948 4002 1131 4048 tamen
1184 4011 1514 4067 magnopere
1557 4001 1787 4069 iustitiae
1828 4010 2014 4065 tenax,

445 4096 516 4138 ne
544 4097 691 4137 nunc
738 4084 956 4152 quidem
1000 4086 1194 4141 horum
1237 4087 1581 4159 iniquitatem
1612 4092 1707 4146 diu
1743 4092 2018 4147 dominari

446 4175 590 4227 sinet
618 4176 849 4229 :etenim
882 4190 1005 4230 cum
1033 4179 1280 4247 iniquum
1310 4189 1524 4252 reputet
1554 4182 1806 4252 impunes
1837 4182 2020 4237 dimit-

445 4274 562 4319 tere
588 4265 900 4333 bujusmodi
944 4269 1225 4336 homines,
1256 4282 1608 4343 properatum
1647 4274 1918 4343 judicium
1951 4268 2053 4330 de-

450 4356 538 4409 liis
578 4357 894 4434 esercebit,
945 4360 1330 4432 publicamque
1377 4364 1617 4434 imponet
1642 4365 1723 4421 eis
1765 4374 2017 4435 peccato-

449 4460 568 4501 rum
638 4448 1004 4518 punitionem.
1068 4451 1202 4508 Nam
1259 4453 1536 4525 duplicata
1591 4455 2017 4522 dictio,cmanc

445 4553 625 4604 mane,
656 4554 967 4595 rsummam
998 4544 1342 4601 celeritatem
1396 4548 1637 4602 denotat.
1689 4546 1892 4602 Deinde
1936 4547 2013 4601 rei

445 4629 698 4685 eﬁ‘ectum
753 4632 1076 4702 signiﬁcans
1102 4652 1147 4689 ει
1175 4637 1229 4691 In
1262 4638 1599 4705 corruptela,
1628 4636 1828 4705 inquit,
1870 4637 2013 4690 traxi

446 4722 734 4789 superbos,
786 4722 1041 4791 dissipati
1084 4731 1213 4776 sunt
1266 4725 1446 4795 anguli
1501 4740 1712 4789 eorum,
1766 4727 2015 4782 desertas

443 4811 673 4867 omnino
704 4812 899 4867 faciam
932 4814 1050 4867 vias
1089 4828 1304 4876 eorum,
1343 4816 1415 4867 ila
1444 4826 1503 4868 ut
1541 4830 1702 4869 nemo
1732 4816 1863 4871 illuc
1896 4834 2019 4886 pcr-

445 4898 741 4960 transeat':
790 4903 1114 4959 defecerunt
1159 4905 1416 4959 civitates
1442 4920 1664 4969 eorum,
1691 4908 1819 4975 quia
1865 4923 2025 4961 nemo

448 5007 699 5067 superest
743 4996 826 5050 vel
849 4995 1139 5049 inhabitat.
1195 5014 1214 5046 ›
1262 4995 1603 5066 Corruptela:
1642 4994 1844 5051 tradidi
1901 4998 2024 5052 illos

446 5095 670 5155 propter
722 5086 1034 5157 superbiam
1094 5101 1107 5135 :
1169 5086 1447 5145 destruam
1500 5095 1726 5141 cunctas
1776 5090 2021 5158 ipsorum

2126 3547 2308 3609 αὑτοῖς
2360 3545 2541 3598 πᾶσαν
2598 3543 2811 3613 ἔχοντες
2836 3540 2933 3610 τὴν
2966 3538 3219 3608 σπουδήν.
3256 3529 3349 3598 Οἷς
3387 3532 3701 3595 ἀκολούθως

2126 3643 2442 3713 ἐπήγαγεν
2473 3658 2491 3690 ι
2539 3639 2595 3691 ’0
2627 3638 2683 3691 δὲ
2716 3637 2920 3707 Κύριος
2962 3634 3168 3698 δίκαιος
3206 3635 3264 3686 ἐν
3304 3631 3452 3703 μέσῳ
3491 3627 3699 3689 αὐτῶν,

2126 3736 2221 3788 καὶ
2246 3734 2305 3786 ού
2334 3732 2410 3804 μὴ
2442 3732 2641 3802 ποιήσῃ
2677 3729 2891 3783 ἄδικον·
2931 3726 3075 3798 πρωῒ
3121 3725 3281 3778 δώσει
3329 3726 3503 3794 κρῖμα
3526 3722 3701 3776 αὑτοῦ

2126 3826 2205 3887 είς
2240 3821 2376 3891 φῶς.
2417 3840 2436 3872 ι
2494 3818 2654 3872 Ἀλλὰ
2686 3817 2795 3889 γὰρ
2838 3816 2993 3869 οὑθὲν
3019 3814 3213 3883 ὄφελος
3245 3814 3425 3875 αὑτοῖς
3473 3811 3703 3879 γέγονεν

2125 3915 2223 3984 τῆς
2252 3911 2597 3982 παρανομίας
2629 3909 2844 3978 ἐκείνης
2868 3924 2881 3937 ο
2923 3906 3017 3960 καὶ
3053 3905 3161 3976 γὰρ
3192 3905 3286 3958 καὶ
3323 3903 3562 3956 ἀκόντων
3599 3902 3707 3955 αὑ-

2124 4002 2233 4055 τῶν
2290 4003 2348 4054 ὲν
2385 4000 2533 4072 μέσῳ
2569 3999 2702 4062 Θεὸς
2738 3998 3012 4068 ὑπῆρχεν,
3050 3998 3098 4049 εί
3145 3996 3240 4049 καὶ
3286 3994 3492 4066 μηδένα
3536 3993 3704 4060 λόγον

2125 4092 2290 4147 αὑτοῦ
2349 4090 2619 4145 ποιεῖσθαι
2675 4089 2991 4143 ἐϐούλοντο·
3050 4087 3109 4151 ὃς
3165 4086 3364 4158 πολλὴν
3408 4085 3546 4155 ἔχων
3599 4084 3702 4137 τοῦ

2123 4186 2333 4239 δικαίου
2382 4183 2658 4256 φροντίδα,
2701 4181 2824 4235 οὑδὲ
2856 4180 2952 4235 νῦν
2981 4181 3230 4247 ἀνέξεται
3263 4182 3361 4250 τῆς
3394 4177 3545 4250 παρά
3570 4175 3701 4229 τού-

2123 4292 2230 4328 των
2274 4273 2693 4343 ἐπιτελουμένης
2749 4271 2959 4335 ἀδικίας
3014 4272 3105 4324 ὲπὶ
3157 4269 3292 4323 πολὺ
3349 4267 3698 4340 κρατούσηςσ

2124 4365 2305 4419 ἄδικον
2331 4365 2387 4417 δὲ
2418 4363 2764 4435 ἡγησάμενος
2788 4362 2851 4415 τὸ
2874 4361 3258 4433 ἀτιμωρήτους
3274 4360 3497 4427 ἀφεῖναι
3519 4356 3701 4410 τοιού-

2123 4473 2248 4519 τους
2270 4456 2449 4521 ὄντας,
2466 4454 2643 4521 ὀξεῖαν
2676 4452 2855 4524 κρίσιν
2885 4452 2994 4506 τῶν
3012 4453 3130 4506 κατ’
3155 4453 3350 4514 αὐτοὺς
3386 4450 3696 4519 ποιήσεται,

2124 4546 2219 4600 καὶ
2245 4544 2509 4616 πρόδηλον
2532 4544 2715 4607 αὐτοῖς
2745 4542 2935 4607 ἑπάξει
2960 4543 3057 4614 τὴν
3086 4543 3226 4609 ὑπὲρ
3252 4541 3361 4594 τῶν
3399 4537 3701 4608 ἐπταισμέ-

2123 4654 2229 4689 νων
2255 4636 2525 4706 τιμωρίαν
2552 4652 2566 4666 ο
2599 4635 2663 4687 τὸ
2691 4636 2800 4706 γάρ
2829 4655 2848 4685 r
2891 4633 3034 4705 πρωῒ
3070 4631 3218 4704 πρωῒ
3253 4650 3271 4684 ι
3306 4632 3405 4702 τὴν
3430 4632 3570 4698 ἄγαν
3597 4645 3699 4683 τα-

2123 4727 2329 4797 χύτητα
2387 4725 2554 4793 λέγει.
2609 4722 2740 4778 Εἶτα
2795 4725 2915 4778 τίνα
2976 4723 3042 4777 τὰ
3080 4725 3146 4776 ὲκ
3187 4722 3379 4775 τούτου
3431 4720 3699 4789 γινόμενα

2122 4816 2324 4882 λέγων·
2385 4834 2403 4865 ι
2457 4815 2545 4867 Ἑν
2593 4814 2857 4885 διαφθορᾷ
2914 4814 3233 4867 κατέσπασα
3290 4811 3695 4880 ὑπερηφάνους,

2121 4902 2496 4975 ἠφανίσθησαν
2544 4903 2737 4971 γωνίαι
2768 4902 2945 4957 αὐτῶν
2967 4920 2979 4933 ·
3023 4900 3358 4974 ὲξερημώσω
3409 4899 3509 4963 τὰς
3538 4897 3700 4961 ὁδοὺς

2122 4993 2299 5046 αὐτῶν
2346 4993 2408 5045 τὸ
2447 4994 2705 5062 παράπαν
2728 4991 2821 5046 τοῦ
2856 4992 2929 5063 μὴ
2963 4992 3293 5045 διοδεύεσθαι
3316 5010 3329 5022 ·
3362 4989 3607 5055 ἐξέλιπον
3635 4990 3698 5042 αι

2122 5084 2304 5146 πόλεις
2338 5084 2515 5137 αὐτῶν
2544 5084 2697 5155 παρά
2714 5071 2774 5137 τὶ
2802 5085 3004 5155 μηδένα
3032 5084 3296 5155 ὑπάρχειν
3342 5082 3472 5151 μηδὲ
3514 5097 3698 5133 κατοι-

451 5179 725 5241 civitates,
790 5195 986 5248 resque
1037 5177 1253 5234 illorum
1301 5177 1368 5231 ad
1417 5184 1620 5233 tantam
1673 5180 2019 5235 solitudinem

2124 5179 2257 5231 κεῖν.
2296 5196 2313 5225 ο
2343 5176 2621 5246 Διαφθορᾷ
2661 5176 2758 5246 μὲν
2780 5176 2890 5247 γὰρ
2938 5178 3135 5240 αὑτοὺς
3162 5176 3251 5229 διὰ
3280 5175 3375 5244 τὴν
3408 5175 3695 5244 ὑπερηφα-

446 5269 690 5341 redigam
715 5310 732 5337 ,
765 5280 822 5323 ut
855 5274 988 5342 ipste
1021 5271 1313 5341 incognitae
1342 5269 1539 5325 futura:
1579 5271 1692 5325 sint
1719 5282 2017 5328 transeun-

2124 5269 2236 5322 νίαν
2282 5268 2462 5323 αὐτῶν
2503 5269 2898 5339 παραδέδωκαο
2932 5268 3146 5337 ἀφανιῶ
3187 5267 3244 5321 δὲ
3278 5268 3458 5328 πάσας
3508 5264 3697 5318 αὐτῶν

446 5359 581 5412 tium
606 5362 871 5428 penuria;
901 5362 1046 5431 quod
1081 5361 1262 5431 ipsum
1294 5362 1511 5415 cunctis
1546 5378 1765 5431 quoquc
1792 5363 2019 5419 urbibus

2124 5362 2216 5424 τὰς
2247 5361 2462 5423 πόλεις’
2512 5362 2590 5423 είς
2632 5360 2899 5429 τοσαύτην
2937 5376 2995 5411 τε
3026 5358 3256 5429 ἐρημίαν
3286 5357 3399 5421 ἄξω
3446 5356 3517 5409 τὰ
3557 5357 3696 5427 παρ’

447 5451 697 5516 eveniet,
728 5455 857 5518 quia
895 5456 1077 5508 nullus
1111 5452 1370 5522 deinceps
1406 5453 1586 5507 incola
1628 5455 1938 5508 invenietur
1964 5457 2015 5508 in

2124 5453 2319 5517 αὑτοῖς,
2344 5455 2420 5520 (p.
2452 5451 2557 5505 403
2586 5450 2602 5518 )
2636 5450 2774 5503 ὥστε
2814 5451 2907 5504 καὶ
2942 5448 3040 5513 τὰς
3074 5450 3224 5511 ὁδοὺς
3248 5448 3433 5501 λοιπὸν
3462 5447 3697 5516 ἀδήλους

447 5537 547 5591 eis.
582 5536 836 5593 Jamvoro
870 5559 1158 5611 postquam
1204 5548 1291 5600 his
1334 5543 1517 5600 verbis
1554 5543 1776 5598 Ninives
1806 5545 2019 5600 desola-

2124 5537 2255 5595 εἶναι
2288 5542 2498 5612 ἐρημίᾳ
2523 5540 2632 5593 τῶν
2665 5540 3008 5594 διοδευόντων
3033 5582 3046 5605 ,
3077 5533 3219 5612 ᾗπερ
3254 5534 3348 5591 οὖν
3379 5535 3697 5606 παραδώσω

448 5627 652 5681 tionem
687 5629 956 5693 ostendit,
995 5642 1047 5684 et
1083 5632 1358 5701 Assyriaci
1396 5630 1611 5700 imperii
1643 5632 2009 5693 eversionem,

2124 5632 2213 5684 καὶ
2242 5631 2341 5693 τὰς
2361 5632 2543 5695 πόλεις
2570 5631 2749 5684 αὐτῶν
2781 5632 3017 5693 ἁπάσας,
3039 5628 3178 5682 ὥστε
3209 5628 3410 5698 μηθένα
3435 5625 3696 5680 οἰκοῦντα

445 5716 609 5774 Vertit
633 5714 699 5770 ad
725 5713 940 5771 Judaeos
980 5734 1311 5785 sermonem,
1346 5720 1524 5791 aitque
1554 5737 1565 5771 :

2124 5715 2467 5785 εὑρίσκεσθαι
2500 5719 2556 5769 ὲν
2593 5719 2799 5781 αὑταῖς.
2849 5716 3003 5770 Ἀλλὰ
3048 5716 3153 5787 γὰρ
3195 5713 3440 5786 δηλώσας
3478 5716 3537 5769 ὲν
3568 5713 3695 5769 τοῦθ
