4022 6138
306 267 407 329 669
1237 284 1785 347 COMMENTARIUS
1814 290 1882 344 IN
1912 290 2281 351 SOPHONIE
2317 294 2472 354 CAP.
2505 296 2593 354 Ill.
3456 305 3559 361 ιτα

308 399 413 491 sua;
443 387 533 491 tu}
688 390 894 466 Νινευῆ
924 395 1025 468 τὴν
1060 398 1319 470 ἐρημίαν,
1356 404 1552 475 τῆςιτε
1582 407 1688 460 τῶν
1733 409 2035 482 Ἀσσυρίων
2068 412 2239 484 ἀρχῆς
2278 415 2375 486 τὴν
2406 414 2744 486 καθαίρεσιν,
2776 416 2965 488 τρέπει
2996 417 3128 488 πρὸς
3151 413 3275 483 τοῦς
3297 419 3396 491 τῆς
3435 420 3561 475 ἰου-

312 483 456 547 δαίας
476 483 568 538 τὸν
596 485 757 556 λόγον
782 491 878 543 καί
900 509 1065 563 φησιν
1084 512 1096 525 ο

378 577 520 648 Στίχ.
549 579 614 645 ζ’,
642 587 715 650 η’.
738 613 809 621 -
842 603 861 636 ι
894 582 1094 640 Εἶπον·
1122 587 1270 660 Πλὴν
1296 592 1546 663 φοδετσθέ
1578 613 1667 666 με,
1691 600 1783 652 καὶ
1808 597 1893 650 δέ-

2068 596 2231 657 Vens.
2274 601 2326 665 7,
2361 602 2508 658 8.-
2536 622 2554 655 ι
2592 604 2710 658 Dixi
2746 622 2761 658 :
2796 586 3198 660 Veru'mtamem
3230 605 3415 661 timete
3451 619 3561 669 me,

315 669 465 766 Exod:
485 671 753 766 παιδείαν,
776 677 947 732 καὶού
968 677 1043 750 μὴ
1061 679 1476 755 ἐξολοθρευθῆτε
1501 686 1560 752 ἐξ
1587 687 1883 762 ὀψθαλμῶν

2007 701 2037 745 2t
2066 693 2301 763 excipite
2338 694 2726 766 disciplinam,
2760 703 2926 766 atque
2959 695 3034 750 ita
3067 711 3179 751 non
3212 696 3466 766 peribitis
3496 710 3562 750 ex

314 763 475 858 3:577];
492 765 580 858 διά
607 769 787 858 πάντα
816 771 917 826 ὅσα
936 773 1222 848 ἐξεδίκησα
1246 779 1332 831 ἐπ’
1360 781 1549 851 αὑτήν.
1579 803 1597 835 ι
1621 782 1757 856 Ἤδη
1782 786 1884 858 μὲν

2007 783 2163 838 iculis
2190 783 2359 849 illius,
2392 795 2616 856 prepter
2642 802 2704 842 ea
2726 788 2931 851 omnia,
2969 800 3092 858 quae
3113 789 3260 841 ultus
3288 802 3409 842 sum
3432 800 3567 840 con-

311 852 394 946 οἷον
446 855 731 926 προλαϐὼν
755 857 1213 934 διεμαρτυράμην
1247 866 1375 938 ὑμῖν
1411 865 1498 922 διά
1525 869 1633 924 τῶν
1667 852 1884 944 προξρη-

2013 886 2069 924 ra
2128 887 2270 928 eam.
2316 892 2333 926 ι
2381 852 2718 945 jam-pridem
2779 852 3015 934 testatus
3088 877 3243 934 vobis
3297 892 3416 935 sum
3469 890 3565 946 per

309 945 432 1011 τῶν,
463 946 602 1001 ὥστε
632 950 692 1002 ἐν
732 951 881 1023 φόϐῳ
926 954 1022 1024 μὲν
1063 954 1208 1025 ἐχειν
1231 958 1352 1027 ἐμὲ,
1382 959 1479 1014 ἆτε
1504 961 1701 1033 ῥᾳδίως
1738 964 1885 1036 ὑμᾶς

2007 965 2302 1034 ir0phetas.
2342 973 2399 1020 ut
2436 982 2522 1022 me
2565 968 2854 1033 timeretis,
2901 970 2994 1040 qui
3034 967 3193 1025 facile
3231 983 3478 1041 possum,
3518 969 3564 1024 si

309 1042 354 1093 εξ
387 1040 624 1095 πταίοιτε
648 1042 743 1096 καὶ
786 1046 1143 1117 τιμωρεῖσθαι
1176 1048 1496 1122 δυνάμενον,
1535 1052 1793 1121 δέξασθαι
1825 1056 1885 1111 δὲ

2007 1043 2369 1120 ieccaveritis',
2396 1056 2625 1126 punire;
2664 1068 2829 1128 atque
2860 1070 2919 1113 ut
2949 1057 3076 1114 data
3118 1060 3324 1114 monita
3358 1060 3569 1129 recipe-

311 1134 403 1203 ςξν
430 1136 848 1208 προσαγομένην
869 1138 997 1208 ὑμῖν
1017 1138 1363 1197 διδασκαλίαν
1382 1147 1850 1221 ἐπαγγειλάμενος
1866 1168 1883 1184 ·

2007 1144 2126 1200 'etis
2158 1145 2505 1215 denuntiavi,
2540 1165 2821 1221 nunquam
2856 1165 2991 1216 vos,
3030 1151 3078 1206 si
3125 1151 3199 1205 ita
3232 1167 3329 1208 vos
3377 1167 3567 1221 gesse-

309 1226 427 1279 οὔτε
457 1226 742 1296 ἀφανίζειν
774 1228 941 1299 ὑμᾶς,
998 1232 1048 1286 εἰ
1079 1230 1254 1286 ταῦτα
1296 1239 1518 1304 ποιοῖτε,
1551 1240 1651 1310 τῆς
1704 1258 1872 1312 προσ-

2007 1236 2133 1301 'itis,
2191 1254 2277 1294 me
2320 1239 2753 1307 destructurum,
2798 1259 2975 1314 neque
3015 1258 3046 1298 a
3101 1244 3237 1300 locis
3283 1258 3424 1314 quos
3467 1259 3569 1314 ego

310 1318 479 1384 νίψεως
516 1318 615 1389 τῆς
669 1318 810 1390 ἐμῆς
850 1320 1247 1393 ἀφαιρεθέντας
1292 1324 1400 1377 τῶν
1442 1327 1645 1394 τόπων,
1686 1332 1743 1383 ἐν
1775 1326 1889 1383 οἷσ-

2007 1335 2215 1398 ιερθοῑιι
2268 1346 2393 1385 meo
2432 1331 2626 1403 dignos
2675 1334 2901 1403 judico,
2942 1336 3299 1407 expulsurum
3347 1352 3360 1389 :
3413 1334 3568 1389 deni-

313 1426 414 1479 περ
460 1408 802 1463 διατέτακται
842 1410 943 1482 τῆς
977 1411 1272 1484 θεραπείας
1323 1417 1467 1487 ὑμᾶς
1510 1420 1889 1490 ἐπιμελεῖσθαι

2007 1435 2097 1490 lue
2139 1419 2275 1473 nihil
2308 1436 2498 1477 eorum
2531 1432 2837 1495 gesturum,
2865 1442 2985 1497 qua!
3028 1441 3174 1481 nunc
3214 1434 3567 1498 peccatorum

310 1499 407 1568 τῆς
457 1499 627 1569 ἐμῆς’
691 1501 806 1554 οὐτ’
858 1501 938 1554 ἔτι
992 1502 1391 1589 διαπράξασθαι
1442 1508 1647 1562 τούτων
1704 1509 1739 1564 ἃ
1794 1511 1889 1566 νῦν

2007 1523 2302 1568 vestrorum
2339 1516 2693 1572 multitudine
2715 1516 2876 1589 265
2901 1524 3211 1573 commotus
3244 1517 3326 1572 ira
3357 1517 3573 1573 vindice

309 1593 583 1662 ἐπήγαγον
612 1591 744 1662 ὑμῖν
766 1595 846 1656 είς
871 1594 1116 1648 ἐκδικίαν
1139 1588 1214 1649 ὧν
1239 1597 1742 1672 πεπλημμελήκατε
1765 1602 1888 1654 πολ-

2007 1606 2327 1676 perpetravi.
2380 1625 2399 1657 ι
2453 1588 2795 1677 Praeparare,
2828 1588 3099 1680 consurge
3136 1608 3402 1674 diluculo,
3448 1623 3574 1663 cor-

308 1682 480 1747 λάκις.
508 1702 528 1734 ι
576 1683 902 1754 Έτοιμάζου
929 1725 945 1748 ,
997 1684 1249 1760 δρθρισον
1273 1730 1287 1752 ,
1324 1687 1644 1761 διέφθαρται
1678 1693 1826 1747 πᾶσα
1855 1696 1888 1763 ἡ

2007 1707 2153 1767 rupta
2184 1704 2270 1752 est
2295 1695 2629 1753 frondositas
2672 1713 2883 1754 eorum.
2924 1719 2943 1752 ι
2982 1698 3086 1755 Sed
3123 1701 3253 1772 quia
3288 1710 3421 1755 tunc
3452 1700 3574 1755 otiis

309 1775 588 1847 ἐπιφυλλὶς
609 1776 810 1832 αὐτῶν.
842 1797 861 1829 ι
904 1779 1045 1831 Ἀλλ’
1066 1780 1252 1852 ἐπειδὴ
1276 1780 1399 1834 τότε
1434 1781 1494 1835 τδ
1519 1782 1636 1836 δέον
1672 1785 1893 1857 παρελί-

2007 1789 2140 1844 :ium
2169 1796 2416 1845 vestrum
2445 1788 2795 1858 deseruistis,
2826 1790 3058 1862 ideoque
3089 1791 3206 1848 haec
3229 1792 3572 1862 pertulistis;
3602 1836 3609 1843 ρ

308 1886 437 1923 τίετε
461 1869 557 1922 καὶ
579 1868 885 1923 πεπόνθατε
911 1869 1155 1935 τοιαῦτα,
1182 1871 1277 1925 νῦν
1311 1871 1439 1942 γοῦν
1470 1875 1694 1941 ἐαυτοὺς
1716 1879 1792 1940 είς
1832 1876 1893 1930 τὸ

2007 1898 2143 1936 nunc
2186 1889 2399 1936 vosmet
2442 1891 2760 1952 comparate
2796 1884 2862 1938 ad
2906 1883 3274 1940 obedientium
3300 1885 3577 1939 mandatis

305 1961 425 2013 δέον
464 1962 923 2032 παρασκευάσατε
965 1965 1045 2028 είς
1078 1965 1141 2018 τὸ
1178 1967 1316 2036 μετὰ
1348 1969 1529 2040 πάσης
1575 1969 1891 2042 ἐπιμελείας

2007 1975 2130 2030 meis
2170 1973 2464 2030 sedulitate
2504 1947 2653 2029 omni
2703 1992 2766 2031 ac
2817 1976 3039 2045 studio;
3066 1977 3269 2049 quippe
3304 1976 3401 2048 qui
3441 1990 3577 2031 mea:

306 2071 365 2105 τε
395 2052 489 2105 καὶ
519 2051 759 2121 armari};
791 2051 900 2120 τῶν
932 2055 1065 2126 παρ’
1112 2054 1251 2126 ἐμοῦ
1280 2055 1725 2131 διατεταγμένων
1767 2062 1899 2114 άντ-

2007 2080 2121 2135 erga
2171 2079 2268 2120 vos
2324 2062 2683 2135 providentia:
2735 2067 3267 2123 demonstrationem
3322 2065 3575 2128 habetis.

307 2143 546 2214 ἔχεσθαι,
573 2142 669 2198 άτε
703 2143 799 2196 καὶ
835 2144 935 2214 τῆς
974 2146 1300 2217 κηδεμονίας
1326 2166 1428 2219 μου
1468 2148 1569 2221 τῆς
1598 2152 1726 2224 περὶ
1755 2152 1899 2223 ὑμᾶς

2007 2156 2234 2212 hostium
2279 2166 2589 2214 vestrorum
2635 2160 2898 2229 potentiae
2948 2174 3268 2232 supremum
3312 2159 3578 2214 extermi-

308 2235 580 2302 ἀπόδειξιν
616 2234 832 2305 ἔχοντες
878 2236 941 2289 τὶ
986 2239 1167 2293 πᾶσαν
1204 2240 1486 2305 παντελῶς
1536 2242 1899 2316 ἀφαιρεθῆναι

2007 2249 2172 2303 nium.
2204 2267 2223 2300 ι
2263 2248 2559 2320 Propterea
2587 2261 2847 2323 exspecta
2874 2267 2996 2318 me,
3026 2252 3161 2308 dicit
3196 2250 3491 2315 Dominus,
3519 2253 3580 2305 in

308 2330 409 2399 τὴν
455 2326 686 2400 δύναμιν
728 2327 835 2382 τῶν
896 2328 1128 2401 ἐχθρῶν.
1177 2350 1195 2384 ι
1236 2332 1336 2385 Διὰ
1381 2334 1542 2387 τοῦτο
1604 2335 1901 2407 ὑπόμεινόν

2007 2342 2144 2397 diem
2175 2343 2601 2400 resurrectionis
2629 2359 2764 2400 mea:
2795 2344 2849 2398 in
2881 2344 3279 2403 testimonium.
3324 2362 3344 2395 ι
3381 2342 3460 2397 Ad
3491 2357 3579 2396 me

312 2437 403 2491 με,
440 2419 590 2490 λέγει
616 2421 826 2493 Κῦριος
846 2461 859 2485 ,
893 2422 970 2492 (p.
1008 2421 1114 2476 405
1142 2422 1161 2480 l
1185 2425 1265 2487 είς
1294 2424 1509 2496 ἡμέραν
1542 2425 1888 2492 ἁναστάσεὼς

1994 2433 2340 2490 continenter
2391 2435 2677 2507 respicite,
2728 2451 3024 2507 meumque
3087 2435 3354 2491 auxilium
3374 2447 3570 2506 exspe-

313 2529 418 2580 μου
466 2513 546 2575 είς
586 2511 907 2584 μαρτύριον.
948 2533 967 2566 ι
1008 2514 1118 2567 Καὶ
1170 2514 1463 2570 διατελεῖτε
1493 2516 1558 2590 δὴ
1604 2519 1740 2591 πρὸς
1790 2520 1891 2591 ἐμὲ

2007 2533 2144 2582 etate
2162 2527 2305 2597 quod
2330 2544 2433 2583 suo
2454 2537 2695 2600 tempore
2720 2528 3024 2593 conferam,
3047 2527 3179 2584 dum
3201 2542 3299 2583 vos
3319 2535 3583 2596 tanquam

314 2606 642 2677 ἀφορῶντες.
672 2606 766 2660 καὶ
798 2608 898 2672 τὴν
926 2607 1055 2678 παρ’
1082 2607 1217 2679 ἐμοῦ
1250 2608 1504 2682 βοήθειαν
1532 2613 1891 2684 ἀναμένοντες

318 2698 390 2768 ἢν
436 2699 574 2752 κατὰ
617 2698 802 2769 καιρὸν
834 2700 965 2771 ὑμῖν
1000 2700 1241 2772 παρέξω,
1280 2702 1357 2765 ὡς
1403 2704 1468 2755 ἐκ
1515 2702 1723 2777 νεκρῶν
1749 2706 1892 2776 ὑμᾶς

332 2788 580 2852 ἁνιστῶν,
631 2786 715 2842 καὶ
771 2788 1133 2845 ἀπαλλάττων
1194 2794 1294 2862 μὲν
1352 2794 1448 2864 τῆς
1496 2794 1891 2865 αἰχμαλωσίας,

332 2879 606 2947 ἐπανάγων
633 2878 687 2932 δὲ
713 2880 923 2944 πάντας
946 2881 1089 2952 ὑμᾶς
1122 2882 1216 2933 ἐπὶ
1244 2882 1311 2934 τὰ
1341 2883 1537 2938 οἰκεῖα.
1570 2883 1755 2938 Ταῦτα
1785 2885 1893 2958 γὰρ

327 2967 483 3023 πάλαι
514 2987 569 3023 τε
596 2969 686 3023 διὰ
713 2969 819 3023 τῶν
850 2970 1144 3041 προφητῶν
1180 2972 1271 3023 καὶ
1313 2972 1408 3024 νῦν
1458 2973 1585 3042 ὑμῖν
1624 2974 1893 3045 ἐπήγγελ-

1998 2632 2027 2669 a
2051 2618 2287 2674 mortuis
2312 2619 2615 2683 suscitabo,
2646 2628 2700 2675 et
2720 2621 3006 2689 expediam
3039 2617 3382 2688 captivitate,
3413 2624 3584 2687 atque

2000 2706 2067 2760 ad
2110 2709 2330 2780 propria
2381 2726 2831 2783 unumquemque
2871 2712 2990 2767 loca
3042 2711 3325 2766 reducam.
3369 2708 3584 2779 Quippe

2004 2800 2117 2854 luce
2157 2802 2288 2856 olim
2321 2819 2416 2873 per
2436 2805 2754 2875 prophetas,
2787 2815 2841 2860 et
2872 2820 3019 2860 nunc
3042 2802 3227 2859 denuo
3254 2803 3587 2860 collaturum

2003 2909 2089 2948 me
2118 2880 2272 2950 vobis
2298 2898 2565 2967 spondeo,
2596 2908 2655 2953 ut
2695 2899 2941 2954 veritatis
2972 2898 3400 2969 promissionum
3433 2910 3577 2952 ntea-

2002 2996 2123 3036 rum
2167 2989 2325 3043 testis
2355 2989 2509 3044 vobis
2532 2990 2603 3045 sit
2626 3005 2806 3045 rerum
2833 2990 3033 3046 exitus.

326 3076 419 3155 μαξ
449 3060 701 3134 παρέξειν
727 3103 744 3128 9
794 3061 869 3126 ὡς
906 3062 971 3116 ἂν
1010 3064 1315 3135 μαρτυρίαν
1350 3066 1447 3135 τῆς
1484 3065 1740 3138 ἀληθείας
1785 3067 1894 3122 τῶν
1942 3064 2072 3147 παρ’
2105 3079 2241 3149 ἐμοῦ
2292 3085 2786 3155 προηγορευμένων
2817 3084 2991 3154 ἔχοιτε
3025 3082 3132 3137 τῶν
3157 3081 3458 3153 γινομένων
3483 3080 3584 3153 τὴν

323 3153 536 3208 ἔκϐασιν

388 3246 528 3318 Στίχ.
556 3249 626 3318 θ’,
662 3252 717 3303 ι’.
749 3277 818 3289 -
852 3265 871 3298 ι
899 3247 1044 3322 ᾼιότι
1082 3247 1141 3300 τὸ
1175 3249 1349 3321 κρῖμά
1389 3266 1490 3319 μου
1543 3251 1621 3313 είς
1651 3267 1894 3321 συναγω-

2078 3260 2243 3318 Vens.
2291 3263 2345 3327 9,
2380 3267 2465 3320 10.
2498 3294 2564 3305 -
2599 3285 2616 3317 ι
2646 3265 2785 3332 Quia
2810 3266 3081 3336 judicium
3125 3281 3305 3322 meum
3341 3266 3409 3322 ad
3450 3280 3588 3318 conv

325 3340 420 3404 γᾶς
449 3338 623 3393 ἐθνῶν
655 3337 754 3392 τοῦ
804 3338 1147 3406 είσδέξασθαι
1181 3340 1422 3411 βασιλεῖς
1454 3340 1545 3395 τοῦ
1587 3343 1774 3415 ἐκχέαι
1808 3346 1893 3397 ἐπ’

329 3431 513 3495 αὖτοὺς
547 3432 729 3484 πᾶσαν
750 3430 921 3503 ὀργὴν
954 3428 1125 3501 θυμοῦ
1152 3448 1251 3501 μου
1272 3446 1285 3460 ’
1316 3432 1447 3486 διότι
1477 3434 1534 3484 ἐν
1565 3435 1699 3503 πυρὶ
1730 3434 1892 3505 ζήλου

336 3540 425 3590 μου
474 3522 986 3594 καταναλωθήσεται
1021 3523 1169 3575 πᾶσα
1204 3522 1237 3592 ἡ
1296 3522 1390 3592 γῆ.
1434 3544 1451 3575 ι
1498 3522 1632 3578 Τότε
1676 3526 1783 3597 γὰρ
1830 3526 1894 3597 δὴ

336 3613 554 3680 μάλιστα
583 3613 731 3684 σαφῆ
777 3613 875 3684 τὴν
914 3612 1095 3682 κρίσιν
1141 3610 1482 3685 ἐπιδείξομαι
1515 3615 1614 3686 τὴν
1648 3617 1786 3686 ἐμὴν
1830 3617 1897 3688 ἦν

334 3706 464 3778 ὑπὲρ
491 3707 646 3777 ὑμῶν
701 3705 1023 3776 ποιήσομαι,
1054 3706 1178 3769 τοὺς
1216 3706 1549 3777 πανταχόθεν
1579 3706 1897 3778 ἀθροιζομέ-

334 3814 447 3863 νους
475 3798 588 3854 τῶν
636 3797 806 3851 ἐθνῶν
841 3797 945 3851 ὑπὸ
980 3796 1253 3869 τιμωρίαν
1297 3797 1450 3866 άγων
1471 3814 1484 3827 ⁸
1534 3798 1761 3863 πολλοὺς
1791 3799 1898 3868 γάρ

333 3890 391 3961 δὴ
418 3889 669 3961 βασιλέας
695 3907 756 3944 τε
790 3892 886 3945 καὶ
915 3893 1201 3962 σατράπας
1224 3892 1319 3954 σὺν
1351 3896 1463 3956 τοῖς
1485 3890 1705 3955 οἰκείοις
1735 3908 1899 3964 στρα-

334 3983 562 4049 τοπέδοις
595 3983 690 4037 ἐπὶ
723 3983 824 4055 τὴν
854 3982 1209 4056 Ἰερουσαλὴμ
1228 3983 1538 4059 χωροῦντας
1565 3982 1893 4055 είσδέξομαι,

333 4080 592 4133 τουτέστιν
638 4079 812 4134 ἐλθεῖν
834 4080 982 4137 ἐάσω
1002 4123 1018 4148 ,
1047 4080 1187 4137 ὥστε
1217 4082 1363 4152 σαφῆ
1397 4083 1495 4153 μέν
1540 4100 1642 4153 μου
1673 4082 1770 4153 τὴν
1797 4099 1898 4153 κη·-

334 4169 571 4240 δεμονίαν
604 4171 705 4242 τὴν
736 4171 865 4243 περὶ
913 4172 1057 4241 ὑμᾶς
1101 4172 1282 4225 αὐτῶν
1336 4173 1558 4243 ποιῆσαι
1597 4172 1704 4225 τῶν
1756 4189 1901 4245 πρα-

336 4261 587 4329 γμάτωνο
651 4263 852 4336 πολλὴν
903 4264 960 4318 δέ
1025 4282 1145 4319 τινα
1183 4265 1282 4337 τὴν
1335 4267 1421 4320 ἐπ’
1480 4267 1675 4330 αὐτοὺς
1731 4268 1900 4339 ὀργὴν

335 4353 531 4424 ἐκχέαι,
570 4355 754 4410 πᾶσάν
782 4372 841 4409 τε
862 4358 1032 4428 αὐτὴν
1060 4358 1179 4412 κατ’
1212 4356 1394 4412 αὐτῶν
1428 4359 1652 4428 κινῆσαι
1672 4375 1683 4388 °
1714 4358 1902 4428 ἐπειδὴ

334 4444 519 4503 ὡσανεὶ
544 4446 634 4500 διὰ
663 4447 838 4520 πυρὸς
870 4447 1133 4503 άναλὼσω
1162 4449 1369 4512 πάντας
1401 4449 1598 4512 αὐτοὺς
1624 4448 1769 4521 ζήλῳ
1796 4450 1903 4502 τινὶ

337 4537 734 4610 λαμϐανόμενος
755 4577 771 4602 ,
798 4539 883 4592 ὅτι
917 4539 1060 4593 κατὰ
1098 4538 1210 4593 τῶν
1238 4539 1454 4594 οίκείων
1490 4540 1598 4593 τῶν
1632 4540 1779 4610 ἐμῶν
1811 4557 1901 4592 τε-

339 4594 631 4703 τολμήκασι
677 4594 967 4689 τοσοῦτον
1001 4631 1079 4702 (p.
1132 4632 1284 4703 405)
1332 4631 1478 4699 λέγει
1519 4632 1577 4685 δέ
1622 4594 1731 4686 τῶν
1776 4633 1905 4703 περὶ
1936 4594 1979 4648 D

338 4718 420 4773 τὸν
442 4720 562 4792 Γὼγ
586 4722 797 4788 ἕνεκεν,
819 4720 912 4786 οὓς
939 4721 1078 4793 μετὰ
1097 4722 1196 4794 τὴν
1218 4723 1475 4778 ἐπάνοδον
1504 4724 1931 4796 ἐπεληλυθότας..

342 4812 514 4878 αὐτοῖς
583 4814 995 4887 ἀναριθμήτους
1056 4815 1220 4879 ὄντας
1297 4815 1577 4870 ἀπώλεσεν
1636 4818 1911 4882 ἆπαντας.·

347 4916 363 4948 ι
384 4901 496 4958 Ὀτι
522 4905 646 4960 τότε
706 4908 1068 4979 μεταστρέψω
1121 4908 1216 4962 ἐπὶ
1271 4908 1433 4973 λαοὺς
1512 4910 1766 4979 γλῶσσαν
1825 4912 1907 4976 είς

342 4995 517 5061 γενεάς
568 4996 784 5060 αὐτῶν,
820 4996 915 5051 τοῦ
966 4997 1343 5053 ἐπικαλεῖσθαι
1390 5000 1595 5062 πάντας
1638 5000 1699 5053 τὸ
1736 4999 1907 5070 δνομα

342 5087 551 5159 Κυρίου,
589 5087 684 5143 τοῦ
718 5087 992 5143 δουλεύειν
1022 5089 1170 5161 αὑτῷ
1199 5090 1304 5143 ὑπὸ
1336 5078 1501 5159 ζυγὸν
1526 5091 1641 5145 ἐνα.
1671 5112 1689 5144 ι
1709 5091 1907 5163 Θαῦμα

343 5178 457 5246 γοῦν
503 5180 683 5235 κοινὸν
739 5181 989 5242 ἅπαντας
1031 5179 1260 5253 λήψεται
1311 5184 1437 5246 τοὺς
1488 5184 1764 5252 πανταχοῦ
1797 5183 1905 5237 τῶν

341 5270 630 5344 ἀνθρώπων
676 5275 771 5327 ἐπὶ
819 5275 885 5344 τῇ
935 5273 1214 5344 καινότητι
1253 5274 1360 5328 τῶν
1400 5277 1718 5346 γινομένων,
1764 5277 1904 5330 ὥστε

341 5362 525 5418 ὡσανεὶ
573 5366 673 5437 μιᾷ
713 5363 932 5437 γλώττῃ
975 5363 1349 5434 κεχρημένους
1377 5367 1503 5429 τοὺς
1530 5369 1588 5421 ἐν
1632 5367 1906 5439 διαφόροις

335 5468 390 5505 τε
413 5454 758 5521 καθεστῶτας
788 5456 993 5519 τόποις,
1030 5457 1124 5510 καὶ
1149 5458 1230 5520 είς
1253 5457 1484 5528 διάφορα
1517 5458 1901 5525 συντελοῦντας

334 5543 478 5617 ἔθνη,
501 5547 808 5617 συμφώνως
833 5546 965 5600 Θεόν
995 5564 1052 5599 τε
1087 5548 1367 5617 ὁμολογεῖν
1403 5550 1490 5603 τὸν
1528 5550 1635 5603 τῶν
1691 5552 1903 5623 Ἰσραη-

331 5635 489 5690 λιτῶν
515 5638 666 5702 Θεὸν.
705 5638 896 5708 ῶσπερ
930 5638 1019 5704 ὑφ’
1054 5638 1134 5692 ἐνὶ
1174 5638 1323 5709 ζυγῴ
1368 5641 1570 5704 πάντας
1602 5643 1904 5696 καταστάν-

337 5741 433 5790 τας
475 5730 810 5802 μακαριστὴν
853 5728 1104 5800 ἡγεῖσθαι
1149 5732 1246 5803 τὴν
1289 5732 1378 5783 ὑπ’
1427 5732 1573 5803 αὑτῷ
1627 5733 1904 5797 δουλείαν,

2004 3356 2350 3425 gregationes
2379 3359 2644 3428 gentium,
2683 3367 2742 3414 ut
2776 3360 3072 3429 eorripiam
3101 3374 3280 3431 reges,
3311 3366 3372 3412 ut
3405 3357 3586 3412 eiun-

2003 3444 2127 3498 dam
2179 3460 2345 3515 super
2394 3462 2491 3502 eos
2555 3456 2726 3502 totam
2773 3449 2910 3503 iram
2947 3448 3155 3504 furoris
3179 3450 3307 3513 mei,
3349 3448 3477 3516 quia
3530 3448 3587 3501 in

2006 3534 2128 3603 igne
2171 3537 2272 3591 zeli
2323 3553 2425 3591 mei
2470 3546 2828 3593 consumetur
2857 3540 3113 3594 universa
3158 3546 3326 3593 terra.
3373 3556 3392 3589 ι
3430 3534 3591 3592 Tunc

2005 3628 2243 3681 maxime
2278 3629 2538 3683 ultionem
2572 3644 2746 3686 meam
2777 3629 3123 3685 manifestam
3149 3628 3399 3695 reddam,
3421 3644 3587 3701 quam

2008 3730 2107 3784 pro
2140 3717 2296 3771 vobis
2330 3716 2582 3774 facturus
2614 3734 2759 3783 sum,
2799 3735 2924 3774 eum
2968 3727 3160 3789 gentes
3186 3718 3429 3790 undique
3455 3735 3587 3774 coa-

2006 3818 2256 3862 cervatas
2283 3822 2456 3877 poenae
2487 3809 2802 3879 subjiciam.
2833 3809 3033 3866 Multos
3070 3810 3218 3865 enim
3247 3826 3400 3881 reges
3426 3818 3589 3880 atque

2008 3907 2256 3968 satrapas
2307 3914 2431 3954 cum
2477 3900 2595 3957 suis
2647 3902 2982 3960 exercitibus
3018 3901 3282 3960 adversus
3324 3903 3584 3959 Hierusa-

2010 3990 2114 4043 lem
2154 3989 2428 4045 irruentes
2454 3992 2745 4060 excipiam,
2770 3992 2823 4047 id
2848 4000 2934 4048 est
2957 3993 3144 4049 venire
3171 3992 3503 4063 permittam,
3527 3999 3590 4047 ut

2009 4095 2184 4135 meum
2236 4094 2362 4134 mox
2412 4096 2540 4152 erga
2582 4097 2680 4138 vos
2720 4083 2945 4138 tutelam
2987 4083 3152 4139 rebus
3185 4084 3320 4154 ipsis
3364 4083 3589 4140 demon-

2009 4178 2177 4225 strem
2228 4190 2241 4226 :
2294 4172 2518 4227 multam
2564 4173 2620 4227 in
2686 4190 2781 4228 eos
2829 4174 2967 4229 iram
3011 4174 3310 4241 effundam,
3366 4182 3629 4246 totoque.

2010 4263 2215 4333 impetu
2282 4263 2649 4333 iutorquebo.
2712 4266 2839 4335 quia
2896 4274 3158 4337 tanquam
3214 4267 3339 4339 igne
3394 4282 3591 4323 omnes

2010 4369 2334 4411 consumam
2361 4358 2480 4411 zelo
2510 4357 2748 4428 quodam
2780 4367 3092 4429 correptus,
3124 4368 3408 4431 propterea
3441 4360 3587 4430 quod

2010 4454 2197 4500 contra
2231 4447 2491 4517 populum
2528 4464 2705 4503 meum
2744 4450 2871 4503 talia
2919 4452 3036 4505 ausi
3071 4459 3220 4506 sunt.
3257 4450 3485 4520 Insuper
3520 4451 3590 4505 de

2012 4536 2148 4608 Gogi
2204 4554 2424 4608 quoque
2476 4540 2809 4596 exercitibus
2868 4541 3034 4595 verba
3096 4540 3246 4603 facit,
3291 4554 3430 4609 quos
3466 4551 3589 4609 post

2011 4630 2384 4688 lsraelitarum
2415 4632 2650 4688 reditum
2697 4649 2822 4688 cum
2870 4633 3081 4687 infinito
3125 4645 3353 4687 numero
3401 4632 3588 4687 incur-

2009 4723 2218 4777 sionem
2264 4721 2527 4778 facientes
2573 4722 2831 4793 perdidit.
2873 4741 2889 4772 ι
2924 4722 3062 4788 Quia
3108 4728 3241 4776 tunc
3273 4731 3589 4777 convertam

2012 4830 2179 4880 super
2211 4815 2444 4885 populos
2474 4814 2715 4886 linguam
2762 4815 2816 4869 in
2866 4814 3250 4885 generationes
3281 4828 3497 4879 eorum,
3531 4824 3593 4868 nt

2008 4904 2264 4960 invocent
2302 4920 2495 4962 omnes
2542 4922 2739 4960 nomen
2777 4905 3012 4971 Domini,
3046 4904 3216 4976 ηθθ
3263 4914 3323 4961 ιιι
3371 4904 3421 4959 ei
3471 4913 3593 4957 tan—

2011 5011 2175 5065 quam
2231 5012 2340 5051 uno
2389 4998 2493 5053 sub
2522 4998 2654 5069 jugo
2703 4998 2966 5054 serviant.
3002 5017 3021 5049 ι
3054 4995 3361 5052 Ᾱάωἰιιιιίο
3399 5012 3595 5051 omnes

2010 5089 2320 5143 communis
2359 5090 2616 5160 corripiet
2648 5090 2848 5160 ubique
2888 5090 3155 5160 gentium,
3185 5095 3410 5157 propter
3438 5096 3592 5140 acta-

2008 5194 2130 5232 rum
2188 5196 2367 5233 rerum
2434 5182 2750 5244 novitatem,
2798 5182 2870 5235 ita
2924 5189 2983 5234 ut
3030 5180 3215 5233 cuncti
3271 5196 3377 5233 ttna
3425 5178 3589 5233 veluti

2012 5273 2192 5341 lingua
2245 5280 2485 5337 utentes,
2532 5274 2626 5343 qui
2674 5273 2908 5329 diversis
2956 5272 3209 5327 habitant
3251 5272 3588 5341 regionibus,

2009 5374 2061 5416 et
2087 5364 2143 5417 in
2171 5364 2354 5418 varias
2386 5363 2546 5419 scissi
2576 5371 2705 5419 sunt
2728 5375 2940 5434 gentes,
2973 5379 3079 5417 una
3105 5378 3236 5417 voce
3262 5361 3432 5417 Deum
3465 5378 3587 5418 ess:

2009 5455 2395 5521 confiteantur,
2446 5454 2814 5511 lsraelitarum
2853 5453 3045 5518 Deum,
3089 5464 3142 5509 et
3184 5463 3443 5526 tanquam
3495 5456 3585 5507 nni

2007 5549 2140 5616 jugo
2200 5545 2430 5616 subjecti
2495 5546 2712 5600 beatum
2774 5546 3091 5600 existiment
3138 5542 3184 5599 ei
3230 5543 3467 5605 servire,
3523 5560 3586 5599 ea

2014 5640 2269 5693 nimirum
2303 5638 2561 5694 beneﬁcia
2593 5646 2878 5694 cernentes
2910 5638 3109 5709 quibus
3140 5652 3239 5708 ego
3272 5653 3367 5691 vos
3392 5636 3584 5705 digna-

2013 5739 2168 5786 turus
2216 5747 2353 5787 sum.
2392 5750 2408 5780 ι
2447 5730 2626 5802 Usque
2656 5747 2684 5785 ιι
2729 5731 2924 5788 ﬁnibus
2970 5732 3251 5788 [luminum
3295 5724 3589 5796 Δίιιιὶυμὶιυ
