4022 6138
475 272 582 327 675

1677 272 2023 329 THEODORI
2077 270 2557 332 MOPSUESTEM

3653 268 3761 326 476

479 407 611 447 num
645 406 769 447 reos
807 405 962 462 aeque
1006 390 1407 462 obiurgabam;
1465 391 1693 461 adiectis
1735 392 2060 463 impenden—

2167 393 2532 463 παρανομίαις
2557 390 2871 460 ἐλέγχοντες
2902 384 2989 453 αἷς
3030 387 3414 458 διεπράττοντο
3452 385 3761 450 ποικίλως-ο

480 489 614 544 tium
654 489 921 544 malorum
956 486 1141 550 minis,
1165 483 1210 539 si
1241 485 1360 539 sine
1407 485 1730 554 pcenitentia
1776 485 2063 553 delinque-

481 583 604 632 rent
637 596 651 633 :
681 592 781 632 ceu
806 590 996 646 reapse
1017 574 1125 628 illis
1152 573 1374 637 accidit,
1429 573 1616 627 decem
1650 573 1858 628 scilicet
1889 573 2066 643 primo

480 667 737 722 tribubus
763 667 830 721 ab
857 665 1121 737 Assyriis,
1156 664 1354 720 deinde
1378 672 1382 676 '
1403 661 1558 731 Judte
1611 663 1777 718 tribtti
1809 678 1839 717 a
1893 662 2065 735 Baby-

483 759 664 813 loniis.
700 756 805 812 Sed
834 765 1014 811 tamen
1043 771 1168 811 cum
1214 756 1300 810 his
1346 755 1794 825 przedietionibus
1849 753 2062 809 felicem

481 865 698 923 quoque
725 865 908 905 rerum
945 850 1357 905 conversionem
1392 846 1732 919 spondebant
1767 845 2061 916 prophetae,

480 958 677 1014 nempe
705 942 851 1014 quod
894 942 1127 1013 populus
1171 940 1490 1011 captivitate
1537 937 1824 1007 expeditus
1855 937 1910 991 in
1968 952 2065 1007 pa-

482 1035 643 1090 triam
710 1049 1034 1090 reversurus
1112 1041 1277 1088 esset.
1341 1031 1537 1086 Beatus
1597 1042 1778 1085 autem
1859 1028 2063 1084 Abdias

483 1139 674 1196 poenas
724 1124 972 1180 ldumaais
1021 1124 1169 1177 circa
1205 1122 1412 1176 reditus
1469 1127 1683 1189 tempus
1740 1117 2062 1189 inﬂigendas

483 1223 690 1271 narrat.
729 1214 930 1271 Beatus
960 1213 1130 1271 Jonas
1173 1211 1445 1269 excidium
1505 1208 1765 1266 Ninivitis
1798 1209 2059 1273 minatur,

484 1306 587 1361 nisi
652 1320 683 1360 α
730 1320 829 1361 sua
890 1305 1095 1359 malitia
1150 1301 1499 1373 resipuerint.
1548 1300 1747 1356 Beatus
1784 1299 2064 1355 Nahumus

482 1394 706 1452 Ninives
759 1396 1125 1457 obsidionem,
1158 1391 1509 1462 universique
1539 1391 1753 1461 imperii
1803 1391 2062 1462 Assyrio-

482 1501 602 1538 rmn
635 1485 975 1541 eversionem
1000 1484 1267 1555 praecinit,
1296 1497 1457 1553 quam
1477 1498 1505 1535 a
1534 1481 1842 1553 Babyloniis
1870 1496 2063 1551 exper-

481 1575 591 1628 turi
623 1583 798 1629 erant.
826 1575 976 1631 Beati
1023 1574 1298 1644 prephetm
1326 1572 1625 1627 Abacucus'
1648 1587 1712 1627 ac
1752 1571 2062 1642 Sophonias

482 1673 834 1737 posteaquam
907 1666 1094 1720 decem
1164 1664 1346 1720 tribus
1406 1664 1616 1735 Assyrii
1662 1663 1775 1733 iam
1819 1664 2060 1735 populati

2169 483 2550 554 προστιθέντες
2593 482 2649 535 δέ
2700 483 2793 535 καὶ
2824 481 2891 534 τά
2924 481 3063 550 ὑπὲρ
3095 478 3301 532 τούτων
3334 478 3518 541 αύτοίς
3544 479 3759 547 ἀμεταο

2167 579 2374 643 νοήτως
2405 574 2655 627 πταίουσι
2684 572 3075 643 συμϐησόμενα
3102 569 3270 633 κακά,
3298 570 3366 623 τά
3391 585 3451 621 τε
3480 570 3603 631 ταῖς
3625 567 3763 621 δέκα

2168 665 2360 733 φυλαῖς
2406 665 2669 736 πρότερον
2706 664 2809 717 ὑπὸ
2849 663 2960 715 τῶν
3001 661 3301 733 ’Δσσυρίων
3339 660 3641 731 συμϐάντα,
3666 660 3765 712 καί

2166 754 2234 807 τὰ
2284 758 2395 818 τοῖς
2444 753 2539 807 τοῦ
2586 753 2753 807 Ἰούδα
2791 751 2964 822 φυλῆς
2996 751 3101 805 ὑπὸ
3138 749 3497 803 Βαϐυλωνίων
3528 747 3764 818 ὕστερον

2164 845 2426 915 γεγονότα
2452 863 2465 877 ⁸
2502 839 2583 908 οἷς
2613 863 2720 913 περ
2745 841 2837 898 οὖν
2862 845 2954 898 καί
2975 844 3072 914 τὴν
3102 843 3194 895 ἐπὶ
3223 841 3284 895 τὸ
3312 843 3556 912 κρεῖττον
3580 842 3764 894 αὐτῶν

2169 937 2468 1007 μεταϐολὴν
2488 937 2853 1006 ἐπισυνῆπτον
2872 937 2992 997 ταῖς
3024 934 3362 1004 προρρήσεσι
3380 934 3500 995 ταῖς
3523 931 3759 991 ἑαυτῶν,

2165 1031 2244 1084 δτι
2262 1032 2323 1083 τε
2338 1030 2632 1100 ἀφεθέντες
2654 1030 2754 1100 τῆς
2767 1027 3146 1099 αἰχμαλωσίας
3160 1027 3251 1079 ἐπὶ
3270 1025 3369 1096 τὴν
3393 1024 3575 1096 χώραν
3597 1024 3764 1077 πάλιν

2165 1122 2539 1175 ἀνελεύσονται
2557 1122 2654 1192 τὴν
2676 1122 2901 1175 οἰκείαν.
2920 1119 3129 1173 Ἀϐδιοῦ
3156 1118 3254 1190 μὲν
3270 1116 3362 1170 τοῦ
3380 1116 3646 1188 μακαρίου
3659 1114 3763 1188 τὴν

2177 1212 2494 1287 Ἰδουμαίοις
2512 1213 2652 1267 κατὰ
2667 1213 2757 1266 τὸν
2775 1213 2873 1282 τῆς
2886 1211 3147 1266 ἐπανόδου
3166 1211 3359 1283 καιρὸν
3378 1210 3763 1281 έπαχθησομέ-

2164 1319 2261 1373 νην
2271 1302 2519 1372 λέγοντος
2536 1303 2805 1375 τιμωρίαν
2826 1319 2841 1333 ο
2870 1303 3026 1356 Ἰωνᾶ
3052 1300 3109 1355 δέ
3126 1300 3221 1354 τοῦ
3244 1301 3516 1373 μακαρίου
3534 1301 3629 1373 τὴν
3655 1318 3763 1354 κα-

2163 1393 2473 1466 ταστροφὴν
2491 1393 2882 1465 ἀπειλήσαντος
2912 1392 3240 1455 Νινευΐταις,
3266 1393 3315 1444 εἰ
3344 1392 3421 1464 μὴ
3437 1393 3530 1463 τῆς
3551 1392 3762 1446 ἑαυτῶν

2168 1483 2552 1553 μεταϐάλοιντο
2614 1484 2846 1548 κακίας·
2909 1484 2985 1554 (p.
3043 1484 3170 1555 410)
3227 1484 3322 1538 τοῦ
3373 1484 3643 1555 μακαρίου
3695 1484 3761 1537 δὲ

2163 1575 2358 1645 Ναοὺμ
2413 1575 2599 1644 σαφῶς
2648 1577 2747 1647 τήν
2802 1592 2862 1629 τε
2912 1576 3228 1649 πολιορκίαν
3257 1577 3355 1647 τῆς
3401 1575 3623 1646 Νινευὴ,
3663 1576 3761 1629 καὶ

2164 1666 2265 1738 τὴν
2300 1665 2618 1738 καθαίρεσιν
2640 1668 2859 1739 ἀπάσης
2886 1668 2983 1747 τῆς
3016 1667 3125 1722 τῶν
3154 1667 3455 1740 Ἀσσυρίων
3478 1667 3763 1739 βασιλείας

484 1732 722 1821 l‘uerant,
753 1759 978 1829 suisque
1007 1758 1231 1814 sedibus
1302 1732 1556 1826 abreptas
1591 1757 1643 1809 in
1666 1732 2060 1841 captivitatem

2169 1732 2483 1828 μηνύοντος-
2519 1732 2825 1830 προδήλως,
2867 1732 2950 1830 ήνῗ
2983 1758 3090 1812 ὑπὸ
3135 1732 3494 1813 Βαϐυλωνίων
3532 1758 3761 1829 ἔμελλον

479 1851 902 1912 transtulerant,
938 1849 1091 1905 Iuda:
1129 1850 1355 1915 tribum,
1386 1865 1508 1919 qum
1535 1849 1651 1903 sola
1678 1855 1798 1902 erat
1830 1847 2062 1917 reliqua,

2167 1848 2478 1919 ὑπομένειν.
2527 1849 2850 1920 Ἀμϐακοὺμ
2885 1850 2943 1903 δέ
2975 1851 3070 1904 καὶ
3108 1850 3370 1921 Σοφονίας
3412 1851 3462 1903 οἱ
3498 1850 3761 1923 μακάριοι

480 1943 738 2011 civesque
790 1941 943 1996 urbis
1001 1940 1504 2010 Hierosolymorum
1535 1939 1602 1993 de
1650 1937 2063 2006 suainiquitate

2168 1941 2442 2009 προφῆται
2459 1940 2559 2012 ἤδη
2589 1941 2696 1994 τῶν
2732 1942 2790 1994 ἐν
2814 1944 2934 2006 ταῖς
2955 1941 3085 1996 δέκα
3102 1941 3294 2012 φυλαῖς
3307 1939 3762 2013 ὲκπορθηθέντων

483 2032 771 2101 legumque
810 2033 1101 2087 violatione
1150 2041 1477 2102 coarguunt,
1530 2039 1694 2098 atque
1753 2028 2063 2083 adfuturam

2167 2046 2224 2082 τε
2261 2029 2366 2082 ὑπὸ
2392 2031 2501 2084 τῶν
2539 2032 2846 2104 Ἀσσυρίων
2878 2033 2974 2087 καὶ
3001 2032 3244 2102 παντελῆ
3265 2034 3365 2106 τήν
3392 2051 3452 2087 τε
3478 2033 3765 2105 αἰχμαλω-

481 2124 637 2178 aiunt
686 2138 716 2176 a
763 2123 1078 2195 Babyloniis
1141 2126 1426 2187 ultionem,
1474 2123 1617 2178 haud
1664 2121 1913 2193 equidem
1943 2136 2063 2178 sero

2169 2119 2288 2173 σίαν
2310 2122 2404 2175 καὶ
2431 2120 2530 2193 τὴν
2568 2124 2632 2176 ἐκ
2666 2123 2775 2177 τῶν
2812 2124 2995 2180 τόπων
3024 2123 3133 2178 τῶν
3174 2124 3390 2179 οἰκείων
3429 2126 3764 2196 μετάστασιν

482 2215 637 2284 pede,
673 2215 767 2271 sed
819 2217 922 2285 iam
967 2218 1293 2286 proximam,
1339 2232 1464 2271 cum
1495 2216 1758 2271 malorum
1792 2215 2061 2279 omnium,

480 2320 603 2374 qua:
625 2305 880 2375 pra-dicta
899 2305 1132 2371 fuerant,
1161 2309 1386 2363 cohorte
1423 2325 1435 2361 :
1467 2317 1519 2362 et
1548 2321 1679 2362 sane
1699 2306 2064 2375 propinquum

481 2411 665 2450 rerum
691 2398 897 2451 exitum
931 2396 1237 2469 Sophouias
1260 2397 1521 2468 propheta
1543 2398 1711 2451 canit.

2167 2210 2495 2282 δεξαμένων,
2530 2215 2657 2279 τοὺς
2691 2216 2792 2286 τῆς
2839 2216 3009 2271 ’ἰούδα
3067 2217 3239 2288 φυλῆς
3275 2219 3489 2290 μόνους,
3523 2217 3650 2282 τούς
3699 2236 3765 2272 τι

2170 2302 2262 2355 ἐπὶ
2294 2304 2394 2373 τῆς
2428 2305 2786 2379 Ἰερουσαλὴμ
2841 2308 3145 2373 οἰκοῦντας,
3195 2309 3289 2363 ἐπὶ
3333 2312 3451 2374 ταῖς
3484 2308 3765 2374 ἀσεϐείαις

2172 2396 2353 2451 αὐτῶν
2381 2397 2662 2470 ἐλέγχουσι
2686 2401 2779 2453 καὶ
2812 2403 2933 2464 ταῖς
2962 2400 3351 2473 παρανομίαις,
3381 2400 3630 2470 λέγοντες
3660 2399 3765 2475 τὴν

479 2487 568 2543 διὰ
594 2489 701 2543 τῶν
724 2491 1077 2546 Βαϐυλωνίων
1112 2493 1205 2545 ἐπὶ
1230 2492 1440 2556 τούτοις
1459 2489 1910 2562 ἐπαχθησομένην
1941 2490 2124 2554 αὐτοῖς
2147 2492 2297 2562 παρά
2318 2495 2411 2546 τοῦ
2444 2494 2579 2548 Θεοῦ
2601 2495 2893 2568 τιμωρίαν,
2922 2497 2982 2549 οὐ
3022 2495 3160 2566 μετὰ
3194 2494 3362 2550 πολύν
3395 2513 3458 2565 γε
3491 2497 3766 2567 ἐσομένην

479 2582 571 2635 τὸν
600 2582 808 2653 χρόνον,
834 2584 948 2638 ἀλλ’
973 2584 1047 2648 ὡς
1087 2583 1213 2638 εὐθύ
1250 2602 1313 2653 γε
1336 2585 1430 2637 καὶ
1465 2582 1803 2655 παραχρῆμα
1828 2582 1935 2634 τῶν
1966 2581 2321 2652 μηνυομένων
2352 2585 2539 2639 κακῶν
2562 2589 3004 2658 ἐπελευσομένων
3038 2589 3218 2653 αὐτοῖς
3242 2588 3519 2653 ἀπάντων,
3545 2589 3638 2641 καὶ
3663 2589 3764 2658 ἐγ-

480 2668 718 2749 γύτέραν
741 2693 802 2745 γε
824 2677 932 2730 τῶν
966 2677 1240 2748 ἐσομένων
1268 2675 1366 2747 τὴν
1389 2674 1614 2729 ἔκϐασιν
1637 2673 1894 2743 Σοφονίου
1929 2671 2223 2743 μηνύοντος
2251 2675 2468 2729 ἔσεσθαι
2498 2677 2590 2731 τοῦ
2622 2680 2923 2750 προφήτου.
3306 2672 3311 2677 ’

550 2771 715 2843 2'70
744 2771 944 2828 Beatus
973 2788 1101 2827 vero
1132 2773 1362 2843 Aggazus
1397 2771 1685 2843 propheta,
1730 2770 1889 2839 cujus
1916 2786 2062 2826 nunc

479 2864 807 2935 explanandi
861 2880 984 2920 cum
1033 2864 1125 2919 Dei
1156 2865 1329 2935 gratia
1371 2864 1660 2920 consilium
1694 2879 1723 2917 a
1751 2864 1909 2919 nobis
1942 2880 2064 2918 sus-

2252 2771 2505 2841 ’Δγγαῖος
2542 2771 2597 2825 δέ
2620 2774 2648 2825 6
2676 2770 2951 2845 μακάριος
2977 2773 3283 2844 προφήτης,
3308 2764 3367 2828 οὗ
3391 2771 3457 2844 δὴ
3472 2773 3763 2850 πρόκειται

2170 2860 2266 2913 νῦν
2291 2863 2423 2932 ἡμῖν
2461 2861 2597 2917 Θεοῦ
2652 2863 2833 2935 χάριτι
2888 2862 3159 2917 ποιεῖσθαι
3197 2863 3297 2935 τὴν
3339 2865 3656 2937 σαφήνειαν,
3694 2867 3759 2919 οὐ

480 2964 697 3026 ceptum
714 2963 819 3021 est,
852 2955 1169 3011 vaticinium
1192 2972 1351 3010 suum
1376 2971 1482 3010 non
1514 2956 1676 3010 modo
1703 2956 1847 3010 circa
1882 2971 2063 3010 recen-

2168 2950 2268 3021 τῆς
2322 2952 2700 3025 αἰχμαλωσίας
2752 2953 2912 3023 μόνον
2967 2954 3066 3025 ἤδη
3120 2956 3496 3027 γεγενημένης
3530 2954 3628 3026 τῆς
3649 2958 3759 3011 ὑπὸ

480 3054 590 3100 tem
623 3043 1123 3117 Hierosolymorum
1168 3062 1198 3100 a
1239 3044 1556 3117 Babyloniis
1583 3055 1864 3116 captorum
1913 3047 2059 3101 cala—

482 3134 728 3188 mitatem
779 3133 941 3200 facit;
991 3150 1178 3189 verum
1211 3135 1373 3188 etiam
1415 3135 1627 3191 solutos
1658 3136 1769 3205 iam
1802 3136 2061 3191 servitute

484 3226 781 3289 lsraelitas,
839 3234 1003 3295 atque
1046 3228 1098 3281 in
1132 3227 1363 3297 patriam
1407 3239 1601 3298 praeter
1627 3244 1840 3283 omnem
1872 3230 2061 3283 huma-

484 3334 610 3372 nam
662 3334 812 3389 spem
870 3318 966 3373 Dci
999 3320 1173 3390 gratia
1209 3321 1514 3383 restitutos,
1572 3321 1818 3376 oratiOne
1849 3338 1946 3377 sua
1977 3338 2062 3376 re-

480 3406 651 3460 duces
674 3406 992 3476 alloquitur,
1021 3410 1112 3467 qui
1145 3409 1198 3461 in
1245 3408 1480 3477 prepriis
1508 3410 1717 3464 laribus
1767 3413 2063 3468 versaban-

486 3514 595 3567 tur,
615 3509 874 3570 tantoque
889 3498 1150 3559 beneﬁcio
1169 3498 1492 3556 mirabiliter
1505 3497 1590 3552 usi
1626 3498 1837 3554 fuerant
1854 3517 1871 3568 ;
1900 3509 2062 3570 atque

480 3601 674 3640 eorum
726 3586 780 3641 in
812 3588 999 3658 templi
1037 3588 1398 3646 aediﬁcatione
1429 3590 1713 3660 segnitiem
1762 3591 2014 3667 obiurgat
2045 3613 2057 3649 :

482 3678 627 3746 quod
677 3679 938 3750 templum
976 3689 1037 3735 ut
1081 3680 1465 3748 aediﬁcaretur,
1491 3683 1638 3738 haud
1691 3684 1942 3755 equidem
1976 3687 2059 3740 sui

483 3778 878 3825 eausatantam
908 3787 1094 3827 curam
1147 3775 1371 3843 gerebat
1409 3775 1577 3840 Deus,
1610 3778 1700 3847 qtti
1728 3780 2060 3849 caateroquin

483 3861 561 3914 ait
590 3879 604 3914 :
638 3879 656 3912 t
697 3862 911 3917 Caelum
939 3865 1068 3919 mihi
1097 3868 1349 3933 thronus,
1374 3876 1519 3923 terra
1546 3879 1727 3925 autem
1763 3872 2060 3927 scabellum

483 3951 679 4020 pedum
714 3970 980 4010 meorum.
1036 3956 1167 4025 Quae
1215 3968 1301 4015 est
1333 3961 1437 4015 ista
1483 3962 1680 4016 domus
1711 3979 1872 4029 quam
1926 3965 2059 4018 mihi

482 4043 786 4104 :edilicatis,
820 4047 896 4100 ait
933 4045 1215 4116 Dominus;
1247 4061 1342 4104 aut
1363 4050 1614 4120 quisnam
1658 4052 1808 4106 locus
1860 4054 2062 4123 quietis

484 4148 619 4187 mea!
649 4134 728 4187 ³³⁸1
762 4153 781 4186 ι
824 4135 1076 4193 Profecto
1119 4140 1254 4193 nihil
1298 4156 1404 4196 non
1461 4157 1687 4211 parvum
1724 4151 1829 4207 est,
1862 4145 1908 4199 si
1941 4159 2063 4215 quae

484 4222 724 4279 diximus
747 4239 871 4279 cum
916 4226 1009 4282 Dei
1057 4230 1431 4299 magnitudine
1478 4240 1882 4301 comparentur,
1941 4251 2063 4304 qua:

2167 3041 2521 3096 Βαϐυλωνίων
2554 3048 2667 3109 τοῖς
2717 3044 2859 3098 κατὰ
2907 3045 3005 3115 τὴν
3040 3046 3398 3118 Ἰερουσαλὴμ
3425 3047 3760 3120 ἐπαχθείσης

2165 3136 2396 3207 ποιεῖται
2435 3135 2534 3207 τὴν
2581 3136 2941 3205 προφητείαν,
2990 3135 3123 3189 ἀλλὰ
3167 3137 3275 3208 γὰρ
3324 3137 3760 3207 ἀπαλλαγέντων

2166 3226 2264 3296 μὲν
2284 3225 2393 3279 τῶν
2431 3225 2782 3297 Ἰσραηλιτῶν
2808 3226 2907 3298 ἤδη
2935 3227 3034 3297 τῆς
3061 3227 3458 3299 αἰχμαλωσίας,
3486 3230 3759 3296 ἐπανελη-

2162 3315 2401 3370 λυθότων
2449 3316 2507 3369 δέ
2560 3315 2724 3370 πάλιν
2777 3317 2857 3379 εἰς
2883 3316 2982 3387 τὴν
3028 3316 3211 3388 χώραν
3249 3316 3347 3388 τὴν
3373 3318 3577 3389 οἰκείαν
3604 3321 3760 3391 παρᾶ

2162 3410 2344 3462 πᾶσαν
2373 3408 2716 3478 ἀνθρωπίνην
2754 3406 2945 3461 ἐλπίδα
2977 3408 3161 3478 χάριτι
3205 3408 3352 3480 Θείᾳ,
3387 3409 3465 3480 (p.
3496 3411 3620 3478 411)
3642 3413 3761 3475 τοῖς

2162 3500 2340 3569 λόγοις
2369 3500 2633 3570 κέχρηται
2652 3501 2765 3562 τοῖς
2787 3498 3028 3561 οἰκείοις,
3050 3499 3176 3562 τοὺς
3196 3498 3668 3567 ἐπανεληλυθότας
3695 3517 3758 3554 τε

2165 3593 2258 3646 καὶ
2293 3592 2387 3644 ἐπὶ
2433 3590 2534 3660 τῆς
2587 3591 2795 3652 οἰκείας
2828 3590 3116 3657 διάγοντας
3148 3588 3334 3660 χώρας
3359 3589 3460 3660 τῆς
3486 3589 3759 3661 τοσαύτης

2165 3685 2385 3754 χάριτος
2410 3680 2729 3753 παραδόξως
2762 3679 3131 3751 τετυχηκότας
3155 3679 3394 3752 ἐλέγχων
3415 3680 3508 3733 ἐπὶ
3536 3683 3601 3752 τῇ
3628 3684 3760 3753 περί⁸

2162 3776 2263 3844 τὴν
2292 3773 2579 3844 οἰκοδομὴν
2629 3772 2724 3826 τοῦ
2754 3770 2883 3827 ναοῦ
2916 3770 3162 3843 ῥᾳθυμίᾳ
3184 3787 3199 3803 ο
3241 3766 3302 3826 οῦ
3332 3772 3431 3842 τῆς
3464 3772 3759 3843 οἰκοδομῆς

2163 3867 2428 3938 πρόδηλον
2451 3866 2525 3929 ὡς
2538 3866 2636 3936 οὐχ
2675 3862 2870 3918 ἑαυτοῦ
2894 3880 2957 3932 γε
2982 3864 3169 3917 ἕνεκεν
3196 3859 3310 3933 εἶχε
3336 3864 3596 3935 φροντίδα
3626 3864 3765 3918 πολε

2126 3988 2133 3993 ~
2161 3956 2259 4027 λὴν
2290 3957 2318 4008 6
2348 3955 2500 4017 Θεὸς,
2531 3954 2606 4016 ὡς
2636 3953 2797 4014 αὐτὸς
2842 3951 2970 4022 περί
2999 3948 3194 4003 ἐαυτοῦ
3224 3966 3419 4019 φησιν’
3459 3968 3477 4001 t
3500 3949 3559 4003 Ὀ
3591 3950 3765 4021 ούρα-

2162 4049 2248 4111 νόι,
2286 4063 2373 4117 μοι
2413 4046 2633 4115 θρόνος,
2661 4047 2693 4114 ή
2724 4044 2782 4096 δέ
2810 4044 2881 4115 γῆ
2919 4041 3207 4097 ὑποπόδιον
3249 4039 3360 4094 τῶν
3400 4040 3575 4094 ποδῶν
3613 4059 3718 4111 μου
3743 4061 3757 4072 ·

2163 4142 2317 4193 ποῖον
2341 4137 2531 4190 τοῦτον
2554 4131 2704 4188 οἷκον
2732 4133 3118 4206 οἰκοδομήσετέ
3149 4149 3262 4203 μοι,
3287 4131 3437 4199 λέγει
3455 4132 3693 4205 Κύριος;
3723 4133 3759 4202 ἢ

2162 4231 2244 4292 τίς
2271 4229 2434 4292 τόπος
2455 4228 2554 4298 τῆς
2568 4225 3083 4295 καταπαύσεώςμου
3110 4224 3261 4288 ἐστί;
3299 4243 3318 4275 ι
3353 4222 3625 4292 Καίτοιγε
3664 4242 3762 4294 μι-

484 4327 573 4368 res
596 4328 788 4371 omnes
814 4326 1026 4375 creatas
1052 4327 1280 4384 tantum.
1304 4325 1536 4392 excedit,
1561 4335 1826 4396 quantum
1856 4327 2062 4383 homini

2170 4322 2299 4394 κρδν
2329 4320 2421 4374 καὶ
2452 4319 2631 4382 τοῦτο,
2670 4320 2718 4371 εἰ
2749 4317 2885 4390 πρὸς
2910 4317 2971 4371 τὸ
2994 4315 3221 4387 μέγεθος
3245 4315 3313 4369 τὰ
3335 4315 3601 4387 εἰρημένα
3624 4332 3761 4369 σκο-

486 4419 589 4459 nec
619 4404 718 4461 fari
784 4409 926 4464 licet.
979 4409 1366 4470 Verumtamen
1422 4414 1702 4479 Deus,eui
1752 4418 2059 4473 animarum

485 4510 617 4549 cura
659 4505 764 4562 est,
791 4499 1156 4557 lsraelitarum
1181 4506 1361 4575 potius
1383 4523 1550 4562 causa
1580 4507 1645 4561 de
1679 4510 1862 4580 templi
1899 4510 2065 4564 aedili-

484 4587 701 4643 catione
739 4596 1020 4659 tantopere
1048 4592 1348 4647 laborabat.
1387 4592 1520 4648 Nam
1540 4594 1665 4663 quia
1708 4594 1762 4649 in
1791 4596 2065 4651 mandatis

484 4678 727 4745 dederat,
760 4688 819 4734 ut
867 4696 932 4736 eo
965 4683 1018 4736 in
1072 4683 1192 4737 loco
1222 4684 1534 4754 temploque
1585 4688 1901 4755 congregati
1938 4703 2067 4742 con-

485 4786 682 4840 gruum
716 4772 972 4843 legitimis
1018 4774 1459 4830 institutionibus
1485 4777 1690 4830 cultum
1720 4777 1822 4831 sibi
1854 4777 2067 4846 persol-

486 4870 715 4930 verent;
755 4872 918 4934 atque
967 4858 1053 4918 his
1112 4867 1457 4921 caeremoniis
1483 4867 1727 4921 exerceri
1776 4884 1805 4922 a
1865 4870 2066 4940 pepulo

484 4952 801 5021 religionem
831 4954 1067 5016 volebat,
1110 4963 1168 5008 ut
1220 4963 1343 5026 apte
1398 4957 1546 5010 illinc
1574 4968 1815 5028 tempore
1860 4976 1959 5015 suo
2000 4964 2067 5018 ad

484 5058 832 5098 emnmnnem
866 5046 1231 5116 peragendam
1267 5047 1499 5101 salutem
1526 5048 1779 5103 Christus
1809 5051 2068 5106 Dominus

488 5134 541 5186 in
570 5149 736 5189 carne
773 5148 1112 5208 emergeret;
1144 5137 1266 5193 ideo
1295 5139 1364 5194 de
1409 5141 1511 5194 hoc
1538 5140 1767 5195 aedilicio
1799 5144 2068 5198 sollicitus

487 5225 801 5280 necessario
823 5237 974 5291 erat;
1030 5244 1224 5299 nempe
1258 5240 1315 5285 ut
1344 5233 1700 5290 conventibus
1736 5233 1787 5287 in
1839 5250 1905 5289 eo
1926 5237 2068 5290 cele-

491 5312 714 5369 brandis
736 5332 912 5371 mores
940 5333 1072 5374 suos
1101 5322 1415 5376 emendaret
1439 5323 1690 5393 populus,
1722 5326 1809 5378 cui
1829 5340 1939 5393 prae
1962 5338 2069 5379 cae-

492 5400 647 5464 teris,
698 5411 756 5455 ut
787 5402 922 5467 dixi,
967 5408 1281 5466 hominibus
1334 5419 1539 5466 tantam
1582 5411 1724 5468 Deus
1767 5429 1955 5468 curam
1987 5415 2071 5470 di-

492 5501 723 5562 gnanter
746 5491 1106 5561 impertiebat.
1152 5502 1288 5556 Nam
1323 5503 1483 5559 sicuti
1513 5506 1778 5561 sacriﬁcia
1806 5516 1857 5562 et
1877 5515 2070 5563 caetera

567 5664 614 5698 "
654 5661 760 5722 lsa.
802 5680 946 5733 Lm,
992 5670 1037 5725 l.

2165 4417 2315 4468 πείτο
2336 4412 2397 4466 τὸ
2417 4412 2578 4472 θεῖον,
2596 4411 2848 4464 ἁπάντων
2874 4426 2938 4477 γε
2955 4409 3062 4462 τῶν
3089 4404 3258 4462 όντων
3277 4407 3556 4479 προδήλως
3585 4407 3686 4460 ύπε
3699 4425 3775 4480 ρο-

2164 4507 2433 4579 κείμενον,
2462 4503 2570 4557 οὐδ’
2588 4502 2782 4556 ὁπόσον
2796 4502 2970 4553 εἰπεῖν
2995 4518 3052 4554 τε
3075 4500 3106 4571 ἢ
3133 4500 3323 4569 νοῆσαι
3340 4499 3627 4553 δύναιτοᾶν
3647 4515 3760 4562 τις.

2177 4597 2316 4652 Ἀλλ’
2354 4596 2493 4666 ὑπὲρ
2524 4593 2703 4646 αὐτῶν
2730 4609 2793 4660 γε
2816 4592 2924 4645 τῶν
2966 4590 3316 4662 Ἰσραηλιτῶν
3344 4593 3373 4644 ό
3410 4590 3518 4643 τῶν
3546 4589 3765 4660 ἀνθρω-

2170 4688 2339 4743 πείων
2396 4686 2583 4757 ψυχῶν
2622 4685 2938 4755 κηδόμενος,
2990 4684 3088 4753 τῆς
3147 4682 3434 4752 οἰκοδομῆς
3484 4681 3578 4735 τοῦ
3622 4682 3761 4735 ναοῦ

2166 4780 2334 4833 πολὺν
2366 4781 2596 4832 ποιεῖται
2623 4776 2719 4829 τὸν
2742 4776 2919 4844 λόγον.
2969 4774 3187 4845 Ἐπειδὴ
3204 4774 3313 4845 γὰρ
3329 4772 3611 4837 διετάξατο
3648 4772 3764 4842 μὲν

2163 4874 2222 4925 ἐν
2250 4870 2439 4942 ἐκείνῳ
2475 4869 2553 4940 τῷ
2599 4887 2658 4923 τε
2709 4869 2859 4940 τόπῳ
2908 4868 3002 4921 καὶ
3030 4866 3109 4938 τῷ
3167 4867 3280 4937 ναῷ
3332 4867 3610 4931 συνιόντας
3655 4866 3763 4937 τὴν

2164 4962 2514 5033 καθήκουσαν
2544 4960 2692 5031 αὐτῷ
2720 4962 2833 5023 τοῖς
2866 4961 3111 5028 νομικοῖς
3144 4957 3595 5029 παραγγέλμασιν
3619 4958 3759 5011 ἀκο-

2165 5050 2372 5114 λούθως
2400 5050 2707 5104 ἀποδιδόναι
2754 5048 3071 5121 θρησκείαν,
3096 5048 3184 5102 διά
3212 5047 3430 5102 πάντων
3452 5049 3510 5102 δὲ
3547 5047 3763 5102 τούτων

2173 5142 2264 5195 ἐπὶ
2304 5141 2403 5211 τῆς
2434 5140 2716 5203 εὐσεϐείας
2745 5140 2993 5192 ἐϐούλετο
3033 5139 3350 5211 συνέχεσθαι
3389 5138 3479 5191 τὸν
3502 5138 3653 5202 λαὸν,
3678 5139 3762 5202 ὡς

2173 5235 2239 5288 ἂν
2295 5233 2678 5305 προσηκόντως
2738 5233 2948 5288 ἐκεῖθεν
3006 5233 3149 5287 κατὰ
3201 5231 3389 5304 καιρὸν
3435 5229 3623 5301 ὀφθείη
3660 5229 3762 5284 τὸν

2172 5326 2360 5381 δέοντα
2391 5326 2531 5399 ύπέρ
2573 5326 2673 5395 τῆς
2726 5327 2979 5380 ἁπάντων
3013 5323 3287 5396 σωτηρίας
3314 5326 3342 5377 6
3383 5321 3654 5392 Δεσττότ-ηιΙ
3704 5323 3763 5377 τὸ

2174 5416 2313 5469 κατά
2373 5418 2551 5489 σάρκα
2613 5417 2865 5490 Χριστὸς,
2917 5416 3230 5485 ἀναγκαίως
3264 5413 3364 5485 τῆς
3408 5413 3760 5485 κατασκευῆς

2175 5508 2492 5579 ἐπιμέλειαν
2517 5511 2750 5564 ἐποιεῖτο
2789 5507 2883 5562 τοῦ
2914 5511 3061 5573 ναοῦ,
3103 5508 3178 5572 ὡς
3213 5507 3279 5562 ἂν
3305 5507 3333 5560 6
3365 5503 3492 5568 λαδς
3531 5503 3618 5559 διὰ
3652 5505 3759 5580 τῆς
