4022 6138
289 325 386 387 677
1269 324 1825 383 COMMENTARIUS
1862 324 1928 379 IN
1967 323 2202 381 AGGJEI
2236 323 2388 378 CAP.
2417 318 2454 374 Ι.
3446 313 3554 367 ιτδ

294 452 347 504 ιν
363 442 508 517 αὒτῷ
526 440 860 512 συναγωγῆς
872 439 972 511 τὴν
993 438 1272 509 βελτίωσιν
1294 439 1521 511 δέχοιτο,
1545 441 1684 512 ὑπὲρ
1703 440 1867 494 ἀπάν-
1897 489 1902 501 ,

2003 435 2236 508 iusmodi
2263 437 2403 490 Deus
2448 432 2660 503 recipit,
2686 446 2793 486 non
2824 429 2954 500 quia
2993 429 3110 498 ipse
3138 426 3227 483 his
3247 435 3422 498 egeat,
3457 428 3552 481 sed

295 557 418 601 των,
468 536 543 601 ὡς
588 535 751 607 ἔφην,
783 532 1088 605 ἀνθρώπων
1116 531 1218 602 τῆς
1252 532 1395 586 οὕτω
1447 532 1648 605 πολλῆς
1678 550 1737 587 τε
1782 532 1876 587 καὶ

2003 530 2267 584 ltilitatum
2305 536 2618 583 nostrarum
2661 539 2863 582 causa:
2898 523 2979 577 sic
3027 522 3188 576 etiam
3222 520 3405 589 templi
3451 527 3556 572 stu-

303 630 553 703 μεγίστης
588 625 920 696 ἀξιούμενος
976 623 1324 694 ἐπιμελείας·
1384 623 1461 688 ὼς
1511 625 1619 696 γὰρ
1677 622 1878 677 θυσιῶν

2003 623 2124 676 lium
2179 636 2291 691 pra:
2335 635 2393 674 se
2423 618 2650 680 ferebat,
2680 632 2788 671 non
2827 613 3080 684 equidem
3134 613 3218 669 sui
3251 610 3556 684 gratia,sed

300 697 540 793 ἀνέχεται
561 719 660 772 καὶ
683 715 801 771 τῶν
820 716 997 770 ἄλλων
1016 714 1081 783 δὴ
1102 714 1210 767 τῶν
1235 713 1490 768 τοιούτων
1508 717 1536 768 6
1552 715 1703 778 Θεὸς,
1725 714 1879 768 οὐθὲν

2010 713 2311 777 udzeorum,
2367 727 2505 781 quos
2556 710 2667 764 illic
2708 705 3030 778 congregari
3079 704 3394 774 iustamque
3444 697 3558 753 Deo

302 790 750 882 τούτωνδεόμενος
762 808 1017 874 καθάπαξ
1030 807 1192 870 αὐτὸς
1203 808 1287 861 διὰ
1302 807 1399 878 τὴν
1410 809 1442 876 ἡ
1453 806 1578 877 μετέ
1585 823 1682 878 ραν
1693 825 1728 878 χ
1733 824 1790 878 ρε
1800 808 1901 882 ίαν,

2003 806 2297 874 eligionem
2332 804 2658 873 persolvere,
2696 815 2805 871 pra:
2840 799 2999 868 27],
3035 796 3268 858 caeteris,
3302 800 3360 846 ut
3395 790 3558 862 paulo

304 911 375 976 (p.
390 900 675 973 412)οὖτω
695 900 792 953 καὶ
841 897 943 966 τῆς
980 897 1108 967 περὶ
1129 897 1221 951 τὸν
1237 896 1363 950 ναδν
1374 898 1549 967 εἴχετο
1577 895 1875 965 φροντίδος,

2003 905 2108 952 inte
2142 897 2274 959 dixi,
2296 894 2629 956 hominibus,
2654 904 2868 962 aequum
2895 895 3032 944 eral.
3061 886 3386 940 Futurarum
3417 896 3560 952 pra:-

303 998 393 1066 ούχ
404 992 596 1048 ἑαυτοῦ
610 1008 675 1061 γε
686 991 897 1053 ἕνεκεν,
912 988 1023 1041 ἀλλ’
1041 988 1181 1059 ὑπὲρ
1194 988 1438 1051 ἐκείνων,
1455 986 1548 1051 οὒς
1560 986 1746 1040 αὐτόθι
1765 1002 1882 1040 συν-

2004 1002 2129 1042 erea
2162 1002 2345 1041 rerum
2406 985 2615 1039 mentio
2643 982 2824 1053 aliqua
2865 981 2920 1034 in
2951 978 3135 1034 libello
3181 982 3295 1040 est;
3326 985 3558 1043 quarum

309 1087 435 1141 ιέναι
449 1101 504 1137 τε
532 1084 629 1135 καὶ
648 1081 746 1152 τὴν
758 1079 1108 1150 καθήκουσαν
1129 1077 1208 1149 τῷ
1231 1078 1353 1148 Θεῷ
1372 1077 1663 1148 θεραπείαν
1690 1076 1877 1130 ἀποδι-

2003 1079 2236 1131 mtitiam
2295 1093 2361 1132 ex
2417 1074 2552 1146 ipsis
2624 1073 2844 1143 scriptis
2902 1081 3233 1141 cognoscere
3312 1068 3557 1134 praestat.

309 1177 443 1231 δόναι
458 1175 733 1246 προσῆκον
752 1168 823 1243 ἦν
842 1171 982 1242 ὑπὲρ
1002 1170 1254 1224 ἁπάντων
1269 1178 1333 1238 γε
1356 1166 1675 1239 ἀνθρώπων,
1694 1166 1879 1237 ὥσπερ

2003 1164 2097 1221 ioc
2125 1175 2207 1221 est
2237 1167 2402 1236 igitur
2418 1172 2797 1237 argumentum
2825 1160 2974 1227 libri,
3005 1158 3228 1231 quiiam
3246 1154 3561 1226 singillatim

311 1266 393 1322 οὖν
414 1266 583 1336 ἔφθην
602 1263 843 1335 πρόσθεν
871 1261 1062 1315 εἰπών.
1101 1262 1254 1331 Ἔχει
1282 1260 1339 1312 δέ
1371 1276 1493 1311 τινα
1523 1259 1617 1312 καὶ
1648 1261 1880 1329 μήνυσιν
1984 1259 2360 1329 explanandus
2390 1267 2496 1314 est.

313 1333 569 1431 ἐσομένων
687 1357 910 1428 βιϐλίον,
946 1356 1054 1410 τῶν
1079 1356 1207 1425 περὶ
1238 1354 1329 1407 τὸν
1357 1353 1482 1422 Γὼγ
1513 1354 1676 1424 φημὶ,
1705 1354 1771 1426 ήν
1803 1354 1899 1405 ἀπ’
1928 1353 2109 1407 αὐτῶν
2135 1353 2244 1408 τῶν
2275 1354 2673 1427 γεγραμμένων
2706 1351 2928 1422 ἄμεινον
2967 1347 3064 1401 ῐδοι
3092 1363 3175 1409 τις
3205 1344 3298 1399 ἄν·
3327 1343 3440 1398 ἀλλ’
3469 1333 3561 1397 οῦ-

312 1474 392 1523 τος
419 1456 514 1526 μὲν
533 1456 564 1511 ό
582 1452 677 1510 τοῦ
703 1453 907 1525 βιϐλίου
938 1450 1157 1514 σκοπός.
1189 1450 1524 1521 Προσεκτέον
1550 1449 1608 1503 δὲ
1631 1451 1745 1511 τοῖς
1766 1449 1909 1502 κατὰ
1935 1447 2100 1518 μέρος
2137 1449 2341 1502 λοιπόν.

964 1546 1121 1601 ΚΕΦ.
1145 1546 1220 1599 A'.

373 1643 517 1714 Στίχ.
552 1647 626 1704 α’,
651 1639 718 1710 β’.
744 1669 810 1682 --
845 1656 864 1690 ι
905 1638 994 1692 Ἑν
1027 1636 1083 1691 δὲ
1129 1635 1205 1706 τῷ
1252 1635 1489 1707 δευτέρῳ
1515 1636 1623 1689 ἔτει
1662 1635 1753 1688 ἐπὶ
1777 1637 1879 1687 Δα-

316 1735 446 1807 ρείου
482 1731 577 1787 τοῦ
636 1731 920 1802 βασιλέως,
960 1732 1018 1784 ἐν
1052 1728 1129 1799 τῷ
1170 1727 1299 1799 μηνὶ
1344 1726 1418 1797 τῷ
1445 1726 1614 1797 ἕκτῳ,
1645 1726 1743 1797 μιᾷ
1784 1724 1877 1778 τοῦ

2660 1540 2811 1596 CAP.
2852 1538 2888 1593 I.

2056 1633 2222 1690 Vsus.
2255 1635 2308 1697 1,
2338 1635 2395 1687 2.
2436 1660 2505 1670 —-
2541 1651 2560 1681 ι
2601 1631 2763 1684 Anno
2788 1627 2930 1683 Darii
2985 1624 3265 1696 regnantis
3297 1620 3562 1693 secundo.

1985 1741 2174 1783 mense
2204 1733 2378 1786 sexto,
2407 1721 2496 1777 die
2539 1736 2644 1774 una
2702 1721 2920 1789 (prima)
2967 1717 3195 1778 mensis,
3258 1714 3433 1767 factus
3481 1719 3567 1765 est

315 1806 469 1898 μηνὸς
501 1823 722 1892 ἐγένετο
763 1820 921 1888 λόγος
946 1820 1151 1892 Κυρίου
1191 1816 1248 1869 ἐν
1292 1817 1436 1888 χειρὶ
1486 1815 1741 1885 Ἀγγαίου
1783 1811 1877 1867 τοῦ

2003 1834 2164 1875 sermo
2191 1815 2404 1872 Domini
2454 1814 2508 1868 in
2542 1828 2705 1867 manu
2739 1812 2917 1881 Aggaei
2957 1809 3235 1880 prophetae
3263 1806 3453 1860 dicens
3483 1820 3497 1857 :
3541 1822 3562 1854 ι

313 1917 583 1987 προφήτου
634 1914 846 1981 λέγων·
883 1931 903 1964 ι
960 1915 1016 1966 ἐν
1060 1911 1296 1982 δευτέρῳ
1348 1908 1446 1979 μὲν
1502 1908 1611 1961 ἔτει
1651 1906 1877 1977 Δαρείου

310 2006 527 2078 Περσῶν
576 2002 953 2076 βασιλεύοντος
1002 1999 1097 2054 τοῦ
1145 2000 1401 2074 τετάρτου
1435 1998 1571 2069 μετὰ
1600 1999 1779 2069 Κῦρον
1821 1997 1879 2059 ὃς

311 2095 516 2167 πρῶτος
552 2094 756 2165 Μήδων
805 2108 866 2143 τε
915 2090 1010 2144 καὶ
1042 2089 1267 2160 Περσῶν
1297 2088 1436 2143 κατά
1484 2087 1674 2141 ταυτὸν
1702 2085 1881 2140 ἐϐασί-

308 2186 510 2247 λευσεν,
544 2181 1022 2254 ἐπανεληλυθότων
1053 2180 1155 2252 ήδη
1178 2183 1258 2243 είς
1280 2179 1350 2232 τὰ
1372 2181 1545 2232 οἰκεῖα
1573 2178 1680 2230 τῶν
1695 2192 1754 2229 τε
1780 2174 1881 2244 τῆς

321 2279 487 2333 Ἰούδα
516 2276 693 2346 φυλῆς
727 2275 822 2329 καὶ
837 2273 947 2327 τῶν
976 2272 1177 2327 λοιπῶν
1215 2273 1525 2342 ὁπόσοιπερ
1554 2271 1734 2333 αὐτοῖς
1761 2285 1881 2323 συνσ

308 2370 549 2425 ανελθεῖν
580 2366 893 2438 προθυμίαν
926 2365 1105 2435 ἔσχον,
1136 2364 1230 2418 καὶ
1258 2364 1323 2434 δὴ
1352 2363 1445 2417 καὶ
1481 2363 1576 2433 τῆς
1619 2362 1884 2433 Ἰερουσα-

307 2459 420 2531 λὴμ
447 2456 830 2528 ἀπειληφότων
883 2455 982 2527 τὴν
1030 2454 1262 2525 οἴκησιν,
1309 2454 1558 2520 Ἀγγαῖον
1585 2452 1678 2505 τὸν
1709 2451 1885 2522 μακά-

313 2566 429 2620 ριον
453 2549 736 2618 προφήτην
788 2544 1179 2614 ἀποκαλύψεως
1213 2542 1475 2614 ἠξιῶσθαι
1509 2542 1657 2607 θείας
1698 2542 1884 2613 φησὶν,

314 2641 414 2694 ἐπὶ
434 2641 512 2710 τῷ
534 2640 631 2711 τὴν
654 2637 760 2692 τῶν
781 2638 1167 2710 προσηκόντων
1197 2636 1430 2701 διάλεξιν
1459 2636 1595 2708 πρὸς
1624 2636 1751 2699 τοὺς
1791 2636 1887 2688 ἀν·-

323 2730 648 2801 εληλυθότας
692 2729 1015 2800 ποιήσασθαι
1067 2727 1176 2781 τῶν
1235 2727 1525 2796 Ἰουδαίων,
1555 2727 1650 2781 καὶ
1688 2726 1796 2798 πρό
1823 2741 1887 2794 γε

329 2821 442 2873 τῶν
471 2820 633 2874 ἀλλων
652 2821 747 2891 τῆς
771 2820 1060 2892 οἰκοδομῆς
1090 2819 1528 2890 καταμελοῦντας
1553 2817 1766 2887 ἐλέγξαι
1794 2814 1888 2870 τοῦ

327 2910 475 2975 ναοῦ,
505 2911 563 2964 όν
586 2910 648 2982 δή
681 2912 918 2982 μάλιστα
941 2910 1403 2981 ἐπανεληλυθότας
1432 2909 1539 2962 ἀπὸ
1568 2910 1667 2979 τῆς
1690 2909 1891 2978 αἰχμα-

318 3003 517 3065 λωσίας
557 3003 695 3072 μετὰ
728 3002 930 3072 πολλῆς
967 3003 1242 3071 ἀνεγεῖραι
1274 3002 1373 3071 τῆς
1394 2999 1698 3072 προθυμίας
1725 3014 1891 3069 προσ-

315 3092 449 3162 ῆκον
498 3089 587 3164 ἦν.
637 3091 1088 3164 Ἐπισημαίνεται
1144 3091 1199 3145 δὲ
1251 3092 1344 3144 καὶ
1380 3092 1468 3143 τὸν
1497 3090 1640 3159 μῆνα
1671 3089 1765 3142 καὶ
1791 3088 1888 3158 τὴν

318 3184 526 3255 ἡμέραν
563 3183 686 3238 καθ’
714 3185 781 3254 ἦν
829 3182 891 3248 ἐξ
942 3181 1331 3251 ἀποκαλύψεως
1361 3181 1508 3245 θείας
1538 3183 1566 3234 6
1610 3181 1893 3253 προφήτης
1919 3173 1961 3231 α

319 3277 515 3347 ἐχρῆτο
537 3278 653 3340 τοῖς
677 3276 816 3348 πρὸς
863 3275 1147 3338 Ἰουδαίους
1190 3273 1389 3342 λόγοις,
1419 3273 1492 3336 ὡς
1518 3272 1582 3326 ἂν
1618 3272 1889 3342 τεταγμέ-

324 3371 667 3437 νωςδείξειεν
698 3372 846 3433 ὅπως
876 3370 975 3440 μὲν
1009 3369 1189 3430 αὐτοῖς
1215 3368 1292 3436 (p.
1325 3366 1448 3435 415)
1476 3365 1573 3436 τῆς
1604 3365 1893 3433 οἰκοδομῆς

328 3460 581 3530 ἀμελοῦσι
611 3459 708 3514 τοῦ
737 3460 865 3514 ναοῦ
895 3458 963 3513 τὰ
990 3460 1287 3531 πράγματα
1314 3456 1615 3512 διακεῖσθαι
1643 3456 1891 3509 συνέϐαι-

328 3568 431 3618 νεν,
472 3554 602 3619 ὅσην
651 3550 708 3604 δέ
771 3551 1106 3621 μετάστασιν
1149 3549 1241 3601 ἐπὶ
1292 3547 1354 3600 τό
1400 3547 1645 3617 κρεῖττον
1698 3543 1895 3598 ἔλαϐον

330 3642 560 3712 ὁπηνίκα
589 3641 688 3710 τῆς
717 3639 844 3711 περὶ
868 3640 956 3692 τὸν
980 3638 1105 3692 ναὸν
1132 3635 1420 3706 οἰκοδομῆς
1455 3635 1553 3706 τὴν
1593 3635 1898 3705 προσήκου-

337 3748 428 3785 σιν
461 3731 605 3802 ἔχειν
622 3729 857 3801 ἧρξαντο
888 3729 1161 3801 φροντίδα.
1199 3728 1331 3780 Τίνα
1372 3725 1427 3779 δέ
1457 3720 1524 3797 ῆν
1551 3725 1693 3795 άπερ
1728 3726 1899 3776 εἰπεῖν

337 3824 462 3892 πρὸς
488 3824 687 3886 αὐτοὺς
722 3824 751 3876 6
780 3823 1062 3893 προφήτης
1100 3819 1389 3889 ἐκελεύσθη
1429 3816 1582 3887 παρά
1612 3816 1705 3868 τοῦ
1741 3813 1898 3881 Θεοῦ,

339 3914 456 3983 ἑξῆς
480 3913 664 3985 φησίν.
693 3932 713 3964 ι
736 3912 904 3965 Εἰπὸν
920 3913 1056 3983 πρὸς
1085 3909 1388 3981 Ζοροϐάϐελ
1406 3909 1497 3961 τὸν
1521 3906 1612 3962 τοῦ
1636 3906 1903 3976 Σαλαθιήλ

340 4006 400 4059 ἐκ
430 4007 595 4079 φυλῆς
634 4003 826 4067 Ἰούδα,
858 4003 954 4057 καλ⁵
991 4002 1123 4073 πρὸς
1166 4001 1372 4071 Ἰησοῦν
1410 4002 1502 4054 τὸν
1529 3998 1620 4054 τοῦ
1661 3999 1905 4053 Ἰωσεδὲκ

342 4099 425 4150 τὸν
451 4099 596 4170 ἱερέα
620 4096 713 4150 τὸν
737 4095 910 4167 μέγαν
931 4095 1110 4163 λέγων
1134 4111 1147 4125 ·
1177 4093 1316 4147 Τάδε
1348 4092 1495 4161 λέγει
1526 4091 1727 4162 Κύριος
1772 4107 1905 4143 παν-

344 4190 615 4260 τοκράτωρ
644 4186 818 4255 λέγων
836 4201 850 4214 ·
888 4187 946 4240 '0
975 4186 1097 4249 λαὸς
1126 4178 1277 4247 οὗτος
1293 4183 1559 4249 λέγουσιν,
1591 4183 1702 4252 Ούχ
1734 4182 1858 4251 ῆκει
1879 4182 1907 4234 ό

345 4283 524 4354 καιρὸς
548 4281 643 4334 τοῦ
670 4278 1020 4349 οἰκοδομῆσαι
1067 4279 1158 4331 τὸν
1200 4273 1345 4331 οἶκον
1361 4276 1589 4347 Κυρίου.
1619 4293 1638 4325 ι
1681 4273 1909 4327 Κελεύει

343 4377 446 4446 γὰρ
473 4375 621 4443 αὐτῷ
646 4376 784 4445 πρός
817 4390 877 4426 τε
905 4372 990 4425 τὸν
1017 4368 1317 4441 Ζοροϐάϐελ
1333 4368 1391 4431 ὃς
1406 4366 1505 4434 τῆς
1538 4364 1708 4419 Ἰούδα
1737 4363 1911 4433 φυλῆς

343 4467 619 4537 ὑπάρχων,
638 4466 703 4519 ἔκ
718 4483 776 4518 τε
793 4463 886 4517 τοῦ
911 4461 1176 4534 μακαρίου
1195 4457 1355 4513 Δαυῖδ
1378 4457 1748 4527 καταγόμενος
1772 4453 1912 4508 κατὰ

340 4555 437 4618 τὰς
453 4553 784 4624 ἐπαγγελίας
813 4551 911 4614 τὰς
942 4550 1089 4613 θείας
1137 4547 1421 4601 ἐϐασίλευε
1450 4546 1571 4599 τότε
1598 4543 1692 4597 τοῦ
1738 4542 1870 4596 λαοῦ
1899 4562 1912 4574 ι

343 4645 437 4697 καὶ
490 4643 600 4715 μὴν
633 4643 728 4697 καὶ
770 4641 905 4711 πρὸς
947 4639 1038 4692 τὸν
1079 4637 1325 4691 Ἰωσεδὲκ
1360 4635 1586 4705 Ἰησοῦν,
1630 4634 1688 4697 ὃς
1731 4633 1792 4686 τὸ
1816 4632 1918 4701 τῆς

343 4735 750 4807 ἀρχιερωσύνης
771 4732 929 4809 ἔργον
959 4729 1250 4800 ἀκολουθίᾳ
1279 4727 1469 4797 γένους
1496 4726 1638 4779 κατὰ
1665 4726 1761 4796 τὴν
1786 4726 1919 4778 Μω-

348 4826 539 4897 σαῖκήν
571 4822 816 4887 διάταξιν
857 4823 920 4874 ἐκ
960 4820 1051 4874 τοῦ
1103 4818 1310 4889 Ἀαρὼν
1350 4818 1721 4888 καταγόμενος
1766 4819 1920 4869 ἐκτει-

346 4916 457 4968 λεῖν
482 4917 860 4974 ἐπεπίστευτο,
886 4912 1057 4964 εἰπεῖν
1090 4908 1263 4963 ταῦτα
1301 4908 1443 4980 ειπερ
1476 4904 1568 4962 οὖν
1603 4909 1690 4959 ἐπ’
1715 4906 1922 4975 ἐλέγχῳ

350 5008 447 5076 τῆς
478 5004 605 5075 περ)⁸
640 5004 729 5057 τὸν
758 5003 883 5055 ναὸν
916 5000 1006 5053 τοῦ
1041 5000 1172 5053 λαοῦ
1208 4999 1479 5071 ῥᾳθυμίας
1517 4995 1724 5060 διδάξαι
1759 5012 1926 5066 προσ-

352 5096 483 5162 ῆκον
512 5091 599 5166 ἦν.
622 5093 809 5146 Ταῦτα
860 5092 968 5163 γὰρ
1019 5091 1083 5161 δὴ
1144 5091 1281 5161 πρὸς
1324 5090 1544 5151 τούτους
1580 5088 1809 5157 μάλιστα
1852 5085 1927 5147 ὡς

356 5187 686 5256 ἡγουμένους
737 5184 962 5247 εἰκότως
988 5183 1229 5251 ἐλέγετοο
1276 5182 1370 5235 ἆτε
1408 5180 1502 5234 καὶ
1549 5180 1672 5241 τοὺς
1711 5177 1928 5237 λοιποὺς

356 5277 634 5349 διεγείρειν
688 5275 783 5328 ἐπὶ
826 5273 888 5326 τὸ
916 5274 1148 5345 πρᾶγμα
1190 5271 1523 5341 ὀφείλοντας,
1553 5268 1797 5337 φαίνεται
1827 5266 1927 5317 οὐκ

360 5370 535 5432 αὐτοῖς
580 5370 639 5421 ἐν
669 5366 744 5435 τῷ
771 5365 915 5436 λόγῳ
967 5363 1478 5434 καταμεμφόμενος,
1508 5360 1639 5413 ἀλλὰ
1672 5358 1748 5428 τῷ
1772 5356 1884 5426 λαῷ
1909 5375 1921 5386 ·

361 5461 430 5523 ὡς
452 5460 606 5525 δῆλον
631 5454 771 5512 εἶναι
793 5458 936 5511 ὅτιοί
964 5456 1059 5527 μὲν
1088 5456 1189 5527 τὴν
1220 5456 1597 5526 προσήκουσαν
1628 5448 1769 5521 εἶχον
1801 5448 1927 5518 περὶ

362 5553 417 5605 τὺ
481 5554 711 5625 πρᾶγμα
770 5548 1094 5622 προθυμίαν,
1130 5548 1205 5618 (p.
1239 5547 1363 5616 414)
1427 5545 1661 5599 ἐκτελεῖν
1694 5544 1750 5595 δὲ
1791 5543 1925 5610 ὅπερ

1980 1921 2125 1965 anno
2162 1906 2402 1963 secundo
2446 1902 2591 1957 Darii
2637 1899 2931 1956 Persarum
2983 1899 3149 1969 regis,
3197 1895 3381 1965 quarti
3446 1899 3569 1963 [ost

1980 1998 2180 2072 Cyrum
2230 1997 2383 2052 illum
2438 1995 2531 2065 qui
2578 1992 2790 2064 primus
2847 1990 3123 2045 Medorum
3181 1985 3344 2042 simul
3402 1988 3567 2048 atque

1981 2093 2272 2148 Persarum
2306 2088 2596 2159 imperium
2640 2091 2911 2146 tenuerat,
2947 2096 3071 2137 cum
3097 2079 3208 2150 iam
3258 2076 3313 2131 in
3338 2074 3567 2147 patriam

1985 2200 2044 2240 se
2074 2182 2410 2253 recepissent
2438 2185 2703 2250 quotquot
2727 2192 2792 2232 ex
2817 2173 2844 2229 J
2853 2174 2969 2228 udae
2994 2171 3140 2226 tribu
3166 2176 3221 2225 et
3245 2184 3311 2223 ex
3342 2163 3571 2234 reliquis

1986 2282 2178 2346 sponte
2199 2287 2323 2327 cum
2358 2269 2449 2324 illa
2483 2267 2663 2324 redire
2680 2266 3233 2329 voluerant,cumque
3256 2257 3291 2311 ii
3316 2255 3571 2310 Hieroso-

1986 2369 2257 2439 lymorum
2296 2362 2488 2417 urbem
2540 2360 2652 2430 iam
2712 2356 3034 2415 incolerent,
3086 2351 3286 2406 beatus
3342 2348 3571 2417 Aggzeus

1988 2457 2253 2529 propheta
2299 2452 2483 2507 divina
2553 2448 2886 2504 revelatione
2935 2445 3292 2500 collustratus
3340 2439 3570 2499 dicitur;

1990 2557 2049 2605 ut
2072 2548 2120 2604 is
2141 2545 2400 2602 nimirum
2428 2542 2660 2624 reduces
2681 2537 2900 2615 Iudaeos
2924 2536 2993 2591 de
3016 2533 3206 2591 olIlciis
3232 2531 3570 2591 admoueret,

1992 2651 2151 2710 atque
2183 2618 2439 2709 apprime
2476 2631 2858 2706 negligentiam
2903 2642 3092 2685 eorum
3146 2626 3200 2680 in
3254 2618 3576 2678 a3ditieando

1993 2732 2194 2803 templo
2227 2730 2561 2801 obiurgaret,
2615 2724 2708 2794 qui
2755 2736 2889 2778 sane
2922 2716 3195 2777 excitandi
3228 2717 3375 2770 illius
3399 2710 3575 2765 maxi-

1993 2802 2141 2879 mum
2212 2819 2455 2877 studium
2506 2818 2827 2874 debuissent
2884 2824 3223 2883 expromere.
3295 2802 3578 2875 Signiﬁcat

1994 2916 2159 2972 etiam
2183 2925 2424 2967 mensem
2458 2924 2519 2963 ac
2547 2908 2713 2974 diem,
2747 2920 2857 2976 quo
2897 2900 3198 2959 secundum
3235 2896 3326 2950 Dei
3371 2892 3577 2947 revela-

1996 3006 2198 3059 tionem
2220 3000 2478 3072 propheta
2497 2997 2563 3051 ad
2584 2997 2841 3067 populum
2861 2993 3006 3063 loqui
3030 3003 3192 3045 orsus
3204 2978 3581 3045 estzutdcinde

2000 3069 2289 3151 ordinatim
2306 3069 2452 3147 dicat
2467 3088 2596 3161 quid
2612 3089 2692 3144 eis
2709 3085 2968 3141 acciderit
2987 3083 3056 3136 ob
3070 3079 3371 3150 neglectum
3394 3069 3575 3142 templi

1993 3186 2640 3252 aediﬁciummuantoque
2663 3178 2886 3234 meliore
2924 3176 2979 3229 in
3006 3180 3149 3229 statu
3180 3179 3311 3224 tunc
3344 3164 3577 3228 fuerint,

1993 3291 2116 3332 cum
2138 3284 2468 3331 structuram
2493 3271 2636 3324 illam
2659 3268 2823 3323 alacri
2855 3266 3244 3332 animourgere
3275 3260 3577 3326 eruperunt.

1993 3366 2110 3424 Jam
2129 3380 2376 3436 quaenam
2404 3362 2473 3418 iis
2501 3359 2762 3432 prepheta
2781 3356 2961 3411 dicere
2990 3370 3018 3407 a
3039 3352 3148 3406 Deo
3176 3349 3367 3416 jussus
3384 3343 3577 3403 fuerat,

1996 3461 2052 3513 in
2074 3434 2427 3528 sequentibus
2447 3453 2687 3507 declarat
2713 3469 2725 3504 :
2761 3466 2779 3499 ι
2811 3447 3055 3515 Loquere
3093 3440 3161 3494 ad
3193 3434 3580 3528 Zorobabelem

1999 3521 2311 3605 Salathielis
2332 3545 2501 3599 ﬁlium
2520 3544 2585 3597 de
2610 3541 2754 3594 tribu
2771 3537 2943 3601 Iudae,
2960 3543 3013 3589 et
3039 3534 3104 3587 ad
3123 3529 3310 3585 Jcsum
3338 3521 3585 3581 Josedeci

2001 3642 2168 3696 [ilium
2189 3636 2525 3693 sacerdotem
2548 3629 3018 3702 magnum,dicens
3040 3644 3051 3678 :
3076 3624 3200 3677 llaec
3222 3622 3296 3674 ait
3312 3619 3571 3673 Dominus

2000 3729 2345 3797 omnipotens
2362 3724 2550 3777 dicens
2570 3741 2583 3775 ι
2604 3719 2842 3787 Populus
2861 3718 2962 3771 iste
2979 3714 3133 3775 dicit,
3152 3710 3268 3766 Non
3287 3709 3431 3764 venit
3451 3715 3589 3759 tent-

2000 3835 2104 3891 pus
2118 3813 2653 3872 :ediiicandidomum
2677 3809 2911 3862 Domini.
2927 3803 3174 3858 iMandat
3189 3803 3261 3867 ei,
3279 3810 3334 3855 ut
3349 3798 3589 3853 Zoruba-

2004 3888 2109 3967 beli
2139 3909 2233 3979 qui
2264 3908 2332 3961 de
2351 3902 2831 3971 Jutlm272tribu
2859 3903 3102 3960 ortus,et
3130 3894 3194 3949 de
3210 3894 3349 3947 beati
3369 3888 3588 3979 Davidis

2004 3973 2263 4066 poste-ris,
2289 3990 2444 4060 juxta
2477 3985 2690 4039 divinas
2717 3981 3108 4052 promissiones
3136 3977 3392 4045 regnabat
3418 3973 3469 4025 in
3496 3985 3592 4040 po-

2007 4060 2168 4154 pulo;
2194 4083 2319 4134 item
2333 4076 2462 4132 Jesu
2480 4072 2728 4129 Josedeci
2746 4071 2878 4132 ﬁlio,
2904 4068 2992 4123 cui
3016 4064 3368 4121 sacerdotalis
3385 4060 3587 4131 operis,

2009 4175 2079 4230 ob
2099 4173 2293 4228 seriem
2313 4166 2527 4239 generis
2542 4167 2697 4234 juxta
2713 4160 3005 4215 Mosaicam
3022 4156 3485 4213 constitutionem,
3503 4159 3592 4204 ut-

2009 4272 2138 4335 pote
2157 4276 2218 4317 ex
2238 4258 2456 4313 Aarone
2472 4251 2731 4315 oriundo,
2750 4246 3152 4303 administratio
3168 4243 3458 4298 commissa
3479 4240 3595 4294 fue~

2013 4334 2118 4417 rat,
2135 4351 2355 4407 mandat
2376 4348 2488 4401 haec
2510 4345 2694 4400 dicere
2716 4356 2838 4411 quae
2855 4338 2919 4393 ad
2937 4337 3429 4408 reprehendendam
3451 4334 3596 4387 circa

2019 4445 2278 4515 templum
2300 4438 2582 4510 segnitiem
2612 4446 2735 4505 apta
2757 4439 2932 4487 erant.
2957 4430 3125 4484 Porro
3151 4431 3263 4483 haec
3296 4426 3595 4497 praesertim

2021 4534 2253 4591 ducibus
2288 4529 2484 4584 merito
2526 4525 2873 4587 dicebantur,
2903 4522 2994 4592 qui
3036 4521 3301 4588 reliquum
3340 4515 3595 4586 populum

2022 4629 2090 4684 ad
2129 4642 2266 4696 opus
2292 4621 2646 4679 exstimulare
2672 4617 2944 4673 debebant
2974 4634 2985 4668 :
3019 4623 3074 4668 ct
3104 4611 3454 4666 nihilominus
3490 4621 3598 4660 non

2023 4732 2129 4777 tam
2160 4719 2328 4773 duces
2358 4728 2519 4783 quam
2555 4710 2813 4782 populum
2840 4707 3132 4775 obiurgare
3166 4701 3425 4772 pr0pheta
3454 4699 3601 4751 vide-

2022 4820 2133 4875 tur;
2188 4806 2477 4863 constabat
2499 4805 2640 4856 enim
2666 4800 2838 4855 duces
2861 4796 3275 4852 CODVt‘niClllcm
3300 4789 3481 4860 operis
3504 4804 3601 4842 cuc

2022 4916 2138 4955 ram
2175 4898 2443 4970 gessisse,
2475 4891 2619 4947 haud
2654 4899 2835 4945 tamen
2871 4888 2980 4942 voti
3013 4893 3293 4954 compotes
3339 4881 3451 4934 ﬁeri
3474 4918 3488 4940 ,
3520 4894 3603 4930 re-

2024 5001 2224 5048 nuente
2260 4989 2458 5061 populo
2486 4985 2551 5040 ad
2593 4985 2644 5038 id
2674 4981 2954 5054 cooperari
2991 4999 3003 5033 :
3033 4975 3387 5048 quamobrem
3423 4972 3505 5024 his
3538 4985 3601 5022 ea

2025 5101 2145 5155 quae
2168 5083 2233 5134 ad
2270 5079 2451 5149 populi
2487 5077 2920 5146 obiurgationem
2974 5069 3319 5142 pertinebant
3349 5065 3501 5128 dicit,
3545 5069 3606 5113 ut

2025 5184 2077 5230 et
2114 5173 2216 5242 ipsi
2248 5170 2419 5239 magis
2448 5169 2509 5221 ad
2535 5183 2671 5237 opus
2710 5165 3101 5225 excitarentur,
3132 5168 3182 5214 et
3215 5156 3447 5229 populus
3475 5168 3608 5207 con-

2027 5277 2213 5335 gruam
2247 5260 2643 5327 correptionem
2674 5256 2968 5323 acciperet,
3008 5268 3116 5321 quo
3150 5248 3298 5303 omni
3326 5246 3609 5301 alacritate

2032 5354 2243 5411 aedificii
2282 5350 2559 5404 laboribus
2587 5349 2876 5408 instarent,
2906 5346 3130 5412 suisque
3176 5340 3407 5394 ducibus
3436 5336 3606 5391 multa

2034 5462 2156 5501 eum
2188 5442 2463 5498 docilitate
2493 5439 2797 5500 obedirent,
2844 5445 3113 5505 quattmus
3157 5432 3259 5487 sibi
3295 5430 3395 5483 hoc
3435 5429 3486 5480 in
3514 5443 3609 5481 uc-

2037 5537 2185 5607 gotio
2224 5533 2600 5604 praeciperent,
2639 5537 2898 5596 tanquam
2935 5526 3192 5595 Dciiussa
3234 5521 3480 5575 iacturis.

373 5601 413 5605 τ-
487 5601 710 5625 "rm-—
948 5601 964 5620 τ
1082 5601 1094 5614 ι
1133 5601 1169 5618 ι.
1284 5601 1292 5602 κ
1348 5601 1360 5616 ι
1897 5601 1907 5610 .
2040 5601 2063 5607 υ
2226 5601 2239 5604 -
2395 5601 2402 5602 κ

363 5641 635 5695 ὲϐςύλοντο
678 5639 954 5702 ἀδυνάτως
992 5634 1166 5707 εἶχον,
1189 5638 1287 5690 οὐκ
1330 5635 1603 5695 ἐθέλοντος
1650 5633 1829 5692 αὐτοῖς
1868 5628 1962 5681 τοῦ
2012 5625 2139 5679 λαοῦ
2187 5624 2322 5694 πρὸς
2350 5624 2506 5674 τοῦτο
2534 5618 2933 5691 συμπράττειν·
2966 5615 3150 5686 διόπερ
3187 5613 3395 5674 τούτοις
3430 5607 3496 5662 τὰ
3522 5601 3611 5657 ἐπ’

363 5731 571 5803 ἐλέγχῳ
600 5730 693 5785 τοῦ
730 5730 860 5785 λαοῦ
915 5728 1249 5784 συντείνοντα
1293 5727 1461 5794 λέγει,
1494 5725 1566 5786 ὡς
1602 5723 1665 5777 ἂν
1694 5716 1835 5774 οὗτοί
1872 5737 1924 5771 τε
1957 5718 2153 5787 μᾶλλον
2187 5718 2275 5768 ἐπὶ
2304 5715 2362 5768 :6
2396 5714 2552 5785 ἔργον
2587 5709 2932 5781 διεγερθεῖεν,
2978 5709 3210 5762 κάκεῖνοι
3242 5706 3296 5757 δέ
3331 5700 3610 5770 διόρθωσιν
