4022 6138
418 294 515 351 179

1626 286 1973 344 'rntzonom
2016 253 2490 349 norsuesrtim

3542 288 3649 350 τεο

409 412 654 476 δέξαιντο
691 410 786 480 τὴν
815 410 1219 480 προσήκουσαν,
1261 407 1338 469 είς
1371 406 1429 459 τὸ
1463 406 1609 478 πάσῃ
1635 410 1701 477 τῇ
1730 404 2005 476 προθυμίᾳ
2035 404 2105 458 τά
2142 408 2477 462 συντείνοντα
2509 409 2588 470 είς
2620 407 2717 478 τὴν
2746 406 3043 478 οἰκοδομὴν
3056 405 3155 460 τοῦ
3177 405 3307 461 ναοῦ
3333 406 3647 480 διαπράττε·

417 500 563 564 σθαι,
597 500 690 554 καὶ
723 500 861 570 μετά
908 498 1107 566 πολλῆς
1151 514 1213 566 γε
1247 496 1525 549 πείθεσθαι
1558 498 1669 558 τοῖς
1703 496 2023 566 ἡγουμένοις
2055 495 2153 565 τῆς
2202 498 2542 568 ἑτοιμότητος
2562 539 2576 562 ,
2610 498 2742 570 πρὸς
2793 498 2936 569 άπερ
2969 498 3036 552 ἃν
3078 498 3262 557 αὐτοῖς
3304 499 3432 570 περὶ
3461 500 3655 555 τούτου

415 593 728 655 κελεύωσιν,
769 594 844 655 ὡς
876 591 1014 645 κατὰ
1047 590 1300 661 βούλησιν
1332 591 1482 644 θείαν
1506 591 1566 644 τὸ
1595 590 1873 660 ὲπίταγμα
1904 589 2264 658 ποιουμένοις.
3226 652 3229 657 _

494 685 653 741 Vsus.
681 686 799 739 3-5.
826 713 898 725 —-
917 682 1034 738 Jam
1055 698 1186 738 vero
1208 682 1274 738 ad
1304 683 1484 753 populi
1504 683 1981 751 reprehensionem

2156 683 2304 755 Στίχ.
2336 690 2478 751 γ’κεκ
2506 715 2577 725 --
2597 684 2941 757 Τρεπόμενος
2981 684 3037 739 δὲ
3069 685 3161 739 ἐπὶ
3189 685 3277 738 τὸν
3314 685 3534 756 ἔλεγχον
3560 688 3656 742 τοῦ

418 791 737 837 conversus,
772 775 1032 846 praeclare
1061 790 1129 831 ex
1184 776 1426 845 ipsorum
1462 775 1716 830 simulata
1750 787 1983 829 excusa-

417 872 561 925 tione
588 866 801 922 initium
836 867 1008 932 ducit,
1030 882 1136 937 qua
1166 872 1401 930 utentes,
1430 865 1677 936 specioso
1693 880 1815 920 cum
1845 879 1983 935 prae-

419 967 569 1014 textu
599 959 987 1014 existimabant
1021 974 1080 1014 se
1109 973 1271 1028 posse
1314 972 1453 1027 opus
1479 957 1775 1027 negligere.
1818 956 1985 1011 Aiunt

415 1050 586 1115 enim,
643 1050 841 1120 inquit,
904 1049 1147 1103 nondum
1207 1055 1418 1117 tempus
1441 1045 1743 1102 aediﬁcandi
1797 1046 1982 1116 templi

416 1142 630 1204 adesse,
657 1143 730 1196 ita
764 1151 822 1195 ut
853 1140 1047 1195 merito
1098 1153 1314 1193 cessare
1344 1137 1414 1191 ab
1442 1151 1609 1206 opere
1647 1137 1980 1191 viderentur.

417 1232 622 1287 Deinde
652 1231 842 1287 falsam
868 1231 1008 1285 hanc
1055 1229 1428 1284 defensionem
1454 1242 1763 1298 coarguens
1790 1243 1856 1283 ex
1888 1243 1984 1283 ne-

417 1323 589 1393 quitia
619 1331 792 1376 ortam
841 1322 910 1376 ad
963 1320 1188 1376 desidia:
1243 1319 1725 1389 obtentumpergit
1759 1318 1980 1375 dicere:

424 1434 442 1466 ι
482 1414 546 1467 Et
593 1413 922 1469 factumest
969 1412 1192 1467 verbum
1239 1409 1453 1465 Domini
1504 1409 1561 1464 in
1615 1410 1983 1482 manttAggaei

415 1505 712 1574 prophetae,
739 1503 928 1558 dicens
955 1523 969 1557 :
1004 1501 1062 1556 Si
1092 1513 1303 1572 tempus
1325 1501 1543 1571 quidem
1599 1502 1755 1557 vobis
1782 1510 1867 1557 est
1895 1503 1987 1558 ha-

414 1596 620 1650 bitandi
652 1595 705 1648 in
736 1595 989 1650 domibus
1023 1595 1220 1649 vestris
1258 1594 1543 1664 laqueatis.
1572 1595 1766 1650 domus
1802 1603 1981 1650 autem

417 1686 531 1740 bzee
560 1686 775 1741 deserta
811 1683 931 1741 est?
959 1704 976 1737 ›
1019 1684 1222 1739 Deinde
1272 1685 1348 1738 ait
1376 1703 1389 1738 :
1420 1685 1500 1739 Ad
1526 1693 1738 1741 vestras
1764 1687 1980 1756 quidem

303 1825 308 1831 .
414 1779 806 1834 :edilicationes
836 1776 1027 1832 scdulo
1080 1776 1414 1839 incumlaitis,
1472 1792 1611 1846 quas
1665 1791 1773 1830 non
1805 1778 1981 1830 solum

415 1870 658 1924 studiosa
683 1884 846 1940 opera
872 1869 1144 1929 est-itatis,
1192 1883 1378 1922 verum
1411 1868 1575 1922 etiam
1621 1868 1750 1922 tatis
1779 1869 1984 1923 viribus

414 1962 696 2017 exornatis
736 1980 747 2014 :
777 1961 946 2015 solius
977 1971 1152 2013 autem
1202 1960 1389 2029 templi
1421 1959 1736 2014 exstruendi
1767 1968 1980 2029 tempus

414 2057 594 2110 adhuc
623 2070 728 2108 non
755 2053 944 2108 adest?
990 2052 1173 2122 Neque
1215 2067 1306 2105 vos
1354 2051 1536 2119 pudet,
1569 2066 1790 2106 causam
1825 2052 1981 2106 vobis
2012 2030 2054 2084 Β

413 2146 700 2215 cujuslibet
723 2143 850 2199 boni
885 2143 1074 2207 Demu,
1106 2142 1156 2195 in
1186 2139 1345 2210 273
1371 2148 1518 2194 tanta
1541 2140 1790 2195 vastitate
1818 2142 1982 2196 relin-

413 2237 606 2307 quere?
636 2238 709 2290 ita
739 2244 799 2289 ut
832 2243 1027 2290 vestra:
1049 2232 1265 2306 quidem
1291 2232 1486 2286 domus
1513 2247 1621 2286 non
1647 2231 1982 2287 aediﬁcentur

416 2322 814 2390 tantummodo,
865 2340 1053 2381 verum
1105 2326 1264 2379 etiam
1317 2323 1467 2379 omni
1520 2338 1644 2378 cum
1693 2324 1981 2380 sedulitate

413 2425 787 2482 exornentur;
813 2429 938 2469 area
986 2428 1113 2469 vero
1169 2414 1354 2484 templi
1382 2428 1608 2485 prorsus
1646 2415 1859 2470 deserta
1889 2415 1977 2479 sit,

415 2507 549 2561 nihil
576 2506 729 2561 vobis
758 2506 823 2559 ad
842 2505 959 2573 ejus
979 2512 1310 2561 structuram
1353 2507 1604 2565 conferre
1651 2510 1976 2567 volentibus.

420 2617 439 2647 ι
483 2596 544 2650 Et
570 2611 713 2651 nunc
742 2596 855 2650 haec
889 2596 1019 2651 dicit
1064 2595 1325 2659 Dominus
1371 2599 1716 2671 omnipotens
1745 2621 1758 2656 :
1792 2603 1982 2660 Ponite

413 2687 578 2742 corda
609 2695 789 2741 vestra
815 2687 880 2740 ad
905 2688 1021 2743 vias
1054 2697 1279 2744 vestras.
1306 2710 1323 2742 ι
1354 2689 1643 2762 Reputate,
1674 2694 1867 2765 inquit,
1894 2712 1981 2752 res

414 2787 644 2843 vestras,
670 2787 722 2832 et
750 2777 891 2832 facta
944 2780 1243 2849 explorate,
1301 2783 1396 2850 qui
1448 2783 1688 2838 divinum
1719 2789 1978 2857 templum

416 2871 725 2941 negligitis;
774 2878 828 2927 et
857 2886 1104 2941 quaenam
1155 2873 1310 2929 vobis
1360 2874 1587 2943 proinde
1632 2877 1976 2947 contigerint.

414 2960 567 3018 Patet
590 2976 769 3016 autem
799 2963 1115 3032 prophetam
1144 2963 1404 3019 vocabulo
1426 2966 1768 3031 viae,illorum
1794 2983 1980 3039 opera,

415 3061 578 3121 prout
603 3054 759 3115 solet,
789 3052 1096 3124 designare.

485 3222 651 3278 Vens.
691 3224 805 3279 6-8.
829 3253 900 3263 —
921 3222 1116 3279 Postea
1152 3224 1278 3279 dicit
1311 3243 1323 3278 :
1358 3246 1376 3277 ι
1407 3213 1741 3285 Seminastis
1770 3233 1976 3299 multa,

415 3327 468 3370 et
502 3316 762 3370 intulistis
793 3331 968 3387 pauca
996 3334 1009 3370 :
1040 3316 1375 3383 comedistis,
1398 3326 1451 3372 et
1477 3334 1587 3373 non
1622 3321 1686 3375 ad
1721 3324 1982 3378 saturita-
2006 3357 2057 3422 ϐ

414 3416 523 3461 tem
555 3422 569 3458 :
610 3408 845 3474 bibistis,
873 3415 926 3461 et
954 3423 1061 3462 non
1089 3407 1154 3462 ad
1184 3408 1500 3467 ebrietatem
1527 3430 1541 3466 :
1576 3412 1832 3470 induistis
1863 3432 1977 3480 vos,

411 3510 467 3553 et
494 3513 601 3553 non
633 3498 770 3554 estis
803 3498 1055 3552 calefacti
1092 3499 1146 3552 in
1182 3500 1261 3554 eis
1288 3518 1300 3554 :
1336 3513 1388 3556 et
1420 3503 1512 3573 qui
1545 3504 1825 3562 mercedes
1852 3522 1983 3563 con-

411 3594 708 3662 gregabat,
742 3591 1087 3648 coacervavit
1110 3609 1203 3648 eas
1228 3595 1281 3647 in
1314 3598 1589 3651 sarculum
1620 3606 1923 3668 pertusum.
1956 3621 1974 3654 ι

410 3685 810 3748 Considerate,
864 3686 917 3743 in
965 3692 1225 3753 quantam
1282 3699 1476 3744 vestire
1533 3689 1759 3761 ignavim
1810 3707 1979 3749 causa

414 3776 746 3832 deveneritis
776 3787 1073 3848 egestatem
1106 3788 1159 3836 et
1185 3779 1261 3835 rei
1295 3782 1621 3837 necessariae
1648 3784 1937 3853 penuriam
1964 3804 1976 3839 :

418 3867 492 3919 ita
527 3878 586 3921 ut
615 3870 683 3924 de
716 3872 904 3927 multis
937 3873 1243 3929 seminibus
1278 3875 1534 3945 exiguum
1570 3875 1809 3929 fructum
1860 3876 1977 3929 col-

415 3954 687 4026 legeritis.
723 3970 776 4013 et
814 3977 992 4031 neque
1031 3978 1158 4019 esca
1204 3980 1382 4033 neque
1428 3973 1555 4035 potu
1600 3982 1779 4037 neque
1809 3968 1978 4022 vesti-

415 4056 599 4101 mento
633 4050 768 4104 satis
806 4049 910 4106 frui
951 4055 1272 4122 potueritis,
1316 4072 1494 4126 neque
1530 4064 1818 4127 urgentem
1848 4072 1978 4129 ege-

412 4146 608 4192 statem
643 4141 878 4206 satiare,
913 4144 1040 4212 quia
1078 4146 1233 4200 vobis
1281 4147 1592 4200 necessaria
1641 4148 1822 4202 omnia
1879 4151 1978 4205 de-

413 4226 654 4280 fuerunt.
703 4227 842 4284 Hinc
874 4233 1038 4284 etiam
1084 4235 1378 4303 pensiones
1428 4220 1667 4301 vestrae,-
1708 4245 1979 4309 quotquot

412 4312 663 4368 locandis
693 4318 839 4386 agris
871 4320 950 4372 vel
1002 4308 1126 4377 aliis
1160 4323 1479 4392 bujusmodi
1510 4308 1933 4396 comparavistis
1953 4370 1973 4396 ,

408 4402 482 4455 ad
516 4402 748 4456 nihilum
782 4406 1016 4463 redacta:
1059 4410 1279 4466 fuerunt
1312 4432 1324 4467 :
1360 4415 1562 4469 etenim
1606 4416 1978 4486 pessumdatis

409 4492 684 4549 tructibus
717 4536 731 4560 ,
768 4512 836 4552 ne
876 4501 1167 4569 pensiones
1208 4503 1426 4571 quidem
1464 4518 1495 4558 a
1536 4507 1975 4577 redemptoribus

406 4582 528 4636 «lari
571 4587 860 4653 potuerint.
920 4588 1073 4645 Sicut
1117 4602 1299 4647 autem
1333 4594 1385 4647 in
1418 4610 1679 4651 crumena
1710 4607 1804 4653 aut
1838 4615 1974 4670 pan-
2016 4592 2025 4597 ”

2086 772 2235 838 λαοῦ,
2264 774 2445 840 καλῶς
2472 778 2536 830 ἐκ
2561 778 2660 846 τῆς
2713 776 3099 847 πεπλασμένης
3141 776 3321 830 αὐτῶν
3360 778 3657 847 ἀπολογίας

2087 869 2316 920 ποιεῖται
2357 866 2455 939 τὴν
2499 868 2693 939 ἀρχὴν,
2724 862 2869 941 ᾗπερ
2897 867 3235 939 κεχρημένοι
3287 868 3657 939 εὐπροσώποις

2087 957 2409 1028 καταμελεῖν
2450 959 2666 1013 ἐδόκουν
2700 957 2793 1013 τοῦ
2837 957 3023 1030 έργου.
3050 957 3282 1026 Λέγουσι
3307 960 3435 1029 γὰρ,
3465 961 3654 1029 φησὶν,

2083 1047 2234 1102 οῦπω
2265 1050 2514 1120 παρεῖναι
2545 1047 2645 1119 τῆς
2691 1049 2977 1119 οἰκοδομῆς
3013 1048 3106 1101 τοῦ
3136 1048 3267 1103 ναοῦ
3299 1049 3392 1103 τὸν
3439 1052 3654 1119 καιρὸν,

2083 1139 2159 1201 ῶς
2213 1138 2280 1192 ἂν
2340 1139 2561 1203 δικαίως
2609 1139 2937 1210 ἀμελοῦντες
3008 1139 3280 1208 φαίνοιντο
3322 1138 3422 1192 τοῦ
3468 1139 3653 1212 ἔργου.

2083 1225 2215 1283 Εἶτα
2246 1231 2630 1302 πεπλασμένην
2663 1230 2900 1300 ἐλέγχων
2922 1230 3020 1301 τὴν
3046 1230 3341 1299 ἀπολογίαν
3370 1231 3434 1284 ἐκ
3458 1232 3656 1296 κακίας

2084 1320 2398 1391 ηὑρημένην
2443 1325 2521 1386 είς
2555 1321 2924 1399 προκάλυμμα
2963 1323 3065 1394 τῆς
3096 1324 3388 1395 ῥᾳθυμίας,
3419 1324 3614 1392 ἐπάγει
3639 1344 3652 1356 ·

2090 1431 2108 1463 ι
2139 1412 2248 1466 Καὶ
2307 1413 2523 1481 ἐγένετο
2570 1414 2726 1482 λόγος
2771 1414 2975 1484 Κυρίου
3008 1416 3066 1470 ἐν
3095 1415 3237 1486 χειρὶ
3274 1416 3527 1484 Ἀγγαίου
3560 1417 3655 1469 τοῦ

2084 1504 2358 1574 προφήτου
2388 1503 2559 1573 λέγων
2585 1522 2598 1535 ·
2633 1505 2694 1557 Εί
2726 1504 2915 1575 καιρὸς
2943 1506 3044 1576 μὲν
3072 1506 3100 1557 ὑ
3111 1509 3202 1575 μίν
3234 1507 3348 1558 ἐστι
3369 1506 3462 1558 τοῦ
3484 1508 3657 1560 οἰκεῖν

2082 1591 2139 1643 ὲν
2166 1591 2333 1654 οἴκοις
2357 1592 2511 1662 ὑμῶν
2536 1592 2963 1665 κοιλοστάθμοις,
2980 1597 3009 1648 ὁ
3031 1594 3086 1647 δὲ
3107 1590 3252 1657 οἶκος
3274 1587 3426 1658 οὗτος
3457 1595 3625 1666 ὲξηρή
3642 1627 3658 1635 -

2085 1697 2259 1749 μωται
2288 1696 2302 1743 ;
2347 1700 2365 1732 ι
2407 1677 2544 1738 Εἶτά
2579 1670 2743 1753 φησίν
2769 1697 2784 1712 ⁸
2818 1684 2954 1754 Περὶ
2987 1683 3083 1754 μὲν
3110 1683 3206 1747 τάς
3241 1684 3526 1755 οἰκοδομὰς
3554 1687 3655 1749 τὰς

2081 1771 2286 1833 οἰκείας
2330 1770 2503 1835 οῦτως
2551 1773 2938 1836 ἐσπουδάκατε,
2993 1776 3053 1827 ού
3084 1774 3242 1845 μόνον
3278 1776 3415 1846 μετὰ
3451 1775 3656 1846 πολλῆς

2081 1861 2248 1925 αὐτάς
2279 1863 2650 1933 ἀνεγείροντες
2676 1865 2777 1931 τῆς
2794 1864 3123 1937 προθυμίας,
3150 1866 3285 1920 ἀλλὰ
3318 1867 3411 1919 καλ⁵
3444 1867 3658 1921 καλλω-

2085 1952 2329 2017 πίζοντες
2360 1953 2529 2018 αὐτὰς
2561 1956 2659 2009 σὺν
2687 1955 2833 2027 πάσῃ
2867 1957 3093 2029 δυνάμει
3121 1975 3136 1990 ⁸
3157 1957 3236 2028 τῷ
3262 1958 3320 2011 δὲ
3356 1958 3470 2029 ναῷ
3506 1960 3659 2030 μόνῳ

2082 2042 2271 2112 καιρὸς
2297 2044 2585 2115 οἰκοδομῆς
2636 2046 2697 2098 οὐ
2735 2046 3029 2116 πάρεστινς
3069 2048 3186 2101 ούδέ
3216 2048 3529 2118 αἰσχύνεσθε
3560 2049 3658 2102 τὸν

2082 2135 2261 2204 πάσης
2295 2134 2422 2205 ύμῖν
2458 2136 2556 2206 τῆς
2590 2136 2861 2208 σωτηρίας
2892 2138 3058 2191 αἴτιον
3086 2139 3145 2191 ἐν
3184 2138 3420 2210 τοσαύτῃ
3444 2141 3655 2209 τυγχά-

2080 2241 2236 2278 νοντα
2272 2226 2632 2298 περιορῶντες
2661 2229 2886 2300 ὲρημίᾳ,
2918 2227 2994 2299 (p.
3017 2229 3140 2300 “5)
3174 2230 3247 2295 ὡς
3280 2231 3348 2284 τὰ
3384 2232 3481 2301 μὲν
3505 2233 3657 2301 οἰκή-

2083 2334 2228 2387 ματα
2286 2319 2438 2390 ὑμῶν
2485 2320 2578 2372 καὶ
2622 2319 2898 2387 γεγονέναι
2933 2323 3072 2391 μετά
3100 2317 3162 2375 δὲ
3211 2324 3657 2378 κεκαλλωπίσθαι

2082 2407 2221 2476 μετὰ
2250 2408 2449 2478 πολλῆς
2498 2408 2636 2477 άγαν
2669 2408 2770 2478 τῆς
2825 2410 3161 2481 ἐπιμελείας,
3206 2412 3298 2465 τοῦ
3321 2412 3449 2467 ναοῦ
3476 2413 3533 2467 δέ
3558 2413 3655 2468 τὸν

2078 2496 2243 2550 τόπον
2260 2497 2465 2568 ἐρημίᾳ
2488 2496 2878 2568 παραδεδόσθαι
2905 2499 3005 2563 ἔτι,
3028 2500 3197 2570 μηθὲν
3224 2502 3375 2572 ὑμῶν
3395 2505 3473 2565 εἰς
3498 2505 3651 2573 οἰκο-

2079 2586 2247 2657 δομὴν
2282 2587 2445 2640 αὐτοῦ
2498 2587 2718 2657 ποιῆσαι
2764 2588 3015 2654 καθάπαξ
3040 2591 3330 2661 ἑλομένων.
3370 2611 3388 2643 ι
3424 2595 3532 2647 Καὶ
3553 2594 3657 2648 νῦν

2080 2677 2204 2731 τάδε
2238 2677 2382 2747 λέγει
2404 2680 2604 2752 Κύριος
2627 2683 3042 2755 παντοκράτωρ·
3071 2681 3276 2747 Τάξατε
3304 2683 3401 2749 τὰς
3424 2685 3653 2756 καρδίας

2082 2765 2234 2836 ὑμῶν
2293 2768 2373 2830 είς
2395 2767 2491 2830 τὰς
2529 2769 2678 2833 ὁδοὺς
2733 2769 2907 2842 ὑμῶν.
2949 2790 2966 2822 ι
3019 2769 3456 2838 Ἀναλογίσασθε.
3489 2771 3671 2839 φησὶ,

2081 2856 2149 2910 τὰ
2185 2856 2307 2912 καθ’
2335 2858 2560 2924 ἑαυτοὺς
2585 2863 2678 2916 καὶ
2720 2862 3051 2932 δοκιμάσαιτε
3100 2862 3198 2931 μὲν
3237 2860 3273 2915 ἃ
3306 2862 3653 2931 πεπράχατε,

2081 2945 2174 3000 τοῦ
2199 2946 2330 3001 ναοῦ
2379 2951 2927 3022 καταρῤᾳθυμοῡντες
2960 2952 3050 3005 τοῦ
3099 2952 3263 3017 θείου,
3291 2952 3411 3005 τίνα
3439 2953 3495 3005 δὲ
3521 2953 3673 3023 ύμῖν·

2081 3039 2146 3091 ἐκ
2170 3038 2358 3092 τούτου
2383 3039 2742 3111 συμϐέϐηκεν.
2784 3041 3018 3111 Εῦδηλον
3048 3041 3155 3113 γὰρ
3177 3043 3257 3096 ὅτι
3292 3042 3443 3106 ὀδοὺς
3470 3042 3653 3096 αὐτῶν

2080 3126 2181 3192 τὰς
2219 3126 2443 3197 πράξεις
2473 3129 2652 3183 αὐτῶν
2682 3128 2854 3194 καλεῖ,
2887 3130 3068 3192 καθὼς
3097 3130 3303 3186 εἴωθεν.

2153 3219 2301 3288 Στίχ.
2333 3225 2488 3289 ς’-η’.
2536 3248 2606 3260 --
2644 3215 2778 3273 Εἶτα
2800 3220 2987 3289 λέγει·
3042 3240 3061 3272 ι
3108 3220 3427 3292 Ἐσπείρατε
3456 3221 3654 3287 πολλὰ,

2085 3311 2177 3363 καὶ
2194 3311 2546 3379 εἰσηνέγκατε
2564 3312 2737 3381 ὀλίγα⁸
2767 3310 3020 3382 ἐφάγετε,
3053 3315 3145 3367 καί¹
3173 3314 3272 3368 οὐκ
3300 3315 3379 3379 είς
3406 3315 3654 3386 πλησμο-

2084 3407 2211 3475 νήν⁸
2249 3404 2465 3468 ἐπίετε,
2509 3405 2604 3458 καὶ
2634 3405 2735 3457 οὐκ
2767 3406 2848 3468 είς
2877 3405 3066 3475 μέθην·
3116 3405 3523 3476 περιεϐάλεσθε,
3556 3408 3657 3461 καὶ

2083 3498 2183 3550 οὐκ
2211 3497 2581 3570 ὲθερμάνθητε
2613 3499 2671 3552 ἐν
2703 3499 2904 3561 αύτοίς⁸
2939 3501 3033 3553 καὶ
3058 3502 3086 3554 ὁ
3114 3501 3240 3564 τοὺς
3268 3500 3489 3570 μισθοὺς
3520 3519 3654 3553 συν-

2085 3590 2281 3658 άγων,,
2318 3592 2621 3659 συνήγαγεν
2654 3593 2733 3656 εἰς
2774 3591 2971 3661 δεσμὸν
3000 3591 3429 3661 τετρυπημένον.
3459 3610 3478 3643 ι
3530 3592 3657 3644 Ἐν-

2083 3682 2310 3751 νοήσατε
2338 3682 2448 3754 γὰρ
2472 3684 2529 3736 ὲν
2555 3683 2654 3754 ὅσῃ
2696 3683 2784 3738 διὰ
2820 3683 2919 3754 τὴν
2971 3682 3243 3754 ῥᾳθυμίαν
3273 3683 3489 3753 ἐκείνην
3518 3700 3659 3738 κατ-

2081 3774 2275 3843 έστητε
2302 3774 2478 3845 ἐνδείᾳ
2503 3790 2563 3828 τε
2596 3776 2691 3829 καὶ
2722 3776 2914 3829 σπάνει
2939 3774 3047 3827 τῶν
3072 3775 3383 3843 ἀναγκαίων
3402 3791 3415 3806 ⁸
3441 3775 3516 3838 ὡς
3542 3774 3659 3829 ἀπὸ

2082 3864 2290 3918 πολλῶν
2341 3866 2440 3936 μὲν
2487 3865 2814 3936 σπερμάτων
2847 3865 3050 3936 βραχὺν
3096 3866 3370 3935 συλλέγειν
3413 3867 3654 3939 καρπὸν,

2082 3955 2373 4010 ἀπολαύειν
2417 3957 2474 4009 δὲ
2507 3956 2582 4027 μὴ
2612 3957 2838 4028 τροφῆς,
2875 3958 2948 4027 μὴ
2991 3958 3176 4021 πότου,
3216 3958 3289 4028 μὴ
3335 3957 3660 4028 ἐνδυμάτων

2082 4047 2218 4119 πρὸς
2254 4047 2413 4116 κόρον
2440 4047 2539 4116 τῆς
2568 4047 2996 4119 κατεπειγούσης
3023 4049 3213 4119 χρείας
3236 4089 3253 4116 ,
3303 4048 3395 4102 ἆτε
3428 4048 3657 4102 πάντων

2081 4137 2454 4201 σπανιζόντων
2481 4139 2607 4208 ὑμῖν
2634 4137 2743 4193 τῶν
2768 4140 3099 4208 ἀναγκαίων.
3137 4141 3232 4193 Ἐκ
3257 4139 3313 4192 δὲ
3342 4141 3531 4192 τούτου
3552 4139 3657 4193 καὶ

2078 4229 2149 4283 τὰ
2199 4228 2523 4300 μισθώματα
2576 4230 2723 4300 ὑμῖν,
2776 4231 2852 4294 ὡς
2898 4231 3063 4296 είκδς,
3110 4231 3318 4301 ὅσαπερ
3377 4229 3655 4283 ἐποιεῖσθε

2081 4320 2284 4388 ἀγρούς
2310 4336 2371 4372 τε
2409 4320 2826 4389 ὲκμισθοῦντες,
2871 4320 2964 4375 καὶ⁵
2990 4320 3165 4374 ὁπόσα
3206 4321 3269 4390 δὴ
3311 4320 3533 4374 τοιαῦτα
3569 4323 3655 4384 είς

2077 4412 2228 4466 οὐδὲν
2272 4413 2481 4481 ἐγίνετο
2511 4412 2700 4483 ὄφελος
2721 4429 2735 4443 ⁸
2786 4412 2972 4483 ἐπειδὴ
3014 4412 3121 4465 τῶν
3150 4412 3377 4482 καρπῶν
3410 4411 3656 4466 ἀπολλυ-

2081 4505 2277 4575 μένων,
2306 4505 2427 4558 οὐδὲ
2452 4504 2519 4559 τὰ
2547 4502 2873 4575 μισθώματα
2905 4505 3032 4573 ὑμῖν
3059 4504 3210 4575 παρά
3233 4503 3341 4557 τῶν
3370 4504 3657 4573 ὲκλαμϐα-
3676 4558 3691 4565 _

2077 4594 2274 4647 νόντων
2303 4593 2570 4647 τελεῖσθαι
2610 4593 2833 4647 δυνατὸν
2875 4592 3137 4664 ὑπῆρχεν.
3185 4594 3254 4662 (ρ.
3277 4593 3402 4662 416)
3433 4592 3657 4661 ’Ὠσπερ

410 4675 594 4731 niculo
623 4687 716 4731 aut
758 4681 954 4748 quovis
986 4682 1093 4737 alio
1129 4683 1448 4749 involucra,
1496 4687 1638 4756 quod
1687 4698 1970 4758 pertusum

2081 4684 2133 4738 δὲ
2166 4686 2224 4737 ἐν
2252 4682 2519 4756 βαλαντίῳ
2551 4684 2583 4754 ἢ
2615 4684 2770 4755 ράκει
2798 4685 2832 4754 ἡ
2857 4700 2959 4737 τινι
2990 4684 3125 4745 ὅλως
3155 4683 3447 4752 ἀποδέσμῳ
3476 4683 3525 4734 εί
3552 4699 3650 4735 τε-

410 4767 609 4831 fuerit,
646 4772 959 4825 coacervari
994 4781 1279 4844 argentum
1311 4777 1543 4844 nequit,
1576 4776 1721 4843 quod
1752 4778 1979 4834 omnino

408 4858 657 4914 cllluerct
701 4874 762 4912 ac
797 4861 1019 4930 periret,
1062 4861 1146 4918 sic
1181 4864 1350 4917 etiam
1386 4864 1744 4933 pereuntibus
1784 4865 1977 4922 fructi-

410 4947 550 5007 bus,
600 4956 812 5003 vestras
850 4964 1068 5017 quoque
1120 4949 1419 5020 pensiones
1465 4948 1715 5020 deperire
1748 4967 1977 5007 necesse

412 5039 533 5091 luit.
563 5059 580 5090 ι
611 5039 732 5094 llrec
765 5042 840 5092 ait
871 5039 1132 5095 l‘tominus
1155 5041 1501 5112 omnipotens
1533 5060 1545 5094 :
1578 5040 1774 5098 Ponite
1801 5042 1970 5097 corda

411 5136 591 5181 vestra
625 5130 690 5184 ad
727 5130 843 5185 vias
887 5136 1144 5185 vestras:
1185 5132 1469 5187 ascendite
1511 5132 1563 5187 in
1610 5140 1853 5188 montem
1879 5173 1894 5199 ,
1924 5143 1977 5187 et

409 5222 691 5289 przecidite
715 5222 860 5293 ligna
881 5263 895 5286 ,
928 5229 982 5277 et
1011 5221 1222 5279 deferte
1242 5263 1256 5284 ,
1290 5239 1353 5279 ac
1382 5225 1645 5295 templum
1677 5225 1965 5291 zediiicate,

408 5317 462 5361 et
492 5308 806 5366 delectabor
833 5312 888 5367 in
919 5328 982 5366 eo
1007 5354 1021 5378 ,
1051 5324 1104 5369 et
1131 5312 1501 5384 glorificabor,
1532 5315 1610 5368 ait
1638 5313 1922 5371 Dominus.
1953 5334 1971 5367 ι

411 5393 503 5449 liia
544 5413 675 5468 ergo
708 5400 824 5455 haec
860 5414 1173 5471 reputantes
1195 5445 1207 5468 ,
1243 5405 1405 5460 facite
1434 5422 1553 5475 quae
1587 5406 1855 5461 hactenus
1885 5422 1978 5460 ne-

410 5487 693 5554 glexistis,
730 5491 892 5562 274
924 5495 1072 5549 etde
1108 5497 1311 5565 templo
1358 5496 1695 5552 exstruendo
1754 5499 1970 5553 solliciti

411 5586 619 5643 estote,
661 5580 801 5648 ligna
843 5584 1236 5651 praecidentes,
1272 5602 1335 5641 ac
1376 5588 1582 5657 reliqua
1623 5588 1970 5643 aedificationi
2010 5630 2023 5639 κ

412 5681 603 5727 idonea
658 5671 828 5724 multo
878 5687 1000 5727 cum
1053 5676 1215 5729 animi
1267 5677 1475 5734 fervore
1528 5688 1788 5744 parantes
1860 5680 1972 5748 Ego

2075 4776 2423 4848 τρυπημένον
2462 4774 2568 4846 εἴη,
2600 4775 2949 4844 συλλέγεσθαι
2989 4774 3252 4846 ἀργύριον
3277 4774 3525 4844 οὐδαμῶς
3551 4774 3648 4827 δυ-

2075 4868 2254 4932 νατὸν,
2270 4867 2584 4920 διεκπίπτον
2613 4867 2706 4920 καὶ
2731 4866 3098 4936 ἀπολλύμενον
3129 4866 3364 4930 πάντως,
3382 4865 3555 4927 οὕτως
3576 4869 3644 4936 τῇ

2075 4956 2182 5010 τῶν
2218 4954 2443 5026 καρπῶν
2475 4953 2720 5026 ἀπωλείᾳ
2753 4955 2848 5008 καὶ
2883 4954 2951 5010 τὰ
2984 4953 3314 5025 μισθώματα
3355 4954 3483 5024 ὑμῖν
3519 4970 3649 5005 συν-

2075 5044 2478 5116 διαφθείρεσθαι
2507 5046 2801 5113 ἀναγκαῖον
2829 5047 3092 5117 ὑπῆρχεν.
3134 5063 3152 5097 ι
3181 5044 3319 5098 Τάδε
3346 5045 3492 5112 λέγει
3532 5044 3649 5098 Κύ-

2082 5154 2194 5207 ριος
2228 5136 2622 5207 παντοκράτωρ
2641 5153 2654 5166 ⁸
2687 5134 2855 5189 Θέσθε
2878 5135 2977 5200 τὰς
3004 5137 3232 5207 καρδίας
3260 5135 3413 5205 ὑμῶν
3437 5136 3513 5197 είς
3542 5135 3649 5197 τὰς

2076 5225 2228 5288 ὁδοὺς
2261 5224 2441 5295 ὑμῶν’
2476 5224 2709 5295 ἀνάϐητε
2741 5225 2833 5279 ἐπὶ
2861 5226 2922 5279 τὸ
2954 5226 3101 5299 ὅρος,
3133 5227 3227 5280 καὶ
3255 5226 3459 5296 κόψατε
3488 5223 3647 5289 ξύλα,

2077 5316 2169 5368 καὶ
2197 5314 2400 5380 οἴσατε,
2427 5317 2522 5370 καὶ
2549 5317 2940 5388 οίκοδομήσατε
2967 5317 3132 5382 οἶκον,
3161 5318 3255 5371 καὶ
3282 5316 3557 5387 εύδοκήσω
3588 5318 3649 5369 ἐν

2077 5405 2225 5475 αὐτῷ
2260 5406 2354 5459 καὶ
2381 5407 2857 5478 ἐνδοξασθήσομαι,
2889 5403 3010 5461 εἶπε
3043 5408 3265 5477 Κύριος.
3298 5426 3318 5460 ι
3359 5405 3519 5459 Ἀλλά
3535 5404 3649 5477 γὰρ

2080 5493 2250 5547 ταῦτα
2278 5494 2746 5567 ἀναλογισάμενοι,
2780 5497 3140 5569 διορθώσασθε
3172 5497 3273 5568 μὲν
3296 5497 3365 5552 τὰ
3393 5496 3487 5551 νῦν
3515 5497 3646 5568 παρ’

2082 5585 2234 5653 ὑμῶν
2259 5586 2624 5657 ἀμελούμενα,
2654 5590 2746 5642 καὶ
2773 5591 3089 5659 φροντίσατε
3117 5592 3214 5660 τῆς
3243 5590 3530 5663 οἰκοδομῆς
3547 5589 3648 5651 τοῦ

2082 5677 2207 5730 ναοῦ
2232 5693 2244 5708 ⁸
2283 5677 2411 5743 ξύλα
2448 5697 2503 5732 τε
2539 5680 2877 5752 ἐκτεμόντες,
2910 5683 2999 5736 καὶ
3026 5682 3093 5737 τὰ
3123 5682 3284 5736 λοιπὰ
3321 5683 3384 5754 δὴ
3413 5682 3479 5736 τὰ
3511 5680 3659 5753 πρὸς
