4022 6138
283 300 387 362 ιόδ

1346 276 1891 339 COMMENTARIUS
1924 281 1992 339 IN
2023 280 2258 339 Αῦαιει
2293 279 2444 337 CAP.
2476 280 2539 336 11.

3442 283 3547 344 ιω

288 432 413 476 cate
432 415 616 474 πάντα
641 411 713 467 τὰ
733 411 884 481 ἔθνη,
913 404 1264 479 βαπτίζοντες
1285 406 1483 469 αὐτοὺς
1506 406 1585 469 είς
1613 403 1676 458 τὺ
1700 403 1871 475 ὄνομα

1985 410 2182 473 gentes,
2219 402 2559 472 haptizantcs
2587 415 2682 457 eos
2711 401 2767 455 in
2798 401 3020 457 nomine
3045 399 3226 457 Patris
3252 408 3305 457 et
3337 399 3462 459 Filii
3490 412 3548 461 et

289 508 380 565 τοῦ
399 506 615 579 Πατρδς
642 505 740 561 καὶ
756 502 852 558 τοῦ
880 499 1007 554 Υἱοῦ
1038 498 1135 552 καὶ
1165 496 1265 551 τοῦ
1295 497 1450 567 ἁγίου
1481 495 1812 567 Πνεῦματος·
1846 515 1863 548 ι

294 600 380 669 ἀφ’
411 592 485 653 ὧν
536 596 604 669 δὴ
654 592 1000 667 μανθάνομεν
1049 586 1261 659 Πατρός
1305 603 1363 641 τε
1398 586 1688 658 πρόσωπον
1720 585 1870 649 ῐδιον,
1918 654 1925 660 ⁸

296 692 384 744 καὶ
449 686 581 741 Υἳοῦ
636 685 930 756 πρόσωπον
982 680 1110 734 ῐδιον
1135 717 1152 743 ,
1201 678 1296 732 καὶ
1348 677 1663 747 Πνεύματος
1716 676 1870 745 ἁγίου

299 778 581 851 πρόσωπον
614 775 766 839 ίδιον,
796 773 895 842 τῆς
927 769 1078 832 θείας
1102 768 1198 821 καὶ
1229 766 1398 820 ἀϊδίου
1432 766 1619 830 οὐσίας
1646 767 1873 819 ἕκαστον

301 868 493 923 τούτων
545 860 687 919 εἶναι
729 862 1041 933 νομίζοντες
1080 859 1300 930 ὁμοίως,
1335 857 1429 912 ἅτε
1475 858 1603 928 μιᾶς
1637 858 1736 927 μὲν
1773 857 1874 927 τῆς

306 957 594 1032 μαθητείας
622 954 789 1026 οὔσης
813 954 880 1024 ἢν
908 952 1000 1005 ἐπὶ
1025 949 1342 1020 διδασκαλίᾳ
1368 948 1467 1018 τῆς
1489 948 1637 1014 θείας
1658 948 1875 1013 ὲξεπαι-

304 1051 507 1105 δεύοντο
537 1045 794 1116 γνώσεως
818 1060 832 1073 ·
881 1041 998 1104 ἐνὸς
1033 1040 1090 1094 δὲ
1118 1038 1211 1094 τοῦ
1252 1037 1623 1109 βαπτίσματος
1659 1040 1753 1092 τοῦ
1785 1038 1873 1092 ἐπ’

306 1141 513 1210 ὀνόματι
535 1136 742 1191 τούτων
764 1129 1161 1204 πληρουμένου.
1203 1126 1268 1183 Ἠ
1292 1128 1585 1193 Παλαιὰδὲ,
1612 1128 1686 1192 ὡς
1716 1128 1873 1199 ἔφην,

307 1231 520 1302 Πνεῦμα
551 1229 710 1298 ἅγιον
744 1227 803 1280 ὲν
842 1224 955 1295 ἰδίῳ
986 1219 1262 1295 προσώπῳ
1291 1220 1387 1274 καὶ
1424 1220 1716 1275 ὑποστάσει
1746 1220 1872 1291 ἰδίᾳ,

307 1320 719 1394 κεχωρισμένως
756 1316 850 1371 τοῦ
898 1313 1032 1368 Θεοῦ
1076 1312 1176 1366 οὐκ
1214 1311 1480 1380 ἠπίστατο
1503 1327 1516 1340 ·
1557 1309 1780 1381 Πνεῦμα
1818 1311 1877 1365 δὲ

307 1413 450 1481 ἅγιον
485 1408 697 1472 ἐκάλει,
737 1407 859 1477 ἢτοι
902 1403 1128 1473 Πνεῦμα
1156 1400 1313 1465 Θεοῦ,
1351 1400 1449 1469 τὴν
1487 1400 1646 1470 χάριν
1687 1400 1874 1465 αὑτοῦ,

306 1505 337 1576 ἢ
368 1503 459 1574 τὴν
487 1498 836 1558 ἐπιστασίαν.
866 1496 900 1567 ἢ
937 1495 1036 1564 τὴν
1074 1492 1480 1564 κηδεμονίαν,ἢ
1517 1493 1616 1564 τὴν
1654 1494 1780 1564 περί
1824 1510 1877 1546 τι

306 1594 553 1657 διάθεσιν,
581 1592 617 1662 ἢ
637 1590 692 1644 ετ
707 1607 761 1643 τι
790 1586 1048 1643 τοιοῦτονο
1084 1587 1160 1656 (p.
1182 1585 1308 1654 lii)
1338 1585 1478 1639 «Ποῦ
1500 1584 1750 1656 πορευθῶ
1772 1585 1879 1639 άπὸ

305 1684 392 1737 τοῦ
417 1679 738 1751 Πνεύματός
771 1694 902 1742 σου;
942 1678 1037 1729 καὶ
1063 1676 1171 1730 ἀπὸ
1192 1675 1284 1729 τοῦ
1319 1675 1612 1746 προσώπου
1643 1693 1735 1730 σου
1773 1675 1877 1730 ποῦ

1974 493 2214 563 Spiritus
2241 496 2415 550 sancti
2436 493 2481 524 ³³
2502 512 2519 547 -.
2538 512 2559 546 ι
2593 492 2737 547 unde
2767 491 3033 548 discimus
3049 489 3224 551 Patris
3253 506 3545 563 personam

1972 586 2270 654 propriam,
2301 592 2356 638 et
2390 582 2514 638 Filii
2543 596 2836 653 personam
2880 586 3180 652 prapriam,
3208 593 3262 636 et
3307 580 3547 652 Spiritus

1972 675 2148 731 sancti
2176 690 2462 746 personam
2496 674 2804 745 propriam,
2853 686 3304 744 unumquemque
3351 674 3547 729 horum

1972 766 2214 827 divinam
2238 781 2304 821 ac
2327 766 2715 836 sempiternam
2754 778 2911 835 mque
2940 764 3141 819 habere
3183 763 3547 819 substantiam

1972 864 2298 924 censentes;
2332 857 2771 926 quandoquidem
2802 871 2909 911 una
2936 864 3022 910 est
3047 855 3318 920 doctrina,
3352 869 3460 924 qua
3491 855 3549 912 in

1974 951 2174 1006 divinae
2219 952 2465 1007 scientim
2515 950 2812 1006 traditione
2873 951 3260 1006 imbuebantur
3308 969 3323 1005 :
3379 965 3551 1005 unum

1976 1042 2103 1097 item
2128 1043 2397 1113 baptisma
2423 1044 2476 1097 iu
2503 1044 2722 1098 nomine
2747 1044 2940 1097 horum
2965 1044 3248 1097 collatum.
3289 1043 3358 1096 At
3403 1040 3553 1097 Scri-

1974 1140 2135 1202 ptura
2165 1139 2343 1195 vetus,
2374 1140 2435 1186 ttt
2464 1134 2601 1199 dixi,
2640 1133 2907 1202 Spiritum
2947 1141 3198 1187 sanctum
3247 1134 3301 1186 in
3331 1132 3550 1201 propria

1976 1239 2238 1293 persona,
2282 1226 2419 1279 etin
2471 1226 2689 1294 propria
2723 1225 3030 1295 hypostasi,
3079 1239 3327 1278 seorsum
3375 1239 3406 1278 a
3455 1224 3551 1280 Dei

1974 1318 2214 1387 generali
2259 1317 2483 1387 notione
2523 1317 2793 1371 nescivit:
2829 1314 3092 1386 Spiritum
3125 1331 3253 1369 vero
3300 1323 3551 1370 sanctum

1972 1408 2093 1462 sive
2123 1406 2386 1477 Spiritum
2417 1406 2533 1468 Dei,
2577 1409 2808 1474 gratiam
2843 1407 3017 1475 ipsius
3049 1409 3299 1468 vocabat,
3334 1407 3416 1461 vel
3450 1407 3552 1460 im-

1977 1499 2191 1569 perium
2222 1512 2288 1552 ac
2322 1498 2742 1568 providentiam,
2776 1497 2860 1551 vel
2895 1511 3023 1564 erga
3052 1496 3259 1566 aliquid
3307 1496 3553 1550 affectio.

1980 1605 2124 1649 nem,
2144 1589 2227 1642 vel
2249 1589 2467 1660 quidvis
2490 1587 2820 1658 hujusmodi.
2859 1605 2877 1638 ι
2906 1587 3070 1655 Quoa
3088 1586 3295 1657 Spiritu
3318 1596 3411 1642 tuo
3433 1588 3555 1641 ibo?

1977 1691 2032 1735 et
2068 1694 2100 1734 a
2142 1679 2279 1735 facie
2312 1687 2405 1733 tua
2433 1695 2544 1750 quo
2589 1679 2791 1749 fugiam
2811 1676 2894 1730 “?
2929 1695 2950 1729 ο
3003 1676 3132 1731 Vult
3176 1678 3324 1734 enim
3371 1679 3555 1735 dicere

307 1774 490 1846 φύγω;
512 1793 531 1825 ο
561 1742 823 1826 Πούλεται
843 1768 951 1840 γὰρ
967 1770 1140 1821 εἰπεῖν
1161 1768 1243 1821 ὅτι
1269 1742 1415 1832 Ἔξω
1441 1768 1540 1837 τῆς
1562 1767 1879 1831 ἐπιστασίας

1985 1764 2099 1819 fieri
2127 1780 2237 1820 non
2268 1742 2536 1834 possm-ut
2563 1742 2718 1820 extra
2743 1775 2895 1819 tuum
2927 1764 3215 1835 imperium
3246 1768 3374 1832 sim,
3421 1782 3557 1838 quo-

309 1886 398 1923 σου
426 1865 684 1937 γενέσθαι
716 1865 777 1918 οὐ
803 1861 1047 1925 δυνατὸν,
1086 1860 1275 1932 ἐπειδὴ
1317 1861 1485 1929 πάρει
1528 1862 1638 1922 τοῖς
1678 1861 1873 1914 πᾶσιν·

305 1958 496 2026 ἐπάγει
535 1954 669 2025 γοῦν
711 1953 848 2024 πρὸς
886 1951 976 2004 τὸν
1017 1947 1171 2010 Θεὸν,
1208 1947 1390 2019 ορκέτι
1425 1946 1738 2016 Πνεύματος
1779 1962 1874 2015 με·

306 2047 577 2119 μνημένος
596 2063 611 2077 ο
645 2063 665 2096 ι
691 2043 817 2096 Ἐάν
837 2038 1024 2095 άναϐὦ
1042 2040 1120 2102 είς
1137 2037 1229 2091 τὸν
1256 2036 1502 2108 οὐρανὸν,
1528 2037 1592 2090 σὺ
1618 2037 1735 2090 ἐκεῖ
1756 2030 1824 2088 εἷ·
1852 2053 1872 2086 ι

306 2140 388 2193 ἵνα
412 2139 541 2209 εἴπῃ
567 2137 652 2189 ὅτι
687 2131 864 2182 Ὅπου
881 2128 997 2183 ποτ’
1020 2126 1087 2182 ἂν
1108 2124 1175 2193 ὦ,
1202 2129 1307 2181 ὑπὸ
1338 2127 1436 2199 τὴν
1460 2128 1710 2194 ἐξουσίαν
1744 2126 1879 2180 καθ-

303 2230 505 2300 έστηκα
535 2226 637 2298 τὴν
668 2224 789 2295 σὴν,
820 2221 941 2276 καθ’
967 2220 1034 2293 ην
1050 2221 1196 2284 ὅπως
1218 2220 1283 2274 ἂν
1309 2218 1497 2289 ἐθέλῃς
1524 2235 1583 2272 τε
1606 2221 1718 2282 τοῖς
1746 2219 1879 2273 πᾶσι

304 2320 490 2392 παρὼν
539 2318 613 2372 τὰ
665 2315 788 2371 κατ’
827 2315 927 2384 ἐμὲ
967 2312 1186 2374 διοικεῖς
1210 2328 1224 2342 ⁸
1285 2330 1303 2362 ι
1334 2311 1406 2363 Τὸ
1437 2309 1662 2381 Πνεῦμά
1698 2326 1793 2363 σου
1818 2310 1881 2363 τὸ

304 2409 502 2479 ἀγαθὸν
542 2408 805 2478 ὁδηγήσει
845 2421 911 2475 με
943 2406 1001 2457 έν
1025 2405 1094 2474 γῇ
1124 2401 1325 2473 εὐθείᾳ⁹
1356 2420 1375 2454 ι
1412 2402 1500 2455 ἵνα
1527 2402 1677 2473 εἴπῃ,
1722 2402 1881 2469 Ἀγα-

304 2502 484 2574 θότητι
509 2501 743 2554 πάντοτε
782 2496 850 2549 τά
881 2494 1001 2549 κατ’
1039 2495 1138 2566 ἐμὲ
1172 2494 1472 2565 διοικήσας.
1508 2493 1649 2547 κατά
1674 2492 1881 2563 ταύτην

307 2611 377 2666 με
403 2595 499 2647 καὶ
527 2593 623 2645 νῦν
650 2588 941 2653 ὲπανάξεις
966 2603 979 2617 ·
1026 2606 1045 2640 ι
1069 2587 1143 2641 Τὸ
1167 2585 1392 2655 Πνεῦμά
1420 2602 1513 2639 σου
1535 2586 1597 2639 τὸ
1620 2585 1771 2654 ἅγιον
1805 2585 1879 2655 μὴ

308 2687 606 2757 ἁντανὲλης
641 2686 729 2739 ἀπ’
764 2682 922 2751 ἐμοῦ,
947 2700 966 2734 ι
1016 2681 1103 2734 ἵνα
1137 2680 1300 2753 εἴπῃ,
1343 2680 1453 2748 Τὴν
1480 2676 1754 2748 ἐξαίρετόν
1784 2692 1879 2730 σου

318 2777 418 2831 καὶ
446 2776 808 2846 ἐξειλεγμένην
852 2771 1175 2844 κηδεμονίαν
1212 2770 1308 2824 ἀπ’
1354 2768 1488 2838 ἐμοῦ
1533 2767 1607 2838 μὴ
1654 2767 1877 2839 ἀφέλῃς.

307 2868 507 2952 Quae»;
528 2867 614 2921 καὶ
642 2865 873 2921 ἐνταῦθα
897 2864 1073 2933 λέγει·
1116 2880 1136 2913 ι
1157 2862 1268 2916 Καὶ
1302 2862 1360 2914 τὸ
1382 2859 1612 2929 Πνεῦμά
1638 2878 1742 2931 μου
1790 2861 1882 2928 ἐφ-

312 2962 535 3032 έστηκεν
564 2960 620 3012 έν
652 2958 805 3030 μέσῳ
837 2955 1011 3028 ὑμῶν’
1043 2974 1063 3008 ι
1101 2955 1187 3008 ἵνα
1217 2953 1367 3025 εἴπῃ,
1410 2954 1474 3005 Ἦ
1511 2952 1723 3022 χάριςή
1748 2952 1877 3022 ὲμὴ,

306 3051 403 3105 καὶ
426 3052 460 3121 ἡ
499 3049 627 3119 περὶ
662 3047 808 3118 ὑμᾶς
838 3044 1076 3108 διάθεσις
1113 3042 1364 3097 συνέσται
1409 3042 1559 3111 ὑμῖν,
1591 3041 1882 3110 ἐφεστῶσά

305 3159 365 3196 τε
383 3141 476 3196 καὶ
502 3140 603 3210 τὴν
632 3138 830 3208 ἑαυτῆς
851 3139 983 3207 ἡμῖν
1006 3136 1318 3207 παρέχουσα
1337 3132 1620 3200 ὠφέλειαν.
1665 3135 1753 3196 Ὠς
1773 3132 1882 3204 γὰρ

306 3234 402 3305 τὴν
427 3233 605 3303 ψυχὴν
638 3232 732 3284 ἐπὶ
775 3229 869 3282 τοῦ
910 3226 1046 3280 Θεοῦ
1077 3227 1243 3295 λέγει,
1279 3226 1377 3296 οὐχ
1418 3225 1711 3279 ὑπόστασίν
1739 3242 1881 3291 τινα,

308 3324 403 3393 τὴν
427 3324 482 3376 δὲ
513 3322 643 3390 περί
676 3338 730 3373 τι
758 3318 993 3373 διάθεσιν
1017 3316 1187 3380 οὕτως
1211 3314 1519 3386 ὀνομάζων⁸
1560 3310 1671 3369 οἷον
1710 3316 1785 3368 ὅτ’
1818 3315 1884 3368 ἂν

311 3412 459 3483 λέγῃ,
495 3431 514 3463 ι
546 3412 660 3473 Τάς
679 3408 969 3478 νεομηνίας
994 3405 1147 3476 ὑμῶν
1179 3405 1272 3459 καὶ
1299 3405 1367 3459 τά
1398 3403 1644 3459 σάϐϐατα
1676 3406 1822 3475 μισεῖ
1847 3406 1879 3476 ἡ

1906 3070 1949 3127 C

1981 1858 2129 1912 niam
2161 1858 2418 1913 omnibus
2448 1858 2613 1913 rebus
2652 1856 2805 1912 ades.
2846 1854 3024 1926 Pergit
3054 1857 3239 1927 itaque
3265 1859 3445 1919 dicere
3488 1859 3557 1914 de

1980 1949 2092 2004 Deo
2128 1949 2334 2003 omissa
2373 1949 2615 2018 Spiritus
2658 1949 2965 2003 mentione:
3004 1966 3024 1999 ι
3053 1948 3110 2002 Si
3158 1952 3457 2005 ascendcro
3500 1950 3559 2006 in

1979 2041 2202 2105 caelum,
2234 2051 2293 2094 tu
2320 2039 2392 2093 ibi
2427 2056 2488 2095 es
2510 2040 2588 2108 ³⁸;
2621 2037 2966 2106 »υὶιίειιηηυθ
2980 2035 3272 2106 fuero,suh
3294 2051 3560 2113 potestate

1982 2142 2073 2186 tua
2113 2148 2235 2187 sum
2262 2132 2620 2196 constitutus,
2652 2146 2761 2201 qua
2786 2132 3281 2201 quomodocunque
3320 2137 3561 2192 volueris

1981 2225 2197 2280 cunctis
2219 2238 2483 2293 prasens,
2509 2239 2600 2278 res
2629 2238 2780 2278 meas
2809 2225 3103 2294 gubernas.
3130 2243 3149 2275 ι
3171 2222 3408 2295 Spiritus
3431 2236 3561 2283 tuus

1982 2318 2158 2372 bonus
2192 2316 2427 2370 deducet
2456 2330 2543 2371 me
2569 2316 2624 2370 in
2655 2324 2855 2370 terram
2886 2323 3093 2370 rectam
3113 2317 3191 2384 ³⁶;
3217 2336 3236 2370 ι
3266 2318 3316 2372 id
3335 2328 3439 2384 cst,
3460 2321 3561 2373 Bo-

1983 2408 2154 2461 nitate
2194 2417 2286 2460 tua
2324 2421 2411 2460 res
2446 2420 2596 2461 meas
2638 2408 2972 2477 gubernans,
3015 2407 3116 2461 hac
3148 2409 3261 2478 ipsa
3292 2425 3378 2465 me
3416 2426 3562 2465 nunc

1982 2497 2235 2553 reduces.
2266 2516 2285 2548 ι
2318 2496 2582 2567 Spiritum
2624 2505 2876 2551 sanctum
2926 2509 3079 2552 tuum
3131 2513 3199 2554 ne
3255 2500 3474 2557 auferas
3530 2518 3563 2554 s

1983 2605 2104 2657 me;
2128 2606 2147 2639 ι
2172 2588 2225 2643 id
2247 2597 2333 2643 est
2354 2589 2626 2658 peculiare
2643 2590 3013 2658 selectumque
3037 2592 3398 2662 patrocinium
3424 2609 3451 2646 a
3477 2610 3564 2649 me

1983 2697 2090 2736 non
2109 2681 2346 2736 auferas.
2363 2681 2455 2733 Sic
2475 2677 2636 2730 etiam
2656 2675 2757 2729 hoc
2776 2674 3038 2730 locoait"
3056 2695 3070 2732 :
3090 2695 3108 2727 ε
3136 2683 3376 2754 spiritus
3407 2700 3567 2738 meus

1981 2773 2158 2827 astitit
2198 2772 2252 2826 in
2281 2771 2461 2825 medio
2493 2773 2661 2825 vestri
2683 2790 2699 2837 ;
2720 2770 2809 2825 rid
2825 2778 2924 2835 est,
2943 2772 3126 2827 Gratia
3163 2789 3281 2828 mea
3303 2790 3564 2843 meusque

1980 2877 2109 2933 erga
2137 2877 2238 2917 vos
2273 2861 2502 2917 aﬂ‘cctus
2526 2862 2812 2918 vobiscum
2842 2873 2949 2926 est,
2979 2864 3278 2933 praesidens
3301 2881 3565 2935 suamque

1981 2952 2140 3006 vobis
2174 2967 2331 3021 opem
2359 2953 2632 3021 praebens.
2658 2952 2812 3007 Sicut
2837 2955 3091 3010 videlicet
3111 2956 3350 3010 animam
3378 2957 3433 3011 in
3460 2955 3567 3010 Dco

1983 3040 2142 3105 dicit,
2173 3056 2284 3096 non
2312 3042 2470 3111 quasi
2498 3043 2790 3112 quamdam
2814 3054 3173 3115 nypostasnn,
3193 3047 3287 3103 sed
3313 3045 3566 3103 affectum

1985 3147 2112 3198 erga
2141 3132 2345 3201 aliquid
2375 3134 2449 3186 ita
2480 3133 2792 3190 nominans.
2816 3129 2991 3188 Veluti
3010 3147 3135 3189 cum
3152 3130 3306 3190 dicit:
3329 3148 3349 3181 ι
3373 3136 3564 3191 Calen-

1986 3221 2087 3277 das
2117 3229 2360 3281 vestras,
2409 3231 2463 3277 et
2514 3223 2741 3278 sabbata
2788 3223 2903 3277 odit
2955 3224 3138 3279 anima
3160 3224 3567 3290 mea“;iaffc-

1985 3312 2220 3368 ctionem
2269 3312 2435 3382 278
2477 3314 2621 3368 illam
2652 3316 2983 3385 signiﬁcans,
3011 3330 3118 3385 qua
3147 3316 3363 3370 illorum
3401 3314 3589 3386 opena'

1986 3405 2177 3459 oderat
2208 3405 2474 3475 improbis
2500 3407 2747 3461 moribus
2791 3406 3165 3476 prmditorum.
3191 3407 3265 3461 ita
3303 3408 3570 3477 spiritum

310 3502 448 3574 ψυχή
474 3517 597 3571 μου,
627 3520 648 3551 ι
691 3500 779 3551 ἵνα
808 3497 906 3568 τὴν
936 3496 1169 3550 διάθεσιν
1207 3497 1335 3568 εἴπῃ
1367 3495 1487 3550 καθ’
1515 3497 1579 3568 ἣν
1608 3496 1787 3565 ἐμίσει
1818 3497 1881 3548 τὰ

1986 3513 2203 3566 quoque
2220 3497 2375 3551 dicit.
2398 3496 2595 3551 Verum
2616 3498 2682 3552 de
2697 3499 2782 3551 his
2802 3500 2939 3554 satis
2957 3512 3232 3568 superque
3249 3498 3455 3553 dictum
3473 3500 3569 3553 sit.

315 3596 438 3664 παρ’
470 3592 650 3646 αὐτῶν
673 3591 936 3661 γινόμενα
965 3585 1252 3659 μοχθηρῶν
1281 3586 1449 3641 ὄντων
1487 3586 1577 3640 τὸν
1599 3585 1799 3656 τρόπον
1826 3601 1839 3613 ·
1871 3584 2044 3649 οὕτως
2091 3586 2187 3640 καὶ
2218 3586 2279 3638 τὸ
2311 3586 2535 3657 Πνεῦμα
2578 3586 2743 3654 λέγει.
2763 3586 2921 3641 Ἀλλὰ
2961 3586 3066 3658 γὰρ
3092 3587 3266 3640 ταῦτα
3298 3587 3397 3657 μὲν
3431 3588 3572 3661 ὑπὲρ

317 3688 548 3752 πλείονος
572 3686 813 3760 είρὴσθω
832 3684 932 3755 τῆς
957 3682 1258 3756 ἀκριϐείας.

386 3801 529 3854 Στὲκ.
562 3806 701 3866 ς’-ι⁹.
733 3828 805 3838 --
846 3799 904 3850 'ti
935 3797 992 3850 δέ
1024 3812 1086 3864 γε
1126 3795 1259 3859 Θεὸς
1287 3794 1476 3867 ἐπειδὴ
1508 3795 1744 3865 διήγειρε
1788 3794 1886 3864 μὲν

318 3894 373 3945 ὲν
412 3895 525 3956 τοῖς
572 3890 996 3963 προειρημένοις
1041 3888 1132 3943 τὸν
1171 3887 1299 3942 λαὸν
1344 3888 1436 3942 διὰ
1475 3886 1570 3940 τοῦ
1606 3886 1885 3957 προφήτου

319 3981 442 4052 περὶ
474 3981 539 4034 τὺ
574 3979 737 4052 ἔργον
768 3978 871 4049 τῆς
902 3975 1189 4048 οἰκοδομῆς
1220 3976 1509 4047 αὐτάρκως
1546 3975 1641 4029 καὶ
1687 3974 1889 4045 προθυ-

324 4075 576 4146 μοτέρους
602 4070 922 4144 εἰργάσατο,
963 4068 1038 4140 (p.
1067 4067 1192 4138 4‘22)
1233 4066 1381 4137 ἐώρα
1407 4066 1463 4120 δὲ
1505 4065 1887 4136 συλλογιζομέ-

321 4182 434 4229 νους
461 4163 626 4219 πόθεν
660 4163 729 4217 ἂν
755 4162 938 4224 αὐτοῖς
970 4161 1322 4232 προσγένοιτο
1349 4158 1587 4212 τοσαῦτα
1615 4159 1694 4211 ἑτι
1726 4175 1885 4211 πενο-

2056 3786 2227 3843 Vsns.
2258 3787 2417 3843 6-10.
2454 3787 2520 3842 Et
2568 3788 2710 3845 Deus
2752 3788 2975 3857 quidem
3002 3803 3129 3844 cum
3165 3789 3462 3845 excitasset
3513 3792 3570 3845 in

1986 3881 2258 3950 praedictis
2291 3882 2551 3950 populum
2583 3897 2678 3951 per
2709 3882 3027 3952 prophetam
3050 3882 3119 3937 ad
3162 3880 3377 3938 mdificii
3408 3897 3568 3954 opus.

1987 3972 2230 4040 satisque
2260 3986 2384 4026 eum
2416 3980 2725 4042 promptum
2762 3972 3055 4039 eﬂecisset,
3093 3974 3353 4029 cernebat
3388 3984 3571 4030 tamen

1985 4078 2110 4117 eum
2135 4073 2498 4132 reputantem,
2534 4066 2807 4120 undenam
2841 4065 2943 4121 sibi
2983 4067 3207 4137 pauperi
3240 4081 3306 4121 ex
3345 4067 3574 4136 captivi-

1991 4162 2102 4209 tate
2149 4154 2380 4213 facultas
2429 4158 2568 4212 l'oret
2616 4158 2776 4227 digne
2824 4159 3086 4227 templum
3138 4158 3490 4222 exstruendi,
3519 4167 3569 4213 ct

321 4257 493 4326 μένοις
524 4258 592 4309 ὲκ
622 4254 726 4324 τῆς
750 4253 1150 4325 αἰχμαλωσίας.
1182 4253 1274 4321 ἀφ’
1306 4245 1380 4305 ὧν
1406 4250 1633 4305 δυνατὸν
1657 4249 1801 4304 κατὰ
1827 4250 1881 4303 τὸ

1995 4258 2298 4316 congruum
2321 4255 2573 4302 ornatum
2597 4249 2853 4313 addendi,
2877 4251 3091 4318 qualem
3118 4257 3276 4305 antea
3305 4251 3573 4307 habuerat

319 4346 589 4419 προσῆκόν
618 4363 684 4400 τε
714 4342 1117 4417 ἀπαρτισθῆναι
1144 4344 1235 4397 τὸν
1268 4342 1391 4396 ναὸν
1418 4343 1511 4397 καὶ
1536 4344 1716 4395 πᾶσαν
1739 4340 1881 4411 αὑτῷ

2001 4337 2057 4391 in
2088 4340 2385 4392 structuris
2421 4353 2486 4392 ac
2514 4340 2660 4394 vasis
2696 4340 2904 4395 sanctis
2944 4352 2998 4395 et
3030 4343 3294 4412 reliquis;
3342 4342 3575 4414 ideoque

316 4408 410 4509 την
438 4408 1187 4510 πὶιοσήκουσανέὺπρέπειαν
1213 4432 1561 4502 ἀποδοθῆναι,
1586 4434 1704 4486 οἵαν
1729 4432 1795 4502 δὴ
1826 4408 1881 4485 ch

1995 4432 2181 4488 addit:
2219 4434 2548 4500 «Conﬁdite,
2591 4451 2766 4506 neque
2795 4439 3069 4494 metuatis.
3095 4459 3113 4490 ι
3153 4408 3322 4505 -Ηξεο,
3361 4408 3573 4510 inquit,

318 4529 578 4601 πρότερον
608 4522 757 4598 εῖχεν
792 4527 851 4579 ὲν
876 4524 1182 4596 οἰκοδομαῖς
1212 4540 1273 4575 τε
1310 4524 1402 4576 καὶ
1429 4522 1678 4576 σκεύεσιν
1710 4523 1887 4589 ἁγίοις

315 4620 408 4675 καὶ
450 4623 565 4685 τοῖς
615 4619 847 4683 λοιποῖς,
900 4616 1128 4685 ἐπάγει·
1192 4635 1210 4667 ι
1268 4613 1647 4686 Θαρσεῖτε,μὴ
1687 4616 1752 4686 δὴ
1796 4631 1891 4683 φο-

315 4712 511 4767 ϐσῐσθε.
561 4731 582 4765 s
622 4710 762 4782 Περὶ
799 4708 1035 4773 τούτων,
1070 4710 1241 4779 φησὶ,
1277 4710 1373 4762 καὶ
1414 4707 1531 4770 πῶς
1558 4706 1753 4769 ἔνεστι,
1815 4706 1890 4776 μὴ

318 4803 587 4877 φοϐεῖσθε.
635 4822 655 4854 ι
704 4800 849 4854 Διότι
886 4801 1011 4854 τάδε
1044 4801 1192 4868 λέγει
1232 4799 1434 4870 Κύριος
1474 4798 1884 4869 παντοκράτωρ

318 4896 434 4950 Ἔτι
471 4896 620 4962 ἅπαξ
664 4893 777 4962 ἐγὼ
819 4894 948 4948 σείω
992 4893 1083 4947 τὸν
1126 4893 1353 4963 οὐρανὸν
1395 4891 1489 4944 καὶ
1520 4890 1620 4962 τὴν
1662 4890 1765 4959 γῆν
1798 4890 1893 4942 καὶ

315 4987 408 5058 τὴν
436 4986 713 5041 θάλασσαν
747 4987 843 5039 καὶ
864 4987 961 5056 τὴν
985 4984 1174 5056 ξηράν
1213 4984 1307 5037 καὶ
1333 4982 1601 5035 συσσείσω
1622 4982 1800 5035 πάντα
1828 4980 1897 5033 τά

314 5078 440 5149 ἔθνη
466 5095 480 5109 ·
510 5080 605 5131 καὶ
634 5078 756 5148 ἥξει
788 5078 857 5130 τὰ
885 5076 1119 5130 ὲκλεκτὰ
1158 5074 1375 5128 πάντων
1418 5071 1527 5125 τῶν
1568 5071 1765 5126 ἐθνῶν
1803 5071 1898 5124 καὶ

316 5169 502 5242 πλήσω
516 5171 609 5225 τὸν
627 5165 777 5224 οἷκον
792 5167 979 5222 τοῦτον
995 5168 1174 5235 δόξης,
1196 5168 1345 5236 λέγει
1365 5165 1570 5237 Κύριος
1590 5163 1892 5234 παντοκρά-

316 5276 444 5333 τωρο
473 5260 605 5315 διότι
637 5259 851 5333 μεγάλη
868 5260 902 5330 ὴ
929 5259 1057 5326 δόξα
1085 5257 1179 5314 τοῦ
1204 5259 1355 5312 οίκου
1380 5258 1570 5310 τούτου
1588 5296 1606 5325 ,
1630 5257 1662 5326 η
1685 5254 1886 5326 ἐσχάτη

318 5351 454 5424 ὑπὲρ
481 5353 580 5425 τὴν
601 5352 850 5423 πρώτην,
879 5351 1026 5420 λέγει
1046 5349 1249 5422 Κύριος
1272 5348 1688 5419 παντοκράτωρ,
1716 5348 1811 5401 καὶ
1832 5348 1889 5399 ἐν

319 5443 392 5513 τῷ
415 5445 562 5516 τόπῳ
588 5444 769 5514 τούτῳ
796 5442 954 5497 δώσω
978 5442 1203 5513 εἰρήνην
1222 5482 1236 5507 ,
1266 5441 1416 5509 λέγει
1448 5440 1652 5512 Κύριος
1691 5458 1890 5493 παντο-

320 5691 401 5745 13.

1996 4526 2271 4593 quomodo
2327 4525 2503 4580 futura
2553 4528 2692 4591 sint,
2746 4543 2816 4582 ne
2861 4529 3170 4599 atnbigatis.
3209 4549 3227 4581 ι
3268 4530 3405 4595 Quia
3460 4530 3575 4585 haec

1998 4615 2412 4671 dicitDominus
2445 4619 2823 4687 omnipotens:
2853 4618 3045 4673 Adhuc
3078 4634 3178 4687 ego
3208 4620 3406 4673 cmlum
3446 4636 3578 4675 con-

1998 4708 2146 4761 cutio
2177 4715 2232 4761 et
2265 4716 2465 4763 terram
2495 4724 2559 4763 ac
2591 4724 2739 4763 mare
2773 4718 2827 4765 et
2857 4710 3065 4763 aridam
3091 4728 3103 4763 :
3143 4719 3197 4763 et
3222 4712 3579 4766 commovebo

1999 4813 2191 4853 omnes
2232 4808 2458 4866 gentes:
2492 4811 2547 4855 et
2592 4802 2807 4856 venient
2856 4803 3028 4856 electa
3063 4815 3293 4871 quaeque
3334 4801 3576 4855 omnium

1999 4894 2283 4961 gentium:
2331 4902 2388 4949 et
2429 4894 2668 4963 implebo
2717 4895 2936 4949 domum
2991 4896 3131 4948 hanc
3182 4894 3393 4963 gloria.
3447 4897 3578 4948 dicit

1998 4984 2260 5040 Dominus
2284 4986 2670 5055 omnipotens:
2696 4987 2824 5056 quia
2845 5001 3037 5047 magna
3061 4989 3165 5039 erit
3187 4986 3358 5055 gloria
3381 4984 3579 5041 domus

1997 5074 2184 5144 hujus,
2217 5076 2489 5143 posterior
2517 5090 2628 5146 prae
2652 5075 2854 5143 priore,
2888 5074 3023 5129 dicit
3048 5072 3311 5126 Dominus
3338 5072 3577 5142 omnipo-

2000 5176 2151 5222 tens:
2202 5174 2257 5220 ct
2286 5166 2391 5220 hoc
2422 5168 2476 5220 in
2522 5168 2643 5221 loco
2673 5166 2814 5220 dabo
2863 5179 3086 5235 pacem,
3135 5162 3268 5218 dicit
3319 5162 3582 5218 Dominus

1998 5259 2368 5328 omnipotens,
2401 5266 2454 5311 et
2477 5272 2663 5327 pacem
2696 5260 2892 5312 animat
2919 5256 2973 5309 in
3009 5255 3426 5324 acquisitionem
3462 5268 3581 5308 om-

2000 5351 2052 5404 ni
2083 5349 2396 5411 mdiﬁcanti,
2436 5358 2494 5402 ut
2520 5350 2783 5418 templum
2812 5349 2914 5403 hoc
2948 5354 3217 5404 exstruat.
3246 5365 3263 5400 ι
3300 5346 3375 5401 De
3407 5361 3582 5417 penu-

2000 5441 2081 5494 ria
2112 5441 2584 5506 ueccssariorum,
2627 5440 2823 5510 inquit,
2868 5455 2937 5496 ne
2981 5440 3205 5494 solliciti
3252 5440 3375 5497 sitis
3417 5459 3431 5496 :
3480 5454 3582 5511 ego

358 5620 429 5705 ..⁸³
458 5622 654 5681 Matth.
696 5634 897 5689 xxvttt,
924 5621 1015 5675 i9.
1090 5619 1133 5652 ”
1170 5619 1319 5676 Psal.
1360 5634 1623 5684 cxxxvnt,
1667 5619 1717 5671 7.
1800 5618 1840 5649 ³³
1881 5615 2017 5671 ibid.
2042 5620 2092 5673 8.
2177 5621 2219 5650 ³⁸
2260 5618 2403 5674 Psal.
2446 5634 2614 5686 csLtt,
2643 5619 2731 5673 l0.
2809 5617 2854 5650 "
2890 5617 3108 5684 Psal.t.,
3155 5618 3240 5675 13.
3319 5617 3363 5651 ³*
3405 5617 3508 5673 lsa.
3539 5635 3577 5685 π,
