4022 6138
421 277 522 335 487

1574 259 1926 319 THEODORI
1961 258 2450 320 MOPSUESTENI

3572 265 3680 321 ωε

423 401 569 443 entm
598 380 826 441 cunctas
853 397 992 454 pene
1036 387 1393 434 cozttnovens
1425 384 1633 448 gentes,
1664 392 1864 448 magno
1895 392 2001 432 nu-

2115 377 2348 449 κράτωρ,
2374 376 2467 427 καλ
2490 375 2713 444 είρήνην
2738 373 2912 444 ψυχῆς
2942 375 3019 438 είς
3044 375 3392 445 περιποίησιν
3418 374 3579 429 παντὶ
3602 376 3685 445 τῷ

426 486 582 534 mero
628 476 920 544 multisque
975 470 1231 541 praeditas
1279 470 1509 540 apibus,
1559 468 1626 522 ad
1674 484 1775 523 vos
1809 469 2000 524 venire

425 569 759 639 permittam.
793 564 926 619 Dicit
959 570 1139 617 autem
1175 560 1311 630 Gogi
1362 560 1641 631 populum,
1678 574 1789 629 quo
1835 557 2000 614 adve-

425 660 631 722 uiente,
657 665 787 711 tunc
813 654 1047 709 maxime
1067 652 1264 708 domus
1286 651 1451 722 hujus
1480 651 1651 721 gloria
1678 651 2000 705 inclarescet

428 758 650 820 propter
682 761 859 803 meam
892 747 1153 802 tutelam:
1188 760 1315 801 nam
1356 745 1573 800 illorum
1614 753 1898 815 argentum
1944 750 2001 798 et

428 855 644 905 aurum,
672 847 726 895 et
752 836 1038 908 quidquid,
1068 844 1126 890 ut
1146 836 1457 890 summatim
1483 834 1683 896 dicam,
1714 834 1751 887 ii
1776 832 1998 899 habent,

428 947 607 987 meum
633 938 739 994 est,
762 929 1019 1000 quoniam
1048 927 1184 981 nihil
1215 926 1268 981 in
1297 926 1498 981 mundo
1531 939 1709 980 meum
1736 939 1846 978 non
1874 930 1999 987 est,

426 1024 554 1095 quia
581 1032 833 1076 creatura
863 1020 1046 1074 omnis
1065 1033 1203 1088 opus
1232 1032 1413 1071 meum
1437 1023 1522 1072 est
1545 1035 1557 1071 :
1589 1029 1837 1086 quatego
1866 1015 2002 1085 ipsis

426 1119 613 1181 erepta
660 1110 727 1164 ad
758 1124 857 1164 vos
901 1108 1252 1170 transferam,
1284 1106 1490 1160 nullam
1524 1106 1593 1161 iis
1633 1104 1891 1175 injuriam
1922 1102 2005 1159 fa-

429 1204 582 1259 ciens
611 1202 704 1271 qui
735 1215 845 1254 non
878 1215 975 1254 sua
1012 1198 1393 1270 possidebant;
1429 1196 1527 1253 sed
1577 1210 1696 1250 mea
1723 1196 1850 1265 jure
1888 1209 2003 1251 me—

428 1294 647 1362 ritoque
673 1291 810 1345 meis
836 1287 1166 1354 conferens;
1190 1288 1261 1339 ita
1290 1293 1347 1338 ιιι
1371 1285 1596 1355 gloriam
1624 1299 1799 1340 meam
1825 1285 1883 1338 in
1901 1284 2004 1338 hoc

429 1383 631 1452 templo
661 1396 758 1451 per
782 1396 845 1434 ea
877 1394 998 1450 quae
1015 1392 1197 1448 geram
1221 1385 1548 1432 ostensurus
1566 1376 1695 1436 sint,
1713 1390 1900 1445 preces
1915 1389 2005 1429 ve-

429 1482 574 1527 stras
608 1470 773 1540 279
811 1471 920 1524 illic
944 1469 1243 1539 ercipiens,
1287 1468 1553 1536 vobisque
1595 1467 1861 1521 adversus
1904 1466 2004 1521 bo-

429 1574 543 1620 stes
607 1563 750 1617 vires
808 1559 1199 1631 suppeditans,
1257 1559 1393 1613 tales
1447 1567 1736 1627 tantosque
1795 1556 1890 1625 qui
1949 1562 2006 1610 et

429 1670 647 1709 onmem
675 1667 963 1708 numerum
1000 1658 1352 1721 exsuperant,
1384 1658 1440 1705 et
1464 1650 1657 1705 bellica
1691 1649 1882 1719 peritia
1918 1648 2006 1702 in-

2105 467 2361 531 κτίζοντι,
2398 465 2494 518 τοῦ
2528 465 2827 536 ἀναστῆλαι
2863 467 2954 518 τὸν
2984 465 3109 518 ναὸν
3134 465 3345 519 τοῦτον.
3386 484 3405 517 ι
3438 467 3576 537 Περὶ
3621 465 3683 519 δὲ

2105 562 2203 629 τῆς
2249 559 2495 621 σπάνεως
2525 558 2636 610 τῶν
2670 557 3007 627 ἐπιτηδείων,
3043 558 3198 627 φησι,
3236 557 3309 628 μὴ
3339 557 3679 627 φροντίζετε·

2109 650 2267 720 μόνον
2299 649 2410 720 γὰρ
2438 649 2536 720 οὐχ
2565 648 2778 703 ἅπαντα
2812 648 3101 712 συσσείσας
3128 648 3195 702 τὰ
3232 648 3380 719 ἔθνη,
3418 650 3589 704 πολλά
3618 665 3682 702 τε

2106 742 2200 794 κα⁴ι
2231 740 2429 795 πολλοῦ
2457 742 2695 812 γέμοντα
2726 741 2980 809 πλούτου,
3009 743 3094 812 ἐφ’
3129 742 3274 814 ὑμᾶς
3307 742 3481 796 ἐλθεῖν
3510 742 3679 796 ἐάσω.

2107 834 2273 902 Λέγει
2296 832 2356 885 δὲ
2377 833 2503 896 τοὺς
2536 833 2665 903 περὶ
2691 832 2782 886 τὸν
2810 832 2962 902 Γὼγ,
3005 827 3080 887 ὧν
3105 832 3440 905 ἐληλυθότων
3462 833 3581 886 τότε
3612 832 3683 902 δὴ

2107 924 2207 993 τῆς
2252 921 2411 993 δόξης
2461 921 2557 975 τοῦ
2607 920 2758 974 οῖκου
2804 922 2993 975 τούτου
3046 922 3109 976 τὸ
3164 921 3395 992 μέγεθος
3448 919 3684 989 ἐκφανὲς

2107 1016 2318 1087 ποιήσω
2357 1013 2446 1068 διὰ
2478 1015 2576 1085 τῆς
2602 1014 2928 1086 κηδεμονίας
2964 1013 3067 1084 τῆς
3105 1015 3243 1085 ἐμῆς
3269 1030 3283 1044 °
3325 1012 3419 1067 καὶ
3450 1012 3559 1082 γὰρ
3584 1013 3686 1065 καὶ

2107 1108 2169 1160 τὺ
2197 1105 2458 1177 ἀργύριον
2485 1104 2548 1158 τὸ
2569 1105 2771 1176 προσὸν
2802 1104 3049 1172 ἐκείνοις,
3084 1104 3164 1175 (p.
3186 1104 3312 1175 423)
3338 1103 3433 1158 καὶ
3458 1103 3520 1157 τὸ
3544 1121 3684 1175 χρυ-

2110 1197 2256 1263 σίον,
2287 1195 2384 1250 καὶ
2430 1194 2608 1249 πάντα
2651 1196 2714 1267 δὴ
2765 1196 3045 1267 συντόμως
3092 1198 3265 1250 εἰπεῖν
3296 1194 3367 1248 τά
3411 1197 3684 1266 προσόντα

2109 1287 2337 1348 ἐκείνοις
2360 1284 2495 1356 ἐμά’
2529 1285 2624 1338 ἅτε
2644 1283 2708 1355 δὴ
2737 1284 2911 1337 πάντα
2932 1283 3061 1336 ὄντα
3093 1284 3231 1353 ὲμά·
3260 1283 3384 1335 ἐπεὶ
3411 1283 3505 1337 καὶ
3532 1285 3686 1336 πᾶσα

2109 1374 2269 1445 ἔργον
2314 1377 2349 1445 ἠ
2391 1375 2568 1436 κτίσις
2608 1373 2774 1443 ἐμόν·
2816 1372 2960 1443 ἆπερ
3009 1367 3102 1425 οὖν
3146 1372 3380 1441 ἀφελὼν,
3418 1374 3496 1437 είς
3538 1372 3686 1444 ὑμᾶς

2113 1466 2456 1533 μεταστήσω,
2486 1463 2586 1516 οὐκ
2618 1461 2819 1514 ἀδικῶν
2854 1464 2982 1523 τοὺς
3011 1461 3233 1532 ἔχοντας
3264 1462 3318 1514 οἵ
3344 1479 3408 1531 γε
3437 1458 3580 1533 εἶχον
3610 1463 3687 1515 τὰ

2115 1554 2188 1625 μὴ
2215 1553 2413 1608 αὺτῶψ
2440 1552 2511 1606 τὰ
2533 1552 2646 1625 ὲμὰ
2667 1552 2723 1605 δὲ
2750 1553 2976 1616 εἰκότως
3003 1553 3177 1617 διδοὺς
3202 1555 3315 1617 τοῖς
3345 1554 3518 1624 ἐμοῖς.
3540 1554 3684 1607 ὥστε

2110 1646 2209 1717 τὴν
2250 1646 2372 1699 τότε
2409 1644 2765 1716 δεικνυμὲνην
2816 1645 2945 1716 περῖ⁹
2985 1644 3077 1698 τὸν
3109 1640 3255 1698 οἶκον
3293 1645 3482 1700 τόῦτον
3526 1644 3688 1710 δόξαν

429 1744 560 1797 victi
597 1754 723 1797 sunt
748 1761 761 1796 :
796 1757 905 1811 quo
930 1741 1020 1794 ﬁet
1057 1749 1115 1793 ut
1140 1739 1353 1795 cunctis
1383 1739 1558 1808 major
1586 1750 1842 1808 appareat
1871 1753 2009 1809 prte-

2115 1740 2203 1806 άφ⁹
2223 1731 2299 1791 ὧν
2319 1738 2742 1808 διαπράττομαι,
2767 1736 2822 1789 δε
2826 1736 3050 1807 χόμενός
3073 1754 3133 1790 τε
3157 1736 3310 1807 ὑμῶν
3330 1738 3428 1801 τὰς
3456 1738 3513 1791 ὲν
3536 1737 3691 1807 αὐτῷ

431 1848 580 1898 scus,
625 1846 788 1901 quam
844 1831 1119 1901 praeterita
1168 1830 1360 1900 templi
1408 1830 1572 1900 hujus
1609 1831 1827 1900 gloria:
1880 1832 2011 1900 quia

432 1921 615 1991 majus
640 1921 746 1975 hoc
784 1921 1056 1975 videbitur
1091 1922 1324 1985 facilius,
1358 1935 1521 1991 quam
1556 1920 1711 1989 prius
1743 1919 1876 1974 illud
1908 1920 2013 1975 sub

432 2012 676 2084 Assyriis
705 2013 788 2068 vel
828 2011 1159 2083 quibusdam
1210 2012 1371 2066 aliis:
1408 2019 1695 2082 propterea
1725 2012 1871 2082 quod
1903 2026 2013 2066 non

435 2101 781 2157 multitudine
819 2110 1056 2167 tantum,
1081 2102 1173 2158 sed
1204 2103 1389 2173 vigore
1417 2103 1582 2157 etiam
1618 2110 1784 2171 atque
1815 2101 2013 2174 peritia

436 2200 740 2260 praesentes
775 2192 963 2246 hostes
997 2191 1194 2261 priscis
1224 2191 1574 2247 antecellant.
1601 2192 1813 2258 Quibus
1835 2191 2016 2245 omni-

439 2284 540 2338 bus
565 2284 764 2339 virtute
795 2299 913 2338 mea
945 2283 1271 2339 mirabiliter
1293 2285 1589 2354 superatis,
1625 2286 1678 2338 in
1702 2283 2018 2338 omnimoda

438 2389 570 2443 pace
613 2374 828 2437 vivetis,
880 2374 1179 2445 tranquillo
1223 2374 1411 2428 animo
1454 2382 1679 2445 prapter
1723 2374 2018 2443 cujuslibet

439 2463 613 2518 hostis
644 2463 1039 2533 depulsionem,
1080 2463 1441 2535 plurimisque
1473 2463 1747 2518 manubiis
1775 2463 1904 2519 inde
1926 2479 2017 2520 re-

437 2555 691 2624 portatis,
741 2569 974 2626 quarum
1024 2556 1185 2625 potiti
1231 2554 1445 2610 facilem
1490 2554 1762 2611 habebitis
1805 2556 2018 2625 copiam

436 2662 537 2717 pro
593 2655 778 2702 vestro
837 2647 994 2702 libito
1050 2648 1312 2716 templum
1366 2645 1471 2701 hoc
1514 2646 1831 2701 exstruendi
1866 2658 1920 2702 et
1961 2647 2020 2702 in

438 2737 610 2791 altum
662 2738 974 2802 attollendi,
1022 2746 1084 2792 ut
1107 2737 1277 2792 decus
1319 2752 1481 2791 suum
1532 2736 1750 2799 habeat.
1800 2746 2022 2808 propter

438 2846 532 2884 eos
562 2832 652 2900 qui
698 2832 894 2887 orandi
943 2840 999 2886 et
1042 2831 1251 2887 cultum
1282 2829 1575 2883 exhibendi
1604 2842 1771 2885 causa
1819 2844 2020 2886 conve-

440 2932 613 2975 ιιιθιιι.

2110 1829 2347 1899 δεήσεις,
2397 1829 2496 1882 καὶ
2537 1828 2791 1900 παρέχων
2826 1829 2959 1900 ὑμῖν
2992 1828 3054 1881 τὸ
3102 1830 3240 1881 κατὰ
3266 1827 3373 1880 τῶν
3412 1826 3692 1899 πολεμίων

2110 1920 2330 1991 κράτος,
2356 1919 2626 1973 τοσούτων
2651 1937 2710 1974 τε
2731 1920 2899 1975 ὄντων
2927 1921 3017 1974 καὶ
3051 1918 3325 1985 τοιούτων,
3352 1918 3427 1983 ὡς
3454 1917 3691 1990 ἀριθμὸν

2112 2010 2214 2080 μὲν
2237 2010 2435 2072 αὐτοὺς
2461 2008 2539 2080 τῷ
2565 2009 2757 2074 πλήθει
2785 2011 2962 2082 νικᾷν,
2984 2011 3438 2084 ἀκαταμαχήτους
3459 2011 3516 2065 δὲ
3549 2009 3693 2064 εἶναι.

2111 2099 2200 2154 διὰ
2227 2101 2457 2172 δύναμίν
2501 2118 2561 2155 τε
2592 2102 2686 2157 καὶ
2719 2103 3021 2175 πολεμικὴν
3053 2104 3346 2176 ἐμπειρίαν
3366 2121 3380 2134 '
3409 2107 3521 2169 τοῖς
3553 2107 3695 2158 πᾶσι

2111 2191 2291 2246 δοκεῖν
2336 2192 2559 2262 μείζονα
2604 2194 2889 2263 φαίνεσθαι
2935 2194 3034 2266 τῆς
3072 2195 3202 2248 ποτὲ
3245 2195 3374 2267 περὶ
3407 2196 3498 2249 τὸν
3535 2191 3691 2248 οἶκον

2113 2283 2302 2338 τοῦτον
2335 2286 2595 2357 φανείσης
2624 2287 2818 2358 δόξης·
2847 2288 2942 2343 an
2977 2290 3071 2342 ml.
3102 2288 3195 2342 τοῦ
3234 2288 3396 2361 ἔργου
3442 2286 3691 2360 μείζονος

2114 2376 2266 2440 δντος
2293 2377 2325 2448 ἢ
2356 2378 2623 2452 πρότερον
2653 2381 2744 2433 ὲπί
2772 2398 2831 2433 τε
2856 2381 2964 2434 τῶν
3006 2381 3379 2454 ⁹Ἀσσυρίωνμῆ
3411 2382 3505 2435 καί
3528 2399 3696 2434 τινων

2113 2467 2318 2539 ἑτέρων
2351 2468 2595 2537 ὲγένετο’
2626 2470 2719 2524 διὰ
2750 2471 2811 2524 τδ
2852 2472 2912 2526 οὐ
2954 2471 3146 2543 πλήθει
3181 2472 3373 2543 μόνον,
3394 2544 3397 2545 ν
3418 2473 3552 2527 ἀλλὰ
3592 2473 3695 2526 καὶ

2116 2558 2344 2630 δυνάμει
2380 2562 2474 2614 καὶ
2505 2563 2769 2634 ἐμπειρίᾳ
2796 2564 3064 2635 πολεμικῇ
3105 2564 3232 2628 τοὺς
3251 2563 3346 2618 νῦν
3372 2563 3696 2635 ὑπεραίρειν

2115 2648 2225 2703 τῶν
2251 2651 2451 2706 πάλαι·
2477 2646 2552 2707 ὧν
2580 2653 2644 2726 δὴ
2668 2653 2883 2708 πάντων
2901 2658 2967 2726 τῇ
2996 2657 3102 2727 ἐμῇ
3125 2656 3352 2726 δυνάμει
3373 2654 3700 2727 παραδόξως

2122 2744 2539 2814 περιγεγονότες
2570 2748 2628 2798 ὲν
2649 2748 2840 2820 εἰρήνῃ
2866 2748 3121 2801 παντελεῖ
3143 2747 3461 2819 γενήσεσθε,
3492 2747 3698 2820 άθόρυι

2119 2831 2206 2885 σοί
2232 2851 2291 2886 τε
2326 2838 2447 2917 ταῖς
2482 2836 2679 2907 ψυχαῖς
2707 2839 3050 2910 διαμένοντες
3082 2839 3170 2893 διὰ
3196 2841 3257 2894 τὸ
3287 2841 3485 2905 παντὸς
3510 2839 3695 2912 ἀπηλ-

2120 2922 2315 2994 λάχθαι
2343 2925 2601 2998 πολεμίου
2618 2968 2632 2992 ,
2663 2929 2757 2981 καὶ
2786 2928 3013 2984 πλεῖστα
3041 2932 3139 2985 ὅσα
3171 2934 3234 2985 ὲκ
3262 2931 3370 2985 τῶν
3395 2933 3504 2995 τοῖς
3530 2930 3697 2985 πολεο

445 3012 589 3082 μίοις
626 3012 937 3083 προσόντων
966 3010 1182 3083 λάφυρα
1227 3010 1624 3080 συναγαγόντες
1643 3027 1657 3045 ·
1690 3010 1727 3065 ἃ
1763 3014 2217 3086 περιποιήσαντες
2252 3017 2498 3084 ἑαυτοῖς,
2530 3017 2748 3074 εὔκολον
2780 3020 2928 3086 ἕξετε
2962 3021 3308 3094 βουληθέντες
3339 3024 3434 3095 τὴν
3462 3023 3699 3094 δύναμιν

439 3104 534 3159 τοῦ
560 3105 651 3157 τὸν
671 3104 795 3157 ναὸν
823 3103 1009 3156 τοῦτον
1043 3105 1448 3158 κατασκευάσαι
1476 3121 1536 3156 τε
1565 3104 1660 3158 καὶ
1687 3105 1989 3175 ἀνεγεῖραι,
2013 3105 2088 3171 ὡς
2114 3106 2180 3160 ἂν
2202 3108 2301 3179 τὴν
2325 3109 2529 3164 οἰκείαν
2554 3111 2886 3185 εὐπρέπειαν
2907 3113 3038 3185 ἔχοι,
3055 3116 3153 3187 τῆς
3175 3117 3283 3169 τῶν
3308 3118 3366 3170 ὲν
3387 3116 3536 3188 αὐτῷ
3560 3133 3696 3170 συν-

449 3201 635 3259 ιόντων
669 3200 853 3253 ἕνεκεν
886 3200 1049 3270 εὐχῆς
1081 3217 1140 3252 τε
1172 3200 1267 3253 καὶ
1293 3199 1607 3272 θεραπείας.

513 3308 678 3364 Vens.
705 3309 889 3363 11-15.
907 3338 977 3349 --
995 3308 1112 3363 ,1.ιιιι
1145 3321 1432 3380 postquam
1467 3310 1741 3381 praedictis
1760 3312 2014 3369 omnibus

2193 3314 2340 3385 Στίχ.
2374 3321 2554 3370 ια’-ιε’.
2572 3347 2643 3358 -
2660 3317 2733 3391 (p.
2750 3317 2877 3390 424)
2895 3320 2992 3374 Διὰ
3009 3320 3071 3393 δὴ
3090 3322 3304 3377 πάντων
3320 3323 3426 3377 τῶν
3446 3325 3697 3397 προειληο

434 3402 577 3458 satis
600 3416 697 3455 eos
715 3400 1038 3454 adhortatus
1055 3411 1158 3464 est,
1186 3411 1271 3471 atq
1282 3417 1346 3455 ue
1371 3402 1439 3455 ad
1458 3418 1679 3473 cperam
1710 3402 2017 3459 aediﬁcandi

445 3493 677 3562 itupullt,
712 3492 1174 3561 promissionibns
1202 3493 1364 3547 etiam
1409 3496 1461 3547 in
1493 3511 1645 3565 spem
1674 3496 1872 3560 erexit,
1903 3495 2019 3551 fore

444 3593 504 3639 ut
529 3583 699 3639 multa
733 3583 992 3639 beatitate
1028 3582 1284 3638 fruantur
1324 3584 1450 3640 facti
1485 3587 1736 3643 hostibus
1772 3589 2021 3658 superio-

444 3689 552 3737 res,
580 3682 634 3729 et
668 3674 812 3743 quod
835 3676 1019 3729 omnia
1055 3676 1120 3730 ad
1163 3677 1350 3747 templi
1377 3676 1794 3732 :edilicationem
1825 3679 2019 3734 idonea

445 3767 683 3820 habituri
722 3764 925 3819 atlatim
953 3768 1085 3822 sittt.
1125 3766 1390 3823 Caeterum
1424 3776 1572 3825 recte
1606 3770 1729 3825 illos
1765 3771 2020 3841 posthinc

448 3857 690 3910 victuros
728 3857 959 3925 putavit.
990 3865 1047 3913 et.
1088 3858 1143 3911 in
1186 3859 1413 3929 reliquis
1445 3872 1736 3916 curaturos
1771 3870 2022 3930 peccato-

446 3962 566 4001 rum
628 3962 851 4001 suorum
915 3949 1375 4004 emendationem.
1442 3950 1534 4005 Sic
1603 3965 1782 4007 autem
1843 3953 2016 4008 dicit:

452 4057 472 4088 ι
497 4037 699 4103 Quarta
723 4046 775 4093 et
797 4039 1052 4095 vicesima
1076 4041 1282 4097 mensis
1308 4043 1460 4107 noni,
1487 4057 1633 4098 anno
1657 4047 1901 4099 secundo
1917 4046 2020 4101 sub

450 4125 634 4193 Dario,
675 4128 853 4182 tactus
888 4138 973 4185 est
1022 4145 1203 4185 sermo
1237 4130 1452 4186 Domini
1488 4135 1555 4187 ad
1588 4135 1843 4204 Aggaeum
1892 4150 2020 4205 pro-

449 4218 668 4286 phetam
696 4218 926 4275 dicens:
973 4221 1097 4276 llaec
1144 4224 1279 4278 dicit
1323 4223 1588 4279 Dominus
1632 4227 2015 4296 omnipotens:

454 4310 738 4378 Interroga
770 4327 914 4364 nunc
961 4313 1272 4369 sacerdotes
1322 4316 1492 4385 legem
1524 4316 1750 4372 dicens:
1784 4316 1839 4373 Si
1870 4333 2021 4372 sum-

452 4396 618 4469 pserit
676 4398 839 4454 homo
868 4415 1086 4456 carnem
1126 4413 1371 4460 sanctam
1400 4407 1456 4461 in
1503 4408 1818 4464 summitate
1858 4411 2022 4464 vesti-

452 4492 617 4542 menti
644 4490 749 4555 sui,
777 4500 829 4546 et
861 4492 1095 4563 tetigerit
1121 4497 1414 4553 summitas
1443 4499 1751 4554 vestimenti
1775 4498 1894 4569 ejus
1925 4515 2021 4570 pa-

451 4597 570 4634 nem
591 4592 683 4635 aut
703 4597 814 4636 rent
832 4596 1038 4641 coetam
1056 4594 1149 4639 aut
1164 4588 1349 4642 vinum
1374 4597 1467 4642 aut
1487 4590 1686 4654 oleum,
1718 4600 1812 4645 aut
1834 4607 2020 4661 quem-

451 4672 577 4726 libet
605 4673 807 4736 cibum,
837 4690 969 4728 num
1001 4678 1464 4732 sanctiﬁcabitur?
1490 4678 2019 4752 Responderuntque

449 4763 760 4820 sacerdotes
788 4772 842 4820 et
870 4767 1125 4823 dixerunt
1164 4768 1572 4839 :Nequaquam.
1620 4770 1876 4840 Dixitque
1914 4774 2019 4843 Ag-

447 4870 595 4926 gtrus
624 4874 637 4910 :
678 4853 734 4909 Si
770 4856 1004 4927 tetigerit
1026 4858 1208 4912 animo
1250 4861 1487 4929 pollutus
1524 4861 1592 4917 de
1620 4863 1876 4919 omnibus
1912 4865 2018 4930 his,

364 4936 369 4941 ’
450 4961 577 5000 num
602 4946 1101 5002 contaminabitur?
1118 4947 1647 5024 Responderuntque
1669 4957 2016 5013 δείξει-ἀοιδοί

449 5035 939 5093 Contautinabitur.
967 5038 1375 5111 Responditque
1391 5044 1638 5114 Aggaens.
1658 5056 1711 5100 et
1730 5049 1867 5103 dixit
1893 5069 1906 5103 :
1930 5049 2022 5105 Sic

450 5129 681 5197 populus
715 5130 836 5189 istc.
859 5137 912 5185 et
942 5130 1023 5185 sic
1043 5146 1175 5200 gens
1194 5132 1306 5188 hinc
1328 5149 1510 5189 coram
1540 5152 1644 5201 me,
1678 5138 1812 5193 dicit
1843 5140 2027 5195 Domi-

450 5233 585 5283 nus;
620 5228 673 5274 ει
694 5221 859 5291 280
884 5224 963 5277 sic
1000 5225 1181 5278 omnia
1209 5240 1374 5295 opera
1411 5244 1666 5283 manuum
1704 5245 1894 5287 eorum
1925 5249 1941 5289 :
1970 5243 2024 5289 et

449 5308 759 5381 quicunque
779 5316 1290 5386 appropinquaverit
1314 5319 1466 5385 illuc,
1486 5325 1969 5381 contaminabitur.
1984 5320 2015 5380 ἰ

453 5393 579 5452 Vult
599 5398 721 5457 illos
739 5403 1157 5473 reprehendere,
1183 5409 1276 5479 qui
1297 5423 1455 5466 sacra
1474 5426 1622 5477 vasa,
1639 5421 1693 5467 et
1709 5414 1921 5485 reliqua
1939 5415 2023 5470 di-

509 5569 637 5659 (βε)
686 5570 763 5659 lta
816 5574 1039 5633 Gnaeus
1091 5591 1293 5641 textus.
1325 5592 1501 5659 etiam
1527 5589 1859 5659 Vaticanus,

452 5646 671 5719 vulgato
696 5646 952 5705 dicuntur
981 5658 1337 5716 contaminari
1359 5662 1540 5715 omnia
1564 5646 1674 5719 illic
1700 5646 1879 5719 oblata

2121 3404 2298 3473 φότων
2330 3406 2641 3477 ἀρκούντως
2673 3411 2869 3474 αὐτοὺς
2895 3413 3339 3485 προτρεψάμενός
3367 3432 3424 3466 τε
3465 3418 3557 3471 καὶ
3593 3436 3690 3470 παι

2124 3499 2410 3570 ρορμήσας
2434 3500 2527 3552 ἐπὶ
2546 3500 2606 3553 τὸ
2634 3501 2794 3573 ἔργον
2812 3503 2911 3573 τῆς
2928 3504 3218 3576 οἰκοδομῆς
3233 3546 3248 3571 ,
3267 3507 3361 3560 καὶ
3379 3506 3443 3580 δὴ
3464 3509 3555 3562 καὶ
3570 3513 3699 3575 ταῖς

2120 3589 2471 3657 ἐπαγγελίαις
2494 3591 2778 3658 εὐέλπιδας
2801 3597 3049 3667 ποιήσας,
3074 3597 3154 3651 ὅτι
3181 3598 3381 3672 πολλῆς
3407 3600 3705 3672 μεθέξουσι

2120 3681 2218 3751 τῆς
2272 3682 2531 3754 εὐπορίας
2572 3690 2976 3758 κεκρατηκότες
3026 3689 3135 3743 τῶν
3174 3692 3472 3763 πολεμίων,
3503 3695 3580 3760 ὡς
3624 3696 3699 3750 ἂν

2122 3770 2336 3826 ἅπαντα
2371 3776 2506 3845 πρός
2535 3793 2594 3829 τε
2637 3777 2731 3848 τὴν
2761 3779 3046 3851 οἰκοδομὴν
3078 3782 3172 3836 τοῦ
3203 3785 3332 3837 ναοῦ
3364 3788 3456 3840 καὶ
3488 3789 3620 3860 πρὸς
3664 3791 3700 3845 ὅ

2120 3880 2173 3917 τι
2198 3864 2262 3918 ἂν
2292 3865 2523 3919 ἐθέλοιεν
2547 3867 2752 3938 ἄφθονα
2778 3870 2970 3940 ἔχοιεν.
2997 3873 3102 3926 ’1ὀῦ
3130 3874 3315 3930 λοιποῦ
3343 3877 3521 3939 καλῶς
3545 3880 3697 3949 ἔχειν

2122 3957 2365 4027 ἡγήσατο
2396 3958 2486 4010 καὶ
2512 3959 2610 4030 τὴν
2652 3962 2710 4013 ὲν
2751 3963 2955 4034 ἑτέροις
2993 3965 3274 4035 διόρθωσιν
3314 3970 3495 4035 αὐτοῖς
3524 3989 3694 4042 προσ-

2122 4050 2346 4117 αγαγεῖν
2380 4051 2436 4102 ὲν
2470 4046 2663 4122 οἷσπερ
2695 4054 3025 4125 ἡμάρτανον.
3062 4058 3225 4128 Λέγει
3254 4059 3310 4114 δὲ
3339 4060 3528 4125 οὕτως·
3556 4085 3574 4116 ι
3609 4065 3697 4139 Τῇ

2120 4139 2333 4211 τετράδι
2367 4140 2460 4192 καὶ
2496 4142 2670 4196 είκᾶδι
2696 4141 2787 4197 τοῦ
2816 4146 3005 4199 ἐνάτου
3035 4149 3224 4219 μηνὸς,
3257 4151 3409 4216 ἔτους
3435 4152 3695 4222 δευτέρου

2123 4231 2215 4283 ἐπὶ
2251 4231 2506 4301 Δαρείου,
2550 4232 2764 4301 ἐγένετο
2799 4234 2953 4305 λόγος
3000 4239 3204 4310 Κυρίου
3248 4244 3383 4314 πρὸς
3439 4244 3697 4314 Ἀγγαῖον

2120 4321 2210 4376 τὸν
2249 4324 2533 4394 προφήτην
2562 4323 2762 4393 λέγων·
2801 4327 2939 4381 Τάδε
2967 4328 3117 4399 λέγει
3152 4334 3356 4407 Κύριος
3385 4341 3696 4411 παντοκρά-

2120 4417 2253 4484 τώρ’
2308 4415 2683 4485 Ἐπερὼτησον
2716 4418 2841 4481 τοὺς
2882 4422 3045 4493 ἱερεῖς
3092 4424 3255 4496 νόμον
3301 4426 3501 4496 λέγων’
3563 4430 3695 4487 Ἐάν

2121 4503 2259 4577 λάϐῃ
2284 4505 2566 4577 ἄνθρωπος
2593 4507 2758 4577 κρέας
2785 4509 2940 4578 ἆγιον
2974 4513 3031 4566 ὲν
3060 4514 3135 4586 τῷ
3169 4515 3323 4588 ἄκρῳ
3348 4519 3440 4572 τοῦ
3475 4521 3695 4591 ἱματίου

2122 4595 2307 4658 αὐτοῦ,
2331 4597 2424 4648 καὶ
2452 4597 2654 4669 ἅψηται
2677 4600 2736 4653 τὸ
2757 4602 2922 4673 ἄκρον
2949 4602 3043 4657 τοῦ
3082 4606 3293 4677 ἱματίου
3328 4611 3493 4666 αὐτοῦ
3520 4612 3693 4685 ἄρτου

2120 4685 2153 4756 ἢ
2194 4687 2470 4759 ἑψήματος
2497 4690 2529 4761 ἢ
2561 4692 2704 4744 οἴνου
2749 4693 2781 4765 ἢ
2818 4693 2996 4749 ἐλαίου
3027 4697 3118 4751 καὶ
3145 4701 3343 4766 παντὸς
3380 4701 3692 4776 βρώματος,

2120 4778 2169 4829 εί
2204 4779 2627 4851 ἁγιασθήσεται;
2658 4782 2766 4836 Καὶ
2796 4786 3173 4861 ἀπεκρίθησαν
3201 4794 3251 4846 οἱ
3283 4795 3465 4866 ἱερεῖς,
3503 4798 3595 4852 καὶ
3620 4793 3700 4852 εἷ-

2122 4886 2240 4923 πον·
2289 4873 2438 4942 Οὐχί.
2495 4876 2604 4929 Καὶ
2636 4874 2788 4931 εἶπεν
2845 4882 3121 4952 ’Δγγαῖοςο
3183 4888 3309 4943 Ἐὰν
3348 4891 3549 4964 ἅψηται
3588 4912 3695 4965 με-

2124 4965 2546 5059 μιασμένοςέπὶ
2568 4966 2712 5040 ψυχῇ
2747 4972 3100 5031 ἀπδπάντων
3124 4980 3349 5046 τούτων,
3382 4985 3431 5036 εἰ
3461 4986 3693 5059 μιανθήι
3778 4982 3783 4985 ’

2123 5068 2307 5118 σεται;
2345 5056 2452 5108 Καὶ
2493 5058 2866 5132 ἀπεκρίθησαν
2907 5068 2954 5119 οί
2992 5068 3154 5137 ἱερεῖς
3193 5073 3285 5125 καὶ⁸
3324 5069 3495 5128 εἶπονο
3529 5056 3707 5133 Μιαν-

2120 5147 2359 5236 θήσεται.
2393 5150 2501 5202 Καὶ
2525 5152 2796 5226 ἀπεκρίθη
2835 5158 3207 5229 Ἀγγαῖος,καὶ
3228 5164 3411 5222 εἶπενο
3454 5169 3642 5236 Οὕτως
3671 5177 3698 5227 ἑ

2118 5237 2244 5301 λαὸς
2276 5233 2448 5305 οὗτος,
2488 5244 2582 5295 καὶ
2609 5244 2781 5310 οὕτως
2807 5247 2867 5301 τὸ
2894 5250 3045 5317 ἔθνος
3084 5253 3242 5310 τοῦτο
3272 5258 3502 5314 ἐνώπιον
3530 5263 3697 5333 ἐμοῦ,

2119 5329 2283 5427 levet.
2305 5332 2514 5427 Κύριος
2527 5351 2539 5363 ’
2580 5338 2672 5390 καὶ
2693 5338 2863 5404 οὕτως
2892 5343 3068 5398 πάντα
3094 5346 3161 5400 τὰ
3187 5347 3324 5420 ἔργα
3353 5352 3459 5405 τῶν
3492 5329 3695 5427 χείρῶν

2119 5420 2284 5474 αὐτοῦ
2305 5436 2318 5450 ·
2363 5424 2455 5477 καὶ
2490 5424 2550 5489 ὃς
2588 5426 2682 5481 ἐὰν
2706 5429 2897 5503 ὲγγίσῃ
2930 5434 3047 5486 ἐκεῖ
3076 5433 3210 5507 (56),
3259 5420 3633 5511 μιανθησεται.
3671 5465 3689 5494 ι

1898 5610 2025 5654 cum
2058 5596 2310 5659 Arabico.
2348 5603 2451 5662 Sed
2484 5608 2679 5668 melius
2719 5610 2771 5668 in
2831 5611 3132 5687 llebraico,
3166 5615 3301 5689 Syro
3353 5625 3516 5690 atque
3565 5619 3693 5685 Litt.
