4022 6138
340 268 450 322 189

1397 266 1942 325 COMMENTARIUS
1982 268 2046 321 IN
2099 265 2319 323 ACGA-II
2354 268 2507 324 CAP.
2565 269 2629 323 II.

3478 280 3584 340 I90

335 384 589 439 Βούλεται
630 384 733 456 μὲν
767 384 967 452 αὐτοὺς
1011 384 1251 457 ἐλέγχειν
1291 388 1366 450 ὼς
1396 387 1503 441 τῶν
1548 387 1758 441 σκευῶν
1799 387 1897 439 τῶν

2011 388 2137 442 vino
2157 390 2324 442 culmi
2349 399 2589 458 congrua
2618 387 2950 459 negligenter
2970 386 3440 461 indil‘l‘ercnterqne
3464 402 3585 449 tan-

340 475 649 546 ίερατικῶν,
676 476 776 530 καὶ⁵
800 477 910 531 τῶν
936 477 1136 531 λοιπῶν
1159 476 1222 548 δὴ
1248 476 1356 531 τῶν
1376 479 1442 549 τῇ
1465 478 1558 531 τοῦ
1584 478 1726 532 θείου
1752 479 1912 548 θερα-

334 567 465 638 stet;
491 567 882 639 προσηκόντων
901 568 1119 639 ἀμελῶς
1147 569 1241 621 καὶ
1270 571 1572 640 προχείρως
1602 567 1914 639 ἐφαπτομέ-

334 674 480 723 νους,
512 662 609 712 καὶ
637 659 699 711 οὐ
737 661 877 730 μετὰ
902 660 995 714 τοῦ
1031 662 1402 731 προσήκοντος
1437 660 1622 723 δέους,
1658 661 1735 732 (p.
1766 660 1909 736 ⁸425)

333 749 472 819 ὑπὲρ
508 744 571 803 οὗ
599 749 663 821 δὴ
706 753 820 813 τοῖς
865 750 1067 822 ἱερεῦσι
1101 753 1471 822 προσαγαγεῖν
1513 753 1613 823 τὴν
1642 750 1910 822 ἐρώτησιν

330 839 535 910 ταύτην
567 840 870 911 προσέταξε
903 841 983 913 τῷ
1025 843 1274 915 προφήτῃ
1295 883 1310 909 ,
1346 842 1439 897 ἀτε
1473 843 1532 894 ἐν
1577 842 1805 905 ἐκείνοις
1849 840 1910 895 ὃν

329 930 390 982 τὸ
416 931 484 983 τὰ
508 930 736 984 τοιαῦτα
763 933 823 984 ἐν
850 932 1075 1003 ἀμελείᾳ
1098 933 1385 996 ποιεῖσθαι,
1407 933 1440 1003 ἢ
1463 932 1599 1002 μετὰ
1624 931 1719 985 τοῦ
1747 949 1909 1003 προσ-

327 1022 554 1092 ήκοντος
593 1021 765 1085 δέους.
805 1022 1079 1077 Κάλλιστα
1116 1023 1174 1077 δὲ
1223 1025 1315 1076 κιιι)⁸
1357 1023 1455 1093 τὴν
1497 1022 1764 1094 ἐρώτησιν
1796 1021 1905 1076 ἀπὸ

328 1110 562 1165 εὐτελῶν
593 1113 922 1183 ἐποιήσατο,
951 1114 1037 1167 ἶνα
1080 1104 1341 1185 μειζόνως
1371 1115 1432 1167 τὸ
1470 1115 1609 1171 κατὰ
1636 1115 1705 1166 τὰ
1738 1112 1905 1183 σκεύη

328 1204 395 1258 τὰ
441 1202 578 1272 ἅγια
615 1204 993 1276 πλημμέλημα
1034 1204 1268 1279 αὐξήσῃ.
1307 1207 1467 1275 Λέγει
1505 1206 1683 1259 τοίνυν
1712 1206 1814 1270 ὅτι,
1844 1206 1911 1259 Εἴ

327 1310 408 1358 τις
440 1297 613 1366 κρέας
642 1295 794 1365 ἅγιον
835 1297 897 1350 τδ
940 1296 1047 1353 ἀπὸ
1085 1299 1275 1364 θυσίας
1318 1300 1353 1371 ﬂ
1400 1314 1544 1361 τινος
1590 1299 1905 1369 προσφορᾶς

328 1388 660 1458 ἡγιασμένον
688 1391 746 1440 ἐν
774 1388 928 1459 μέρει
957 1392 1064 1444 τινὶ
1085 1390 1178 1444 τοῦ
1215 1390 1429 1462 ἱματίου
1463 1390 1673 1461 ἐμϐάλῃ
1705 1389 1795 1443 τοῦ
1823 1391 1898 1442 ot-

327 1479 497 1543 κείου,
533 1475 653 1532 εἶτα
691 1480 851 1534 τοῦτο
894 1480 957 1552 δὴ
993 1482 1051 1535 τὸ
1083 1481 1251 1553 ἀκρον
1295 1480 1483 1551 ἐτέρου
1526 1483 1670 1546 τινὸς
1711 1481 1902 1552 ἁψεται

326 1570 469 1623 οἴνου
515 1572 549 1641 ἦ
598 1572 783 1624 ἐλαίου
823 1572 857 1643 ἢ
894 1573 1015 1626 ὅτου
1050 1573 1112 1644 δή
1159 1590 1289 1626 ποτε
1336 1572 1443 1627 τῶν
1490 1572 1747 1644 βρωτῶν,
1789 1567 1903 1645 ἄρα

329 1662 479 1731 ἅγιον
514 1663 667 1717 ἔσται
693 1666 753 1717 τὸ
775 1666 985 1719 τοιοῦτο
1006 1666 1095 1720 διὰ
1114 1667 1213 1736 τὴν
1240 1666 1334 1719 τοῦ
1359 1666 1529 1738 ἄκρου
1560 1663 1654 1718 τοῦ
1687 1665 1901 1735 ἱματίου

2019 477 2235 547 gebant,
2253 488 2301 533 et
2324 493 2431 533 non
2445 492 2569 532 cum
2592 470 2947 534 Conveniente
2963 493 3161 549 pavore
3185 499 3199 535 :
3221 495 3326 549 qua
3342 496 3507 551 super
3524 497 3585 539 re

2019 570 2331 625 sacerdotes
2362 570 2854 640 ipsosinterrogari
2883 585 2913 623 a
2945 570 3210 641 propheta
3238 571 3579 641 Deusjubet.

2019 657 2072 711 in
2099 672 2330 727 quorum
2355 659 2586 713 arbitrio
2603 668 2718 713 erat
2744 660 2860 715 haec
2886 660 2967 715 vel
2988 661 3325 730 negligenter
3351 661 3436 716 vel
3456 677 3579 716 cum

2015 745 2200 800 debito
2237 758 2380 802 metu
2409 754 2663 803 tractare.
2692 748 2916 820 [Egregie
2940 764 3072 804 vero
3099 750 3579 820 interrogationem

2016 836 2215 892 vilibus
2242 838 2296 892 in
2338 839 2500 893 rebus
2525 839 2672 903 l‘acit,
2704 851 2763 892 ιιι
2808 840 3077 895 adversus
3103 854 3262 895 sacra
3295 855 3425 896 vasa
3452 855 3581 910 pec-

2015 934 2196 980 catum
2225 930 2395 999 magis
2428 938 2645 998 augeat.
2683 931 2775 984 Ait
2814 929 2981 1000 igitur
3012 946 3028 984 :
3062 928 3269 995 Quodsi
3308 930 3434 1000 quis
3455 944 3581 985 san»

2014 1027 2157 1072 ctam
2196 1033 2416 1075 carnem
2447 1021 2515 1076 de
2547 1021 2770 1074 victima
2800 1029 2896 1076 aut
2925 1022 3166 1091 qualibet
3192 1021 3490 1084 oblatione,
3522 1022 3578 1075 in

2014 1120 2222 1178 partem
2263 1111 2505 1180 aliquam
2534 1111 2846 1166 vestimenti
2887 1112 2972 1166 sui
3003 1110 3334 1181 coniecerit;
3382 1109 3580 1166 deinde

2014 1199 2177 1269 hujus
2205 1202 2372 1257 vestis
2402 1203 2688 1256 summitas
2742 1202 2888 1256 aliud
2913 1202 3112 1272 aliquid
3154 1202 3442 1274 contigerit
3463 1202 3580 1258 sive

2010 1289 2198 1345 vinum
2243 1290 2359 1344 sive
2410 1290 2616 1355 oleum,
2659 1291 2778 1345 sive
2817 1292 3113 1359 quamlibet
3163 1291 3323 1345 aliam
3371 1305 3576 1354 escam,

2011 1394 2139 1432 num
2172 1379 2247 1444 id,
2266 1380 2516 1449 inquam,
2540 1386 2793 1434 sanctum
2814 1380 3001 1435 evadet
3024 1388 3245 1450 propter
3264 1382 3465 1436 summi
3486 1394 3578 1436 ve-

2011 1471 2250 1525 stimenti
2298 1481 2646 1536 contactum,
2708 1474 2763 1526 in
2818 1486 2929 1542 quo
2967 1487 3098 1528 raro
3138 1473 3377 1542 reposita
3424 1473 3578 1528 erat?

2008 1557 2087 1612 Illi
2118 1573 2248 1613 vero
2276 1567 2640 1631 congruenter
2665 1562 3086 1631 responderunt,
3117 1577 3232 1616 rem
3263 1563 3576 1632 bujusmodi

2009 1659 2252 1705 sanctam
2292 1665 2401 1705 non
2445 1652 2581 1715 fore,
2612 1663 2882 1721 quatenus
2922 1668 3033 1708 non
3075 1653 3376 1710 subiciebat
3409 1655 3578 1712 restis

329 1752 492 1823 ἁφὴν,
528 1756 586 1807 ἐν
621 1748 776 1827 ᾧπερ
802 1756 1058 1810 ἀπέκειτο
1090 1757 1152 1811 τὸ
1181 1756 1383 1827 κρέας;
1416 1758 1478 1810 Ol
1516 1755 1574 1808 δὲ
1601 1754 1897 1819 ἀκολούθως

2007 1743 2314 1807 summitas,
2348 1743 2403 1798 in
2432 1759 2540 1814 qua
2576 1759 2705 1800 caro
2750 1756 2935 1801 sancta
2984 1747 3196 1803 incIusa
3227 1756 3395 1812 esset,
3425 1764 3577 1803 com-

330 1843 533 1911 ἐιρασαν
569 1845 655 1898 ὄτι
695 1844 770 1916 μὴ
811 1844 966 1914 ἆγιον
990 1845 1195 1915 γίνεται
1222 1845 1284 1900 τὸ
1314 1844 1544 1908 τοιοῦτο,
1578 1846 1654 1907 ῶς
1678 1848 1778 1898 οὐκ
1810 1844 1905 1898 αὐ-

328 1934 546 2003 τάρκως
575 1931 793 2003 ἔχοντος
821 1932 915 1986 τοῦ
941 1935 1111 2005 άκρου
1143 1933 1237 1987 τοῦ
1267 1935 1480 2004 ἱματίου
1513 1933 1600 1986 διὰ
1633 1931 1695 1985 τὸ
1725 1932 1904 2001 ἐγκεί-

334 2041 492 2092 μενον
520 2024 690 2093 κρέας
715 2023 869 2093 ἅγιον
902 2023 1072 2096 ἑτέρῳ
1098 2023 1289 2096 βρωτῷ
1314 2024 1405 2077 τὸν
1439 2024 1706 2094 ἁγιασμδν
1742 2023 1900 2095 παρέ-

330 2132 462 2184 χειν.
497 2112 636 2181 Εἶτα
688 2115 852 2170 πάλιν
882 2116 1093 2188 ἐρωτᾷ,
1136 2117 1262 2169 Ἐὰν
1311 2115 1369 2168 δέ
1410 2133 1493 2179 τις
1535 2116 1901 2187 μεμιασμένος

331 2205 409 2273 ἐρ’
444 2206 554 2276 ὅτῳ
601 2204 802 2276 δήποτε
840 2206 1043 2276 ἅψηται
1077 2206 1183 2259 τῶν
1216 2196 1503 2269 τοιούτων,
1551 2204 1748 2275 μιαίνει
1785 2199 1899 2275 ἆρα

332 2296 544 2358 πάντως
576 2295 739 2359 αὐτὰ,
779 2294 812 2365 ἦ
840 2293 933 2360 ob;
965 2297 1026 2347 Οί
1055 2295 1110 2348 δέ
1148 2289 1358 2364 ἔφασαν
1403 2293 1655 2365 μιαίνειν.
1707 2293 1899 2346 Ἠδου-

331 2387 463 2460 λήθη
489 2387 547 2441 δέ
576 2386 664 2439 διὰ
694 2386 896 2439 τούτων
922 2387 1093 2439 εἰπεῖν
1133 2386 1239 2451 ὅτι,
1271 2386 1480 2454 ’Ὠσπερ
1511 2383 1572 2436 τὸ
1608 2383 1775 2454 ἀκρον
1803 2382 1897 2436 τοῦ

337 2478 565 2547 ἱματίου,
598 2475 655 2529 οὐ
684 2475 772 2529 διὰ
799 2474 861 2528 τὸ
896 2475 1237 2545 ἐπικείμενον
1269 2475 1421 2542 ἀγιον
1455 2473 1702 2542 ἁγιάζειν
1739 2473 1898 2527 δύνα-

338 2587 426 2621 ται
448 2569 509 2621 sb
530 2567 903 2639 προσεγγίξον,
931 2569 959 2619 ὁ
989 2565 1359 2637 μεμιασμένος
1385 2564 1438 2618 δὲ
1467 2565 1767 2635 ἁπτόμενος
1789 2563 1897 2617 τῶν

345 2660 598 2712 τοιούτων
638 2660 829 2730 μιαίνει
878 2659 1092 2721 πάντως
1135 2658 1301 2721 αύτά,
1339 2656 1478 2710 οὕτω
1523 2657 1628 2727 χρὴ
1657 2655 1896 2726 νομίζειν

350 2751 593 2820 uixisti;
608 2751 941 2822 ἁπτομένους
962 2750 1280 2821 προχείρως,
1311 2765 1385 2820 ῳ.
1407 2749 1529 2815 4'26)
1559 2752 1649 2803 καὶ
1669 2749 1730 2802 ού
1759 2749 1897 2820 μετὰ

345 2838 433 2894 τοῦ
456 2842 808 2913 προσήκοντος
845 2841 1182 2910 σεδάσματος
1207 2841 1312 2893 τῶν
1344 2840 1628 2912 ἱερατικῶν
1657 2841 1891 2903 σκευῶν,

334 2932 364 3003 ἢ
410 2934 511 2987 τῶν
541 2935 692 2997 ὅπως
722 2935 852 2987 ποτὲ
894 2933 970 3003 τῷ
1004 2929 1120 3002 Θεῷ
1169 2933 1567 3002 προσηκόντων,
1605 2934 1685 2986 ὅτι
1724 2934 1820 3004 οὐχ
1867 2937 1895 2988 ό

330 3022 544 3075 ἐκείνων
571 3024 845 3093 ἁγιασμὸς
880 3022 1022 3092 ὑμᾶς
1064 3021 1296 3090 ἁγιάζει,
1337 3022 1364 3073 ὁ
1392 3020 1448 3074 δὲ
1477 3021 1739 3092 ὑμέτερος
1766 3023 1891 3093 τρό-

329 3128 420 3177 πος
453 3112 831 3184 μεμιασμένος
856 3108 930 3164 ὢν
950 3110 1107 3183 ὓϐριν
1137 3110 1525 3182 προστρίϐεται
1556 3114 1667 3175 τοῖς
1698 3111 1892 3180 ἁγίοις,

328 3207 480 3276 εἴπερ
510 3202 606 3257 οὖν
637 3201 818 3255 αὐτῶν
859 3201 961 3267 ἔξω
995 3202 1088 3255 τοῦ
1121 3204 1491 3273 προσήκοντος
1535 3203 1896 3272 ἐφαπτόμενοι

328 3293 623 3364 φαίνοισθε.
651 3291 814 3346 Ὅθεν
837 3293 931 3346 καὶ
958 3294 985 3345 ὀ
1013 3292 1295 3365 προφήτης
1317 3293 1670 3363 ἀποκρίνεται
1699 3295 1774 3356 ὠς
1800 3293 1892 3347 τοῦ

328 3382 455 3437 Θεοῦ
504 3383 756 3446 εἰπόντος
791 3381 909 3446 ὅτι,
955 3382 1174 3434 Τοιοῦτο
1222 3382 1285 3452 δὴ
1329 3382 1421 3434 καὶ
1468 3383 1529 3434 τὸ
1572 3384 1703 3452 παρ’
1744 3382 1895 3452 ὑμῶν

329 3473 605 3543 γινόμενον
625 3470 793 3532 ἔστιν,
820 3470 897 3522 ὅτ’
920 3469 986 3522 ἂν
1006 3468 1251 3539 amcos
1279 3486 1421 3532 τινος
1440 3470 1546 3523 τῶν
1577 3472 1696 3540 ἐμοὶ
1725 3488 1892 3539 προσ-

325 3564 565 3633 ηκόντως
611 3560 816 3629 ἁγίων·
852 3558 991 3612 ὥστε
1048 3560 1342 3631 προσήκειν
1384 3560 1528 3629 ὑμᾶς
1581 3561 1776 3612 εἰδέναι
1813 3563 1893 3613 ὅτι

325 3654 426 3715 πᾶς
462 3646 698 3720 ἐγγίζων
729 3649 854 3719 ἐμοὶ
882 3650 1161 3720 (ἐγγίζειν
1203 3652 1311 3720 γὰρ
1345 3652 1467 3719 ἐμοὶ
1489 3650 1632 3718 λέγω
1654 3689 1669 3712 ,
1701 3652 1761 3703 τὸ
1788 3654 1893 3707 τῶν

322 3744 441 3812 ἐμοὶ
470 3741 859 3812 προσηκόντων
902 3757 961 3793 τε
1002 3742 1094 3793 καὶ
1124 3742 1499 3811 ἀνακειμένων
1539 3742 1891 3813 ἐφάπτεσθαι)

321 3834 364 3884 εί
386 3832 699 3903 προχείρως
732 3832 824 3883 καὶ
851 3830 910 3882 ἐν
939 3830 1168 3899 ἀμελείᾳ
1194 3829 1289 3883 καὶ
1313 3831 1709 3900 καταφρονήσει
1739 3830 1894 3883 τοῦτο

323 3922 524 3993 ποιοίη,
558 3923 621 3975 οὗ
671 3921 833 3990 μόνον
866 3920 1082 3982 οὐθενὸς
1123 3920 1384 3973 ἀπολαύει
1432 3921 1656 3993 κέρδους
1692 3922 1755 3973 ἐκ
1794 3923 1891 3991 τῆς

324 4014 486 4083 ἁφῆς,
518 4011 655 4065 ἀλλὰ
693 4010 803 4082 γάρ
837 4010 929 4064 καὶ
961 4010 1246 4080 μολύνεται
1277 4011 1606 4081 προσαδικού
1616 4028 1774 4081 μενος
1798 4014 1892 4065 καὶ

324 4101 837 4173 προσϐλαπτόμενος
855 4140 869 4164 ,
903 4101 1038 4172 ὑπὲρ
1072 4096 1146 4153 ὧν
1175 4098 1281 4152 τῶν
1311 4099 1482 4163 οὕτως
1511 4101 1680 4168 ἁγίων
1715 4102 1892 4172 ἥψατο

322 4193 645 4265 προχείρως.
702 4209 722 4242 t
773 4192 1000 4246 Ἕνεκεν
1046 4191 1155 4243 τῶν
1207 4191 1507 4261 λημμάτων
1554 4192 1732 4245 αὐτῶν
1780 4192 1890 4251 τῶν

318 4281 582 4352 ὀρθρινῶν
636 4279 1055 4351 όδυνηθήσονται
1103 4279 1213 4334 ἀπὸ
1269 4281 1561 4351 προσώπου
1616 4281 1888 4353 πονηριῶν

319 4371 515 4436 αὐτῶν,
547 4369 641 4423 καὶ
681 4370 923 4439 ἐμισεῖτο
959 4370 1016 4421 ἐν
1050 4369 1247 4432 πύλαις
1277 4368 1616 4437 ἐλέγχοντας.
1670 4387 1689 4419 ›
1730 4372 1887 4439 Λημ-
1918 4420 1963 4475 D

321 4461 502 4529 μάτων
541 4459 752 4525 αὐτῶν,
792 4459 878 4513 ἵνα
924 4460 1053 4532 εἴπῃ
1102 4458 1176 4522 ὡς
1232 4457 1668 4528 ἐπελαμϐάνοντο
1714 4458 1880 4528 πρὰτ·

2007 1833 2333 1889 municando
2361 1835 2515 1890 alteri
2546 1850 2690 1893 escae
2711 1838 3224 1895 sanctiﬁcationem.
3250 1839 3372 1895 Mox
3394 1841 3578 1897 denuo

2005 1920 2301 1992 interrogat
2337 1940 2352 1975 :
2396 1921 2453 1976 Si
2499 1925 2623 1993 quis
2662 1925 3154 1997 quomodocunque
3207 1928 3446 1998 pollutus
3485 1946 3575 1986 res

2005 2011 2313 2080 bujus’modi
2356 2014 2623 2084 attigerit.
2654 2030 2783 2069 num
2816 2017 2938 2073 illas
2964 2019 3186 2073 omnino
3203 2019 3575 2075 contaminat?

2003 2099 2083 2154 Illi
2126 2117 2258 2157 vero
2306 2104 2560 2159 dixerunt
2585 2126 2600 2156 :
2625 2103 2994 2162 Contaminat.
3040 2107 3225 2163 Voluit
3264 2118 3446 2165 autem
3476 2126 3573 2180 per

2004 2193 2117 2248 haec
2142 2193 2346 2259 dicere,
2373 2197 2519 2265 quod
2539 2198 2850 2253 vestimenti
2873 2199 3093 2270 quidem
3124 2202 3411 2258 summitas
3445 2217 3572 2272 pro-

1999 2289 2121 2351 pter
2154 2296 2268 2336 rem
2299 2292 2548 2338 sanctam
2570 2285 2851 2341 inclusam
2888 2288 3231 2344 sanctiﬁcare
3262 2291 3569 2360 proximum

2000 2373 2201 2441 aliquid
2244 2382 2515 2444 nequeat;
2562 2375 2657 2431 sed
2694 2376 2842 2446 quod
2887 2377 3050 2433 homo
3082 2380 3327 2449 pollutus
3359 2383 3406 2437 si
3438 2384 3569 2453 quid

1999 2465 2263 2533 ejusmodi
2303 2474 2509 2536 tangat,
2553 2469 2710 2537 plane
2754 2469 2885 2524 illud
2928 2471 3290 2528 contaminet:
3342 2473 3571 2544 ideoque

1997 2555 2351 2621 credendum,
2392 2556 2537 2626 quod
2569 2557 2616 2611 si
2647 2570 2746 2613 vos
2776 2566 3002 2622 temere,
3037 2567 3090 2615 et
3119 2561 3238 2616 sine
3274 2560 3455 2616 debita
3481 2578 3568 2618 re-

1997 2648 2197 2717 ligione
2232 2663 2360 2703 vasa
2408 2663 2588 2715 sacra,
2636 2650 2718 2704 vel
2758 2650 3023 2720 quidquid
3053 2651 3239 2705 divino
3275 2655 3447 2708 cultui
3474 2654 3572 2711 ad-

1997 2736 2200 2791 dictum
2230 2745 2332 2801 est,
2388 2739 2692 2808 tetigeritis,
2733 2739 2876 2793 haud
2924 2740 3145 2794 illorum
3185 2744 3445 2796 sanctitas
3471 2758 3567 2799 vos

1996 2827 2318 2891 sanetiticet,
2357 2828 2449 2885 sed
2492 2829 2604 2882 vita
2643 2838 2826 2886 vestra
2859 2832 3145 2902 inquinata
3184 2836 3568 2890 contumeliam

1995 2920 2160 2974 rebus
2203 2921 2412 2974 sanctis
2456 2930 2728 2995 aspergat,
2764 2922 3034 2992 siquidem
3085 2923 3207 2979 illas
3237 2925 3444 2995 absque
3475 2930 3569 2983 de-

1994 3007 2106 3061 bita
2137 3010 2437 3062 reverentia
2473 2994 2812 3066 contrectare
2841 3012 3156 3066 videamini.
3203 2994 3565 3079 Quamobrem

1997 3097 2157 3150 etiam
2200 3099 2460 3167 prepheta
2498 3102 2813 3171 respondet,
2861 3111 3119 3173 tanquam
3149 3102 3259 3160 Deo
3290 3104 3565 3177 loquente,
3636 3136 3645 3161 ι

1998 3186 2101 3239 hoc
2130 3186 2305 3254 ipsum
2336 3188 2496 3257 231
2532 3188 2601 3242 ab
2638 3191 2704 3245 iis
2730 3190 2843 3245 ﬁeri
2875 3193 3309 3263 quotiescunque
3330 3208 3417 3251 res
3442 3211 3574 3252 san-

1997 3285 2113 3331 ctus
2125 3278 2294 3331 cultui
2312 3293 2434 3333 meo
2457 3279 2704 3335 addictas
2722 3282 3019 3352 tetigerint.
3038 3282 3400 3348 Quamobrem
3422 3288 3567 3342 scire

1995 3367 2226 3431 debetis,
2270 3370 2569 3437 quemlibet
2613 3372 2746 3425 mihi
2788 3373 3245 3442 propinquantem
3306 3375 3563 3444 (propin-

1994 3473 2164 3528 quare
2192 3469 2372 3514 autem
2397 3461 2531 3514 mihi
2567 3462 2718 3515 illum
2754 3462 2898 3528 dico,
2926 3464 3019 3533 qui
3059 3478 3146 3519 res
3181 3479 3330 3521 meas
3366 3465 3566 3521 mihire

1995 3550 2204 3604 oblatas
2244 3551 2515 3619 attingit),
2560 3554 2606 3605 si
2637 3562 2839 3609 temere
2867 3569 2931 3610 ac
2979 3555 3278 3610 socorditer
3307 3564 3401 3610 aut
3433 3572 3563 3611 cou~

1995 3641 2237 3708 temptim
2266 3642 2319 3695 id
2351 3650 2496 3711 agat,
2526 3658 2633 3697 non
2668 3644 2828 3697 modo
2858 3648 3065 3699 nullum
3094 3661 3161 3701 ex
3189 3655 3442 3703 contactu
3475 3666 3565 3704 ca-

1996 3744 2123 3798 pere
2142 3731 2588 3795 emolumentum,
2611 3749 2799 3787 verum
2824 3736 2987 3790 etiam
3019 3736 3293 3807 inquinari
3323 3754 3429 3793 non
3444 3741 3564 3795 sine

1994 3833 2093 3874 sua
2132 3821 2292 3888 culpa
2335 3835 2400 3874 ac
2447 3821 2665 3889 damno,
2722 3835 3004 3895 promerea
3043 3829 3187 3897 quod
3227 3837 3431 3886 temere
3473 3846 3562 3886 re;

1994 3910 2130 3964 adeo
2156 3919 2375 3966 sanctas
2412 3917 2852 3969 contrectarerit.
2907 3936 2925 3968 ι
2945 3917 3174 3987 Propter
3200 3935 3425 3973 munera
3460 3936 3561 3977 sua

1994 4002 2256 4056 matutina
2283 4003 2594 4060 dolebunta
2637 4007 2776 4062 facie
2819 4009 3166 4079 iniquitatum
3201 4026 3459 4067 suarum:
3507 4028 3563 4069 et

1991 4090 2228 4147 odoratis
2249 4105 2538 4166 arguentes
2561 4097 2613 4150 in
2648 4098 2841 4166 portis.
2866 4117 2885 4149 ι
2915 4098 3135 4154 Munera
3155 4100 3288 4155 dicit
3312 4118 3431 4172 qua:
3452 4120 3558 4157 non

1993 4192 2138 4238 recte
2170 4186 2379 4255 agendo
2418 4188 2782 4257 accipiebant.
2819 4189 3046 4260 Propter
3093 4192 3371 4263 improbos
3405 4205 3560 4252 actus

1991 4280 2221 4338 vestros,
2250 4291 2389 4344 quos
2418 4276 2661 4332 diluculo
2689 4290 3101 4352 consurgentes,
3129 4285 3442 4341 omnimoda
3474 4302 3561 4341 sc-

1991 4362 2218 4418 dulitate
2242 4367 2602 4433 exercebatis,
2622 4368 2677 4421 in
2702 4370 2888 4438 gravia
2927 4373 3068 4424 mala
3092 4371 3385 4434 incidistis.
3423 4390 3562 4443 prte-

1990 4454 2177 4509 sertim
2199 4455 2325 4524 quia
2344 4458 2731 4526 prophetarum
2756 4460 3235 4528 reprehensionem
3262 4479 3419 4532 atque
3441 4466 3560 4519 ani-

317 4563 494 4630 τοντες
518 4550 578 4602 οὐ
603 4550 850 4612 δεόντως.
889 4550 1059 4619 Ὑπὲρ
1082 4549 1188 4619 γὰρ
1210 4542 1305 4611 ὧν,
1328 4549 1515 4619 φησὶν,
1545 4550 1884 4619 ἐπεχειρεῑτε

2000 4560 2078 4599 mo
2118 4561 2227 4599 non
2248 4546 2455 4601 tulistis
2481 4565 2495 4612 ;
2524 4547 2839 4617 indignatus
2875 4548 2959 4602 his
2985 4549 3114 4602 dum
3146 4551 3198 4603 in
3228 4556 3399 4620 portis
3429 4567 3558 4606 con-

319 4639 576 4709 πράξεσιν
608 4640 863 4702 ἀτόποις,
894 4639 1101 4710 δρθριοι
1135 4640 1214 4701 εἰς
1248 4638 1405 4691 τοῦτο
1440 4638 1840 4707 διανιστάμενοι
1868 4680 1882 4703 ,

320 4735 402 4787 καὶ
431 4734 567 4802 μετὰ
591 4735 774 4803 πάσης
800 4732 869 4786 τὰ
893 4734 1069 4787 ἄτοπα
1089 4733 1189 4803 τῆς
1216 4732 1449 4802 σπουδῆς
1481 4732 1875 4797 ἐπιτελοῦντες,

1989 4639 2265 4697 sisterent.
2298 4648 2357 4691 ut
2403 4654 2745 4694 communem
2782 4641 3007 4707 cunctis
3030 4641 3458 4710 ingredientibus
3503 4654 3557 4699 et

1987 4733 2317 4788 exeuntibus
2355 4734 2512 4789 dictis
2550 4735 2665 4788 suis
2697 4736 2991 4789 suaderent
3028 4737 3483 4791 emendationem.

319 4828 375 4894 τῇ
397 4825 665 4897 βαρύτητι
686 4824 794 4877 τῶν
822 4824 1259 4894 προσγεγονότων
1281 4824 1406 4893 ὑμῖν
1436 4840 1501 4875 πε
1510 4825 1893 4894 ριπεπτὼκατε
1920 4823 2122 4885 κακῶν,
2145 4826 2238 4877 καὶ
2265 4824 2442 4895 πολλῷ
2464 4843 2526 4894 γε
2558 4825 2718 4878 πλέον
2757 4827 2945 4898 ἐπειδὴ
2970 4826 3061 4879 τὸν
3104 4828 3253 4899 παρὰ
3300 4829 3405 4882 τῶν
3432 4845 3556 4899 προ-
3662 4844 3667 4855 ⁸

321 4916 495 4986 φητῶν
521 4915 741 4985 ἔλεγχον
765 4915 864 4966 οὐκ
891 4914 1135 4986 ἐδέχεσθε
1155 4932 1169 4948 ·
1198 4917 1274 4986 (p.
1309 4916 1436 4988 427)
1468 4917 1871 4987 ἐδυσχεραίνετε
1909 4917 1967 4970 δὲ
2011 4918 2146 4988 πρὸς
2194 4919 2389 4981 αὐτοὺς
2414 4921 2504 4973 ἐπὶ
2558 4924 2675 4979 ταῖς
2711 4920 2903 4985 πύλαις
2938 4921 3198 4984 ἑστῶτας,
3228 4922 3305 4984 ὡς
3344 4921 3410 4974 ἂν
3442 4939 3553 4975 κοι-

322 5012 407 5083 νὴν
438 5012 611 5066 ἀπασι
633 5012 745 5073 τοῖς
774 5009 999 5063 είσιοῦσί
1030 5027 1090 5063 τε
1120 5013 1215 5064 καὶ
1241 5011 1442 5076 ἐξιοῦσι
1472 5011 1570 5083 τὴν
1603 5012 1713 5064 ἀπὸ
1741 5012 1848 5065 τῶν
1886 5012 2192 5082 λεγομένων
2236 5014 2560 5083 προσάγοιεν
2600 5015 2959 5087 ἐνδιόρθωσιν.

382 5103 526 5173 Στίχ.
560 5107 735 5165 ις’-κ’.
768 5128 840 5139 -—
874 5117 894 5151 t
930 5101 1041 5153 Rati
1092 5101 1187 5153 νῦν
1215 5100 1370 5154 θέσθε
1397 5102 1461 5172 δὴ
1499 5104 1592 5155 ἐπὶ
1615 5104 1717 5166 τὰς
1745 5120 1883 5173 καρ-

2050 5102 2216 5158 Vens.
2251 5104 2435 5158 16-20.
2499 5135 2569 5145 -—
2607 5124 2624 5156 ι
2685 5106 2750 5159 Et
2790 5120 2935 5160 nunc
2967 5106 3149 5176 ponite
3201 5105 3256 5159 in
3297 5107 3552 5163 cordibus

322 5191 427 5255 δίας
475 5191 630 5263 ὑμῶν
681 5191 790 5244 ἀπὸ
827 5192 924 5262 τῆς
962 5190 1174 5262 ἡμέρας
1220 5191 1423 5258 ταύτης
1482 5194 1574 5245 καὶ
1626 5193 1881 5263 ὑπεράνω

2000 5195 2172 5249 rostris
2193 5211 2220 5247 a
2248 5195 2336 5251 die
2356 5197 2456 5251 hac
2474 5206 2526 5251 ct
2548 5212 2732 5265 supra,
2765 5207 3052 5266 antequam
3089 5205 3384 5267 poneretur
3416 5199 3551 5269 lapis

327 5282 417 5351 πρὸ
460 5281 555 5334 τοῦ
593 5282 765 5335 θεῖναι
804 5281 948 5335 λίθον
996 5283 1088 5334 ἐπὶ
1116 5282 1260 5335 λίθον
1290 5284 1347 5336 ἐν
1377 5282 1455 5352 τῷ
1492 5282 1604 5352 ναῷ
1629 5284 1836 5354 Κυρίου
1863 5298 1876 5312 ⁸

326 5370 449 5434 τίνες
493 5368 592 5442 ἦτε
624 5373 716 5426 ὅτε
756 5371 1068 5425 ἐνεϐάλλετε
1111 5374 1190 5436 είς
1236 5373 1470 5443 κυψέλην
1499 5373 1671 5427 εἴκοσι
1706 5374 1841 5427 σάτα
1863 5416 1875 5437 ,

326 5461 405 5511 καὶ
429 5462 633 5530 ἐγίνετο
672 5462 804 5515 δέκα
838 5463 973 5515 σάτα
1005 5464 1228 5534 κριθῆς·
1266 5465 1358 5516 καὶ
1391 5465 1764 5533 εἰσεπορεύετο
1798 5468 1876 5527 εἰς

324 5547 376 5599 τὸ
414 5553 693 5623 ὑπολήνιον
729 5552 1046 5623 ἐξαντλῆσαι
1092 5556 1423 5624 πεντήκοντα
1465 5556 1734 5626 μετρητὰς
1782 5559 1874 5609 καὶ

1981 5302 2144 5355 super
2184 5287 2415 5355 lapidem
2463 5289 2513 5340 in
2548 5291 2749 5357 templo
2789 5288 3035 5342 Domini:
3070 5288 3286 5358 quinam
3319 5290 3548 5357 fueritis,

1978 5376 2196 5445 quando
2218 5377 2519 5431 mittebatis
2549 5377 2600 5430 in
2633 5380 2886 5448 cypselen
2905 5379 3094 5447 viginti
3120 5386 3261 5441 sata,
3282 5386 3332 5431 et
3354 5378 3551 5433 ﬁebant

1982 5468 2168 5522 decem
2202 5477 2318 5521 sata
2349 5468 2538 5523 hordei
2576 5487 2588 5522 :
2624 5478 2678 5523 ct
2717 5469 3169 5540 ingrediebamini
3207 5470 3449 5524 torcular
3491 5478 3550 5523 ut

1983 5557 2271 5613 hauriretis
2291 5559 2686 5630 quinquaginta
2719 5560 3308 5629 amphoras,etliebaut
3338 5561 3545 5630 viginti.

329 5636 543 5709 ἐγίνοντο
581 5644 816 5696 εἴκοσινο
866 5645 1108 5709 ἐπάταξα
1138 5645 1279 5709 ὑμᾶς
1331 5650 1386 5697 ἐν
1429 5647 1626 5717 ἀφορίᾳ
1675 5649 1767 5701 καὶ
1814 5649 1870 5699 ἐν

2000 5648 2231 5701 ’crcussi
2251 5665 2344 5705 vos
2364 5653 2671 5718 sterilitate,
2688 5660 2740 5707 et
2761 5655 2901 5708 acris
2920 5653 3289 5721 cet-ruptioue,
3310 5661 3354 5702 ct
3385 5663 3549 5719 gran-

622 5742 893 5802 I’nnor.
938 5741 1051 5802 Gn.
1106 5742 1312 5802 LXVI.

3153 5748 3219 5804 iii
