4022 6138
409 323 512 382 ιιι

1619 328 1968 386 THEODORI
2003 325 2486 390 MOPSUESTENI

3545 327 3653 385 492

412 447 541 501 dine
599 442 782 498 omnia
842 456 1009 513 opcra
1073 457 1334 497 manuum
1382 450 1725 510 vestrarum;
1773 453 1826 501 et
1882 459 1983 500 non

2092 441 2457 514 ἀνεμοφθορία
2486 444 2578 496 καὶ
2606 441 2662 494 ἐν
2698 441 2904 516 χαλάζῃ
2942 441 3116 496 πάντα
3147 442 3213 497 τὰ
3243 442 3379 514 ἔργα
3405 444 3515 498 τῶν
3546 463 3659 517 χει-

413 533 618 591 reversi
649 533 783 589 estis
830 533 896 588 ad
924 547 1030 596 me,
1069 531 1207 586 dicit
1227 531 1512 588 Dominus.
1533 533 1807 604 Apponite
1837 548 1986 588 nunc

414 626 580 683 corda
611 637 786 681 vestra
821 639 851 677 a
881 623 968 679 die
1001 624 1104 679 ista
1152 630 1207 678 et
1235 639 1424 693 supra,
1461 639 1493 678 a
1530 631 1730 694 quarta
1756 629 1813 678 et
1839 623 1985 678 vice-

411 719 550 774 sima
578 719 706 772 noni
738 716 962 779 mensis,
1026 723 1085 772 et
1114 731 1146 770 a
1174 717 1263 771 die
1297 731 1405 786 qua
1461 715 1812 772 fundamenta
1836 713 1986 784 jacta

411 814 542 864 sunt
583 806 766 876 templi
826 805 1061 860 Domini.
1112 805 1307 860 Ponite
1355 806 1412 862 in
1441 805 1704 862 cordibus
1759 804 1982 869 vestris,

411 907 593 954 utrum
623 898 802 954 adhuc
850 905 1217 968 cognoscctur
1274 913 1440 969 super
1491 882 1700 963 aream,
1757 902 1813 951 et
1851 909 1983 949 num

409 989 588 1046 adhuc
638 989 736 1045 viti
785 997 840 1045 et
869 988 996 1046 ﬁcui
1048 997 1104 1045 et
1147 989 1546 1060 malogranato,
1589 997 1646 1044 et
1689 986 1983 1043 arboribus

409 1083 565 1148 olea,
593 1097 716 1152 qua:
730 1081 969 1136 fructum
996 1088 1220 1151 negant,
1251 1096 1316 1137 ex
1342 1081 1446 1136 hac
1470 1080 1560 1136 die
1587 1079 1928 1136 benedicam.
1959 1096 1977 1126 ι

407 1173 828 1244 Comparatione
880 1173 1128 1228 instituta
1181 1172 1486 1242 superioris
1542 1171 1828 1242 temporis,
1875 1183 1983 1240 quo

409 1263 602 1334 templi
628 1263 1044 1318 aediﬁcationem
1079 1263 1443 1334 negligebant,
1469 1270 1524 1318 et
1558 1261 1845 1331 praesentis
1874 1274 1985 1330 quo

411 1369 606 1424 urgere
635 1369 774 1425 opus
811 1362 1113 1424 coeperant,
1147 1353 1437 1410 ostendere
1465 1353 1636 1408 voluit
1659 1366 1841 1408 rerum
1863 1365 1986 1420 quae

411 1447 574 1517 282
600 1447 735 1516 ipsis
759 1446 1095 1502 obvenerant
1133 1444 1498 1500 diﬂ'ercntiam
1536 1463 1551 1499 :
1589 1443 1729 1499 etin
1780 1450 1985 1512 quanta

408 1540 691 1610 neglectus
727 1547 970 1608 tempore
1021 1537 1225 1593 versati
1284 1535 1519 1592 fuissent
1570 1535 1882 1600 sterilitate,
1932 1542 1986 1588 et

411 1641 612 1704 quanta
643 1632 784 1688 bona
811 1629 1020 1700 experti
1063 1635 1354 1698 postquam
1382 1623 1738 1682 exstruendo
1784 1625 1985 1695 templo

409 1725 637 1780 multam
712 1720 1074 1778 contulissent
1135 1717 1501 1775 sedulitatem.
1557 1714 1722 1785 Ergo,
1784 1714 1982 1784 inquit,

2088 533 2195 602 ρῶν
2238 532 2425 604 ὑμιῖινο
2473 533 2567 588 κα⁶ι
2606 535 2706 586 οὐκ
2752 533 3118 604 ἐπεστρέψατε
3178 535 3316 606 πρός
3352 553 3456 604 με,
3508 536 3662 605 λέγει

2085 623 2288 695 Κύριος
2335 623 2727 694 παντοκράτωρ
2748 639 2760 654 '
2797 622 2994 690 τάξατε
3023 623 3088 694 δὴ
3119 624 3219 688 τὰς
3249 625 3475 696 καρδίας
3506 628 3662 698 ὑμῶν

2084 711 2194 765 ἀπὸ
2223 712 2321 782 τῆς
2356 711 2567 783 ἠμέρας
2618 712 2821 782 ταύτης
2868 713 2960 766 καὶ
2991 711 3264 779 ἐπέκεινα,
3303 715 3411 768 ἀπὸ
3439 717 3538 786 τῆς
3567 735 3661 770 τε-

2083 801 2276 873 τράδος
2311 801 2404 855 καὶ
2433 803 2643 866 εἰκάδος
2679 803 2772 857 τοῦ
2825 802 3016 856 ἐνάτου
3058 804 3261 875 μηνὸς,
3294 807 3386 858 καὶ
3421 806 3528 860 ἀπὸ
3555 809 3661 877 τῆς

2084 893 2297 965 ἠμέρας
2324 888 2393 965 ἦς
2423 893 2755 964 ἐθεμελιώθη
2787 895 2816 948 ό
2837 894 2962 958 ναὸς
2982 895 3189 965 Κυρίου
3211 912 3226 926 ο
3269 894 3425 950 θέσθε
3451 900 3510 950 ἐν
3536 901 3661 962 ταῖς

2083 985 2329 1059 καρδίαις
2373 984 2526 1054 ὑμῶν
2555 987 2604 1039 εἰ
2638 985 2719 1038 ἔτι
2755 987 3221 1057 ἐπιγνωσθήσεται
3251 987 3343 1040 ἐπὶ
3369 988 3469 1058 τῆς
3506 989 3621 1043 ἅλω
3641 1006 3657 1019 ’

2084 1075 2179 1128 καὶ
2223 1076 2272 1128 εἰ
2319 1075 2465 1146 ἐτιή
2511 1075 2752 1146 ἄμπελος
2798 1078 2891 1130 καὶ
2934 1078 2968 1148 ἠ
3015 1077 3154 1147 συκῆ
3202 1077 3297 1131 καὶ
3330 1077 3430 1148 ῥοά
3470 1079 3662 1133 καὶτὰ

2086 1165 2216 1230 ξύλα
2259 1165 2360 1236 τῆς
2400 1165 2585 1230 ἐλαίας
2628 1166 2698 1220 τὰ
2744 1168 2806 1221 οὐ
2862 1168 3095 1238 φέροντα
3130 1169 3377 1238 καρπὸν,
3419 1170 3528 1223 ἀπὸ
3555 1172 3661 1236 τῆς

2083 1255 2294 1327 ἠμέρας
2337 1255 2541 1326 ταύτης
2583 1257 2882 1329 εὐλογήσω.
2937 1277 2955 1310 ι
2998 1258 3307 1329 Παραθέσει
3339 1260 3504 1314 πάλιν
3549 1261 3660 1315 τῶν

2083 1365 2143 1400 τε
2193 1347 2488 1418 πρότερον,
2531 1349 2621 1401 ὅτε
2655 1366 2760 1419 περ
2803 1349 3042 1418 ἠμέλουν
3087 1349 3189 1419 τῆς
3244 1350 3528 1423 οἰκοδομῆς
3561 1351 3660 1405 τοῦ

2083 1439 2248 1503 ναοῦ,
2282 1441 2377 1493 καὶ
2419 1439 2526 1494 τῶν
2564 1440 2658 1493 νῦν
2704 1439 2852 1506 ἐξότε
2899 1426 3002 1510 περ
3053 1439 3374 1506 σπουδάζειν
3426 1443 3662 1514 ἤρξαντο

2085 1531 2214 1600 περὶ
2239 1530 2300 1582 τὸ
2327 1530 2506 1601 ἔργον,
2536 1530 2808 1602 ἠϐουλήθη
2844 1530 3012 1596 δεῖξαι
3050 1532 3160 1584 τῶν
3192 1534 3491 1602 γεγονότων
3530 1537 3663 1607 περὶ
3748 1585 3755 1590 .

2084 1620 2280 1684 αὐτοὺς
2326 1620 2424 1692 τήν
2457 1620 2749 1692 διαφοράν·
2803 1623 2899 1676 καὶ
2944 1625 3002 1675 ἐν
3048 1623 3150 1693 ὅσῃ
3198 1623 3294 1690 μέν
3332 1624 3663 1695 ἀμελοῦντες

2086 1711 2287 1783 ἀφορίᾳ
2323 1712 2653 1781 γεγόνεσαν,
2691 1714 2830 1768 ὅσων
2865 1714 2922 1768 δὲ
2956 1717 3176 1786 ἀγαθῶν
3207 1721 3264 1770 ἐν
3294 1716 3459 1788 πείρᾳ
3491 1717 3657 1771 κατέ-

409 1821 661 1887 reputate
722 1811 1007 1882 superiora
1066 1815 1338 1879 tempora,
1371 1820 1496 1862 cum
1534 1805 1776 1862 nondum
1813 1804 1982 1860 aedili-

2093 1815 2316 1870 στησαν,
2333 1801 2516 1872 ἐπειδὴ
2531 1805 2600 1873 τῇ
2615 1803 2708 1855 τοῦ
2727 1803 2854 1857 ναοῦ
2876 1807 3160 1877 προσέχειν
3179 1807 3431 1878 οἰκοδομῇ
3454 1805 3662 1877 προθυ-

409 1905 570 1960 candi
629 1902 813 1972 templi
869 1915 1062 1954 curam
1112 1895 1504 1967 susceperatis,
1553 1894 1608 1950 in
1657 1894 1984 1965 quibusnam

409 2009 594 2050 rerum
621 1991 898 2062 adiunctis
928 1989 1302 2052 versaremini,
1319 2003 1442 2043 cum
1459 1987 1716 2042 nimirum
1739 1988 1990 2058 manipu-

409 2087 495 2140 los
542 2083 876 2153 colligebatis
929 2081 1124 2152 viginti
1179 2089 1424 2136 satorum
1483 2078 1688 2134 fructui
1731 2078 1988 2149 suppedi-

408 2175 580 2230 tando
604 2175 824 2238 idonea,
853 2175 945 2229 vix
988 2182 1169 2228 autem
1197 2171 1489 2228 exstabant
1542 2172 1730 2227 decem
1765 2178 1988 2241 pmpter

409 2267 627 2337 frugum
653 2265 1039 2336 corruptelam.
1066 2263 1130 2317 Et
1150 2263 1370 2334 quidem
1401 2262 1566 2318 etiam
1586 2261 1714 2317 vitis
1746 2260 1982 2316 fructum

409 2363 620 2410 tantum
634 2354 973 2426 colligebatis
1001 2361 1266 2423 quantum
1293 2351 1572 2422 amphoris
1592 2349 1987 2420 quinquaginta

411 2445 705 2517 implendis
734 2445 870 2500 satis
898 2451 1050 2512 erat;
1082 2453 1320 2500 attamen
1351 2443 1439 2497 vix
1474 2443 1664 2513 viginti
1715 2439 1985 2497 (allicieba-

411 2537 506 2601 tis,
544 2536 671 2607 quia
704 2543 759 2592 et
804 2535 892 2590 hic
923 2535 990 2590 ab
1019 2549 1146 2590 aere
1169 2541 1398 2590 exustus
1444 2532 1642 2587 fuerat.
1684 2529 1829 2586 Sane
1885 2546 1985 2602 ego

407 2625 567 2681 vobis
596 2625 794 2680 immisi
821 2623 1123 2680 sterilitatis
1152 2624 1404 2693 aerisque
1429 2619 1742 2691 pestilentis
1771 2623 1981 2690 plagas,

403 2717 546 2787 quin
573 2718 735 2772 etiam
786 2715 1049 2786 grandine
1081 2722 1294 2770 vestros
1349 2726 1540 2769 omnes
1581 2710 1797 2766 labores
1857 2725 1984 2781 per-

400 2808 569 2863 didi:
605 2821 703 2862 vos
759 2815 938 2862 autem
977 2813 1100 2876 post
1161 2805 1252 2860 illa
1309 2818 1529 2876 quoque
1583 2803 1982 2857 contumaciam

405 2907 645 2954 vestram
676 2897 999 2953 retinuistis.
1039 2894 1146 2951 Sed
1185 2909 1273 2960 ca,
1316 2894 1514 2964 inquit,
1550 2892 1811 2964 praeteriti
1843 2900 1984 2945 tem-

405 2988 560 3058 poris
592 2993 741 3042 sunt.
793 2984 947 3039 Nunc
972 2999 1103 3038 vero
1152 2982 1517 3047 considerate,
1544 2997 1792 3051 quaenam
1827 2980 1983 3036 vobis

408 3093 474 3131 ex
503 3077 592 3130 illa
623 3076 712 3130 die
737 3075 1044 3138 evenerint,
1073 3087 1178 3143 qua
1207 3072 1275 3127 ad
1325 3071 1509 3141 templi
1564 3071 1979 3126 aediﬁcationem

409 3169 654 3238 cmpistis
691 3167 1013 3222 incumbere

407 3273 550 3314 areae
579 3257 838 3320 fructum,
866 3271 1041 3326 neque
1069 3255 1348 3320 arborum,
1375 3256 1804 3327 comparandum
1859 3271 1984 3311 cum

410 3349 690 3418 superiore
726 3365 740 3400 :
767 3362 831 3401 ex
858 3346 944 3402 his
966 3345 1108 3400 enim
1133 3355 1294 3400 antea
1307 3345 1492 3400 nullus
1508 3345 1662 3402 vobis
1687 3357 1986 3416 proventus

407 3439 660 3495 exstabat
695 3457 708 3493 :
749 3446 1038 3508 postquam
1066 3452 1195 3491 vero
1211 3438 1400 3508 templi
1433 3437 1536 3492 mei
1566 3452 1752 3492 curam
1777 3438 1983 3508 geritis,

408 3531 596 3586 omnia
622 3537 805 3586 vestra
835 3528 1308 3584 benedictionibus
1335 3529 1471 3584 meis
1510 3529 1820 3594 cumulans,
1849 3529 1986 3586 ube-

409 3635 522 3676 rem
553 3621 707 3676 vobis
728 3619 882 3676 eli‘cci
923 3619 1137 3690 frugum
1189 3635 1369 3675 usum.
1415 3618 1533 3674 Jam
1565 3630 1854 3691 postquam
1910 3621 1985 3676 ita

409 3725 504 3766 eos
555 3712 873 3767 cohortatus
917 3713 1112 3776 fuerat,
1155 3718 1316 3781 atque
1347 3711 1416 3766 ad
1457 3725 1600 3781 opus
1651 3711 1985 3767 excitaverat

410 3811 654 3858 veterum
723 3819 904 3858 rerum
962 3803 1249 3866 memoria,
1286 3809 1342 3857 ct
1399 3802 1765 3871 posteriorum
1799 3801 1983 3871 adjec-

412 3892 580 3956 tione,
626 3901 850 3964 propter
873 3909 1029 3950 suam
1083 3893 1262 3948 adhuc
1307 3893 1646 3963 ambigentes
1677 3893 1982 3963 penuriam,

409 3995 603 4038 rursus
636 3981 847 4038 animos
871 3981 955 4039 eis
984 3981 1132 4038 addit
1153 3982 1340 4038 dicens
1370 4000 1384 4038 :

482 4165 649 4220 Vsus.
689 4164 882 4219 21-25.
909 4195 980 4206 -
1017 4184 1036 4217 ι
1075 4163 1142 4218 Ει
1175 4164 1376 4220 factum
1397 4171 1481 4220 est
1511 4164 1735 4219 verbum
1768 4164 1981 4220 Domini

412 4256 650 4312 secundo
672 4254 740 4309 ad
782 4255 1032 4327 Aggaeum
1059 4256 1376 4326 pmphetam
1415 4263 1615 4325 quarta
1639 4265 1694 4310 et
1723 4257 1984 4312 vicesima

413 4347 640 4412 mensis,
689 4346 923 4402 dicens:
982 4346 1232 4417 Loquere
1269 4346 1336 4401 ad
1399 4345 1790 4402 Zorobabelcm
1829 4346 1984 4401 Salu-

1077 3185 1091 3221 :
1143 3164 1489 3236 compcrietis
1562 3163 1728 3229 enim,
1805 3139 2056 3233 nequec

2092 1890 2221 1960 μίαν
2244 1891 2399 1962 ἔσχον
2423 1892 2642 1964 πολλήν.
2682 1893 3096 1964 Ἀναλογίσασθε
3130 1893 3224 1951 οῦν
3243 1938 3257 1962 ,
3293 1897 3445 1966 φησὶ,
3470 1897 3540 1950 τά
3558 1897 3666 1966 τῆς

2088 1982 2299 2052 ἡμέρας
2345 1982 2622 2054 ἀνώτερα,
2656 1984 2740 2054 (p.
2769 1984 2907 2056 428)
2944 1987 3032 2040 ὅτε
3065 1988 3217 2044 οὔπω
3241 1989 3340 2058 τῆς
3369 1987 3664 2058 οἰκοδομῆς

2087 2071 2428 2143 ἐφροντίζετε
2472 2071 2564 2126 τοῦ
2593 2074 2721 2127 ναοῦ
2739 2114 2754 2140 ,
2797 2076 2856 2128 ἐν
2901 2076 3032 2140 οἵοις
3074 2073 3172 2148 ἦτε
3193 2119 3208 2143 ,
3234 2078 3313 2131 ὃτι
3342 2077 3660 2144 συνελέγετε

2091 2163 2188 2234 μὲν
2226 2163 2515 2234 δράγματα
2554 2166 2715 2220 ίκανά
2737 2168 2950 2239 καρπὸν
2983 2169 3154 2222 εἰκοσι
3194 2170 3370 2223 σάτων
3404 2169 3659 2223 ἀποδιδό-

2086 2271 2193 2319 ναι,
2225 2253 2378 2325 μόγις
2407 2256 2462 2308 δέ
2488 2257 2745 2321 ἐξεδίδοτο
2771 2259 2900 2313 δέκα
2928 2262 2991 2324 ἐκ
3011 2261 3104 2315 τοῦ
3128 2264 3252 2325 τοὺς
3283 2263 3528 2333 καρποὺς
3553 2262 3664 2315 διε-

2087 2342 2344 2415 φθάρθαι.
2380 2347 2488 2399 Καὶ
2531 2346 2636 2418 μὴν
2671 2348 2766 2401 καὶ
2796 2349 2893 2420 τῆς
2919 2349 3162 2420 ἀμπέλου
3196 2350 3408 2422 καρποῦ
3442 2349 3661 2402 συνελέ-

2084 2450 2209 2502 γετε
2253 2435 2388 2506 πρὸς
2443 2437 2776 2512 πεντήκοντα
2831 2439 3116 2510 μετρητῶν
3148 2440 3423 2511 ἀρκοῦντα
3455 2441 3662 2512 φορὰν,

2086 2525 2178 2578 καὶ
2207 2525 2363 2597 μόγις
2408 2526 2728 2597 ἐκομίζεσθε
2769 2529 2940 2582 εἴκοσι
2969 2529 3057 2583 διὰ
3085 2530 3146 2584 τὸ
3174 2531 3400 2586 κάκεῖνα
3432 2532 3672 2604 ἐξηράν-

2085 2615 2176 2671 θαι
2207 2616 2286 2688 τῷ
2315 2617 2464 2689 ἀέρι·
2511 2617 2665 2686 κάγὼ
2697 2619 2795 2689 μέν
2822 2620 3098 2691 ἐπήγαγον
3124 2620 3252 2692 ὑμῖν
3281 2621 3494 2692 πληγὰς
3529 2623 3663 2690 ἀφοο

2089 2707 2204 2779 ρίας
2236 2726 2294 2763 τε
2321 2709 2416 2762 καὶ
2440 2710 2856 2782 ἁνεμοφθορίας,
2890 2711 2983 2766 καὶ
3011 2712 3074 2783 δὴ
3103 2713 3196 2766 καὶ
3218 2712 3426 2784 χαλάζῃ
3450 2713 3663 2776 πάντας

2087 2796 2239 2866 ὑμῶν
2278 2799 2517 2866 ἠφάνισα
2553 2801 2677 2862 τοὺς
2726 2799 2954 2864 πόνους·
3006 2802 3225 2872 ἐμένετε
3279 2802 3336 2855 δέ
3381 2805 3663 2874 άκαμπείς

2086 2888 2181 2942 καὶ
2207 2887 2343 2958 πρὸς
2365 2889 2570 2941 ἐκεῖνα.
2607 2888 2766 2943 Ἀλλά
2789 2889 2963 2944 ταῦτα
2989 2891 3087 2962 μὲν
3111 2891 3216 2961 πρὸ
3237 2891 3449 2957 τούτου,
3473 2894 3658 2964 φησίν.

2099 2978 2514 3048 Ἀναλογίσασθε
2559 2981 2614 3033 δέ
2644 2982 2730 3035 ἐπ’
2775 2982 3003 3046 ἐκείνοις
3038 2978 3234 3056 οἷάπερ
3265 2985 3393 3056 ὑμῖν
3427 2985 3536 3039 ἀπὸ
3563 2986 3660 3057 τῆς

2087 3070 2299 3141 ἡμέρας
2330 3074 2544 3143 ἐκείνης
2577 3075 2938 3145 προσγέγονεν
2965 3079 3022 3130 ἐν
3057 3071 3202 3150 ⁴ᾗπερ
3224 3078 3353 3149 περί
3375 3078 3473 3147 τὴν
3512 3080 3660 3131 οἰκο-

2085 3164 2252 3237 δομὴν
2280 3165 2646 3220 ἐσπουδάσατε
2681 3166 2772 3220 τοῦ
2804 3168 2931 3222 ναοῦ
2955 3185 2970 3199 ·
3004 3170 3263 3240 εὑρήσετε
3289 3170 3396 3241 γάρ
3427 3169 3551 3223 οὒτε
3570 3170 3660 3222 τὸν

2085 3257 2183 3324 τῆς
2211 3253 2414 3319 ἅλωνος
2463 3256 2705 3328 καρπὸν,
2739 3255 2862 3311 οὔτε
2901 3258 2992 3312 τὸν
3025 3259 3138 3312 τῶν
3185 3259 3447 3331 δένδρων,
3484 3275 3661 3328 παρα-

2087 3346 2236 3400 θέσει
2279 3347 2387 3401 τῶν
2432 3347 2555 3401 τότε
2605 3347 3001 3418 ἐπιγνωσθῆναι
3037 3347 3352 3419 δυνάμενον.
3388 3349 3659 3419 Πρότερον

2089 3437 2188 3507 μὲν
2217 3437 2324 3508 γὰρ
2353 3437 2478 3508 ὑμῖν
2521 3438 2693 3502 οὐδεὶς
2722 3438 2778 3505 ἐξ
2808 3439 2986 3493 αὐτῶν
3015 3439 3211 3492 ἐδίδοτο
3243 3442 3480 3511 καρπός·
3510 3438 3658 3504 ἐξότε

2085 3531 2141 3585 δὲ
2168 3531 2300 3602 περὶ
2332 3533 2426 3587 τὸν
2456 3531 2581 3587 ναὸν
2614 3533 2986 3586 ἐσπουδάσατε
3015 3533 3104 3586 τὸν
3126 3532 3276 3604 ἐμὸν,
3310 3533 3485 3588 πάντα
3512 3532 3662 3585 εὐλο-

2086 3621 2212 3689 γίας
2265 3619 2561 3692 πληρώσας
2606 3621 2674 3675 τὰ
2713 3623 2982 3692 προσόντα
3027 3623 3185 3693 ὑμῖν,
3240 3621 3466 3691 ἄφθονον
3517 3623 3663 3692 ἔχειν

2085 3712 2318 3782 ἐποίησα
2353 3712 2463 3766 τῶν
2509 3711 2740 3784 καρπῶν
2776 3715 2874 3786 τὴν
2917 3714 3237 3768 ἀπόλαυσιν.
3275 3710 3402 3767 Εῐτα
3451 3715 3660 3778 τούτοις

2087 3804 2282 3867 αὐτοὺς
2316 3803 2477 3860 πάλιν
2526 3803 2968 3876 προτρεψάμενος
3000 3803 3094 3858 καὶ
3138 3803 3411 3874 διεγείρας
3440 3804 3566 3874 περί
3597 3802 3664 3858 τὸ

2086 3900 2247 3970 ἔργον
2288 3903 2354 3970 τῇ
2414 3900 2600 3970 μνήμῃ
2638 3899 2746 3952 τῶν
2802 3897 3046 3952 παλαιῶν
3100 3899 3197 3953 καί⁵
3245 3901 3311 3970 τῇ
3362 3897 3660 3969 παραθέσει

2085 3991 2193 4045 τῶν
2224 3990 2448 4060 ὓστερον
2468 4031 2482 4054 ,
2510 3989 2598 4043 διὰ
2637 3989 2736 4060 τὴν
2764 3989 2952 4043 πενίαν
2982 3988 3416 4059 ἀμφιϐάλλοντας
3449 3989 3527 4042 ἔτι
3559 3991 3660 4061 τὴν

2085 4081 2310 4144 οἰκείαν,
2350 4079 2759 4151 παραθαρρύνει
2793 4079 2952 4134 πάλιν
2975 4080 3069 4133 καί
3096 4096 3261 4149 φησιν
3286 4079 3478 4142 οὕτως⁹

2157 4172 2176 4240 (
2195 4186 2248 4241 p.
2279 4171 2416 4242 429)
2440 4171 2586 4240 Στίχ.
2611 4171 2830 4238 κα⁰-κγ’.
2859 4199 2921 4210 —-
2956 4188 2974 4221 ι
3002 4170 3111 4222 Καὶ
3137 4171 3352 4238 ἐγένετο
3373 4169 3529 4238 λόγος
3549 4169 3659 4222 Κυ-

2089 4261 2206 4331 ρίου
2234 4263 2297 4314 ἐκ
2318 4261 2568 4332 δευτέρου
2593 4261 2731 4332 πρὸς
2771 4261 3017 4330 Ἀγγαῖον
3046 4261 3133 4312 τὸν
3165 4261 3477 4330 προφήτην,
3507 4261 3563 4312 ἐν
3588 4263 3657 4331 τῇ

2085 4351 2301 4423 τετράδι
2322 4353 2415 4406 καὶ
2445 4352 2618 4406 εἰκάδι
2647 4351 2740 4404 τοῦ
2765 4353 2951 4422 μηνὸς,
2981 4351 3175 4418 λέγων·
3207 4351 3374 4405 Εἰπὸν
3404 4351 3539 4422 πρὸς
3562 4352 3660 4404 Ζο-

413 4437 598 4493 thielis
632 4436 800 4491 ﬁlium
840 4435 908 4492 de
935 4435 1082 4492 tribu
1133 4436 1308 4501 Judae,
1342 4437 1535 4492 dicens
1570 4452 1583 4490 :
1631 4437 1826 4493 Adhuc
1879 4453 1980 4510 ego

2092 4443 2320 4516 ροϐάϐελ
2360 4443 2451 4498 τὸν
2489 4441 2582 4495 τοῦ
2609 4442 2875 4513 Σαλαθιήλ
2915 4443 2976 4496 ἐκ
3007 4442 3178 4512 φυλῆς
3219 4442 3390 4494 ’ἰούδα
3413 4485 3426 4507 ,
3448 4441 3621 4510 λέγων
3643 4459 3657 4472 ·

413 4530 579 4586 semel
605 4541 919 4583 commoveo
957 4528 1155 4582 coelum
1177 4535 1232 4582 et
1261 4536 1484 4592 terram,
1511 4543 1576 4583 ac
1603 4543 1754 4584 mare
1787 4537 1842 4584 et
1871 4529 1980 4584 ari-

411 4623 559 4676 dam.
592 4620 656 4676 Et
675 4619 984 4677 subvertam
1015 4620 1244 4676 thronos
1277 4634 1486 4690 regum,
1521 4628 1576 4676 et
1609 4621 1828 4690 perdam
1869 4620 1980 4676 for-

412 4712 700 4769 titudinem
736 4710 882 4782 regis
937 4711 1200 4780 gentium,
1235 4710 1658 4780 subvertaiuque
1689 4726 1886 4768 currus
1926 4720 1981 4766 et

416 4815 741 4860 ascensorcs
774 4818 787 4855 :
814 4810 868 4855 et
901 4799 1234 4855 descendent
1269 4799 1395 4868 equi
1442 4809 1496 4855 ct
1543 4813 1861 4856 ascensores
1891 4815 1982 4856 eo-

412 4906 558 4955 rum,
588 4889 966 4959 unusquisque
997 4901 1122 4942 cum
1163 4886 1344 4956 gladio
1368 4886 1533 4957 283
1567 4886 1829 4944 adversus
1867 4889 1980 4943 fra-

412 4992 550 5038 trem
581 4996 765 5037 suum.
801 4998 822 5032 ›
859 4977 1069 5033 Similia
1105 4977 1381 5048 prioribus
1425 4978 1590 5045 dicit;
1627 4978 1756 5032 talia
1783 4979 1982 5050 quippe

414 5075 736 5130 suntvcrba:
751 5065 1054 5125 cELfactum
1071 5069 1391 5125 estverbum
1415 5069 1628 5126 Domini
1650 5071 1892 5127 secundo
1913 5069 1982 5126 ad

412 5171 688 5237 Aggmum.
712 5163 898 5233 iAtqui
917 5162 973 5220 in
1002 5160 1380 5230 superioribus
1409 5169 1637 5232 apparet
1661 5177 1805 5233 sape
1835 5161 1982 5217 divi-

413 5271 540 5309 nam
569 5255 951 5310 revetationem
983 5251 1260 5322 accepisse
1315 5253 1657 5322 prophetam,
1691 5261 1744 5308 et
1783 5269 1984 5312 secun-

413 5346 544 5401 dum
572 5346 718 5400 illam
751 5346 950 5416 populo
995 5346 1255 5400 locutum.
1291 5342 1397 5400 Sed
1419 5359 1564 5399 nunc
1595 5345 1672 5399 ait
1724 5365 1742 5398 ι
1790 5364 1986 5407 secun-

415 5435 540 5499 do,»
575 5436 705 5506 quia
733 5451 820 5492 res
847 5436 981 5505 Gogi
1004 5437 1184 5493 denuo
1215 5435 1523 5504 denuntiat,
1560 5439 1734 5508 utqui
1768 5450 1985 5512 propter

415 5531 635 5585 illarum
685 5531 1114 5596 magnitudinem
1171 5529 1584 5596 discredebant,
1659 5537 1984 5590 sententiam

417 5619 630 5673 firmam
665 5618 1026 5685 susciperent,
1079 5619 1340 5689 quoniam
1374 5619 1520 5675 haud
1549 5623 1717 5676 semel
1749 5630 1987 5678 tantum-

416 5708 601 5774 modo,
668 5721 857 5762 verum
907 5707 1071 5761 etiam
1128 5709 1409 5775 secundo,
1479 5711 1835 5769 denuntiabat
1892 5729 1985 5770 eas

2088 4535 2211 4588 Ἔτι
2239 4532 2387 4597 ἅπαξ
2409 4531 2520 4601 ἐγὼ
2542 4533 2670 4587 σείω
2699 4531 2790 4585 τὸν
2818 4533 3043 4602 οὐρανὸν
3073 4532 3165 4585 καὶ
3192 4532 3291 4598 τὴν
3317 4533 3418 4604 γῆν
3443 4533 3536 4587 καὶ
3559 4531 3661 4604 τὴν

2082 4623 2353 4678 θάλασσαν
2396 4625 2490 4677 καὶ
2519 4623 2619 4694 τὴν
2668 4622 2837 4694 ξηράν
2858 4640 2872 4654 ο
2918 4624 3012 4677 καὶ
3048 4623 3410 4694 καταστρέφω
3439 4621 3662 4693 θρόνους

2085 4716 2364 4786 βασιλέων,
2395 4716 2489 4770 καὶ
2517 4714 2880 4786 ἐξολοθρεύσω
2905 4713 3136 4784 δύναμιν
3175 4713 3440 4784 βασιλέως
3467 4712 3659 4774 ἐθνῶν,

2084 4807 2175 4861 καὶ
2228 4807 2588 4878 καταστρέφω
2641 4805 2898 4878 ἂρματα,
2951 4806 3046 4858 καὶ¹
3083 4805 3389 4868 ἀναϐάτας·
3424 4805 3517 4857 καὶ
3556 4822 3650 4857 xu.

2082 4899 2409 4969 ταϐήσονται
2451 4898 2606 4951 ἵπποι
2639 4899 2731 4951 καὶ
2770 4895 3036 4952 ἀναϐάται
3081 4895 3294 4961 αὐτῶν,
3347 4896 3566 4949 ἕκαστοι
3602 4897 3664 4948 ἐν

2085 4989 2333 5060 ῥομφαίᾳ
2382 4989 2516 5058 πρὸς
2547 4989 2638 5041 τὸν
2671 4988 2897 5058 ἀδελφὸν
2947 4987 3134 5041 αὑτοῦ.
3173 5005 3191 5039 ι
3235 4987 3317 5040 Τὰ
3353 4986 3490 5040 αὐτὰ
3547 4988 3664 5050 τοῖς

2084 5080 2368 5151 προτέροις
2414 5079 2562 5147 λέγει
2582 5094 2595 5107 ·
2624 5079 2781 5132 τοῦτο
2815 5083 2922 5152 γὰρ
2949 5081 3100 5152 δηλοῖ
3123 5081 3211 5148 τδ,
3251 5102 3270 5135 ι
3305 5083 3416 5137 Καὶ
3448 5082 3667 5151 ἐγένετο

2085 5168 2242 5239 λόγος
2271 5171 2476 5240 Κυρίου
2525 5172 2590 5224 ἐκ
2631 5170 2885 5241 δευτέρου
2932 5173 3068 5244 πρὸς
3107 5174 3379 5242 Ἀγγαῖον.
3421 5193 3439 5225 ι
3470 5171 3665 5226 Καίτοι

2085 5277 2149 5331 γε
2184 5260 2429 5332 φαίνεται
2472 5263 2530 5314 ἐν
2559 5264 2670 5325 τοῖς
2713 5263 3007 5334 ἀνωτέροις
3037 5265 3294 5328 πολλάκις
3321 5265 3666 5335 ἀποκάλυιξνίν

2086 5371 2145 5406 τε
2195 5353 2340 5406 θείαν
2387 5351 2673 5422 δεξάμενος
2708 5354 2736 5406 ὁ
2787 5355 3071 5425 προφήτης
3118 5357 3211 5408 καὶ
3262 5356 3404 5410 κατά
3461 5355 3669 5425 ταύτην

2087 5440 2383 5511 διαλεχθεὶς
2431 5440 2508 5511 τῷ
2546 5440 2679 5510 λαῷ.
2729 5441 2888 5495 ’Λλλά
2929 5442 3087 5496 τοῦτό
3131 5461 3296 5514 φησιν
3330 5463 3348 5495 ι
3390 5447 3454 5498 ἐκ
3484 5444 3673 5497 δευτέ-

2093 5550 2208 5602 ρου,
2249 5551 2266 5583 ι
2303 5533 2384 5585 ὅτι
2414 5533 2480 5585 τά
2510 5535 2636 5603 περί
2681 5533 2772 5586 τοῦ
2805 5533 2926 5600 Γὼγ
2956 5534 3051 5587 νῦν
3087 5533 3250 5588 πάλιν
3281 5535 3444 5597 αὐτὸς
3491 5537 3671 5601 ἐπαγο

2090 5623 2364 5688 γέλλεται,
2398 5622 2482 5675 ἵνα
2520 5624 2595 5693 μὴ
2638 5624 2808 5676 διὰτὸ
2839 5624 3066 5693 μέγεθος
3105 5623 3378 5676 ἀπιστῶσι
3409 5623 3487 5693 τῷ
3512 5623 3674 5691 λεγοο

2095 5713 2263 5784 μένῳ,
2297 5715 2663 5784 ἀναμφίϐολον
2682 5715 2750 5785 .δέ
2781 5714 2944 5784 ἔχωσι
2983 5714 3078 5785 τὴν
3103 5713 3348 5784 γνώμην,
3379 5717 3445 5768 ἐκ
3474 5713 3569 5768 τοῦ
3594 5711 3674 5784 μὴ
