4022 6138
338 399 440 455 493

1420 401 1963 464 COMMENTARIUS
2001 408 2065 464 ΙΝ
2105 408 2527 468 ZACHARIAM.

3478 418 3581 474 λοι

339 512 495 584 μόνον
520 512 703 580 ἅπαξ,
742 514 882 569 ἀλλά
927 517 1022 572 καὶ
1067 518 1317 592 δεύτερον
1361 523 1791 592 ἐπαγγείλασθαι
1839 528 1902 581 τὰ

2012 529 2176 586 Deus.
2215 532 2355 586 Dicit
2402 533 2546 588 enim
2576 535 2625 589 ei
2665 549 2678 586 :
2739 532 2818 588 En
2846 547 2949 607 ego
2979 535 3370 606 propemodum
3399 538 3582 591 omnia

336 607 472 659 αὑτά
509 606 599 658 τὸν
651 605 809 660 Θεόν.
874 603 1009 661 Elite
1036 611 1145 682 γάρ
1188 612 1358 682 αὐτῷ,
1411 615 1596 686 φησιν,
1628 618 1708 670 ὃτι
1735 621 1909 672 Mavo-

333 695 483 764 νουχὶ
535 697 828 760 συσσείσας
891 687 1123 754 ἅπαντα·
1163 707 1550 777 καταστροφήν
1605 709 1911 779 ἐργάσομαι

334 787 543 840 πολλῶν
586 787 858 857 βασιλέων
898 789 1106 861 θρόνοις
1142 793 1435 862 βασιλικοῖς
1493 799 1908 870 κοσμουμένων,

332 879 426 948 τήν
457 877 688 949 δύναμίν
718 895 777 933 τε
827 881 1008 934 πᾶσαν
1050 881 1228 936 αὐτῶν
1271 883 1582 953 ἀφανίζων,
1615 890 1708 942 καὶ
1745 906 1912 943 κατα-

334 967 580 1038 στρέφων
632 967 703 1020 τά
734 968 954 1040 ἅρματα
986 971 1084 1024 σὺν
1122 972 1237 1034 τοῖς
1289 972 1754 1043 ὲπανιιϐεϐηκόσιν
1810 975 1908 1028 αύ-

331 1049 627 1117 τοτς·’ὦστε
645 1059 726 1120 είς
745 1056 1009 1124 ἀλλήλους
1029 1057 1228 1120 αὐτοὺς
1246 1061 1644 1130 συμπεσόντας,
1665 1062 1682 1132 (
1700 1077 1754 1132 p.
1779 1063 1904 1133 450)

329 1144 448 1205 τούς
477 1162 542 1198 τε
577 1145 780 1207 ἵππους
825 1147 1072 1209 καὶτοὺς
1115 1147 1509 1218 ἐπιϐεϐηκότας
1532 1151 1640 1204 τῶν
1679 1153 1901 1220 ἵππων,

328 1233 578 1305 ἀλλήλων
599 1237 853 1304 γενέσθαι
883 1238 1143 1306 σφαγέας,
1169 1239 1263 1292 καὶ
1291 1240 1457 1294 πολὺν
1481 1241 1906 1316 ἀποτελεσθῆναι

327 1325 414 1378 τὸν
452 1327 656 1394 φόνον,
695 1329 1100 1399 ἀναιρουμένων
1130 1330 1309 1383 αὐτῶν
1341 1331 1433 1386 ὑπ’
1461 1332 1706 1406 ἀλλήλων
1725 1352 1738 1367 ·
1769 1339 1906 1411 ὅπερ

327 1411 413 1470 οὖν
448 1418 793 1488 ἐργάσομαι,
830 1417 969 1472 ὥστε
1011 1419 1168 1490 δῆλον
1195 1422 1252 1487 ἐξ
1299 1423 1552 1479 ἁπάντων
1611 1428 1864 1495 γενέσθαι
1888 1470 1902 1493 ,

2005 622 2350 684 concutiens,
2423 623 2839 679 subrersionem
2949 625 3181 695 patralio
3280 625 3580 680 multorum

2007 726 2197 782 regum
2247 711 2464 768 thronis
2533 713 2808 784 regalibus
2895 715 3270 786 prteditorum,
3363 731 3581 770 omnem

2009 801 2226 856 illorum
2249 804 2545 872 potentiam
2588 803 2899 868 destruens,
2923 814 2977 860 et
3011 820 3210 861 currus
3231 821 3356 860 cum
3391 820 3583 864 ascen-

2008 893 2232 950 soribus
2289 894 2408 952 suis
2455 895 2814 962 subvertens;
2859 897 2931 951 ita
2988 905 3047 951 ut
3104 897 3337 952 invicem
3385 897 3584 968 impin-

2010 993 2198 1052 gentes
2237 990 2351 1039 tum
2387 984 2512 1054 equi
2569 991 2683 1039 tum
2711 999 2978 1055 equorum
3008 1000 3352 1048 ascensores,
3407 987 3580 1040 mutui

2007 1075 2284 1132 occisores
2336 1075 2489 1141 ﬂant,
2546 1077 2883 1148 multamque
2925 1076 3126 1132 caedem
3157 1077 3394 1133 efﬁciant
3447 1077 3585 1132 alter

2009 1165 2238 1221 alterum
2299 1167 2693 1224 interlmentes.
2729 1168 2887 1235 Quod
2923 1169 3144 1239 quidem
3171 1184 3273 1239 ego
3304 1183 3479 1240 agam,
3524 1175 3580 1222 ut

2011 1254 2188 1324 patiam
2217 1258 2471 1313 omnibus
2495 1257 2606 1323 ﬂat,
2630 1258 2777 1313 haud
2811 1274 3070 1313 manuum
3098 1267 3406 1314 vestrarum
3437 1273 3578 1330 opus

2010 1343 2152 1398 hanc
2198 1359 2320 1400 esse
2344 1346 2469 1401 belli
2496 1347 2911 1404 conversionem
2939 1359 3098 1419 atque
3140 1349 3446 1415 victoriam,
3485 1349 3579 1405 sed

2012 1434 2272 1501 potentias
2302 1449 2435 1491 mete
2470 1435 2678 1490 viribus
2711 1436 2893 1490 omnia
2915 1452 3038 1492 esse
3074 1437 3343 1492 confecta.

326 1507 402 1601 ὅσα
447 1509 515 1561 οὐ
557 1509 656 1601 τῆς
687 1510 957 1601 ὑρετέρας
995 1511 1084 1601 8ιά
1125 1513 1301 1583 χειρὸς
1350 1514 1509 1586 ἔργον
1543 1520 1577 1589 ή
1624 1521 1800 1592 τροπὴ
1839 1520 1932 1576 τοῦ
1970 1524 2204 1596 πολέμου
2239 1529 2334 1582 καλ
2376 1530 2410 1595 ἡ
2451 1528 2610 1600 νίκη,
2655 1530 2760 1583 ὑπὸ
2817 1529 2876 1582 δὲ
2931 1531 3029 1600 τῆς
3064 1531 3348 1601 δυνάμεως
3386 1531 3579 1584 ἀποτι-

326 1596 575 1650 τέλεσται
605 1597 666 1650 τὸ
693 1598 802 1651 πᾶν
830 1598 927 1668 τῆς
956 1598 1116 1670 ἐμῆς.

394 1687 547 1756 Στίχ.
578 1685 679 1739 κδ’.
703 1716 774 1726 -
808 1705 828 1739 ι
874 1688 960 1741 Ἐν
985 1691 1050 1759 τῇ
1079 1690 1258 1761 ήμὲρα
1297 1693 1501 1765 ἐκείνῃ,
1528 1695 1674 1764 λέγει
1702 1697 1905 1769 Κύριος

333 1775 764 1846 παντοκράτωρ,
801 1775 1036 1848 λήψομαί
1084 1781 1523 1852 σε,Ζοροϐἀϐελ,
1545 1785 1636 1839 τὸν
1671 1789 1765 1842 τοῦ
1802 1790 1905 1842 Σα-

2083 1696 2250 1754 Vsus.
2279 1697 2372 1753 24.
2394 1727 2465 1739 —
2515 1717 2536 1752 ι
2575 1698 2672 1755 Die
2711 1700 2825 1762 illa,
2859 1700 2996 1757 dicit
3032 1701 3297 1760 Dominus
3325 1707 3580 1778 omnipo-

2008 1793 2133 1844 tens
2157 1822 2175 1850 .
2215 1802 2492 1844 assumam
2529 1797 2583 1846 te
2610 1789 3003 1848 Zorobabelem
3035 1791 3350 1852 Salathielis
3383 1797 3576 1859 ﬂiium.

331 1865 519 1937 λσθιὴλ
547 1867 643 1920 τὸν
665 1866 846 1920 δοῦλόν
877 1885 998 1937 μου,
1025 1869 1172 1938 λέγει
1194 1872 1422 1944 Κύριοςο
1448 1879 1540 1930 καὶ
1577 1878 1812 1951 θήσομαί
1843 1897 1902 1934 σε

2009 1893 2228 1935 servum
2276 1894 2480 1946 meum,
2514 1881 2650 1936 dicit
2688 1882 2999 1940 Dominus:
3051 1893 3109 1941 et
3137 1901 3336 1955 ponam
3381 1897 3432 1943 te
3456 1898 3572 1944 tan-

332 1959 400 2022 ὡς
437 1959 717 2030 σφραγῖδα
735 1975 749 1988 ·
786 1958 917 2012 διότι
940 1978 999 2013 σε
1030 1961 1276 2032 ᾑρέτισα,
1295 1963 1442 2034 λέγει
1473 1968 1673 2040 Κύριος
1708 1989 1904 2025 παντο-

333 2050 573 2120 κράτωρ.
614 2069 636 2101 ι
669 2049 802 2102 Τότε
824 2050 910 2119 δὴ,
936 2052 1120 2122 φησὶν,
1151 2045 1196 2106 ὦ
1221 2056 1546 2127 Ζοροϐάϐελ,
1581 2061 1680 2132 τῆς
1698 2063 1906 2127 οἰκείας

333 2143 569 2208 ἀξιώσας
598 2141 901 2212 ἡγούμενον
935 2142 1031 2194 τοῦ
1081 2144 1474 2217 Ἰσραήλιτικοῧ
1497 2149 1652 2215 λαοῦ,
1689 2153 1904 2208 πάντων

334 2235 599 2306 κρατῆσαι
632 2235 1071 2304 παρασκευάσωο
1127 2234 1269 2290 ὥστε
1315 2237 1376 2304 ἐξ
1407 2239 1586 2294 αὐτῶν
1629 2240 1788 2312 δῆλον
1812 2261 1907 2312 γε-

335 2328 512 2380 νέσθαι
553 2325 662 2380 τῶν
699 2326 899 2396 ἔργων,
940 2328 1022 2381 δτι
1069 2327 1236 2400 ψήφῳ
1285 2333 1349 2402 τῇ
1394 2333 1502 2404 ἐμῇ
1552 2332 1801 2402 βασιλεύς
1845 2351 1905 2390 τε

338 2422 529 2492 ᾕρησαι
563 2415 823 2486 βεϐαίως,
860 2418 955 2471 καὶ
981 2419 1241 2490 ἀρεσκείᾳ
1269 2423 1334 2492 τῇ
1373 2422 1480 2494 ἐμῇ
1514 2425 1595 2486 είς
1621 2423 1720 2496 τὴν
1748 2425 1904 2491 ἀξίαν

340 2509 746 2580 προκεχείρισαι
783 2507 990 2580 ταύτην
1014 2524 1028 2538 ’
1079 2509 1278 2575 παντὸς
1305 2511 1554 2577 συνίντος
1598 2516 1664 2568 ἂν
1708 2517 1904 2588 ῥαδίως

339 2597 416 2651 δτι
440 2599 727 2670 δυνηθῆναί
771 2617 830 2652 σε
871 2601 1042 2654 ταῦτα
1092 2602 1342 2674 οὐδαμῶς
1376 2601 1489 2659 οἷόν
1523 2624 1582 2660 τε
1627 2603 1715 2679 ἦν,
1747 2610 1797 2662 εί
1829 2611 1904 2682 μή

344 2689 478 2741 κατά
497 2690 717 2760 γνώμην
741 2691 888 2761 ἐμὴν
908 2691 968 2745 τὺ
1007 2692 1308 2762 βασιλεύειν
1337 2695 1496 2766 ἔχων,
1519 2699 1626 2769 ἐμῇ
1655 2701 1722 2770 τῇ
1765 2703 1903 2772 ῥοπῇ

351 2779 440 2830 καὶ
460 2779 556 2850 τὴν
587 2780 847 2852 τοσαύτην
873 2785 1204 2858 κατεπράξω
1247 2787 1425 2858 νίκην.
1486 2788 1704 2862 Ἐπειδὴ
1731 2791 1840 2862 γάρ
1869 2793 1902 2862 ή

360 2872 574 2941 σφραγὶς
603 2874 954 2946 ἐπιτιθεμένη
988 2876 1286 2946 ἀσφάλειάν
1330 2896 1454 2933 τινα
1497 2883 1608 2944 τοῖς
1639 2882 1902 2952 ἐμϐαλλο-

344 2960 514 3042 μένοις
535 2962 796 3034 παρέχειν
835 2965 999 3026 δοκεῖ,
1029 2966 1188 3020 τοῦτο
1224 2967 1374 3036 λέγει
1401 2968 1461 3022 τὺ
1481 2991 1529 3035 ,ι
1547 2971 1794 3042 Θήσομαί
1842 2987 1902 3026 σε

331 3047 401 3113 ὡς
428 3053 700 3123 σφραγῖδα
717 3048 897 3121 ,ιάντὶ
918 3053 1010 3108 τοῦ
1027 3099 1042 3122 ,
1074 3056 1240 3123 Δείξω
1271 3077 1336 3113 σε
1359 3061 1656 3129 ἀσφάλειαν
1689 3064 1786 3118 καὶ
1817 3064 1902 3135 ﬂc-

334 3139 544 3197 ϐαίωσιν
569 3145 706 3199 ὄντα
729 3146 930 3210 παντὸς
953 3148 1047 3201 τοῦ
1079 3149 1232 3214 λαοῦ,
1269 3150 1364 3205 ἁτε
1389 3153 1656 3208 τοσούτων
1681 3156 1746 3225 τῇ
1775 3155 1902 3225 ήγι-

2007 1985 2170 2040 quam
2207 1971 2585 2041 signaculum;
2640 1974 2768 2043 quia
2820 1982 2874 2032 te
2908 1977 3072 2048 elegi,
3125 1978 3263 2034 dicit
3311 1980 3573 2039 Dominus

2005 2061 2373 2133 omnipotens.
2416 2081 2436 2115 I
2468 2061 2623 2120 Tunc
2653 2080 2784 2120 vero
2813 2074 2888 2132 te,
2918 2069 3015 2133 ait,
3041 2084 3074 2124 ο
3096 2068 3422 2136 Zorobabel,
3457 2089 3578 2127 meo

2005 2151 2240 2222 dignans
2267 2153 2474 2208 auxilio
2507 2155 2702 2210 ducem
2761 2159 2946 2228 populi
3005 2159 3312 2226 lsraelitici,
3362 2166 3578 2218 cunctis

2005 2242 2277 2297 dominari
2305 2241 2501 2298 iaciam
2531 2264 2542 2299 :
2575 2245 2650 2298 ita
2685 2254 2744 2300 ut
2769 2262 2835 2302 ex
2875 2248 3009 2319 ipsis
3035 2251 3298 2321 operibus
3324 2254 3576 2324 explora-

2007 2339 2127 2388 tum
2159 2333 2274 2401 ﬁat,
2309 2341 2364 2390 te
2391 2333 2655 2406 suffragio
2677 2351 2797 2392 meo
2822 2353 3001 2410 regem
3037 2343 3289 2399 stabilem
3318 2347 3575 2410 electum,

2005 2435 2236 2492 meoque
2267 2424 2604 2493 beneplacito
2634 2426 2699 2479 ad
2718 2426 2856 2481 hanc
2873 2439 3214 2501 assumptum
3229 2434 3573 2505 dignitatem;

2007 2521 2066 2566 ut
2099 2529 2260 2568 nemo
2309 2529 2419 2570 nou
2467 2514 2629 2572 facile
2661 2517 2925 2589 intelligat
2977 2529 3028 2576 te
3080 2523 3394 2582 nullatenus
3447 2528 3574 2582 talia

2005 2605 2250 2674 pmuisse
2278 2614 2498 2675 patrare
2547 2606 2810 2673 facinora,
2858 2610 2964 2666 nisi
3013 2612 3292 2670 voluntate
3330 2631 3450 2672 mea
3479 2633 3575 2673 rex

2006 2693 2202 2759 iactus,
2225 2710 2327 2765 ope
2349 2696 2556 2767 pariter
2586 2714 2704 2754 mea
2732 2701 3014 2756 victoriam
3039 2710 3246 2759 tantam
3269 2708 3570 2764 retulisses.

2003 2786 2140 2844 Nam
2165 2789 2308 2845 sicut
2324 2791 2667 2862 signaculum
2693 2794 3008 2865 impositum
3028 2800 3253 2854 tutelam
3276 2803 3570 2870 quamdam

2004 2881 2298 2951 supposita:
2320 2883 2398 2937 rei
2423 2883 2677 2940 conferre
2702 2885 2934 2951 videtur,
2967 2889 3090 2943 ideo
3129 2891 3264 2946 dicit
3289 2907 3300 2946 :
3325 2913 3342 2943 ι
3367 2891 3572 2948 Ponam

2002 2979 2058 3027 te
2087 2981 2347 3043 tanquam
2385 2976 2751 3046 signaculum,
2779 2996 2798 3028 ι
2833 2978 2890 3033 id
2921 2988 3028 3042 est,
3049 2979 3340 3038 Ostendam
3372 2992 3424 3039 te
3451 3000 3578 3042 esse

2003 3063 2169 3135 284
2219 3069 2444 3120 tutelam
2480 3067 2754 3136 totiusque
2805 3071 2989 3140 populi
3013 3070 3436 3143 ﬁrmamentum,
3478 3077 3573 3149 qui

2004 3152 2133 3206 talia
2158 3153 2361 3209 ducatu
2394 3162 2836 3211 tuocousecutus
2887 3166 2990 3220 est,
3022 3160 3116 3228 qui
3155 3175 3275 3216 meo
3311 3161 3570 3232 sulragio

333 3231 482 3304 μανία
525 3236 893 3306 τυγχάνοντος
933 3241 1000 3309 τῇ
1033 3243 1098 3311 σῇ
1121 3281 1137 3302 ,
1170 3242 1356 3313 ἐπειδὴ
1383 3243 1550 3316 ψήφῳ
1586 3246 1722 3318 πρὸς
1741 3248 1900 3303 τοῦτο

2004 3243 2069 3298 ad
2094 3242 2149 3298 id
2176 3242 2334 3300 cilicii
2362 3244 2568 3301 electus
2600 3260 2682 3302 es.
2716 3245 2810 3302 Sic
2840 3249 3004 3302 etiam
3037 3248 3090 3302 in
3137 3247 3450 3320 Evangeliis
3480 3231 3567 3306 di-

329 3321 518 3394 ῇρησαι
554 3327 625 3397 τῇ
666 3329 798 3398 ἐμῇ.
830 3327 1014 3392 Οὕτως
1043 3332 1137 3384 καὶ
1169 3333 1227 3384 ὲν
1267 3336 1380 3397 τοῖς
1413 3334 1766 3404 Εὐαγγελίοις
1807 3338 1900 3392 λέ-

329 3430 441 3480 γει·
531 3436 550 3468 ι
587 3417 796 3471 Τοῦτον
823 3419 932 3491 γὰρ
963 3423 991 3475 ό
1024 3422 1215 3494 Πατὴρ
1246 3425 1576 3496 ἐσφράγισεν
1611 3431 1641 3482 ό
1667 3429 1834 3495 Θεὸς,
1872 3450 1892 3484 ι

327 3504 438 3559 ἀντὶ
478 3506 575 3561 τοῦ
594 3548 610 3572 ,
647 3509 847 3563 Τοῦτον
883 3511 1112 3579 βεϐαίως
1135 3515 1387 3582 ἀπέδειξε
1412 3518 1667 3586 πρόξενον
1697 3519 1898 3576 ἀπαστν

325 3594 632 3666 ἀνθρώποις
669 3598 778 3652 τῶν
821 3599 1089 3669 μεγίστων
1141 3603 1382 3670 ἀγαθῶν.
1411 3605 1496 3674 (ρ.
1542 3606 1680 3675 451)
1731 3609 1841 3661 Καὶ
1873 3609 1903 3662 ὁ

245 3753 248 3755 λ
327 3689 594 3760 μακάριος
631 3687 691 3742 δὲ
732 3689 975 3755 Παῦλοςο
1045 3710 1064 3743 ι
1112 3693 1176 3746 Ἦ
1218 3694 1326 3765 γάρ
1369 3696 1602 3766 σφραγὶς
1628 3697 1726 3765 τῆς
1765 3697 1902 3768 ἐμῆς

323 3779 633 3850 ἀποστολῆς
670 3781 830 3850 ὑμεῖς
871 3784 1024 3848 ἐστε,
1076 3803 1096 3837 ι
1133 3781 1252 3838 ἀντὶ
1281 3781 1436 3847 τοῦ,ι
1471 3787 1760 3841 Βεϐαιοῦτὲ
1810 3806 1900 3858 μοι

320 3869 416 3938 τήν
450 3871 969 3942 ἀποστολὴν,ὑμ.εἰς
1021 3875 1068 3926 οί
1113 3876 1554 3940 πεπιστευκότες.
1597 3875 1700 3931 Τὸν
1737 3878 1901 3933 αὐτὸν

319 3957 406 4014 οὖν
444 3963 657 4035 τρόπον
700 3963 979 4019 κάνταῦθα
1023 3965 1169 4034 λέγει
1213 3966 1302 4029 τὸ,
1367 3986 1384 4018 ι
1424 3967 1672 4038 Θήσομαί
1703 3986 1780 4022 es
1826 3969 1902 4033 ὡς

322 4054 630 4126 σφραγῖδα,
671 4072 691 4106 ι
725 4055 847 4108 ἀντὶ
879 4054 1008 4119 τοῦ,
1050 4055 1282 4109 Βεϐαίαν
1305 4057 1572 4121 ἀποδείξω
1611 4056 1709 4128 τὴν
1749 4059 1898 4126 βασι-

319 4140 465 4196 λείαν
510 4142 618 4212 τὴν
666 4141 764 4212 σὴν
802 4144 890 4196 ἐπ’
933 4144 1165 4212 ἀσφαλεῖ
1215 4146 1470 4201 ἁπάντων
1514 4146 1622 4200 τῶν
1654 4147 1896 4215 οἰκείων,

320 4233 589 4304 ἀρεσκείᾳ
619 4232 1069 4304 προϐεϐλημένην
1099 4237 1165 4306 τῇ
1199 4236 1328 4306 ἐμῇ.
1364 4237 1600 4301 Εἰκότως
1632 4239 1690 4292 δὲ
1724 4240 1900 4295 ἀπαν-

325 4324 490 4393 ταχοῦ
524 4326 682 4394 κοινῇ
715 4322 929 4395 πρόςτε
953 4325 1044 4377 τὸν
1089 4327 1393 4396 Ζοροϐάϐελ
1426 4329 1518 4382 καὶ
1562 4329 1652 4382 τὸν
1693 4330 1898 4402 Ἰησοῦν

318 4413 734 4484 διαλεγόμενος,
793 4414 1026 4469 ἐνταῦθα
1071 4416 1206 4486 πρὸς
1247 4418 1338 4471 τὸν
1389 4419 1692 4491 Ζοροϐάϐελ
1736 4423 1899 4494 μόνον

318 4500 622 4574 ιποιήσατο
669 4503 762 4556 τὸν
806 4503 994 4571 λόγον,
1046 4506 1342 4579 ἐπειδήπερ
1384 4508 1479 4561 τοῦ
1521 4509 1757 4581 πολέμου
1799 4513 1899 4584 τὴν

324 4591 621 4662 ἠγεμονίαν
647 4591 728 4663 τῷ
762 4591 973 4662 βασιλεῖ
1001 4594 1237 4666 μάλιστα
1269 4597 1569 4667 προσήκειν
1585 4600 1769 4671 ἐχρῆν.

389 4725 432 4756 ³*
457 4725 624 4780 'Jnan.
651 4743 730 4790 τι,
753 4727 844 4781 27.
920 4727 1010 4782 “l
1045 4728 1173 4784 Cor.
1207 4741 1285 4796 tx,
1323 4731 1379 4783 2.

2003 3333 2145 3389 citur
2168 3333 2389 3390 :cHuuc
2407 3335 2550 3390 enim
2583 3334 2744 3392 Pater
2783 3338 3020 3407 signavit
3071 3337 3212 3394 Deus
3262 3340 3329 3402 κ,
3354 3341 3440 3393 »ίὰ
3461 3351 3570 3404 est,

2003 3422 2159 3480 Hunc
2172 3424 2398 3480 firmiter
2412 3426 2642 3495 prcbuit
2673 3427 2812 3484 Deus
2833 3428 3076 3483 datorem
3099 3429 3312 3484 cunctis
3337 3430 3572 3485 homini-

2003 3514 2108 3572 bus
2141 3517 2501 3571 maximorum
2530 3517 2818 3573 bonorum.
2852 3518 2990 3572 Tum
3026 3528 3078 3574 et
3110 3521 3302 3574 beatus
3323 3518 3525 3575 Paulus
3553 3539 3568 3576 :

2006 3623 2027 3658 ι
2065 3605 2416 3676 Siguaculum
2444 3605 2781 3676 apostolatus
2826 3607 3001 3662 nostri
3053 3622 3150 3661 vos
3179 3607 3439 3670 estis,iid
3462 3615 3569 3673 est,

2003 3694 2406 3753 Firmatismilii
2430 3697 2793 3763 apostolatum
2829 3711 2927 3750 vos
2977 3697 3070 3765 qui
3108 3695 3437 3751 credidistis.
3467 3697 3571 3751 Eo-

2001 3787 2122 3844 dem
2149 3786 2332 3856 itaque
2361 3787 2522 3841 tuodo
2551 3788 2638 3842 hic
2678 3789 2842 3842 etiam
2872 3789 3006 3843 dicit
3035 3787 3079 3820 ⁸ο
3109 3806 3122 3842 :
3152 3805 3171 3839 ι
3209 3786 3410 3842 Pouam
3429 3796 3480 3844 te
3513 3799 3572 3844 ut

2001 3877 2364 3948 signaculum,
2391 3894 2410 3928 i
2434 3876 2486 3931 id
2514 3875 2834 3941 eat,Stabile
2850 3879 3131 3934 ostendam
3153 3887 3569 3948 regnumtuum,

2000 3967 2148 4038 quod
2183 3968 2254 4024 ob
2282 3977 2501 4024 tuorum
2541 3971 2785 4024 omnium
2844 3971 3092 4035 tutelam,
3123 3971 3404 4028 voluntate
3450 3986 3572 4026 mea

2000 4059 2361 4115 constitutum
2392 4059 2516 4116 fuit.
2537 4058 2658 4116 Jam
2692 4077 2818 4116 cum
2851 4063 3052 4133 ubique
3080 4064 3446 4120 communiter
3473 4063 3572 4118 Zo-

2001 4147 2310 4204 robabelem
2359 4150 2523 4205 simul
2560 4157 2615 4206 et
2658 4148 2844 4206 Iesum
2900 4152 3172 4208 allocutus
3231 4153 3325 4218 sit,
3375 4153 3572 4209 merito

2001 4254 2149 4294 nunc
2233 4238 2625 4298 Zorobabelem
2700 4242 2879 4299 solum
2967 4244 3287 4316 alloquitur,
3396 4261 3571 4316 quau-

2001 4329 2300 4400 doquidetu
2363 4334 2493 4390 belli
2550 4335 2785 4393 ducatus
2866 4337 2980 4409 regi
3041 4339 3315 4409 praecipue
3371 4353 3570 4393 conve-

2004 4420 2208 4478 niebat.

333 4843 3560 4876 Μ

881 4994 1438 5081 ΕΡΜΗΝΕΙΑ
1514 4994 1902 5086 ΖΑΧΑΡΙ

2004 5003 2060 5091 Υ
2113 5007 2342 5093 ΤΟΥ
2393 5008 3039 5104 ΠΡΟΦΗΤΟΥ.

329 5341 1461 5466 COMMENTARIUS
1545 5357 1690 5471 IN
1749 5353 2588 5477 ZACHARIAM
2647 5368 3564 5488 PROPHETAM.

397 5714 552 5768 Κατά
579 5718 670 5772 τὸν
712 5722 872 5777 αὐτὸν
908 5724 1098 5794 καιρὸν
1159 5725 1396 5796 Ἀγγαίῳ
1436 5730 1683 5800 προφήτῃ
1737 5731 1895 5802 δῆλός

333 5801 444 5856 ἔστι
479 5807 572 5861 καὶ
595 5810 624 5862 δ
659 5813 926 5884 μακάριος
962 5814 1320 5886 προφητεύων
1355 5819 1660 5889 Ζαχαρίας·
1697 5823 1753 5876 ὲν
1786 5822 1892 5877 ἔτει

2076 5735 2352 5793 Subidem
2393 5746 2629 5809 tempus,
2663 5758 2772 5813 quo
2820 5745 3013 5800 beatus
3059 5745 3290 5818 Aggazus
3353 5749 3407 5802 in
3454 5763 3583 5816 pro-

2003 5825 2180 5896 phetis
2208 5830 2554 5887 versabatur.
2585 5832 2802 5891 beatum
2831 5838 2993 5893 etiam
3027 5837 3348 5894 Zachariam
3379 5837 3575 5892 vatici-
