4022 6138
424 363 543 422 ωε

1531 332 1540 338 ’
1615 370 1965 427 reuocem
2008 375 2494 433 nopsurzsrnm

3582 382 3685 436 486

402 479 590 537 ,nium
641 496 800 538 suum
881 462 1152 538 cecinisse
1217 491 1559 552 compertum
1605 492 1708 539 est.
1764 484 1992 557 Namqtu

2114 493 2221 565 γὰρ
2259 495 2495 568 δευτέρῳ
2540 496 2762 567 Δαρείου
2782 540 2796 561 ,
2845 492 3029 559 καθὼς
3058 496 3116 564 ἐξ
3153 496 3324 567 αὐτῆς
3354 500 3467 552 ἐστι
3494 497 3688 567 μαθεῖν

436 587 581 628 anno
603 572 751 628 Darii
780 575 1039 639 secundo,
1068 580 1126 628 ut
1152 589 1216 629 ex
1250 575 1385 644 ipsis
1416 590 1746 647 cognoscere
1771 580 1894 633 licet
1925 581 2010 634 di-

435 660 577 717 vinis
599 659 841 725 Litteris,
883 662 1064 716 aiebat
1098 662 1190 719 ille
1215 678 1275 719 se
1316 671 1442 734 post
1476 675 1753 737 acceptam
1795 670 2006 727 revela-

434 753 636 808 tionem
683 752 899 808 initium
948 753 1129 810 facere
1186 756 1583 826 prophetandi;
1618 767 1673 813 et
1721 774 1871 814 nunc
1902 759 2008 815 iste

433 844 703 902 similiter.
732 843 912 911 Quare
941 854 1065 917 post
1095 847 1328 902 reditum
1363 846 1644 904 lsraelitici
1667 850 1876 920 populi,
1911 852 2006 921 qui

429 935 704 1009 Babylone
748 938 804 992 in
828 937 1072 994 Juda+am
1120 955 1184 996 se
1240 940 1464 1012 recepit,
1517 956 1746 1011 prorsus
1790 949 2007 998 constat

435 1036 729 1098 utrumque
769 1029 1112 1100 prophetiam
1170 1029 1352 1087 edere.
1413 1029 1551 1086 Cum
1603 1033 1749 1087 enim
1805 1032 2003 1104 Cyrus.

430 1121 519 1190 qui
557 1120 766 1191 primus
806 1121 986 1179 Persis
1017 1122 1181 1177 simul
1211 1131 1265 1179 et
1313 1122 1484 1180 Medis
1530 1125 1884 1196 imperitavit,
1917 1140 2003 1180 re-

429 1214 565 1268 verti
611 1214 665 1267 in
715 1217 942 1283 patriam
991 1214 1193 1270 Judreis
1233 1217 1621 1279 concessisset,
1666 1233 1773 1272 non
1807 1219 2003 1289 exigua

426 1302 512 1357 vis
548 1305 735 1373 populi
791 1306 847 1359 in
883 1309 1071 1362 urbem
1103 1304 1444 1362 Hierusalem
1486 1316 1650 1378 atque
1675 1308 1731 1363 in
1754 1307 2000 1365 Iudaeam

427 1410 680 1466 regressa
724 1404 834 1460 est,
878 1397 1017 1453 duce
1048 1398 1406 1455 Zorobabele.
1454 1401 1631 1471 Atque
1666 1402 1721 1456 hi
1768 1403 1999 1459 reduces

425 1487 778 1543 fundamenta
808 1489 993 1558 templi
1029 1491 1304 1557 jecerunt,
1338 1491 1393 1547 in
1443 1507 1618 1563 eoque
1647 1493 1819 1550 altare
1846 1495 1998 1549 exci-

426 1586 697 1634 taverunt.
726 1577 831 1634 Sed
849 1581 993 1634 enim
1014 1590 1300 1651 postquam
1328 1598 1465 1651 opus
1488 1583 1733 1654 impediri
1756 1592 1995 1655 emptum

425 1675 529 1734 est,
593 1669 791 1737 partim
833 1670 1191 1726 molestorum
1224 1673 1462 1728 hostium
1516 1673 1743 1740 malitia,
1799 1676 1996 1745 partim

424 1761 540 1829 ipsa
572 1756 889 1816 Iudaeorum
915 1761 1147 1827 desidia,
1175 1763 1340 1835 285
1370 1775 1500 1820 tunc
1542 1767 1738 1823 beatus
1762 1767 1995 1838 Aggaau‘s

2116 584 2215 654 τῆς
2265 585 2412 650 θείας
2463 588 2718 657 Γραφῆς,
2771 587 2975 652 ἐκεῖνός
3034 604 3091 640 τε
3147 586 3288 641 κατά
3343 586 3686 658 ἀποκάλυψιν

2117 672 2264 726 θείαν
2294 673 2559 742 ἄρξασθαι
2609 674 2756 743 λέγει
2784 675 2884 746 τῆς
2927 675 3294 747 προφητείας,
3321 673 3416 728 καὶ
3441 674 3550 745 μὴν
3592 675 3687 729 καὶ

2113 760 2266 830 οὗτος
2291 768 2491 837 ὁμοίως
2507 808 2521 828 ,
2557 766 2632 829 ῶς
2675 767 2813 837 μετά
2856 767 2954 838 τὴν
2997 766 3252 822 ἐπάνοδον
3277 765 3371 820 τοῦ
3416 765 3686 837 Ἰσραηλι-

2112 857 2265 911 τικοῦ
2313 858 2444 912 λαοῦ
2495 859 2604 912 ἀπὸ
2648 860 2748 929 τῆς
2796 858 3113 921 Βαϐυλῶνος
3154 859 3235 921 είς
3270 857 3368 928 τὴν
3426 856 3687 911 Ἰουδαίαν

2113 948 2509 1019 ἐπαναχθέντος
2533 949 2872 1021 ἀμφοτέρους
2896 946 3176 1020 προδήλως
3195 947 3479 1019 φαίνεσθαι
3500 962 3685 1000 ποιου-

2116 1037 2309 1107 μένους
2349 1038 2448 1111 τὴν
2498 1040 2859 1111 προφητείαν.
2920 1038 3104 1109 Κύρου
3159 1037 3269 1107 γὰρ
3316 1036 3411 1089 τοῦ
3467 1033 3682 1107 πρώτω

2112 1126 2335 1198 Περσῶν
2374 1144 2434 1181 τε
2482 1129 2576 1182 καὶ
2620 1129 2820 1200 Μήδων
2852 1128 2993 1181 κατά
3023 1127 3218 1180 ταύτὸν
3267 1124 3684 1197 βασιλεύσαντος

2109 1215 2425 1271 ἐπανελθεῖν
2443 1217 2523 1281 εἰς
2551 1216 2650 1286 τὴν
2679 1219 2899 1272 οἰκείαν.
2918 1216 3307 1288 ἐπιτρέψαντος
3330 1214 3534 1286 χώραν,
3560 1214 3685 1267 ἀνι-

2109 1306 2340 1377 λήλυθεν
2382 1308 2473 1378 (p.
2506 1308 2646 1374 452)
2689 1309 2786 1379 μέν
2836 1308 3038 1379 πλῆθος
3067 1308 3148 1371 είς
3181 1326 3240 1362 τε
3271 1308 3370 1378 τὴν
3407 1307 3681 1377 Ἰερουσα-

2088 1397 2219 1468 λὴμ
2266 1399 2362 1452 καὶ
2406 1400 2504 1470 τὴν
2567 1401 2825 1455 Ἰουδαίαν
2869 1402 2968 1455 οὐκ
3005 1401 3181 1470 ὀλίγον
3231 1399 3534 1471 ἡγουμένου
3584 1395 3680 1450 τοῦ

2106 1490 2437 1560 Ζοροϐάϐελ,
2481 1491 2531 1545 οἶ
2565 1492 2813 1555 καὶτοὺς
2853 1493 3135 1563 θεμελίους
3177 1489 3535 1545 κατεϐἀλοντο
3581 1484 3679 1542 τοῦ

2107 1582 2237 1636 ναοῦ
2283 1583 2376 1636 καί
2414 1583 2477 1637 τὸ
2526 1583 2908 1656 θυσιαστήριον
2955 1586 3247 1655 ἀνήγειραν
3293 1586 3350 1637 ἐν
3382 1581 3553 1651 αὐτῷ.
3588 1580 3681 1643 ⁸ος

2103 1673 2161 1726 δὲ
2184 1673 2242 1726 τὸ
2270 1672 2431 1744 ἔργον
2459 1675 2690 1745 ἀχθῆναι
2723 1675 2859 1746 πρὸς
2907 1674 3081 1746 πέρας
3121 1672 3389 1732 ἐκωλύετο
3408 1713 3422 1734 ,
3451 1671 3545 1726 νῦν
3579 1670 3679 1741 μὲν

2102 1763 2195 1819 διὰ
2221 1764 2320 1833 τὴν
2334 1763 2443 1817 τῶν
2470 1765 2831 1835 ἐνοχλούντων
2862 1766 3044 1829 αὐτοῖς
3072 1766 3299 1829 κακίαν,
3324 1761 3480 1826 αὖθις
3500 1763 3556 1816 δέ
3588 1762 3677 1816 διά

425 1853 688 1922 propheta
731 1852 915 1907 divina
982 1853 1279 1911 instinctus
1336 1856 1669 1913 revelatione
1716 1858 1992 1928 segnitiem

2102 1854 2200 1924 τὴν
2232 1854 2409 1908 αὐτῶν
2464 1856 2687 1909 ἐκείνων
2737 1856 3028 1928 ρᾳθυμίαν,
3092 1857 3340 1926 ’Δγγαῖος
3372 1857 3469 1926 μὲν
3501 1858 3530 1908 ό
3574 1872 3678 1925 μα-

422 1942 639 1997 illorum
669 1942 1012 2013 objurgabat,
1042 1953 1203 2013 atque
1249 1947 1432 2016 operis
1484 1948 1788 2018 neglectum
1813 1964 2003 2005 vecor-

422 2034 527 2089 dia:
578 2032 893 2088 eorumdem
943 2036 1266 2104 imputabat.
1316 2038 1414 2107 qui
1474 2040 1719 2108 privatos
1777 2040 1999 2111 quidem

409 2124 566 2179 dares
606 2138 723 2179 non
751 2124 929 2179 solum
977 2125 1168 2180 sedulo
1188 2128 1567 2192 exstruebant,
1614 2144 1805 2184 verum
1849 2130 1999 2185 omni

422 2232 639 2285 quoque
659 2217 926 2286 elegantia
950 2217 1288 2272 exornabant
1315 2236 1330 2287 ;
1360 2218 1453 2274 Dei
1474 2235 1603 2275 vero
1626 2220 1999 2276 habitaculum

412 2307 765 2378 .uegligebant
787 2329 801 2363 :
826 2316 881 2364 et
907 2310 988 2366 sic
1007 2325 1199 2367 omnes
1229 2318 1289 2365 ut
1317 2311 1592 2367 instarent
1613 2313 1764 2381 operi
1801 2324 1999 2383 perur-

418 2397 617 2465 gebat;
670 2414 835 2470 quam
890 2415 1004 2456 rem
1056 2402 1176 2471 ipse
1233 2402 1512 2472 prophetae
1564 2403 1707 2458 liber
1767 2404 1994 2460 demon-

410 2497 581 2544 ιιι-ει.

486 2672 606 2731 Jam
631 2685 686 2729 et
719 2675 911 2731 beatus
951 2676 1266 2745 Zacharias,
1299 2676 1484 2733 divina
1510 2684 1735 2746 accepta
1784 2679 1999 2734 revela-

408 2767 587 2832 tione,
617 2768 734 2823 suis
768 2770 975 2837 pariter
1001 2769 1455 2840 praedictionibus
1492 2768 1780 2825 conﬁrmat
1810 2771 1994 2841 populi

408 2856 690 2922 reditum;
741 2856 1010 2929 iidemque
1058 2859 1287 2930 insuper
1332 2858 1484 2925 facit,
1537 2860 1653 2915 fore
1700 2869 1760 2914 ut
1799 2877 1995 2918 rursus

288 2944 313 2957 '
408 2948 553 3002 urbs
594 2947 936 3005 Hierusalem
992 2952 1277 3021 proprium
1310 2952 1480 3009 decus
1523 2964 1827 3023 recuperet,
1868 2970 1994 3026 rege

409 3040 493 3095 ibi
537 3039 720 3103 divina
756 3046 1031 3098 sententia
1076 3045 1280 3110 electo,
1330 3046 1657 3117 caelestique
1684 3048 1859 3117 gratia
1909 3050 1994 3104 ia-

408 3138 646 3197 structo,
683 3134 758 3187 ita
810 3142 872 3188 ut
918 3143 973 3190 et
1017 3136 1223 3191 urbem
1248 3138 1533 3207 gubernet,
1573 3149 1628 3193 et
1675 3149 1988 3195 exterorum

412 3223 656 3278 hostium
713 3224 869 3280 bellis
921 3227 1189 3283 resistat:
1220 3228 1458 3301 denique
1505 3232 1988 3289 altisacerdotium

410 3311 596 3366 denuo
622 3326 746 3367 cum
773 3323 956 3371 vetere
987 3316 1263 3374 hilaritate
1291 3320 1610 3390 dignitatem
1655 3337 1808 3378 suam
1842 3338 1993 3378 rece-

413 3412 656 3474 pturum.
684 3404 860 3476 Atque
885 3407 959 3461 ita
983 3407 1279 3466 reducibus
1309 3424 1526 3482 quoque
1552 3411 1765 3466 ﬁrmam
1797 3414 1914 3469 fore
1932 3413 1990 3468 in

411 3496 592 3565 patria
638 3498 928 3552 stationem
977 3499 1284 3556 suadebat:
1322 3517 1557 3573 namque
1606 3502 1789 3558 adhuc
1832 3504 1993 3559 dubi-

414 3595 532 3640 tare
563 3600 659 3640 eos
688 3589 989 3644 verisimile
1021 3597 1161 3656 erat,
1206 3600 1392 3646 utrum
1427 3592 1573 3648 domi
1611 3602 1798 3649 essent
1835 3608 1992 3648 man-

414 3680 530 3732 suri
594 3694 786 3743 necne,
848 3681 964 3735 sive
1015 3690 1239 3751 propter
1300 3685 1554 3739 acerbam
1614 3684 1988 3755 captivitatem

413 3784 575 3838 quam
625 3782 925 3842 nunquam‘
953 3788 1416 3845 se'perpessuros
1462 3776 1828 3845 pntavissent,
1875 3776 1990 3831 sive

412 3868 637 3929 propter
663 3861 839 3930 ipsius
884 3861 1096 3917 reditus
1131 3864 1329 3917 mirum
1371 3865 1701 3937 prodigium.
1746 3867 1989 3937 Denique

412 3951 577 4004 etiam
608 3952 872 4022 reliquos,
904 3953 998 4022 qui
1032 3953 1210 4009 adhuc
1243 3956 1296 4009 in
1338 3955 1655 4025 captivitate
1693 3958 1989 4013 versaban-

413 4051 523 4106 tur,
560 4043 838 4097 redituros
880 4042 936 4096 in
970 4040 1215 4097 Judaam
1254 4047 1596 4113 spondebat;
1641 4062 1762 4117 qua:
1807 4062 1896 4102 res
1934 4048 1985 4101 in

412 4132 603 4204 primis
646 4132 839 4186 stabile
881 4131 996 4186 fore
1034 4133 1456 4202 postliminium,
1501 4135 1588 4190 his
1620 4137 1715 4206 qui
1754 4136 1866 4206 jam
1900 4152 1987 4192 re-

402 4222 649 4285 dierant,
686 4222 979 4277 testimonii
1017 4224 1139 4277 loco
1179 4231 1317 4278 erat.
1347 4223 1579 4281 Videtur
1614 4236 1797 4281 autem
1835 4242 1988 4282 com-

410 4314 597 4381 plures
650 4312 1006 4382 diversasque
1052 4316 1415 4372 rewlationes
1466 4317 1694 4383 vidisse,
1750 4333 1984 4388 quarum

408 4402 724 4473 singillatim
770 4403 878 4456 vim
913 4412 1148 4458 enarrat.
1195 4405 1480 4476 Signiﬁcat
1520 4408 1685 4464 etiam
1731 4409 1985 4465 bellicam

408 4494 542 4566 (ἶοεί
575 4497 961 4558 incursionem,
987 4495 1212 4567 ejusque
1236 4497 1477 4554 futuram
1511 4500 1982 4571 internecionem;

406 4590 611 4658 quippe
657 4589 817 4658 cujus
870 4589 1014 4644 vires
1070 4588 1243 4644 Judaei
1296 4600 1489 4661 prmler
1553 4608 1770 4648 omnem
1826 4610 1979 4666 Spem

407 4679 724 4733 debellaturi
775 4688 953 4745 erant,
998 4695 1123 4750 rege
1157 4680 1490 4736 Zorobabele
1527 4697 1591 4737 ac
1631 4683 1787 4738 duce.
1842 4683 1981 4739 Mala

408 4785 624 4842 quoque
674 4771 759 4826 his
805 4778 1201 4841 superventura
1246 4777 1531 4835 memorat,
1563 4786 1685 4841 quae
1730 4771 1982 4827 Maccha—

405 4862 645 4917 baeorum
684 4870 843 4917 :etate
880 4878 910 4916 a
957 4859 1291 4915 Macedonici
1329 4860 1541 4929 imperii
1570 4863 1982 4923 successoribus

405 4953 776 5023 contigerunt.

2102 1943 2291 2014 κάριος
2320 1947 2603 2016 προφήτης
2653 1947 2795 2000 κατά
2833 1947 2993 2002 θείαν¹
3018 1947 3360 2016 ἀποκάλυψιν
3391 1945 3680 2017 ἐμέμψατό

2100 2049 2159 2085 τε
2186 2033 2371 2097 αὐτοῖς
2403 2037 2531 2105 περί⁸
2564 2035 2666 2104 τῆς
2706 2035 3000 2108 ῥᾳθυμίας,
3024 2037 3118 2090 καὶ
3148 2036 3421 2108 μοχθηρία
3449 2034 3679 2105 γνώμης

2101 2123 2436 2194 ἀμελοῦντας
2460 2125 2681 2195 ἐλέγξας
2709 2127 2801 2181 τοῦ
2832 2127 3018 2199 έργου,
3045 2128 3138 2197 ἀφ’
3166 2122 3243 2182 ὧν
3264 2128 3391 2199 περί
3426 2128 3524 2199 μὲν
3546 2127 3679 2190 τοὺς

2102 2217 2310 2272 ἐαυτῶν
2370 2217 2700 2283 ἐσπούδαζον
2753 2219 2933 2284 οἴκους
2954 2261 2969 2285 ,
3034 2221 3184 2283 ὅπως
3242 2218 3309 2275 ἃν
3359 2219 3554 2282 αὐτοὺς
3598 2224 3677 2293 μὴ

2102 2310 2303 2362 ποιοῖεν
2343 2308 2523 2380 μόνον,
2552 2309 2688 2364 ἀλλά
2715 2312 2807 2364 καὶ
2839 2312 2975 2382 μετά
3007 2310 3205 2382 πολλῆς
3233 2311 3549 2382 ἐργάζοιντο
3570 2308 3678 2380 τῆς

2101 2400 2477 2471 εὐπρεπείας,
2516 2401 2611 2456 τοῦ
2660 2402 2718 2455 δέ
2756 2402 2907 2456 οἴκου
2960 2403 3302 2475 κατημέλουν
3363 2402 3459 2456 τοῦ
3491 2401 3673 2463 θείου,

2099 2496 2371 2568 διήγειρεν
2400 2496 2645 2561 ἅπαντας
2682 2498 2774 2550 ἐπὶ
2800 2498 2862 2551 τὸ
2905 2497 3093 2570 ἔργον,
3124 2496 3199 2559 ὡς
3226 2493 3364 2565 αὑτὴ
3403 2486 3677 2547 δείκνυσιν

2101 2586 2134 2654 ή
2162 2585 2253 2638 τοῦ
2284 2587 2560 2656 προφήτου
2593 2584 2791 2656 βίϐλος.

2171 2677 2446 2750 Ζαχαρίας
2483 2677 2540 2730 δὲ
2570 2677 2599 2729 ὁ
2649 2677 2923 2748 μακάριος
2958 2675 3100 2730 κατὰ
3139 2673 3478 2743 ἀποκάλυψιν
3521 2670 3678 2726 θείαν

2099 2769 2195 2823 καὶ
2212 2769 2375 2832 αὐτὸς
2392 2770 2595 2840 ὁμοίως
2611 2769 2820 2839 βεϐαιοῖ
2845 2769 2943 2839 μὲν
2961 2770 3081 2831 ταῖς
3095 2766 3320 2830 οἰκείαις
3335 2765 3679 2836 προρρήσεσι

2099 2860 2200 2932 τὴν
2247 2861 2505 2915 ἐπάνοδον
2554 2860 2650 2915 τοῦ
2704 2860 2833 2914 λαοῦ
2857 2877 2869 2890 ·
2908 2856 3188 2913 πιστοῦται
3236 2858 3293 2911 δέ
3332 2857 3395 2910 τὸ
3439 2855 3533 2909 καὶ
3571 2855 3677 2924 τὴν

2109 2952 2464 3025 Ἰερουσαλὴμ
2507 2952 2602 3004 ἐπὶ
2633 2952 2734 3023 τῆς
2778 2952 2983 3014 οἰκείας
3018 2949 3236 3003 ἔσεσθαι
3275 2948 3437 3003 πάλιν
3469 2947 3676 3014 εὐπρε-

2100 3045 2289 3108 πείας,
2323 3044 2585 3115 βασιλέως
2620 3061 2680 3097 τε
2709 3045 2767 3096 ἐν
2797 3043 2932 3113 αὐτῇ
2972 3041 3066 3095 τοῦ
3096 3039 3235 3094 κατά
3265 3039 3416 3093 θείαν
3442 3054 3675 3109 γεγενη-

2100 3135 2502 3207 μένουψῆφον,
2548 3134 2768 3204 καὶτῆς
2794 3134 3003 3188 ἐκεῖθεν
3037 3130 3359 3202 ἠξιωμένου,
3392 3130 3676 3193 διέποντός

2094 3246 2158 3283 τε
2188 3227 2255 3282 τά
2298 3230 2420 3281 κατ’
2470 3227 2641 3299 αὐτὴν
2686 3225 2781 3281 καὶ
2829 3223 3234 3297 προμαχοῦντος
3281 3223 3535 3278 ἁπάντων
3586 3223 3675 3286 εἰς

2095 3319 2222 3382 τοὺς
2249 3318 2391 3374 κατά
2418 3319 2528 3371 τῶν
2566 3317 2861 3388 ἀλλοτρίων
2909 3315 3207 3387 πολέμους·
3237 3316 3336 3384 τῆς
3370 3312 3673 3384 ἱερωσύνης

2091 3428 2154 3463 τε
2188 3409 2351 3464 πάλιν
2380 3408 2520 3479 μετά
2551 3409 2650 3479 τῆς
2693 3407 2928 3471 παλαιᾶς
2974 3406 3328 3477 φαιδρότητος
3351 3404 3441 3457 τὸν
3469 3406 3672 3457 οἰκεῖον

2093 3502 2477 3573 ἀπολαϐούσης
2524 3502 2761 3572 κόσμων
2812 3500 2888 3563 ὡς
2936 3498 3003 3553 ἂν
3043 3497 3129 3551 διὰ
3162 3497 3365 3550 τούτων
3415 3496 3509 3549 καὶ
3541 3497 3672 3558 τοὺς

2093 3594 2489 3667 ἀνεληλυθότας
2528 3595 2628 3665 ήδη
2673 3593 2910 3646 πείσειεν
2945 3590 3165 3662 βεϐαίαν
3195 3591 3281 3659 (p.
3314 3589 3453 3660 455)
3485 3589 3674 3651 αὖτοὶς

2092 3686 2359 3756 ἐσομένην
2390 3684 2639 3754 ήγεῖσθαι
2670 3682 2768 3754 τὴν
2805 3682 2899 3734 ἐπὶ
2926 3674 3035 3733 τῶν
3063 3681 3240 3734 τόπων
3268 3680 3500 3750 οἴκησιν,
3538 3680 3673 3748 περὶ

2090 3771 2159 3846 ἧς
2199 3774 2344 3839 εἰκὸς
2384 3770 2453 3844 ἦν
2485 3774 2684 3836 αὐτοὺς
2730 3772 2825 3825 καὶ
2863 3768 3325 3839 ἐπανεληλυθότας
3368 3768 3672 3839 ἀμφίϐολον

2091 3866 2172 3920 ιτι
2203 3866 2300 3938 τὴν
2331 3865 2555 3936 γνώμην
2588 3864 2752 3933 ἔχειν,
2786 3864 2837 3915 εἰ
2870 3861 3120 3932 μενοῦσιν
3151 3859 3415 3931 βεϐαίως,
3439 3862 3548 3914 εἴτε
3578 3861 3671 3915 διὰ

2089 3953 2187 4023 τὴν
2211 3952 2583 4023 γεγενημένην
2615 3951 2895 4023 βαρύτητα
2919 3951 3016 4022 τῆς
3046 3950 3441 4020 αἰχμαλωσίας,
3467 3950 3534 4019 ἣν
3564 3951 3673 4004 οὐκ

2089 4045 2156 4099 ἀν
2214 4060 2342 4097 ποτε
2394 4044 2631 4115 ἤλπισαν
2687 4042 3005 4113 ὑπομένειν,
3039 4027 3168 4094 ἐἴτε
3202 4042 3295 4094 καὶ
3339 4041 3427 4095 διά
3473 4042 3536 4094 τὸ
3564 4041 3673 4109 τῆς

2089 4135 2350 4189 ἐπανόδου
2370 4133 2690 4205 παράδοξον.
2726 4134 2834 4188 Καὶ
2855 4134 2919 4205 δὴ
2952 4134 3045 4188 καὶ
3070 4132 3290 4202 ἐτέρους
3320 4132 3428 4186 τῶν
3447 4132 3540 4185 ἐπὶ
3567 4134 3672 4201 τῆς

2088 4204 2464 4298 αἰχμαλωσίας
2503 4226 2671 4280 όντων
2703 4226 2783 4279 ἔτι
2817 4225 3077 4290 διδάξειεν
3145 4227 3225 4289 εἰς
3254 4225 3352 4296 τὴν
3404 4224 3671 4278 Ἰουδαίαν

2087 4317 2617 4389 ἐπανελευσομένους
2636 4335 2648 4348 ·
2677 4317 2706 4370 δ
2731 4318 2794 4388 δὴ
2844 4317 3076 4388 μάλιστα
3106 4317 3201 4369 καί⁸
3236 4318 3351 4379 τοῖς
3380 4315 3670 4370 ἀνελθοῦσι

2086 4408 2182 4463 τοῦ
2215 4409 2430 4480 βεϐαίου
2478 4408 2581 4478 τῆς
2614 4408 2871 4461 ἐπανόδου
2923 4406 3102 4470 πίστις
3143 4406 3371 4475 ἐγίνετο.
3409 4407 3671 4461 Φαίνεται

2087 4500 2146 4554 δέ
2175 4500 2375 4564 πολλάς
2407 4514 2559 4563 τινας
2592 4501 2685 4553 καὶ
2712 4499 2996 4570 διαφόρους
3029 4496 3399 4567 ἀποκαλύψεις
3428 4496 3668 4567 βλέπων,

2091 4586 2164 4646 ὧν
2207 4593 2446 4662 ἑκάστης
2491 4590 2590 4661 τὴν
2629 4591 2856 4661 δύναμιν
2901 4589 3208 4660 ἐξηγεῖται’
3247 4588 3438 4659 μηνύει
3479 4587 3535 4642 δὲ
3567 4591 3671 4643 καὶ

2088 4683 2198 4738 τῶν
2229 4682 2355 4754 περί
2377 4683 2469 4736 τὸν
2491 4681 2613 4750 Γὼγ
2634 4682 2733 4754 τὴν
2755 4681 2961 4755 ἔφοδον,
2984 4682 3084 4753 τήν
3108 4698 3167 4733 τε
3188 4678 3461 4736 ἀπώλειαν
3482 4678 3671 4734 αὐτῶν

2089 4774 2356 4846 ἐσομένην
2403 4772 2710 4838 παντελῶς·
2761 4773 2854 4826 καὶ
2890 4773 2970 4826 ὅτι
3025 4768 3341 4843 παραδόξως
3373 4769 3465 4823 καὶ
3509 4769 3670 4839 παρὰ

2090 4866 2273 4918 πᾶσαν
2307 4863 2654 4936 ἀνθρωπίνην
2686 4862 2876 4917 ἐλπίδα
2910 4863 3270 4933 κρατήσουσιν
3301 4860 3478 4914 αὐτῶν
3527 4861 3670 4913 Ἰου-

2079 4953 2228 5008 -δαῖοι
2262 4952 2367 5006 ὑπὸ
2398 4951 2478 5022 τῷ
2502 4950 2809 5023 Ζοροϐάϐελ
2847 4949 3256 5021 βασιλευόμενοί
3284 4965 3343 5001 τε
3374 4951 3467 5003 καὶ
3484 4965 3669 5018 στρα-

402 5044 747 5116 τηγούμενοι.
795 5045 1085 5115 Μέμνηται
1113 5042 1170 5096 δέ
1206 5047 1297 5100 καί
1340 5045 1450 5099 τῶν
1497 5049 1620 5116 μετ’
1646 5046 1827 5101 έκεῖνο
1869 5046 2284 5118 προσεσομένων
2329 5046 2509 5107 αὐτοῖς
2548 5043 2833 5115 λυπηρῶν,
2864 5041 2899 5096 ἀ
2943 5040 3084 5095 κατά
3113 5041 3238 5104 τοὺς
3283 5040 3389 5093 τῶν
3434 5042 3669 5095 Μακκα-

400 5135 575 5189 ϐαίων
602 5137 785 5200 αὐτοῖς
818 5136 1033 5204 ἐγένετο
1073 5136 1292 5207 χρόνους
1326 5135 1430 5189 ὑπὸ
1460 5134 1567 5188 τῶν
1593 5133 1853 5204 διαδόχων
1881 5134 1982 5207 τῆς
2006 5134 2380 5205 Μακεδονικῆς
2413 5133 2706 5204 βασιλείας.

480 5224 663 5296 Neque
690 5234 775 5281 est
799 5226 1107 5282 mirandum
1132 5229 1175 5281 si
1205 5242 1308 5297 qua
1327 5226 1439 5295 jam
1469 5226 1765 5295 praeterita,
1802 5234 1991 5282 tamen

412 5330 578 5371 uiuat
610 5318 685 5372 rei
719 5330 933 5383 unum,
969 5321 1021 5376 in
1049 5319 1559 5390 revelationezsc
1581 5317 1981 5373 ostenduntur:

407 5408 575 5461 velim
626 5419 1021 5478 cunhquatuor
1058 5426 1287 5471 cornua.
1326 5425 1445 5481 qua:
1482 5409 1739 5465 Israelcm
1772 5408 1989 5478 dispar-

408 5505 614 5561 serant,
650 5509 932 5553 contracta
958 5502 1093 5555 vrdit
1131 5504 1397 5572 propheta
1426 5520 1439 5555 :
1477 5516 1711 5570 namque
1750 5499 1853 5553 hoc
1880 5516 1987 5554 non

410 5586 679 5649 futurum,
722 5588 816 5640 sed
842 5589 952 5654 jam
988 5599 1205 5659 peracta
1244 5592 1439 5647 fuerat.
1470 5592 1596 5647 Sive
1634 5590 1779 5645 enim
1818 5591 1987 5662 Assy-

410 5680 541 5742 rius.
572 5676 942 5747 ‘Balrylouios.
1006 5678 1213 5744 Medos.
1267 5680 1569 5750 Persasque
1617 5682 1703 5735 his
1746 5690 1983 5750 quatuor

411 5769 678 5825 cornibus
715 5766 911 5831 innuit,
948 5777 1005 5822 ut
1047 5769 1431 5826 nonnullorum
1458 5771 1641 5837 opinio
1686 5773 1807 5835 [ει-ι,
1842 5772 1978 5842 satis

2156 5225 2465 5297 Θαυμάζειν
2494 5224 2552 5278 δὲ
2581 5225 2644 5277 οὐ
2687 5223 2983 5294 προσῆκεν,
3027 5225 3079 5276 εἰ
3120 5241 3242 5278 τινα
3276 5223 3369 5277 καὶ
3400 5220 3669 5289 γεγονότα

2083 5315 2208 5385 ἤδη,
2226 5314 2299 5377 ὡς
2320 5313 2552 5383 ἐσόμενα
2566 5312 2632 5365 δι’
2651 5312 3046 5381 ἀποκαλύψεως
3068 5312 3246 5384 δηλοῖ·
3268 5313 3344 5376 ὡς
3360 5313 3488 5366 ὅταν
3504 5310 3664 5380 λέγῃ,

2085 5407 2166 5459 ὃτι
2194 5405 2436 5476 τέσσαρα
2464 5403 2668 5475 κέρατα
2685 5401 3144 5473 διασκορπίσαντα
3182 5404 3272 5457 τὸν
3310 5401 3526 5473 Ἰσραὴλ
3549 5395 3664 5455 εἶδε

2088 5494 2500 5566 συντριϐόμενα.
2532 5494 2719 5549 Ταῦτα
2763 5495 2871 5566 γάρ
2909 5494 3129 5565 εύδηλον
3152 5535 3166 5559 ,
3197 5495 3278 5548 ὅτι
3317 5494 3415 5547 οὐκ
3443 5492 3666 5547 ἔσεσθαι

2087 5584 2337 5655 ἤμελλεν,
2387 5584 2503 5638 ἀλλ’
2541 5586 2800 5653 ἐγεγόνει.
2847 5586 2908 5637 Εἰ
2946 5585 3044 5655 μέν
3088 5585 3195 5654 γὰρ
3224 5585 3314 5637 τὸν
3376 5583 3666 5655 ’Δσσύριον

2086 5676 2181 5729 καὶ
2212 5675 2545 5732 Βαϐυλώνιον
2580 5678 2671 5730 καὶ
2697 5676 2877 5746 Μῆδον
2920 5676 3011 5728 καὶ
3040 5673 3255 5743 Πέρσην
3297 5674 3548 5745 σημαίνει
3573 5676 3666 5729 διὰ

2082 5767 2189 5821 τῶν
2214 5768 2490 5838 τεσσάρων
2522 5768 2763 5839 κεράτων
2792 5770 2879 5839 (p.
2912 5766 3042 5831 45‘)
3075 5765 3147 5827 ὡς
3166 5765 3191 5815 ὁ
3222 5764 3379 5819 ἐνίων
3410 5766 3665 5823 βούλεται
