4022 6138
355 234 460 288 497

1297 249 1846 306 COMMENTARIUS
1879 253 1942 307 IN
1979 253 2352 310 ZACHARIIE
2386 255 2538 314 CAP.
2571 259 2610 313 1.

3481 263 3585 323 £08

343 343 523 446 λόγος,
553 348 820 446 πρόδηλον
871 354 968 424 μὲν
1012 356 1092 409 ότι
1136 357 1229 411 καὶ
1290 359 1564 434 ’Δσσύριοι
1597 366 1689 417 καὶ
1739 364 1911 417 Βαϐυ-

2015 375 2230 422 constat
2291 370 2546 439 Assyrios
2608 385 2672 425 ac
2725 371 3052 444 Babylonios
3103 383 3226 431 ante
3268 378 3320 431 id
3369 387 3578 446 tempus

346 433 520 489 λὼνιοι
547 437 852 495 δεδώκεσαν
877 444 972 513 ήδη
999 445 1154 511 δίκας
1175 451 1318 504 κατά
1344 454 1432 505 τὸν
1461 433 1651 524 καιρὸν
1683 457 1906 509 ἐκεῖνον.

346 526 558 596 Μήδους
582 528 641 582 δὲ
677 532 858 602 Κῦρος
897 536 1137 590 καθεῖλε·
1172 541 1302 610 μεθ’
1330 543 1390 596 ὃν
1427 545 1686 616 τέταρτος
1722 547 1909 615 γέγονε

346 618 581 688 Δαρεῖοςο
635 623 788 691 παρά
822 625 1044 695 Περσῶν
1089 629 1147 681 δὲ
1179 631 1302 683 οὐδὲ
1347 634 1538 702 γέγονέ
1577 653 1646 688 τις
1679 635 1910 705 χαλεπὸν

341 709 451 768 τοῖς
504 707 900 781 Ἰσραηλίταιςο
949 719 1258 774 τούναντίον
1314 724 1412 792 μὲν
1436 721 1529 778 οὖν
1579 721 1638 780 εὖ
1681 727 1783 780 ὑπὸ
1815 729 1912 796 τῆς

345 799 615 869 βασιλείας
661 803 859 860 ἔπαθον
881 810 1115 880 ἐκείνης,
1150 815 1412 884 πρότερον
1446 818 1546 886 μὲν
1573 820 1768 882 αὐτοὺς
1797 820 1911 873 Κύ-

347 907 435 960 ρου
466 893 564 945 τοῦ
607 895 824 966 πρώτου
859 899 1274 968 βασιλεύσαντος
1304 906 1534 973 ἀφέντος
1581 909 1680 978 τῆς
1712 911 1911 980 αἰχμα-

343 982 573 1050 λωσίας,
623 989 742 1056 μετ’
792 992 968 1044 ἐκεῖνο
999 993 1055 1046 δὲ
1104 995 1334 1065 Δαρείου
1383 999 1495 1060 τοῖς
1545 998 1746 1064 λοιποῖς
1803 1002 1911 1054 τῶν

356 1073 622 1130 Ἰουδαίων
677 1079 769 1132 τοῦ
805 1082 1050 1137 ἀνελθεῖν
1087 1087 1168 1148 είς
1215 1088 1284 1139 τὰ
1323 1089 1497 1141 οίκεῖα
1539 1091 1910 1161 παρασχόντος

343 1166 435 1234 τὴν
487 1165 692 1222 ἄδειαν.
745 1170 807 1222 Ei
835 1170 891 1224 δὲ
933 1174 1026 1226 καὶ
1059 1175 1222 1246 ἕτερά
1251 1195 1333 1240 τις
1364 1177 1604 1247 βούλοιτο
1655 1183 1914 1251 σημαίνε-

344 1255 461 1307 σθαι
511 1255 581 1308 τὰ
625 1258 869 1330 τέσσαρα
908 1263 1112 1334 κέρατα
1159 1267 1346 1330 κακῶς
1390 1268 1756 1327 διατεθεικότα
1787 1275 1913 1338 τοὺς

355 1344 690 1415 Ἰσραηλίτας
720 1350 812 1403 ἐπὶ
842 1351 932 1404 τοῦ
977 1353 1077 1424 τῆς
1105 1358 1482 1427 αἰχμαλωσίας
1513 1362 1736 1432 καιροῦ,
1779 1365 1914 1435 πρό-

343 1436 496 1506 δηλον
522 1439 606 1490 ὅτι
641 1441 866 1494 κάκεῖνα
890 1443 1062 1514 πέρας
1090 1446 1319 1516 εἰλήφει.
1362 1448 1500 1503 Ἀλλ’
1524 1452 1697 1506 ἔοικεν
1730 1457 1758 1508 ό
1784 1471 1913 1525 προσ

345 1528 518 1597 φήτης
549 1528 661 1581 τῶν
700 1531 957 1586 τοιούτων
1007 1534 1096 1588 διὰ
1122 1535 1280 1592 τοῦτο
1323 1543 1679 1612 μνημονεύειν
1698 1585 1712 1608 ,
1743 1545 1818 1608 ὡς
1849 1547 1913 1599 ἂν

347 1620 434 1672 καὶ
462 1619 567 1688 τῆς
599 1618 750 1684 Θείας
775 1622 991 1695 χάριτος
1016 1627 1102 1680 διὰ
1141 1628 1296 1682 τοῦτο
1326 1630 1421 1685 νῦν
1451 1632 1598 1703 αύτῷ
1625 1634 1782 1686 τοῦτο
1808 1635 1914 1688 δει-

2013 470 2206 524 pinnas
2234 456 2425 511 luisse.
2467 457 2651 513 Medos
2690 459 2820 514 item
2860 461 3100 532 imperio
3133 478 3162 516 a
3196 463 3338 535 Cyro
3378 469 3579 534 Spolia-

2013 551 2100 600 tos
2137 546 2390 600 scimus:
2431 553 2554 616 post
2592 563 2753 617 quem
2799 549 3046 621 reliquus
3088 561 3172 608 est
3213 542 3440 623 quartus
3473 555 3578 609 Da-

2012 639 2152 692 rius.
2186 636 2358 692 Porro
2392 652 2421 690 a
2466 636 2650 694 Persis
2683 640 2822 694 nihil
2865 642 3154 697 molestum
3188 645 3452 701 lsraelitis
3495 661 3580 700 ac-

2015 726 2177 791 cidit;
2219 727 2330 780 imo
2369 728 2552 781 omnia
2600 743 2761 784 secus
2801 730 2870 784 ab
2908 732 3137 786 istorum
3177 749 3346 804 regno
3372 739 3577 804 experti

2013 825 2176 884 sunt;
2217 817 2360 890 Cyro
2407 819 2640 888 primum
2684 820 2901 888 imperii
2949 832 3169 878 auctore
3213 828 3576 895 captivitatem

2012 907 2292 973 solvente,
2330 907 2540 962 deinde.
2565 907 2728 962 Dario
2760 907 2960 966 Iudaeis
3011 914 3236 982 reliquis
3282 923 3341 968 ut
3381 915 3435 969 in
3483 929 3580 985 pa-

2017 998 2178 1050 triam
2225 998 2462 1053 redirent
2501 998 2784 1068 largiente.
2818 1000 2970 1066 Quod
3017 1003 3060 1057 si
3094 1005 3218 1072 quis
3258 1005 3403 1060 aliud
3447 1007 3580 1075 quid

2013 1088 2104 1143 bis
2149 1099 2384 1158 quatuor
2424 1091 2702 1156 cornibus,
2757 1107 2877 1162 quae
2927 1093 3190 1150 lsraelitis
3246 1099 3578 1166 captivitatis

2015 1188 2258 1250 tempore
2288 1189 2614 1250 nocuerunt,
2647 1183 2947 1254 signiﬁcari
2997 1187 3317 1250 arbitratur,
3363 1197 3579 1245 constat

2012 1269 2064 1323 id
2091 1285 2307 1339 quoque
2335 1271 2447 1340 jam
2475 1279 2590 1325 tum
2623 1272 2783 1327 linem
2812 1273 3026 1329 fecisse.
3061 1276 3168 1331 Sed
3196 1279 3340 1332 enim
3367 1280 3579 1335 videtur

2016 1361 2274 1430 propheta
2308 1361 2512 1417 idcirco
2550 1362 2747 1417 horum
2785 1366 3100 1421 meminisse
3132 1368 3334 1436 (divina
3373 1371 3580 1427 scilicet

2012 1452 2184 1522 gratia
2226 1452 2297 1506 ob
2333 1451 2387 1508 id
2436 1455 2615 1522 ipsum
2655 1455 2769 1509 haec
2808 1455 2994 1510 eadem
3026 1459 3075 1512 ei
3125 1458 3575 1530 demonstrante),

2014 1551 2073 1595 ut
2110 1557 2140 1596 a
2182 1543 2394 1599 caelesti
2434 1545 2764 1600 revelatione
2809 1554 3017 1601 certum
3053 1548 3169 1618 ipse
3220 1563 3401 1606 rerum
3457 1568 3579 1623 per-

2015 1635 2658 1689 actarumtestimonium
2691 1637 2995 1706 acciperet,
3033 1654 3272 1710 suosque
3303 1643 3578 1699 auditores

348 1709 645 1780 κνυούσης,
689 1713 754 1765 ἵν’
787 1717 848 1766 ἐκ
881 1717 978 1786 τῆς
1012 1719 1402 1788 ἀποκαλύψεως
1441 1723 1542 1792 τῆς
1572 1724 1718 1787 θείας
1753 1727 1911 1789 αὐτός

2017 1725 2242 1777 omnino
2292 1726 2552 1779 certiores
2589 1725 2790 1779 laceret
2834 1726 2902 1781 de
2947 1726 3164 1784 decreta
3205 1731 3442 1788 inimicis
3487 1749 3580 1788 eo.

346 1815 401 1852 τε
448 1800 673 1870 βεϐαίαν
702 1803 800 1876 ἔχῃ
826 1807 931 1859 τῶν
957 1810 1253 1875 γεγονότων
1283 1811 1380 1883 τὴν
1413 1815 1618 1880 πίστιν,
1658 1817 1752 1869 καὶ
1788 1819 1912 1879 τοὺς

346 1891 640 1956 ἀκούοντας
680 1894 738 1947 δὲ
775 1897 1015 1967 ἀκριῦὦς
1049 1901 1338 1954 πεπεῖσθαι
1369 1903 1610 1974 διδάσκῃ,
1645 1907 1725 1958 ὄτι
1764 1907 1910 1975 μένει

348 1983 439 2051 μὲν
478 1986 513 2054 ή
547 1985 659 2039 τῶν
709 1987 1088 2059 λελυπηκότων
1123 1994 1317 2057 αὐτοὺς
1346 1998 1583 2067 τιμωρία
1604 2015 1617 2027 ο
1665 1999 1813 2067 μένει
1855 2000 1911 2052 δὲ

348 2077 433 2127 καὶ
471 2077 660 2140 αὐτοῖς
687 2078 876 2148 βέϐαια
901 2081 970 2134 τά
992 2082 1092 2153 τῆς
1119 2083 1363 2156 δοθείσης
1385 2089 1719 2159 εὐεργεσίας.
1755 2090 1913 2162 Ετρη-

347 2182 432 2217 ται
460 2167 518 2219 δὲ
548 2167 724 2222 ταῦτα
753 2171 884 2240 ήμῖν
911 2174 1008 2242 οὐχ
1057 2174 1241 2238 ἁπλῶς
1261 2218 1275 2239 ,
1310 2178 1423 2230 ἀλλ’
1457 2179 1543 2232 ἵνα
1579 2183 1651 2250 μὴ
1692 2182 1783 2234 ἐπὶ
1813 2182 1912 2250 τῆς

352 2259 485 2310 κατὰ
532 2261 699 2331 μέρος
739 2264 1030 2334 ἑρμηνείας
1061 2267 1290 2337 ὁρῶντές
1313 2287 1436 2323 τινα
1477 2273 1806 2341 μηνυόμενα,
1837 2272 1913 2335 ὼς

352 2347 414 2402 ἂν
444 2351 679 2420 ἐσόμενα
698 2393 715 2416 ,
741 2353 777 2406 ά
802 2356 1021 2423 γέγονεν
1045 2359 1163 2430 ήδη,
1195 2360 1558 2431 θαυμάζωμεν
1587 2364 1617 2432 ἢ
1646 2364 1912 2434 διαπορῶ-

359 2459 449 2510 μεν
477 2445 606 2513 περὶ
632 2445 728 2497 τοῦ
766 2448 1038 2517 σχήματος
1069 2451 1162 2502 τοῦ
1192 2453 1500 2522 λεγομένου.
1550 2455 1632 2523 (p.
1666 2456 1800 2526 455)
1834 2457 1912 2509 Τὰ

362 2533 453 2601 μὲν
469 2534 532 2604 δὴ
548 2535 652 2605 τῆς
672 2536 973 2601 ὑποθέσεως
995 2541 1052 2591 ἐν
1071 2539 1277 2603 τούτοις
1292 2559 1304 2570 ·
1332 2544 1468 2596 κατὰ
1491 2544 1652 2613 μέρος
1673 2545 1729 2598 δὲ
1746 2563 1913 2618 προσ-

363 2623 537 2678 εκτέον
563 2625 767 2695 λοιπὸν,
803 2627 984 2692 καθὼς
1022 2629 1086 2683 ἂν
1117 2633 1148 2700 ὴ
1183 2631 1300 2684 θεία
1337 2633 1495 2703 χάρις
1520 2634 1664 2705 διδῷ.

995 2720 1149 2772 ΚΕΦ.
1190 2721 1268 2772 A'.

444 2802 582 2871 Στίχ.
612 2805 740 2860 α’-δ’.
765 2836 839 2850 -
871 2826 890 2861 ι
930 2809 1017 2863 Ἐν
1043 2809 1118 2880 τῷ
1159 2811 1323 2883 ὀγδόῳ
1348 2815 1475 2884 μηνὶ
1496 2815 1647 2880 ἔτους
1667 2817 1914 2890 δευτέρου

374 2895 457 2948 ἐπὶ
485 2898 718 2968 Δαρείου,
760 2900 976 2966 ἐγένετο
1021 2901 1175 2969 λόγος
1219 2905 1417 2975 Κυρίου
1462 2908 1596 2978 πρὸς
1646 2911 1916 2982 Ζαχαρίαν

2016 1830 2135 1868 rum
2170 1829 2352 1884 paena,
2407 1826 2459 1869 et
2503 1816 2568 1869 de
2610 1816 2860 1870 beneﬁcii
2917 1817 3191 1886 impetrati
3243 1825 3575 1878 constantia.

2014 1911 2192 1976 Atque
2241 1909 2354 1961 hate
2384 1921 2482 1976 ego
2510 1922 2617 1960 non
2660 1915 2864 1962 temere
2911 1910 3169 1978 pratl'atus
3208 1927 3354 1978 sum,
3393 1916 3485 1970 sed
3523 1923 3580 1970 ut

2015 1997 2142 2050 dum
2198 1998 2252 2050 in
2296 2013 2461 2052 cursu
2506 1997 2974 2066 interpretationis
3017 2002 3260 2069 quaedam
3296 2004 3434 2061 forte
3478 2023 3577 2062 ceu

2016 2090 2195 2143 futura
2237 2097 2550 2154 occurrent,
2583 2091 2829 2160 quaejam
2858 2101 3171 2161 evenerant,
3201 2110 3270 2148 ne
3295 2099 3576 2161 miremur,

2015 2197 2192 2250 neque
2221 2182 2287 2236 de
2334 2183 2434 2246 rei,
2473 2196 2592 2250 quae
2633 2181 2855 2245 dicitur,
2898 2183 3078 2238 oblata
3126 2189 3307 2256 specie
3341 2191 3581 2263 ambiga-

2016 2287 2155 2325 mus.
2203 2271 2277 2325 De
2310 2271 2606 2341 prophetia:
2638 2281 2960 2340 argumento
2995 2275 3279 2334 hactenus.
3323 2280 3581 2350 Superest

2017 2371 2075 2415 ut
2107 2379 2194 2417 res
2241 2363 2503 2431 singulas,
2560 2373 2721 2434 prout
2763 2362 2949 2418 divina
2999 2371 3173 2437 gratia
3224 2375 3578 2438 concesserit,

2013 2469 2422 2526 persequamur.

2670 2733 2820 2789 CAP.
2857 2734 2897 2788 1.

2093 2822 2252 2879 Vens.
2291 2823 2405 2879 1-1.
2435 2851 2504 2862 -
2531 2841 2548 2875 ι
2583 2823 2789 2880 Octavo
2822 2839 3010 2880 mense
3040 2825 3168 2879 anni
3202 2825 3451 2889 secundi,
3479 2827 3581 2880 im-

2019 2926 2243 2986 perante
2275 2915 2457 2982 Dario,
2493 2915 2672 2973 factus
2703 2928 2787 2973 est
2813 2933 2995 2974 sermo
3026 2917 3239 2971 Domini
3274 2917 3339 2972 ad
3367 2916 3582 2971 Zacha-

362 2983 448 3038 τὸν
485 2988 574 3041 τοῦ
609 2990 911 3060 Βαραχίου,
944 2993 1057 3045 υἱὸν
1111 2994 1272 3047 Ἐδδὼ
1293 3038 1306 3062 ,
1341 2996 1432 3050 τὸν
1467 3001 1780 3072 προφήτην,
1825 3001 1911 3054 λέ-

517 3097 533 3106 -
580 3079 685 3106 φλ..
722 3082 816 3106 ..λη
853 3082 1313 3106 ---1-.-_.1t~1\_,_-_
1371 3089 1385 3106 ι
1458 3105 1469 3106 ,
1529 3089 1542 3104 ι
1775 3091 1821 3106 Α.
1858 3093 1878 3106 .

2019 2983 2155 3062 iam
2184 3009 2480 3076 Baracbiaa,
2509 3008 2606 3063 lilii
2631 3009 2743 3082 (57)
2770 3009 3032 3073 Eddonis,
3058 3008 3397 3078 prophetam.
3435 3028 3452 3059 ι
3485 3005 3582 3061 His

356 3093 476 3143 γων.
517 3097 534 3130 ι
580 3079 685 3132 Τὸν
722 3082 816 3150 μὲν
853 3082 1038 3152 χρόνον
1067 3085 1333 3156 ἐδήλωσεν
1366 3089 1423 3140 ἐν
1453 3089 1662 3154 τούτοις
1701 3091 1821 3144 καθ’
1855 3093 1913 3146 ὃν

354 3167 552 3239 ἠξιώθη
587 3171 686 3240 τῆς
719 3173 1112 3242 ἀποκαλύψεως
1147 3177 1246 3246 τῆς
1287 3178 1468 3241 θείας·
1510 3181 1629 3233 τίνα
1674 3181 1731 3234 δὲ
1772 3182 1914 3253 άπερ

352 3257 640 3330 ἐκελεύσθη
674 3261 810 3332 πρὸς
836 3262 928 3317 τὸν
957 3263 1082 3317 λαὸν
1107 3267 1301 3329 είπεῖν,
1325 3269 1450 3338 ἐξῆς
1479 3271 1696 3339 ἐπάγει.
1728 3291 1747 3322 ι
1793 3274 1912 3344 Ὠρ-

353 3350 507 3421 γίσθη
565 3353 773 3423 Κύριος
822 3355 915 3407 ἐπὶ
961 3357 1088 3420 τοὺς
1125 3359 1367 3428 πατέρας
1409 3361 1560 3429 ὑμῶν
1600 3365 1767 3434 ὀργὴν
1815 3383 1912 3434 με-

351 3443 535 3513 γάλην.
589 3464 608 3496 ι
645 3445 859 3516 Πρέπον
898 3447 972 3517 τῷ
1004 3450 1181 3521 καιρῷ
1207 3452 1266 3504 τὸ
1307 3455 1590 3524 προοίμιον
1622 3459 1915 3528 ἐποιήσατο

349 3535 376 3585 ό
402 3537 708 3607 προφήτης·
739 3539 925 3610 ἐπειδὴ
956 3541 1063 3611 γάρ
1091 3543 1288 3610 νεαρὰν
1314 3547 1406 3598 καὶ
1433 3544 1650 3600 ἔναυλον
1678 3549 1788 3600 τῶν
1816 3551 1914 3620 τῆς

348 3627 720 3695 αίχμαλωσίας
753 3631 937 3683 κακῶν
977 3627 1120 3701 εἶχον
1161 3634 1256 3704 τὴν
1294 3640 1530 3707 μνήμην,
1565 3639 1687 3709 ἄρτι
1725 3656 1783 3691 τε
1815 3640 1912 3691 αὐ-

346 3717 442 3786 τῆς
465 3719 876 3789 ἀπαλλαγέντες
905 3724 997 3776 καὶ
1019 3727 1097 3787 εἰς
1125 3726 1192 3778 τὰ
1216 3729 1390 3780 οίκεῖα
1413 3729 1726 3782 ἐπανελθεῖν
1754 3732 1914 3803 δυνη-

347 3806 550 3874 θέντες,
576 3811 805 3875 εἰκότως
834 3813 940 3883 πρὸ
966 3815 1167 3878 παντὸς
1192 3816 1348 3884 λόγου
1376 3819 1474 3889 τῆς
1503 3836 1567 3871 συ
1577 3822 1788 3892 μφορᾶς
1817 3824 1914 3874 αὐ-

345 3903 467 3966 τοὺς
502 3903 1044 3975 ὑπομιμνήσκει-τῆς
1075 3908 1275 3977 ἀρτίως
1305 3911 1708 3981 γεγενημένης·
1741 3913 1816 3976 ὡς
1849 3914 1914 3968 ἂν

344 3995 407 4062 τῇ
439 3995 634 4066 μνήμῃ
660 3993 768 4047 τῶν
797 3998 1092 4064 γεγονότων
1114 3999 1462 4066 φυλάττοιντο
1489 4005 1568 4066 εἰς
1592 4007 1784 4075 πεῖραν
1806 4006 1914 4060 τῶν

345 4083 522 4135 αὐτῶν
563 4085 896 4154 καταστῆναι
934 4087 1113 4140 πάλιν.
1162 4089 1307 4140 Ἴστε
1353 4091 1488 4161 γὰρ,
1525 4093 1724 4163 φησὶν,
1759 4097 1912 4167 ὀργι-

347 4173 491 4237 σθεὶς
521 4174 715 4245 ἡλίκην
741 4177 852 4239 τοῖς
885 4178 1118 4248 πατράσι
1150 4180 1261 4241 τοῖς
1311 4181 1594 4252 ὑμετέροις
1637 4186 1913 4255 ἐπήγαγον

342 4265 636 4335 τιμωρίαν,
669 4266 796 4318 οἴων
820 4283 880 4319 τε
902 4269 1210 4330 αὐτοὶ)ςῶιά
1233 4270 1330 4341 τὴν
1359 4273 1642 4328 ἀπείθειαν
1669 4278 1725 4328 ὲν
1749 4277 1914 4348 πείρᾳ

2015 3101 2196 3155 verbis
2245 3110 2457 3170 tempus
2505 3100 2812 3170 signiﬁcat,
2849 3101 3011 3170 287
3039 3115 3147 3170 quo
3197 3099 3376 3154 divina
3430 3114 3583 3153 reve-

2015 3191 2216 3245 latione
2269 3191 2467 3262 dignus
2527 3191 2745 3246 habitus
2791 3200 2874 3246 est
2908 3210 2921 3244 :
2960 3191 3219 3262 deinceps
3261 3206 3391 3246 vero
3427 3191 3580 3244 addit

2014 3298 2131 3352 quia
2185 3282 2252 3337 ad
2298 3283 2556 3353 populum
2602 3281 2749 3351 loqui
2785 3282 2977 3350 jussus
3023 3280 3141 3335 fuit.
3195 3300 3212 3331 ι
3243 3281 3442 3335 Grandi
3498 3282 3578 3333 ira

2015 3371 2275 3426 adversus
2323 3378 2579 3440 parentes
2628 3379 2844 3424 vestros
2890 3371 3065 3424 iratus
3115 3377 3198 3423 est
3243 3369 3523 3422 Dominus.
3558 3387 3576 3421 ι

2015 3462 2327 3532 Congruum
2364 3462 2594 3532 tempori
2635 3462 2923 3516 exordium
2957 3459 3220 3529 pr0plieta
3251 3458 3412 3525 fecit;
3457 3474 3580 3511 nam

2013 3553 2140 3621 quia
2185 3559 2456 3607 recentem
2507 3551 2685 3606 adhuc
2733 3557 3166 3620 praesentemque
3213 3549 3480 3602 malorum
3527 3549 3580 3602 in

2015 3643 2328 3712 captivitate
2386 3644 2790 3698 exantlatorum
2860 3641 3168 3694 retinebant
3226 3640 3579 3705 memoriam;

2015 3731 2214 3800 quippe
2243 3732 2334 3800 qui
2364 3731 2453 3786 vix
2495 3746 2614 3786 eam
2663 3731 3003 3801 depulerant,
3044 3731 3242 3798 vixque
3276 3730 3418 3784 lares
3455 3745 3583 3784 suos

2016 3834 2339 3890 recuperare
2405 3827 2722 3888 potuerant;
2795 3819 2992 3874 merito
3064 3828 3352 3889 antequam
3435 3819 3581 3873 aliud

2016 3912 2184 3980 dicat,
2239 3913 2601 3967 calamitatem
2651 3913 2846 3968 iisdem
2896 3912 3138 3974 refricat,
3196 3926 3356 3982 quam
3411 3927 3584 3981 nuper

2018 4005 2258 4075 perpessi
2312 4004 2564 4069 fuerant;
2609 4015 2669 4058 ut
2713 4005 2968 4057 nimirum
3022 4005 3421 4072 praeteritorum
3467 4018 3584 4058 ma-

2018 4098 2191 4150 lorum
2237 4113 2504 4152 memores
2544 4104 2795 4150 caverent
2827 4096 3015 4165 utique
3049 4112 3114 4150 ne
3149 4096 3201 4149 in
3229 4095 3413 4149 eadem
3460 4110 3582 4148 rur-

2017 4203 2113 4244 sus
2158 4188 2481 4243 inciderent.
2515 4186 2719 4251 Nostis,
2780 4187 2958 4256 inquit
3008 4186 3170 4251 Deus,
3216 4191 3448 4256 quantas
3483 4201 3582 4257 ego

2018 4279 2192 4333 iratus
2219 4279 2535 4347 parentibus
2563 4278 2760 4332 vestris
2784 4292 2974 4347 poenas
3003 4278 3380 4347 imposuerim,
3408 4291 3583 4346 quan-

347 4358 656 4428 κατέστησα
681 4357 887 4424 κακῶν,
917 4360 1128 4429 ἀφελὼν
1175 4363 1272 4432 μὲν
1303 4365 1398 4434 τῆς
1431 4365 1532 4435 γῆς
1562 4367 1659 4435 τῆς
1685 4368 1908 4431 οἰκείας,

2019 4371 2199 4438 lisque
2243 4367 2664 4423 adversitatibus
2717 4375 2938 4438 pr0pter
2991 4368 3233 4437 ipsorum
3298 4377 3583 4422 contuma-

345 4446 649 4516 ἀπαγαγὼν
693 4447 748 4500 δὲ
795 4449 1167 4518 αίχμαλὼτους
1217 4454 1296 4515 είς
1337 4456 1438 4524 γῆν
1483 4455 1800 4526 ἀλλοτρίαν,
1846 4459 1913 4528 ἢν

344 4539 494 4594 οὔπω
522 4541 792 4611 πρότερον
818 4537 974 4595 είδον.
1011 4559 1029 4593 ι
1067 4545 1177 4597 Καὶ
1209 4547 1351 4616 ἐρεῖς
1378 4549 1512 4617 πρὸς
1539 4549 1752 4612 αὐτοὺς,
1776 4550 1912 4603 Τάδε

344 4628 486 4697 λέγει
520 4631 726 4701 Κύριος
760 4635 1182 4706 παντοκράτωρ·
1231 4638 1616 4708 Ἐπιστρέψατε
1653 4642 1787 4710 πρός
1822 4659 1908 4711 με,

347 4719 490 4788 λέγει
533 4721 742 4791 Κύριος
785 4723 894 4776 τῶν
941 4723 1220 4795 δυνάμεων
1246 4765 1259 4787 ,
1301 4728 1394 4780 καὶ
1430 4730 1911 4802 ἐπιστραφήσομαι

346 4809 478 4878 πρὸς
511 4810 677 4881 ὑμᾶς,
711 4810 858 4878 λέγει
885 4812 1084 4884 Κύριος
1111 4815 1217 4868 τῶν
1253 4815 1531 4886 δυνάμεων
1552 4834 1563 4845 ·
1591 4820 1684 4870 καὶ
1721 4821 1794 4891 μὴ
1819 4821 1906 4888 γίο

343 4901 497 4954 νεσθε
539 4902 723 4965 καθὼς
752 4905 800 4956 oi
841 4905 1073 4975 πατέρες
1105 4907 1255 4977 ὑμῶν
1296 4905 1376 4972 οἷς
1409 4909 1693 4964 ἐνεκάλουν
1727 4914 1908 4973 αὐτοῖς

345 4991 395 5041 οί
423 4993 698 5063 προφῆται
727 4996 774 5046 οἱ
811 4993 1115 5066 ἔμπροσθεν
1146 4999 1425 5066 λέγοντες,
1466 5003 1484 5068 (
1503 5017 1552 5070 p.
1590 5001 1722 5072 456)
1771 5005 1906 5056 Τάδε

346 5078 489 5147 λέγει
526 5082 729 5154 Κύριος
775 5086 1198 5161 παντοκράτωρ,
1252 5091 1652 5161 Ἀποστρέψατε
1699 5091 1760 5160 δὴ
1804 5094 1909 5148 ἀπὸ

348 5171 453 5223 τῶν
491 5173 630 5226 ὁδῶν
660 5175 815 5244 ὑμῶν
858 5177 965 5230 τῶν
997 5180 1265 5251 πονηρῶν,
1313 5183 1406 5235 καὶ
1432 5183 1538 5235 ἀπὸ
1578 5184 1685 5236 τῶν
1722 5188 1909 5255 ἐπιτη-

349 5258 625 5332 δευμάτων
655 5264 808 5334 ὑμῶν
833 5267 944 5320 τῶν
971 5270 1221 5339 πονηρῶν
1240 5288 1252 5300 ·
1280 5273 1370 5324 καὶ
1398 5275 1497 5326 οὐκ
1521 5275 1780 5342 ἥκουσαν,
1816 5280 1908 5330 καὶ¹

351 5353 404 5403 οὑ
456 5357 756 5426 προσέσχον
806 5359 898 5412 τοῦ
951 5361 1266 5415 είσακοῦσαί
1321 5381 1454 5433 μου,
1503 5365 1649 5434 λέγει
1706 5368 1908 5438 Κύριος

354 5449 754 5520 παντοκράτωρ.
822 5471 839 5501 ι
902 5452 1062 5508 Ἀλλά
1107 5454 1200 5506 νῦν
1249 5456 1377 5524 γοῦν
1429 5457 1758 5522 ἀποστάντες
1810 5459 1911 5526 τῆς

421 5606 498 5676 57)
545 5611 637 5667 Gr.
680 5611 868 5679 ﬁlium.

2014 4459 2153 4514 ciam
2201 4473 2295 4513 eos
2342 4458 2636 4522 obruerim,
2693 4460 2863 4526 patria
2906 4459 3192 4526 spoliatos.
3241 4459 3292 4510 in
3348 4458 3580 4510 alienam

2015 4549 2291 4618 regionem
2344 4562 2505 4616 quam
2558 4561 2831 4614 nunquam
2868 4547 3118 4612 viderant
3165 4546 3436 4600 serviliter
3483 4544 3579 4597 ab-

2017 4647 2190 4692 actos.
2240 4657 2257 4688 ι
2301 4636 2566 4706 Dicesque
2610 4637 2710 4697 eis,
2749 4633 2873 4690 Haec
2919 4636 2996 4688 ait
3034 4635 3297 4689 Dominus
3333 4634 3580 4703 omnipo-

2015 4738 2136 4784 tens
2185 4728 2580 4782 :Revertimini
2625 4727 2692 4780 ad
2736 4742 2854 4791 me,
2926 4727 3056 4781 dicit
3094 4726 3357 4780 Dominus
3404 4727 3580 4779 virtu-

2020 4834 2165 4891 tum;
2195 4832 2250 4876 et
2282 4835 2379 4892 ego
2400 4827 2690 4876 convertar
2717 4820 2783 4874 ad
2816 4834 2935 4885 vos,
2967 4820 3098 4874 dicit
3125 4818 3383 4873 Dominus
3409 4821 3578 4873 virtu-

2018 4924 2152 4968 tum.
2225 4913 2408 4982 Neque
2453 4912 2595 4968 liatis
2636 4919 2695 4965 ut
2741 4917 2922 4980 patres
2963 4912 3173 4975 vestri,
3219 4926 3358 4980 quos
3399 4925 3578 4980 repre-

2021 5002 2327 5057 hendebant
2355 5005 2661 5071 superiores
2698 5000 2972 5070 prephetat
2998 5001 3244 5055 dicentes
3299 5017 3312 5051 :
3350 5001 3475 5054 Haec
3504 5001 3579 5051 ait

2024 5094 2285 5147 Dominus
2311 5095 2652 5163 omnipotens
2684 5113 2699 5149 :
2727 5094 2981 5149 Recedite
3028 5107 3059 5145 a
3101 5092 3205 5146 viis
3241 5091 3438 5145 vestris
3471 5105 3579 5142 ma-

2015 5186 2103 5249 lis,
2133 5193 2294 5254 atque
2333 5200 2361 5238 a
2410 5186 2609 5242 studiis
2648 5185 2846 5240 vestris
2877 5184 3060 5238 malis.
3105 5181 3188 5236 Illi
3221 5189 3404 5236 tamen
3447 5182 3575 5236 mihi

2016 5293 2124 5331 non
2173 5277 2550 5340 obedivernnt,
2594 5291 2770 5346 neque
2809 5276 2946 5330 meis
2984 5274 3166 5328 verbis
3215 5287 3404 5328 aurem
3436 5289 3576 5344 prie-

2016 5371 2273 5434 buerunt,
2329 5369 2407 5421 ait
2462 5367 2723 5422 Dominus
2777 5367 3147 5436 omnipotens.
3185 5384 3204 5419 i
3248 5365 3403 5421 Nunc
3447 5381 3578 5433 ergo

2021 5461 2226 5514 omissa
2274 5459 2578 5515 imitatione
2619 5457 2887 5528 majorum
2917 5464 3223 5512 vestrorum
3267 5455 3332 5511 ad
3374 5469 3457 5508 me
3496 5468 3581 5506 re-
