4022 6138
279 741 290 751 .
373 704 571 774 priscis
601 703 883 774 prophetis
928 701 1193 758 admoniti
1235 701 1474 759 fuissent
1508 709 1679 772 atque
1708 703 1946 769 exorati,

374 232 478 292 ιθθ
1547 226 1896 284 THEODORI
1937 225 2164 285 MOPSU
2174 225 2419 284 ESTENI
3511 217 3621 274 500

375 347 609 418 spicite,
656 347 902 418 meisque
944 345 1108 403 dictis
1158 360 1224 401 ac
1271 345 1495 402 monitis
1548 353 1739 402 erecto
1780 346 1946 402 oculo

2050 346 2332 416 μιμήσεως
2365 343 2474 398 τῶν
2509 342 2760 413 πατέρων
2799 339 2908 394 τῶν
2956 338 3192 402 οἰκείων,
3219 335 3357 409 πρός
3390 351 3456 407 με
3483 335 3620 388 ἀπο·

376 440 662 506 attendite,
705 449 766 494 ut
803 453 911 510 ego
941 453 1164 508 quoque
1191 451 1293 492 vos
1322 438 1642 508 respiciam,
1669 437 1947 508 vestrique

2048 435 2275 506 ὖλέψατε
2294 478 2310 502 ,
2345 435 2440 489 καὶ
2467 434 2604 505 πρὸς
2639 431 2708 485 τὰ
2743 433 2869 501 παρ’
2897 429 3032 501 ἐμοῦ
3063 428 3332 500 λεγόμενα
3371 427 3498 497 ὑμῖν
3527 425 3622 479 καὶ
3667 478 3677 510 ἓ

375 543 566 583 curam
591 528 822 584 libenter
844 541 1047 598 geram.
1081 523 1160 580 Ne
1186 533 1372 596 patres
1409 532 1624 582 vestros
1655 525 1946 581 imitemini

2048 526 2521 597 συμϐουλευόμενα
2571 523 2864 593 τεταμένον
2911 521 3062 592 ἔχετε
3118 520 3178 572 τὸ
3209 522 3398 591 ὄμμα,
3437 517 3515 580 ὡς
3554 515 3622 570 ἀν
3669 539 3681 556 ι

371 614 721 669 vehementer
759 619 980 678 cavete,
1017 610 1119 681 qui
1176 626 1304 667 cum
1351 610 1448 672 diu
1512 611 1855 681 multumque
1914 625 1946 666 α

2048 615 2142 668 καὶ
2169 615 2337 677 αὐτὸς
2375 615 2584 684 ἐφορᾷν
2623 613 2752 681 ὑμῖν
2793 610 2889 663 καὶ
2913 609 2980 662 δι’
3009 607 3334 678 ἐπιμελείας
3377 605 3522 676 ἔχειν
3551 603 3624 658 τά

2043 707 2167 761 καθ’
2217 707 2363 778 ὑμᾶς
2419 705 2677 774 ἑλοίμηνο
2723 700 3031 771 φυλάξασθε
3078 700 3343 754 δὲπᾶσαν
3390 695 3622 767 μίμησιν

371 809 482 864 quo
529 794 738 850 scilicet
791 808 828 848 a
888 807 989 850 sua
1047 794 1317 863 pravitate
1363 792 1702 856 recederent,
1765 807 1944 864 neque

2048 797 2149 867 τὴν
2193 799 2332 870 πρὸς
2373 797 2504 860 τοὺς
2548 797 2791 868 πατέρας
2813 794 2942 856 τοὺς
2975 791 3306 863 ὑμετέρους-ο
3346 790 3396 842 οἳ
3423 786 3622 858 πολλὴν

372 883 682 938 auscultare
721 882 1032 949 voluerunt,
1071 897 1255 953 neqm
1299 884 1466 939 ullam
1509 882 1942 940 admonitionum

2048 888 2143 943 καὶ
2167 888 2366 960 συχνὴν
2408 887 2559 958 παρὰ
2601 885 2712 940 τῶν
2751 883 3044 956 προφητῶν
3083 882 3193 936 τῶν
3229 880 3492 951 πρότερον
3526 895 3622 947 γε-

371 972 640 1028 rationem
668 972 890 1031 habere.

2049 979 2290 1050 νομένων
2317 978 2630 1050 ωμῦουλὴν
2650 978 2937 1047 δεξάμενοι
2975 975 3069 1027 καὶ
3104 973 3442 1044 παραίνεσιν,
3479 969 3623 1024 ὥστε

369 1061 471 1131 τῆς
507 1061 704 1125 κακίας
753 1061 1050 1131 ἀποστῆναι
1109 1062 1212 1132 τῆς
1237 1061 1464 1126 οἰκείας,
1496 1064 1591 1116 καὶ
1628 1065 1882 1134 κερδᾶναι
1934 1063 2028 1137 τὴν
2053 1067 2202 1139 ὑπὲρ
2249 1069 2359 1124 τῶν
2404 1069 2588 1133 κακῶς
2625 1065 3035 1138 πεπραγμένων
3088 1064 3270 1126 αὐτοῖς
3317 1060 3619 1132 τιμωρίαν,

368 1152 493 1209 οὔτε
543 1155 828 1227 προσέχειν
871 1154 995 1210 οὔτε
1042 1155 1198 1222 λόγον
1244 1156 1366 1211 τινὰ
1414 1157 1686 1212 ποιείσθω
1718 1157 1828 1212 τῶν
1854 1157 2209 1216 διδασκόντων
2231 1162 2531 1216 ὲόούλοντο.

444 1240 610 1298 Vsus.
667 1243 905 1310 5,θ.-ι
929 1243 1120 1301 Patres
1178 1244 1347 1300 vestri
1392 1245 1618 1301 ubinam
1677 1248 1841 1302 sunt?
1889 1255 1946 1304 et

370 1333 648 1403 prepheta:
677 1349 808 1390 num
853 1349 1070 1406 semper
1099 1335 1319 1392 vivent?
1346 1335 1446 1392 Eia
1473 1351 1630 1393 meos
1657 1352 1944 1396 sermones

297 1463 300 1466 .
369 1423 538 1495 288
562 1424 848 1495 legemque
892 1440 1068 1481 meam
1117 1428 1374 1498 excipite,
1419 1426 1687 1498 quidquid
1725 1441 1832 1499 ego
1862 1428 1946 1484 vi-

369 1516 572 1570 delicet
614 1515 874 1587 praecipio
925 1517 980 1573 in
1010 1513 1220 1588 Spiritu
1255 1533 1381 1574 meo
1425 1519 1606 1574 servis
1651 1519 1788 1575 meis
1817 1534 1946 1590 pro-

369 1605 575 1679 phetis.
596 1606 691 1676 qui
716 1615 902 1677 patres
931 1615 1144 1664 vestros
1169 1609 1723 1679 comprehenderunt.
1756 1627 1776 1662 ι
1809 1607 1946 1664 Pro-

370 1695 512 1756 fecto
537 1711 754 1771 aequum
793 1705 878 1753 est
908 1713 1005 1755 vos
1045 1707 1322 1769 reputare,
1363 1699 1512 1768 quod
1552 1715 1730 1770 neque
1765 1709 1948 1770 patres

370 1787 537 1842 vestri
565 1787 684 1856 jam
711 1788 997 1858 supersint
1034 1803 1219 1858 neque
1252 1789 1531 1860 prophetae
1557 1807 1571 1844 :
1597 1803 1724 1844 nam
1766 1791 1948 1848 ethos

368 1883 425 1930 et
481 1875 610 1934 illos
667 1876 981 1933 communis
1031 1884 1243 1932 natura:
1303 1878 1564 1934 interitus
1629 1879 1948 1950 intercepit,

370 1965 670 2038 quominus
711 1967 882 2024 vitam
921 1966 1136 2024 diutius
1171 1975 1559 2038 propagarent.
1599 1966 1666 2023 Et
1712 1967 1791 2022 illi
1819 1968 1948 2038 qui-

373 2059 499 2116 dem
533 2073 564 2114 e
596 2056 736 2114 vivis
764 2067 1145 2126 excesserunt,
1177 2058 1543 2114 contumaciae
1581 2073 1695 2115 suae
1729 2071 1949 2128 poenam

372 2150 619 2222 experti;
676 2149 961 2220 prepheta
997 2157 1179 2204 autem
1233 2149 1340 2206 etsi
1383 2149 1549 2218 hujus
1605 2151 1746 2205 vitae
1786 2151 1947 2205 tinem

371 2240 644 2306 fecerunt,
675 2239 1036 2296 nihilominus
1069 2234 1359 2297 verborum
1395 2255 1622 2296 suorum
1661 2239 1948 2297 veritatem

373 2330 539 2386 factis
597 2317 1130 2403 comprobaverunt;
1173 2330 1617 2403 quandoquidem
1665 2332 1751 2386 vel
1811 2330 1950 2402 ipsis

372 2418 605 2474 mortuis
639 2418 899 2473 vaticinia
942 2433 1104 2474 suum
1154 2419 1362 2474 exitum
1409 2433 1565 2490 mque
1601 2418 1945 2485 habuerunt;

371 2507 501 2576 quia
533 2507 649 2563 haec
691 2507 952 2562 nimirum
985 2522 1072 2564 me
1107 2507 1334 2579 jubente
1378 2507 1526 2563 edita
1563 2507 1798 2562 fuerant.
1849 2505 1948 2562 His

374 2598 640 2669 exemplis
684 2599 924 2655 monitos
955 2613 1042 2663 ea,
1087 2613 1211 2668 qua
1255 2598 1536 2669 prophetae
1573 2613 1695 2653 meo
1725 2599 1949 2654 nomine

373 2687 556 2752 aiunt,
590 2704 700 2743 non
733 2689 1130 2759 parvipendere
1156 2688 1335 2753 decet,
1371 2689 1481 2742 imo
1512 2687 1600 2744 his
1635 2687 1949 2743 auscultare

372 2793 494 2857 qua
529 2779 766 2850 spiritali
790 2780 964 2850 gratia
998 2779 1258 2834 commoti
1307 2780 1647 2849 loquuntur:
1685 2793 1812 2833 nam
1851 2793 1948 2835 ne‘

371 2885 479 2946 que
506 2869 655 2927 dicta
686 2871 754 2927 ab
792 2872 860 2927 iis
891 2870 1100 2926 irritari
1126 2879 1356 2941 queunt,
1383 2885 1563 2940 neque
1593 2869 1748 2926 vobis
1777 2869 1948 2925 dicto-

2119 1253 2270 1323 Στίχ.
2306 1259 2370 1317 ε’,
2405 1252 2663 1318 ς’.--‹ϐί
2688 1250 2927 1322 πατέρες
2953 1247 3107 1320 ὑμῶν
3135 1243 3240 1299 ποῦ
3265 1246 3373 1297 είσι
3399 1259 3415 1308 ;
3443 1243 3540 1296 καὶ
3569 1241 3621 1294 οἱ

2049 1344 2325 1415 προφῆται
2363 1345 2440 1414 μὴ
2481 1345 2562 1406 εἰς
2609 1343 2701 1396 τὸν
2743 1341 2920 1397 αἰῶνα
2959 1340 3256 1411 ζήσονταις
3303 1335 3450 1406 Πλὴν
3493 1334 3620 1398 τοὺς

2048 1433 2238 1500 λόγους
2277 1451 2378 1504 μου
2423 1433 2520 1489 καὶ
2559 1432 2634 1486 τὰ
2665 1432 2875 1504 νόμιμά
2927 1448 3030 1502 μου
3081 1427 3322 1499 δέχεσθε,
3375 1427 3478 1478 δσα
3509 1421 3622 1492 ἐγὼ

2049 1524 2366 1595 ἐντέλλομαι
2411 1527 2470 1578 ἐν
2509 1523 2789 1594 Πνεύματί
2835 1539 2936 1593 μου
2963 1524 3076 1585 τοῖς
3118 1520 3326 1582 δούλοις
3363 1534 3464 1582 μου
3501 1518 3618 1579 τοῖς

2051 1619 2375 1688 προφήταις,
2398 1617 2448 1670 οἳ
2469 1616 2765 1671 κατέλαδον
2795 1617 2924 1678 τοὺς
2945 1613 3186 1684 πατέρας
3215 1611 3390 1682 ὑμῶν.
3429 1629 3450 1661 ι
3485 1608 3624 1663 Καί.

2047 1724 2130 1760 τοι
2157 1724 2220 1774 γε
2257 1707 2436 1772 καλῶς
2469 1706 2536 1762 ἂν
2563 1705 2677 1777 ἔχοι
2709 1706 2932 1759 κάκεῖνο
2965 1705 3111 1774 ὑμᾶς
3156 1700 3578 1770 συλλογίσασθαι
3602 1735 3620 1763 ,

2047 1798 2128 1852 ὅτι
2165 1797 2289 1852 οὔτε
2319 1801 2366 1852 oi
2399 1798 2634 1869 πατέρες
2661 1797 2691 1850 ὑ
2702 1797 2820 1868 μῶν
2855 1797 2993 1850 εἰσὶν
3017 1796 3096 1848 ἔτι
3117 1836 3132 1861 ,
3165 1793 3289 1848 οὗτε
3322 1794 3371 1846 οἱ
3401 1791 3616 1862 προφῆ-

2046 1905 2137 1942 ται
2154 1904 2171 1919 ο
2221 1887 2658 1958 προκατελάϐετο
2688 1886 2747 1940 δὲ
2781 1887 3068 1949 κάκείνους
3092 1884 3189 1938 καὶ
3207 1883 3430 1945 τούτους
3454 1885 3483 1935 ὁ
3507 1896 3624 1934 κοι-

2047 1977 2139 2042 νὸς
2170 1977 2268 2048 τῆς
2299 1977 2516 2047 φύσεως
2547 1978 2810 2044 θάνατος,
2841 1976 2935 2030 ἐπὶ
2966 1976 3213 2030 πλεῖστον
3243 1972 3617 2044 ἐκτεταμένην

2046 2067 2195 2140 ἐχειν
2227 2069 2325 2140 τὴν
2353 2069 2563 2123 οἰκείαν
2601 2067 2747 2140 ζωὴν
2791 2068 2897 2122 οὒκ
2941 2069 3081 2122 ἐῶνο
3129 2069 3208 2138 (p.
3250 2065 3376 2135 4⁵57)
3421 2062 3535 2117 ἀλλ’
3567 2063 3618 2115 oi

2051 2163 2149 2233 μέν
2189 2159 2560 2233 ἀπεληλύθασι
2599 2161 2700 2232 τὴν
2749 2162 2816 2214 ἐκ
2864 2159 2967 2228 τῆς
3003 2158 3287 2221 ἀπειθείας
3335 2157 3622 2226 δεξάμενοι

2046 2253 2313 2322 τιμωρίαν
2335 2269 2350 2284 ο
2386 2253 2437 2306 ot
2475 2253 2752 2324 προφῆται
2782 2253 2840 2306 δὲ
2877 2253 2974 2306 καὶ
3000 2251 3342 2320 παυσάμενοι
3371 2247 3468 2301 τοῦ
3515 2262 3621 2300 πα-

2051 2342 2233 2414 ρόντος
2263 2342 2382 2412 βίου
2412 2342 2523 2399 τῶν
2561 2343 2780 2401 οἰκείων
2821 2343 3084 2414 ῥημάτων
3117 2343 3302 2413 εργοις
3335 2334 3623 2402 ἐπέδειξαν

2046 2435 2148 2505 τὴν
2203 2434 2461 2506 ἀλήθειαν
2487 2451 2502 2468 ο
2560 2434 2686 2488 ἐπεὶ
2745 2434 2840 2488 καὶ
2902 2429 3367 2502 τετελευτηκότων
3403 2427 3612 2492 αὐτῶν,

2047 2529 2203 2585 οὐθὲν
2245 2525 2409 2603 ἧττον
2459 2529 2604 2600 ἅπερ
2646 2523 2802 2581 εἶπον
2849 2527 2930 2590 είς
2982 2526 3156 2596 πέρας
3209 2522 3470 2594 ἐξήγετο,
3519 2520 3622 2575 ﬁn

2046 2624 2167 2680 κατ’
2213 2625 2350 2696 ἐμὴν
2388 2621 2655 2692 εἰρημένα
2701 2617 2952 2689 γνώμην.
2988 2617 3133 2688 Πρὸς
3183 2613 3249 2685 δὴ
3298 2612 3458 2666 τοῦτο
3483 2611 3623 2680 ἀφοσ-

2049 2715 2258 2788 ρῶντας
2287 2715 2553 2786 προσήκοι
2586 2709 2652 2765 ἂν
2689 2710 2763 2782 μὴ
2800 2709 3052 2780 πάρεργα
3078 2705 3349 2760 ποιεῖσθαι
3381 2702 3448 2756 τὰ
3489 2703 3622 2773 παρ’

2047 2802 2181 2874 ἐμοῦ
2232 2802 2322 2856 διά
2372 2801 2482 2856 τῶν
2539 2797 2835 2871 προφητῶν
2892 2796 3196 2867 λεγόμενα⁸
3248 2790 3499 2863 δέχεσθαι
3561 2791 3622 2843 δὲ

2048 2893 2228 2948 πάντα
2269 2893 2478 2963 ὅσαπερ
2520 2889 2649 2959 ὑμῖν
2695 2887 2785 2941 διά
2821 2889 3200 2961 πνευματικῆς
3253 2888 3476 2956 λέγουσι
3520 2885 3625 2956 τῆς

374 2975 495 3014 rum
535 2960 815 3030 neglectus
867 2974 1063 3015 vacare
1105 2959 1346 3030 periculo
1389 2968 1592 3030 potest.
1633 2958 1734 3016 His
1762 2961 1947 3016 verbis

2050 2985 2273 3055 χάριτος
2296 2999 2312 3014 ·
2352 2958 2476 3036 tne—‘1.
2507 2983 2644 3054 μήτε
2673 2958 2975 3051 ψευσθῆναι
3009 2975 3122 3033 οἶόν
3149 2958 3209 3032 τέ
3239 2995 3294 3030 τι
3322 2976 3433 3029 τῶν
3466 2974 3625 3044 λεγο-

372 3060 738 3120 compunctus
759 3052 1013 3122 populus,
1037 3066 1275 3122 quorum
1297 3051 1516 3107 veritati
1538 3053 1782 3123 locuples
1803 3053 1946 3109 facta

374 3143 747 3199 testimonium
779 3143 1007 3208 dabant,
1039 3143 1122 3201 sic
1161 3143 1467 3213 respondit,
1504 3153 1564 3200 ut
1599 3143 1945 3202 docilitatem

373 3235 683 3292 animorum
726 3249 952 3289 suorum
988 3233 1334 3291 manifestam
1378 3235 1604 3292 faceret.
1645 3255 1666 3292 ι
1699 3235 1948 3306 Respon-

372 3325 591 3389 derunt,
635 3325 833 3398 inquit,
881 3333 1046 3397 atque
1091 3326 1349 3382 dixerunt
1392 3345 1407 3382 :
1457 3326 1632 3383 Sicuti
1679 3329 1952 3402 disposuit

376 3415 638 3472 Dominus
670 3416 1016 3486 omnipotens
1060 3414 1243 3472 facere
1295 3417 1456 3473 nobis
1482 3419 1790 3475 secundum
1832 3421 1951 3477 vias

374 3515 613 3569 nostras.
635 3513 689 3560 et
715 3505 1014 3562 secundum
1041 3504 1225 3562 studia
1241 3516 1450 3573 nostra,
1472 3507 1552 3562 sic
1574 3507 1705 3564 fecit
1720 3506 1902 3563 nobis.
1925 3525 1944 3561 ι

378 3594 1055 3667 νετὺυωιᾱίεροευίιιριιο
1087 3595 1437 3666 disposuerat
1460 3598 1686 3669 ponitur
1709 3615 1722 3651 :
1743 3598 1950 3654 etenim

375 3686 519 3742 haud
563 3685 631 3741 de
661 3685 939 3756 prmscnti,
979 3684 1076 3744 sed
1111 3685 1178 3741 de
1203 3688 1479 3757 praeterita
1523 3701 1587 3742 re
1628 3702 1810 3744 sermo
1840 3696 1945 3743 est.

373 3775 652 3844 Fatemur,
691 3777 892 3846 inquit,
933 3790 1054 3845 qua:
1103 3773 1254 3831 Deus
1304 3775 1464 3832 nobis
1511 3785 1778 3832 eventura
1823 3793 1951 3849 por-

375 3865 651 3929 tenderat,
691 3879 935 3937 congruo
969 3864 1312 3922 facinoribus
1359 3866 1566 3922 nostris
1609 3868 1855 3935 decreto,
1885 3883 1950 3927 ea

374 3971 476 4012 nos
543 3971 734 4012 revera
792 3963 1049 4029 expertos
1103 3955 1278 4014 fuisse
1322 3973 1538 4027 :quare
1598 3959 1952 4017 vehementer

373 4047 534 4104 nobis
573 4062 897 4119 persuasum
936 4056 1022 4104 est
1063 4048 1336 4104 dictorum
1396 4049 1706 4105 divinorum
1749 4051 1951 4107 verita-

373 4148 480 4196 tem
518 4153 644 4196 esse
669 4141 1054 4198 certissimam.
1091 4139 1217 4196 Haec
1246 4141 1519 4208 elocutus,
1559 4141 1948 4198 revelationem

373 4228 635 4300 deinceps
678 4231 945 4302 propheta
983 4243 1172 4288 narrat
1211 4231 1313 4289 sibi
1351 4247 1383 4288 a
1428 4231 1538 4288 Deo
1577 4234 1841 4298 oblatam,
1879 4249 1947 4288 ex

2052 3076 2228 3146 μένων
2273 3075 2403 3145 παρ’
2456 3073 2657 3140 αὐτῶν,
2702 3072 2830 3145 μήθ’
2872 3073 3002 3142 ὑμῖν
3057 3069 3343 3124 ἀκίνδυνον
3394 3066 3623 3136 ἀμελεῖν

2048 3165 2290 3220 ἐθέλουσι
2309 3165 2417 3219 τῶν
2443 3165 2574 3236 παρ’
2597 3164 2778 3218 αὐτῶν
2798 3163 3128 3234 λεγομένων.
3169 3163 3293 3216 Ἐπὶ
3319 3162 3384 3233 δὴ
3408 3161 3622 3225 τούτοις

2049 3253 2276 3317 εἰκότως
2301 3255 2416 3318 τοῖς
2443 3254 2690 3326 ῥήμασιν
2714 3255 2762 3306 οί
2791 3252 2886 3306 τοῦ
2915 3252 3066 3318 λαοῦ,
3096 3252 3192 3306 ἀτε
3215 3250 3324 3305 τῶν
3357 3251 3619 3322 πραγμά-

2047 3361 2155 3398 των
2179 3345 2244 3414 τῇ
2262 3343 2371 3396 τῶν
2391 3343 2698 3412 λεγομένων
2719 3341 2947 3413 ἀληθείᾳ
2977 3341 3397 3413 μαρτυρούντων
3419 3340 3621 3411 αὐτάρ·-

2049 3450 2180 3498 κως,
2213 3433 2504 3503 ἀπόκρισιν
2529 3432 2875 3503 ἐποιήσαντο,
2904 3431 3052 3501 σαφῆ
3079 3431 3181 3501 τῆς
3199 3429 3620 3501 εὐγνωμοσύνης

2049 3524 2257 3580 ἑαυτῶν
2281 3525 2645 3596 παρεχόμενοι
2670 3523 2768 3596 τὴν
2796 3522 3092 3589 ἀπόδειξιν.
3129 3541 3147 3573 ι
3177 3523 3286 3576 Καὶ
3314 3519 3620 3592 ἀπεκρίθη-

2051 3635 2150 3672 σαν
2190 3618 2300 3689 γάρ
2324 3657 2340 3683 ,
2384 3618 2572 3688 φησὶν,
2603 3617 2699 3669 καὶ
2729 3610 2883 3668 εἷπον
2905 3632 2919 3644 ·
2973 3613 3172 3677 Καθὼς
3209 3613 3619 3684 παρατέτακται

2048 3707 2253 3778 Κύριος
2301 3707 2700 3778 παντοκράτωρ
2742 3704 2838 3759 τοῦ
2882 3705 3105 3776 ποιῆσαι
3159 3705 3292 3774 ἡμῖν
3332 3703 3475 3757 κατά
3518 3701 3619 3766 τάς

2048 3796 2200 3860 ὁδοὺς
2225 3795 2404 3867 ἡμῶν,
2429 3796 2522 3849 καὶ
2543 3793 2686 3848 κατά
2711 3793 2782 3848 τά
2805 3792 3211 3863 ἐπιτηδεύματα
3235 3791 3414 3862 ἡμῶν,
3443 3789 3620 3854 οὕτως

2049 3886 2302 3956 ἐποίησεν
2329 3887 2480 3956 ἡμῖν.
2515 3903 2536 3936 ι
2564 3884 2638 3938 Τὸ
2671 3902 2689 3935 ι
2728 3882 3161 3953 παρατέτακται,
3194 3901 3214 3934 ι
3239 3880 3620 3950 Παρετέτακτο

2047 3973 2226 4042 λέγει’
2255 3975 2316 4027 οὐ
2346 3975 2453 4044 γὰρ
2479 3974 2608 4044 περὶ
2637 3971 2921 4044 παρόντων
2952 3970 3278 4038 διαλέγεται,
3312 3969 3450 4023 ἀλλά
3484 3969 3617 4039 περὶ

2047 4064 2156 4119 τῶν
2204 4065 2503 4133 γεγονότων
2544 4063 2669 4134 ἥδη.
2716 4061 3114 4133 Ὀμολογοῦμεν
3131 4099 3148 4126 ,
3181 4061 3368 4132 φησὶν,
3399 4060 3482 4113 δτι
3503 4055 3622 4114 οἷά-

2048 4168 2156 4224 περ
2175 4153 2204 4204 ό
2229 4138 2360 4214 Θεδς
2383 4151 2704 4220 ἀπεφήνατο
2729 4148 2982 4218 γενέσθαι
3002 4148 3131 4220 περὶ
3157 4149 3324 4218 ἡμᾶς,
3357 4146 3619 4214 ἀνάλογον

2049 4233 2128 4303 οἷς
2156 4239 2495 4307 ἐπράττομεν
2531 4235 2783 4292 ἐκϐαλὼν
2825 4235 2924 4306 τὴν
2955 4235 3250 4304 ἀπόφασιν,
3295 4233 3522 4287 τοιαῦτα
3559 4232 3621 4288 δὲ

337 4339 346 4350 α
373 4337 482 4392 qua
507 4337 632 4376 cum
660 4323 780 4393 ipse
805 4338 916 4384 non
947 4324 1165 4380 dubiam
1193 4326 1426 4398 publicae
1443 4324 1726 4382 felicitatis
1749 4325 1944 4380 contir~

2050 4324 2144 4379 καί
2203 4324 2547 4396 πεπόνθαμεν
2609 4323 2752 4376 ὥστε
2819 4323 3022 4394 σφόδρα
3073 4322 3220 4390 ἡμᾶς
3284 4320 3613 4382 πεπεῖσθαι,

371 4414 670 4471 nationem
715 4416 978 4487 percepit,
1011 4423 1127 4471 tum
1173 4416 1404 4476 fidenter
1449 4416 1798 4474 auditoribus
1828 4416 1943 4474 visa

2053 4417 2130 4489 (p.
2153 4416 2278 4483 458)
2299 4417 2381 4470 ὅτι
2396 4414 2786 4488 ἀναντίρρητος
2801 4412 2908 4466 τῶν
2931 4412 3080 4484 παρά
3094 4410 3227 4464 Θεοῦ
3248 4409 3555 4480 λεγομένων
3577 4411 3615 4478 ή

372 4506 664 4562 nuntiavit.
699 4505 791 4562 Sic
814 4517 995 4570 autem
1023 4510 1138 4566 ait:

2050 4505 2274 4577 ἀλήθεια
2291 4522 2306 4536 ο
2336 4505 2431 4559 καὶ
2459 4505 2559 4558 οὐκ
2575 4503 2850 4557 ἀκίνδυνον
2883 4504 3006 4572 ἡμῖν
3025 4500 3243 4571 ἀμελεῖν
3275 4498 3620 4570 βουλομένοις

369 4599 478 4654 τῶν
497 4603 630 4674 παρ’
649 4601 814 4657 αὑτοῦ
832 4603 1159 4674 λεγομένων.
1189 4602 1404 4657 Τούτων
1442 4603 1617 4667 οὕτως
1655 4603 1981 4675 εἰρημένων,
2017 4599 2357 4669 ἀποκάλυψιν
2398 4598 2582 4651 λοιπὸν
2623 4599 2652 4651 ὁ
2683 4598 2968 4667 προφήτης
3013 4595 3279 4664 διηγεῖται
3311 4593 3618 4663 δειχθεῖσαν

367 4695 517 4766 αὐτῷ
556 4699 706 4768 παρὰ
734 4698 828 4752 τοῦ
873 4697 1033 4765 Θεοῦ,
1065 4699 1157 4768 ἀφ’
1185 4693 1254 4770 ἧς
1298 4697 1460 4762 αὐτός
1517 4715 1576 4752 τε
1609 4698 1813 4768 ἀκριϐῆ
1850 4697 1961 4751 τῶν
2007 4695 2138 4766 περὶ
2163 4695 2256 4747 τὸν
2282 4693 2410 4747 λαὸν
2451 4690 2674 4762 ἀγαθῶν
2712 4689 2811 4761 τὴν
2839 4689 3018 4743 πίστιν
3068 4685 3359 4757 ἐλάμϐανε,
3385 4686 3616 4740 καὶτοῖς

368 4787 625 4844 ἀκούουσι
680 4789 1023 4863 θαρρούντως
1065 4791 1447 4865 εὐηγγελίζετο
1495 4791 1565 4844 τά
1615 4787 2103 4860 φαινόμενα.Λέγει
2134 4788 2192 4842 δέ
2217 4787 2423 4849 οὕτως⁹

437 4879 606 4951 289
654 4878 821 4936 Vsus.
875 4879 1030 4938 7-10.
1075 4909 1148 4922 —-
1195 4899 1217 4932 ι
1279 4880 1378 4938 Die
1429 4881 1687 4937 vicesima
1744 4889 1940 4951 quarta

2124 4879 2274 4948 Στίχ.
2301 4877 2436 4942 ('4'.
2467 4905 2540 4918 -—
2576 4895 2594 4928 ι
2633 4877 2712 4947 Τῇ
2741 4874 2960 4947 τετράδι
2989 4874 3084 4929 καὶ
3134 4872 3340 4936 εἰκάδι,
3364 4869 3445 4942 τῷ
3468 4869 3615 4925 ἐνδε-

369 4973 577 5027 mensis
609 4971 909 5036 undecimi,
941 4971 1036 5041 qui
1061 4979 1151 5029 est
1179 4972 1354 5039 subat,
1386 4971 1629 5028 secundo
1657 4971 1804 5028 Darii
1839 4987 1941 5028 an-

2048 4971 2196 5042 κάτῳ
2227 4970 2359 5040 μηνὶ
2377 5007 2392 5033 ,
2423 4962 2579 5032 οὗτός
2611 4969 2760 5020 ἐστιν
2791 4968 2820 5019 ό
2857 4965 2962 5037 μὴν
2999 4965 3193 5031 σαὸἀτ,
3220 4965 3278 5018 ἐν
3305 4964 3366 5018 δέ
3396 4962 3474 5032 τῷ
3496 4962 3619 5014 δευο

366 5077 459 5129 no,
501 5079 685 5120 sermo
717 5063 936 5121 Domini
968 5062 1148 5120 tamus
1183 5063 1362 5123 estad
1413 5063 1737 5125 Zachariam
1773 5065 1942 5122 Bara—

2048 5063 2182 5133 εέρῳ
2220 5062 2334 5115 ἔτει
2354 5061 2454 5115 ἐπὶ
2489 5059 2717 5131 Δαρείου
2738 5099 2753 5123 ,
2793 5058 3011 5127 ἐγένετο
3051 5057 3209 5126 λόγος
3237 5055 3440 5125 Κυρίου
3474 5052 3615 5124 πρὸς

366 5157 524 5223 cbize,
554 5155 651 5212 ﬁlii
675 5157 789 5225 (58)
813 5157 1078 5221 Eddonis.
1097 5156 1439 5229 prophetam,
1462 5156 1672 5214 dicens.
1705 5175 1725 5210 ι
1763 5156 1940 5213 Verba

2048 5155 2316 5227 Ζαχαρίαν
2348 5155 2441 5209 τὸν
2465 5154 2560 5208 τοῦ
2590 5153 2887 5224 Βαραχίου,
2909 5153 3025 5207 υίὸν
3064 5150 3251 5217 Ἐδδὼ,
3286 5151 3377 5205 τὸν
3399 5150 3616 5222 προφή-

370 5265 392 5298 σ
431 5246 625 5302 Sermo
645 5245 862 5307 Domini
891 5245 1072 5304 tactus
1100 5255 1186 5306 est
1205 5266 1230 5300 ι
1252 5262 1372 5319 pro,
1396 5247 1581 5306 divina
1610 5248 1939 5304 revelatione

2048 5266 2162 5320 την,
2185 5248 2382 5316 λέγων.
2414 5264 2434 5298 ι
2461 5245 2536 5300 Τὸ
2558 5244 2840 5313 ιἘγένετο
2857 5244 3014 5312 λόγος
3035 5241 3263 5314 Κυρίου,
3301 5258 3320 5292 ι
3347 5238 3468 5294 ἀντὶ
3494 5237 3613 5303 τοῦ,

363 5353 466 5407 ego
494 5338 690 5408 dignus
709 5339 928 5398 habitus
947 5357 1090 5406 sum,
1123 5350 1439 5412 ponuntur;-
1474 5343 1620 5398 unde
1646 5339 1938 5396 revelatio-

2056 5341 2472 5410 Ἀποκαλύψεως
2509 5337 2750 5410 ἠξιώθην
2781 5336 2962 5402 θείας·
2998 5336 3121 5390 ὅθεν
3151 5335 3248 5406 τὴν
3271 5331 3614 5403 ἀποκάλυψιν

366 5440 492 5485 nem
519 5427 814 5486 indicans:
845 5447 864 5482 ε
899 5429 1020 5487 Vidi
1052 5447 1150 5502 per
1179 5440 1420 5497 noctem,
1450 5449 1470 5484 ι
1508 5431 1707 5502 inquit.
1752 5428 1940 5500 Neque

2048 5429 2224 5499 λέγων
2248 5429 2452 5495 λοιπὸν,
2499 5448 2520 5481 1
2572 5427 2850 5499 Ἑώρακα,
2903 5425 3072 5498 φησὶ,
3102 5425 3202 5495 τὴν
3239 5421 3431 5478 νύκτα.
3468 5439 3490 5477 ι
3529 5415 3612 5474 οὗ

436 5603 552 5673 (58)
584 5603 770 5661 Grece
803 5607 1000 5675 ﬁlium.
1042 5608 1300 5667 Scholion
1327 5612 1573 5669 Graecum
1605 5629 1632 5666 a
1673 5627 1832 5670 manu
1861 5607 2199 5679 recentiore,
2240 5617 2299 5662 ut
2341 5617 2392 5663 ct
2427 5609 2728 5680 sequentia.
