4022 6138
392 182 495 237 τουδ

1540 181 1884 239 TIIEODORI
1915 184 2137 259 MOPSU
2151 178 2393 241 ESTENI

3513 185 3623 243 50$

401 296 593 352 Vetere
624 295 977 351 Testamento
997 304 1114 352 erat
1146 294 1343 350 :Patre
1377 296 1595 365 quidem
1631 298 1958 367 generaliter

2062 300 2151 351 ἐπὶ
2196 302 2291 369 τῆς
2317 297 2557 364 Halani;
2586 260 2669 370 ἦν¹
2700 298 3001 372 Διαθήκης·
3038 299 3238 371 πατρὸς
3289 299 3390 370 μὲν
3422 302 3618 364 κοινῶς

390 382 503 442 Deo
536 387 810 458 appellato
854 386 1137 441 hominum
1168 400 1297 439 cura
1339 385 1458 455 ejus
1498 384 1832 451 fruentium;
1872 387 1958 442 his

390 480 633 536 vicissim
667 479 791 535 filiis
826 476 1134 549 appellatis,
1174 477 1265 547 qui
1296 477 1418 546 plus
1453 477 1660 548 aliquid
1698 478 1960 535 haberent

391 580 617 644 propter
658 571 750 626 Dei
793 568 1242 623 familiaritatem.
1280 566 1384 623 Sed
1433 575 1614 623 tamen
1645 568 1813 624 Deum
1853 568 1957 624 Pa-

390 672 553 728 trem,
586 669 644 715 ut
670 661 784 731 jam
811 660 945 721 dixi,
978 656 1070 714 Dei
1090 656 1237 722 Filii,
1268 667 1322 714 et
1355 658 1553 713 Filimn
1583 658 1750 714 Deum
1780 658 1959 716 Patris

396 753 514 818 Dei,
560 753 768 808 sciebat
820 751 1103 806 hominum
1154 750 1303 805 illius
1353 751 1452 805 aevi
1501 765 1731 820 prorsus
1774 767 1955 807 nemo.

396 844 613 900 Etenim
645 844 813 899 Deum
844 843 1224 898 tantummodo
1257 850 1310 898 et
1338 843 1670 898 creationem
1699 852 1960 898 noverant

392 943 660 1009 quotquot
695 943 823 990 ante
851 934 1054 989 Christi
1090 932 1306 989 Domini
1337 935 1628 989 adventum
1662 949 1844 990 veram
1874 951 1959 989 re-

387 1028 646 1098 llgionem
678 1027 856 1082 edocti
902 1026 1120 1086 fuerant
1154 1043 1169 1080 :
1213 1024 1379 1080 Deum
1414 1024 1631 1096 quidem
1669 1026 1958 1096 sempiter—

392 1132 519 1172 nam
561 1126 921 1187 agnoscentes
973 1114 1331 1171 substantiam
1386 1122 1441 1169 et
1489 1128 1668 1171 rerum
1713 1116 1957 1169 omnium

394 1224 657 1275 causam;
687 1206 844 1278 291
879 1207 1211 1261 creationem
1247 1212 1451 1271 autem,
1498 1215 1558 1259 ut
1592 1205 1829 1261 breviter
1870 1205 1958 1261 di-

391 1313 534 1362 cam,
562 1313 653 1354 res
695 1298 764 1354 ab
793 1300 884 1353 illo
913 1313 979 1352 ex
1027 1295 1199 1351 nihilo
1234 1295 1301 1350 ad
1344 1296 1716 1352 exsistendum
1758 1296 1960 1368 produ-

392 1399 532 1445 ctas.
558 1388 725 1459 idque
755 1389 888 1443 satis
924 1389 1329 1443 demonstratur
1360 1388 1443 1441 vel
1479 1403 1544 1442 ex
1576 1387 1712 1457 ipsis
1742 1395 1960 1458 aposto-

392 1482 481 1545 lis,
514 1481 606 1551 qui
641 1482 695 1535 in
727 1480 941 1534 Domini
970 1478 1228 1543 adventu,
1266 1479 1427 1549 longo
1454 1488 1698 1548 tempore
1733 1495 1857 1535 cum
1893 1495 1959 1536 eo

392 1574 615 1637 versati,
642 1572 921 1627 Christum
953 1571 1173 1642 quidem
1198 1585 1321 1625 eum
1348 1571 1768 1636 confitebantur,
1796 1580 1958 1642 prout

2061 390 2199 443 κατὰ
2229 390 2547 461 κηδεμονίαν
2574 390 2665 443 τοῦ
2691 389 2826 443 Θεοῦ
2857 390 3148 463 λεγομένου
3170 390 3277 443 τῶν
3294 389 3396 459 τῆς
3416 389 3628 445 ἐκεῖθεν

2059 482 2373 551 ἐπιμελείας
2385 480 2714 552 ἀξιουμένων
2728 481 2825 535 ἀνθ
2832 479 3187 552 ρώπων,υίῶν
3198 480 3255 533 δὲ
3270 481 3377 534 τῶν
3391 481 3628 552 ἐχόντων

2057 591 2109 627 τι
2133 571 2291 626 πλέον
2313 572 2450 626 κατὰ
2464 573 2733 629 οίκείωσιν
2759 571 2913 625 Θεοῦ·
2941 572 3161 642 Πατέρα
3179 570 3237 624 δὲ
3262 570 3414 635 Θεὸν,
3431 571 3627 642 ὥσπερ

2057 658 2149 716 οὖν
2172 662 2306 734 ἔφην
2326 663 2448 734 ἤδη,
2474 663 2602 716 Υἱοῦ
2621 662 2777 725 Θεοῦ,
2805 663 2899 716 καὶ
2918 663 3047 716 Υίὸν
3068 662 3197 715 Θεὸν
3226 662 3361 717 Θεοῦ
3386 664 3620 736 Πατρὸς,

2057 756 2323 827 ἠπίστατο
2373 755 2482 808 τῶν
2508 755 2631 808 τότε
2676 754 2929 819 καθάπαξ
2960 754 3135 817 οὐδεὶς
3159 771 3173 786 ’
3219 754 3352 810 Θεὸν
3384 755 3496 826 γὰρ
3528 757 3627 810 καὶ

2059 847 2235 900 κτίσιν
2270 848 2430 917 μόνον
2462 845 2655 917 ᾔδεσαν
2688 848 2743 899 ot
2776 847 2880 916 πρὸ
2915 846 3016 915 τῆς
3059 845 3152 899 τοῦ
3186 847 3454 901 Δεσπότω
3482 849 3625 918 Χρι-

2061 938 2184 993 στοῦ
2216 938 2515 1009 παρουσίας
2531 937 2910 1008 παιδευόμενοι
2929 939 3026 1008 τὴν
3045 937 3343 993 εὐσέϐειαν·
3366 938 3496 992 Θεὸν
3524 939 3627 1008 μὲν

2058 1028 2153 1082 τὸν
2179 1028 2349 1082 ἀίδιον
2381 1028 2741 1100 γνωρίζοντες
2770 1029 2958 1082 οὐσίαν
3012 1029 3106 1082 καὶ
3151 1029 3367 1084 πάντων
3401 1030 3579 1084 αἰτίαν
3607 1046 3625 1061 ο

2055 1115 2236 1173 κτίσιν
2265 1119 2322 1171 δὲ
2361 1116 2538 1176 πάντα
2586 1117 2865 1188 συντόμως
2905 1120 3077 1173 εἰπεῖν
3106 1119 3175 1174 τὰ
3208 1120 3301 1173 ὑπ’
3349 1121 3513 1174 αὐτοῦ
3558 1124 3631 1175 ὲκ

2055 1210 2151 1265 τοῦ
2189 1210 2264 1280 μὴ
2295 1211 2445 1273 ὄντος
2470 1211 2551 1273 είς
2578 1209 2640 1263 τὸ
2670 1208 2809 1262 εἶναι
2842 1209 3269 1281 παρεληλυθότα.
3290 1212 3400 1266 Καὶ⁸
3432 1211 3627 1265 τούτου

2058 1317 2122 1369 γε
2152 1299 2422 1365 ἀπόδειξις
2452 1300 2731 1370 αὐτάρκης
2755 1300 2820 1353 ὲκ
2847 1299 2957 1352 τῶν
2990 1300 3276 1373 μακαρίων
3308 1301 3627 1355 ἀποστόλων

2057 1389 2268 1456 γένοιτο
2295 1386 2383 1449 ἂν.
2418 1387 2469 1441 οἳ
2501 1387 2593 1440 ἐπὶ
2633 1386 2733 1456 τῆς
2764 1385 2860 1440 τοῦ
2894 1387 3164 1441 Δεσπότου
3200 1388 3502 1459 παρουσίας
3530 1389 3630 1442 ἐπὶ

2063 1472 2258 1544 μακρῷ
2293 1473 2372 1544 τῷ
2401 1473 2577 1545 χρόνῳ
2622 1475 3011 1542 συγγεγονότες
3055 1476 3225 1546 αὐτῷ,
3257 1477 3491 1548 Χριστὸν
3525 1477 3631 1546 μὲν

2058 1564 2221 1619 αὑτὸν
2240 1565 2570 1635 ὡμολόγουν,
2592 1565 2890 1633 ἐγνωκότες
2913 1565 3002 1621 διὰ
3027 1567 3228 1637 πολλῆς
3247 1567 3593 1633 διδασκαλίας
3610 1584 3629 1600 ⁸

390 1678 456 1717 ex
486 1662 656 1716 multo
696 1660 1012 1732 magisterio
1057 1658 1392 1725 didicerant;
1437 1658 1634 1714 Filium
1668 1671 1866 1727 tamen,
1898 1675 1959 1715 ea

2066 1655 2199 1707 Υίὸν
2244 1655 2301 1709 δὲ
2320 1697 2335 1721 ,
2367 1654 2490 1709 καθ’
2519 1654 2577 1708 ὃν
2605 1654 2741 1726 ἔφην
2769 1655 2946 1724 λόγον,
2981 1656 3116 1710 Θεοῦ
3146 1659 3246 1711 οὐκ
3288 1658 3587 1727 ἡπίσταντο
3610 1674 3629 1688 °

391 1767 500 1822 qua
539 1751 654 1806 dixi
697 1752 930 1811 ratione.
977 1748 1073 1803 Dei
1103 1763 1225 1804 esse
1272 1749 1588 1804 nesciebant
1620 1771 1632 1805 :
1665 1750 1772 1805 nisi
1815 1750 1958 1821 quod

393 1844 739 1917 peculiariter
761 1842 853 1898 Dei
880 1840 1075 1895 Filium
1102 1840 1353 1895 dicebant
1379 1840 1960 1911 Christum,antiquio-

392 1951 512 1989 rum
555 1950 707 1989 more
769 1939 1084 1987 sanctorum
1132 1939 1294 2000 atque
1331 1932 1624 2000 justorum.
1664 1929 1801 1986 Hinc
1832 1930 1963 1986 Phi-

392 2021 576 2090 lippus
626 2019 857 2074 Domino
897 2019 1077 2073 aiebat
1122 2037 1134 2073 :
1189 2037 1208 2069 ι
1262 2016 1496 2073 Ostende
1537 2020 1695 2077 nobis
1745 2019 1958 2076 Patrem

394 2120 573 2174 tuum,
601 2121 654 2166 et
686 2109 883 2166 sufﬁcit
921 2110 1080 2164 nobis
1102 2110 1185 2176 “;
1229 2130 1247 2162 ι
1293 2110 1438 2181 quod
1469 2126 1750 2180 nunquam
1790 2111 1961 2167 (lixis-

396 2209 499 2267 set,
531 2201 575 2258 si
606 2202 827 2273 quinam
848 2211 992 2257 esset
1014 2198 1206 2266 Filius,
1238 2202 1459 2272 quinam
1483 2204 1609 2258 item
1642 2202 1823 2270 Pater,
1854 2206 1961 2260 sci-

398 2292 593 2346 visset.
630 2291 848 2361 Alioqui
882 2292 1040 2366 plane
1067 2303 1294 2348 noverat
1319 2293 1649 2348 invisibilem
1676 2308 1798 2350 esse
1824 2294 1961 2349 divi-

393 2397 520 2437 nam
548 2392 817 2438 naturam.
865 2381 1020 2438 Unde
1046 2390 1099 2436 et
1138 2382 1400 2439 Dominus
1426 2384 1501 2437 illi
1532 2385 1706 2440 dixit:
1736 2404 1754 2437 ‹
1787 2384 1961 2441 Tanto

394 2487 635 2546 tempore
668 2475 945 2531 vobiscum
977 2492 1121 2540 sum,
1155 2483 1208 2530 et
1233 2490 1342 2529 non
1373 2476 1674 2547 cognovisti
1702 2492 1806 2543 me,
1834 2477 1961 2531 Phi-

390 2567 535 2637 lippe
560 2567 604 2599 “
631 2585 645 2621 :
677 2587 696 2618 1
722 2565 1034 2632 ostendens,
1057 2566 1202 2635 quod
1237 2582 1305 2622 ne
1334 2566 1510 2636 ipsum
1545 2565 1761 2635 quidem
1793 2582 1956 2638 agno-

392 2668 587 2719 sceret,
630 2674 791 2728 quem
825 2657 968 2719 scire
1002 2659 1262 2730 putabat:
1305 2658 1532 2728 ideoque
1566 2658 1779 2712 Patrem
1821 2674 1959 2728 quo-

390 2765 500 2820 que
546 2750 726 2805 videre
774 2749 1043 2820 postulat,
1096 2749 1491 2818 impossibilem
1546 2764 1658 2803 rem
1711 2749 1958 2818 cupiens.

393 2841 590 2897 Subdit
615 2856 746 2911 ergo
772 2842 1034 2897 Dominus
1060 2859 1074 2895 :
1116 2861 1134 2894 ι
1164 2841 1267 2908 Qui
1293 2840 1437 2896 videt
1467 2856 1572 2905 me,
1606 2841 1753 2895 videt
1780 2851 1832 2897 et
1856 2841 1959 2895 Pa-

392 2943 532 2987 trem
573 2948 754 2987 mcum
777 2934 865 2987 δας
911 2953 928 2986 ι
965 2933 1260 2989 ostendens
1300 2948 1378 3000 se,
1417 2934 1483 2986 ad
1514 2931 1768 2987 deitatem
1814 2935 1957 3004 quod

2061 1744 2198 1816 πλὴν
2224 1747 2346 1799 ὅσον
2373 1745 2514 1800 κατὰ
2555 1746 2828 1799 οίκείωσιν
2857 1746 3041 1815 ἔλεγον
3073 1745 3207 1801 Θεοῦ
3238 1748 3350 1801 υἱὸν
3383 1748 3471 1802 τὸν
3491 1750 3633 1820 Χρι-

2061 1837 2184 1891 στὸν
2234 1836 2374 1890 κατὰ
2408 1836 2468 1890 τὸ
2511 1836 2618 1891 τῶν
2648 1836 2880 1908 πρόσθεν
2929 1836 3049 1901 ἔθος
3091 1838 3260 1904 ἁγίων
3300 1856 3360 1890 τε
3405 1840 3499 1893 καὶ
3544 1840 3629 1892 δι-

2059 1926 2229 1979 καίων
2282 1926 2416 1994 (61).
2493 1923 2772 1979 Ἐντεῦθεν
2805 1926 2833 1977 ό
2864 1924 3127 1989 Φίλιππος
3171 1926 3317 1994 λέγει
3357 1927 3491 1998 πρὸς
3535 1925 3633 1980 τὸν

2058 2016 2259 2087 Κύριον
2285 2015 2524 2081 ·(Δεῖξον
2559 2018 2692 2089 ἡμῖν
2734 2018 2824 2071 τὸν
2873 2018 3092 2091 Πατέρα
3134 2035 3250 2083 σου,
3304 2019 3400 2071 καὶ
3463 2018 3637 2086 ἀρκεῖ

2057 2110 2187 2178 ἡμῖν
2207 2102 2361 2157 ἰοὺκ
2382 2109 2446 2163 ἄν
2477 2125 2538 2177 γε
2567 2108 2725 2162 τοῦτο
2751 2108 2920 2162 εἰπὼν
2966 2110 3016 2162 εί
3046 2109 3340 2182 ἠπίστατο,
3370 2110 3452 2173 τίς
3479 2111 3578 2181 μὲν
3599 2113 3637 2164 ὁ

2060 2199 2206 2263 Υίὸς,
2236 2200 2319 2262 τίς
2346 2198 2402 2251 δὲ
2430 2201 2458 2251 ὁ
2485 2199 2671 2271 Πατήρ
2697 2217 2708 2230 ·
2747 2199 3013 2270 ⁴Ιγπίστατο
3056 2200 3164 2272 γὰρ
3204 2201 3437 2266 πάντως,
3466 2201 3542 2264 ὡς
3569 2201 3635 2253 δὲ

2058 2284 2283 2343 ἀθέατον
2327 2292 2359 2360 ἡ
2402 2290 2521 2344 θεία
2564 2290 2752 2360 φύσις·
2785 2292 2861 2362 (p.
2893 2292 3021 2359 441)
3068 2292 3189 2346 ὅθεν
3223 2295 3318 2348 καὶ
3364 2296 3393 2347 ὁ
3421 2294 3636 2364 Κύριος

2060 2381 2209 2449 λέγει
2239 2381 2375 2449 πρὸς
2400 2379 2587 2435 αὐτόν·
2619 2401 2635 2433 ι
2667 2381 2932 2436 Τοσοῦτον
2957 2385 3143 2455 χρόνον
3169 2384 3284 2456 μεθ’
3316 2384 3465 2456 ὑμῶν
3487 2386 3632 2454 sitit,

2061 2475 2154 2527 καὶ
2178 2473 2277 2525 οὐκ
2310 2471 2554 2541 ἔγνωκάς
2583 2490 2649 2544 με
2671 2514 2686 2537 ,
2719 2474 2983 2542 Φίλιππε;
3008 2473 3243 2538 »δεικνὺς
3266 2476 3347 2530 ὅτι
3372 2476 3493 2530 οὐδὲ
3523 2479 3633 2530 αῦ-

2058 2564 2148 2616 τὸν
2180 2562 2463 2632 ἠπίστατο,
2498 2561 2558 2616 ὃν
2583 2564 2778 2619 εἰδέναι
2807 2563 2964 2635 ᾤετο.
2992 2566 3105 2619 Καὶ
3130 2566 3320 2621 τούτου
3352 2585 3415 2637 γε
3442 2568 3637 2623 ἕνεκεν

2062 2653 2277 2709 καὶτὸν
2319 2653 2537 2725 Πατέρα
2571 2654 2700 2708 ἰδεῖν
2751 2656 2932 2721 αἰτεῖ,
2980 2658 3305 2728 πράγματος
3347 2660 3640 2728 ἐφιέμενος

2060 2743 2320 2797 ἀδυνάτου
2353 2759 2367 2775 ·
2399 2744 2595 2813 ἐπάγει
2622 2745 2752 2814 γοῦν
2774 2763 2786 2777 ·
2820 2765 2839 2798 ι
2888 2749 2947 2802 '0
2982 2748 3241 2819 ἑωρακὼς
3268 2751 3386 2820 ἐμὲ.
3418 2750 3640 2821 ἑώρακε

2060 2835 2151 2887 τὸν
2193 2834 2439 2907 Πατέρςν
2489 2856 2509 2888 1
2546 2836 2754 2902 δεικνὺς
2790 2839 2869 2892 ὅτι
2907 2838 3045 2893 κατὰ
3071 2840 3169 2909 τὴν
3198 2840 3424 2911 θεότητα
3466 2840 3637 2895 τοῦτὸ

2062 2927 2209 2979 ἐστιν
2241 2927 2377 2997 ὅπερ
2419 2929 2447 2980 ὁ
2492 2927 2716 3000 Πατὴρ,
2767 2928 2992 2994 ἀθέατος
3031 2930 3230 2996 ὁμοίως
3279 2932 3504 3002 ἐκείνῳ,
3537 2934 3642 2986 καὶ

393 3023 607 3089 attinet,
635 3023 884 3080 eumdem
914 3038 1037 3079 esse
1065 3038 1129 3077 ac
1171 3022 1408 3090 Patrem,
1458 3023 1783 3079 invisibilem
1812 3024 1959 3096 pari-

2069 3017 2191 3086 ῦψις
2219 3018 2359 3090 αὑτὴ
2390 3018 2595 3073 ἐκείνου
2627 3022 2660 3092 ἢ
2684 3021 2776 3074 καὶ
2801 3020 3013 3077 τούτου.
3049 3022 3158 3075 Καὶ
3185 3021 3417 3093 ἑτέρωθι
3445 3022 3500 3075 δὲ
3532 3039 3642 3076 σα-

392 3120 480 3165 ter
514 3128 527 3164 :
568 3110 934 3180 eamdemque
962 3125 1083 3165 esse
1108 3111 1393 3180 utriusque
1415 3121 1789 3181 conspectum.
1818 3114 1959 3169 Alibi

396 3212 523 3254 vero
551 3197 895 3254 manifestius
920 3199 1059 3253 dixit
1090 3199 1197 3254 illis
1225 3197 1488 3255 Dominus
1514 3218 1528 3255 :
1558 3219 1576 3252 ι
1610 3199 1733 3255 Haec
1760 3203 1815 3255 in
1836 3216 1961 3271 pro—

394 3291 599 3347 verbiis
624 3292 837 3345 locutus
867 3306 987 3346 sum
1013 3290 1199 3358 vobis;
1228 3290 1322 3346 sed
1354 3291 1496 3346 venit
1531 3292 1665 3347 hora
1695 3306 1818 3346 cum
1847 3294 1960 3362 jam

393 3399 503 3445 non
521 3384 573 3438 in
593 3382 900 3456 proverbiis
924 3383 1114 3452 loquar
1130 3382 1304 3446 vobis,
1322 3382 1417 3438 sed
1434 3390 1619 3453 aperte
1644 3383 1854 3439 Patrem
1874 3400 1965 3440 vo-

392 3473 478 3530 bis
498 3472 830 3531 annuntiaho
849 3474 893 3504 ‘7
916 3493 928 3526 :
953 3492 971 3525 1
995 3473 1306 3545 signiﬁcans
1322 3472 1464 3549 quod
1490 3482 1745 3543 tanquam
1765 3475 1817 3529 in
1830 3477 1962 3530 teni.

392 3574 567 3636 gmate
581 3564 758 3621 Patris
770 3565 1089 3620 vocabulum
1110 3564 1416 3627 audierant,
1433 3563 1501 3620 de
1516 3574 1709 3620 natura
1724 3564 1979 3641 humana

395 3634 694 3710 secundum
739 3655 983 3714 eamdem
1019 3656 1340 3709 relationem
1387 3654 1439 3709 id
1478 3654 1876 3725 intelligentes;
1907 3634 1962 3709 ii

399 3754 586 3814 postea
616 3759 805 3799 verum
847 3744 940 3799 Dei
975 3742 1173 3799 Filium
1203 3742 1364 3821 292
1399 3745 1682 3814 agnituros
1705 3743 1872 3799 Deum
1896 3760 1962 3804 ex

402 3836 534 3903 Deo,
569 3835 1004 3895 substantialiter
1033 3851 1098 3892 ex
1131 3837 1252 3907 ipso
1285 3836 1659 3901 exsisteutem,
1692 3834 1964 3893 eamdem-

2070 3108 2332 3183 φέστερον
2370 3110 2511 3180 πρὸς
2547 3110 2743 3174 αὐτοὺς
2777 3114 2806 3163 ὁ
2839 3111 3043 3184 Κύριος
3082 3111 3230 3180 λέγει
3252 3129 3265 3143 ο
3305 3129 3325 3162 ι
3360 3112 3544 3167 Ταῦτα
3574 3115 3644 3166 ἐν

2071 3201 2389 3271 παροιμίαις
2411 3200 2678 3271 λελάληκα
2699 3202 2846 3272 ὑμῖν,
2870 3203 2984 3255 ἀλλ’
3009 3202 3227 3274 ἔρχεται
3258 3203 3377 3276 ὥρα
3404 3205 3491 3258 ὅτε
3511 3206 3647 3259 οὒκ-

2070 3288 2151 3342 έτι
2203 3291 2259 3342 ἐν
2304 3290 2623 3361 παροιμίαις
2672 3290 2888 3362 λαλήσω
2937 3292 3104 3362 ὑμῖν,
3164 3293 3300 3348 ἀλλὰ
3353 3296 3645 3367 παρρησίᾳ

2070 3380 2309 3452 περὶτοῦ
2334 3382 2543 3453 Πατρὸς
2576 3383 2872 3452 ἀπαγγελῶ
2891 3384 3020 3454 ὑμῖν
3039 3402 3052 3416 ·
3080 3405 3100 3438 ι
3131 3385 3345 3449 δεικνὺς
3369 3386 3448 3440 ὅτι
3475 3386 3550 3450 ὡς
3576 3389 3646 3440 ἐν

2070 3472 2351 3543 αἰνίγματι
2396 3473 2494 3544 τὴν
2540 3472 2633 3527 τοῦ
2678 3475 2890 3547 Πατρὸς
2929 3476 3124 3546 ἢκουον
3170 3477 3373 3548 φωνὴν.
3414 3480 3506 3532 ἐπὶ.
3535 3480 3644 3549 τῆς

2070 3564 2413 3635 ἀνθρωπείας
2442 3563 2657 3633 φύσεως
2690 3566 2831 3620 κατὰ
2858 3568 3039 3637 σχέσιν
3065 3568 3235 3639 αὐτὴν
3267 3569 3647 3641 ἐκλαμϐάνον-

2071 3674 2179 3720 τες.
2215 3656 2513 3725 γνώσονται
2546 3658 2601 3711 δὲ
2629 3658 2841 3729 ἀληθῶς
2870 3660 2997 3713 Υίὸν
3018 3661 3094 3714 ὅτ’
3125 3661 3191 3715 ἂν
3219 3662 3387 3730 γνῶσι
3418 3661 3548 3716 Θεὸν
3571 3665 3646 3716 ὲκ

2069 3747 2205 3801 Θεοῦ
2234 3751 2353 3805 κατ’
2382 3748 2569 3803 οὐσίαν
2605 3750 2733 3802 ὄντα
2768 3750 2824 3816 ἐξ
2856 3750 3019 3804 αὐτοῦ
3042 3790 3055 3813 .
3086 3752 3178 3805 καὶ
3203 3752 3360 3806 τοῦτο
3381 3753 3507 3806 ὄντα
3535 3753 3645 3824 τὴν

2073 3839 2258 3895 οὐσίαν
2284 3840 2419 3911 ὅπερ
2445 3841 2667 3903 ἐκεῖνος.
2707 3841 2769 3894 Ei
2794 3840 2850 3895 δὲ
2878 3843 2927 3894 οἱ
2960 3841 3235 3913 προφῆται
3258 3846 3350 3897 καὶ
3379 3846 3430 3897 ot
3463 3845 3647 3917 πρόσ-

463 3998 513 4030 “
548 3950 704 4054 Joan:
759 4014 867 4065 xlv,
908 3999 962 4054 8.
1037 3996 1081 4031 “
1114 3997 1249 4052 Ibid.
1280 3999 1333 4053 9.
1410 4000 1456 4030 “
1494 3999 1632 4054 Ibid.
1707 3998 1749 4029 δ’
1785 3996 1941 4054 Joan.
1983 4012 2092 4063 xvt,
2128 3996 2219 4053 25.

393 4156 516 4210 nem
560 4140 706 4210 inter
744 4154 839 4195 cos
883 4147 1135 4196 auctores
1171 4142 1261 4210 qui
1312 4157 1376 4196 ex
1428 4140 1548 4196 Vet.
1595 4141 1944 4197 Testamento
2050 4143 2119 4196 sit
2176 4147 2712 4210 per_sacram_entun_t
2761 4141 3169 4209 regenerationis
3234 4142 3291 4194 in

3339 4140 3479 4207 ﬁlios
3540 4139 3645 4195 Dei

396 4208 517 4282 Filii
541 4208 879 4282 divinitatem
904 4207 1275 4282 aStruseru'nt.
1299 4210 1418 4265 lam
1444 4227 1692 4282 praesens
1709 4212 1944 4282 invectio
2051 4207 2198 4282 nasci
2218 4212 2242 4264 ?
2266 4207 2324 4263 Si
2358 4208 2642 4282 secundum
2683 4207 2833 4263 hanc
2866 4211 3304 4282 nuncupationem
3335 4208 3511 4282 Filius
3538 4209 3646 4264 Dei

396 4279 630 4351 fortasse
665 4279 1017 4351 iit_adversus
1064 4279 1489 4351 Hieronymum,
1521 4282 1616 4351 qui
1661 4280 1942 4335 Christum

2057 4281 2306 4335 Christus
2352 4290 2450 4340 est,
2497 4279 2927 4360 interrogqquid
2967 4279 3109 4360 illud
3155 4281 3245 4360 sit,
3276 4280 3423 4360 quod
3478 4278 3643 4360 Petra

397 4347 681 4421 Dominum
717 4347 822 4421 hoc
856 4347 977 4403 loco
1008 4347 1285 4421 agnoscit;
1329 4350 1388 4403 Et
1423 4347 1641 4421 quidem
1674 4364 1952 4421 oppugna-
1986 4351 2031 4407 D
2066 4369 2082 4400 ι
2121 4367 2223 4403 non
2258 4366 2381 4402 caro
2410 4364 2568 4421 negue
2599 4347 2823 4421 sanguis
2844 4349 3107 4421 revetavit,
3138 4349 3248 4421 _s_ed_
3269 4349 3428 4421 Pater
3452 4351 3549 4421 qui
3582 4351 3641 4405 in

394 4425 509 4492 tum
548 4415 716 4472 fuisse
737 4416 846 4492 a|_io
875 4415 1089 4492 Opere}:
1122 4415 1503 4492 Mopsuesteno
1536 4415 1950 4492 Hieronvm'um,

394 4489 739 4541 demonstrat
762 4485 1007 4545 Cavaéus.
1034 4485 1354 4558 Quanquam
1386 4491 1430 4545 si
1463 4486 1701 4544 fortasse
1732 4485 1953 4543 nonnisi

395 4563 891 4630 Graecosaue‘tores
918 4558 1129 4627 legebat
1150 4560 1244 4630 _hi_c
1274 4568 1481 4630 noster,
1509 4560 1808 4630 respiciab
1838 4561 1956 4630 ipso

395 4636 527 4697 puto
556 4627 637 4679 vel
686 4625 1034 4707 Hippolytum
1082 4628 1162 4680 vel
1193 4627 1482 4707 Grigenem
1518 4625 1954 4707 vel'_Didymt{ttt,

396 4694 539 4768 quos
569 4695 811 4763 appellat
846 4694 1316 4768 Hieronymusin'
1341 4697 1496 4768 praef.
1540 4697 1623 4768 ad
1659 4694 1821 4751 Zarh.
1854 4696 1957 4768 De:

395 4766 566 4839 alique
607 4780 716 4839 npn
747 4774 833 4819 est
869 4765 1364 4839 dissimulandum,
1406 4768 1511 4839 abs
1535 4767 1865 4839 Hieronymo
1891 4767 1955 4839 ad

396 4833 531 4907 Dan.
558 4833 725 4907 χλι.
750 4849 849 4907 sit,
874 4834 927 4907 fl,
953 4834 1391 4907 nonChristum,
1419 4833 1787 4907 seg‘angeluiu
1818 4838 1957 4905 apud

403 4903 723 4977 Zachariam
757 4902 1010 4973 intelligi,
1042 4906 1375 4977 sicut‘etiam
1401 4919 1437 4977 ‘a
1471 4902 1956 4977 Theo'doretofqui

397 4974 780 5044 Mopsuesteno
809 4984 1001 5027 nostro
1028 4975 1167 5029 solet
1201 4973 1569 5029 subscribere.

467 5041 576 5114 (Bt)
606 5041 993 5114 Mopsuestenir
1021 5044 1394 5114 interpretatio
1435 5057 1548 5099 [nec
1587 5059 1692 5099 non
1733 5054 1816 5097 est
1867 5045 1959 5098 ad-

397 5112 656 5166 mittenda
680 5114 732 5165 in
764 5112 1106 5169 confessione
1134 5122 1277 5168 certe
1304 5112 1447 5170 Petri
1475 5134 1486 5168 :
1529 5114 1603 5169 Tu
1642 5132 1693 5169 es
1724 5113 1963 5169 Christus

408 5178 577 5234 Filius
607 5182 702 5235 Dei
731 5185 849 5246 vivi,
901 5198 1008 5239 etc.
1059 5182 1267 5237 Etenim
1301 5182 1359 5237 S.
1408 5183 1647 5239 Hilarius
1692 5184 1770 5238 De
1810 5184 1960 5239 Trin.

401 5265 477 5324 vi,
513 5250 785 5324 36iNon
829 5264 930 5324 est,
984 5254 1192 5323 inquit,
1241 5254 1538 5324 evangelica
1582 5267 1630 5309 et
1676 5255 1965 5322 apostolica

397 5318 547 5394 fides.
582 5318 781 5394 Filium
825 5322 919 5377 Dei
959 5318 1167 5394 nomine
1203 5318 1392 5392 potius'
1408 5341 1564 5394 quam
1608 5318 1799 5378 natura
1850 5342 1963 5378 cre-

394 5385 625 5463 didisses
662 5389 719 5443 Si
754 5395 907 5463 enim
955 5385 1232 5463 adoptione
1274 5394 1385 5448 11αέ
1420 5385 1749 5463 nuncupatio
1789 5405 1885 5458 est,
1915 5405 1965 5448 et

397 5470 500 5533 non
522 5454 716 5533 idcirco
744 5457 914 5533 Filius
940 5472 1037 5533 est,
1056 5454 1181 5531 quia
1209 5465 1393 5517 exierit
1416 5481 1445 5516 a
1471 5464 1575 5517 Deo
1592 5454 1808 5533 {quer
1830 5454 1967 5533 unde

398 5520 1079 5604 beatu1§imomliarjoaa
1112 5545 1189 5604 est
1246 5533 1553 5601 confessus:
1592 5520 1671 5587 Τίι
1720 5550 1773 5587 es
1809 5532 1965 5589 Clui-

396 5600 509 5646 stus
545 5592 717 5649 Filius
775 5594 863 5646 Dei
907 5592 1041 5652 rivi?
1089 5603 1231 5654 Anne
1288 5592 1403 5654 ru'm
1453 5605 1689 5657 omnibus
1734 5615 1963 5670 potestas

2061 4421 2205 4472 cretis
2239 4421 2356 4475 est?
2393 4438 2411 4468 ι
2447 4416 2717 4472 Generalis
2761 4418 3017 4485 professio
3059 4418 3183 4487 quid
3229 4417 3380 4471 habet
3422 4416 3645 4477 meriti?

2059 4500 2148 4560 aut
2172 4506 2287 4560 qna:
2305 4488 2743 4560 prevetutiunisqest
2763 4487 2936 4557 gloria
2959 4489 3011 4560 in
3039 4487 3249 4560 publica
3276 4488 3598 4560 conscientia
3618 4493 3647 4530 ⁷

2060 4558 2121 4613 Si
2150 4555 2214 4612 ea:
2244 4558 2520 4626 adoptione
2550 4556 2726 4626 Filius
2756 4555 2854 4616 est,
2892 4555 3045 4610 unde
3068 4557 3178 4610 Iure
3210 4559 3263 4610 in
3296 4555 3452 4611 Petro
3483 4556 3641 4612 beata

2059 4629 2317 4698 confessio
2342 4622 2574 4698 est,__ltac
2601 4622 2744 4698 ilio
2780 4626 3037 4694 deferenli
3084 4627 3221 4698 quod
3255 4636 3329 4698 est
3365 4642 3643 4682 commune

2060 4694 2360 4752 sanctorum
2381 4700 2406 4752 ?
2442 4694 2595 4750 Ultra
2625 4697 2911 4750 humanam
2946 4694 3120 4751 autent
3148 4695 3548 4764 intelligentiam
3583 4714 3643 4752 se

2060 4768 2189 4837 ﬁdes
2227 4766 2515 4837 apostolica
2565 4765 2871 4837 protendit.
2902 4765 3084 4833 Pergit
3129 4766 3236 4837 alia
3288 4766 3485 4837 ibidem
3525 4780 3643 4820 cu-

2061 4834 2268 4891 mulare
2299 4834 2707 4904 Hilarius,un
2733 4836 2965 4891 breviter
2990 4836 3076 4891 hic
3111 4834 3325 4889 recitari
3368 4850 3474 4889 non
3510 4850 3640 4904 pos—

2062 4916 2209 4960 sunt.
2255 4906 2532 4975 Consonat
2598 4903 2781 4975 autem
2840 4905 3263 4975 llilario_altera
3321 4903 3639 4975 dogmatum

2062 4976 2211 5030 basis
2260 4974 2318 5029 S.
2373 4976 2703 5030 Athanasius
2730 4974 2828 5044 iDe
2870 4985 3003 5031 sent.
3048 4973 3316 5044 Dionysii.
3358 4973 3525 5044 nl_8,
3570 4984 3643 5044 et

2064 5045 2261 5101 Contra
2288 5044 2517 5099 Arianae
2551 5053 2692 5099 orat.
2727 5043 2792 5110 11,
2833 5061 2889 5100 n.
2931 5045 3016 5101 18.
3050 5043 3140 5107 62,
3170 5040 3225 5097 εἰ
3252 5043 3399 5097 alibi.
3435 5040 3525 5098 Sic
3549 5042 3644 5098 de.

2064 5118 2225 5185 nique
2259 5112 2401 5168 Petri
2442 5116 2605 5170 verba
2629 5115 2695 5169 de
2732 5112 3137 5185 naturaliFilio
3182 5111 3276 5167 Dei
3305 5110 3641 5185 Christoqdi-

2065 5181 2154 5240 cla
2193 5185 2574 5239 intellexerunt
2612 5192 2910 5240 summates
2938 5184 3026 5237 alii
3063 5183 3249 5237 Patres
3291 5181 3639 5249 Ambrosius,

2065 5255 2427 5325 Augustinus,
2452 5252 2721 5325 Cyl-illus,
2753 5252 3198 5325 Chrysostomus,
3233 5267 3372 5320 quos
3415 5249 3644 5325 Tirinus

2067 5321 2331 5379 meinorat
2361 5323 2428 5377 ad
2455 5321 2650 5377 Matth.
2684 5339 2794 5385 xvi,
2840 5321 2926 5377 16.
2970 5321 3078 5378 Nos
3122 5322 3286 5392 igitur
3326 5322 3646 5392 necessario

2067 5397 2208 5449 hanc
2255 5394 2502 5448 critic-am
2569 5393 2971 5448 adnotationem
3037 5390 3341 5447 faciendam
3380 5390 3647 5460 judicavi-

2069 5480 2221 5533 mus,
2259 5464 2559 5533 praesertim
2590 5465 2715 5533 quia
2756 5462 2978 5517 Grzecus
3024 5461 3369 5533 scholiiastes,
3398 5461 3489 5533 qui
3533 5461 3643 5533 alia

2071 5536 2121 5587 in
2178 5530 2557 5601 Mopsuesteuo
2601 5530 2823 5599 notavit,
2870 5533 3002 5589 nihil
3052 5532 3155 5585 hoc
3194 5532 3248 5585 in
3307 5530 3429 5585 loco
3464 5530 3643 5586 anim—

2071 5600 2320 5657 advertit.
3144 5600 3155 5611 ‘
