4022 6138
531 259 637 315 507

1696 253 2049 313 THEODORI
2073 255 2302 315 MOPSU
2313 256 2557 314 ESTENI

3663 306 3665 308 .
3677 253 3779 309 508

528 372 938 440 convenientia,
969 386 1078 427 non
1110 370 1255 443 quod
1289 371 1395 428 sibi
1418 371 1564 428 dicta
1588 372 1681 427 illa
1704 375 1969 444 tribuant,
2002 379 2097 435 sed

2212 380 2415 447 λέγουσι
2460 377 2539 449 τῷ
2583 375 2721 447 Θεῷ,
2767 376 2865 446 οὐχ
2906 374 3117 436 ἑαυτοῖς
3147 369 3481 442 λογιζόμενοι
3526 369 3592 424 τὰ
3632 370 3781 439 λεγό-

531 462 646 520 Deo
675 479 894 519 causam
933 478 1120 518 eorum
1183 462 1533 532 imputantes.
1569 465 1746 535 Atque
1789 468 1892 524 hoc
1919 471 2104 525 statim

533 571 602 610 ex
634 562 900 625 praesente
944 553 1206 624 preplteta
1257 553 1532 624 quispiam
1579 565 1902 627 cognoscet.
1969 559 2104 614 Nam

535 655 822 718 postquam
847 646 924 699 ait
951 663 965 700 :
1001 663 1020 697 ι
1051 643 1292 700 Verbum
1321 645 1535 701 Domini
1566 646 1770 703 factum
1795 660 1880 704 est
1908 650 1977 705 ad
2012 651 2108 706 Za-

535 738 800 804 chariam,
832 736 1042 802 dicens,
1085 755 1105 790 ι
1140 736 1349 792 addidit
1381 755 1394 792 :
1437 756 1457 790 ι
1503 737 1683 794 Iratus
1713 746 1800 794 est
1838 739 2106 799 Dominus

537 826 824 880 adversum
850 833 1031 896 patres
1052 835 1265 881 vestros
1288 827 1369 880 ira
1388 840 1612 896 magna.
1643 847 1663 880 ι
1689 827 1852 898 Atqui
1876 844 2109 886 consen-

535 924 757 970 taneum
807 926 926 973 erat
961 916 1184 973 dicere:
1213 915 1442 971 Factum
1494 926 1581 973 est
1630 917 1857 973 verbum
1892 919 2106 976 Domini

536 1008 724 1064 dicens
775 1030 786 1063 ε
819 1008 996 1064 Iratus
1031 1023 1154 1064 sum
1203 1009 1493 1064 adversum
1528 1014 1711 1078 patres
1739 1017 1979 1076 vestros;
2040 1027 2110 1067 ne

533 1098 699 1153 verba
732 1097 946 1153 Domini
981 1099 1049 1153 ad
1082 1096 1398 1168 prophetam
1432 1096 1597 1162 facta,
1640 1098 1708 1153 de
1739 1100 1847 1154 alio
1869 1101 2106 1169 quodam

533 1188 851 1244 viderentur
865 1187 1088 1243 domino
1119 1189 1301 1244 dicere
1335 1194 1596 1258 tanquam
1623 1189 1785 1243 irato.
1820 1189 1927 1245 Sed
1961 1191 2106 1246 enim

534 1285 706 1349 patet.
735 1279 880 1348 quod
909 1293 1032 1332 cum
1065 1278 1260 1342 dictio,
1297 1295 1316 1328 ι
1360 1276 1585 1332 Factum
1620 1288 1703 1336 est
1739 1280 1966 1335 verbum
1998 1278 2108 1333 Do-

535 1369 730 1431 mini,»
758 1370 1085 1424 revelantem
1136 1369 1427 1439 signiﬁcet,
1459 1369 1610 1424 addit
1632 1385 1757 1424 mox
1784 1371 1950 1426 verba
1978 1385 2109 1440 pro—

537 1461 698 1530 pheta
733 1476 853 1531 quae
881 1460 1025 1516 Deus
1048 1461 1164 1531 ipse
1196 1462 1412 1517 locutus
1459 1469 1585 1525 est;
1613 1477 1791 1532 neque
1825 1476 1924 1518 sua
1955 1463 2107 1527 dicit,

539 1547 634 1604 sed
666 1563 785 1617 quae
810 1547 953 1603 Deus
985 1549 1384 1618 pronuntiavit,
1434 1549 1681 1620 exponit.
1713 1547 1917 1605 Eodem
1950 1549 2111 1619 plane

536 1641 700 1693 modo
730 1645 782 1693 et
807 1653 930 1693 cum
959 1638 1208 1710 angelum
1225 1638 1383 1704 dixit,
1410 1639 1607 1696 deinde
1630 1641 1792 1696 etiam
1817 1640 2108 1696 Dominum

535 1729 700 1802 294
727 1731 993 1798 nominat,
1023 1731 1200 1800 angeli
1230 1730 1452 1800 quidem
1487 1732 1757 1787 vocabulo
1797 1732 2108 1790 ministrum
2141 1719 2181 1775 Β

534 1819 789 1880 denotat;
831 1819 1046 1873 Domini
1079 1818 1371 1887 vocabulo,
1407 1820 1557 1874 illum
1589 1822 1685 1891 qui
1738 1836 1837 1892 per
1887 1823 2110 1895 angelos

537 1909 629 1965 illa
680 1908 795 1964 ﬁeri
834 1908 1129 1964 mandavit.
1187 1908 1292 1966 Sed
1318 1917 1373 1964 et
1423 1911 1556 1966 illud
1611 1912 1957 1983 exploratum
1999 1921 2107 1979 est,

537 2003 759 2074 angelos
784 2001 1072 2057 visibiliter
1123 2001 1434 2059 hominibus
1470 2012 1823 2074 apparentes,
1880 2021 2007 2063 cum
2052 2008 2110 2064 id

537 2092 650 2147 Deo
705 2093 990 2162 placuerit,
1020 2095 1316 2148 humanam
1375 2093 1608 2150 formam
1653 2096 1855 2152 imitari
1913 2099 2108 2165 solere,

536 2199 659 2254 quae
678 2198 917 2254 congrua
949 2193 1036 2241 est
1057 2186 1408 2243 cernentibus
1445 2195 1500 2242 ct
1528 2189 1913 2246 revelationem
1959 2192 2110 2247 exci-

535 2273 828 2344 pientibus.
865 2273 1040 2344 Atque
1057 2274 1162 2330 hoc
1191 2290 1257 2330 ex
1315 2275 1466 2331 Novo
1494 2292 1712 2348 quoque
1761 2280 2111 2337 Testamento

537 2365 856 2421 condiscere
883 2365 1156 2436 quispiam
1187 2374 1385 2438 potest.
1414 2367 1627 2424 Etenim
1659 2369 1864 2426 Christi
1895 2371 2109 2428 Domini

536 2457 997 2512 resurrectionem
1027 2457 1212 2512 divina
1252 2457 1534 2529 Scriptura
1565 2475 1821 2526 narrans,
1845 2462 1922 2516 ait
1947 2477 2113 2536 ange-

537 2546 652 2600 lum
684 2545 864 2602 visum
895 2546 989 2616 qui
1044 2546 1276 2617 lapidem
1307 2548 1610 2604 revolverat
1639 2550 1706 2604 “.
1739 2549 1864 2607 Mox
1904 2551 2114 2609 descri«

536 2639 674 2693 hens
703 2639 827 2708 quis
851 2645 1018 2702 esset,
1045 2645 1101 2693 et
1123 2638 1399 2707 quomodo
1423 2637 1596 2704 visus,
1619 2657 1638 2690 ι
1671 2637 1824 2705 Erat,
1865 2659 1884 2694 ι
1911 2642 2107 2714 inquit,

545 2748 564 2782 ι
599 2729 766 2784 facies
824 2729 944 2798 ejus
1007 2738 1067 2784 ut
1117 2728 1321 2800 fulgur,
1380 2729 1706 2784 vestimenta
1761 2740 1942 2788 autem
1990 2735 2112 2790 alba

540 2834 796 2892 tanquam
828 2823 921 2876 nix
954 2822 1126 2878 “.pEt
1144 2831 1265 2893 post
1297 2819 1512 2874 Domini
1544 2821 1598 2875 in
1622 2823 1821 2877 coelum
1855 2824 2111 2891 reditum,

539 2911 726 2967 hiante
789 2928 886 2967 ore
933 2912 1282 2981 stupentibus
1324 2910 1393 2963 ad
1432 2910 1510 2964 rei
1545 2911 1843 2967 novitatem
1877 2913 2116 2984 discipu-

539 3000 730 3065 Iis“,¢
754 3003 914 3063 Ecce,
945 3020 963 3053 ι
1004 3000 1201 3070 inquit,
1233 3019 1250 3051 ι
1283 2999 1392 3055 duo
1427 3001 1528 3057 viri
1566 3001 1859 3057 astiterunt
1888 3003 1942 3057 in
1965 3012 2114 3060 veste

540 3073 793 3144 candida.
825 3108 844 3141 ι
877 3088 1046 3142 Erant
1097 3095 1276 3142 autem
1317 3090 1514 3160 angeli,
1543 3089 1638 3159 qui
1665 3089 1966 3162 discipulos
1995 3109 2108 3148 rem

541 3188 747 3248 gestam
779 3179 1065 3234 docebant.
1091 3176 1295 3234 Eodem
1323 3179 1482 3235 ntodo
1506 3194 1654 3235 nunc
1670 3181 1832 3236 etiam
1856 3183 2107 3253 angelum

540 3269 685 3324 videt
712 3271 976 3340 propheta
1003 3286 1032 3324 a
1056 3271 1230 3341 gratia
1260 3273 1487 3328 missum
1515 3274 1586 3330 ob
1601 3289 1664 3328 ea
1677 3273 2110 3332 administranda

542 3374 663 3428 quae
692 3359 942 3414 humanae
967 3361 1127 3416 saluti
1168 3360 1477 3420 conferunt.

2209 485 2364 538 μενα,
2409 467 2503 520 ἐπὶ
2547 466 2676 521 Θεὸν
2717 465 2774 519 δὲ
2821 461 3002 517 αὐτῶν
3045 459 3402 530 ἀναφέροντες
3437 458 3539 530 τὴν
3584 460 3779 516 αἰτίαν.

2207 561 2318 614 Καὶ
2345 559 2502 613 τοῦτό
2548 576 2611 628 γε
2650 557 2808 621 εὐθὺς
2836 559 2900 610 ἐκ
2921 553 3014 608 τοῦ
3064 553 3344 623 προφήτου
3387 551 3482 604 τοῦ
3517 551 3784 622 παρόντος

2205 653 2307 706 ίδοι
2333 668 2417 715 τις
2446 650 2542 704 ἄν’
2578 647 2746 702 εἰπὼν
2779 647 2889 718 γὰρ
2916 647 3020 708 ὅτι,
3051 663 3070 696 ι
3112 643 3357 712 Ἐγένετο
3400 642 3554 710 λόγος
3580 642 3784 713 Κυρίου

2207 743 2344 815 πρὸς
2368 741 2641 813 Ζαχαρίαν
2677 740 2873 808 λέγων,
2910 756 2929 789 ι
2968 738 3278 808 ἐπήγαγεν·
3310 754 3330 787 ι
3373 733 3628 802 Ὠργίσθη
3669 732 3783 787 Κύ-

2209 849 2324 903 ριος
2368 833 2461 884 ἐπὶ
2483 833 2611 894 τοὺς
2641 831 2883 900 πατέρας
2909 827 3061 896 ὑμῶν
3103 825 3272 896 ὀργὴν
3310 822 3571 894 μεγάλην.
3603 841 3622 875 ι
3658 822 3786 876 Καί-

2205 941 2288 975 τοι
2314 939 2378 992 γε
2403 919 2470 994 ἦν
2501 921 2790 975 ἀκόλουθον
2819 921 2868 972 εί
2896 919 3010 986 (65)
3037 915 3146 985 ἄρα
3195 917 3367 969 εἰπεῖν
3404 913 3505 980 ὅτι,
3542 913 3786 982 Ἐγένετο

2206 1013 2364 1081 λόγος
2403 1013 2598 1084 Κυρίου
2637 1012 2770 1083 πρὸς
2814 1009 3083 1081 Ζαχαρίαν
3127 1008 3322 1075 λέγων,
3356 1004 3644 1075 Ὠργίσθην
3691 1005 3788 1058 ἐπὶ

2207 1105 2332 1166 τοὺς
2375 1103 2616 1173 πατέρας
2650 1101 2804 1171 ὑμῶν
2823 1118 2835 1129 ·
2872 1099 2948 1162 ὡς
2978 1099 3046 1152 ἂν
3070 1097 3144 1168 μὴ
3181 1099 3210 1150 6
3243 1094 3482 1165 γεγονὼς
3502 1095 3660 1162 λόγος
3691 1091 3784 1147 τοῦ

2207 1192 2412 1263 Κυρίου
2439 1191 2574 1262 πρὸς
2601 1191 2692 1243 τὸν
2722 1181 3028 1261 προφήτην,
3054 1187 3182 1259 περὶ⁵
3213 1186 3401 1256 ἐτέρου
3425 1185 3568 1248 τινὸς
3593 1185 3788 1255 φαίνη-

2208 1297 2298 1334 ται
2345 1279 2532 1350 κυρίου
2569 1278 2738 1348 λέγων
2780 1278 2857 1340 ὼς
2881 1275 3243 1348 ὀργισθέντος.
3281 1273 3416 1327 Ἀλλ’
3452 1272 3672 1344 εὔδηλον
3705 1274 3788 1326 ὅτι

2207 1369 2290 1431 τὸ,
2333 1386 2352 1420 ι
2395 1369 2640 1438 Ἐγένετο
2685 1367 2838 1435 λόγος
2887 1365 3115 1436 Κυρίου,
3168 1381 3185 1417 t
3226 1365 3318 1417 τὸν
3363 1361 3788 1431 ἀποκαλύψαντα

2209 1460 2398 1525 εἰπὼν,
2427 1461 2504 1532 (p.
2528 1460 2656 1530 444)
2687 1459 2883 1528 ἐπάγει
2915 1457 3100 1510 λοιπὸν
3122 1455 3190 1509 τὰ
3211 1457 3430 1527 ῥήματα
3454 1456 3483 1508 6
3504 1454 3790 1524 προφήτης

2210 1555 2354 1625 άπερ
2388 1554 2551 1617 αὐτὸς
2585 1550 2735 1607 εἶπεν
2771 1555 2800 1606 6
2846 1551 2998 1616 Θεὸς,
3041 1551 3144 1605 οὐκ
3174 1549 3348 1603 οἰκεία
3389 1546 3584 1614 λέγων,
3621 1544 3691 1599 τὰ
3730 1545 3790 1598 δέ

2212 1644 2362 1714 παρὰ
2387 1643 2479 1697 τοῦ
2505 1643 2637 1696 Θεοῦ
2664 1641 2964 1712 λελεγμένα
2994 1639 3360 1710 ἐκτιθέμενος.
3387 1637 3490 1691 Τὸν
3523 1635 3686 1689 αὑτὸν
3721 1633 3788 1704 δὴ

2207 1739 2408 1808 τρόπον
2454 1736 2549 1789 καὶ
2593 1736 2674 1788 ὅτ’
2704 1734 2770 1789 ἂν
2813 1733 3044 1802 ἄγγελον
3087 1732 3244 1803 λέγῃ,
3287 1725 3407 1782 εἶτα
3453 1727 3549 1782 καὶ
3585 1725 3790 1794 Κύριον

2208 1825 2471 1898 ὀνομάζῃ.
2505 1825 2584 1894 τῷ
2623 1825 2722 1895 μὲν
2766 1823 2984 1892 ἀγγέλῳ
3022 1821 3115 1875 τὸν
3161 1817 3537 1891 ὑπουργοῦντα
3577 1815 3786 1869 δείκνυ-

2210 1935 2317 1981 σιν,
2349 1919 2416 1987 τῇ
2445 1916 2501 1968 δὲ
2527 1914 2620 1968 τοῦ
2653 1913 2853 1985 Κυρίου
2883 1913 3033 1982 φωνῇ
3066 1911 3156 1964 τὸν
3194 1909 3526 1973 ἐπιτάξαντα
3563 1906 3650 1961 διὰ
3681 1905 3790 1958 τῶν

2207 2007 2455 2076 ἀγγέλων
2477 2007 2658 2059 ἐκεῖνα
2681 2003 2955 2074 γενέσθαι.
2993 2001 3154 2055 Ἀλλὰ
3183 2000 3295 2072 γὰρ
3315 1999 3534 2069 εὔδηλον
3555 1997 3636 2050 ὅτι
3662 1996 3791 2058 τοὺς

2209 2097 2470 2168 ἀγγέλους
2525 2095 2798 2166 αἰσθητῶς
2866 2093 3224 2163 φαινομένους
3281 2093 3395 2153 τοῖς
3461 2085 3790 2159 ἀνθρώποις»

2209 2191 2284 2244 ὅτ’
2329 2191 2396 2245 ἂν
2435 2189 2592 2244 τοῦτο
2633 2188 2766 2259 δοκῇ
2813 2185 2894 2257 τῷ
2938 2183 3093 2252 Θεῷ,
3136 2181 3254 2246 ἔθος
3305 2179 3607 2251 ἀνθρώπων
3650 2173 3792 2240 εἶδος

2213 2281 2514 2354 μιμεῖσθαι,
2547 2281 2683 2352 ὅπερ
2708 2278 2906 2334 οἰκεῖόν
2942 2278 3057 2330 ἐστι
3093 2279 3204 2339 τοῖς
3239 2272 3406 2345 ὁρῶσί
3432 2288 3492 2324 τε
3531 2269 3624 2325 καὶ
3662 2287 3792 2322 παι-

2209 2374 2534 2446 δευομένοις.
2585 2372 2755 2426 Τοῦτο
2802 2370 2860 2423 δέ
2909 2369 3004 2423 καὶ
3040 2371 3105 2422 ἐκ
3125 2367 3223 2437 τῆς
3260 2365 3465 2435 Καινῆς
3514 2362 3792 2432 Διαθήκης

2207 2467 2307 2538 οὐχ
2334 2461 2493 2538 ἦττον
2525 2463 2683 2536 μάθοι
2718 2479 2804 2527 τις
2846 2462 2944 2516 ἄν·
2981 2459 3052 2512 τά
3090 2458 3199 2530 γὰρ
3245 2456 3387 2511 κατὰ
3417 2455 3514 2526 τὴν
3553 2453 3796 2508 ἀνάστα-

2214 2575 2298 2611 σιν
2335 2555 2426 2610 τοῦ
2460 2555 2734 2609 Δεσπότου
2758 2551 2994 2624 Χριστοῦ
3027 2548 3353 2620 διηγουμένη
3386 2549 3420 2618 ή
3455 2546 3575 2599 θεία
3600 2543 3795 2614 Γραφὴ

2213 2646 2380 2715 λέγει,
2414 2644 2640 2714 ἄγγελον
2677 2636 2854 2711 ὦφθαι
2907 2642 2999 2694 τὸν
3042 2638 3447 2692 άποκυλίσαντα
3482 2635 3572 2690 τὸν
3611 2633 3790 2686 λίθον·

2213 2735 2332 2791 εἶτα
2356 2737 2726 2806 διαγράφουσα
2757 2728 2868 2796 οἷός
2899 2749 2982 2795 τις
3009 2727 3100 2802 ἦν,
3131 2731 3224 2784 καὶ
3249 2731 3397 2791 ὅπως
3425 2725 3605 2796 ὤφθη,
3634 2743 3653 2776 ι
3683 2720 3796 2777 Ἦν

2211 2825 2397 2892 αὑτοῦ,
2427 2845 2447 2878 ι
2481 2827 2665 2895 φησὶν,
2699 2841 2718 2875 ι
2749 2825 2782 2893 ή
2824 2823 2970 2876 εἰδέα
3000 2821 3077 2884 ὡς
3103 2817 3378 2889 ἀστραπὴ,
3404 2817 3473 2870 τὰ
3509 2817 3564 2869 δὲ
3601 2814 3800 2885 ἱμάτια

2212 2917 2383 2971 λευκὰ
2411 2917 2486 2979 ὡς
2516 2913 2672 2986 χιών.
2723 2932 2742 2966 ι
2779 2913 2889 2966 Καὶ
2930 2910 3068 2985 μετὰ
3109 2912 3207 2982 τὴν
3244 2909 3428 2964 ἄνοδον
3463 2907 3519 2962 δὲ
3551 2906 3647 2960 τοῦ
3679 2908 3796 2960 Κυ-

2216 3008 2332 3080 ρίου
2370 3009 2469 3079 τὴν
2494 3009 2574 3070 εἰς
2609 3005 2856 3078 οὐρανὸν,
2885 3003 3190 3075 κεχηνότων
3218 3001 3355 3073 πρὸς
3383 2999 3479 3072 τὴν
3511 2999 3606 3053 τοῦ
3634 3014 3796 3067 γεγοο

2214 3100 2362 3163 νότος
2391 3099 2678 3170 καινότητα
2711 3097 2818 3151 τῶν
2850 3095 3126 3167 μαθητῶν,
3159 3113 3176 3146 ι
3212 3094 3367 3158 Ἰδοὺ,
3409 3111 3428 3145 ι
3460 3091 3615 3160 φησὶ,
3650 3110 3668 3142 ι
3699 3089 3796 3143 δύο

2214 3191 2403 3261 ἄνδρες
2427 3192 2765 3261 είστήκεισαν
2787 3190 2842 3241 ἐν
2878 3187 3063 3258 ἐσθῆτι
3087 3186 3284 3256 λευκῇ·
3321 3203 3340 3236 ι
3373 3179 3513 3254 ἦσαν
3535 3183 3593 3237 δὲ
3625 3183 3798 3251 ἄγγε-

2214 3280 2294 3333 λοι
2331 3280 2670 3342 διδάσκοντες
2706 3278 2903 3341 αὐτοὺς
2937 3276 2975 3330 ἃ.
3009 3279 3285 3347 προσῆκον
3311 3270 3380 3345 ἦν
3417 3275 3510 3328 ἐπὶ
3543 3276 3655 3336 τοῖς
3701 3289 3795 3340 γε-

2213 3372 2426 3439 γονόσιν
2451 3371 2665 3425 εἰδέναι.
2713 3369 2818 3423 Τὸν
2867 3368 3033 3422 αὐτὸν
3065 3366 3131 3438 δὴ
3167 3366 3365 3438 τρόπον
3405 3363 3684 3418 κάνταῦθα
3731 3365 3795 3416 ἐν

541 3447 829 3520 ἀνθρώπου
865 3453 1046 3520 μορφῇ
1085 3451 1313 3519 ἄγγελον
1352 3451 1548 3525 θεωρεῖ
1588 3455 1722 3525 πρὸς
1768 3454 2068 3532 ὑπουργίαν
2108 3458 2211 3514 ὑπὸ
2247 3463 2344 3532 τῆς
2375 3463 2596 3533 χάριτος
2633 3461 2963 3532 τεταγμένον
2991 3459 3100 3514 τῶν
3132 3461 3212 3524 είς
3247 3457 3520 3530 σωτηρίαν
3552 3458 3795 3526 ἡκόντων

539 3539 903 3612 ἀνθρωπίνην.

619 3634 1446 3709 Vsus.9,lO.-Speciesitaque
1468 3643 1693 3691 externa
1731 3639 1980 3709 angelum
2020 3658 2114 3698 ex-

543 3721 763 3775 hibebat
797 3732 893 3788 ;at
922 3724 1096 3793 ipsius
1146 3723 1425 3794 adjuncta,
1461 3725 1838 3796 signiﬁcabant
1869 3745 1955 3787 res
1993 3749 2114 3803 qua

545 3812 762 3867 ﬁebant.
789 3810 997 3883 Equum
1020 3813 1201 3884 itaque
1225 3814 1590 3880 inscenderat,
1614 3818 1685 3874 ob
1700 3819 2112 3890 signiﬁcandum

542 3904 901 3971 celeritatem,
935 3918 1042 3975 qua
1075 3906 1257 3960 omnia
1287 3907 1512 3977 exsequi
1537 3908 1841 3967 invisibiles
1871 3921 2113 3983 potesta-

542 4001 624 4049 tes
655 3997 831 4052 solent
851 3996 945 4053 Dei
982 3999 1260 4054 mandata.
1286 3998 1463 4056 Rufus
1513 4011 1695 4059 autem
1748 4014 1866 4060 erat
1913 4023 2110 4077 equus,

538 4086 610 4141 ob
664 4088 800 4142 iram
835 4089 1218 4156 denotandam,
1245 4106 1354 4162 qua
1395 4106 1497 4162 pro
1535 4092 1618 4148 eis
1647 4096 1874 4164 angelus
1921 4106 2113 4153 contra

541 4176 749 4230 alienos
774 4187 890 4232 erat
919 4178 1196 4234 incensus.
1223 4177 1370 4234 Inter
1399 4186 1611 4235 montes
1631 4181 1866 4251 denique
1890 4182 2114 4238 umbro-

541 4281 634 4320 sus
654 4267 974 4322 constiterat
994 4288 1006 4323 :
1031 4276 1084 4324 et
1103 4277 1316 4324 montes
1332 4269 1550 4339 quidem
1568 4271 1768 4329 celsam
1793 4271 2112 4343 ﬁrmamque

2284 3644 2434 3714 Στίχ.
2461 3647 2534 3711 θ’,
2560 3642 2610 3698 ι’.
2640 3674 2707 3687 -
2728 3643 2794 3696 Ἢ
2819 3642 2917 3713 μὲν
2944 3636 3039 3694 οὖν
3071 3639 3191 3708 ὄψις
3215 3637 3444 3708 ἄγγελον
3469 3635 3652 3708 ἐδήλου
3669 3652 3684 3666 ·
3726 3637 3804 3691 τὰ

2215 3737 2346 3808 περὶ
2380 3736 2537 3790 αὑτὸν
2570 3735 2626 3788 δέ
2668 3731 2737 3806 ἦν
2775 3735 3046 3806 μηνυτικὰ
3081 3731 3451 3804 πραγμάτωνο
3490 3729 3659 3782 ἵππου
3695 3729 3796 3799 μὲν

2214 3824 2306 3882 οὖν
2327 3826 2673 3898 ἐπιϐεϐλήκει
2696 3827 2774 3890 είς
2790 3826 3019 3898 δήλωσιν
3043 3825 3135 3878 τοῦ
3154 3824 3372 3894 τάχους,
3391 3821 3510 3894 μεθ’
3530 3815 3591 3875 οὗ
3615 3821 3799 3876 πάντα

2215 3916 2484 3971 ἐπιτελεῖν
2509 3918 2630 3978 ταῖς
2662 3917 2912 3990 ἀοράτοις
2957 3915 3246 3984 δυνάμεσιν
3272 3912 3432 3984 ἔργον
3461 3911 3611 3965 ἐστὶν
3649 3913 3798 3983 άπερ

2218 4007 2284 4062 ἂν
2328 4007 2591 4080 ἐπιτάττῃ
2628 4007 2788 4068 Θεός·
2822 4007 2899 4077 (p.
2933 4005 3059 4075 445)
3109 4004 3320 4076 πυρῥοῦ
3356 4002 3435 4066 δὲ,
3463 4003 3540 4067 ὡς
3589 4002 3658 4056 ἂν
3701 4002 3799 4056 τὸν

2218 4097 2387 4168 θυμὸν
2406 4098 2622 4170 δεικνύῃ
2662 4098 2719 4150 ὃν
2750 4097 2888 4169 ὑπὲρ
2924 4096 3103 4151 αὐτῶν
3137 4090 3283 4166 εἶχεν
3317 4093 3460 4148 κατὰ
3499 4093 3610 4146 τῶν
3637 4093 3802 4146 ἀλλο-

2214 4189 2399 4261 τρίων.
2428 4188 2516 4242 Ἐν
2559 4189 2706 4260 μέσῳ
2741 4189 2799 4242 δὲ
2833 4188 3142 4243 κατασκίων
3170 4187 3339 4256 ὀρέων
3378 4186 3652 4252 εἱστήκειο
3685 4184 3799 4238 τῶν

2218 4280 2317 4351 μὲν
2364 4280 2561 4352 ὀρέων,
2606 4279 2669 4334 τὸ
2707 4280 2907 4351 ὑψηλὸν
2953 4279 3048 4334 καὶ
3093 4277 3318 4348 στερρὸν
3361 4276 3462 4346 τῆς
3507 4275 3800 4344 δυνάμεως

538 4359 836 4427 potentiam
880 4359 1056 4430 angeli
1110 4360 1562 4416 administratorii
1629 4363 2109 4429 demonstrabant;

2213 4370 2308 4423 106
2347 4368 2780 4441 λειτουργοῦντος
2826 4368 3056 4439 φανερὸν
3102 4365 3427 4420 ποιούντων·
3464 4363 3574 4417 τῶν
3624 4380 3802 4417 κατα-

538 4450 797 4505 umbrosa
859 4460 1038 4506 autem
1069 4452 1324 4522 qualitas,
1351 4452 1736 4524 perfectionem
1774 4469 1935 4525 quam
1968 4469 2108 4523 prae-

535 4541 664 4596 bere
694 4543 896 4612 populo
939 4561 1041 4600 suo
1082 4543 1225 4600 Deus
1250 4545 1601 4616 promiserat.
1640 4545 1943 4617 lnterrogat
1976 4561 2110 4617 ergo

536 4636 800 4705 prOpheta
833 4655 845 4691 :
879 4654 897 4689 ι
923 4637 1064 4706 Quid
1095 4638 1223 4693 isti?
1257 4657 1276 4690 ι
1309 4639 1642 4694 revelatione
1661 4653 1788 4693 eum
1833 4637 1902 4692 ad
1932 4639 2108 4693 inter-

536 4727 836 4797 mgandum
897 4731 1229 4799 impellente,
1287 4738 1348 4784 ut
1373 4729 1651 4786 edocendo
1681 4730 1767 4783 via
1810 4730 2103 4799 pandatur.

542 4836 562 4870 ε
599 4819 903 4890 Respondit
932 4831 1138 4884 autem,
1169 4821 1367 4893 inquit,
1395 4821 1620 4890 angelus
1651 4820 1744 4890 qui
1783 4821 2108 4891 loquebatur

535 4909 595 4966 in
624 4926 752 4966 me:
790 4911 901 4982 Ego
943 4911 1226 4968 ostendam
1273 4911 1369 4967 tibi
1420 4911 1553 4982 quid
1581 4911 1690 4966 sint
1727 4911 1862 4967 haec.
1911 4929 1930 4964 ι
1962 4911 2107 4968 Dicit

535 5017 666 5057 vero
687 5004 863 5074 ipsum
908 5003 1109 5066 virum,
1145 5017 1308 5073 quem
1345 5002 1672 5060 insidentem
1701 5018 1842 5072 equo
1871 5002 1994 5060 rufo
2020 5004 2106 5059 vi-

533 5096 707 5149 derat.
737 5094 944 5151 ldcirco
973 5096 1134 5151 etiam
1157 5095 1347 5167 dixit,¢
1376 5095 1479 5162 Qui
1512 5095 1834 5166 loquebatur
1863 5095 1918 5150 in
1943 5113 2049 5161 me,
2079 5115 2098 5150 ι

603 5258 647 5290 ⁸³
686 5257 876 5315 Matth.
927 5273 1122 5324 xxvnt,
1161 5255 1218 5312 2.
1293 5256 1340 5290 ⁸¹
1373 5253 1508 5310 Ibid.
1550 5255 1603 5310 5.
1680 5253 1726 5286 ⁸³
1766 5253 1887 5309 Act.
1929 5269 1969 5321 ι,
2012 5253 2095 5309 10.

536 5425 815 5480 secundum
869 5429 1174 5492 angelorum
1225 5429 1618 5492 substantiam,
1678 5425 1769 5480 sed
1820 5426 2103 5480 secundum

538 5509 708 5556 suam,
738 5497 793 5549 id
823 5506 900 5550 est
934 5494 1165 5554 Domini.
1216 5499 1277 5554 Si
1312 5501 1452 5554 enim
1495 5499 1687 5552 missus
1727 5496 1827 5565 [ait
1867 5513 1900 5548 a
1941 5494 2103 5550 Patre

541 5572 790 5638 tanquam
818 5577 1089 5638 causante,
1117 5571 1329 5638 angelus
1358 5581 1469 5633 est;
1497 5569 1756 5638 nuntiavit
1789 5566 1928 5638 enim
1955 5565 2104 5638 nobis

540 5631 798 5694 salutem;
831 5642 887 5685 ut
923 5635 1116 5689 alicubi
1152 5631 1259 5705 ἱρεε
1286 5639 1410 5694 dicit
1442 5631 1459 5692 ἐ
1505 5656 1522 5688 ‹
1559 5637 1689 5704 Quae
1729 5634 1905 5690 audiri
1936 5652 1967 5690 α
2000 5635 2104 5690 Ρα-

2217 4458 2382 4512 σκίων
2411 4459 2487 4522 δὲ,
2516 4458 2746 4530 δήλωσιν
2775 4458 3002 4529 ἐχόντων
3035 4457 3137 4528 τῆς
3183 4456 3390 4525 σκέπης
3427 4455 3495 4526 ἢν
3532 4454 3802 4524 παρέχειν

2213 4550 2242 4602 ὁ
2265 4549 2396 4613 Θεὸς
2437 4547 2816 4619 εὐηγγελίζετο
2858 4547 2935 4619 τῷ
2968 4547 3081 4619 λαῷ
3107 4547 3186 4618 τῷ
3209 4545 3412 4617 οἰκείῳ.
3451 4544 3661 4615 Ἐρωτᾷ
3689 4543 3800 4614 μὲν

2212 4635 2306 4694 οὖν
2354 4640 2382 4692 ὁ
2431 4641 2734 4712 προφήτης,
2773 4659 2790 4692 ι
2835 4640 2899 4692 Τί
2952 4632 3130 4706 οὗτοις
3175 4657 3194 4691 ι
3243 4641 3342 4708 τῆς
3392 4635 3802 4703 ἀποκαλύψεως

2213 4732 2351 4804 πρὸς
2392 4731 2490 4803 τὴν
2536 4731 2803 4803 ἐρώτησιν
2851 4731 3020 4801 αὐτὴν
3064 4731 3401 4801 κινησάσης,
3444 4728 3519 4792 ὡς
3577 4727 3646 4782 ἂν
3696 4730 3804 4782 καὶ

2211 4825 2327 4878 ὁδὸν
2353 4826 2386 4895 ή
2412 4822 2721 4878 διδασκαλία
2747 4822 2920 4877 λάϐοι.
2951 4840 2969 4872 ί
3007 4821 3394 4891 Ἀποκρίνεται
3429 4819 3508 4885 δὲ,
3539 4838 3559 4872 ι
3597 4818 3798 4888 φησὶν,

2219 4935 2238 4969 ι
2269 4918 2297 4969 6
2329 4915 2552 4984 ἄγγελος
2579 4917 2607 4967 6
2643 4912 2815 4966 λαλῶν
2849 4914 2906 4966 ἐν
2928 4912 3072 4982 ἐμοί’
3108 4910 3248 4980 Ἐγὼ
3282 4909 3442 4977 δείξω
3471 4926 3568 4987 σοι
3590 4909 3642 4961 τί
3671 4908 3802 4961 ἐστι

2211 5004 2402 5058 ταῦτα.
2437 5021 2454 5054 ι
2496 5002 2658 5070 Λέγει
2690 5002 2747 5055 δὲ
2785 5002 2946 5055 αὐτὸν
2994 5002 3083 5055 τὸν
3117 5001 3287 5073 ἄνδρα
3314 5001 3375 5055 ὃν
3419 4998 3806 5067 ἐπιϐεϐηκότα.

2210 5097 2303 5150 ἐπὶ⁷
2330 5096 2495 5148 ’ίππον
2527 5092 2663 5146 εἶδεν
2693 5092 2896 5164 πυρρόν
2917 5109 2928 5122 ·
2965 5093 3052 5146 διὰ
3085 5090 3239 5146 τοῦτο
3269 5089 3466 5156 καὶτὸ,
3501 5109 3520 5140 ι
3556 5089 3585 5141 6
3609 5088 3803 5142 λαλῶν

2212 5434 2309 5488 tre,
2347 5424 2579 5478 nuntiaui
2625 5421 2765 5478 vobis
2800 5421 2987 5492 (Joau.
3029 5438 3117 5485 xv,
3157 5420 3326 5492 15).)
3356 5418 3502 5492 Cave
3543 5433 3670 5487 ergo
3730 5435 3809 5473 nc

2209 5494 2449 5562 Apostoli
2488 5495 2687 5546 dictum
2727 5489 3020 5560 pervertat,
3060 5491 3198 5564 quod
3230 5489 3403 5546 alium
3450 5489 3514 5544 ob
3566 5503 3808 5544 causam

2210 5565 2477 5633 prolatum
2505 5565 2628 5632 fuit.

2283 5635 2394 5705 (63)
2435 5635 2508 5689 Ita
2542 5635 2662 5690 cod.
