4022 6138
191 255 295 310 509

1153 246 1704 306 CWNTARIUS
1733 246 1800 302 IN
1815 245 2187 304 ZACHARIE
2224 248 2379 306 CAP.
2421 253 2463 306 Ι.

3349 253 3454 311 5w

190 373 245 422 ὲν
271 365 415 434 ἐμοὶ,
451 380 472 414 ι
503 362 680 431 λέγει,
718 360 905 434 ἐπειδὴ
927 363 1029 416 οὐκ
1051 360 1249 428 ἔξωθεν
1282 364 1586 436 φερομένης
1613 366 1775 435 ἤκουε

1891 364 2131 448 quoniam
2160 365 2303 420 haud
2337 376 2646 421 extrorsum
2679 369 2900 424 allatam
2940 384 3129 426 vocem
3179 370 3458 437 audiebat,

190 457 374 528 φωνῆς
395 496 412 523 ,
463 453 610 508 ἀλλά
674 454 819 507 κατά
867 452 1208 523 ἀποκάλυψιν
1267 454 1779 524 ἐναποτυπουμένης

190 544 355 600 αὐτοῦ
381 545 454 614 τῇ
482 542 718 614 διανοίᾳ.
762 542 847 607 Ὡς
888 543 982 596 καὶ
1018 545 1047 596 ο
1079 542 1346 614 μακάριος
1378 544 1581 614 Πέτρος
1614 545 1780 614 ﬁxo-as

191 640 267 699 τὸ,
302 657 324 688 ι
361 634 665 700 Ἀναστὰς,
709 636 918 704 Πέτρε,
959 634 1121 688 Θῦσον
1167 622 1262 690 καὶ
1307 635 1467 704 φάγε.
1503 636 1782 705 ξΕῦδηλον

191 731 244 783 δὲ
277 731 360 782 ὅτι
409 728 514 782 οὐκ
541 726 604 793 ἐξ
651 724 896 797 οὐρανῶν
939 725 1165 797 ἐφέρετο
1205 727 1428 797 τοιαύτη
1461 727 1611 797 φωνὴ
1648 726 1782 796 πρὸς

192 820 382 873 αὐτόν·
425 818 460 888 ἢ
497 817 611 887 γὰρ
637 817 703 870 ἂν
744 816 838 870 καὶ
874 817 1054 870 πᾶσαν
1083 817 1366 888 ἐπλήρωσε
1402 817 1500 888 τὴν
1529 815 1780 885 οίκουμέ·

192 928 281 979 νην
312 911 358 980 ἡ
382 908 478 962 τοῦ
513 906 806 976 λεγομένου
844 906 1044 974 γνῶσις
1065 925 1078 938 ·
1124 907 1526 962 ἐναπετυποῦτο
1546 907 1601 960 δὲ
1634 905 1782 977 αὐτῷ

193 1006 222 1071 ἡ
264 1002 454 1071 φωνὴ,
496 999 573 1063 ὡς
628 998 695 1052 ἂν
733 998 1025 1070 οὐρανόθεν
1065 999 1201 1070 πρὸς
1253 999 1418 1053 αὑτὸν
1461 998 1780 1068 γιγνομένη.

195 1092 311 1144 Ὀτι
345 1089 406 1142 δὲ
436 1088 532 1142 τὸν
560 1085 825 1142 λαλοῦντα
851 1087 1079 1156 ἄγγελον
1105 1086 1273 1158 αύτῷ,
1301 1087 1391 1140 τὸν
1416 1084 1782 1155 ἐπιϐεϐηκότα

201 1190 292 1241 ἐπὶ
314 1187 419 1238 τὸν
450 1186 620 1238 ἵππον
639 1182 730 1236 τὸν
756 1180 962 1253 πυρρὸν
981 1180 1151 1247 λέγει,
1173 1176 1331 1248 δῆλον
1345 1193 1359 1207 ·
1380 1175 1456 1238 ὼς
1478 1173 1587 1244 γὰρ
1605 1168 1778 1234 εἶπεν.

201 1297 219 1330 ι
259 1279 416 1345 Ἐγὼ
437 1275 599 1340 δείξω
626 1291 708 1327 σοι
732 1273 787 1326 τί
817 1274 935 1326 ἐστι
963 1269 1159 1336 ταῦτα,
1177 1288 1195 1320 ι
1220 1267 1434 1335 ἐπάγει,
1461 1282 1479 1316 ι
1515 1264 1624 1318 Καὶ
1643 1263 1781 1316 άπε-

200 1369 376 1440 κρίθη
401 1370 430 1421 ὁ
461 1367 598 1438 ἀνὴρ
629 1368 659 1419 ό
685 1361 1000 1434 ἐφεστηκὼς
1039 1359 1308 1430 άναμέσον
1334 1356 1440 1410 τῶν
1463 1354 1655 1426 ὀρέων,
1686 1352 1780 1406 καὶ

196 1459 363 1516 εἶπεν
388 1460 525 1530 πρός
559 1475 660 1527 με’
695 1448 857 1510 Οὗτοί
899 1455 1038 1508 είσιν
1078 1453 1171 1516 οὓς
1197 1448 1544 1515 ἐξαπέστειλε
1576 1445 1780 1514 Κύριος

196 1547 554 1619 περιοδεῦσαι
587 1545 687 1616 τὴν
715 1545 856 1614 γῆνο
897 1563 916 1596 ι
959 1544 1037 1612 (p.
1074 1542 1198 1612 466)
1234 1538 1419 1609 σαφὼς
1454 1537 1666 1598 δεικνὺς
1697 1535 1778 1587 ὅτι

197 1640 371 1702 αὐτὸς
401 1641 608 1701 ἐκεῖνος
630 1638 660 1690 ὁ
686 1635 869 1704 ὀφθεὶς
893 1633 1042 1704 αὐτῷ
1059 1633 1197 1704 ἀνὴρ
1225 1633 1284 1684 ἐν
1309 1631 1461 1702 μέσῳ
1481 1628 1588 1682 τῶν
1608 1625 1778 1697 ὁρέων

1881 456 1979 514 sed
2001 457 2050 511 vi
2084 457 2430 514 revelationis
2457 457 2624 528 295
2665 459 2721 513 in
2754 471 2936 515 mente
2973 461 3194 531 propria
3231 461 3460 529 impresv

1880 561 2018 604 sam.
2043 548 2198 614 Sicut
2213 549 2374 603 etiam
2403 550 2593 604 beatus
2615 549 2808 606 Petrus
2833 552 2993 607 verba
3036 553 3124 605 illa
3151 551 3408 606 audiebat
3437 568 3452 604 :

1883 643 2365 716 tSurgens,Petre,
2389 639 2579 696 occide
2615 650 2670 696 et
2714 643 3004 696 manduca.
3045 661 3064 694 ι
3093 641 3248 695 Patet
3300 641 3461 695 nimi-

1879 747 2001 787 rum
2045 731 2190 786 haud
2235 731 2305 787 de
2349 733 2507 788 ctelis
2552 733 2816 803 allapsam
2847 733 3159 802 huiusmodi
3187 731 3256 786 ad
3307 731 3459 786 illum

1879 837 2068 878 vocem
2115 841 2130 878 :
2179 823 2383 892 alioqui
2448 823 2764 880 universum
2835 824 3101 879 mundum
3175 823 3460 893 implesset

1878 912 2038 967 dicta:
2073 914 2150 968 rei
2179 913 2406 980 notitia;
2455 914 2550 970 sed
2583 915 2639 969 in
2670 929 2737 969 eo
2773 915 3189 984 imprimebatur
3223 929 3327 967 vox
3363 913 3458 965 illa

1879 1011 2136 1072 tanquam
2161 1003 2381 1058 coalitus
2417 1003 2486 1058 ad
2507 1018 2635 1057 eum
2654 1004 2916 1059 dentissa.
2956 1002 3112 1069 Quod
3139 1016 3268 1056 vero
3297 1014 3463 1069 ange-

1881 1094 1993 1148 lum
2014 1092 2118 1149 sibi
2141 1091 2446 1162 loquentem
2468 1091 2602 1146 dicit
2629 1093 2778 1147 illum
2811 1095 2903 1163 qui
2931 1093 3054 1146 rufo
3077 1105 3220 1161 equo
3259 1090 3463 1144 inside-

1879 1185 1993 1247 bat,
2027 1181 2373 1238 manifestum
2398 1191 2500 1237 est.
2538 1181 2674 1236 Nam
2705 1191 2988 1254 postquam
3020 1183 3117 1245 ait,
3163 1202 3183 1234 ε
3222 1179 3333 1250 Ego
3359 1180 3459 1234 tibi

1879 1270 2160 1327 ostendam
2184 1271 2315 1341 quid
2346 1270 2458 1326 sint
2488 1270 2624 1336 hinc,
2656 1291 2676 1324 ι
2702 1271 2870 1337 addit,
2909 1290 2928 1322 ι
2969 1271 3034 1325 Et
3059 1268 3339 1340 respondit
3366 1269 3461 1338 qui

1881 1360 2062 1416 stabat
2096 1361 2240 1414 inter
2271 1368 2506 1427 montes,
2544 1360 2788 1431 dixitque
2827 1361 2961 1415 mihi
2994 1379 3005 1414 :
3038 1360 3130 1416 Isti
3164 1366 3292 1414 sunt
3322 1373 3462 1428 quos

1880 1452 2030 1508 misit
2062 1450 2326 1506 Dominus
2357 1461 2416 1505 ut
2446 1459 2647 1506 terram
2680 1453 3037 1506 circumirent
3070 1465 3086 1504 :
3118 1467 3137 1503 ι
3168 1448 3460 1504 manifeste

1878 1544 2211 1609 ostendens,
2284 1544 2438 1598 illum
2511 1545 2607 1615 qui
2678 1552 3005 1615 apparuerat
3075 1543 3253 1598 visum
3322 1542 3464 1596 inter

1881 1644 2094 1691 montes
2142 1633 2454 1700 umbrosos,
2491 1634 2740 1689 eumdem
2773 1649 2898 1690 esse
2925 1635 3019 1704 qui
3049 1633 3107 1688 in
3165 1647 3232 1688 eo
3264 1632 3462 1701 loque-

197 1732 304 1784 τῶν
354 1730 690 1792 κατασκίων,
726 1727 890 1790 αὐτὸς
916 1721 987 1798 ἦν
1019 1727 1049 1779 ὁ
1089 1724 1268 1780 λαλῶν
1297 1725 1354 1776 ἐν
1379 1719 1554 1791 αύτῷ·
1594 1719 1652 1782 ὃς
1685 1718 1777 1770 καὶ

1891 1726 2074 1789 batur,
2103 1734 2159 1781 et
2189 1725 2280 1796 qui
2309 1727 2357 1780 ei
2398 1733 2682 1796 receperat
2713 1724 3000 1781 docturum
3035 1739 3158 1781 esse
3189 1724 3463 1794 quodnam

194 1820 438 1884 διδάξειν
457 1817 625 1871 αὑτὸν
651 1817 936 1886 ὑπέσχετο,
957 1813 1076 1868 τίνα
1093 1813 1157 1884 δὴ
1173 1810 1345 1866 ταῦτα
1359 1809 1429 1862 τά
1445 1806 1554 1860 τῶν
1572 1806 1772 1858 ἵππων·

190 1905 289 1956 καὶ
345 1903 407 1971 δὴ
444 1903 539 1955 καὶ
586 1899 823 1964 ἐδίδαξεν
857 1899 1025 1952 εἰπὼν
1069 1897 1302 1968 καθεξῆς
1332 1897 1434 1961 ὅτι,
1462 1892 1616 1952 Οὗτοι
1648 1896 1787 1950 εἰσὶν

190 1996 238 2047 οἱ
276 1993 601 2063 πέμπεσθαι
638 1990 890 2053 εἰωθότες
936 1988 1085 2061 παρὰ
1133 1988 1228 2042 τοῦ
1277 1988 1412 2042 Θεοῦ
1452 1990 1542 2043 ἐπὶ
1581 1989 1660 2060 τῷ
1688 1988 1787 2060 τὴν

191 2085 300 2154 γῆν
339 2083 556 2136 άπασαν
590 2080 943 2152 ἐκπεριῐέναι,
992 2080 1087 2133 καὶ
1128 2079 1226 2150 τὴν
1270 2080 1615 2150 καθήκουσαν
1658 2081 1788 2132 ἐκα-

193 2174 404 2244 σταχοῦ
432 2172 674 2244 πληροῦν
703 2172 1041 2243 λειτουργίαν
1064 2171 1206 2224 κατά
1241 2171 1302 2224 τὸ
1325 2170 1516 2224 δοκοῦν
1544 2169 1621 2241 τῷ
1643 2169 1785 2240 Θεῷ.

194 2264 441 2333 Εεδηλον
475 2264 576 2334 μὲν
610 2259 705 2318 οὖν
740 2265 822 2318 ὅτι
857 2263 986 2332 περὶ
1025 2262 1272 2331 ἀγγέλων
1318 2261 1501 2334 φησίνο
1539 2261 1788 2330 ἀγγέλων

193 2355 312 2424 γὰρ
351 2353 508 2425 ἔργον
536 2353 726 2408 τοῦτο’
769 2353 927 2408 τοῦτο
963 2353 1022 2407 δὲ
1069 2355 1131 2408 οὐ
1179 2354 1305 2417 τοὺς
1347 2354 1552 2417 ἵππους
1605 2352 1784 2420 λέγει’

194 2447 332 2499 ὅθεν
377 2447 470 2498 καὶ
519 2450 549 2502 ὸ
591 2445 929 2517 ἑρμηνεύων,
983 2445 1317 2502 ἀπεστάλθαι
1378 2446 1522 2515 λέγει
1568 2446 1789 2508 τούτους

196 2539 301 2593 ἐπὶ
329 2538 395 2591 τὸ
431 2538 772 2608 περιοδεῦσαι
806 2539 906 2610 τὴν
931 2539 1079 2610 γῆν,,
1124 2540 1186 2593 οὐ
1233 2540 1358 2602 τοὺς
1400 2538 1616 2602 ἵππους,
1652 2536 1788 2590 ἀλλά

196 2631 344 2694 τοὺς
383 2629 776 2701 ἐπιϐεϐηκίπας
819 2631 1020 2701 λέγων’
1050 2631 1361 2700 ἀναγκαίως
1389 2630 1444 2683 δὲ
1483 2629 1579 2683 καὶ
1619 2624 1785 2694 οὗτοι,

201 2723 318 2777 ita
346 2719 584 2787 ἄγγελοι,
610 2725 686 2792 ἐφ’
711 2724 893 2776 ἵππων
921 2723 1204 2793 ὤφθησαν,
1257 2722 1398 2777 κατὰ
1436 2723 1528 2776 τὸν
1565 2723 1658 2776 ἐπὶ
1696 2723 1788 2776 τὸν

207 2813 403 2864 ἵππον
435 2811 773 2883 ἐπιϐεϐηκότα
817 2814 910 2868 τὸν
942 2813 1178 2885 πυρρόνο
1205 2813 1314 2866 τῶν
1345 2813 1443 2883 μὲν
1477 2813 1656 2867 ἵππων
1695 2814 1788 2882 δη-

206 2903 464 2958 λούντων
503 2903 594 2975 τὴν
639 2904 912 2976 ταχύτητα
951 2906 1056 2975 τῆς
1102 2907 1460 2978 λειτουργίας.
1495 2906 1676 2960 Ἀλλοι
1730 2906 1787 2959 δέ

203 2993 451 3068 πυρρὸν,
485 2995 570 3048 τὸν
594 2995 759 3066 θυμὸν
792 2997 849 3050 ὃν
879 2997 1017 3050 κατὰ
1041 2997 1150 3050 τῶν
1180 2997 1473 3068 ἀλλοτρίων
1498 2993 1662 3068 εἶχον,
1695 2999 1789 3050 καὶ

201 3056 561 3143 τώννευκῶν
601 3056 675 3139 δὲ,
700 3087 781 3148 είς
830 3087 1057 3158 μήνυσιν
1100 3091 1200 3159 τῆς
1239 3056 1786 3159 περἰεσομένηςιτοίς
1815 3056 1859 3115 c

215 3176 586 3248 Ἰσραηλίταις
611 3176 1010 3247 λαμπρότητος,
1045 3179 1108 3231 ὲκ
1131 3179 1230 3250 τῆς
1259 3179 1438 3232 αὐτῶν
1470 3179 1786 3250 ὑπουργίας,

199 3271 276 3340 ἢν
310 3265 654 3330 ἐκτελοῦντες
679 3268 728 3319 al
762 3267 1002 3336 ἄγγελοι,
1024 3269 1122 3332 τάς
1149 3287 1207 3323 τε
1231 3271 1498 3343 τιμωρίας
1530 3271 1790 3340 ἐπάγουσι

200 3364 327 3423 τοῖς
359 3358 561 3413 τούτων
583 3359 775 3425 ἀξίοις,
820 3360 915 3413 καὶ
960 3365 1058 3425 τὰς
1102 3361 1307 3433 δωρεὰς
1345 3363 1670 3434 παρέχουσιν
1698 3362 1792 3427 οὓς

201 3454 276 3508 ἂν
311 3450 568 3515 τοιούτοις
593 3450 914 3519 ἀμείϐεσθαι
947 3451 1073 3523 θέλῃ
1101 3454 1250 3517 Θεός.

291 3545 446 3616 Στίχ.
469 3553 558 3610 ια’,
587 3546 674 3616 ιβ’.
690 3575 764 3588 -—
794 3546 860 3599 Ἦ
884 3545 940 3599 δὲ
955 3545 1062 3598 τῶν
1078 3545 1386 3616 λεγομένων
1413 3542 1702 3605 ἀπόδειξις.
1725 3539 1793 3594 τὰ

208 3639 378 3707 ἑξῆς.
404 3655 426 3688 ε
473 3636 868 3708 Ἀπεκρίθησαν
895 3635 1027 3707 γὰρ,
1051 3636 1235 3706 φησὶν,
1262 3634 1338 3704 τῷ
1358 3632 1572 3700 ἀγγέλῳ
1592 3630 1791 3700 Κυρίου

207 3728 295 3797 τῷ
327 3726 595 3794 ἐφεστῶτι
618 3726 890 3797 ἀναμέσον
917 3726 1024 3779 τῶν
1043 3726 1233 3797 ὀρέων,
1263 3723 1360 3777 καὶ
1383 3719 1559 3776 εἷπον·
1583 3721 1792 3787 Περιω-

205 3818 498 3887 δεύσαμεν
528 3816 622 3888 τὴν
643 3817 748 3886 γῆν
774 3819 986 3871 πᾶσανο
1015 3818 1108 3870 καὶ
1129 3816 1238 3870 ίδοὺ
1276 3815 1427 3868 πᾶσα
1457 3815 1490 3884 ή
1515 3813 1586 3881 γῆ
1613 3826 1794 3864 κατοι-

206 3913 404 3962 κεῖται
435 3909 529 3961 καὶ
549 3909 832 3979 ἡσυχάζει.
865 3925 884 3961 ι
921 3909 1034 3962 Οὐκ
1056 3909 1121 3961 ἂν
1137 3910 1263 3970 τοὺς
1279 3907 1476 3968 ἵππους
1491 3902 1638 3974 αὑτῷ
1653 3904 1792 3956 ἀπο-

206 3998 510 4068 κεκρίσθαι
541 3993 726 4058 είπω]
755 3999 881 4052 ποία
907 4001 1017 4069 γὰρ
1044 3998 1110 4052 ἂν
1141 3997 1235 4052 καὶ
1252 3997 1457 4065 γένοιτο
1476 3995 1583 4049 ἀπὸ
1612 3995 1793 4047 ἵππων

205 4088 374 4158 φωνή
396 4105 414 4152 ;
438 4087 516 4158 (p.
540 4086 667 4157 447)
689 4087 828 4164 ἀλλὰ
845 4087 1001 4158 δῆλον
1023 4088 1107 4142 ὅτι
1128 4086 1253 4150 τοὺς
1275 4086 1384 4138 τῶν
1408 4086 1590 4138 ἵππων
1611 4080 1794 4136 ἐπιϐε-

207 4171 461 4242 ϐηκότας
505 4168 689 4238 λέγει,
724 4169 773 4221 οἳ
823 4171 880 4222 ὲν
913 4173 1094 4240 μορφῇ
1141 4172 1452 4241 φαινόμενοι
1482 4173 1793 4244 ἀνθρώπου,

207 4259 618 4333 παραπλησίως
635 4259 729 4313 τοῦ
750 4259 1020 4330 ἀναμέσον
1039 4264 1143 4317 τῶν
1163 4262 1338 4333 ὀρέων
1353 4261 1462 4316 τῶν
1483 4265 1796 4319 κατασκίων

1887 1819 1992 1870 hoc
2033 1825 2181 1871 esset
2203 1829 2471 1884 equorum
2503 1814 2803 1884 negotium.
2851 1813 3062 1884 Reapse
3083 1820 3265 1868 autem
3307 1819 3465 1882 post-

1888 1921 1954 1962 ea
1998 1905 2187 1961 docuit
2217 1906 2430 1970 dicens,
2457 1905 2559 1961 bos
2597 1919 2721 1961 esse
2747 1903 2843 1974 qui
2881 1905 3020 1958 mitti
3051 1903 3228 1958 solent
3277 1916 3308 1956 a
3356 1901 3464 1956 Deo

1887 1996 1955 2050 ad
1985 1997 2428 2053 circumeundam
2453 2004 2682 2062 terram,
2707 2003 2764 2051 et
2789 1995 3118 2050 conveniens
3137 1991 3464 2063 explendum

1888 2088 2088 2156 ubique
2153 2087 2517 2143 ministerium
2574 2095 2735 2157 prout
2782 2085 2874 2142 Dei
2936 2085 3190 2140 voluntas
3243 2083 3456 2137 tulerit.

1884 2178 2115 2235 Constat
2143 2179 2308 2250 igitur
2329 2177 2397 2234 de
2416 2177 2623 2250 angelis
2639 2177 2960 2248 prophetam
2991 2178 3173 2247 loqui;
3207 2183 3291 2232 est
3315 2175 3462 2230 enim

1888 2271 1992 2326 hoc
2011 2269 2187 2342 angeli
2205 2269 2437 2325 ollicium
2460 2289 2476 2325 :
2499 2269 2566 2324 de
2587 2269 2674 2324 his
2694 2283 2846 2338 ergo,
2877 2284 2983 2323 non
3007 2268 3074 2323 de
3101 2267 3279 2337 equis,
3299 2265 3464 2321 verba

1890 2360 2019 2416 facit
2047 2381 2060 2416 :
2113 2362 2466 2431 quamobrem
2497 2367 2552 2416 et
2579 2361 2627 2416 is
2653 2361 2747 2430 qui
2799 2358 3102 2430 respondit,
3134 2358 3335 2413 missos
3364 2357 3464 2412 hos

1890 2451 2060 2508 fuisse
2085 2453 2160 2507 ait
2189 2452 2256 2507 ad
2283 2451 2730 2507 circumeundam
2770 2458 2993 2513 terram,
3033 2449 3176 2503 baud
3211 2447 3464 2517 equidem

1888 2557 2095 2613 equos,
2157 2541 2252 2599 sed
2297 2543 2510 2612 equites
2571 2541 2780 2596 dicens.
2833 2539 3156 2594 Necessario
3199 2548 3378 2593 autem
3409 2537 3463 2591 bl

1888 2649 2105 2705 quoque
2139 2640 2399 2701 tanquam
2449 2632 2624 2702 angeli
2659 2631 2817 2700 equis
2852 2629 3152 2684 insidentes
3196 2640 3464 2696 apparue-

1889 2735 2045 2791 runt,
2105 2724 2172 2780 ad
2241 2725 2362 2794 ejus
2396 2738 2641 2778 normam
2685 2723 2778 2792 qui
2818 2735 2960 2791 equo
2999 2718 3122 2774 rufo
3163 2717 3464 2782 insidebat;

1888 2820 2044 2889 equis
2071 2817 2321 2872 videlicet
2351 2814 2639 2870 ministerii
2675 2813 3011 2868 celeritatem
3056 2808 3466 2873 indicantibus;

1888 2909 2014 2964 rufo
2029 2917 2209 2965 autem
2233 2907 2416 2962 colore
2433 2908 2568 2960 iram
2588 2920 2696 2976 qua
2718 2904 2771 2959 in
2789 2901 3134 2958 adversarios
3152 2898 3463 2955 fervebant:

1890 3002 2121 3071 denique
2173 3008 2227 3056 et
2279 2999 2499 3070 quidam
2541 2998 2681 3063 albi,
2742 2995 3110 3052 lsraelitarum
3163 2992 3467 3048 claritatem

1891 3089 2303 3160 portendebant,
2333 3104 2398 3143 ex
2426 3089 2640 3142 illorum
2693 3087 2997 3141 ministerio
3027 3084 3288 3146 futuram,
3319 3081 3468 3152 quod

1890 3197 2078 3237 revera
2115 3181 2287 3252 angeli
2338 3187 2616 3244 exerceant,
2651 3193 2842 3250 poenas
2889 3178 3065 3233 noxiis
3099 3179 3463 3247 imponentes,

1891 3274 2156 3330 beneﬁcia
2189 3286 2319 3328 vero
2359 3272 2469 3328 illis
2517 3285 2658 3342 quos
2697 3269 2846 3328 Deus
2887 3267 3226 3324 remunerari
3279 3266 3468 3320 volue-

1893 3368 1980 3421 rit.

1965 3547 2131 3602 Vens.
2159 3547 2248 3612 ll,
2275 3544 2362 3598 l2.
2387 3573 2457 3584 --
2478 3541 2753 3597 Dictorum
2777 3550 2960 3596 autem
2989 3537 3382 3594 demonstratio
3411 3537 3466 3590 in

1896 3637 2254 3708 sequentibus
2298 3635 2375 3688 ﬁt.
2429 3634 2537 3687 «Et
2576 3633 2996 3702 responderunt,
3041 3630 3238 3698 inquit,
3273 3629 3469 3698 angelo

1899 3727 2136 3787 Domini,
2181 3727 2273 3795 qui
2305 3725 2485 3780 stabat
2537 3725 2680 3778 inter
2707 3730 2942 3783 montes,
2979 3730 3142 3790 atque
3177 3720 3465 3774 dixerunt:

1897 3818 2328 3876 Circumivimus
2356 3819 2670 3870 universam
2697 3823 2898 3869 terram
2922 3830 2936 3879 ;
2967 3821 3022 3867 et
3045 3827 3173 3866 ecce
3215 3812 3470 3866 universa

1896 3921 2043 3966 terra
2071 3910 2374 3974 habitatur,
2414 3916 2469 3962 et
2498 3908 2756 3978 quiescit.
2785 3926 2804 3959 ι
2838 3903 2996 3960 Haud
3030 3905 3278 3975 equidem
3302 3919 3472 3973 equos

1898 4001 2000 4058 sibi
2027 3999 2191 4070 296
2211 3999 2562 4068 respondisse
2583 3997 2718 4053 dicit
2741 4013 2756 4063 ;
2782 4011 2907 4051 nam
2931 4009 3178 4067 quaenam
3204 4009 3471 4066 equorum

1897 4105 2003 4146 vox
2051 4090 2287 4146 fuisset?
2336 4089 2443 4145 Sed
2490 4097 2636 4159 patet
2673 4089 2891 4159 equites
2921 4089 2990 4142 ab
3031 4102 3098 4143 eo
3127 4088 3259 4152 diei,
3292 4087 3384 4157 qui
3415 4088 3472 4142 in

1897 4181 2138 4236 hominis
2187 4179 2358 4249 figura
2400 4180 2590 4243 oblati,
2633 4181 2700 4233 ad
2750 4192 2998 4232 normam
3041 4177 3162 4247 ejus
3205 4178 3298 4246 qui
3333 4177 3473 4231 inter

1899 4281 2116 4329 montes
2149 4273 2444 4327 umbrosos
2485 4287 2630 4340 equo
2662 4269 2791 4325 rufo
2838 4270 3086 4326 insidens
3123 4274 3470 4339 apparuerat,

207 4352 298 4421 ἐφ’
338 4350 510 4403 ἵππου
550 4348 811 4418 φανέντος
849 4351 1059 4422 πυρροῦ
1084 4391 1100 4418 ,
1147 4352 1370 4415 εἰκότως
1421 4354 1683 4422 ἀνάλογον
1728 4358 1790 4427 τῇ

1905 4367 2100 4421 merito
2129 4378 2431 4434 congruum
2465 4364 2664 4431 speciei
2699 4376 2821 4415 eum
2855 4376 2922 4417 eo
2943 4362 3212 4431 dialogum
3236 4359 3470 4414 habituri

209 4444 341 4512 ὕψει
367 4442 466 4512 τὴν
491 4440 626 4512 πρὸς
647 4439 809 4494 αὐτὸν
835 4441 1102 4496 ποιεῖσθαι
1140 4442 1374 4509 διάλεξιν
1406 4444 1637 4514 ἤμελλον
1656 4487 1670 4510 ,
1702 4446 1794 4515 ἀφ’

217 4531 284 4605 ἧς
323 4533 389 4604 δὴ
408 4534 504 4586 καὶ
530 4536 559 4587 δ
589 4535 875 4606 προφήτης
908 4534 1047 4588 κατά
1073 4535 1415 4604 ἀποκάλυψιν
1436 4536 1544 4590 τῶν
1573 4537 1798 4608 λεγομέ-

221 4644 328 4680 νων
361 4624 606 4691 ἀκούων,
643 4625 741 4697 τὴν
773 4625 833 4690 ἐξ
860 4625 1036 4679 αὐτῶν
1060 4627 1402 4682 διδασκαλίαν
1434 4628 1662 4700 ἐδέχετο.
1697 4631 1799 4684 Εὖ-

223 4716 379 4786 δηλον
404 4716 512 4786 γὰρ
546 4718 629 4770 ὅτι
662 4719 813 4770 πᾶσα
843 4719 876 4788 ἡ
909 4718 1247 4787 ἀποκάλυψις
1277 4720 1370 4772 καὶ
1401 4720 1470 4772 τά
1508 4721 1596 4773 ἐπ’
1630 4723 1799 4792 αὐτῆς

227 4807 609 4878 θεωρούμενα,
645 4810 741 4862 καὶ
795 4808 904 4861 εἴτε
959 4809 1262 4882 ἐρώτησις,
1308 4812 1416 4864 εἴτε
1476 4813 1799 4882 ἀπόκρισις,

225 4899 322 4954 εἷθ’
346 4900 375 4952 ὃ
409 4917 465 4954 τι
491 4900 710 4972 δήποτε,
743 4901 919 4955 πάντα
949 4903 1040 4956 ἐπὶ
1072 4904 1170 4973 τῆς
1199 4903 1593 4974 ἀποκαλύψεως
1625 4907 1800 4960 διετύ-

224 4990 417 5044 ποῦτο·
442 4993 516 5057 ὡς
543 4994 608 5050 ἂν
629 4993 719 5049 διὰ
740 4994 956 5048 πάντων
977 4996 1076 5066 τὴν
1098 4995 1442 5050 διδασκαλίαν
1466 4998 1494 5048 ὁ
1520 5000 1802 5068 προφήτης

223 5079 543 5151 δεξάμενος,
575 5083 740 5147 αὑτός
769 5101 829 5137 τε
865 5083 1045 5138 πίστιν
1073 5087 1199 5156 περὶ
1234 5087 1343 5140 τῶν
1382 5088 1653 5157 ἐσομένων
1687 5089 1801 5158 ἔχοι

229 5172 467 5241 βεϐαίαν,
486 5176 577 5229 καὶ
597 5179 678 5240 είς
699 5175 921 5248 ἐτέρους
941 5177 1159 5246 ἐκφέροι
1181 5177 1279 5248 τὴν
1301 5179 1584 5246 ὠφέλειαν.
1615 5181 1800 5234 Ἕοικε

227 5264 284 5315 δὲ
329 5264 418 5319 τὸν
448 5266 812 5337 ἐπιϐεϐηκότα
843 5266 936 5319 ἐπὶ
972 5267 1063 5322 τὸν
1094 5267 1259 5321 ἵππον
1305 5268 1578 5338 ἀναμέσον
1615 5271 1807 5343 ὀρέων,

223 5355 454 5423 ἄγγελον
501 5357 841 5415 αἰνίττεσθαι
890 5357 984 5412 τὸν
1047 5358 1326 5428 ἐφεστῶτα
1374 5359 1451 5430 τῷ
1501 5360 1642 5415 ἔθνει
1705 5366 1813 5419 τῶν

239 5446 577 5519 Ἰσραηλιτῶν
602 5491 618 5518 ,
657 5450 804 5508 κατὰ
849 5449 914 5504 τὸ
953 5451 1241 5522 εἰρημένον
1266 5493 1280 5517 ,
1329 5469 1348 5504 ι
1377 5453 1640 5523 Ἕστησεν
1681 5457 1803 5529 ὅρια

296 5627 341 5657 ⁸⁸
372 5627 518 5688 Deut.
568 5647 743 5697 um,
786 5630 838 5684 8.

1903 4465 2096 4521 erant;
2157 4469 2223 4510 ex
2269 4468 2378 4523 quo
2425 4455 2590 4508 etiam
2641 4452 2901 4522 propheta
2947 4467 3045 4521 per
3093 4451 3475 4505 revelationem

1904 4565 2025 4620 qua:
2047 4548 2367 4602 dicebantur
2391 4545 2640 4609 audiens,
2675 4559 2856 4599 rerum
2881 4543 3129 4597 notitiam
3165 4525 3474 4594 hauriebat.

1903 4639 2131 4693 Constat
2159 4637 2305 4692 enim
2334 4634 2633 4707 quamlibet
2659 4635 3070 4695 revelationem,
3120 4642 3175 4686 et
3203 4646 3293 4685 res
3328 4631 3381 4682 in
3411 4644 3477 4683 ea

1904 4731 2073 4795 visas,
2124 4729 2237 4784 sive
2287 4726 2672 4798 interrogando
2721 4725 2834 4788 ﬁat,
2907 4725 3020 4781 sive
3069 4720 3473 4792 respondendo,

1906 4823 2022 4876 sive
2067 4820 2495 4890 quomodolibet,
2546 4818 2691 4873 haud
2737 4818 2896 4872 aliter
2931 4831 3094 4885 quam
3124 4812 3478 4867 revelationis

1906 4921 2034 4984 typo
2061 4912 2174 4967 ﬁeri
2197 4931 2210 4966 :
2244 4920 2305 4966 ut
2335 4928 2430 4983 per
2459 4912 2573 4966 haec
2593 4910 2775 4965 omnia
2794 4910 3056 4980 pr0pheta
3080 4907 3327 4967 edoctus,
3359 4912 3473 4958 tum

1908 5005 2023 5073 ipse
2054 5003 2359 5057 futurorum
2387 5012 2681 5057 eventuum
2714 5002 2924 5055 firmam
2957 5001 3115 5054 ﬁdem
3141 4999 3474 5065 conciperet,

1908 5103 2072 5164 atque
2119 5094 2240 5149 aliis
2285 5110 2503 5164 quoque
2532 5095 2820 5149 utilitatem
2870 5092 3262 5160 impertiretur.
3307 5086 3480 5141 l’orro

1905 5187 2124 5240 videtur
2152 5202 2248 5257 per
2279 5186 2433 5239 illum
2460 5186 2722 5254 equitem,
2763 5186 2992 5239 innuere
3021 5180 3270 5250 angelum
3303 5177 3479 5232 Israc-

1905 5279 2122 5332 litarum
2175 5278 2320 5348 genti
2364 5277 2766 5348 praesidentem,
2815 5275 2972 5345 juxta
3020 5274 3260 5328 dictum:
3297 5269 3480 5325 «Con-

1905 5370 2088 5425 stituit
2120 5369 2388 5424 terminos
2413 5369 2736 5438 populorum
2765 5366 2923 5436 juxta
2957 5380 3244 5420 numerum
3273 5360 3484 5431 angelo-

1912 5475 2032 5514 rum
2063 5459 2159 5514 Dei
2183 5460 2250 5511 “.
2273 5479 2291 5512 ι
2330 5459 2595 5525 Quoniam
2629 5473 2759 5528 ergo
2789 5456 2981 5526 reliqui
3023 5454 3399 5525 angeli,.cur;e
3425 5457 3485 5505 ut
