4022 6138
1744 261 1831 315 ΤΗ
1843 260 2090 319 EODORI
2134 263 2614 322 MOPSUESTENI

3699 268 3807 321 5η

560 383 660 439 par
687 375 803 423 erat
829 365 1144 436 participes,
1173 364 1240 418 de
1263 364 1556 421 antedictis
1607 366 1994 437 loquebantur,
2031 370 2124 424 alii

2250 372 2399 425 ;θνῶν
2428 373 2566 426 κατά
2598 373 2832 444 ἀριθμὸν
2881 374 3125 441 ἀγγέλων
3155 373 3312 428 Θεοῦ.
3339 393 3359 426 ι
3405 375 3614 446 Ὠσπερ
3638 373 3731 430 οὖν
3754 378 3808 430 οι

559 475 690 514 vero
732 458 896 514 etiam
956 456 1173 511 aiebant
1229 455 1544 510 universam
1583 464 1783 512 terram
1841 460 1894 513 in
1951 463 2134 530 quiete

562 551 810 616 versari;
850 566 911 604 ex
947 549 1031 601 bis
1061 547 1153 602 ille
1178 562 1397 618 quoque
1426 549 1772 605 occasionem
1810 560 2005 608 nactus
2026 561 2130 620 est,

561 645 652 710 qui
694 642 834 694 inter
884 639 1172 693 umbrosos
1216 648 1430 694 montes
1461 640 1776 714 apparebat,
1824 658 1924 698 ceu
1951 646 2131 714 p0puli

561 732 664 788 sibi
692 746 823 784 cura
853 729 1188 794 concredita,
1208 745 1273 784 ac
1299 729 1492 786 dolens
1514 731 1678 784 veluti
1704 733 1848 801 quod
1867 749 1988 788 cum
2015 751 2134 788 om-

562 825 649 876 nia
679 822 860 890 quiete
896 832 1136 891 agerent,
1162 822 1332 875 solius
1364 819 1702 876 Hierusalem
1728 838 1816 878 res
1841 826 2134 880 turbaren-

563 923 670 978 tur,
693 912 1062 977 occasionem,
1086 913 1329 982 inquam,
1352 913 1498 982 cepit
1523 927 1737 982 precem
1763 916 2052 983 quamdam
2081 926 2135 972 et

560 1002 992 1056 obsecrationem
1041 1017 1140 1072 pro
1185 1003 1444 1057 universo
1477 1005 1677 1072 populo
1705 1003 1798 1058 Dei
1835 995 2130 1062 'ollerendi.

571 1110 588 1141 ι
610 1089 910 1160 Respondit
933 1092 1100 1157 enim,
1137 1093 1332 1162 inquit,
1355 1095 1582 1163 angelus
1606 1093 1819 1148 Domini
1887 1098 2136 1169 dixitque

565 1179 679 1242 (ille
702 1179 910 1234 scilicet
938 1180 1032 1249 qui
1065 1180 1204 1235 inter
1231 1189 1443 1237 montes
1480 1183 1848 1250 consistebat;
1880 1202 2002 1238 nam
2031 1203 2136 1243 caa-

567 1269 669 1324 teri
711 1270 1020 1324 universam
1063 1280 1263 1323 terram
1312 1270 1567 1324 dixerant
1602 1271 1839 1326 habitari
1887 1282 1941 1329 et
1976 1277 2136 1344 quie-

569 1361 740 1431 scere)
767 1382 780 1416 ;
875 1360 1098 1415 Domine
1124 1362 1491 1430 omnipotens,
1526 1377 1813 1433 quousque
1838 1379 1946 1419 non
1973 1366 2136 1420 mise-

565 1452 770 1508 reberis
803 1449 1158 1514 Hierusalem,
1193 1452 1523 1522 urbiumque
1546 1452 1722 1517 Judm,
1751 1470 1891 1524 quas
1915 1464 2137 1525 septua-

562 1546 710 1614 ginta
737 1542 848 1611 jam
880 1557 1054 1596 annos
1085 1554 1414 1611 aspernatus
1437 1545 1576 1599 es?»
1619 1545 1815 1602 Dicens
1846 1563 2137 1618 propemo-

563 1634 692 1688 dum
717 1651 728 1686 :
768 1632 992 1688 Caeteris
1015 1633 1269 1703 gentibus
1296 1636 1576 1700 omnibus,
1609 1644 1786 1690 tutum
1811 1638 2022 1706 praebes
2050 1639 2134 1692 in-

2234 461 2408 514 λοιποὶ
2437 461 2544 515 τῶν
2571 461 2817 530 ἀγγέλων
2846 461 3223 526 κοινωνοῦντες
3247 461 3324 526 ὡς
3353 463 3499 526 εἰκὸς
3519 463 3614 534 τῆς
3648 483 3811 536 φρον-

2234 549 2376 613 τίδος
2409 551 2540 622 περὶ
2567 550 2672 603 τῶν
2702 551 3074 623 προκειμένων
3095 550 3419 619 διελέγοντο,
3456 551 3505 605 οἳ
3543 554 3636 606 καὶ
3663 554 3809 624 ἐμή-

2237 659 2403 694 νυσαν
2437 641 2586 712 αὐτῷ
2613 642 2674 695 τὸ
2694 644 2874 696 πᾶσαν
2905 641 3001 712 τὴν
3029 642 3130 709 γῆν
3159 643 3215 694 ἐν
3248 642 3447 713 ήσυχίᾳ
3479 641 3811 697 καθεστάναι

2234 733 2353 786 τότε
2377 750 2390 764 ο
2420 733 2512 802 ἀφ’
2540 726 2616 786 ὧν
2650 733 2712 804 δὴ
2746 735 2838 787 καὶ
2867 733 3050 805 χώραν
3076 735 3280 796 ἐκεῖνος
3315 733 3494 786 λαϐὼν
3533 733 3814 803 άναμέσον

2234 826 2344 878 τῶν
2370 825 2681 878 κατασκίων
2706 825 2877 894 ὁρέων
2899 824 3084 894 ὀφθεὶς
3101 863 3116 889 ,
3147 825 3218 894 (p.
3244 823 3368 893 448)
3389 824 3464 887 ὡς
3491 824 3557 878 ἂν
3585 825 3683 895 τὴν
3713 824 3812 878 τοῦ

2235 914 2366 969 λαοῦ
2392 916 2646 986 φροντίδα
2687 916 3141 985 πεπιστευμένος,
3173 915 3266 968 καί
3295 932 3347 967 τι
3395 916 3485 968 καὶ
3525 915 3714 969 παθὼν
3759 918 3814 967 εί

2238 1005 2414 1058 πάντα
2456 1005 2553 1076 μὲν
2582 1005 2728 1057 ἐστιν
2754 1007 2810 1058 ἐν
2844 1005 3076 1075 ήσυχίᾳ,
3109 1003 3179 1057 τὰ
3219 1003 3358 1058 κατά
3395 1003 3492 1074 τὴν
3531 1005 3811 1074 Ἰερουσα-

2233 1095 2344 1165 λήμ
2383 1095 2439 1148 δέ
2496 1094 2913 1165 διατετάρακται
2949 1095 3105 1165 μόνα,
3127 1095 3291 1164 εὐχήν
3323 1109 3443 1146 τινα
3489 1094 3583 1146 καὶ
3625 1093 3816 1164 δέησιν

2236 1186 2376 1254 ὑπὲρ
2406 1185 2605 1249 παντὸς
2638 1185 2731 1238 τοῦ
2771 1183 2957 1248 ἔθνους
2988 1181 3260 1256 προσάγει
3305 1186 3382 1258 τῷ
3417 1183 3555 1254 Θεῷ.
3603 1204 3621 1235 ι
3645 1185 3815 1236 Ἄπε-

2236 1275 2398 1346 κρίθη
2429 1276 2574 1346 γὰρ,
2611 1277 2775 1346 φησὶν
2799 1315 2814 1339 ,
2856 1277 2885 1328 ὁ
2910 1275 3139 1344 ἄγγελος
3177 1277 3380 1346 Κυρίου
3431 1277 3524 1328 καὶ
3576 1271 3751 1327 εἶπεν.
3792 1293 3810 1325 ι

2250 1367 2483 1430 Ἐκεῖνος
2524 1367 2586 1437 δὴ
2631 1369 2659 1420 ό
2701 1367 2973 1437 ἀναμέσον
3004 1367 3112 1420 τῶν
3160 1367 3329 1438 ὀρέων
3360 1365 3598 1436 ἐφεστὼς
3622 1407 3636 1427 ,
3671 1368 3819 1437 ὅπερ

2237 1453 2328 1510 οὖν
2378 1453 2529 1510 εἷπον
2557 1457 2606 1510 oi
2653 1455 2829 1508 λοιποὶ
2863 1456 2924 1508 τὸ
2956 1457 3135 1508 πᾶσαν
3162 1455 3260 1525 τὴν
3292 1455 3396 1524 γῆν
3441 1453 3819 1508 κατοικεῖσθαι

2238 1548 2330 1601 καὶ
2357 1547 2668 1617 ἡσυχάζειν.
2710 1565 2728 1596 ι
2753 1545 2924 1616 Κύριε
2966 1544 3359 1616 παντοκράτωρ
3379 1585 3392 1608 ,
3420 1544 3523 1606 ἓως
3560 1543 3704 1606 τίνος
3749 1544 3818 1595 οὐ

2241 1638 2314 1708 μὴ
2337 1637 2564 1708 ἐλεήσῃς
2592 1637 2692 1706 τὴν
2736 1635 3090 1706 Ἰερουσαλὴμ
3116 1636 3211 1688 καὶ
3252 1634 3350 1698 τὰς
3400 1634 3578 1697 πόλεις
3617 1632 3817 1694 Ἰούδα,

564 1725 799 1778 colatum
829 1734 884 1778 et
909 1725 1168 1794 quietem,
1201 1725 1386 1794 inqua
1439 1727 1562 1783 illas
1595 1729 1799 1782 versari
1835 1731 2135 1797 concedis;

2250 1727 2303 1789 ὶς
2332 1728 2610 1798 ὑπερεῖδες
2660 1728 2819 1782 τοῦτο
2843 1727 3239 1798 ἑϐδομηκοστὸν
3265 1727 3381 1789 ἔτος
3405 1746 3418 1791 ;
3447 1746 3465 1777 ι
3514 1727 3822 1796 Μονονουχὶ

564 1815 682 1868 sola
714 1831 840 1872 vero
882 1829 997 1881 tua,
1060 1825 1120 1870 ut
1165 1818 1398 1883 videtur,
1442 1817 1781 1875 Hierusalem
1816 1828 1871 1874 et
1919 1823 2141 1891 reliquie

563 1901 718 1960 Iudae
743 1905 994 1960 civitates
1019 1909 1297 1961 communi
1331 1909 1435 1962 hoc
1461 1924 1571 1963 non
1602 1909 1863 1964 fruuntur
1891 1925 2138 1965 munere.

569 1993 678 2048 Sed
723 1996 981 2064 quoniam
1031 1997 1108 2052 rei
1153 1998 1319 2067 hujus
1347 2014 1515 2055 causa
1548 2009 1769 2068 peccata
1791 2002 2138 2064 exstiterunt,

567 2095 729 2155 atque
775 2088 1071 2159 impietatis
1126 2092 1394 2159 studium,
1457 2092 1620 2162 297
1667 2102 1720 2147 et
1771 2093 2137 2157 contumacia,

567 2181 941 2250 misericordia
985 2183 1142 2238 malis
1184 2184 1307 2253 ejus
1344 2185 1609 2245 medetor,
1655 2193 1709 2240 et
1739 2200 2008 2238 annorum
2045 2200 2144 2236 nu-

568 2286 780 2326 merum
821 2274 1122 2342 respiciens
1153 2275 1355 2344 quibus
1387 2277 1472 2329 bis
1517 2286 1843 2346 premuntur
1867 2277 2145 2331 calamita-

569 2363 736 2428 tibus,
777 2365 1134 2420 suﬂicientem
1162 2367 1275 2435 jam
1307 2369 1546 2436 peccatis
1576 2369 1872 2422 arbitrator
1905 2369 2146 2436 punitio-

569 2465 690 2504 nem
730 2454 872 2504 mala
910 2453 1042 2512 haec.
1077 2469 1200 2522 quae
1234 2455 1383 2522 ipsos
1418 2462 1573 2508 tanto
1603 2465 1848 2524 tempore
1879 2456 2138 2508 obruunt.

569 2543 935 2606 Quamobrem
990 2548 1276 2601 clementia
1327 2559 1419 2602 tua
1471 2560 1694 2618 peccato
1747 2549 1892 2602 omni
1942 2549 2139 2612 deleto,

571 2633 858 2701 pristinam
911 2636 1078 2691 redde
1125 2637 1565 2706 prosperitatem,
1623 2645 1764 2692 utet
1802 2637 2140 2692 Hierusalem

569 2723 724 2794 juxta
769 2727 1004 2792 priorem
1044 2726 1272 2781 formam
1301 2727 1621 2794 :edilicelur,
1655 2735 1710 2781 et
1743 2728 1964 2798 reliqua:
1989 2725 2142 2782 Judre

571 2813 820 2868 civitates
850 2817 1032 2870 denuo
1061 2818 1393 2872 consistant.

2236 1820 2430 1887 λέγων,
2454 1820 2594 1872 nam
2622 1823 2734 1882 τοῖς
2751 1819 2956 1882 λοιποῖς
2975 1819 3152 1872 έθνεσι
3173 1821 3284 1880 τοῖς
3304 1819 3441 1872 κατά
3465 1817 3566 1884 γῆν
3595 1817 3822 1886 ἀσφαλῆ

2239 1907 2510 1978 παρέσχες
2531 1908 2628 1978 τὴν
2649 1910 2861 1979 οἴκησιν
2890 1908 2984 1961 καὶ
3013 1908 3111 1978 τὴν
3137 1907 3366 1977 ἡσυχίαν
3389 1947 3402 1970 ,
3441 1907 3558 1976 μεθ’
3585 1901 3653 1977 ἧς
3686 1905 3826 1958 ἕτα-

2240 1997 2336 2063 ξας
2363 1998 2568 2065 διάγειν
2601 1998 2797 2062 αύτούς
2817 2016 2830 2028 °
2860 1999 2995 2069 μόνῃ
3014 1999 3069 2051 δὲ
3109 2001 3141 2068 ή
3170 1997 3236 2067 σὴ
3275 1999 3350 2060 ὡς
3373 1997 3546 2050 έοικεν
3571 2036 3584 2059 ,
3614 1998 3824 2066 Ἰερου-

2243 2087 2425 2156 σαλὴμ
2468 2089 2562 2139 καὶ
2602 2089 2658 2140 αί
2703 2089 2887 2141 λοιπαὶ
2933 2087 3027 2140 τοῦ
3071 2087 3238 2141 Ἰούδα
3263 2087 3464 2149 πόλεις
3501 2088 3598 2155 τῆς
3630 2086 3826 2155 κοινῆς

2238 2177 2439 2246 ταύτης
2483 2179 2583 2230 οὐκ
2642 2177 2973 2230 ἀπολαύουσι
3037 2178 3261 2248 δωρεᾶς.
3327 2177 3464 2230 Ἀλλ’
3519 2177 3828 2248 ἐπειδήπερ

2240 2267 2387 2320 αἰτία
2423 2267 2628 2320 τούτων
2655 2268 2836 2331 αὐτοῖς
2865 2268 2932 2320 τά
2988 2269 3360 2338 ἁμαρτήματα
3391 2266 3609 2336 γέγονε,
3657 2267 3754 2320 καὶ
3789 2271 3826 2336 ή

2239 2359 2338 2427 τῆς
2386 2360 2637 2422 ἀσεϐείας
2669 2360 2970 2429 ἐπιμέλεια,
3007 2359 3100 2412 καὶ
3131 2359 3192 2410 τὸ
3221 2357 3505 2421 δυσπειθὲς
3530 2398 3544 2421 ,
3577 2358 3713 2424 ἐλέῳ
3753 2357 3828 2426 δὴ

2239 2449 2307 2501 τὰ
2342 2453 2461 2502 κατ’
2497 2450 2664 2513 αὑτὰς
2693 2451 2871 2512 ἴασαι,
2908 2449 2940 2519 ἡ
2979 2450 3114 2519 πρὸς
3149 2449 3238 2502 τὸν
3268 2447 3502 2518 ἀριθμὸν
3539 2447 3647 2501 τῶν
3679 2447 3831 2501 ἐτῶν

2251 2541 2563 2609 ἀποϐλέψας
2599 2542 2657 2593 ἐν
2694 2537 2774 2604 οἷς
2823 2544 2880 2594 ἐν
2911 2544 3032 2604 ταῖς
3056 2543 3367 2612 συμφοραῖς
3406 2542 3659 2609 γεγόνασι
3688 2540 3832 2593 ταύ-

2249 2649 2400 2694 ταις,
2430 2631 2702 2702 ἀρκοῦσαν
2733 2633 2869 2702 ὑπὲρ
2901 2627 2974 2685 ὧν
2999 2633 3244 2704 ἥμαρτον
3281 2632 3490 2700 λόγισαι
3514 2633 3613 2701 τὴν
3645 2648 3829 2702 τιμω-

2253 2723 2373 2792 ρίαν
2400 2725 2504 2774 τῶν
2549 2725 2606 2776 ὲν
2657 2724 2895 2795 τοσούτῳ
2938 2725 3112 2795 χρόνῳ
3142 2725 3581 2795 περιεσχηκότων
3625 2725 3832 2788 αὐτοὺς

2248 2816 2434 2869 κακῶν
2456 2834 2469 2846 ο
2509 2815 2640 2886 ἐλέῳ
2670 2833 2730 2868 τε
2751 2817 2934 2886 οἰκείῳ
2951 2817 3017 2869 τὰ
3049 2818 3420 2888 ἁμαρτήματα
3440 2817 3618 2871 αὐτῶν
3648 2833 3828 2888 παραυ

572 2904 916 2974 γραψάμενος
942 2897 1174 2968 άπαντά,
1204 2907 1296 2959 καὶ
1337 2907 1434 2978 τὴν
1474 2907 1710 2961 παλαιὰν
1739 2907 1919 2970 αὐτοῖς
1957 2908 2188 2970 ἀποδοὺς
2217 2906 2517 2976 εὐπραγίαν
2541 2925 2554 2938 ο
2592 2908 2731 2961 ὥστε
2765 2908 2860 2961 καὶ
2889 2908 2990 2978 τὴν
3023 2907 3374 2978 Ἰερουσαλὴμ
3406 2907 3711 2978 οἰκισθῆναι
3764 2909 3835 2960 τὸ

574 2993 836 3068 πρότερον
889 3000 1074 3068 σχῆμα
1146 3001 1240 3054 καὶ
1267 3001 1367 3064 τὰς
1392 3002 1585 3066 λοιπὰς
1617 3003 1708 3055 τοῦ
1754 3003 1924 3056 Ἰούδα
1965 3003 2146 3066 πόλεις
2185 2999 2336 3066 αὖθις
2371 3004 2648 3074 συστῆναι.

647 3086 811 3144 Vens.
848 3091 928 3152 l3.
952 3091 1034 3142 ΓΙ.
1062 3120 1125 3129 -
1154 3092 1380 3160 Insuper
1409 3095 1582 3161 pergit
1611 3094 1826 3147 dicere:
1863 3113 1879 3143 ι
1902 3092 2143 3162 Respon-

2320 3093 2466 3162 Στίχ.
2499 3101 2588 3161 ιγ’,
2615 3095 2700 3159 ιζ’.
2727 3125 2794 3136 —
2815 3095 2957 3166 Πρὸς
2985 3093 3042 3147 δὲ
3066 3092 3242 3146 ταῦτα
3263 3093 3486 3160 ἐπάγει·
3508 3111 3525 3142 ι
3553 3092 3664 3145 Καὶ
3693 3093 3837 3145 ἀπε-

575 3179 767 3248 ditque
799 3179 1065 3236 Dominus
1095 3184 1443 3251 omnipotens
1479 3186 1672 3254 angelo
1700 3186 1938 3253 loquenti
1973 3185 2029 3238 in
2065 3201 2151 3239 me

576 3267 718 3321 bona
747 3269 910 3322 verba
955 3278 1010 3324 et
1055 3285 1337 3326 sermones
1387 3275 1808 3328 consolatorios.
1836 3295 1855 3324 ›
1897 3273 2152 3329 Ostendit

577 3357 666 3414 his
717 3359 900 3415 verbis
955 3361 1098 3415 hanc
1151 3377 1272 3417 esse
1320 3364 1622 3418 orationem
1673 3364 1820 3417 illius
1870 3363 1962 3433 qui
2013 3367 2152 3418 inter

577 3458 793 3506 montes
841 3453 1133 3508 umbrosos
1185 3454 1510 3524 loquebatur
1553 3456 1606 3508 in
1645 3470 1743 3511 eo:
1806 3452 1893 3509 cui
1964 3450 2144 3521 inquit

579 3543 933 3613 respondisse
1024 3544 1194 3600 Deum
1247 3546 1436 3616 plenos
1485 3546 1823 3616 benignitate
1870 3560 2154 3600 sermones

579 3635 985 3706 multorumque
1035 3637 1303 3692 bonorum
1349 3638 1734 3707 promissores,
1788 3637 1994 3706 quique
2039 3651 2155 3692 om-

580 3727 712 3781 nino
766 3728 833 3784 ad
875 3729 1270 3785 consolandum
1316 3729 1628 3786 sullicercnt
1678 3728 1929 3782 homines
1967 3729 2021 3782 in
2075 3735 2156 3781 tot

489 3883 491 3885 ,
579 3820 857 3888 tantisque
904 3821 1172 3888 angustiis
1217 3829 1522 3876 versantes.
1557 3818 1771 3885 Quibus
1810 3818 1993 3873 verbis
2038 3817 2155 3888 ipse

583 3911 808 3980 angelus
847 3912 914 3965 ad
955 3911 1209 3966 ﬁduciam
1248 3921 1486 3975 erectus,
1539 3910 1812 3980 signiﬁcat
1847 3908 2149 3980 prophetat,

583 4016 706 4069 qua:
749 4002 853 4057 sibi
912 4001 1053 4057 Deus
1107 4003 1320 4057 dixerat
1370 4001 1608 4055 maxima
1661 4002 1804 4054 bona
1853 4000 2153 4070 spondeus,

584 4107 707 4160 quae
735 4091 1000 4163 deinceps
1033 4093 1153 4147 urbi
1191 4091 1528 4147 Hierusalem
1563 4090 1829 4145 conferet.
1869 4109 1886 4142 ι
1908 4089 2157 4158 Dixitque

588 4184 720 4238 mibi
743 4185 966 4254 angelus
992 4187 1082 4254 qui
1111 4186 1163 4239 in
1190 4201 1275 4239 me
1307 4184 1629 4254 loquebatur
1653 4201 1663 4236 :
1695 4183 1903 4245 ulama,
1931 4180 2152 4236 dicens:

592 4277 720 4330 llaec
783 4275 916 4328 dicit
936 4273 1198 4330 Dominus
1218 4274 1600 4343 omnipotens:
1637 4271 1856 4327 Zelatus
1877 4286 1998 4325 sum
2027 4269 2157 4324 Sion

590 4369 756 4431 atque
799 4363 1141 4420 Hierusalem
1186 4365 1305 4420 zelo
1346 4381 1560 4435 tuagno.
1598 4364 1664 4418 Et
1701 4364 1783 4418 ira
1824 4378 2018 4433 magna
2050 4362 2159 4416 ira-

2257 3182 2416 3252 κρίθη
2438 3183 2639 3252 Κύριος
2665 3184 3054 3254 παντοκράτωρ
3080 3181 3158 3253 τῷ
3176 3182 3390 3252 ἀγγέλῳ
3411 3181 3487 3252 τῷ
3504 3180 3756 3233 λαλοῦντι
3773 3185 3838 3234 ἐν

2257 3275 2380 3342 ἐμοὶ
2393 3277 2610 3345 ῥήματα
2620 3275 2759 3344 καλὰ
2774 3276 2868 3328 καὶ
2878 3275 3064 3342 λόγους
3077 3292 3151 3327 πα
3159 3273 3540 3345 ρακλητικούς.
3561 3290 3579 3324 ι
3602 3273 3677 3343 (p.
3699 3274 3836 3342 449)

2261 3365 2467 3431 Ἕδειξε
2499 3365 2592 3418 καὶ
2631 3366 2718 3419 διὰ.
2743 3365 2934 3418 τούτου
2967 3366 3050 3418 δτι
3079 3365 3242 3418 αὑτοῦ
3287 3364 3378 3418 τοῦ
3423 3363 3694 3433 ἁναμέσον
3722 3363 3841 3416 τῶν

2257 3456 2428 3526 ὀρέων
2457 3455 2564 3508 τῶν
2591 3457 2900 3509 κατασκίων
2942 3454 3038 3508 τοῦ
3067 3453 3354 3516 λαλοῦντος
3400 3454 3458 3505 ἐν
3485 3451 3632 3522 αύτῷ
3667 3452 3764 3504 καὶ
3799 3455 3839 3522 ή

2256 3547 2438 3615 δέησις
2457 3543 2524 3616 ἦν
2550 3546 2688 3614 αῦτη
2711 3563 2725 3576 ο
2755 3547 2891 3618 πρὸς
2916 3545 2975 3598 ὃν
2993 3545 3141 3612 λέγει
3168 3545 3258 3597 τὸν
3285 3544 3418 3596 Θεὸν
3437 3543 3844 3613 ἀποκεκρίσθαι

2260 3635 2462 3704 πολλῆς
2509 3637 2842 3706 ἀγαθότητος
2889 3636 3155 3706 γέμοντας
3207 3635 3425 3703 λόγους,
3478 3636 3573 3688 καὶ
3620 3635 3844 3688 πολλῶν

2260 3729 2480 3797 ἀγαθῶν
2509 3729 2730 3799 ἔχοντας
2763 3728 3096 3796 ἐπαγγελίαν
3119 3768 3133 3791 ,
3169 3729 3263 3780 καὶ
3311 3729 3529 3790 ἱκανοὺς
3573 3727 3846 3780 παντοίαν

2261 3818 2604 3890 παράκλησιν
2629 3821 2741 3880 τοῖς
2767 3819 2822 3870 ἐν
2857 3817 3130 3879 τοσούτοις
3160 3834 3216 3869 τε
3235 3817 3328 3869 καὶ
3348 3815 3624 3879 τοιαύταις
3659 3832 3810 3886 προσ
3826 3845 3850 3856 ο

2262 3913 2489 3978 αγαγεῖν
2533 3911 2815 3977 ἀνάγκαις.
2865 3908 2978 3978 Ἐφ’
3027 3903 3108 3970 οἷς
3157 3909 3220 3978 δὴ
3271 3908 3366 3960 καὶ
3417 3911 3446 3960 ό
3495 3907 3728 3975 ἄγγελος
3778 3908 3850 3960 τὸ

2263 4000 2485 4072 θαρρεῖν
2514 3999 2712 4065 λαϐὼν,
2749 3997 2940 4069 μηνύει
2962 3998 3039 4069 τῷ
3068 4001 3320 4070 προφήτῃ
3354 3993 3550 4069 οἷάπερ
3581 3997 3734 4067 αὐτῷ
3760 3998 3852 4050 εἴ-

2265 4107 2398 4160 ρητο
2451 4090 2602 4160 παρά
2654 4090 2748 4142 τοῦ
2780 4089 2916 4142 Θεοῦ
2966 4089 3294 4157 ἐπαγγελίαν
3345 4089 3612 4160 μεγίστων
3645 4088 3853 4159 ἔχοντα

2264 4182 2504 4251 ἀγαθῶν,
2540 4182 2575 4236 ἃ
2603 4183 2732 4252 περὶ⁸
2759 4181 2855 4253 τήν
2881 4183 3237 4254 Ἰερουσαλὴμ
3263 4181 3585 4247 ἐπιδείξεται
3608 4181 3703 4235 τοῦ
3731 4182 3854 4234 λοι-

2265 4274 2392 4329 ποῦ.
2428 4276 2588 4343 Λέγει
2615 4274 2671 4328 δὲ
2695 4275 2864 4338 οὕτως
2886 4291 2899 4306 °
2939 4295 2956 4328 ι
2986 4278 3094 4330 Καὶ
3125 4272 3243 4328 εἷπε
3271 4275 3406 4346 πρός
3437 4292 3502 4344 με
3547 4276 3576 4325 ό
3608 4275 3854 4343 ἄγγελος

2265 4369 2294 4420 ό
2320 4367 2495 4423 λαλῶν
2524 4369 2580 4420 ἐν
2614 4368 2735 4437 ἐμοί
2755 4387 2768 4400 ο
2812 4367 3316 4438 Ἀνάκραγε,λέγων
3344 4383 3355 4395 ’
3388 4366 3526 4420 Τάδε
3553 4366 3700 4434 λέγει
3729 4365 3856 4418 Κύ-

591 4471 719 4508 scor
760 4471 860 4526 ego
897 4472 1063 4526 super
1109 4466 1300 4527 gentes
1334 4473 1456 4527 quae
1502 4456 1775 4511 hostiliter
1808 4455 2126 4510 invaserunt

2271 4473 2380 4528 ριος
2406 4456 2826 4526 παντοκράτωρ·
2866 4457 3145 4527 Ἐζήλωκα
3176 4457 3275 4525 τὴν
3306 4455 3444 4509 Σιὼν
3475 4455 3568 4508 καὶ
3597 4454 3696 4524 τὴν
3746 4455 3854 4507 Ἰε-

590 4547 850 4616 qunniam
899 4564 999 4619 ego
1035 4549 1248 4604 modice
1280 4549 1454 4604 iratus
1486 4549 1583 4612 fui,
1644 4548 1747 4602 illae
1781 4554 1959 4600 autem
1991 4545 2143 4600 scele‘

2265 4547 2545 4618 ρουσαλὴμ
2573 4545 2732 4614 ζῆλον
2767 4547 2938 4617 μέγαν
2968 4564 2981 4578 ·
3019 4548 3112 4600 καὶ
3134 4547 3270 4617 ὀργῇ
3309 4546 3518 4617 μεγάλῃ
3550 4545 3660 4613 ἐγὼ
3681 4545 3816 4616 όργί
3833 4572 3855 4583 ο

591 4649 729 4696 stam
768 4642 1177 4710 aggressionem
1230 4639 1500 4695 fecerunt.
1540 4638 1834 4707 Propterea
1882 4637 1996 4690 btec
2035 4635 2139 4688 dici

2264 4636 2426 4707 ζομαι
2455 4639 2546 4690 ἐπὶ
2577 4638 2644 4690 τὰ
2685 4637 2811 4706 ἔθνη
2857 4637 2925 4690 τά
2958 4637 3404 4708 συνεπιτιθέμενα
3428 4655 3441 4668 ⁸
3475 4637 3590 4691 ἀνθ’
3623 4630 3698 4690 ὧν
3730 4636 3858 4704 ἐγὼ

591 4732 890 4788 Dominus:
941 4732 1208 4787 Revertar
1237 4731 1304 4785 ad
1328 4729 1666 4785 Hierusalem
1699 4743 1822 4781 cum
1855 4727 2142 4780 misericor

2270 4733 2366 4799 μὲν
2395 4729 2671 4800 ὠργίσθην
2693 4729 2847 4797 ὀλίγα
2870 4769 2884 4792 ,
2926 4729 3079 4782 αὐτοὶ⁵
3100 4729 3154 4782 δὲ
3186 4728 3538 4782 συνεπέθεντο
3568 4729 3648 4790 είς
3669 4727 3855 4779 κακά.

591 4825 703 4887 Jia,
740 4835 792 4880 et
821 4825 1018 4880 domus
1052 4840 1171 4879 mea
1211 4839 1407 4879 rursus
1437 4821 1798 4878 mdiﬁcabitur
1834 4821 1888 4874 in
1920 4836 2006 4881 ea,
2038 4821 2143 4874 dici

2269 4822 2365 4874 Διὰ
2402 4821 2560 4874 τοῦτο
2609 4821 2733 4874 τάδε
2765 4821 2912 4888 λέγει
2961 4819 3160 4890 Κύριος
3184 4835 3198 4850 ⁶
3246 4819 3584 4890 Ἐπιστρέψω
3616 4819 3708 4870 ἐπὶ
3749 4818 3850 4870 Ἱεο

595 4915 860 4971 Dominus
888 4915 1260 4984 omnipotens,
1281 4922 1336 4968 et
1359 4927 1613 4967 mensura
1634 4910 1958 4965 extendetur
1987 4909 2143 4962 adhuc

2275 4913 2557 4983 ρουσαλὴμ
2585 4914 2642 4965 ὲν
2665 4912 2934 4982 οἰκτιρμῷ
2957 4953 2971 4976 ,
2999 4913 3092 4966 καὶ
3121 4914 3150 4964 ό
3171 4907 3316 4972 οἶκος
3345 4929 3444 4981 μου
3486 4910 3862 4981 ἀνοικοδομη-

595 5008 649 5061 ἰη
687 5007 1048 5062 Hierusalem.
1077 5005 1143 5060 Et
1165 5005 1304 5059 dixit
1329 5004 1461 5058 mihi
1483 5003 1707 5072 angelus
1729 5003 1821 5071 qui
1847 5001 2143 5070 loquebatu

2272 5004 2496 5073 θήσεται
2540 5005 2597 5056 ἐν
2651 5004 2785 5074 αὐτῇ
2813 5045 2827 5068 ,
2861 5003 3007 5071 λέγει
3059 5003 3262 5072 Κύριος
3298 5003 3684 5072 παντοκράτωρ
3705 5017 3718 5029 '
3751 5004 3866 5056 καὶ

594 5101 648 5154 in
680 5116 784 5162 me.
818 5100 1028 5162 Clama,
1067 5097 1289 5153 dicens:
1333 5096 1459 5151 Haec
1505 5096 1580 5149 ait
1620 5095 1879 5147 Dominus
1917 5093 2143 5159 omnipo

2276 5093 2472 5163 μέτρον
2499 5093 2853 5162 ἐκταθήσεται
2887 5094 2979 5144 ἐπὶ
3023 5090 3377 5161 Ἰερουσαλὴμ
3428 5090 3528 5144 ἔτι.
3568 5090 3678 5141 Καὶ
3721 5084 3866 5144 εἶπε

593 5201 750 5248 tens:
784 5191 974 5246 Adhuc
1001 5191 1220 5245 allluent
1244 5189 1494 5244 civitates
1524 5187 1703 5249 bonis,
1733 5196 1787 5239 et
1818 5184 2143 5238 miserebitui

2275 5184 2409 5256 πρός
2445 5201 2513 5254 με
2547 5186 2574 5236 ὁ
2601 5183 2828 5251 ἄγγελος
2857 5186 2886 5235 ὁ
2909 5182 3083 5235 λαλῶν
3117 5184 3175 5235 ἐν
3210 5182 3332 5251 ἐμοί
3359 5199 3371 5212 ο
3420 5181 3742 5250 Ἀνάκραγε,
3763 5181 3867 5234 λέο

597 5287 774 5338 adhuc
803 5283 1067 5339 Dominus
1094 5283 1248 5347 Sion,
1280 5291 1334 5339 et
1363 5281 1522 5352 eliget
1547 5279 1903 5334 Hierusalem.
1931 5296 1950 5329 ι

2277 5293 2390 5344 γων
2411 5293 2424 5306 ι
2458 5275 2596 5328 Τάδε
2623 5274 2770 5342 λέγει
2815 5273 3016 5345 Κύριος
3042 5273 3430 5344 παντοκράτωρ
3451 5291 3463 5304 ο
3499 5273 3618 5324 Ἔτι
3659 5271 3879 5343 διαχυ-

2277 5367 2530 5438 θήσονται
2564 5365 2743 5429 πόλεις
2771 5366 2828 5418 ἐν
2857 5364 3080 5432 ἀγαθοῖς
3098 5405 3111 5425 ,
3141 5365 3233 5416 καὶ
3261 5363 3472 5432 ἐλεήσει
3515 5359 3722 5431 Κύριος
3772 5362 3867 5416 ἔτι

2276 5457 2372 5527 τὴν
2396 5458 2554 5524 Σιὼν,
2581 5457 2670 5511 καὶ
2704 5458 2929 5527 αίρετιεῖ
2951 5455 3030 5508 ἔτι
3063 5454 3159 5524 τὴν
3207 5453 3577 5525 Ἰερουσαλήμ.
3602 5471 3621 5502 ι

2349 5549 2423 5620 (p.
2455 5549 2580 5614 450)
2613 5547 2911 5614 Δεξάμενος
2941 5545 3046 5615 γὰρ
3071 5586 3084 5609 ,
3123 5545 3282 5613 φησιν
3307 5585 3321 5605 ,
3367 5543 3657 5611 ἀπόκρισιν
3699 5543 3873 5611 παρὰ

2275 5641 2366 5693 τοῦ
2394 5641 2525 5692 Θεοῦ
2563 5639 2813 5708 τοιαύτην
2843 5641 2868 5690 ὁ
2894 5637 3118 5704 ἄγγελος
3139 5677 3150 5699 ,
3185 5637 3343 5696 αὐτός
3386 5651 3438 5686 τε
3471 5635 3560 5685 ἐπὶ
3605 5635 3720 5696 τοῖς
3773 5635 3874 5686 λε-

677 5553 1152 5623 Accepto,inquit,
1175 5557 1276 5608 hoc
1306 5571 1333 5606 a
1359 5554 1466 5607 Deo
1493 5568 1753 5622 ft‘SpOI'lSU
1777 5551 2019 5620 angelus,
2057 5560 2167 5603 tum

609 5643 722 5714 ipse
769 5642 853 5695 his
882 5643 1040 5698 dictis
1090 5647 1307 5712 gavisus
1340 5652 1446 5710 est,
1501 5653 1614 5698 tum
1673 5660 1757 5698 mc
1791 5657 2005 5713 quoque
2039 5658 2169 5696 con-
