4022 6138
215 388 321 442 825

1199 358 1742 440 sumussumus
1778 385 1843 440 IN
1883 386 2256 445 statuant-3
2289 385 2439 441 CAP.
2476 386 2515 439 ι.

3367 391 3469 445 ιιιι

216 505 461 578 γομένοις
486 502 656 574 ἥσθη,
688 504 788 557 καὶ⁴
812 502 910 574 ἐμὲ
931 502 1152 573 θαρρεῖν
1179 505 1398 558 ἐκέλευε
1427 508 1556 576 περὶ
1581 507 1790 562 πάντων

1900 508 2064 562 fidere
2087 508 2254 575 jussit
2284 508 2352 561 de
2370 506 2629 562 omnibus
2657 506 2713 560 in
2746 505 3022 561 futurum:
3062 507 3134 560 ita
3164 514 3224 561 ut
3251 521 3468 578 possem

214 602 298 663 εις
322 597 383 651 τδ
402 596 534 666 ἑξῆς
559 612 574 625 ·
604 594 748 649 ὥστε
779 596 873 649 καὶ
899 594 1204 667 θαρροῦντα
1233 596 1456 666 μηνύειν
1481 597 1685 651 ἅπασιν
1712 600 1793 651 δτι

217 690 419 760 σφόδρα
466 688 609 759 ὑπὲρ
648 687 751 760 τῆς
782 687 1137 759 Ἶεμιυσαλὴμ
1188 690 1465 759 ὀργίζεται
1513 691 1657 745 κατά
1687 691 1796 744 τῶν

213 787 483 853 τοσαύτην
503 779 770 851 ὠμότητα
791 778 1210 851 ἐπιδειξαμένων
1238 784 1317 845 εἰς
1348 782 1570 846 αὐτούς’
1599 782 1648 836 οἵ
1680 784 1797 853 μεί-

215 875 342 939 ζονα
363 873 466 945 τῆς
496 872 671 944 ὀργῆς
691 872 794 942 τῆς
818 873 957 943 ἐμῆς
983 872 1080 944 τὴν
1102 873 1372 945 τιμωρίαν
1395 875 1578 938 αὐτοῖς
1601 877 1666 928 ἐκ
1694 874 1795 945 τῆς

216 965 351 1028 ιδίας
398 963 690 1035 ἐπήγαγον
740 960 938 1026 κακίας
963 979 977 992 ·
1012 964 1299 1032 τοιγαροῦν
1329 964 1583 1018 ἁπάντων
1610 965 1795 1018 ἕνεκεν

215 1053 392 1126 πολλῷ
445 1055 727 1124 χρήσομαι
774 1054 902 1125 περὶ
956 1055 1057 1127 τὴν
1106 1055 1459 1128 Ἰερουσαλὴμ
1505 1057 1582 1127 τῷ
1625 1057 1791 1129 ἐλέῳ·

215 1145 355 1200 ὥστε
383 1146 478 1199 καὶ
511 1144 606 1197 τὸν
652 1139 801 1197 οἷκον
833 1144 922 1197 τὸν
958 1145 1090 1215 ἐμὸν
1121 1147 1178 1198 ἐν
1222 1147 1358 1218 αὐτῇ
1403 1147 1661 1215 γεγονότα
1695 1147 1792 1218 τὴν

218 1237 419 1308 συνήθη
469 1239 585 1300 τοῖς
614 1236 703 1290 ἐπ’
752 1237 914 1290 αὐτὸν
968 1236 1237 1290 συνιοῦσιν
1265 1237 1530 1308 ὠφέλειαν
1563 1239 1795 1309 παρέχε-

220 1327 360 1392 σθαι,
393 1328 491 1381 καὶ
517 1327 621 1398 τὴν
667 1328 1020 1400 Ἰερουσαλὴμ
1044 1328 1137 1380 ἐπὶ
1170 1328 1350 1399 μεῖζον
1375 1330 1408 1399 ἢ
1434 1328 1527 1383 νῦν
1555 1330 1791 1402 ἐκταθῆ-

216 1434 333 1470 ναι*
354 1417 449 1470 καὶ
476 1419 660 1478 πάσας
691 1414 769 1481 δὲ,
803 1417 1080 1486 συντόμως
1106 1416 1298 1482 εἰπεῖν,
1329 1417 1426 1481 τάς
1454 1418 1589 1489 αὐτῇ
1624 1435 1795 1490 προσ-

215 1507 455 1577 ηκούσας
517 1507 704 1571 πόλεις
755 1509 813 1560 ἐν
873 1506 1099 1578 ἀφθονίᾳ
1152 1510 1485 1581 καταστῆναι
1544 1510 1752 1567 πολλῶν
1775 1531 1790 1547 ο

214 1599 335 1654 τότε
365 1599 475 1670 γὰρ
504 1599 643 1669 ἐλέῳ
671 1600 947 1669 χρήσομαι
978 1596 1156 1671 πολλῷ
1186 1602 1313 1671 περὶ
1345 1602 1515 1673 αὐτὴν
1536 1619 1549 1633 ·
1587 1602 1791 1657 δεδοκί-

218 1706 363 1760 um
390 1690 501 1743 πᾶν
528 1690 560 1742 δ
588 1705 645 1742 τι
668 1689 904 1761 χρηστὸν
931 1689 1266 1760 ἐργάσασθαι
1292 1692 1374 1755 εις
1400 1692 1572 1764 αὐτήν
1608 1710 1669 1747 τε
1698 1695 1793 1749 καὶ

214 1783 340 1846 τοὺς
357 1782 739 1853 προσήκοντας
758 1779 894 1851 αὐτῇ
916 1779 1008 1833 τοῦ
1034 1780 1243 1835 λοιποῦ.
1267 1780 1502 1853 Εὔδηλον
1531 1784 1587 1838 δὲ
1609 1786 1691 1838 δτι
1713 1784 1790 1840 ὅτ’

216 1875 282 1927 ἂν
316 1869 546 1946 λέγῃτὺ,
568 1892 587 1925 ι
608 1869 933 1942 Ὀργίζομαι
965 1873 1058 1924 ἐπὶ
1093 1872 1162 1926 τά
1196 1872 1324 1943 ἔθνη
1355 1872 1425 1927 τὰ
1456 1876 1788 1930 συνεπιτιθέ-

217 1982 370 2034 μενα,
405 1964 525 2017 ἀνθ’
554 1957 631 2018 ὧν
655 1960 769 2032 ἐγὼ
800 1964 901 2033 μὲν
921 1961 1199 2034 ὠργίσθην
1226 1963 1401 2031 ὀλίγα,
1437 1966 1791 2021 συνεπέθεντο

211 2056 268 2110 δὲ
301 2058 381 2119 είς
406 2054 578 2111 κακὰ.
606 2073 626 2106 ι
684 2054 812 2125 περί
858 2071 918 2108 τε
955 2055 1062 2108 τῶν
1103 2056 1591 2127 ἐκπεπορθηκότων
1620 2060 1791 2127 αὐτὴν

212 2146 571 2200 Βαϐυλωνίων
588 2146 788 2214 λέγων,
810 2144 904 2200 καλ⁵
926 2146 1034 2199 τῶν
1053 2146 1201 2210 ὅπως
1220 2148 1347 2200 ποτέ
1378 2149 1457 2213 είς
1477 2148 1634 2203 τοῦτο
1660 2168 1793 2221 συμ-

212 2236 538 2308 πραξάντων
564 2235 773 2299 αὐτοῖς,
793 2235 893 2305 τὴν
920 2234 1292 2305 γενησομένην
1314 2236 1495 2301 αὐτοῖς
1522 2236 1791 2307 τιμωρίαν

212 2327 298 2380 διὰ
329 2326 534 2380 τούτων
571 2324 847 2397 σημαίνει.
873 2324 1181 2379 Δεδώκεσαν
1217 2325 1317 2397 μὲν
1343 2324 1454 2398 γάρ
1486 2325 1587 2397 ἤδη
1613 2326 1789 2380 Βαϐυ-

210 2420 392 2475 λώνιοι
422 2420 582 2482 δίκας
611 2459 627 2483 ,
662 2418 758 2472 καὶ
799 2416 1076 2489 καθῄρητο
1109 2417 1208 2489 μὲν
1245 2417 1424 2472 αὐτῶν
1454 2420 1488 2488 ἡ
1520 2416 1785 2487 βασιλεία,

212 2513 438 2584 εἴληπτο
469 2512 529 2566 δὲ
565 2513 597 2583 ἠ
641 2508 799 2573 πόλις
829 2508 1107 2573 παντελῶς
1152 2508 1257 2562 ὑπὸ
1289 2508 1473 2580 Κύρου
1516 2507 1610 2562 τοῦ
1644 2510 1788 2580 Περ-

216 2606 327 2659 ath
351 2605 644 2675 βασιλέως·
675 2602 1049 2674 τετιμώρηντο
1069 2602 1125 2655 δέ
1157 2604 1205 2656 oi
1246 2588 1665 2674 συμπράξαντες
1692 2604 1789 2657 αύ-

213 2698 333 2759 τοϊς
376 2693 664 2764 Ἰδουμαῖοί
689 2710 749 2746 τε
779 2693 872 2746 καὶ
897 2695 945 2746 ot
985 2692 1161 2746 λοιποὶ
1186 2692 1249 2763 δὴ
1275 2694 1473 2755 πάντες
1491 2709 1505 2722 ι
1530 2692 1670 2746 ῶστε
1693 2693 1788 2764 δῆο

215 2789 316 2840 λον
341 2789 520 2840 ἐκεῖνο
554 2782 761 2839 εἶναιτὸ
783 2786 913 2855 παρ’
935 2781 1093 2854 ἡμῶν
1121 2780 1213 2836 ἐπὶ
1240 2784 1339 2854 τῆς
1364 2784 1670 2849 ὑποθέσεως
1710 2786 1787 2837 εί-

226 2877 468 2951 ρημένον
501 2917 517 2937 ,
571 2876 647 2928 ὃτι
718 2873 933 2928 πολλῶν
991 2875 1259 2944 μέμνηται
1311 2875 1609 2943 γεγονότων
1664 2876 1785 2946 ήδη,

214 2971 299 3039 (p.
331 2968 452 3033 451)
488 2965 720 3036 βεϐαιῶν
770 2965 910 3020 αὐτά
951 2968 1074 3029 ταῖς
1106 2965 1331 3029 οἰκείαις
1361 2966 1711 3035 ἐπαγγελίαις
1760 2968 1790 3020 ὁ

212 3057 353 3121 Θεός
368 3075 381 3088 ·
409 3058 532 3110 ἐπεὶ
557 3058 650 3110 καὶ
673 3056 878 3126 σφόδρα
895 3054 1099 3108 τούτων
1122 3054 1228 3108 ἔδει
1253 3055 1371 3108 τότε
1390 3058 1502 3118 τοῖς
1526 3056 1790 3127 Ἰσραηλί-

210 3164 367 3212 ταις,
398 3149 456 3199 ἐν
487 3144 775 3216 ἀμεριϐόλῳ
814 3144 908 3197 καὶ
946 3144 1082 3214 μετά
1131 3144 1231 3215 τὴν
1284 3147 1555 3216 σωτηρίαν
1605 3147 1787 3219 έχουσι
1814 3185 1857 3244 c

212 3238 317 3308 τὴν
340 3238 545 3291 οἰκείαν
569 3254 585 3267 ν
614 3237 691 3299 ὡς
723 3235 798 3306 μὴ
826 3234 882 3287 δέ
903 3235 994 3288 τὸν
1022 3235 1149 3288 ναὸν
1176 3235 1268 3288 τὸν
1292 3235 1433 3289 θεῖον
1452 3237 1789 3309 ἀρξαμένους

213 3330 393 3399 πέρας
411 3327 683 3390 ἐκϐαλεῖν,
708 3327 816 3379 εἴτε
840 3325 927 3378 διὰ
953 3326 1049 3397 τὴν
1080 3326 1356 3396 ἐνόχλησιν
1383 3328 1491 3381 τῶν
1512 3325 1787 3395 ἐναντίων,

210 3421 329 3473 εἴτε
359 3419 452 3471 καὶ
487 3418 579 3471 διὰ
609 3418 709 3488 τὴν
757 3418 938 3471 αὐτῶν
991 3417 1260 3489 ρᾳθυμίαν
1298 3420 1667 3491 αὐξανομένην
1714 3422 1791 3485 ὡς

209 3512 364 3573 εξκὺς
389 3513 456 3580 τῇ
496 3510 608 3562 τῶν
649 3508 919 3579 πολεμίων
950 3510 1142 3580 κακία·
1177 3509 1270 3562 δύο
1306 3511 1404 3580 μὲν
1438 3510 1500 3582 δὴ
1525 3511 1695 3564 ταῦτα
1726 3512 1790 3564 ἐκ

207 3603 317 3671 τῆς
348 3600 742 3669 ἀποκαλύψεως
780 3600 1076 3668 ἐγνωκέναι
1109 3599 1244 3671 εφη,
1275 3602 1356 3653 ὅτι
1400 3618 1460 3654 τε
1506 3602 1632 3663 τοὺς
1678 3601 1789 3670 ηδι-

218 3695 455 3763 κηκότας
487 3693 582 3745 τὸν
616 3693 744 3744 λαὸν
781 3693 1148 3762 τιμωρήσεται
1183 3693 1211 3743 ό
1244 3693 1398 3757 Θεὸς,
1444 3693 1537 3744 καὶ
1576 3694 1659 3745 ὃτι
1689 3693 1789 3763 τὴν

225 3782 583 3855 Ἰερουσαλὴμ
621 3782 702 3844 εἰς
750 3780 849 3849 τὴν
892 3779 1128 3834 παλαιὰν
1171 3781 1474 3853 εὐπραγίαν
1514 3781 1790 3834 ἀποκατα-

216 3877 403 3946 στήσει
437 3873 621 3928 πάλιν.
1006 3924 1011 3929 ,

285 3967 438 4035 Στίχ.
481 3970 717 4035 ιη’-κα’.
755 3993 825 4002 -
858 3963 982 4016 Ἐπὶ
1030 3960 1316 4032 βεϐαιώσει
1371 3962 1426 4015 δὲ
1466 3962 1787 4032 ἀμφοτέρων

214 4055 588 4124 ἀποκαλύψεις
620 4051 857 4121 καθεξῆς
895 4051 1159 4105 ἐκτίθεται
1192 4052 1410 4121 ἐτέρας,
1444 4051 1509 4114 ἃς
1545 4050 1667 4104 ίδὼν
1693 4053 1788 4104 αύ-

214 4151 306 4211 τός
336 4165 397 4200 τε
430 4147 528 4217 τὴν
559 4145 652 4198 ἐπὶ
697 4146 806 4207 τοῖς
850 4142 1160 4213 εἰρημένοις
1195 4142 1295 4213 ἤδη
1329 4144 1509 4196 πίστιν
1555 4140 1666 4213 εἶχε
1697 4143 1787 4212 βε-

214 4239 412 4292 ϐαίαν
449 4238 545 4291 καὶ
699 4235 795 4289 καὶ
826 4236 952 4299 τοὺς
1000 4233 1093 4287 τοῦ
1142 4233 1273 4286 λαοῦ
1328 4235 1533 4298 πάντας
1576 4234 1787 4288 ἔπειθεν

213 4329 415 4401 ὁμοίως
430 4326 680 4399 ἡγεῖσθαι
705 4340 718 4355 ’
744 4324 838 4378 καὶ
868 4324 1091 4396 πρώτην
1118 4318 1195 4392 γε’
1214 4324 1340 4394 περὶ
1368 4325 1467 4392 τῆς
1500 4324 1606 4376 τῶν
1636 4327 1786 4377 ἐναν-

214 4420 346 4474 τίων
374 4418 647 4489 τιμωρίας
673 4415 843 4485 λέγει,
867 4415 1044 4486 ἥνπερ
1071 4410 1164 4468 οὖν
1200 4414 1293 4467 καὶ
1322 4415 1415 4466 ἐπὶ
1437 4415 1537 4482 τῆς
1572 4432 1787 4486 προκει-

1898 612 2021 652 cum
2056 597 2255 652 ﬁducia
2284 597 2450 668 298
2478 598 2655 667 palam
2685 596 3015 667 signiﬁcem.
3047 596 3215 652 Deum
3246 613 3465 671 magno-

1894 703 2025 758 pere
2072 689 2411 745 Hierusalem
2473 704 2641 744 causa
2698 688 2862 744 irasci
2918 689 3184 744 adversus
3230 705 3328 744 eos
3375 691 3468 760 qui

1896 786 2100 834 tantam
2137 780 2400 835 adversus
2450 781 2598 834 illam
2629 787 3001 836 exercuerunt
3049 780 3469 846 crudelitatem;

1896 872 1991 941 qui
2030 873 2316 942 majorem,
2363 887 2526 942 quam
2579 872 2662 927 ira
2702 886 2820 928 mea
2852 872 3090 936 tulisset,
3132 873 3470 942 punitionem

1896 962 2144 1018 fecerunt
2171 964 2434 1021 adversus
2463 963 2760 1021 lsraelitas.
2791 964 2995 1019 Horum
3020 964 3205 1034 itaque
3225 965 3469 1018 omnium

1894 1068 2063 1108 causa
2099 1055 2325 1108 multam
2351 1069 2671 1124 expromam
2707 1069 2839 1125 erga
2874 1053 3214 1109 Hierusalem
3253 1053 3471 1108 miseri-

1894 1148 2140 1201 cordiam
2170 1164 2184 1199 :
2224 1147 2303 1202 ita
2333 1156 2394 1202 ut
2418 1148 2614 1202 domus
2642 1163 2863 1219 quoque
2892 1161 3033 1212 mea,
3061 1160 3185 1215 quae
3218 1147 3330 1200 illic
3362 1155 3467 1212 est,

1894 1242 2214 1288 consuetam
2244 1235 2700 1291 convenientibus
2727 1237 2782 1290 in
2807 1250 2871 1291 ea
2895 1236 3183 1290 utilitatem
3206 1235 3467 1306 praebeat,

1894 1332 1947 1378 et
1973 1326 2106 1380 urbs
2140 1324 2485 1382 Hierusalem
2513 1327 2698 1398 majus
2724 1328 2904 1383 adhuc
2929 1328 3166 1397 spatium
3198 1327 3271 1382 sit
3297 1342 3466 1381 occu-

1894 1425 2109 1484 patura,
2140 1425 2477 1487 ceterasque,
2501 1426 2560 1474 ut
2582 1420 2896 1476 summatim
2922 1419 3123 1485 dicam,
3143 1421 3191 1474 ei
3209 1420 3469 1489 subjecta

1895 1508 2062 1563 urbes
2093 1509 2147 1563 in
2173 1512 2344 1564 multa
2376 1526 2558 1566 rerum
2582 1513 2739 1582 copia
2762 1512 2959 1566 futurae
2988 1512 3118 1566 sint.
3142 1510 3298 1566 Tunc
3318 1512 3467 1566 enim

1893 1601 2122 1656 multam
2166 1604 2438 1659 exhibebo
2482 1604 2605 1659 urbi
2644 1603 2986 1659 Hierusalem
3030 1602 3463 1671 benignitatem:

1893 1693 2096 1762 quippe
2129 1693 2343 1749 decrevi
2368 1694 2504 1748 nihil
2532 1709 2642 1749 non
2667 1694 2798 1748 boni
2830 1694 2959 1748 huic
2988 1692 3168 1748 facere
3203 1692 3256 1747 in
3290 1700 3469 1763 poste-

1894 1798 2037 1844 rum,
2068 1798 2170 1839 nec
2198 1799 2307 1839 non
2335 1783 2550 1841 caeteris
2596 1785 2662 1838 ad
2702 1798 2821 1840 eam
2858 1781 3466 1854 pertinentibus..,8ine

1891 1875 2059 1930 dubio
2102 1883 2306 1938 autem,
2352 1889 2477 1931 cum
2525 1890 2589 1931 se
2626 1875 2793 1929 irasci
2825 1875 2960 1929 dicit
3005 1875 3281 1944 gentibus,
3346 1889 3466 1945 quia

1892 1962 2227 2021 Hierusalem
2277 1966 2552 2022 hostiliter
2593 1966 2930 2031 invaserant,
2974 1962 3065 2018 cui
3098 1979 3200 2035 ego
3251 1964 3465 2021 modice

1891 2057 2064 2112 iratus
2107 2072 2281 2122 eram,
2324 2058 2455 2129 ipsae
2497 2067 2678 2113 autem
2724 2057 3014 2112 scelestam
3053 2057 3462 2126 aggressionem

1892 2147 2155 2215 fecerant,
2199 2149 2267 2205 de
2303 2148 2615 2220 Babyloniis
2650 2148 2893 2218 loquitur
2939 2148 3035 2217 qui
3084 2148 3257 2216 ipsam
3296 2146 3465 2214 depo-

1891 2240 2061 2311 pulati
2096 2239 2333 2306 fuerant,
2378 2240 2555 2310 deque
2580 2238 2704 2294 aliis
2732 2239 2826 2309 qui
2866 2240 3000 2293 socii
3043 2238 3167 2292 belli
3201 2237 3322 2307 ejus
3344 2237 3464 2293 foe.

1893 2337 2060 2395 runt;
2092 2339 2146 2384 et
2166 2329 2570 2399 impendentem
2601 2328 2710 2383 illis
2742 2341 2959 2398 poenam
2975 2327 3064 2381 his
3083 2326 3264 2383 verbis
3293 2328 3464 2398 signi-

1893 2420 2038 2475 ﬁcat.
2072 2419 2218 2474 Sane
2242 2421 2357 2490 jam
2380 2433 2574 2491 poenas
2594 2420 2814 2474 luerant
2833 2418 3137 2490 Babylonii,
3160 2432 3464 2489 eorumque

1891 2525 2119 2582 regnum
2150 2517 2460 2577 corruerat,
2510 2517 2565 2566 et
2591 2510 2722 2565 urbs
2751 2525 2782 2564 a
2810 2508 2957 2580 Cyro
2994 2508 3288 2564 Persarum
3336 2523 3464 2579 rege

1890 2609 2158 2672 occupata
2224 2586 2419 2658 fuerat.
2487 2601 2707 2656 idumaei
2765 2615 2983 2672 quoque
3041 2599 3463 2671 Babyloniorum

1892 2692 2171 2762 adjutores
2206 2692 2515 2762 reliquique
2544 2707 2735 2748 omnes
2778 2693 2952 2761 puniti
2988 2691 3226 2745 fuerant.
3256 2690 3463 2755 Quam-

1892 2783 2081 2837 obrem
2130 2789 2355 2852 apparet
2404 2782 2538 2837 illud
2563 2783 2708 2853 quod
2739 2798 2838 2837 nos
2873 2784 2927 2836 in
2959 2789 3282 2851 argumento
3305 2796 3461 2835 com-

1890 2873 2147 2927 mentarii
2183 2873 2458 2941 jdiximus,
2514 2873 2716 2927 multas
2760 2872 2851 2926 hic
2888 2886 2979 2926 res
3011 2870 3302 2925 memorari
3341 2882 3466 2940 qua

1888 2962 1997 3033 jam
2036 2973 2351 3031 evenerant,
2382 2979 2631 3035 quasque
2670 2968 2786 3020 suis
2833 2962 3294 3033 promissionibus
3326 2975 3461 3017 con-

1892 3055 2071 3110 firmat
2095 3058 2273 3113 Deus:
2308 3058 2395 3111 his
2431 3057 2575 3111 enim
2613 3070 2943 3126 magnOpere
2983 3054 3311 3124 indigebant
3331 3061 3462 3110 tunc

1891 3146 2171 3213 lsraelitae,
2202 3149 2295 3219 qui
2320 3138 2485 3203 etiam
2522 3156 2644 3218 post
2670 3148 2903 3202 reditum
2928 3145 2996 3201 de
3026 3147 3203 3201 salute
3235 3161 3335 3201 sua
3360 3145 3462 3201 du-

1892 3240 2139 3296 bitabant
2159 3259 2171 3294 :
2195 3242 2267 3295 ita
2290 3249 2351 3294 ut
2371 3256 2437 3296 ne
2455 3240 2641 3310 templi
2661 3240 2881 3310 quidem
2902 3238 3273 3302 aediﬁcatioui,
3298 3247 3460 3309 quam

1891 3340 2192 3403 cmperant,
2221 3335 2384 3387 linem
2415 3333 2697 3402 imponere
2715 3331 3079 3390 curavissent.
3104 3330 3218 3384 sive
3242 3337 3463 3398 propter

1892 3427 2336 3482 adversariorum
2361 3426 2688 3488 molestiam,
2713 3425 2827 3479 sive
2856 3429 3077 3491 propter
3105 3421 3463 3488 ipsorummet

1893 3520 2198 3589 segnitiem,
2240 3518 2308 3574 ab
2339 3518 2579 3572 hostium
2611 3516 2818 3569 malitia
2868 3522 2927 3567 ut
2958 3511 3220 3568 credibile
3248 3519 3333 3564 est
3363 3524 3460 3563 aue

1892 3618 2056 3663 ctam.
2107 3609 2494 3662 Verumtamen
2530 3607 2639 3660 duo
2679 3607 2792 3660 haec
2819 3622 2883 3659 ex
2922 3602 3262 3658 revelatioue
3301 3602 3458 3654 inno-

1892 3697 2064 3751 tuisse
2102 3697 2197 3761 ait,
2235 3696 2378 3765 quod
2402 3695 2613 3749 Judaivi
2638 3696 2818 3763 populi
2840 3694 3144 3747 olfensores
3170 3693 3460 3761 puuiturus

1890 3787 1960 3842 sit
1993 3786 2155 3851 Deus,
2196 3795 2250 3840 et
2288 3786 2431 3855 quod
2471 3786 2660 3839 urbem
2698 3784 3035 3839 Hierusalem
3068 3783 3122 3836 in
3174 3781 3460 3851 pristinam

1891 3876 2205 3930 felicitatem
2240 3877 2622 3929 restituturus.

1960 3965 2125 4020 Vsus.
2162 3966 2345 4019 18-21.
2375 3965 2626 4020 Jamvero
2652 3964 2717 4018 ad
2742 3965 3029 4033 utriusque
3062 3962 3139 4017 rei
3168 3960 3461 4016 confirma-

1887 4058 2113 4119 tionem,
2149 4058 2285 4111 duas
2324 4057 2457 4112 alias
2506 4057 2760 4127 posthinc
2806 4054 3033 4123 exponit
3073 4054 3457 4116 revelationes,

1887 4149 2051 4218 299
2076 4165 2213 4219 quas
2230 4166 2352 4203 cum
2377 4150 2493 4219 ipse
2522 4150 2772 4213 vidisset,
2791 4148 2999 4202 ﬁrmam
3017 4149 3164 4202 circa
3182 4163 3269 4203 res
3284 4147 3458 4202 dictas

1889 4241 2045 4294 ﬁdem
2068 4243 2354 4307 retinebat,
2370 4249 2417 4294 et
2442 4242 2640 4311 popqu
2658 4242 2916 4296 universo
2940 4248 2998 4294 ut
3020 4240 3158 4296 idem
3178 4239 3456 4295 existima-

1888 4342 1969 4387 ret
1991 4333 2272 4388 suadebat.
2294 4333 2536 4386 Priorem
2577 4334 2796 4403 quidem
2818 4333 2884 4387 de
2907 4332 3341 4387 adversariorum
3358 4347 3457 4402 pu-

1887 4425 2097 4479 nitione
2116 4426 2328 4489 recitat,
2348 4440 2511 4493 quam
2531 4425 2691 4477 etiam
2730 4425 2785 4477 in
2817 4425 3096 4492 superiore
3127 4425 3458 4479 revelatione

220 4511 389 4582 μένης
419 4508 818 4577 ἀποκαλύψεως
846 4507 1116 4577 προτέραν
1138 4504 1309 4559 εἶπεν.
1348 4525 1366 4557 ι
1391 4508 1498 4559 Καὶ
1528 4503 1636 4576 ἦρα
1664 4510 1787 4571 τοὺς

1891 4516 2123 4586 primam
2177 4523 2454 4584 posuerat.
2491 4533 2508 4564 ι
2534 4516 2597 4568 Et
2648 4515 2817 4568 levavi
2840 4516 3027 4568 oculos
3061 4528 3232 4579 meos,
3257 4521 3313 4568 et
3345 4512 3456 4566 vidi

216 4601 528 4672 ὀφθαλμούς
557 4615 658 4670 μου
687 4599 781 4651 καὶ
809 4593 946 4651 εἶδον
974 4598 1215 4668 τέσσαρα
1245 4596 1451 4665 κέρατα
1474 4611 1488 4625 ’
1521 4596 1616 4648 καὶ
1638 4592 1788 4648 εἷπον

220 4692 355 4766 πρὸς
398 4691 491 4746 τὸν
550 4689 781 4758 ἄγγελον
828 4688 920 4743 τὸν
955 4686 1220 4753 λαλοῦντα
1256 4688 1313 4741 ἐν
1366 4688 1525 4757 ἐμοὶ,
1577 4688 1640 4738 Τί
1674 4689 1789 4740 ἐστι

219 4786 409 4849 ταῦτα,
443 4782 652 4854 Κύριε;
685 4781 796 4834 Καὶ
822 4775 943 4834 εἷπε
974 4778 1111 4847 πρός
1143 4795 1209 4849 με
1234 4795 1249 4809 ·
1285 4777 1466 4830 Ταῦτα
1492 4777 1560 4830 τὰ
1585 4779 1789 4847 κέρατα

218 4877 288 4930 τὰ
330 4873 792 4945 διασκορπίσαντα
816 4871 908 4923 τὸν
947 4870 1145 4923 Ἰούδαν
1179 4871 1272 4922 καὶ
1319 4869 1410 4921 τὸν
1456 4869 1668 4938 Ἰσραὴλ
1697 4870 1789 4921 καὶ

217 4965 315 5035 τὴν
355 4963 733 5036 Ἰερουσαλήμ.
768 4962 877 5014 Καὶ
913 4960 1083 5025 ιδειξέ
1140 4976 1229 5028 μοι
1272 4958 1474 5029 Κύριος
1520 4959 1789 5026 τέσσαρας

221 5058 470 5116 τέκτονας
494 5072 508 5085 ο
547 5055 641 5108 καὶ
669 5048 846 5116 εἷπον,
876 5052 939 5105 Τί
958 5044 1104 5104 οὗτοι
1133 5050 1381 5121 ἔρχονται
1408 5049 1651 5119 ποιῆσαι,
1683 5048 1789 5100 Κύ-

222 5162 337 5218 ριε;
368 5148 479 5200 Καὶ
508 5141 653 5210 εἶπε,
679 5143 863 5196 Ταῦτα
891 5142 960 5195 τὰ
994 5141 1205 5212 κέρατα
1238 5140 1304 5193 τά
1334 5142 1790 5212 διασκορπίσαντα

217 5241 309 5294 τὸν
346 5240 546 5294 Ἰούδαν
588 5240 684 5293 καί⁵
724 5239 814 5290 τὸν
847 5236 1096 5307 Ἰσραὴλ,
1137 5236 1232 5288 καὶ
1269 5234 1534 5300 κατέαξαν
1571 5235 1666 5287 καὶ
1694 5235 1787 5285 ob-

218 5318 325 5395 θεὶς
351 5331 529 5387 αὐτῶν
552 5326 690 5403 ἦρεν
724 5328 966 5398 κεφαλήν
990 5344 1005 5358 ο
1043 5328 1120 5397 (p.
1149 5326 1276 5393 452)
1312 5325 1406 5379 καὶ
1444 5325 1662 5395 ἐξῆλθον
1692 5324 1788 5377 αύ-

218 5423 415 5477 τοὶτοῦ
464 5424 651 5492 όξῦναι
685 5420 829 5476 αὐτά
860 5422 939 5482 εἰς
978 5423 1168 5489 χεῖρας
1213 5417 1417 5471 αὐτῶν·
1451 5418 1516 5469 τά
1544 5418 1786 5488 τέσσαρα

219 5516 417 5586 κέρατα
439 5517 509 5571 τά
555 5514 686 5584 ἔθνη
732 5511 804 5564 τά
848 5510 1185 5580 ἐπαιρόμενα
1225 5509 1393 5580 κέρας
1435 5509 1526 5561 ἐπὶ
1556 5510 1653 5579 τὴν
1683 5510 1785 5578 γῆν

219 5606 434 5678 κυρίου,
465 5607 561 5662 τοῦ
589 5602 979 5674 διασκορπίσαι
1021 5602 1208 5671 αὑτήν.
1231 5621 1249 5651 ι
1285 5601 1346 5652 Οἱ
1381 5600 1477 5669 μὲν
1499 5596 1590 5652 οὖν
1627 5601 1788 5670 μυθο-

218 5695 386 5765 λογεῖν
420 5699 698 5761 ἐθέλοντες
722 5735 737 5757 ,
763 5694 1006 5762 τέσσαρα
1030 5692 1235 5762 κέρατα
1268 5691 1356 5744 τὸν
1387 5690 1667 5762 Ἀσσύριον
1692 5693 1784 5743 καὶ

216 5790 302 5845 τὸν
340 5790 674 5846 Βαϐυλώνιον
697 5788 789 5841 τόν
812 5802 869 5838 τε
911 5784 1089 5854 Μῆδον
1112 5785 1205 5835 καὶ
1232 5784 1320 5836 τὸν
1353 5782 1565 5852 Πέρσην
1597 5785 1778 5850 φασίν.

1891 4613 2128 4675 quatuor
2178 4619 2405 4658 cornua.
2448 4602 2511 4658 Et
2547 4605 2655 4658 dixi
2704 4604 2897 4673 angelo
2938 4604 2992 4656 in
3043 4618 3129 4657 me
3176 4601 3451 4672 loquenti:

1891 4696 2031 4763 Quid
2070 4702 2199 4749 sunt
2226 4696 2361 4759 hate,
2397 4694 2659 4750 Domine?
2702 4693 2953 4763 Dixitque
2977 4693 3142 4747 mihi:
3172 4692 3296 4748 Haec
3326 4703 3454 4747 sunt

1890 4778 2119 4847 cornua,‘
2145 4800 2265 4853 quae
2290 4785 2664 4855 disperserunt
2691 4781 2884 4837 Judam
2915 4790 2968 4836 et
3007 4782 3257 4837 lsraelem
3292 4791 3455 4852 atque

1891 4876 2250 4932 Hierusalem.
2316 4876 2384 4931 Et
2441 4878 2679 4933 ostendit
2730 4877 2864 4930 mihi
2916 4876 3176 4931 Dominus
3223 4885 3457 4946 quatuor

1892 4968 2097 5023 fabros.
2138 4969 2203 5022 Et
2236 4970 2343 5023 dixi
2373 4986 2387 5023 :
2417 4971 2557 5036 Quid
2590 4969 2676 5023 isti
2706 4969 2929 5023 veniunt
2960 4968 3158 5033 facere,
3195 4968 3458 5023 Domine?

1890 5057 1953 5111 Et
1989 5059 2164 5112 dixit:
2223 5058 2345 5112 Ilaec
2374 5069 2503 5113 sunt
2549 5073 2755 5113 cornua
2786 5074 2907 5126 quae
2946 5059 3325 5128 disperserunt
3353 5058 3453 5112 Ju-

1889 5147 2036 5212 dam,
2065 5156 2227 5217 atque
2258 5147 2508 5202 lsraelem
2532 5149 2937 5217 confregeruut,
2964 5156 3018 5203 et
3050 5163 3206 5201 nemo
3238 5149 3452 5203 illorum

1891 5239 2086 5291 levavit
2134 5249 2330 5307 caput:
2389 5246 2443 5292 et
2475 5238 2728 5292 exierunt
2769 5238 2858 5292 isti
2905 5238 2970 5290 ad
3011 5252 3073 5292 ea
3106 5236 3349 5291 acuenda
3397 5237 3452 5290 in

1890 5327 2144 5381 manibus
2184 5327 2321 5380 suis.
2364 5326 2611 5391 Quatuor
2652 5340 2880 5392 cornua,
2932 5332 3120 5393 gentes
3171 5332 3298 5378 sunt
3335 5338 3455 5393 qua

1890 5434 2060 5472 cornu
2090 5418 2401 5471 extulerunt
2434 5432 2599 5486 super
2630 5423 2830 5470 terram
2867 5414 3080 5469 Domini
3108 5423 3167 5469 ut
3198 5430 3318 5470 eam
3341 5417 3455 5471 dis-

1889 5511 2193 5580 perderent.
2218 5528 2235 5560 )
2280 5510 2380 5575 Qui
2427 5523 2556 5578 ergo
2584 5505 2800 5562 fabulas
2840 5516 3055 5562 nectere
3081 5507 3288 5572 volunt,
3314 5523 3420 5577 qua
3439 5537 3453 5547 -
3490 5533 3494 5537 <

1889 5610 2013 5655 ιιιοι·
2063 5616 2267 5655 cornua
2306 5601 2493 5654 dicunt
2535 5613 2660 5653 esse
2710 5598 3015 5668 Assyrium,
3074 5596 3450 5668 Babylonium,

1890 5692 2123 5753 Medum,
2177 5708 2236 5745 ac
2289 5690 2545 5745 Persam:
2601 5690 2946 5745 considerare
2989 5690 3131 5743 enim
3184 5689 3452 5752 nolentes,

1888 5800 2025 5852 szrpe
2076 5799 2357 5837 numerum
2404 5799 2432 5836 a
2469 5783 2648 5837 divina
2687 5782 2970 5844 Scriptura
3022 5781 3163 5835 haud
3198 5788 3452 5835 accurate
