4022 6138
541 367 649 424 515

1709 359 2059 417 TIIEODORI
2095 358 2340 432 .MOPSU
2352 358 2596 414 ESTENI

3689 358 3802 413 516

545 484 760 540 numeri
774 495 936 537 causa
953 480 1084 545 dici,
1103 480 1196 536 sed
1213 479 1284 535 ob
1301 479 1446 534 aliud
1465 478 1666 549 aliquid
1679 476 2116 548 significandum,

2220 477 2293 529 Οὐ
2332 474 2439 546 γὰρ
2484 482 2770 546 προσέχειν
2797 473 3099 535 ἐθέλοντες,
3134 473 3216 526 ὅτι
3249 469 3510 535 πολλάκις
3549 469 3642 524 τὸν
3669 471 3797 542 ἀρι-

546 575 936 649 appellationes
995 587 1224 626 numero
1279 569 1693 627 accommodare
1752 567 2117 635 contendunt;

545 666 904 738 quamobrem
941 677 1112 718 vanas
1142 662 1356 718 fabulas
1399 666 1800 731 consequenter
1844 657 2002 728 sequi
2028 671 2121 712 co-

542 764 765 829 guntur,
792 763 850 810 ut
872 771 1032 811 suum
1053 756 1238 809 fictum
1256 762 1627 809 commentum
1645 752 1949 807 instruant:
1975 748 2119 819 quod

540 865 667 904 cum
701 863 843 916 serpe
887 847 1016 900 alibi
1063 847 1208 917 passi
1248 854 1399 909 sunt,
1460 855 1574 899 tum
1619 844 1675 899 in
1703 844 1848 898 beati
1881 841 2120 898 Michaaa:

541 939 827 1011 prophetia
859 938 1110 1002 dicentis,
1153 944 1615 995 consurrecturos
1649 935 1924 992 adversus
1949 937 2118 1004 Assy-

541 1034 684 1086 rium
715 1041 922 1102 septem
968 1040 1240 1101 pastores,
1284 1038 1340 1085 ct
1373 1037 1500 1086 octo
1545 1029 1829 1084 hominum
1860 1043 2112 1083 morsus:

542 1134 752 1194 septem
805 1122 1026 1193 quidem
1079 1123 1349 1188 homines,
1403 1129 1690 1191 pastores;
1759 1128 1886 1175 octo
1938 1129 2116 1174 autem

542 1215 814 1277 homines,
846 1229 1066 1269 morsus
1090 1227 1380 1268 numerare
1405 1212 1689 1268 studentes
1709 1211 1786 1279 5';
1817 1211 1963 1281 quod
1990 1226 2116 1266 cum

543 1303 772 1371 faciunt,
804 1304 972 1359 multa
998 1304 1113 1358 risu
1140 1303 1302 1373 digna
1325 1304 1394 1358 ob
1423 1303 1568 1357 hanc
1596 1317 1818 1357 causam
1843 1313 2120 1372 coguntur

541 1395 744 1452 dicere.
791 1396 912 1449 Pari
947 1398 1110 1450 modo
1157 1395 1248 1450 hic
1280 1409 1498 1465 quoque
1531 1403 1769 1466 quatuor
1801 1408 2008 1448 cornua
2035 1392 2120 1448 di-

542 1494 678 1540 cunt
707 1501 830 1541 esse
862 1501 1002 1555 quas
1025 1487 1432 1542 nominavimus
1463 1493 1652 1556 gentes
1676 1503 1690 1540 :
1728 1502 1838 1541 non
1867 1491 2120 1555 reputan-

540 1583 647 1640 tes,
701 1574 847 1643 quod
890 1574 1102 1643 jamdiu
1139 1575 1400 1645 Assyrius
1445 1589 1511 1630 ac
1565 1574 1896 1644 Babylonius
1925 1587 2116 1643 poenas

538 1662 842 1728 dederant;
876 1662 1015 1720 Medi
1043 1671 1224 1718 autem
1255 1663 1452 1734 aCyro
1473 1662 1634 1717 deleti
1665 1663 1912 1727 fuerant;
1937 1660 2118 1718 Persa

541 1755 780 1824 denique
841 1755 976 1808 nihil
1023 1754 1152 1808 mali
1192 1768 1435 1824 unquam
1485 1753 1748 1808 lsraelitis
1799 1753 2114 1817 intulerant,

542 1845 654 1900 imo
679 1847 863 1914 potius
892 1845 1209 1914 captivitate
1239 1859 1337 1900 eos
1361 1844 1706 1916 dimiserant.

2220 567 2356 637 θμὸν
2387 570 2421 638 ή
2445 566 2564 620 θεία
2590 565 2780 636 Γραφὴ
2805 565 2904 618 οὐκ
2932 561 3167 634 ἀριθμοῦ
3199 580 3262 632 γε
3293 562 3480 616 ἕνεκεν
3507 563 3802 635 ἀκριϐολο-

2219 658 2456 728 γουμένη
2486 657 2656 726 λέγει,
2685 656 2778 710 ἐπὶ
2804 653 3031 725 δηλώσει
3059 654 3116 706 δὲ
3143 655 3328 724 ἐτέρου
3362 654 3526 718 τινὸς,
3563 654 3802 724 φιλονειο

2219 749 2376 802 κοῦσι
2408 750 2506 820 μὲν
2549 748 2876 820 ἐφαρμόζειν
2910 747 3202 818 ὀνομασίας
3235 745 3314 817 τῷ
3341 746 3559 818 ἀριθμῷ
3582 764 3595 777 ο
3628 747 3802 818 μυθο-

2217 841 2394 910 λογεῖν
2421 843 2476 895 δὲ
2499 840 2574 904 ὡς
2596 842 2742 904 εἰκὸς
2766 838 3165 908 ἀναγκάζονται
3191 841 3270 902 εἰς
3295 838 3396 910 τὴν
3417 840 3524 891 τῶν
3547 838 3802 910 πλασμάγ-

2216 951 2326 988 των
2359 933 2662 1004 συνθήκην⁶
2694 934 2831 1004 ὅπερ
2872 930 2964 986 οὖν
2997 932 3262 1003 πολλαχοῦ
3296 932 3392 1001 μὲν
3433 932 3527 984 καὶ
3568 931 3800 1001 ἑτέρωθι

2219 1025 2550 1088 πεπόνθασι,
2579 1027 2675 1078 καί⁵
2717 1025 2822 1096 μὴν
2856 1027 2950 1079 καὶ
2998 1026 3090 1077 έπὶ
3118 1024 3217 1094 τῆς
3256 1023 3351 1076 τοῦ
3382 1023 3653 1094 μακαρίου
3685 1025 3798 1078 Μι-

2218 1117 2373 1187 χαίου
2409 1117 2740 1186 προφητείας
2779 1117 3027 1183 λέγοντος
3056 1116 3138 1168 ὅτι
3161 1155 3174 1179 ,
3213 1133 3234 1165 ι
3255 1113 3673 1184 Ἑγερθήσονται
3702 1113 3800 1166 ἐπὶ

2217 1205 2306 1258 τὸν
2351 1205 2633 1276 Ἀσσύριον
2657 1205 2797 1258 έπτά
2826 1206 3083 1277 ποιμένες
3112 1207 3206 1259 καὶ
3243 1203 3388 1258 ὀκτὼ
3419 1203 3672 1274 δήγματα
3701 1205 3801 1257 ἀν·

2219 1293 2451 1365 θρώπων
2471 1310 2484 1324 ·
2512 1314 2531 1346 ι
2555 1295 2693 1348 έπτὰ
2719 1295 2813 1366 μὲν
2842 1295 3161 1367 ἀνθρώπους
3181 1295 3307 1358 τοὺς
3337 1294 3597 1364 ποιμένας
3615 1334 3627 1355 ,
3649 1293 3800 1348 ὀκτὼ

2217 1386 2273 1440 δὲ
2310 1385 2628 1456 ἀνθρώπους
2665 1388 2734 1440 τά
2773 1386 3026 1458 δήγματα
3068 1387 3318 1458 ἀριθμεῖν
3368 1384 3800 1454 φιλονεικοῦντες

2219 1478 2648 1550 ἀναγκαζόμενοί
2693 1497 2750 1534 τε
2795 1480 2884 1534 διὰ
2919 1480 3125 1550 ταύτην
3174 1479 3272 1552 τὴν
3313 1479 3492 1533 αἰτίαν
3540 1480 3798 1532 πλείστου

2217 1569 2453 1637 γέλωτος
2479 1571 2602 1638 ἀξια
2628 1571 2829 1638 λέγειν.
2868 1573 2971 1624 Τὸν
2996 1571 3157 1626 αὐτὸν
3195 1571 3250 1624 δὲ
3281 1571 3484 1643 τρόπον
3517 1569 3800 1624 κάνταῦθα

2216 1663 2459 1734 τέσσαρα
2501 1665 2708 1736 κέρατά
2742 1682 2876 1731 φασι
2899 1666 3024 1727 τοὺς
3053 1663 3461 1735 προρῤηθέντας
3489 1664 3618 1733 ἡμῖν
3645 1680 3656 1690 ·
3693 1662 3800 1714 οὐκ

2219 1751 2524 1817 ἐννοοῦντες
2545 1755 2627 1806 ὅτι
2667 1753 2836 1808 πάλαι
2881 1755 2979 1824 μὲν
3007 1754 3035 1806 ὁ
3089 1753 3366 1826 Ἀσσύριός
3390 1771 3452 1809 τε
3485 1754 3582 1807 καὶ
3620 1755 3648 1806 ό
3688 1754 3801 1806 Βα-

2151 1831 2193 1885 Β
2224 1842 2482 1908 6υλώνιος
2511 1844 2812 1899 δεδώκεσαν
2841 1847 3025 1910 δίκας·
3064 1846 3237 1916 Μῆδοι
3266 1847 3322 1900 δὲ
3352 1846 3457 1900 ὑπὸ
3485 1845 3668 1917 Κύρου
3693 1861 3799 1898 κα-

541 1938 808 2010 θῄρηντοο
832 1937 1040 2008 Πέρσαι
1077 1937 1134 1990 δὲ
1183 1937 1335 1991 οὐδὲν
1373 1937 1571 2000 αὐτοὺς
1617 1935 1870 2000 καθάπαξ
1919 1935 2238 2007 ἠδικηκότες
2280 1939 2643 2010 εὑρίσκονται,
2687 1941 2992 1995 τούναντίον
3052 1941 3150 2012 μὲν
3181 1938 3275 1996 οὖν
3330 1942 3426 1995 καὶ
3461 1944 3559 2011 τῆς
3596 1943 3803 2010 αἰχμα-

541 2030 741 2095 λωσίας
769 2028 1021 2099 ἀφέντες.

611 2123 774 2195 300
790 2120 978 2176 Divina
1007 2121 1174 2191 igitur
1205 2118 1487 2190 Scriptura
1515 2127 1752 2191 quatuor
1777 2134 1985 2175 cornua
2008 2134 2113 2175 non

541 2213 758 2281 aliquos
790 2211 1110 2267 nominatim
1143 2210 1394 2267 homines
1420 2211 1589 2279 dicit;
1625 2210 1721 2267 sed
1744 2212 1872 2281 quia
1900 2212 1954 2264 in
1983 2226 2121 2282 qua-

543 2317 667 2361 tuor
699 2311 886 2374 partes
919 2301 1275 2359 distributum
1310 2302 1501 2358 orbem
1533 2301 1796 2366 dicimus,
1832 2301 2118 2364 orientem,

539 2409 820 2460 occasum,
855 2393 1308 2464 septentrionem,
1347 2406 1413 2447 ac
1446 2391 1751 2459 meridiem,
1785 2406 2119 2449 commemo-

541 2493 628 2541 rat
657 2500 801 2555 saepe
829 2484 945 2539 haec
977 2485 1219 2548 climata,
1251 2489 1312 2537 ut
1351 2496 1472 2552 quae
1510 2481 1696 2538 multis
1727 2481 1781 2534 in
1818 2481 1954 2536 locis
1984 2480 2121 2535 fiunt

539 2579 808 2648 designet.
826 2575 1004 2632 Veluti
1021 2591 1147 2630 cum
1166 2575 1302 2629 dicit
1319 2573 1511 2629 beatus
1540 2572 1713 2629 David
1738 2572 1804 2627 de
1821 2571 2080 2628 lsraelitis
2102 2589 2117 2627 :

546 2688 567 2722 ι
595 2669 788 2726 Dicant
807 2667 1073 2737 redempti
1102 2681 1132 2720 a
1163 2664 1414 2730 Domino,
1435 2679 1574 2735 quos
1606 2663 1924 2719 redemitde
1955 2677 2120 2716 manu

539 2761 770 2826 inimici,
791 2768 845 2818 et
879 2759 946 2814 de
975 2759 1291 2830 regionibus
1316 2757 1668 2828 congregavit
1697 2770 1816 2819 eos,
1851 2755 1920 2810 ab
1941 2755 2120 2810 orien-

539 2860 612 2917 te,
643 2851 712 2905 ah
738 2864 963 2913 occasu,
995 2863 1027 2902 a
1065 2849 1251 2913 borea,
1283 2855 1337 2904 et
1377 2862 1408 2900 a
1448 2848 1586 2901 mari
1613 2844 1686 2902 ".
1725 2865 1742 2898 ι
1782 2847 1947 2916 Atqui
1983 2861 2116 2902 con~

539 2952 670 3007 stat,
711 2941 854 3012 quod
893 2955 1236 3010 nequaquam
1273 2954 1369 3009 per
1397 2945 1634 3008 quatuor
1673 2937 1823 2994 orbis
1859 2938 2120 2994 terminos

539 3035 822 3102 dispersos
856 3031 1134 3089 lsraelitas
1168 3029 1518 3100 congregavit
1546 3027 1712 3096 Deus,
1754 3029 1848 3085 sed
1881 3027 1983 3084 sub
2013 3027 2120 3082 Ba-

539 3120 778 3191 byloniis
845 3119 1226 3176 tantummodo
1279 3129 1442 3190 atque
1511 3120 1752 3192 Assyriis
1804 3122 2119 3175 servitutem

538 3213 844 3270 servientes
901 3212 956 3266 in
1012 3211 1288 3280 propriam
1345 3210 1623 3282 regionem
1667 3212 1928 3266 restituit.
1980 3209 2122 3266 Dicit

541 3310 723 3358 autem
761 3301 1162 3372 Scripturarab
1195 3302 1408 3358 oriente
1441 3310 1492 3356 et
1533 3317 1734 3357 occasu
1775 3313 1829 3357 et
1869 3304 2032 3358 borea
2065 3308 2120 3357 et

2309 2120 2373 2172 Ἥ
2399 2119 2457 2172 δὲ
2486 2118 2603 2171 θεία
2623 2117 2812 2189 Γραφή
2839 2119 3079 2190 τέσσαρα
3105 2117 3311 2188 κέρατα
3332 2118 3392 2171 οὗ
3415 2117 3612 2188 ρητορς
3643 2134 3802 2180 τινας

2219 2209 2538 2283 ἀνθρώπους
2583 2210 2750 2278 λέγει,
2807 2209 2921 2263 ἀλλ’
2950 2209 3143 2282 ἐπειδή
3179 2211 3258 2274 εἰς
3291 2209 3534 2280 τέσσαρα
3581 2210 3803 2279 πέρατα

2224 2301 2549 2373 μεμερίσθαι
2577 2302 2676 2372 τὴν
2700 2302 3022 2372 οἰκουμένην
3051 2301 3251 2370 φαμὲν,
3284 2301 3549 2364 ἀνατολάς
3594 2318 3654 2354 τε
3699 2302 3802 2356 καὶ

2219 2394 2428 2462 δυσμὰς
2475 2395 2565 2447 καὶ
2589 2395 2789 2465 ἄρκτον
2821 2395 2914 2446 καὶ
2936 2392 3303 2464 μεσημόρίαν,
3333 2393 3411 2464 (p.
3436 2393 3563 2460 455)
3592 2393 3804 2464 μέμνηι

2220 2500 2310 2538 ται
2323 2483 2430 2537 τῶν
2453 2483 2731 2553 κλιμάτων
2751 2482 2955 2537 τούτων
2983 2481 3244 2545 πολλάκις
3267 2482 3328 2534 τὸ
3355 2482 3620 2553 πολλαχοῦ
3651 2484 3805 2551 γινό-

2224 2592 2382 2648 μενον
2401 2575 2657 2646 δηλοῦσα·
2695 2577 2768 2640 ὡς
2794 2576 2922 2630 ὅταν
2950 2577 2979 2628 ὁ
3023 2575 3287 2646 μακάριος
3319 2575 3450 2645 λέγῃ
3489 2574 3648 2628 Δαυῒδ
3669 2577 3805 2646 περὶ

2219 2664 2328 2720 τῶν
2369 2663 2714 2736 Ἰσραηλιτῶν
2732 2681 2745 2694 ο
2777 2684 2800 2715 ιΔ
2830 2664 3154 2718 Είπάτωσαν
3173 2665 3220 2716 oi
3270 2663 3667 2734 λελυτρωμένοι
3693 2664 3805 2716 ὑπὸ

2220 2757 2454 2830 Κυρίου,
2471 2756 2562 2820 οὒς
2587 2755 2926 2827 έλυτρώσατο
2949 2758 3013 2809 ὲκ
3036 2755 3223 2826 χειρὸς
3244 2755 3463 2826 ἐχθροῦ,
3485 2756 3580 2809 καὶ
3602 2757 3666 2808 ὲκ
3689 2755 3802 2806 τῶν

2220 2848 2420 2922 χειρῶν
2447 2848 2752 2918 συνήγαγεν
2777 2847 2994 2911 αὐτοὺς,
3020 2847 3128 2900 ἀπὺ
3157 2846 3431 2900 ἀνατολῶν
3459 2848 3552 2899 καὶ
3577 2846 3802 2918 δυσμῶν

2221 2942 2316 2996 καὶ
2347 2939 2520 3014 βορρᾶ.
2543 2941 2636 2994 καὶ
2664 2939 2956 3011 θαλάσσης.
2982 2958 2999 2990 ι
3018 2939 3252 3011 Εῦδηλον
3275 2939 3384 3011 γὰρ
3409 2941 3490 2994 ὅτι
3506 2940 3614 3009 ,οὐκ
3629 2942 3707 3004 εἰς
3728 2941 3800 2993 τὰ

2220 3033 2463 3104 τέσσαρα
2513 3034 2724 3103 πέρατα
2766 3033 2865 3103 τῆς
2910 3032 3238 3103 οἰκουμένης
3281 3031 3802 3102 ᾰασκορπισθέντας

2219 3125 2347 3188 τοὺς
2384 3125 2721 3196 Ἰσραηλίτας
2752 3125 3055 3194 συνήγαγεν
3075 3125 3104 3176 ὁ
3122 3122 3276 3189 Θεὸς,
3310 3122 3414 3176 ὑπὸ
3440 3121 3801 3185 Βαϐυλωνίοις

2218 3215 2279 3272 δὲ
2311 3215 2405 3270 καὶ
2447 3214 2749 3285 Ἀσσυρίοις
2789 3214 2971 3285 μόνοις
3005 3213 3382 3285 αἰχμαλώτους
3408 3213 3564 3277 ὄντας
3591 3216 3670 3278 εἰς
3699 3214 3802 3284 τὴν

2222 3307 2426 3362 οἰκείαν
2457 3307 2769 3377 ἐπανήγαγε
2814 3307 2940 3376 γῆν.
2972 3303 3134 3372 Λέγει
3157 3300 3223 3358 ’δὲ
3260 3305 3293 3376 ή
3323 3304 3513 3376 Γραφὴ
3539 3303 3600 3357 τὸ
3636 3323 3652 3354 ι
3689 3305 3803 3358 ἀπὸ

541 3397 796 3458 marinut
827 3396 1046 3449 denotet
1088 3393 1232 3463 quod
1267 3393 1453 3448 multis
1501 3394 1637 3448 locis
1671 3392 1954 3462 dispersos
1985 3408 2118 3448 con-

2220 3396 2490 3454 ἀνατολῶν
2523 3397 2618 3451 καὶ
2645 3397 2865 3467 δυσμῶν
2897 3396 2989 3449 καὶ
3016 3395 3189 3466 βορρᾶ
3207 3396 3302 3449 καὶ
3333 3395 3626 3466 θαλάσσης,
3661 3413 3679 3444 ι
3708 3395 3803 3448 ῐνα

540 3488 847 3558 gregaverit
893 3494 1056 3555 atque
1103 3485 1157 3539 in
1209 3486 1444 3556 patriam
1497 3483 1798 3539 reduxerit.
1846 3482 1938 3538 Sic
1988 3499 2120 3556 ergo

540 3581 630 3636 hic
663 3593 880 3648 quoque
915 3585 1155 3648 quatuor
1185 3592 1394 3631 cornua
1427 3575 1582 3641 dicit,
1639 3587 1697 3630 ut
1726 3575 1976 3646 designet
2025 3592 2122 3644 pu-

538 3671 701 3741 pulos
730 3669 1098 3737 undecunque
1137 3667 1400 3722 lsraelitis
1434 3666 1708 3722 hostiliter
1731 3666 2123 3736 supervenien-

539 3767 645 3821 tes,
687 3767 742 3812 et
774 3757 1104 3831 omnimodis
1128 3757 1212 3812 eis
1243 3772 1443 3812 nocere
1471 3757 1743 3820 volentes,
1781 3758 1898 3813 sive
1927 3756 1982 3810 hi
2015 3755 2122 3811 As-

539 3848 674 3920 syrii
707 3847 928 3911 fuerint,
946 3847 1062 3902 sive
1092 3846 1398 3918 Babylonii,
1430 3846 1545 3902 sive
1569 3844 1812 3908 Idumaei,
1837 3846 1952 3901 sive
1967 3846 2121 3899 Moa-

538 3940 700 4001 bitae,
740 3939 855 3996 sive
909 3939 1089 3994 caeteri
1125 3938 1370 4006 finitimi,
1408 3938 1522 3994 sive
1555 3938 1790 4008 denique
1827 3937 1918 3992 alii
1955 3937 2120 4007 quili-

539 4031 650 4088 bet.
685 4029 760 4084 Ea
793 4039 1014 4099 propter
1039 4037 1278 4100 quatuor
1317 4031 1481 4083 etiam
1523 4029 1708 4085 fabros
1735 4031 1899 4094 videt,
1931 4038 1991 4085 ut
2017 4031 2120 4084 mi-

539 4123 888 4179 nistratorias
920 4127 1219 4191 potestates
1264 4120 1430 4185 dicat,
1481 4121 1644 4190 quasi
1678 4122 1848 4177 variis
1879 4135 1946 4175 ex
1983 4121 2120 4176 locis

542 4213 811 4282 supplicia
834 4213 902 4267 iis
936 4213 1151 4282 populis
1175 4212 1534 4278 adducentes,
1564 4213 1693 4268 dum
1721 4212 2118 4284 singulmjuxta

543 4305 639 4360 Dei
674 4304 951 4360 decretum
989 4304 1057 4358 ab
1096 4303 1204 4360 illis
1241 4319 1432 4374 poenas
1480 4312 1795 4374 reposcunt.
1841 4302 1962 4359 Jam
1995 4319 2121 4359 cor-

542 4391 1150 4462 nsarexacuereidixit,
1170 4410 1291 4464 pro,
1319 4395 1409 4448 illa
1439 4405 1758 4458 extenuare,
1781 4401 1945 4465 atque
1969 4395 2118 4449 omni

543 4493 839 4558 asperitate
868 4486 1141 4557 spoliare;
1179 4485 1230 4540 id
1265 4496 1350 4542 est
1383 4487 1548 4552 vires,
1583 4487 1783 4557 quibus
1816 4487 1851 4540 ii
1896 4501 2117 4557 aggres-

543 4595 698 4637 sores
730 4577 936 4636 sull‘ulti
969 4585 1148 4641 erant,
1184 4577 1416 4646 eripere.
1453 4576 1748 4648 Postquam
1780 4577 1882 4633 hac
1913 4579 2119 4633 revela-

544 4673 692 4726 tione
743 4685 960 4740 paenam
1011 4668 1379 4725 oﬂ‘ensoribus
1427 4669 1795 4724 lsraelitarum
1829 4669 2117 4738 imponen-

2220 3489 2352 3561 εῑπη
2381 3490 2461 3543 ὅτι
2504 3490 2631 3553 τοὺς
2677 3486 2962 3558 πολλαχόθι
3006 3487 3434 3559 διεσπαρμένους
3481 3485 3703 3558 ήθροισέ
3738 3503 3800 3540 τε

2221 3580 2316 3635 καὶ
2361 3581 2709 3650 ἐπανήγαγεν
2755 3581 2836 3640 εἰς
2878 3579 2948 3632 τὰ
2984 3580 3176 3633 οἰκεῖα.
3235 3577 3422 3641 Οὕτως
3450 3573 3544 3631 οὖν
3579 3577 3676 3630 καὶ
3710 3577 3788 3629 tv-

2217 3670 2396 3728 ταῦθα
2421 3672 2663 3742 τέσσαρα
2682 3671 2890 3742 κέρατα
2921 3669 3088 3740 λέγει,
3125 3671 3210 3724 ἴνα
3241 3671 3369 3740 εῐπῃ
3391 3671 3516 3733 τοὺς
3537 3669 3799 3739 πολλαχό-

2220 3759 2314 3816 θεν
2333 3761 2516 3824 αὐτοῖς
2541 3760 2938 3829 ὲπεληλυθότας
2965 3760 3058 3814 καὶ
3077 3759 3346 3822 παντοίως
3374 3757 3571 3819 αὐτοὺς
3599 3756 3799 3825 βλάψαι

2222 3848 2598 3921 βουληθέντας,
2626 3847 2736 3901 εἴτε
2790 3847 3104 3918 Ἀσσυρίους
3133 3849 3240 3899 εἴτε
3279 3845 3648 3908 Βαϐυλωνίους
3687 3843 3799 3897 εἴτε

2233 3942 2593 4012 Ἰδουμαίους,
2647 3941 2681 4009 ἦ
2737 3939 3025 4003 Μωαϐίτας
3070 3939 3103 4010 ἢ
3147 3940 3240 3993 καὶ
3281 3939 3404 4003 τοὺς
3440 3938 3660 4000 λοιποὺς
3707 3953 3804 3989 πε-

2223 4034 2479 4104 ριοίκους,
2528 4031 2626 4086 εἴθ’
2681 4031 2932 4095 οὕστινας
2968 4031 3164 4102 δήποτε
3212 4031 3451 4101 ἑτέρους.
3503 4030 3602 4084 Διά
3641 4027 3802 4083 τοῦτο

2220 4120 2316 4175 καὶ
2348 4121 2606 4184 τέκτονας
2621 4121 2890 4193 τέσσαρας
2929 4122 3138 4192 βλέπει,
3161 4123 3249 4176 ἵνα
3277 4124 3407 4195 εἴπῃ
3438 4123 3534 4187 τὰς
3565 4121 3814 4192 λειτουρ-

2220 4211 2382 4279 γικάς
2419 4211 2696 4280 δυνάμεις,
2727 4210 2800 4273 ὡς
2831 4211 3158 4282 πολλαχόθεν
3191 4213 3375 4275 αὐτοῖς
3401 4212 3498 4282 τὴν
3527 4209 3800 4281 τιμωρίαν

2220 4301 2694 4370 έπαναγαγούσας,
2725 4303 2969 4356 έκάστων
2991 4304 3116 4366 τοὺς
3156 4303 3287 4374 παρ’
3325 4303 3508 4366 αὐτοῖς
3533 4302 3675 4355 κατά
3697 4301 3799 4371 τὴν

2220 4396 2495 4466 ἀπόφασιν
2513 4396 2984 4468 τιμωρησαμένων
3009 4397 3106 4466 τὴν
3137 4396 3305 4450 θείαν.
3332 4396 3406 4450 Τὸ
3425 4396 3480 4450 δὲ
3514 4415 3530 4447 ι
3559 4396 3744 4462 όξῦναι
3774 4414 3792 4446 ι

2221 4487 2290 4542 τά
2343 4487 2546 4562 κέρατα
2596 4487 2744 4557 λέγει
2793 4488 2913 4542 ἀντὶ
2959 4487 3052 4540 τοῦ
3132 4485 3464 4541 έκλεπτῦναι
3519 4486 3658 4540 αὑτά
3704 4486 3798 4539 καὶ

2221 4580 2399 4637 πάντα
2425 4579 2518 4633 τὸν
2534 4581 2695 4648 ὄγκον
2724 4578 2900 4634 αὐτῶν
2931 4579 3150 4648 ἀφελεῖν
3170 4597 3183 4611 ο
3228 4580 3314 4634 ἵνα
3349 4579 3482 4652 εῐπῃ
3512 4577 3609 4650 τὴν
3643 4593 3799 4648 περι-

2222 4673 2480 4742 κειμένην
2510 4674 2619 4734 τοίς
2647 4669 2931 4726 ἐπελθοῦσι
2952 4672 3177 4742 δύναμιν
3212 4670 3471 4741 ἀφανίσαι
3493 4686 3506 4698 ’
3536 4668 3711 4723 ταῦτα
3732 4668 3797 4738 δὴ

542 4763 667 4817 dam
695 4762 958 4832 propheta
992 4760 1298 4827 aﬂirmavit,
1344 4763 1505 4817 aliam
1536 4761 1711 4831 pergit
1751 4776 1978 4816 narrare
2010 4761 2116 4816 sibi

2222 4767 2288 4835 τῇ
2315 4734 2668 4833 ’ἀποκαλύψει
2708 4763 2807 4836 τὴν
2846 4763 2955 4818 τῶν
2981 4734 3316 4835 ἠδικηκότων
3345 4765 3471 4827 τοὺς
3522 4734 3796 4833 Ἰσραηλίέ

545 4855 742 4911 factam
773 4853 1183 4918 revelationem,
1203 4869 1325 4922 qua:
1354 4853 1508 4908 urbis
1535 4853 1878 4908 Hierusalem
1900 4852 2112 4907 instau-

541 4947 807 5002 rationem
837 4945 1271 5001 demonstrabat.
1304 4943 1395 5000 Sic
1427 4953 1607 5000 autem
1641 4944 1775 5001 dicit
1816 4965 1828 5000 :

1207 5126 1358 5182 CAP.
1394 5127 1460 5181 ll.

608 5217 766 5288 θοι
799 5217 960 5274 Vsus.
987 5215 1104 5272 1-5.
1137 5246 1207 5257 -
1235 5236 1254 5269 ι
1291 5216 1594 5289 Levavique
1618 5222 1809 5277 oculos
1853 5239 2028 5284 meos.
2063 5236 2116 5281 et

541 5308 675 5372 vidi,
705 5317 758 5363 et
795 5309 1044 5366 ecce'vir
1076 5308 1130 5367 in
1165 5307 1324 5380 cuius
1349 5326 1527 5366 manu
1570 5311 1852 5369 funiculus
1895 5329 2116 5384 geome-

541 5400 730 5456 tricus.
761 5399 991 5472 Dixique
1015 5403 1064 5457 ei
1090 5422 1104 5456 :
1128 5401 1248 5468 Quo
1271 5410 1326 5458 tu
1350 5402 1567 5474 pergis?
1593 5403 1656 5460 Et
1679 5405 1817 5460 dixit
1848 5407 2014 5461 mihi:
2046 5406 2112 5462 Ut

540 5488 792 5544 dimetiar
817 5491 1176 5557 Hierusalem,
1203 5502 1257 5550 et
1291 5494 1502 5551 videam
1542 5506 1744 5566 quanta
1779 5499 1850 5552 sit
1880 5499 2111 5554 latitudo

539 5579 660 5648 ejus
679 5589 728 5634 et
748 5591 948 5648 quanta
974 5584 1272 5652 longitudo.
1295 5584 1358 5637 Et
1385 5600 1514 5640 ecce
1537 5587 1761 5659 angelus
1792 5588 1888 5666 qui
1911 5589 2105 5661 loque-

481 5745 490 5759 ⁸
605 5758 657 5801 ⁸³
694 5759 856 5815 Micli.
898 5777 949 5827 ν,
986 5760 1039 5815 5.
1115 5761 1161 5794 ⁸⁸
1199 5760 1479 5833 Psal.cv1,
1518 5763 1573 5818 2.

2217 4873 2316 4919 τας
2339 4857 2610 4926 τιμωρίαν
2640 4855 2942 4924 βεϐαιώσας
2969 4857 3000 4911 ὁ
3020 4858 3326 4928 προφήτης,
3347 4858 3424 4925 (p.
3454 4854 3580 4924 454)
3603 4855 3798 4925 ἑτέραν

2218 4947 2562 5015 ἀποκάλυψιν
2609 4947 2760 5016 λέγει
2815 4948 3114 5018 δειχθεῖσαν
3159 4947 3309 5018 αὐτῷ
3351 4945 3653 5018 δηλωτικὴν
3695 4943 3799 5013 τῆς

2217 5041 2359 5093 κατά
2390 5039 2487 5111 τὴν
2533 5041 2597 5094 Ἱε
2608 5041 2884 5110 ρουσαλὴμ
2911 5039 3276 5106 ἀνανεώσεως.
3311 5040 3472 5107 Λέγει
3500 5039 3556 5091 δὲ
3584 5036 3760 5099 οὕτως
3783 5053 3796 5066 ·

2870 5133 3027 5186 ΚΕΦ.
3071 5132 3147 5188 B'.

2286 5223 2432 5293 Στίχ.
2468 5231 2614 5277 σι’-ε’.
2651 5253 2720 5264 --
2755 5243 2775 5276 ι
2806 5225 2915 5276 Καὶ
2942 5219 3050 5294 ἦρα
3080 5223 3208 5285 τοὺς
3235 5220 3543 5291 ὀφθαλμούς
3575 5237 3679 5288 μου
3709 5219 3830 5271 και

2215 5307 2353 5366 εἶδον
2372 5330 2386 5343 ·
2445 5314 2539 5366 καὶ
2573 5312 2680 5366 ἰδοὺ
2707 5313 2870 5383 ἀνὴρ,
2911 5314 3003 5366 καὶ
3033 5315 3090 5367 έν
3116 5315 3181 5384 τῇ
3209 5311 3354 5384 χειρὶ
3373 5308 3538 5366 αὐτοῦ
3564 5309 3807 5379 σχοινίον

2215 5405 2617 5475 γεωμετρικῶν
2650 5405 2745 5458 καὶ
2765 5401 2916 5458 εἷπον
2943 5405 3077 5476 πρὸς
3105 5404 3290 5468 αὑτὸν,
3313 5403 3423 5458 Ποῦ
3457 5405 3521 5458 σὺ
3553 5401 3804 5474 πορεύῃς

2217 5497 2310 5552 καὶ
2353 5492 2473 5550 εἷπε
2523 5497 2658 5570 πρός
2702 5516 2806 5569 με,
2858 5499 3226 5569 Διαμετρῆσαι
3274 5498 3372 5568 τὴν
3415 5495 3809 5568 Ἰερουσαλὴμι

2214 5589 2310 5643 τοῦ
2351 5589 2481 5645 ἰδεῖν
2515 5589 2743 5662 πηλίκον
2772 5590 2834 5644 τὸ
2859 5589 3060 5652 πλάτος
3089 5589 3259 5663 αὐτῆς
3284 5591 3400 5642 ἐστι
3436 5588 3531 5642 καὶ
3567 5584 3814 5652 πηλίκον
