4022 6138
275 731 436 795 λησον
470 728 610 798 πρὸς
645 729 739 782 τὸν
776 733 1054 786 νεανίσκον
1087 737 1291 793 ἐκεῖνον
1323 737 1517 810 λέγων,
1553 745 1850 818 Κατακάρ·

274 833 392 878 πως
432 817 894 891 κατοικηθήσεται
938 824 1290 900 Ἰερουσαλὴμ
1332 831 1440 885 άπὸ
1488 834 1725 906 πλήθους
1754 817 1850 892 ἁν-

274 904 507 976 θρώπων
542 909 637 961 καὶ
679 910 890 981 κτηνῶν
922 913 1030 966 τῶν
1065 918 1123 969 ἐν
1161 921 1311 992 μέσῳ
1360 904 1695 994 αύτῆςίκαὶ
1739 930 1850 998 ἐγὼ

269 996 459 1068 ἔσομαι
493 999 654 1070 αὐτῇ,
668 1000 814 1070 λέγει
834 1003 1057 1074 Κύριος,
1076 1012 1250 1079 τεῖχος
1272 1014 1440 1084 πυρὸς
1459 1016 1739 1084 κυκλόθεν,
1754 996 1847 1075 καὶ

268 1089 348 1150 είς
390 1088 548 1153 δόξαν
581 1090 774 1162 ἔσομαι
799 1095 857 1145 ὲν
892 1096 1042 1168 μέσῳ
1071 1099 1258 1171 αὐτῆς.
1299 1122 1318 1155 ι
1367 1105 1585 1180 Ἐπειδὴ
1616 1113 1727 1175 τοῖς
1748 1113 1846 1178 τὰς

267 1178 557 1249 οἰκοδομὰς
577 1181 964 1254 ἐργαζομένοις
989 1189 1208 1260 σχοινίῳ
1243 1197 1460 1265 μετρεῖν
1481 1178 1600 1261 ἔθος
1630 1201 1722 1253 ἐπὶ
1747 1202 1844 1272 τῆς

265 1269 388 1339 γῆς,
422 1271 491 1324 τά
511 1289 570 1324 τε
614 1273 790 1343 πλάτη
839 1277 932 1330 καὶ
972 1279 1039 1332 τὰ
1072 1281 1220 1352 μήκη
1246 1284 1488 1350 καὶτοὺς
1513 1288 1716 1355 τύπους
1743 1269 1844 1361 τῆς

266 1358 572 1429 οίκοδομῆς,
591 1361 905 1430 ἀναγκαίως
922 1365 1147 1434 ἄγγελον
1160 1371 1260 1441 ὁρᾷ
1284 1371 1443 1426 πάλιν
1466 1378 1606 1432 κατά
1636 1381 1696 1431 τὸ
1720 1358 1844 1435 είω-

268 1443 356 1508 θος
381 1447 439 1498 ὲν
459 1445 752 1518 ἀνθρώπου
784 1455 987 1524 μορφῇ,
1014 1456 1243 1526 σχοινίον
1267 1461 1564 1532 κατέχοντα
1596 1467 1804 1524 τοιοῦτο
1821 1488 1836 1502 ο

265 1534 636 1608 δςέρωτηθεὶς
665 1541 804 1593 κατὰ
829 1542 924 1615 τὴν
947 1546 1236 1619 γινομένην
1251 1551 1589 1625 ἀποκάλυψιν
1614 1558 1691 1629 τῷ
1707 1579 1840 1631 προ-

264 1629 422 1699 φήτῃ.
464 1630 699 1701 ὅποιπερ
730 1634 966 1698 ἄπεισιν,
1003 1640 1270 1711 μετρῆσαι
1303 1643 1404 1717 ἔφη
1429 1648 1528 1718 τῆς
1565 1629 1836 1722 Ἰερουσα-

261 1717 372 1788 λὴμ
404 1721 626 1775 ἀπιέναι
657 1723 755 1796 τὴν
788 1725 1100 1800 οἰκοδομὴν,
1140 1733 1330 1790 ὁποίαν
1355 1755 1415 1791 τε
1445 1717 1537 1794 καὶ
1577 1717 1708 1815 ὅσην
1734 1747 1834 1800 αὐ-

255 1808 354 1880 τὴν
393 1813 649 1879 γενέσθαι
697 1819 982 1888 προσήκει.
1033 1817 1166 1877 Εῐτα
1210 1825 1356 1896 λέγει
1411 1831 1508 1901 μὲν
1554 1808 1690 1906 πρὸς
1737 1840 1829 1893 τὸν

251 1901 480 1970 ἄγγελον
511 1904 605 1957 τὸν
647 1908 706 1960 ὲν
736 1908 886 1980 αὐτῷ
909 1910 1191 1978 λαλοῦντα,
1218 1915 1276 1971 ὃν
1304 1919 1362 1972 ἐν
1394 1925 1507 1986 τοῖς
1538 1901 1829 1999 ἀνωτέροις

249 1997 309 2048 ὲν
336 1985 624 2066 ἀνθρώπου
658 2003 840 2072 μορφῇ
872 2004 1176 2076 καθήμενον
1205 2005 1341 2063 εἶδεν
1368 2013 1453 2081 ἐφ’
1490 1985 1656 2071 ἵππου
1687 1985 1826 2092 πυρΖ

251 2085 347 2154 ῥοῦ
416 2088 696 2160 ἀναμέσον
746 2093 854 2148 τῶν
903 2095 1072 2166 ὀρέων
1120 2100 1228 2154 τῶν
1279 2108 1588 2161 κατασκίων
1647 2113 1824 2180 (τοῦτο

246 2178 356 2249 γάρ
388 2180 521 2249 ἡμῖν
553 2183 620 2234 ὲκ
665 2181 775 2239 τῶν
824 2187 1227 2260 προειληφότων
1259 2195 1475 2262 ἐγένετο
1520 2178 1698 2269 δῆλον.
1740 2205 1823 2258 ὅτι

244 2265 336 2317 τὸν
357 2266 518 2320 αὑτὸν
551 2269 781 2338 ἄγγελον
809 2274 1080 2344 ἀναμέσον
1099 2295 1158 2332 τε
1190 2281 1491 2352 ἑωρακέναι
1509 2289 1617 2341 τῶν
1647 2293 1821 2363 ὀρέων

243 2354 370 2423 ἔφη,
426 2360 521 2412 καὶ
568 2359 633 2432 δὴ
674 2363 768 2415 καὶ
814 2363 991 2419 λαλεῖν
1029 2369 1087 2421 ὲν
1131 2371 1279 2443 αύτῷ
1319 2374 1566 2436 )οτοῦτον
1606 2354 1690 2452 δὴ.
1723 2386 1819 2438 καὶ

242 2446 338 2500 νῦν
365 2449 666 2520 ἑωρακέναι
700 2454 862 2523 φησὶν
892 2457 1102 2511 ἑστῶτα
1126 2457 1200 2522 ὡς
1229 2461 1294 2516 ἂν
1329 2464 1588 2534 ἡδόμενον
1616 2446 1708 2524 ἐπὶ
1737 2472 1817 2543 τῷ

240 2538 541 2608 γινομένῳ·
581 2539 657 2609 (p.
703 2539 830 2611 455)
880 2546 972 2597 καὶ
1019 2547 1102 2599 ὅτι
1145 2547 1214 2601 τὰ
1252 2551 1351 2622 τῆς
1398 2553 1630 2626 δεήσεως
1668 2538 1815 2633 αύτῷ

237 2624 343 2693 τῆς
369 2625 508 2694 πρὸς
535 2627 624 2681 τὸν
650 2629 780 2683 Θεὸν
814 2633 949 2704 πρὸς
977 2635 1148 2707 πέρας
1173 2634 1342 2709 Ῐκται,
1368 2643 1436 2714 ἢν
1461 2624 1600 2719 ύπέρ
1621 2667 1680 2702 τε

254 2711 615 2784 Ἰερουσαλὴμ
650 2718 738 2770 καὶ
765 2719 861 2772 τοῦ
895 2720 1080 2786 ἔθνους
1116 2711 1434 2800 προσήγαῨε
1461 2731 1538 2802 τῷ
1565 2711 1704 2806 ba?”
1733 2711 1813 2810 τῷ

250 2804 331 2874 μὴ
369 2804 529 2874 μόνον
557 2806 819 2879 δειχθῆναι
860 2813 960 2882 τὴν
994 2817 1440 2894 ἐπαχθησομένην
1474 2827 1587 2889 τοῖς
1617 2804 1809 2902 ἠδικηλ

241 2895 403 2948 κόσιν
441 2897 626 2963 αὐτοὺς
666 2903 967 2974 τιμωρίαν·
1013 2906 1149 2962 ἀλλὰ
1189 2914 1283 2966 καὶ
1316 2908 1551 2985 φανῆναι
1590 2895 1682 2973 καὶ
1719 2895 1810 2978 τόν

232 2987 297 3041 τὸ
342 2990 573 3060 σχοινίον
617 2993 808 3064 ἔχοντα
836 2997 896 3049 τὸ
922 3004 1291 3072 γεωμετρικὸν
1332 3007 1597 3077 σύμϐολον
1625 3014 1718 3067 τοῦ
1750 3018 1807 3069 ὲν

231 3078 378 3150 ἔργῳ
408 3082 506 3152 τῆς
549 3083 755 3150 πόλεως
805 3083 941 3143 εἶναι
972 3089 1155 3146 λοιπὸν
1185 3095 1283 3164 τὴν
1323 3098 1629 3173 οἰκοδομήν.
1670 3103 1802 3161 Εἶτα

228 3171 375 3240 λέγει
407 3173 487 3226 ὅτι
511 3174 694 3247 ἔτερος
724 3177 950 3247 ἄγγελος
981 3183 1304 3251 ἀποσταλεὶς
1326 3189 1428 3262 ἔφη
1461 3171 1595 3263 πρὸς
1618 3200 1798 3267 αὑτὸν,

225 3263 367 3316 ὥστε
399 3264 493 3319 καὶ
527 3268 699 3321 εἰπεῖν
727 3269 804 3342 τῷ
837 3274 1103 3348 νεανίσκῳ
1132 3277 1192 3331 τὸ
1217 3287 1588 3354 γεωμετρικὸν
1627 3263 1798 3359 ἔχοντι

225 3355 466 3425 δηλονότι
492 3361 720 3428 σχοινίον
739 3377 754 3392 ⁸
786 3361 929 3416 οὕτω
959 3366 1067 3438 γὰρ
1094 3369 1256 3424 αὑτὸν
1301 3373 1567 3445 κέκληκεν
1706 3384 1798 3437 ἐπὶ

222 3445 323 3514 τῆς
355 3445 749 3516 ἀποκαλύψεως
781 3447 919 3505 εἶδεν
940 3455 968 3505 6
999 3460 1282 3529 προφήτης
1305 3463 1368 3532 τῇ
1401 3462 1522 3532 ὄψει
1560 3467 1652 3520 τοῦ
1672 3487 1795 3523 νεα-

223 3532 408 3586 νίσκου
432 3535 730 3606 δειχθέντα,
754 3541 834 3602 είς
856 3539 1084 3611 δήλωσιν
1115 3546 1207 3600 τοῦ
1240 3551 1377 3619 μετὰ
1406 3555 1584 3626 πάσης
1616 3558 1796 3628 ίσχύος

225 3625 305 3682 είς
336 3627 507 3698 πέρας
546 3627 616 3680 τὰ
638 3630 970 3699 προκείμενα
995 3634 1162 3699 ἄξειν.
1196 3640 1355 3706 Λέγει
1379 3625 1575 3711 τοίνυν,
1607 3625 1790 3719 φησιν,

222 3718 251 3768 6
273 3716 592 3782 ἀποσταλεὶς
623 3721 851 3789 ἄγγελος
883 3723 960 3793 τῷ
1007 3727 1065 3780 ἐν
1095 3729 1240 3799 ἐμοὶ·
1265 3731 1510 3790 λαλοῦντι
1552 3716 1789 3813 ἀγγέλῳ,

225 3808 362 3876 μετὰ
392 3809 587 3881 τάχους
608 3827 668 3863 τε
713 3811 940 3890 δραμεῖν
973 3820 1066 3871 καὶ
1093 3821 1268 3876 εἰπεῖν
1293 3825 1370 3897 τῷ
1396 3829 1682 3904 νεανίσκῳ,
1710 3808 1790 3889 ὅτι

222 3900 425 3971 σφόδρα
451 3903 588 3973 μετὰ
613 3905 813 3978 πολλῆς
840 3911 939 3980 τῆς
973 3912 1275 3988 εύθηνίαςή
1321 3900 1674 3993 Ἰερουσαλὴμ
1709 3929 1789 3980 oi-

221 3989 515 4062 κηθήσεται
543 3995 650 4048 ἀπὸ
683 3999 986 4072 ἀνθρώπων
1004 4022 1061 4056 τε
1087 4008 1179 4060 καὶ⁵
1200 4010 1409 4076 κτηνῶν
1443 4012 1551 4066 τῶν
1585 4015 1787 4088 ὑπηρε-

217 4078 488 4150 τουμένων
504 4083 689 4148 αὐτοῖς
721 4093 1192 4166 στενοχωρουμένη
1209 4112 1222 4125 ·
1241 4096 1314 4160 ὡς
1334 4097 1398 4151 ἂν
1428 4101 1599 4157 ταῦτα
1624 4109 1785 4174 γνοὺς

216 4169 309 4222 ἐπὶ
341 4173 523 4240 μεῖζον
552 4175 845 4232 ἐκτείνειεν
873 4182 969 4252 τῆς
993 4184 1197 4248 πόλεως
1217 4186 1276 4239 τό
1302 4205 1360 4240 τε
1393 4190 1594 4257 πλάτος
1616 4169 1708 4250 καὶ
1725 4169 1783 4251 τδ

219 4261 386 4329 μῆκος
414 4264 734 4338 ὀφειλούσης
767 4271 957 4342 ἀρκεῖν
994 4273 1071 4344 τῷ
1105 4275 1298 4346 πλήθει
1327 4278 1435 4332 τῶν
1453 4283 1782 4354 οἰκησόντων

215 4353 397 4422 αὑτήν.
432 4355 748 4429 Παρέξομεν
775 4363 884 4434 γάρ
907 4363 1061 4435 αὐτῇ,
1089 4368 1240 4435 φησί,
1276 4371 1454 4425 πᾶσαν
1481 4353 1780 4444 ἀσφάλειαν

212 4441 307 4512 τὴν
335 4444 392 4512 ἐξ
425 4447 559 4518 ἐμοῦ
613 4449 834 4522 μείζονα
864 4455 897 4525 ἢ
930 4459 1106 4528 τεῖχος
1146 4460 1210 4512 ἐκ
1248 4463 1415 4532 πυρὸς
1444 4441 1779 4523 κατεσκευα-

217 4534 402 4602 σμένον
443 4543 714 4613 παράσχοι
755 4543 822 4598 ἂν
870 4545 1143 4621 αὕταρκες
1174 4551 1232 4604 ὃν
1276 4556 1604 4626 συμφλέγειν
1649 4565 1776 4628 τοὺς

217 4627 490 4696 ἐπιόντας⁸
524 4639 833 4710 φανήσομαι
879 4641 936 4695 δὲ
983 4645 1068 4698 ἐπ’
1100 4646 1279 4700 αὐτῶν

220 4725 362 4792 μίαις
388 4728 448 4780 τὲ
483 4727 620 4785 εἶναι
654 4735 747 4786 καὶ
782 4735 1039 4803 ἐπαίνοις,

273 4909 346 4974 (p.
374 4907 500 4979 456)
554 4911 986 4986 Ἐπισημαντέον
1025 4921 1079 4974 δὲ
1128 4926 1444 4980 κάκεῖνοσέν
1483 4930 1771 5009 τῷμέσῳ,ι

205 4990 280 5044 ὅτι
305 4997 331 5047 6
358 4997 680 5066 ἀποσταλεὶς
710 5004 938 5076 ἄγγελος
970 5011 1048 5083 τῷ
1083 5015 1300 5088 ἀγγέλῳ
1328 5019 1404 5090 τῷ
1435 4990 1767 5080 λα).ούντι⁸έν

201 5081 361 5153 αὐτῷ,
391 5091 635 5144 τουτέστι
680 5095 758 5165 τῷ
789 5097 847 5149 ὲν
879 5099 1028 5171 μέσῳ
1072 5104 1179 5157 τῶν
1209 5106 1377 5175 ὀρέων
1414 5111 1764 5185 ἐπιϐεϐηκότι

199 5171 286 5223 τοῦ
327 5175 490 5232 ἵππου
534 5183 630 5236 τοῦ
673 5189 906 5259 πυρῤοῢ,
947 5193 1146 5262 λέγει-ι
1177 5200 1362 5269 Δράμε
1411 5204 1505 5254 καὶ
1534 5204 1764 5278 λάλησον

199 5263 329 5333 πρὸς
355 5269 445 5322 τὸν
487 5277 771 5333 νεανίσκον
807 5283 1030 5339 ἐκεῖνον.
1074 5305 1093 5338 ι
1127 5289 1188 5342 Εἰ
1222 5291 1276 5342 δὲ
1308 5294 1449 5347 κατὰ
1489 5300 1613 5361 τοὺς
1659 5319 1762 5370 μυο

200 5351 224 5370 Α
259 5354 277 5370 κ
379 5362 402 5370 -

199 5351 429 5427 θυλογεῖν
459 5363 743 5434 ἐθέλοντας
785 5375 813 5424 6
839 5375 898 5429 ὲν
928 5378 1078 5450 μέσῳ
1107 5379 1215 5433 τῶν
1244 5386 1554 5440 κατασκίων

197 5449 392 5518 φανεὶς,
419 5456 446 5507 6
471 5456 566 5510 τοῦ
597 5457 732 5512 Θεοῦ
768 5457 834 5534 ἦν
883 5465 1028 5536 Υἰδς,
1074 5471 1190 5536 πῶς
1215 5468 1324 5527 οἶόν
1352 5493 1408 5528 τε
1441 5472 1508 5548 ἦν
1543 5449 1632 5533 τὸν
1666 5483 1765 5550 ἄγ-

194 5536 341 5599 γελον
372 5543 636 5616 τολμῆσαι
668 5551 805 5622 πρὸς
834 5554 995 5610 αὐτὸν
1039 5561 1235 5625 εἰπεῖν,
1268 5579 1286 5612 ι
1321 5536 1505 5633 Δράμε
1540 5569 1634 5620 καὶ
1662 5536 1763 5623 λά.-

193 5621 345 5696 λησον
373 5636 508 5704 πρὸς
535 5639 629 5693 τὸν
657 5621 935 5700 νεανίσκον
966 5651 1193 5717 ἐκεῖνον,
1221 5621 1434 5722 λέγων,
1466 5658 1757 5736 Κατακάρ-

190 5733 298 5783 πως
329 5729 786 5802 κατοικηθήσεται
817 5737 849 5806 ἡ
885 5737 1269 5816 Ἱερουσαλήμ;
1306 5765 1324 5799 ι
1356 5748 1618 5819 ’Ἄγγελον
1657 5729 1754 5819 μέν

1239 345 1790 409 COMMENTARIUS
1827 354 1895 409 ΙΝ
1935 356 2309 417 ΖἈΟΙΙΔΒΙΕ
2334 362 2486 425 CAP.
2529 367 2595 424 11.

1826 683 1853 695 -
1954 673 2121 727 quere
2147 660 2560 721 adolescentulo
2593 668 2692 734 illi,
2724 670 2912 728 dicens
2941 693 2954 729 :
2989 675 3222 746 Copiose
3255 681 3527 739 habitabi-

1953 761 2044 806 tur
2074 755 2414 813 Hierusalem
2442 775 2470 813 a
2494 763 2842 821 multitudine
2860 768 3138 826 hominum
3174 785 3227 829 et
3247 777 3526 843 jumento-

1950 857 2071 896 rum
2103 843 2156 898 in
2195 847 2376 902 medio
2401 851 2540 920 ejus.
2568 855 2635 908 Et
2665 871 2768 926 ego
2793 873 2892 913 ero
2926 860 3027 926 illi,
3072 862 3207 918 dicit
3243 863 3529 937 Dominus,

1948 947 2141 991 murus
2170 936 2333 1008 ignis,
2357 951 2411 996 et
2439 943 2492 998 in
2516 944 2687 1014 gloria
2717 964 2812 1005 ero
2832 950 2885 1004 in
2911 953 3090 1009 medio
3113 957 3252 1027 ejus.
3285 979 3304 1011 ι
3340 963 3527 1030 Quan-

1948 1023 2237 1096 doquidem
2289 1047 2408 1089 mos
2449 1045 2534 1090 est
2587 1040 2970 1098 aedificandum
3029 1023 3274 1106 funiculo
3321 1064 3524 1112 terram

1947 1120 2152 1187 metiri,
2195 1121 2540 1194 latitudinem
2572 1133 2782 1189 scilicet
2814 1145 2868 1190 et
2913 1137 3310 1210 longitudinem
3360 1158 3524 1220 atque

1947 1205 2154 1266 formas
2189 1217 2434 1271 Struendi
2467 1221 2705 1289 aedilicii,
2751 1231 3066 1286 necessario
3097 1235 3346 1305 angelum
3381 1242 3526 1298 videt

1944 1315 2138 1359 rursus
2165 1321 2314 1362 more
2340 1310 2504 1366 solito
2536 1313 2769 1371 humana
2802 1323 3006 1390 specie,
3042 1324 3347 1384 funiculum
3378 1333 3523 1389 hunc

1943 1399 2262 1459 tenentem;
2305 1399 2398 1468 qui
2434 1401 2824 1474 interrogatus,
2860 1420 2915 1464 ut
2951 1411 3089 1467 facta
3122 1419 3400 1487 prophetae
3435 1439 3520 1478 re-

1939 1484 2141 1539 velatio
2184 1499 2392 1555 narrat,
2451 1507 2691 1562 quonam
2747 1500 2959 1557 abiret?
2999 1505 3065 1559 ad
3108 1484 3516 1582 dimetiendam,

1939 1569 2499 1640 iuquit,Hierusalem
2528 1584 3195 1663 azdiﬁcationem,qualem
3228 1569 3520 1670 quantam;

1937 1678 2043 1732 que
2080 1680 2200 1720 eam
2249 1670 2366 1724 ﬁeri
2411 1682 2682 1742 oporteat.
2729 1676 2934 1735 Deinde
2963 1685 3039 1738 ait
3077 1689 3291 1759 angelo,
3336 1695 3514 1763 quiin

1939 1753 2060 1824 ipso
2101 1757 2448 1828 loquebatur,
2490 1779 2652 1834 quem
2685 1767 2738 1821 in
2780 1753 3173 1840 superioribus
3191 1753 3396 1836 dictum
3430 1795 3516 1841 est

1932 1843 2000 1897 ab
2043 1859 2109 1900 eo
2143 1847 2320 1902 visum
2375 1865 2519 1922 equo
2553 1853 2679 1909 rufo
2726 1858 3052 1918 insidentem
3105 1867 3250 1923 inter
3295 1885 3510 1932 montes

1930 1935 2216 1993 umbrosos
2251 1941 2483 2010 (etenim
2519 1947 2678 2004 nobis
2709 1965 2775 2004 ex
2811 1964 2937 2008 ante
2965 1954 3128 2014 dictis
3158 1963 3507 2033 perspicuum

1927 2025 1985 2080 tit
2037 2030 2290 2086 eumdem
2325 2048 2470 2100 esse,
2510 2053 2672 2107 quem
2703 2041 2845 2097 inter
2876 2055 3092 2104 montes
3127 2051 3331 2109 vidisse
3360 2057 3515 2112 dixe-

1926 2127 2030 2184 rat,
2063 2133 2227 2191 atque
2259 2125 2410 2179 illum
2437 2128 2528 2200 qui
2564 2131 2618 2184 in
2659 2133 2778 2203 ipso
2805 2136 3132 2207 loquebatur
3159 2145 3208 2215 ),
3236 2145 3397 2212 hunc,
3423 2151 3510 2204 in-

1916 2665 2157 2724 inimicis
2183 2671 2542 2743 impositurus
2559 2689 2698 2746 erat,
2729 2699 2917 2740 verum
2950 2692 3112 2747 etiam
3145 2698 3282 2753 visio
3312 2707 3490 2774 angeli

1914 2758 2148 2815 tenentis
2189 2760 2516 2829 funiculum,
2565 2769 2711 2838 quod
2742 2782 2861 2828 erat
2895 2776 3154 2836 indicium
3183 2790 3346 2858 ccepti
3374 2758 3490 2860 jam

1914 2847 2065 2903 urbis
2103 2849 2338 2907 aedilicii.
2385 2854 2546 2928 302
2589 2857 2793 2919 Deinde
2834 2867 2910 2920 ait
2955 2869 3184 2929 alterum
3242 2847 3493 2950 angelum

1910 2937 2160 3006 missum,
2213 2941 2340 2997 huic
2377 2945 2586 3004 dixisse
2627 2959 2685 3005 ut
2725 2955 3137 3019 adolescentulo
3179 2967 3496 3039 loqueretur

1908 3033 2292 3098 geometricum
2321 3037 2539 3095 habenti
2574 3041 2899 3106 funiculum.
2931 3051 3022 3106 Sic
3043 3057 3187 3112 enim
3214 3061 3359 3119 hunc
3390 3084 3488 3123 no-

1829 3134 1872 3192 ρ
1907 3118 2099 3187 minat,
2133 3129 2590 3192 quemadmodum
2638 3136 2691 3191 in
2733 3143 3065 3203 revelatione
3109 3152 3316 3211 viderat
3361 3176 3486 3218 eum

1907 3212 2173 3281 propheta
2212 3220 2449 3288 speciem
2497 3224 2892 3289 adolescentuli
2941 3253 3052 3307 pra:
3090 3258 3150 3299 se
3199 3246 3482 3321 ferentem,

1909 3297 1974 3321 ..1-
2012 3301 2188 3321 -2-μ--9¹⁹
2315 3308 2330 3321 ‘
2533 3315 2545 3321 ‘

2941 3297 2957 3307 _
3130 3297 3143 3299 _
3199 3297 3482 3321 _----...,...,

1906 3297 1977 3353 ob
2010 3301 2427 3372 signiﬁcandum
2465 3315 2636 3371 robur
2673 3325 3047 3383 oumimodum
3091 3348 3200 3402 quo
3227 3353 3314 3395 res
3356 3349 3484 3410 pro-

1904 3391 2086 3459 posita
2141 3394 2209 3450 ad
2276 3401 2484 3459 exitum
2545 3408 2867 3470 deducetur.
2927 3419 3018 3470 Ait
3066 3422 3078 3470 i

1903 3485 2130 3553 angelus
2185 3489 2426 3560 loquenti
2478 3497 2531 3551 in
2571 3515 2657 3556 me
2704 3511 2918 3577 angelo,
2972 3521 3028 3566 ut
3057 3517 3308 3576 celeriter
3355 3539 3482 3580 cur-

1902 3577 1989 3624 rat
2031 3571 2285 3646 dicatque
2352 3571 2804 3656 adolescentulo:
2864 3571 2982 3654 fore
3034 3611 3093 3656 ut
3155 3623 3485 3684 magnopere

1902 3661 2173 3684 ...--.._____
2239 3682 2250 3684 _
2335 3670 2347 3681 .
2432 3673 2444 3684 .
2505 3675 2554 3684 ..
2738 3681 2775 3684 μ

1900 3661 2180 3732 multaque
2228 3670 2383 3738 copia
2431 3673 2707 3735 habitetur
2737 3681 3109 3759 Hierusalem,
3157 3698 3226 3752 ab
3246 3661 3484 3762 homini-

1899 3749 2002 3805 bus
2067 3760 2122 3808 et
2163 3755 2427 3824 jumentis
2488 3779 2709 3835 operam
2765 3774 2849 3830 his
2885 3749 3254 3847 praebentibus
3308 3809 3478 3868 prope

1898 3845 2208 3913 angustiata
2252 3869 2266 3904 :
2328 3852 2518 3924 sicque
2567 3860 2664 3925 ait,
2714 3874 2772 3918 ut
2823 3845 3154 3944 ria—cognita,
3195 3881 3249 3936 in
3297 3845 3474 3956 majds

1897 3937 2132 4004 spatium
2181 3943 2439 3999 extendat
2491 3949 2836 4016 latitudinem
2885 3937 3036 4023 urbis
3066 3937 3472 4047 ac'longitudi-

1894 4040 2040 4092 nem,
2077 4045 2200 4101 quae
2242 4034 2544 4096 incolarum
2587 4049 2919 4108 multitudini
2972 4059 3221 4120 sulIicere
3249 4034 3468 4132 dvcbeat.

1892 4113 1960 4169 Et
2006 4121 2225 4189 quidem
2278 4143 2380 4185 nos
2412 4133 2591 4201 majus
2639 4139 2688 4192 ei
2720 4113 3467 4233 praesidium

1891 4220 2055 4274 quam
2088 4226 2280 4270 murus
2313 4217 2436 4290 igne
2459 4235 2811 4286 constructus
2841 4217 3119 4297 exhiberet
3145 4248 3239 4316 qui
3269 4217 3468 4323 aggre:

1891 4295 2100 4323 .l:......-_
2149 4307 2232 4323 -4—I
2335 4316 2346 4323 Α
2541 4317 2551 4323 ·

1891 4295 2102 4358 dientes
2149 4307 2352 4363 valeret
2411 4317 2755 4376 comburere.
2795 4323 2929 4382 Nam
2975 4347 3060 4388 me
3106 4295 3462 4410 cdnspizaum

1891 4385 2047 4410 inde-
2104 4392 2112 4410 ε
2170 4397 2205 4410 ν·
2309 4407 2317 4410 -
2501 4406 2549 4410 --

1890 4385 2050 4445 factis
2102 4392 2239 4464 ipsis
2271 4407 2326 4453 et
2363 4406 2701 4471 providentia
2733 4429 2860 4485 erga
2911 4419 3059 4488 ipsos
3090 4385 3315 4485 eﬂicidm
3347 4453 3361 4488 :
3412 4447 3466 4493 et

1813 4486 1856 4540 Ι)
1887 4479 2141 4540 laudibus
2168 4495 2569 4566 praeconiisque
2607 4504 2932 4563 celebrahor
2961 4514 3030 4566 ob
3061 4530 3304 4576 meorum
3333 4540 3462 4596 erga

1885 4584 1982 4626 eos
2009 4578 2434 4647 magnitudinem
2471 4587 2884 4654 beneﬁciorum.

1327 4649 1500 4720 ἔργων
1545 4654 1632 4708 διὰ
1675 4660 1773 4730 τῆς
1811 4663 1892 4726 εἰς
1945 4667 2137 4735 αὐτοὺς
2185 4677 2546 4749 κηδεμονίας*
2581 4685 2722 4741 ὥστε
2772 4694 2923 4765 παρὰ
2984 4699 3150 4755 πᾶσιν
3196 4704 3254 4757 ὲν
3293 4705 3463 4779 εὔφη.

1327 4744 1338 4779 ἶ
1381 4749 1639 4779 oni-ulna..-
1665 4755 1771 4779 -7...
1817 4761 1889 4779 ,νγ
1968 4763 1980 4776 ι
2038 4764 2048 4779 ε
2157 4770 2169 4779 .
2385 4777 2404 4779 -

1078 4741 1219 4814 ὑπὲρ
1245 4744 1338 4798 τοῦ
1378 4749 1639 4817 μεγέθους
1665 4755 1772 4808 τῶν
1811 4761 1890 4823 είς
1922 4763 2095 4836 αὐτὴν
2118 4741 2466 4842 εὐεργεσιῶν.

1945 4943 2038 5000 illa
2084 4966 2308 5020 quoque.
2347 4959 2514 5036 dictio
2555 4967 3038 5031 animadvertenda
3081 4990 3166 5035 est
3203 5002 3221 5034 ι
3253 4987 3395 5044 inter
3433 5014 3455 5045 ι

1874 5037 2020 5150 quod
2052 5055 2248 5113 nempe
2274 5051 2523 5119 angelus,
2559 5061 2754 5128 angelo
2800 5063 3059 5134 loquente
3085 5072 3138 5126 in
3169 5037 3456 5150 propheta,

2638 5125 2657 5128 _
2871 5125 2887 5134 .
3128 5125 3135 5126 ί
3169 5125 3452 5150 r'"l""""I

1873 5125 1926 5180 id
1966 5140 2049 5185 est
2095 5137 2290 5206 angelo
2343 5140 2485 5197 inter
2535 5158 2773 5218 montes,
2818 5169 2963 5224 equo
2995 5159 3116 5213 rufo
3169 5164 3452 5238 insidenti,

1871 5219 1947 5273 ait
1975 5224 2203 5282 :CCurre
2249 5239 2299 5283 et
2354 5233 2580 5303 loquere
2629 5242 3040 5305 adolescentulo
3088 5253 3366 5315 illinNam
3403 5267 3452 5320 si

1863 5307 2016 5377 juxta
2052 5312 2152 5370 hos
2192 5321 2561 5394 mythologos,
2610 5331 2658 5384 is
2682 5332 2774 5401 qui
2809 5335 2949 5390 inter
2982 5350 3195 5399 montes
3229 5351 3451 5406 umbro-

1862 5413 1954 5454 sos
1981 5407 2300 5473 apparebat,
2350 5412 2445 5468 Dei
2480 5427 2597 5473 erat
2630 5422 2823 5486 Filius,
2863 5429 2955 5496 qui
3001 5431 3207 5491 audere
3239 5444 3438 5508 potuis

1860 5499 1943 5547 set
1973 5493 2048 5548 illi
2087 5497 2272 5555 dicere
2295 5505 2523 5565 :cCurre
2560 5519 2614 5566 et
2653 5515 2878 5585 loquere
2925 5523 3333 5589 adolescentulo
3365 5537 3444 5592 illi

1859 5579 2088 5639 dicens:
2141 5587 2376 5660 Copiose
2404 5579 2750 5658 habitabitur
2803 5607 3442 5682 Hierusalem?»Etcnim

1857 5676 2107 5742 angelum
2158 5680 2299 5740 Filio
2341 5685 2433 5744 Dei
2481 5696 2780 5766 praecipere
2825 5703 3054 5774 aliquid,
3102 5676 3442 5782 impossibile

1861 5773 1976 5828 cst:
2008 5777 2059 5821 ut
2095 5769 2195 5829 hoc
2220 5778 2462 5850 credere,
2493 5798 2722 5844 summae
2751 5792 3047 5864 impietatis
3084 5811 3166 5856 est
3193 5820 3207 5857 :
3253 5813 3306 5858 at
3339 5820 3437 5858 an-
