4022 6138
517 276 623 331 519

1696 266 2047 324 TIIEODORI
2081 268 2308 329 MOPSU
2319 271 2565 329 ESTENI

3654 274 3763 331 59.0

514 394 693 464 gelum
719 391 910 461 angelo
941 371 1251 465 significare
1281 385 1411 455 quid
1443 383 1711 454 agendum
1746 384 1838 448 sit,
1870 385 1948 439 nil
1975 387 2079 440 mi-

2182 390 2288 462 γάρ
2332 390 2410 462 τῷ
2455 392 2569 463 Υἰῷ
2599 391 2694 446 τοῦ
2742 394 2876 448 Θεοῦ
2908 395 3168 457 κελεύειν,
3198 395 3308 448 τῶν
3346 391 3623 448 ἀδυνάτων
3668 387 3764 464 ἦν,

516 500 674 539 rum:
718 497 842 537 nam
875 492 926 537 et
983 479 1312 532 famulorum
1352 484 1435 531 est
1480 476 1713 529 invicem
1760 476 2085 533 denuntiare

515 577 823 629 voluntates
864 569 1187 631 dominicas,
1231 568 1513 637 multoque
1562 565 1736 635 magis
1784 566 1890 621 hoc
1930 567 2086 622 decet

516 665 638 718 illos
667 663 759 735 qui
783 661 852 717 ab
877 662 1120 716 omnium
1139 659 1371 715 Domino
1400 658 1466 713 ad
1498 657 1550 712 id
1584 657 1892 724 mittuntur,
1924 666 2087 727 prout

516 767 663 809 nunc
710 752 928 807 accidit.
974 749 1224 819 Namque
1273 752 1468 817 angelo
1512 747 1606 817 qui
1658 746 1985 817 loquebatur
2030 747 2086 800 in

516 846 797 918 propheta,
834 853 888 900 et
915 859 1015 914 pro
1041 843 1176 897 urbe
1205 840 1416 905 orabat,
1457 839 1653 894 merito
1691 839 1919 909 angelus
1951 839 2080 894 mis-

513 953 610 994 sus
641 953 708 992 ex
749 934 1017 992 sententia
1065 931 1182 997 Del,
1220 945 1441 987 currere
1483 929 1643 999 303
1690 929 1796 999 ipsi
1843 928 2078 1000 imperat

511 1040 564 1084 et
589 1027 736 1098 loqui
777 1041 898 1097 quae
927 1040 1066 1094 opus
1107 1030 1225 1080 erat
1271 1020 1703 1083 adolescentulo,
1748 1026 1913 1090 atque
1941 1035 2082 1073 nun-

512 1121 649 1174 tiare
694 1133 884 1189 preces
918 1118 1039 1187 ejus
1086 1128 1311 1183 scopum
1355 1125 1479 1166 esse
1524 1119 1827 1175 assecutas,
1878 1108 2085 1177 Deique

512 1212 845 1265 voluntatem
870 1206 997 1278 erga
1017 1204 1357 1260 Hierusalem
1387 1201 1585 1256 factam
1609 1216 1731 1257 esse
1751 1201 2040 1271 benignam
2066 1217 2082 1255 :

510 1311 764 1371 oportere
797 1307 977 1354 autem
1028 1297 1204 1366 ipsum
1240 1298 1462 1364 propter
1494 1292 1843 1361 impetratum
1884 1292 1978 1347 Dei
2007 1290 2097 1375 fa-.

512 1410 722 1456 vorem,
753 1394 986 1447 libenter
1025 1390 1274 1461 jussihus
1304 1378 1533 1460 obsequi
1559 1405 1574 1453 ;
1620 1396 1674 1442 et
1704 1385 1959 1441 celeriter
1988 1385 2086 1439 ad-

512 1489 756 1548 modum,
782 1486 831 1540 ei
866 1500 959 1554 qut
985 1482 1053 1537 ad
1080 1481 1454 1537 :edilicandam
1496 1479 1683 1534 urbem
1717 1478 1925 1532 missus
1968 1475 2085 1532 fue-

512 1584 617 1637 rat,
654 1574 961 1643 signiﬁcare
989 1587 1112 1643 quae
1142 1570 1285 1626 Deus
1311 1570 1379 1626 de
1406 1572 1523 1641 ipsa
1555 1572 1887 1623 decreverat.

2187 482 2281 534 καί⁵
2329 482 2571 554 νομίζειν
2611 485 2667 538 δὲ
2718 485 2874 539 τοῦτο
2898 487 2999 558 τῆς
3035 487 3269 557 ἐσχάτης
3295 485 3443 539 ἐστὶν
3471 483 3729 547 ἀσεϐείας
3749 499 3765 514 ⁸

2186 570 2416 639 ἄγγελον
2462 570 2518 625 δὲ
2550 573 2766 647 ἀγγέλῳ
2808 576 3089 647 σημαίνειν
3125 575 3187 628 τὸ
3227 575 3518 647 πρακτέον,
3551 575 3770 644 θαυμα-

2188 663 2311 716 στὸν
2337 663 2519 723 ούδέντ
2558 665 2745 736 ἐπειδὴ
2789 666 2896 720 τῶν
2930 667 3216 738 ὑπηρετῶν
3255 667 3385 720 ἴδιον
3420 664 3643 736 μηνύειν
3671 666 3769 718 ἀ)-

2186 750 2365 821 λήλοις
2416 754 2484 807 τὰ
2544 755 2837 810 δεσποτικὰ
2890 756 3250 828 βουλεύματα,
3311 756 3405 809 καὶ
3460 752 3641 826 πολλῷ
3700 772 3770 823 γε

2186 842 2348 895 πλέον
2377 845 2503 906 τοὺς
2531 844 2801 899 ἐπὶτοῦτο
2839 846 3222 917 πεμπομένους
3254 846 3401 916 παρά
3426 843 3519 898 τοῦ
3544 846 3769 897 πάντων

2184 931 2404 1004 Κυρίου,
2451 930 2562 991 οἷόν
2598 955 2651 991 τι
2697 939 2789 991 καὶ
2832 938 2925 992 νῦν
2969 939 3207 1007 ιἐγίνετο⁸
3257 937 3351 991 τοῦ
3382 938 3492 1008 γὰρ
3525 936 3766 1006 ἀγγέλου

2183 1023 2276 1076 τοῦ
2310 1025 2594 1090 λαλοῦντος
2624 1030 2681 1082 ὲν
2715 1028 2862 1100 αύτῷ
2906 1026 3005 1100 τὴν
3038 1029 3179 1100 ὑπὲρ
3208 1027 3313 1098 τῆς
3340 1027 3545 1091 πόλεως
3588 1044 3764 1097 προσ-

2183 1116 2478 1183 αγαγόντος
2504 1117 2709 1186 δέησιν,
2744 1120 2969 1182 εἰκότως
3011 1119 3040 1170 ὀ
3067 1116 3335 1189 πεμφθεὶς
3366 1116 3593 1188 ἄγγελος
3620 1119 3765 1173 κατά

2185 1202 2410 1275 γνώμην
2439 1204 2595 1268 Θεοῦ,
2626 1208 2852 1279 δραμεῖν
2890 1208 3037 1280 αὐτῷ
3066 1210 3159 1262 καί
3185 1209 3415 1281 λαλῆσαι.
3442 1209 3652 1263 κελεύει
3696 1209 3767 1263 τά

2182 1295 2529 1364 προσήκοντα
2580 1298 2715 1368 πρὸς
2744 1299 2836 1352 τὸν
2870 1301 3172 1367 νεανίσκον,
3207 1300 3283 1365 ὡς
3316 1301 3381 1353 ἂν
3418 1300 3765 1369 εὐαγγελιζὼ

2188 1401 2346 1453 μενος
2401 1378 2483 1439 ὅτι
2538 1405 2642 1460 περ
2688 1390 2836 1461 αύτῷ
2868 1390 2936 1444 τὰ
2983 1392 3085 1461 τῆς
3138 1392 3375 1464 δεήσεως
3418 1385 3568 1445 ἷκται
3624 1392 3765 1462 πρὸς

2184 1474 2380 1546 πέρας,
2423 1478 2516 1531 καί
2561 1479 2802 1535 δέδοκται
2848 1483 2944 1552 μὲν
2975 1483 3104 1555 περὶ
3146 1483 3245 1554 τῆς
3284 1483 3637 1555 Ἰερουσαλὴμ
3680 1483 3764 1552 τῷ

2186 1562 2305 1636 Θεῷ
2338 1565 2404 1617 τὰ
2429 1567 2659 1638 κρείττω
2680 1588 2691 1600 ·
2721 1571 2825 1642 χρὴ
2850 1570 2907 1623 δὲ
2941 1571 3033 1624 καὶ
3060 1571 3223 1639 αὑτὸν,
3244 1571 3319 1634 ὡς
3351 1570 3643 1641 ἰσχύσαντα
3672 1571 3764 1643 ἐφ’

508 1659 589 1730 οἷς
634 1664 825 1737 ἐδεήθη
871 1663 1022 1736 παρὰ
1069 1661 1147 1733 τῷ
1192 1660 1347 1732 Θεῷ,
1401 1661 1519 1733 μεθ’
1573 1659 1765 1731 ἡδονῆς
1829 1674 1888 1710 τε
1941 1657 2053 1718 τοῖς
2113 1654 2555 1727 κεκελευσμένοις
2604 1661 3024 1732 ὑπηρετεῖσθαι,
3082 1664 3176 1717 καὶ
3228 1660 3369 1733 μετὰ
3418 1661 3613 1717 πολλοῦ
3660 1661 3762 1718 τοῦ

508 1759 707 1830 τάχους
729 1759 805 1827 τῷ
826 1758 918 1810 ἐπὶ
941 1756 1038 1829 τὴν
1056 1755 1343 1827 οἰκοδομὴν
1366 1754 1722 1820 ἀποσταλέντι
1748 1752 1852 1836 τῆς
1880 1749 2086 1811 πόλεως
2117 1748 2380 1821 γνωρίσαι
2417 1751 2482 1805 τὰ
2516 1753 2643 1824 περὶ
2673 1754 2841 1826 αὐτῆς
2874 1754 3100 1822 δόξαντα
3121 1754 3198 1825 τῷ
3245 1755 3383 1825 Θεῷ.

582 1852 749 1908 Vnus.
778 1852 973 1908 6-7.-—~
1017 1849 1130 1921 Age
1160 1865 1287 1906 vero
1327 1851 1637 1905 necessaria
1667 1847 1859 1902 fiducia
1898 1844 1967 1900 ab
1997 1844 2080 1899 his

2257 1847 2403 1917 Στίχ.
2449 1847 2586 1912 ς’-ζ’.
2625 1881 2692 1890 —-
2750 1849 2909 1904 ’Δλλά
2944 1849 3053 1919 γὰρ
3082 1850 3393 1919 ἀναγκαίως
3420 1849 3652 1923 θάρσους
3695 1851 3763 1905 ὲκ

512 1945 742 2000 ostentis
777 1941 1041 2013 prapheta
1072 1941 1314 2011 repletus
1344 1938 1684 1995 exclamabat
1714 1938 1901 1992 dicens
1926 1950 1940 1987 :
1965 1954 1983 1985 ι
2004 1932 2049 1988 0
2068 1973 2083 1998 ,

513 2051 547 2090 o
571 2077 584 2099 ,
624 2033 790 2104 iugite
826 2047 856 2085 a
887 2041 1030 2087 terra
1065 2032 1294 2095 boreali,
1327 2030 1460 2086 dicit
1501 2029 1793 2094 Dominus;
1827 2026 2085 2098 quoniam

512 2142 543 2179 a
574 2134 812 2196 quatuor
845 2125 1021 2179 ventis
1055 2125 1180 2179 coeli
1209 2125 1554 2195 congregabo
1585 2138 1707 2181 vos.
1733 2120 1868 2176 dicit
1900 2118 2087 2172 Domi-

510 2231 640 2271 nus.
666 2215 745 2270 Ad
796 2213 925 2269 Sion
958 2215 1095 2269 salvi
1139 2212 1453 2284 confugite,
1487 2227 1582 2267 vos
1622 2213 1714 2282 qui
1757 2226 1906 2266 nunc
1941 2205 2086 2277 apud

513 2306 680 2361 ﬁliam
712 2284 1005 2376 Babylonis
1038 2303 1297 2359 incolitis.
1334 2321 1354 2353 ι
1387 2301 1607 2356 Mandat
1635 2301 1798 2356 etiam
1827 2294 2083 2365 reliquis,

512 2396 608 2467 qui
643 2395 820 2449 adhuc
856 2395 912 2450 in
942 2395 1256 2464 captivitate
1291 2401 1601 2458 versantur,
1650 2399 1709 2445 ut
1747 2389 1918 2445 multa
1958 2400 2083 2441 cum

513 2484 872 2541 festinatione
904 2485 968 2540 ad
1002 2483 1185 2539 Sionis
1211 2492 1451 2539 montem
1484 2489 1778 2538 accurrant
1808 2478 2087 2535 conliden-

515 2588 597 2635 tes
645 2578 736 2634 Dei
767 2578 1226 2648 promissionibus
1267 2576 1335 2632 de
1376 2576 1751 2641 Hierusalem,
1779 2572 1872 2643 qui
1914 2569 2083 2627 imde-

513 2684 727 2740 cunque
796 2684 890 2724 eos
924 2669 1052 2723 illuc
1099 2684 1157 2724 se
1197 2676 1653 2739 congregaturum
1694 2663 2081 2737 spoponderat.

510 2766 689 2832 Atque
715 2761 804 2817 hic
856 2762 1258 2820 rursusdictim
1277 2775 1306 2813 a
1328 2767 1564 2830 quatuor
1586 2755 1956 2822 ventisnhaud
1984 2754 2085 2808 ali-

511 2871 671 2923 quem
702 2868 1023 2919 numerum,
1058 2854 1153 2907 sed
1201 2850 1382 2920 potius
1440 2850 1802 2919 undecunque
1827 2846 2079 2911 denotat,

512 2955 571 2999 ut
603 2944 774 3000 Judaei
817 2946 908 3015 qui
942 2943 1121 2997 adhuc
1156 2942 1534 3015 Babylonicam
1576 2941 1850 3010 regionem
1882 2936 2085 2992 incole-

513 3037 665 3100 bant,
702 3036 765 3089 ad
801 3034 991 3089 urbem
1032 3032 1373 3088 Hierusalem
1414 3032 1596 3087 cuncti
1636 3030 1995 3096 festinarent;
2027 3029 2081 3083 in

510 3142 618 3196 qua
659 3126 915 3196 degentes
960 3124 1145 3178 stabili
1179 3120 1437 3194 posthinc
1479 3125 1662 3181 salute
1706 3122 2079 3192 perfruentur,

512 3216 622 3270 Deo
667 3218 816 3285 ipsos
863 3216 1019 3285 juxta
1070 3216 1337 3285 promissa
1377 3231 1475 3271 sua
1523 3214 1863 3271 custodiente
1897 3232 1911 3269 :
1951 3212 2077 3283 quia
2109 3208 2151 3230 “

507 3307 619 3375 jam
652 3313 766 3359 tum
791 3306 967 3360 deleta
999 3304 1177 3360 fuerat
1203 3304 1463 3378 Babylon,
1503 3314 1725 3375 totaque
1754 3302 2078 3375 Babylonio-

511 3411 629 3448 rum
659 3390 956 3449 dominatio
988 3394 1276 3460 desiverat,
1308 3394 1452 3449 Darii
1476 3396 1732 3449 nimirum
1766 3394 1909 3464 regis
1939 3403 2076 3448 tem-

511 3484 756 3553 poribus.
787 3484 956 3538 Simul
983 3490 1164 3538 tamen
1196 3485 1441 3554 praedicit
1475 3485 1543 3542 de
1568 3486 1678 3540 illis
1699 3485 1790 3554 qui
1822 3499 1919 3555 per
1944 3482 2078 3537 illud

509 3587 722 3644 tempus
762 3574 989 3630 redituri
1035 3584 1212 3632 erant.
1252 3573 1386 3629 Nam
1424 3591 1615 3646 reapse
1661 3575 1942 3630 redierunt
1973 3573 2078 3628 sub

511 3666 674 3720 Dario
712 3683 821 3721 non
853 3667 1011 3737 pauci
1045 3687 1058 3722 :
1097 3667 1451 3723 nihilominus
1488 3666 1642 3736 jubet
1672 3682 1767 3722 eos
1804 3664 2079 3736 Babylone

509 3760 730 3821 reverti,
783 3759 837 3813 id
887 3767 971 3814 est
1014 3759 1080 3815 de
1119 3760 1431 3830 captivitate
1474 3774 1637 3830 quam
1683 3774 1714 3812 a
1764 3755 2077 3827 Babyloniis

509 3849 752 3918 perpessi
782 3856 957 3905 erant.
979 3848 1204 3905 Constat
1245 3858 1424 3904 autem
1463 3842 1783 3919 prophetam
1811 3844 2075 3916 subjussi

510 3939 679 4009 figura
702 3941 1106 4011 praedictionem
1129 3941 1207 3996 rei
1249 3939 1444 3996 futura:
1470 3940 1670 3998 facere.

582 4205 746 4261 \‘sas.
776 4206 928 4262 8-12.
962 4238 1032 4248 --
1062 4228 1079 4261 ‹
1112 4209 1236 4265 Haec
1263 4212 1407 4267 enim
1440 4212 1515 4267 ait
1536 4212 1799 4268 Dominus
1819 4211 2072 4283 omnipo-

510 4305 633 4351 tens
666 4314 679 4350 :
713 4298 839 4354 Post
874 4301 1104 4370 gloriam
1148 4303 1295 4359 misit
1334 4320 1420 4359 me
1459 4304 1528 4359 ad
1570 4314 1759 4376 gentes
1790 4321 1909 4377 quae
1940 4321 2073 4377 spo-

511 4390 778 4443 liaverunt
825 4407 945 4457 vos,
984 4393 1112 4463 quia
1159 4396 1252 4464 qui
1310 4395 1555 4466 tetigerit
1598 4412 1717 4462 vos,
1768 4397 1927 4467 quasi
1977 4396 2070 4468 qui

508 4491 695 4554 tangat
726 4483 982 4555 pupillam
1012 4486 1160 4541 oculi
1201 4487 1341 4556 ejus.
1379 4487 1517 4554 Quia
1551 4504 1680 4543 ecce
1710 4504 1810 4560 ego
1840 4488 2069 4543 inferam
2104 4516 2149 4573 Ι)

504 4590 728 4629 manum
760 4590 934 4631 meam
963 4592 1126 4645 super
1166 4592 1295 4645 eos;
1352 4586 1405 4632 et
1430 4586 1591 4632 erunt
1634 4581 1828 4649 praeda:
1877 4581 1944 4635 iis
1977 4582 2071 4651 qui

507 4667 807 4720 servierant
834 4666 999 4736 ipsis:
1023 4665 1185 4738 30E.
1202 4676 1256 4722 et
1281 4654 1626 4738 cognoscetis
1653 4671 1781 4739 quia
1807 4669 2070 4726 Dominus

505 4759 846 4827 omnipotens
876 4759 1024 4812 misit
1050 4774 1155 4813 me.
1198 4777 1217 4809 ι
1252 4757 1377 4813 Haec
1406 4775 1528 4830 ego,
1562 4760 1771 4827 inquit,
1806 4763 1962 4818 vobis
1989 4761 2070 4817 ef-

506 4846 613 4899 fata
647 4848 835 4909 recito,
863 4844 953 4899 Dei
985 4846 1076 4915 qui
1108 4846 1188 4901 sic
1203 4854 1286 4901 est
1309 4847 1557 4902 elocutus
1585 4849 1766 4918 jussu,
1792 4851 1884 4919 qui
1923 4851 2069 4906 misit

505 4951 589 4990 me
627 4937 855 5007 gloriam
894 4935 1014 5005 ejus
1070 4934 1475 5004 nuntiaturum,
1523 4953 1587 4993 ac
1634 4940 2061 5007 magnitudinem

503 5028 759 5096 potentia:
820 5041 971 5092 suae,
1019 5042 1183 5097 quam
1237 5037 1428 5083 contra
1489 5028 1787 5086 offensores
1851 5041 2065 5089 vestros

501 5118 750 5173 ostendet
792 5136 805 5172 :
842 5123 1126 5188 tantopere
1151 5117 1218 5174 iis
1248 5132 1579 5175 succensens
1610 5121 1705 5190 qui
1741 5136 1836 5177 vos
1867 5136 2065 5177 vexare

503 5209 824 5273 voluerunt,
885 5219 1091 5280 quanto
1141 5211 1207 5266 iis
1254 5210 1580 5267 irasceretur
1637 5214 1729 5283 qui
1780 5213 2065 5268 oculorum

506 5296 678 5365 ipsius
708 5299 939 5367 pupillas
970 5300 1205 5355 laederet.
1228 5298 1382 5355 Patet
1407 5309 1586 5357 autem
1618 5301 1783 5357 Deum
1816 5302 2061 5359 humano

505 5384 759 5452 loquendi
804 5402 954 5442 more
979 5390 1233 5443 eximiam
1272 5392 1668 5460 providentiam
1699 5406 1855 5447 suum
1890 5393 2066 5448 deno-

506 5484 621 5527 tare
649 5476 902 5529 voluisse.
927 5478 1056 5531 Tam
1084 5496 1298 5549 gravem
1325 5521 1341 5544 ,
1375 5482 1570 5551 inquit.
1606 5483 1845 5537 inimicis
1867 5485 2063 5540 vestris

505 5577 720 5634 poenam
756 5564 1004 5628 inferam,
1041 5579 1099 5621 ut
1137 5571 1204 5622 ab
1243 5570 1349 5622 illis
1385 5570 1728 5640 expugnandi
1758 5575 1866 5626 sint
1897 5582 2061 5641 atque

506 5655 778 5718 vastandi,
833 5672 969 5720 quos
1017 5668 1171 5712 antea
1220 5660 1541 5714 famulorum
1599 5663 1715 5717 loro
1768 5663 2055 5719 habebant.

2187 1938 2293 1992 τῶν
2320 1938 2635 2009 δειχθέντων
2665 1941 2694 1993 ὀ
2719 1942 3003 2013 προφήτης
3038 1942 3347 2013 πληρωθεὶς
3376 1942 3503 1995 ἐϐόα
3545 1928 3722 2010 λέγων
3743 1960 3755 1976 ·

2194 2048 2210 2079 ι
2227 2029 2289 2080 Ὢ
2304 2027 2367 2092 ὣ,
2393 2029 2618 2098 φεύγετε
2643 2030 2751 2083 ἀπὸ
2772 2030 2874 2100 γῆς
2900 2030 3093 2102 βορρᾶ,
3115 2030 3264 2098 λέγει
3284 2030 3506 2098 Κύριος·
3532 2030 3610 2100 (p.
3628 2028 3760 2099 457)

2184 2117 2321 2171 διότι
2352 2119 2416 2171 ὲκ
2445 2118 2552 2171 τῶν
2596 2119 2875 2189 τεσσάρων
2915 2120 3130 2190 ἀνέμων
3157 2118 3251 2172 τοῦ
3283 2117 3513 2190 ούρανοῦ
3545 2116 3763 2183 συνάξω

2187 2209 2350 2279 ὑμᾶς,
2378 2208 2523 2276 λέγει
2553 2208 2755 2282 Κύριος
2774 2228 2787 2240 °
2822 2213 2899 2275 εἰς
2929 2211 3067 2264 Σιὼν
3095 2210 3458 2275 ἀνασώζεσθε,
3488 2211 3537 2262 οἱ
3567 2226 3760 2263 κατοι-

2188 2299 2407 2364 κοῦντες
2440 2300 2709 2373 θυγατέρα
2742 2302 3076 2368 Βαϐυλῶνος.
3105 2324 3123 2357 ι
3174 2304 3400 2366 Κελεύει
3430 2304 3537 2375 γὰρ
3564 2302 3628 2375 δὴ
3663 2302 3764 2356 καὶ

2184 2394 2297 2455 τοῖς
2339 2391 2545 2456 λοιποῖς
2573 2392 2680 2446 τῶν
2725 2395 2815 2447 ἐπὶ
2849 2395 2947 2465 τῆς
2993 2394 3366 2465 αἰχμαλωσίας
3410 2395 3578 2447 όντων
3637 2393 3758 2459 ἔτι,

2188 2484 2326 2553 μετὰ
2351 2482 2548 2553 πολλῆς
2575 2485 2854 2555 ἐκτρέχειν
2878 2485 2978 2555 τῆς
3001 2486 3233 2557 σπουδῆς
3252 2486 3343 2538 ἐπὶ
3366 2484 3427 2538 τὸ
3448 2483 3586 2538 Σιὼν
3606 2484 3758 2556 ὅρος,

2186 2571 2516 2643 θαρροῦντας
2565 2576 2676 2637 τοῖς
2725 2574 3150 2644 ὲπηγγελμένοις
3191 2573 3269 2645 τῷ
3312 2573 3432 2646 Θεῷ
3481 2573 3609 2645 περὶ
3656 2575 3778 2644 τῆς.

2195 2662 2586 2735 ⁹Ιερουσαλὴμ,
2637 2665 2695 2730 ὃς
2748 2666 3011 2736 ὑπέσχετο
3058 2668 3390 2739 πανταχόθεν
3441 2667 3639 2730 αὐτοὺς
3680 2669 3763 2731 εἰς

2185 2754 2355 2824 αὐτὴν
2395 2755 2642 2820 συνάξειν
2665 2773 2678 2786 ·
2721 2756 2997 2810 κάνταῦθα
3034 2758 3215 2827 μέντοι
3261 2757 3423 2812 πάλιν
3457 2758 3619 2812 τὸιὲκ
3646 2759 3762 2811 τῶν

2182 2847 2460 2917 τεσσάρων
2476 2851 2723 2917 ἀνέμων»
2740 2847 2841 2899 οὐκ
2874 2847 3104 2919 ἀριθμόν
3130 2866 3271 2911 τινα,
3297 2848 3432 2903 ἀλλὰ
3454 2849 3516 2902 τὸ
3544 2867 3758 2905 παντα-

2184 2937 2339 3007 χόθεν
2383 2937 2550 3007 δηλοῖ,
2582 2937 2656 3002 ὡς
2703 2938 2767 2992 ἂν
2808 2938 3135 3010 θαρροῦντες
3173 2942 3222 2993 oi
3256 2941 3353 3010 τὴν
3399 2939 3760 2996 Βαϐυλωνίων

2182 3026 2454 3092 οἰκοῦντες
2488 3026 2670 3099 χώραν
2699 3028 2779 3083 ἔτι
2811 3029 2918 3083 τῶν
2966 3030 3252 3094 Ἰουδαίων,
3284 3031 3375 3083 ἐπὶ
3406 3031 3505 3101 τὴν
3554 3032 3759 3102 Ἰερου-

2142 3140 2152 3195 ;
2187 3120 2366 3194 σαλὴμ
2403 3123 2703 3190 ἐπείγοιντο
2736 3122 2937 3186 πάντες
2966 3139 2980 3153 ·
3026 3115 3195 3195 οὗπερ
3223 3124 3497 3192 διάγοντες
3530 3124 3760 3193 βεϐαίαν

2185 3212 2362 3276 ἕξουσι
2393 3213 2485 3266 τοῦ
2519 3213 2704 3266 λοιποῦ
2738 3214 2835 3282 τὴν
2867 3213 3171 3285 σωτηρίαν,
3191 3213 3284 3267 τοῦ
3319 3213 3453 3267 Θεοῦ
3487 3215 3631 3268 κατὰ
3656 3214 3762 3277 τὰς

2184 3301 2390 3365 οἰκείας
2437 3303 2639 3367 αὐτοὺς
2694 3304 3466 3374 φυλάττοντοςλὲπαγγελίας,
3521 3304 3603 3358 ὅτι
3658 3306 3762 3375 μὲν

2185 3390 2457 3463 καθῃρέθη
2491 3393 2609 3446 τότε
2641 3393 2916 3459 Βαϐυλὼν,
2948 3396 3044 3449 καὶ
3079 3398 3227 3451 πᾶσα
3257 3397 3550 3467 πέπαυτοή
3578 3395 3762 3448 Βαϐυ-

2183 3481 2387 3537 λωνίων
2416 3484 2578 3556 ἀρχὴ,
2609 3488 2749 3539 κατὰ
2769 3487 2861 3540 τὸν
2887 3488 3112 3558 Δαρείου
3144 3488 3236 3542 τοῦ
3270 3488 3529 3558 βασιλέως
3562 3489 3762 3560 καιρὸν

2183 3573 2337 3646 δῆλον
2364 3593 2376 3606 ·
2431 3575 2543 3629 ἀλλ’
2590 3579 2738 3649 ὅμως
2780 3578 2995 3649 μηνύων
3033 3581 3158 3643 τοὺς
3202 3582 3323 3634 κατ’
3370 3582 3573 3633 ἐκεῖνον
3604 3580 3762 3648 ὀφεί-

2182 3663 2370 3728 λοντας
2410 3665 2500 3720 τὸν
2532 3666 2721 3738 καιρὸν
2753 3667 3017 3722 ἀνελθεῖν.
3070 3668 3181 3720 Καὶ
3229 3668 3337 3740 γὰρ
3386 3667 3614 3737 ἀνῆλθον
3663 3670 3760 3722 ἐπὶ

2180 3756 2404 3828 Δαρείου
2430 3758 2528 3810 οὑκ
2557 3757 2723 3825 ὀλίγοι
2757 3758 2844 3810 τὸν
2869 3757 3130 3829 ἀριθμόν·
3166 3748 3316 3828 ὅμως
3349 3759 3413 3812 ἐκ
3445 3761 3542 3829 τῆς
3579 3759 3761 3811 Βαϐυ-

2180 3844 2347 3909 λῶνος
2395 3848 2588 3910 αὐτοὺς
2631 3847 2940 3901 ἐπανελθεῖν
2983 3847 3223 3913 κελεύει,
3260 3847 3345 3900 ἵνα
3385 3847 3514 3921 εἴπῃ
3542 3849 3640 3920 τῆς
3666 3850 3761 3902 αἰ-

2180 3935 2503 4005 χμαλωσίας
2558 3934 2624 4005 ἣν
2677 3935 2782 3989 ὑπὸ
2830 3936 3185 3990 Βαϐυλωνίων
3244 3939 3755 4009 ύπομεμενήκεσαν.

2181 4024 2452 4096 Πρόδηλον
2480 4024 2535 4077 δὲ
2566 4024 2641 4088 ὡς
2669 4026 2726 4079 ὲν
2746 4027 3114 4097 ἐπιτάγματος
3141 4029 3376 4098 σχήματι
3406 4030 3634 4100 μήνυσιν
3656 4029 3761 4083 τοῦ

2179 4116 2438 4186 ἐσομένου
2476 4118 2728 4172 ποιεῖται.

2249 4209 2395 4279 Στίχ.
2432 4209 2592 4280 η’·ιβ’.
2635 4238 2708 4248 -
2760 4227 2779 4260 ί
2806 4208 2948 4262 Διότι
2975 4209 3099 4264 τάδε
3128 4208 3274 4279 λέγει
3313 4208 3515 4279 Κύριος
3555 4226 3761 4262 παντο-

2179 4300 2398 4371 κράτωρ
2416 4316 2432 4331 ·
2479 4298 2683 4352 Ὀπίσω
2705 4299 2861 4369 δόξης
2880 4299 3187 4353 άπέσταλκέ
3220 4315 3288 4371 με
3316 4300 3409 4355 ἐπὶ
3435 4299 3502 4352 τὰ
3528 4298 3657 4368 ἔθνη
3685 4298 3761 4352 τά

2181 4390 2550 4445 σκυλεύσαντα
2574 4390 2737 4463 ὑμᾶς·
2770 4391 2903 4444 διότι
2934 4391 2962 4443 ό
2988 4389 3291 4460 ἁπτόμενος
3314 4388 3486 4461 ὑμῶν,
3517 4391 3593 4459 (p.
3620 4389 3757 4460 458)

2178 4481 2253 4545 ὡς
2280 4483 2308 4535 ὀ
2335 4482 2636 4553 ἁπτόμενος
2659 4482 2757 4553 τῆς
2785 4481 2953 4554 κόρης
2977 4481 3071 4535 τοῦ
3094 4480 3369 4553 ὀφθαλμοῦ
3398 4481 3560 4536 αὐτοῦ
3577 4498 3592 4512 ·
3615 4480 3758 4533 διότι

2178 4572 2289 4643 ἐγὼ
2322 4574 2563 4646 ὲπιφέρω
2607 4572 2703 4644 τὴν
2728 4573 2887 4644 χεῖρά
2915 4590 3017 4644 μου
3050 4573 3135 4626 ἐπ’
3163 4573 3380 4635 αὐτοὺς,
3410 4572 3503 4625 καὶ
3532 4571 3755 4625 ἔσονται

2175 4665 2346 4718 σκῦλα
2397 4669 2507 4727 τοῖς
2555 4664 2884 4719 δουλεύουσιν
2926 4665 3145 4728 αὐτοῖς,
3196 4664 3291 4718 καὶ
3334 4660 3606 4733 γνώσεσθε
3666 4664 3755 4717 ὅτι

2174 4754 2376 4824 Κύριος
2419 4756 2810 4827 παντοκράτωρ
2858 4756 3164 4811 ἀπέσταλκέ
3196 4773 3284 4827 με.
3327 4776 3346 4809 ι
3409 4754 3591 4809 Ταῦτα
3637 4756 3759 4827 γὰρ

2174 4846 2324 4916 ὑμῖν,
2382 4846 2566 4915 φησιν,
2601 4847 2866 4917 εἰρημένα
2902 4847 3064 4915 λέγω,
3108 4846 3201 4901 τοῦ
3251 4848 3530 4919 εἰρηκότος
3562 4846 3756 4900 κελεύν

2179 4952 2371 5000 σαντος
2396 4936 2552 5001 Θεοῦ,
2591 4936 2650 5000 ὃς
2691 4937 2995 4991 ἀπέσταλκέ
3026 4955 3094 5009 με
3123 4939 3221 5009 τὴν
3249 4939 3402 5005 δόξαν
3432 4939 3559 5009 ὑμῖν
3601 4955 3756 5005 γνω-

2181 5028 2415 5099 ριοῦντα,
2448 5030 2542 5083 καὶ
2557 5029 2616 5082 τὸ
2647 5027 2871 5100 μέγεθος
2899 5030 2997 5099 τῆς
3027 5030 3190 5085 αὐτοῦ
3221 5030 3501 5103 δυνάμεως
3530 5023 3599 5102 ἦς
3629 5031 3757 5083 ἑπι-

2177 5115 2406 5180 δείξεται
2439 5116 2577 5170 κατὰ
2603 5117 2712 5170 τῶν
2741 5116 2885 5187 ὑμᾶς
2916 5118 3251 5188 ἠδικηκότων
3272 5135 3285 5150 ·
3333 5119 3505 5182 οὕτως
3533 5118 3757 5191 ὀργιζό-

2181 5226 2339 5280 μενος
2387 5208 2477 5262 ἐπὶ
2519 5212 2631 5272 τοῖς
2676 5226 2729 5262 τι
2777 5209 2965 5264 λυπεῖν
2999 5211 3143 5281 ὑμᾶς
3173 5209 3532 5281 βουλομένοις,
3568 5210 3644 5271 ὡς
3685 5210 3755 5265 ἂν

2176 5294 2453 5370 ὀργισθείη
2510 5301 2563 5354 εἴ
2609 5317 2691 5364 τις
2755 5300 2915 5355 αὐτοῦ
2976 5301 3075 5365 τάς
3132 5303 3299 5372 κόρας
3351 5301 3577 5371 βλάπτοι
3637 5302 3753 5355 τῶν

2173 5391 2464 5463 ὀφθαλμῶν
2490 5409 2503 5422 ’
2557 5392 2778 5463 εΰδηλον
2808 5392 2905 5464 μὲν
2933 5388 3025 5446 οὖν
3052 5392 3133 5446 ὅτι
3174 5392 3528 5464 ἀνθρωπίνως
3551 5392 3613 5445 τδ
3644 5393 3757 5463 τῆς

2172 5482 2498 5553 κηδεμονίας
2560 5483 2832 5556 ἐξαίρετον
2885 5484 3057 5535 εἰπεῖν
3111 5483 3403 5555 ἠϐουλήθη.
3463 5480 3626 5537 Οὕτω
3689 5484 3755 5541 δὲ

2175 5574 2392 5645 βαρεῖαν
2436 5574 2617 5638 ἐπάξω
2640 5614 2654 5636 ,
2709 5574 2839 5643 φησί
2864 5618 2877 5636 ,
2926 5576 3036 5638 τοῖς
3065 5572 3274 5644 ἐχθροῖς
3307 5574 3419 5635 τοῖς
3454 5571 3757 5644 ὑμετέροις

2174 5664 2272 5732 τὴν
2306 5663 2603 5733 τιμωρῖαν,
2650 5660 2787 5714 (τω-τε
2839 5662 2926 5713 ὑπ’
2981 5663 3198 5713 ἐκείνων
3249 5660 3753 5732 ἐκπολιορκηθῆναι
