4022 6138
274 295 366 353 sat
1203 282 1752 344 COMMENTARIUS
1792 281 1856 336 IN
1903 281 2278 338 ZACHARIIE
2317 280 2472 339 CAP.
2514 281 2576 337 ιι.
3435 282 3541 338 εςῃ

272 427 332 463 τε
359 405 448 461 καί
475 404 821 478 πορθηθῆναι
851 404 944 468 οὓς
973 404 1034 456 τὸ
1079 403 1344 474 πρότερον
1388 403 1446 454 ἐν
1473 401 1674 454 δούλων
1715 395 1859 469 εἶχον

1981 397 2332 464 Quamobrem
2361 412 2430 452 ex
2471 397 2590 466 ipso
2619 408 2804 451 rerum
2836 402 3033 451 eventu
3068 393 3286 466 pateﬁet
3323 410 3409 449 me
3448 396 3542 449 Dei

274 501 436 565 τάξει-
467 498 544 563 ὡς
568 499 636 552 ἀν
661 497 722 564 ἐξ
748 497 928 551 αὐτῶν
949 497 1160 565 γένοιτο
1177 497 1335 566 δῆλον
1359 492 1468 547 τῶν
1499 492 1861 565 πραγμάτων,

1981 491 2245 544 toluntate
2278 489 2524 543 omnium
2565 489 2777 543 Domini
2820 487 2936 542 haec
2966 489 3118 543 vobis
3153 503 3299 542 nunc
3329 486 3546 541 denun-

275 596 354 648 ὅτι
382 592 578 662 γνώμῃ
611 589 750 644 Θεοῦ
786 590 879 643 τοῦ
930 590 1146 642 πάντων
1178 587 1385 660 Κυρίου
1435 585 1859 655 εὐαγγελίζομαι

1981 584 2121 638 .iare.
2169 580 2375 636 Deinde
2406 580 2474 634 ad
2507 580 2697 636 urbem
2728 595 2946 650 quoque
2985 594 3288 635 sermonem
3315 594 3547 634 conver-

276 685 440 740 ταῦτα
477 683 643 752 ὑμᾶς.
700 676 835 735 Εἶτα
881 680 974 732 καὶ
1007 679 1142 750 πρὸς
1184 677 1282 748 τὴν
1317 677 1470 730 πόλιν
1513 677 1861 746 ἀποστρέψας

1989 691 2085 732 eus
2116 673 2280 746 (nam
2311 673 2478 728 ﬁliam
2515 673 2645 728 Sion
2678 675 2817 728 solet
2851 671 3191 728 Hierusalem
3217 671 3545 742 appellare).

277 770 364 826 τὸν
389 772 545 839 λόγον
569 787 582 800 ’
633 767 910 840 θυγατέρα
944 767 1052 839 γάρ
1079 767 1179 837 τῆς
1212 767 1347 819 Σιὼν
1374 765 1470 836 τὴν
1513 764 1864 837 Ἰερουσαλὴμ

277 847 462 918 εῖωθεν
491 860 786 932 ὀνομάζειν
807 878 820 891 ’
870 879 888 911 ι
917 860 1134 931 Τέρπου
1164 861 1256 914 καὶ
1281 859 1594 930 εὐφραίνου,
1625 858 1862 927 θύγατερ

277 953 412 1008 Σιών
434 970 449 984 ο
488 952 624 1004 διότι
654 951 764 1005 ἰδοὺ
791 949 902 1019 ἐγὼ
932 948 1189 1020 ἔρχομαι,
1228 949 1322 1001 καὶ
1355 945 1762 1016 κατασκηνώσω
1805 946 1864 996 ὲν

279 1047 427 1116 μέσῳ
463 1063 556 1098 σου
578 1087 593 1110 ,
625 1044 774 1112 λέγει
809 1043 1038 1113 Κύριος.
1075 1059 1094 1093 ι
1141 1041 1229 1094 Ἐν
1263 1042 1477 1110 ἡδοναῖς
1515 1039 1606 1091 ἔσο
1636 1037 1729 1090 τοῦ
1757 1037 1859 1090 λοι⁹

276 1135 397 1198 ποῦ,
428 1132 574 1199 ἔξεις
608 1133 717 1204 γάρ
749 1149 815 1202 με
851 1131 908 1185 ἐν
938 1131 1019 1184 σοὶ
1056 1133 1124 1202 τῇ
1159 1130 1456 1201 κηδεμονίᾳ
1485 1127 1854 1198 δεικνύμενον·

281 1246 299 1278 ι
333 1226 445 1279 Καὶ
485 1222 921 1292 καταφεύξονται
959 1220 1087 1292 έθνη
1129 1221 1297 1274 πολλά
1335 1221 1430 1272 ἐπὶ
1457 1219 1546 1273 τὸν
1576 1219 1780 1288 Κύριον
1807 1219 1866 1270 ὲν

277 1319 338 1388 τῇ
387 1315 578 1386 ἡμέρᾳ
624 1313 847 1384 ἐκείνῃο
902 1313 997 1364 καὶ
1025 1313 1237 1364 ἔσονται
1270 1307 1422 1380 αὐτῷ
1467 1310 1547 1372 είς
1579 1299 1726 1373 λαὸν,
1771 1308 1866 1361 καὶ

277 1407 800 1475 κατασκηνώσουσιν
828 1405 886 1457 ἐν
919 1403 1070 1475 μέσῳ
1103 1421 1198 1456 σου
1219 1443 1234 1466 ,
1274 1402 1368 1454 καὶ
1409 1400 1595 1473 γνώσῃ
1628 1401 1709 1452 ὅτι
1752 1397 1868 1451 Κύ-

281 1518 391 1572 ριος
438 1496 836 1568 παντοκράτωρ
886 1496 1254 1561 ἐξαπέσταλκέ
1316 1512 1383 1564 με
1429 1493 1565 1566 πρός
1613 1509 1673 1545 σε
1699 1509 1711 1522 ο
1774 1491 1868 1543 καὶ

1969 788 1987 820 ι
2022 767 2252 831 Laetare,
2290 786 2308 818 ι
2342 765 2540 836 inquit,
2581 785 2599 816 ‹
2628 773 2684 820 et
2716 766 2913 835 gaude,
2949 764 3058 818 ﬁlia
3096 762 3251 826 Sion,
3276 764 3400 834 quia
3423 777 3549 818 ecce

1961 876 2064 930 ego
2104 859 2287 924 venio,
2323 866 2376 912 et
2422 857 2685 912 habitabo
2730 857 2783 910 in
2823 857 3000 910 medio
3047 856 3150 920 tui,
3186 855 3319 910 dicit
3370 854 3550 909 Domi-

1965 967 2090 1006 nus.
2135 969 2152 1001 ι
2186 949 2413 1005 Laetitiis
2460 948 2712 1018 posthinc
2757 948 2978 1011 incede;
3013 947 3239 1001 habebis
3279 946 3426 1001 enim
3465 961 3553 999 me

1964 1050 2168 1109 tecum,
2223 1041 2407 1096 tutelae
2448 1040 2496 1094 vi
2536 1038 2994 1098 demonstratum.
3043 1055 3062 1088 ι
3117 1037 3554 1109 Confugientque

1966 1142 2157 1206 gentes
2190 1133 2371 1188 multa:
2403 1132 2470 1186 ad
2502 1131 2794 1187 Dominum
2826 1133 2914 1186 die
2946 1131 3035 1185 illa
3067 1150 3081 1185 :
3121 1142 3389 1201 eruntque
3420 1131 3469 1184 ei
3498 1131 3552 1183 in
3581 1169 3584 1172 .

1965 1224 2249 1296 populum,
2277 1234 2334 1280 et
2373 1225 2429 1278 in
2460 1223 2641 1279 medio
2668 1222 2746 1278 tui
2778 1223 3124 1288 habitabunt,
3169 1231 3223 1278 et
3249 1238 3554 1292 cognosces

1967 1314 2113 1385 quod
2162 1330 2249 1369 me
2297 1314 2648 1384 omnipotens
2699 1313 2964 1367 Dominus
3004 1311 3070 1367 ad
3116 1319 3171 1367 te
3219 1310 3455 1364 miserit.
3491 1307 3556 1362 Et

1968 1405 2273 1476 possidebit
2319 1405 2585 1462 Dominus
2619 1405 2814 1461 Judam
2856 1406 3014 1476 quasi
3053 1413 3264 1474 partem
3303 1417 3458 1458 suam
3500 1401 3554 1455 in

1969 1507 2114 1553 terra
2141 1506 2355 1562 sant-ta,
2386 1506 2439 1554 et
2465 1499 2626 1569 eliget
2649 1498 2826 1552 adhuc
2853 1495 3216 1552 Hierusalem.
3254 1513 3272 1546 ι
3301 1490 3555 1553 Tantam.

279 1589 820 1661 κατακληρονομήσει
870 1586 1073 1658 Κύριος
1122 1586 1216 1640 τὸν
1275 1584 1473 1639 Ἰούδαν
1521 1585 1620 1654 τὴν
1675 1582 1867 1654 μερίδα

1981 1591 2169 1660 inquit,
2224 1591 2391 1646 vestri
2451 1591 2880 1647 sollicitudinem
2936 1603 3047 1660 prae
3108 1601 3195 1642 me
3244 1585 3436 1649 feram,
3499 1591 3558 1639 ut

279 1686 443 1739 αὑτοῦ
471 1687 565 1738 ἐπὶ
587 1685 684 1756 τὴν
709 1683 872 1751 ἁγίαν
897 1684 1021 1754 γῆν,
1052 1683 1067 1740 ί
1074 1698 1128 1752 p.
1152 1681 1275 1752 459)
1303 1681 1398 1734 καὶ
1414 1681 1642 1752 αἱρετιεῖ
1663 1679 1743 1731 ἐτι
1770 1677 1868 1747 τὴν

1981 1685 2288 1755 alienigena:
2335 1700 2557 1755 quoque
2607 1685 2764 1738 multi
2814 1681 2881 1738 ad
2941 1697 3038 1738 vos
3085 1679 3371 1736 accursuri
3425 1677 3556 1743 sint,
3611 1718 3617 1726 .

287 1753 666 1847 Ἰερουσαλήμ.
699 1793 718 1824 ι
775 1753 1056 1841 Τοσαύτην
1084 1771 1164 1833 δὲ,
1202 1771 1355 1840 φησι,
1401 1768 1498 1838 τὴν
1547 1767 1675 1838 περὶ
1718 1766 1863 1835 ὑμᾶς

1981 1773 2251 1845 Deumque
2290 1792 2375 1832 me
2413 1775 2723 1832 confessuri
2767 1758 2860 1846 qui
2904 1774 3048 1846 apud
3095 1789 3194 1830 vos
3240 1785 3547 1843 agnoscor:

279 1864 623 1936 ἐπιδείξομαι
657 1863 984 1934 κηδεμονίαν
1009 1902 1023 1926 ,
1080 1861 1222 1915 ὥστε
1267 1861 1362 1914 καὶ
1415 1859 1522 1913 τῶν
1569 1857 1866 1928 ἀλλοτρίων

1981 1865 2082 1930 isti,
2129 1867 2379 1936 inquam,
2434 1883 2465 1922 a
2519 1868 2639 1924 suis
2687 1867 2825 1922 locis
2868 1865 3257 1936 digredientes,
3310 1863 3559 1917 habitare

279 1958 508 2020 πολλοὺς
551 1958 638 2026 ἐφ’
681 1957 826 2027 ὑμᾶς
878 1957 1212 2024 καταφυγεῖν
1235 1991 1253 2020 ,
1279 2019 1283 2028 ι
1306 1952 1440 2006 Θεὸν
1472 1948 1869 2022 ὁμολογοῦντας

1981 1957 2113 2026 apud
2161 1969 2210 2014 te
2256 1958 2499 2022 malent,
2551 1958 2918 2029 patrocinium
2958 1971 3139 2012 meum
3183 1954 3555 2025 exquirentes.

280 2054 486 2106 ἐαυτῶν
514 2053 616 2122 ἐμὲ
643 2051 732 2104 τὸν
761 2049 887 2121 παρ’
916 2051 945 2102 ύ
955 2049 1069 2120 μῶν
1096 2045 1495 2120 γνωριζόμενον
1513 2064 1525 2079 ·
1560 2045 1608 2099 οἳ
1638 2046 1731 2098 καὶ
1756 2043 1867 2096 τῶν

1981 2049 2110 2103 Tum
2137 2066 2265 2106 vero
2288 2053 2526 2106 maxime
2551 2066 2648 2106 vos
2677 2049 3026 2122 cognoscetis
3050 2064 3136 2104 me
3179 2045 3273 2103 Dei
3307 2046 3552 2101 onmium

279 2146 491 2199 οἰκείων
517 2143 855 2205 ἀποστάντες
881 2141 1061 2195 τόπων
1081 2141 1178 2211 τὴν
1197 2145 1412 2211 οῐκησιν
1432 2139 1747 2211 αἱρήσονται
1768 2135 1870 2207 τὴν

1981 2138 2189 2194 Domini
2227 2141 2507 2196 voluntate
2548 2141 2664 2195 haec
2704 2141 2858 2197 vobis
2892 2139 3176 2203 nuntiare,
3203 2139 3296 2208 qui
3330 2146 3384 2192 et
3408 2137 3560 2192 Julia:

280 2239 335 2290 ἐν
355 2238 437 2290 σοὶ
459 2235 552 2290 διὰ
574 2235 674 2317 τήν
701 2234 1024 2306 κηδεμονίαν
1052 2233 1148 2305 τὴν
1179 2233 1320 2303 ἐμήν
1338 2247 1352 2262 ⁸
1380 2231 1502 2285 τότε
1531 2229 1594 2301 δὴ
1625 2228 1862 2300 μάλιστα

1981 2239 2206 2286 veterem
2253 2243 2412 2288 terra:
2447 2235 2741 2305 assignatas
2789 2241 2997 2302 partem
3039 2232 3328 2299 restituet,
3366 2239 3562 2286 totam-

280 2326 553 2395 γνώσεσθέ
585 2343 652 2397 με
679 2325 814 2378 Θεοῦ
848 2324 1041 2396 γνώμῃ
1066 2321 1162 2376 τοῦ
1191 2322 1408 2376 πάντων
1451 2320 1654 2391 Κυρίου
1685 2319 1860 2374 ταῦτα

1981 2337 2076 2393 que
2111 2320 2449 2377 Hierusalem
2477 2324 2692 2376 cunctis
2725 2321 3064 2392 splendidam
3096 2318 3308 2374 eﬁiciet.

283 2422 404 2489 ὑμῖν
430 2417 948 2488 εὐαγγελιζόμενον,
978 2416 1038 2480 ὃς
1068 2414 1145 2486 τῷ
1177 2432 1238 2468 τε
1281 2413 1450 2486 Ἰούδᾳ
1487 2413 1585 2487 τὴν
1613 2413 1847 2467 παλαιὰν
1885 2412 2034 2485 αὐτῷ
2068 2415 2261 2486 μερίδα
2291 2418 2389 2486 τῆς
2415 2416 2515 2486 γῆς
2540 2415 2829 2497 ἀποδώσει,
2863 2417 3042 2470 πᾶσαν
3067 2415 3165 2487 τὴν
3207 2412 3564 2485 Ἰερουσαλήμ

283 2535 340 2572 τε
367 2519 639 2587 ἀποφανεῖ
666 2515 815 2586 παρὰ
842 2517 1007 2569 πᾶσιν
1033 2513 1315 2584 λαμπράν.

354 2612 500 2681 Στίχ.
542 2617 627 2678 ιγ’.
676 2639 746 2649 —-
800 2603 934 2662 Εἶτα
992 2606 1304 2668 ἀκολούθως
1362 2605 1556 2673 ἐπάγει
1583 2619 1595 2634 ο
1639 2621 1656 2654 t
1692 2603 1870 2658 Εὐλα-

292 2703 491 2756 ϐείσθω
534 2702 679 2755 πᾶσα
723 2699 862 2771 σὰρξ
909 2699 1019 2753 ἀπὸ
1060 2697 1352 2770 προσώπου
1398 2696 1632 2768 Κυρίου,
1668 2697 1749 2748 ὅτι
1789 2695 1874 2759 ἐξ-

300 2797 589 2866 εγήγερται
629 2794 688 2846 ἐκ
727 2781 967 2864 νεφελῶν
1013 2791 1183 2860 ἁγίων
1221 2789 1409 2844 αὐτοῦ.
1449 2808 1467 2841 ι
1516 2790 1677 2842 Ὥστε
1709 2790 1874 2842 πᾶσιν

302 2887 622 2956 ὁμοίωςτοῖς
649 2903 708 2938 τε
740 2885 960 2949 οἰκείοις
981 2885 1074 2938 καὶ
1101 2885 1212 2948 τοῖς
1245 2883 1546 2956 ἀλλοτρίοις
1575 2882 1871 2954 ἁρμόττειν

291 2981 584 3035 δεδοικέναι
617 2979 806 3033 λοιπὸν
840 2978 930 3032 τὸν
960 2978 1113 3043 Θεὸν,
1150 2977 1210 3041 ὃς
1239 2978 1305 3030 ἐκ
1332 2976 1441 3030 τῶν
1472 2975 1760 3046 ἁνωτέρων
1789 2974 1874 3026 τό·

2044 2600 2214 2656 Vsns.
2248 2599 2331 2653 i5.
2364 2628 2432 2640 ——
2465 2596 2668 2652 Deinde
2698 2599 2873 2670 pergit
2899 2597 3082 2654 dicere
3109 2618 3120 2653 :
3152 2617 3170 2650 ι
3200 2599 3412 2657 Timeat
3443 2603 3564 2655 uni-

1973 2704 2130 2744 versa
2176 2703 2306 2742 caro
2346 2704 2373 2740 a
2422 2686 2560 2742 facie
2611 2686 2852 2755 Domini,
2911 2689 3169 2758 quoniam
3216 2694 3565 2748 consurrexit

1971 2780 2132 2852 305
2185 2779 2252 2834 de
2305 2779 2546 2835 nubibus
2598 2779 2807 2834 sanctis
2860 2780 2999 2836 suis.
3044 2800 3061 2831 ι
3099 2780 3346 2838 Cunctos
3410 2799 3564 2854 mque

1975 2881 2088 2924 tum
2119 2871 2452 2927 domesticos
2478 2881 2591 2926 tum
2616 2872 2954 2942 alienigenas
2987 2873 3182 2929 timore
3215 2873 3309 2929 Dei
3342 2876 3560 2944 percelli

1977 2961 2235 3033 deinceps
2265 2962 2463 3027 decet,
2507 2962 2601 3032 qui
2637 2962 2704 3016 de
2739 2962 2996 3034 supernis
3039 2963 3175 3035 locis
3196 3004 3210 3028 ,
3239 2979 3378 3034 quos
3411 2963 3562 3020 inco-

292 3095 426 3139 πων,
463 3074 558 3138 οὓς
589 3077 760 3129 οἰκεῖν
788 3091 846 3127 τε
874 3072 1031 3128 εἴωθε
1059 3071 1152 3125 καὶ
1178 3071 1366 3139 ἁγίους
1397 3072 1478 3124 ἐκ
1492 3071 1590 3141 τῆς
1614 3071 1877 3141 οἰκήσεως

1983 3053 2092 3108 lere
2142 3055 2302 3119 solet,
2347 3069 2598 3124 quosque
2653 3068 2877 3110 sanetos
2934 3054 3174 3108 incolatu
3233 3069 3334 3110 suo
3376 3053 3561 3118 eﬁicit,

288 3167 670 3223 ἀποδεικνύναι
712 3167 810 3236 τῆς
841 3165 1067 3228 οἰκείας,
1106 3163 1390 3233 κεκίνηται
1417 3162 1473 3216 δὲ
1501 3161 1592 3215 ἐπὶ
1626 3161 1878 3232 βοήθειαν

288 3261 568 3332 ἡμετέραν
617 3257 822 3322 ἐλθεῖν,
866 3256 1051 3311 τοῦτον
1079 3254 1361 3325 φοϐεῖσθαι
1402 3256 1564 3308 πᾶσιν
1606 3253 1876 3323 ἁρμόττον

284 3359 394 3419 τοῖς
416 3374 479 3411 τε
507 3355 753 3419 οἰκείοις,
780 3353 857 3417 ὡς
886 3355 952 3407 ἂν
983 3352 1058 3424 μὴ
1087 3353 1454 3424 παρανομοῖεν
1484 3347 1758 3414 καθάπαξ,
1785 3349 1880 3402 καὶ

286 3454 393 3515 τοῖς
423 3436 730 3518 ἀλλοτρίοις
763 3447 840 3510 ὡς
867 3447 933 3500 ἂν
967 3445 1134 3516 μηδὲν
1170 3444 1298 3515 περὶ
1342 3441 1468 3506 τοὺς
1525 3441 1676 3512 αὐτῷ
1710 3457 1878 3512 προσ-

289 3544 522 3614 ήκοντας
550 3541 882 3610 ἐπιχειροῖεν
921 3537 1023 3591 ἔτι.
1054 3535 1209 3590 Οὕτω
1241 3534 1304 3605 δὴ
1349 3535 1470 3598 ταῖς
1503 3531 1879 3601 ἀποκαλύψεσι

285 3634 514 3695 ταύταις
541 3631 612 3685 τά
635 3631 729 3683 ἐπὶ
761 3629 860 3699 τῆς
890 3625 1122 3698 πρόσθεν
1150 3623 1544 3693 ἀποκαλύψεως
1575 3622 1881 3695 μηνυθέντα

289 3724 620 3796 βεϐαιώσας,
668 3723 749 3775 ὅτι
804 3719 1236 3790 τετιμωρήσεται
1285 3717 1411 3780 τοὺς
1447 3715 1743 3781 ἐναντίους,
1788 3715 1881 3766 καὶ

286 3820 366 3872 δτι
416 3817 708 3887 εὐποιήσει
763 3812 863 3884 τὴν
901 3808 1288 3882 Ἰερουσαλὴμ,
1343 3807 1590 3870 ἀπαντάς
1637 3823 1696 3858 τε
1759 3806 1883 3867 τοὺς

288 3911 674 3981 προσήκοντας
700 3905 840 3975 αὐτῇ
866 3903 975 3956 τῶν
1010 3901 1298 3967 Ἰουδαίων,
1335 3901 1419 3970 ἐφ’
1453 3899 1646 3970 ἐτέρας
1675 3898 1884 3950 ἀποκα-

286 4002 479 4071 λύψεις
509 3998 772 4068 τρέπεται
805 3996 947 4067 μάλα
972 4011 1035 4065 γε
1068 3994 1205 4065 πρὸς
1232 3993 1293 4047 τὸ
1328 3992 1686 4063 προκείμενον
1716 3990 1884 4057 ἀναγ-

289 4092 455 4154 καίας
483 4106 498 4118 ·
551 4091 611 4143 ἐν
654 4085 1000 4158 αἰχμαλωσίᾳ
1061 4084 1160 4155 μὲν
1213 4082 1323 4152 γὰρ
1371 4081 1746 4151 τυγχάνοντες,
1789 4079 1884 4133 καὶ

291 4182 563 4253 βασιλέως
583 4180 873 4250 ἐστέρηντο
902 4177 996 4230 καὶ
1017 4175 1228 4248 ἱερέως,
1261 4177 1339 4245 (p.
1372 4173 1498 4243 460)
1529 4172 1565 4226 ἁ
1594 4171 1659 4242 δὴ
1687 4169 1886 4242 κυριώο

289 4293 427 4329 τατα
451 4272 595 4344 πρὸς
617 4271 720 4341 τὴν
744 4270 838 4323 τοῦ
870 4268 1052 4331 ἔθνους
1079 4267 1452 4339 συγκράτησιν
1479 4261 1546 4336 ἦν
1566 4281 1579 4296 ο
1615 4264 1708 4316 τού
1740 4263 1886 4333 βασι-

1943 3156 1949 3161 ·
1982 3160 2128 3199 nunc
2163 3161 2292 3200 vero
2321 3145 2388 3200 ad
2419 3161 2576 3216 opem
2612 3145 2770 3200 nobis
2797 3145 3076 3200 ferendam
3103 3146 3370 3216 procedit.
3407 3145 3566 3201 llunc

1980 3252 2010 3291 a
2050 3238 2167 3292 suis
2194 3238 2449 3292 omnibus
2477 3238 2652 3293 timeri
2683 3246 2920 3308 oportet,
2951 3247 3007 3294 ut
3047 3240 3268 3294 omnino
3294 3254 3401 3295 non
3435 3256 3562 3311 pce-

1979 3338 2144 3396 cent;
2194 3331 2261 3385 ab
2308 3331 2638 3402 alienigenis
2704 3338 2908 3397 autem,
2967 3348 3033 3387 ne
3089 3348 3329 3404 unquam
3379 3341 3564 3404 postea

1980 3423 2239 3494 populum
2267 3424 2314 3478 ei
2340 3425 2619 3480 addictum
2647 3423 2843 3480 lmdere
2863 3425 3074 3479 ausint.
3107 3424 3197 3479 Sic
3223 3427 3387 3496 igitur
3416 3433 3568 3494 post-

1981 3528 2144 3584 quam
2194 3513 2279 3568 bis
2341 3514 2788 3580 revelationibus,
2858 3529 2949 3569 res
3008 3515 3190 3586 priore
3239 3515 3568 3570 revelatione

1982 3607 2270 3677 praedictas
2315 3593 2699 3671 conﬁrmavit,
2755 3623 2952 3677 nempe
3014 3607 3161 3678 quod
3225 3609 3568 3663 adversarios

1983 3698 2193 3768 puniet,
2241 3705 2296 3753 et
2337 3698 2458 3753 urbi
2515 3696 2857 3754 Hierusalem
2903 3700 3041 3755 bene
3090 3699 3274 3765 faciet,
3317 3717 3419 3757 nec
3461 3717 3569 3760 non

1984 3791 2241 3844 omnibus
2280 3790 2334 3846 in
2367 3789 2540 3858 ipsius
2583 3790 2790 3847 ditione
2817 3791 3057 3857 Judaeis;
3102 3793 3169 3849 ad
3201 3795 3338 3850 alias
3371 3799 3572 3853 transit

1984 3882 2346 3966 revelationes
2418 3882 2547 3936 huic
2609 3884 2892 3955 proposito
2970 3886 3214 3957 apprime
3275 3902 3565 3960 congruas.

1986 3975 2200 4029 Etenim
2236 3975 2289 4029 in
2329 3976 2648 4046 captivitate
2691 3987 2998 4043 versantes,
3043 3993 3169 4049 rege
3215 3981 3479 4035 carebant
3505 3996 3570 4035 ac

1985 4066 2287 4132 sacerdote,
2315 4068 2408 4138 qui
2435 4068 2596 4124 ambo
2627 4069 2860 4124 maxime
2881 4069 2946 4124 ad
2983 4070 3194 4125 ﬁrmam
3225 4071 3402 4140 gentis
3439 4085 3571 4126 con-

1986 4159 2323 4215 stitutionem
2349 4161 2648 4218 necessarii
2683 4171 2873 4216 erant:
2906 4170 2966 4216 ut
2991 4177 3083 4218 rex
3123 4164 3384 4220 nimirum
3413 4165 3571 4219 bellis

1986 4252 2240 4322 gerendis
2271 4253 2606 4324 reliquisque
2640 4254 2793 4324 regni
2829 4255 3022 4310 usibus
3043 4257 3410 4327 exsequendis
3444 4273 3571 4326 ope-

290 4367 425 4430 λέως
469 4363 573 4434 μὲν
615 4360 676 4414 ἐν
725 4377 785 4412 τε
834 4361 946 4422 τοῖς
978 4357 1241 4427 πολέμοις
1293 4357 1387 4410 καὶ
1426 4359 1491 4428 τῇ
1535 4356 1643 4408 τῶν
1682 4353 1878 4408 λοιπῶν

1988 4360 2104 4399 ram
2155 4360 2308 4400 suam
2363 4352 2610 4411 navaret,
2666 4345 2924 4403 sacerdos
2977 4354 3159 4402 autem
3208 4349 3463 4419 precibus
3519 4360 3572 4401 et

295 4424 566 4527 διοικήσει
610 4453 709 4524 τὴν
743 4450 929 4522 χρείαν
967 4424 1341 4520 παρεχομένου
1371 4424 1735 4518 τὴν-οἰκείαν,
1789 4444 1878 4498 τοῦ

1991 4435 2515 4506 supplicationibus,
2554 4443 2608 4491 et
2637 4437 2907 4492 universa:
2939 4437 3050 4493 Deo
3092 4439 3290 4495 debitae
3338 4440 3573 4509 liturgite

297 4549 494 4620 ἱερέως
525 4546 584 4598 δὲ
613 4544 722 4598 τῶν
754 4561 812 4596 τε
835 4543 1069 4614 δεήσεων
1097 4540 1316 4596 καὶτῶν
1348 4539 1566 4593 ἱκεσιῶν
1587 4539 1680 4591 καὶ
1709 4538 1889 4608 πάσης

300 4641 364 4713 δὴ
416 4641 521 4710 τῆς
575 4637 696 4708 Θεῷ
736 4636 1116 4713 προσηκούσης
1159 4631 1479 4705 ἐξάρχοντος
1527 4631 1887 4702 λειτουργίας.

304 4711 490 4804 Ὅπερ
515 4726 610 4784 οὖν
639 4730 732 4783 καὶ
777 4730 806 4781 ὀ
842 4711 1126 4798 προφήτης
1171 4726 1327 4794 Ὠσηὲ
1358 4723 1658 4795 προλέγων,
1702 4740 1718 4772 ι
1745 4722 1892 4774 Διότι

303 4825 543 4896 ἡμέρας,
579 4841 598 4874 ι
637 4821 792 4890 φησὶ,
823 4839 841 4872 ι
882 4819 1081 4882 πολλὰς
1108 4817 1422 4870 καθίσονται
1448 4816 1498 4867 οἱ
1526 4813 1632 4867 uici.
1675 4811 1890 4883 Ἰσραὴλ

303 4919 402 4970 οὐκ
420 4919 582 4979 ὄντος
606 4915 888 4984 ἄρχοντος,
907 4910 1027 4965 οὐδὲ
1055 4908 1219 4979 οὔσης
1245 4908 1453 4970 θυσίας,
1475 4905 1596 4959 οὐδὲ
1621 4905 1770 4967 ὄντος
1805 4904 1895 4956 θυ-

307 5006 790 5078 σιαστηρίου.ούδὲ
827 5004 1118 5076 ἱερατείας.
1151 5001 1268 5054 οὐδὲ
1295 5000 1488 5070 δήλων.
1527 5017 1544 5049 ι
1571 4995 1814 5050 Δεικνύει
1836 4996 1893 5048 δὲ

305 5100 393 5154 διὰ
420 5101 518 5169 τῆς
553 5098 838 5170 παρούσης
881 5094 1277 5162 ἀποκαλύψεως
1310 5094 1337 5145 ό
1366 5092 1496 5154 Θεὸς
1530 5090 1606 5159 τῷ
1641 5089 1893 5160 προφήτῃ

308 5191 386 5252 εἰς
414 5189 764 5242 διδασκαλίαν
809 5187 1010 5250 παντὸς
1052 5184 1146 5238 τοῦ
1195 5183 1343 5243 λαοῦ,
1383 5183 1464 5235 ὅτι
1501 5181 1607 5254 ⁴καὶ
1653 5178 1828 5232 ταῦτα
1859 5177 1894 5229 δι

310 5281 374 5353 δὴ
408 5282 642 5353 μέγιστά
673 5299 733 5334 τε
760 5277 828 5351 ἦν
857 5281 950 5332 καὶ
981 5278 1172 5349 πρῶτα
1205 5278 1298 5331 καὶ
1325 5274 1598 5342 ἀναγκαῖα
1632 5271 1765 5342 πρὸς
1795 5273 1894 5341 τὴν

310 5373 403 5426 τοῖο
433 5374 611 5428 κοινοῦ
643 5371 1034 5444 συγκράτησιν,
1070 5362 1252 5440 ὧνπερ
1279 5369 1370 5421 ἐπὶ
1395 5367 1496 5436 τῆς
1523 5363 1896 5435 αἰχμαλωσίας

1990 4537 2264 4602 praeesset.
2328 4527 2484 4594 Quod
2548 4526 2721 4587 Oseas
2776 4543 2994 4598 quoque
3055 4530 3319 4600 propheta
3373 4530 3570 4600 praedi-

1993 4637 2122 4678 cens
2149 4663 2164 4686 ,
2198 4637 2216 4672 ι
2251 4617 2389 4686 Quia
2427 4621 2545 4675 dies
2577 4620 2799 4685 multos,
2837 4639 2856 4672 ι
2896 4619 3093 4691 inquit,
3131 4640 3148 4673 ι
3185 4621 3449 4677 sedebunt
3478 4620 3572 4675 ﬁlii

1993 4713 2211 4770 lsraelis
2257 4714 2379 4768 sine
2416 4712 2684 4784 principe,
2732 4713 2851 4770 sine
2897 4712 3190 4780 sacriﬁcio,
3237 4714 3356 4770 sine
3389 4714 3572 4777 altari,

1996 4809 2114 4863 sine
2144 4807 2360 4861 vatibus
2384 4807 2450 4860 ⁸⁷.
2468 4827 2484 4858 ι
2513 4805 2791 4864 Praeseute
2820 4822 2950 4860 vero
2979 4806 3306 4862 revelatione
3334 4809 3575 4862 ostendit

1997 4899 2273 4970 prophetae
2315 4898 2455 4954 Deus
2502 4899 2567 4954 ad
2605 4900 2771 4953 totius
2804 4899 2989 4969 populi
3037 4898 3576 4962 eruditiont‘m,.fore

1999 4999 2056 5044 ut
2112 4992 2224 5044 haec
2275 4992 2388 5060 ipsa
2445 5006 2563 5059 qua:
2621 4990 2688 5043 ad
2733 4991 3119 5046 continendam
3182 4989 3574 5060 rempublicam

1999 5083 2231 5137 maxima
2280 5093 2408 5136 sunt
2445 5091 2498 5137 et
2549 5087 2720 5151 prima
2774 5100 2838 5137 ac
2887 5083 3223 5145 necessaria,
3272 5082 3471 5153 quibus
3521 5083 3576 5136 in

2002 5177 2317 5245 captivitate
2365 5177 2645 5241 carebant,
2682 5176 2816 5244 ipsis
2847 5191 2875 5228 a
2922 5174 3030 5230 Deo
3072 5173 3371 5229 reddantur
3405 5191 3418 5204 ·
3450 5175 3580 5244 quia

2005 5268 2134 5321 urbs
2175 5265 2432 5317 nimirum
2483 5280 2606 5318 cum
2649 5274 2808 5334 gente
2858 5280 3073 5319 onmem
3122 5273 3374 5318 ornatum
3421 5280 3580 5320 suum

2007 5370 2291 5427 receptura
2324 5363 2460 5410 erat.
2502 5357 2589 5410 Sic
2613 5372 2740 5426 ergo
2775 5358 2848 5408 ait
2885 5375 2895 5407 :

315 5465 458 5529 εἰκὸς
496 5467 810 5536 ἐστέρηντο,
846 5466 1236 5536 ἀποδοθήσεται
1274 5463 1366 5516 νῦν
1406 5463 1585 5523 αὐτοῖς
1629 5461 1775 5528 παρὰ
1807 5457 1898 5510 τοῦ
1940 5456 2095 5517 Θεοῦ,
2140 5454 2231 5507 ἅτε
2265 5455 2361 5514 τῖς
2398 5454 2602 5515 πόλεως
2651 5456 2744 5507 σὺν
2791 5452 2866 5523 τῷ
2902 5453 3043 5508 ἔθνει
3086 5455 3267 5509 πᾶσαν
3304 5455 3401 5525 τὴν
3430 5455 3585 5508 εύκο-

318 5556 480 5625 σμίαν
509 5557 914 5628 ἀπολαμϐάνειν
949 5555 1244 5629 μελλούσης
1284 5557 1381 5626 τὴν
1413 5553 1620 5607 οἰκείαν
1674 5552 1831 5620 Λέγει
1866 5549 2040 5602 τοίνυν
2070 5546 2258 5610 οὕτως·

398 5738 445 5771 ⁸⁷
477 5738 598 5795 Osc.
654 5753 736 5803 ιιι,
778 5739 834 5794 ι.

643 5834 915 5894 Parnm.
941 5828 1058 5892 Gn.
1104 5826 1317 5914 LXVI,

3173 5825 3264 5881 17.
