4022 6138
416 312 522 372 εἵἳῦ

1059 429 1211 485 CAP.
1256 428 1342 484 121.

489 527 657 583 Vens.
696 527 801 582 t-5.
823 555 892 568 -—
925 542 942 575 ι
986 520 1050 577 Et
1076 521 1323 577 ostendit
1359 519 1491 575 mihi
1520 518 1783 576 Dominus
1807 517 1999 577 Jesum

416 619 760 678 sacerdotem
812 631 1091 687 magnum,
1143 622 1379 670 stantem
1421 621 1551 670 ante
1587 613 1782 671 faciem
1822 614 1997 686 angeli

418 710 657 774 Domini,
688 717 741 764 et
771 707 1026 762 diabolus
1059 706 1243 761 stabat
1274 722 1304 759 a
1328 706 1535 761 dextris
1564 706 1710 779 ejus,
1735 714 1793 761 ut
1814 706 2001 760 adver-

417 811 633 857 saretur
675 801 746 853 ei.
799 799 863 853 Et
901 798 1038 852 dixit
1082 797 1345 853 Dominus
1395 797 1561 870 306
1604 797 1823 853 diabolo
1860 816 1872 851 :
1916 797 1999 852 ln-

415 902 599 965 crepct
627 890 891 947 Dominus
914 897 988 956 te,
1021 889 1267 957 diabolo;
1301 897 1354 944 et
1375 888 1619 959 increpet
1654 898 1706 943 te
1731 887 2015 945 Dominus.

416 986 507 1057 qui
556 984 718 1052 eli-git
756 981 1118 1037 llicrusalem.
1172 979 1364 1036 Nonne
1411 996 1541 1037 ceee
1587 982 1688 1037 hoc
1725 991 1783 1035 ut
1830 972 2005 1039 torris.

413 1089 602 1134 erutus
634 1076 700 1130 de
728 1077 848 1146 igne
876 1073 999 1128 est?
1046 1071 1110 1125 Et
1140 1070 1301 1128 Jesus
1340 1070 1568 1127 indutus
1600 1078 1719 1127 erat
1753 1072 1997 1127 vestibus

415 1168 691 1235 sordidis,
741 1178 794 1222 et
824 1168 1002 1223 stabat
1036 1173 1165 1221 ante
1200 1163 1395 1219 faciem
1437 1164 1634 1234 angeli.
1670 1163 1997 1233 Respondit-

412 1280 543 1336 que,
584 1271 639 1319 et
669 1263 745 1315 ait
795 1258 1143 1313 adstantibus
1186 1272 1370 1312 coram
1424 1254 1564 1313 facie
1607 1270 1706 1310 sua
1753 1256 1945 1311 dicens
1981 1274 1994 1308 :

412 1357 639 1412 Auferte
688 1352 1011 1409 vestimenta
1059 1350 1283 1406 sordida
1337 1347 1407 1404 ab
1453 1363 1543 1403 eo.
1592 1346 1849 1418 Dixitque
1891 1346 1939 1402 ei
1978 1363 1993 1400 :

414 1449 556 1504 Ecce
592 1445 789 1503 abstuli
812 1442 1149 1514 iniquitates
1184 1449 1340 1509 tuas;
1376 1447 1433 1495 et
1480 1437 1689 1495 induite
1715 1443 1855 1494 'eum
1900 1448 1998 1510 po-

414 1544 543 1598 thl‘C
565 1584 580 1607 ,
612 1548 665 1595 et
713 1535 972 1609 imponite
1015 1526 1234 1589 mitram
1267 1549 1330 1590 ac
1354 1533 1581 1589 cidarim
1611 1532 1870 1589 mundam
1903 1548 1999 1588 su-

412 1652 509 1705 per
541 1642 704 1704 caput
737 1631 877 1701 ejus.
922 1627 987 1683 Et
1022 1627 1489 1698 circumjecerunt
1526 1626 1576 1681 ei
1616 1624 1942 1682 vestimenta
1978 1640 1990 1675 :

412 1738 465 1781 et
491 1726 871 1797 imposuerunt
902 1722 1117 1776 mitram
1162 1735 1227 1775 ac
1266 1718 1495 1773 cidarim
1539 1717 1797 1773 mundam
1828 1733 1994 1788 super

1624 306 1974 366 TIIEODORI
2004 307 2235 368 MOPSU
2245 306 2486 366 ESTENI

3584 308 3690 369 525

2767 427 2922 481 ΚΕΦ.
2965 425 3037 480 l".

2173 519 2320 590 Στίχ.
2353 525 2492 575 α’-ε’.
2536 548 2595 558 -
2627 538 2645 570 ι
2672 518 2780 573 Kai
2799 519 2967 586 ἔδειξε
3005 536 3094 589 μοι
3122 517 3326 589 Κύριος
3358 518 3449 574 τὸν
3478 518 3691 591 Ἵησοῦδ

2100 612 2190 666 τὸν
2221 611 2372 682 ίερέα
2402 610 2494 664 τὸν
2532 610 2704 680 μέγαν
2747 609 2955 663 ἑστῶτα
2987 609 3095 682 πρὸ
3126 608 3419 681 προσώπου
3453 611 3690 680 ἀγγέλου

2101 700 2308 772 Κυρίου
2327 719 2340 731 ·
2374 699 2469 754 καὶ
2499 701 2528 753 ὁ
2554 698 2798 763 διάϐολος
2824 699 3065 769 εἱστήκει
3095 699 3159 751 ἐκ
3186 697 3374 763 δεξιῶν
3399 697 3564 753 αὑτοῦ
3591 699 3690 754 τοῦ

2098 791 2438 846 ἀντικεῖσθαι
2477 789 2627 862 αὐτῷ
2647 805 2661 819 ⁸
2684 790 2795 844 ’καλ
2835 786 2956 846 εἶπε
2985 790 3187 862 Κύριος
3221 791 3356 860 πρδς
3382 790 3472 844 τὸν
3503 791 3687 845 διάϐο-

2100 886 2191 938 λον
2216 901 2227 915 ·
2282 883 2636 954 Ἐπιτιμήσαι
2665 880 2869 952 Κύριος
2896 880 2955 933 ὲν
2983 881 3087 944 σοὶ,
3119 880 3356 945 διάὸολε,
3389 882 3483 935 καὶ
3516 882 3694 935 ἐπιτι-

2102 979 2268 1046 μῆσαι
2297 975 2499 1045 Κύριος
2528 976 2586 1027 ἐν
2617 974 2698 1027 σοὶ
2726 975 2753 1027 ὁ
2780 972 3139 1049 ἐκλεξάμενος
3167 972 3266 1045 τὴν
3304 972 3691 1044 Ἰερουσαλήμζ

2098 1066 2212 1119 υὺκ
2239 1066 2345 1119 ἰδοὺ
2380 1064 2538 1117 τοῦτο
2567 1064 2643 1127 ώς
2684 1061 2840 1126 δαλὸς
2880 1062 3280 1133 ἐξεσπασμένος
3311 1064 3450 1117 κατά
3481 1065 3690 1136 πυρός;

2098 1156 2206 1209 Καὶ
2245 1153 2453 1226 Ἰησοῦς
2486 1150 2554 1227 ἦν
2599 1152 2948 1224 ἐνδεδυμένος
2981 1154 3173 1225 ἱμάτια
3210 1154 3450 1227 ρυπαρά.
3485 1157 3579 1208 καὶ
3613 1157 3695 1209 εί-

2099 1248 2286 1317 στήκει
2332 1246 2438 1317 πρὸ
2480 1245 2774 1319 προσώπου
2820 1244 2913 1299 τοῦ
2950 1243 3182 1314 ἀγγέλου
3209 1260 3224 1276 ’
3276 1246 3369 1299 καὶ
3413 1245 3693 1317 ἀπεκρίθη

2098 1338 2191 1391 καὶ
2215 1334 2335 1391 εἶπε
2368 1338 2505 1411 πρὸς
2547 1330 2675 1402 τοὺς
2704 1338 3005 1409 ἑστηκότας
3048 1337 3156 1405 πρὸ
3198 1335 3490 1404 προσώπου
3522 1337 3693 1390 αὑτοῦ

2098 1427 2277 1494 λέγων
2304 1446 2318 1460 ·
2360 1428 2436 1496 (p.
2461 1426 2586 1498 461)
2641 1427 2891 1496 Ἀφέλετε
2919 1426 2987 1480 τὰ
3023 1426 3214 1498 ἱμάτια
3245 1425 3315 1479 τά
3351 1425 3570 1497 ῥυπαρᾶ
3594 1425 3695 1480 ἀπ’

2096 1522 2260 1576 αὑτοῦ
2278 1540 2289 1551 ·
2311 1523 2405 1577 καὶ
2419 1520 2538 1577 εἷπε
2556 1521 2690 1593 πρὸς
2707 1521 2891 1582 αὑτὸν,
2909 1519 3042 1574 Ἰδοὺ
3065 1519 3326 1591 ἀφῄρηκα
3344 1519 3453 1572 ἀπὸ
3472 1517 3566 1572 σοῦ
3586 1518 3694 1582 τὰς

2107 1615 2341 1685 ἀνομίας
2373 1632 2499 1668 σου·
2548 1617 2641 1668 καὶ
2675 1613 2929 1668 ἐνδύσατε
2970 1611 3132 1666 αὐτὸν
3168 1611 3400 1683 ποδήρη,
3440 1611 3535 1664 καὶ
3568 1612 3693 1665 ἐπί-

2096 1707 2217 1759 θετε
2272 1708 2465 1779 μίτραν
2509 1709 2603 1761 καί
2638 1707 2849 1778 κίδαριν
2896 1703 3144 1775 καθαρὰν
3176 1704 3267 1758 ἐπὶ
3312 1704 3412 1775 τὴν
3442 1704 3693 1775 κεφαλὴν

411 1787 587 1888 caput
616 1814 756 1884 ejus.
799 1832 818 1865 ι
868 1808 1195 1868 Necessario
1252 1787 1994 1865 sacerdotii-rcstitutionem

2101 1795 2264 1853 αὑτοῦ
2287 1816 2299 1831 ⁸
2353 1800 2448 1853 καὶ
2487 1798 2808 1871 περιέϐαλον
2845 1797 3008 1851 αὐτὸν
3042 1796 3255 1869 ἱμάτια,
3286 1797 3380 1850 καὶ
3409 1796 3701 1868 ἐπέθηκαν.

415 1908 467 1976 i_n
500 1904 803 1962 sacerdotis
838 1916 1072 1973 persona
1116 1901 1296 1965 videt;
1333 1916 1510 1971 neque
1560 1901 1707 1956 enim
1739 1900 1997 1957 sacerdo-

413 1999 550 2051 tium
591 2011 684 2067 per
713 2010 773 2050 so
817 1991 1031 2048 visibilc
1060 2000 1164 2058 est,
1195 1994 1289 2047 sed
1349 1989 1403 2044 in
1447 1990 1515 2046 iis
1550 1998 1764 2045 tantum
1795 1990 1998 2061 quibus

412 2088 553 2143 illud
596 2101 786 2157 gerere
819 2083 1178 2153 commissum
1205 2088 1311 2137 est.
1362 2078 1522 2137 Videt
1542 2095 1672 2153 ergo
1696 2076 1882 2135 Iesum
1913 2095 1999 2135 sa-

412 2180 687 2236 cerdotem
722 2190 976 2248 maguum
1016 2169 1213 2246 ‘(porro
1246 2185 1505 2245 magnum
1547 2171 1683 2227 dicit
1716 2173 1869 2227 illum
1903 2173 1996 2242 qui

412 2269 784 2329 successionis
854 2268 1030 2337 jure,
1114 2266 1476 2321 ministerium
1548 2265 1751 2320 Aaroni
1844 2267 1999 2320 attri-

413 2368 603 2420 butum
662 2362 914 2433 gerebat)
965 2359 1157 2431 angelo
1208 2367 1510 2423 astantem,
1563 2357 1821 2427 quoniam
1878 2371 1997 2410 om-

413 2460 566 2512 nium
612 2456 893 2511 hominum
934 2453 1143 2523 angelis
1181 2466 1316 2507 cura
1364 2451 1657 2506 commissa
1687 2455 1809 2515 est;
1855 2448 1999 2503 sicut

406 2557 577 2606 etiam
614 2547 881 2603 Dominus
913 2545 966 2601 in
1004 2544 1312 2615 Evangeliis
1346 2543 1422 2598 ait
1465 2560 1477 2595 :
1520 2559 1540 2594 ι
1577 2541 1766 2613 Angeli
1805 2526 1994 2598 eorum

413 2658 628 2712 semper
689 2639 873 2694 vident
916 2635 1111 2692 faciem
1183 2637 1383 2692 Patris.
1423 2634 1529 2690 mei
1581 2636 1675 2705 qui
1734 2636 1789 2689 in
1838 2635 1996 2690 caelis

412 2743 496 2792 est
523 2735 596 2788 ‘°.
638 2753 655 2785 ι
689 2731 829 2785 Tum
859 2740 911 2786 et
950 2730 1006 2784 in
1038 2727 1265 2784 Actibus
1284 2725 1573 2782 beatorum
1598 2726 1994 2797 apostolorum,

412 2846 436 2878 ι
482 2825 722 2896 Angelus
750 2824 871 2893 ejus
894 2834 1000 2885 est,
1037 2841 1054 2872 ι
1088 2820 1153 2874 de
1190 2820 1346 2874 beato
1384 2817 1543 2873 Petro
1573 2817 1827 2872 dixerunt
1867 2817 1994 2888 qui-

413 2922 557 2975 dam.
622 2916 946 2974 Necessario
992 2921 1173 2967 autem
1226 2913 1312 2965 hic
1361 2908 1524 2965 etiam
1565 2925 1752 2966 coram
1804 2913 1997 2983 angelo

416 3011 725 3068 consistens
764 3012 1023 3080 apparet,
1057 3004 1111 3059 id
1138 3011 1223 3058 est
1247 3017 1435 3057 coram
1469 3001 1561 3056 illo
1590 3000 1678 3057 cui
1711 3003 1995 3061 curandus

2103 1891 2300 1963 μίτραν
2324 1891 2417 1945 καὶ
2442 1891 2655 1962 κίδαριν
2687 1888 2931 1960 καθαράν
2956 1890 3049 1942 ἐπὶ
3072 1887 3169 1959 τὴν
3190 1887 3431 1959 κεφαλὴν
3445 1887 3641 1941 αὐτοῦ.
3662 1906 3684 1941 ι

2114 1981 2451 2051 ’Δναγκαίως
2501 1980 2565 2051 δὴ
2613 1981 2712 2052 τῆς
2757 1977 3054 2051 ἱερωσύνης
3095 1978 3194 2050 τὴν
3234 1979 3693 2033 ἀποκατάστασιν

2100 2071 2193 2124 ἐπὶ
2219 2070 2314 2125 τοῦ
2346 2070 2641 2143 προσώπου
2676 2068 2773 2124 τοῦ
2804 2069 2991 2141 ἱερέως
3008 2069 3131 2140 ὁρᾷ.
3161 2066 3256 2121 an
3286 2069 3380 2121 καὶ
3414 2068 3511 2139 τῆς
3538 2069 3693 2139 ίερωο

2103 2161 2268 2234 σύνης
2301 2163 2362 2215 οὐ
2393 2161 2515 2215 καθ’
2548 2162 2718 2233 αὐτὴν
2742 2160 3094 2231 φαινομένης,
3118 2159 3232 2213 ἀλλ’
3264 2160 3357 2213 ἐπὶ
3385 2159 3492 2213 τῶν
3528 2177 3694 2230 μετα-

2100 2251 2435 2325 χειρίζεσθαι
2467 2251 2816 2323 τεταγμένων
2854 2251 3045 2321 αὑτήν.
3101 2249 3234 2320 Ὁρᾷ
3259 2248 3438 2302 τοίνυν
3477 2248 3691 2319 Ἰησοῦν

2097 2343 2189 2397 τὸν
2218 2344 2368 2414 ἱερέα
2402 2342 2491 2396 τδν
2528 2343 2723 2414 μέγαν,
2749 2341 2925 2413 μέγαν
2965 2341 3021 2395 δὲ
3053 2340 3200 2409 λέγει
3223 2338 3315 2394 τὸν
3341 2338 3482 2393 κατά
3511 2340 3692 2393 διαδο-

2099 2434 2200 2505 χὴν
2236 2437 2334 2506 τὴν
2374 2434 2452 2505 τῷ
2516 2432 2725 2505 Ἀαρὼν
2778 2434 3161 2505 προσήκουσαν
3208 2431 3527 2485 ἐκτελοῦντα
3571 2432 3694 2484 λει-

2099 2526 2381 2593 τουργίαν,
2413 2524 2547 2595 πρὸς
2578 2523 2808 2592 ἀγγέλου
2842 2524 2938 2595 μὲν
2973 2522 3205 2589 ἑστῶτα,
3238 2523 3427 2595 ἐπειδὴ
3464 2524 3692 2576 πάντων

2103 2618 2202 2688 μὲν
2234 2602 2538 2689 ἀνθριῦπών
2582 2617 2802 2687 ἄγγελοι
2835 2618 2933 2688 τὴν
2981 2617 3302 2670 ἐπιστασίαν
3335 2617 3470 2669 είσὶν
3498 2618 3693 2671 ἐπιτεοι

2098 2707 2403 2778 τραμμένοι
2435 2708 2576 2779 (65)’
2632 2708 2815 2772 καθὼς
2852 2709 2880 2761 ὅ
2922 2725 2981 2761 τε
3020 2708 3229 2780 Κύριος
3272 2710 3332 2763 ἐν
3362 2709 3471 2772 τοῖς
3501 2710 3692 2778 Εὐαγ-

2097 2800 2297 2870 γελίοις
2345 2801 2507 2871 φησίν
2530 2816 2545 2834 ·
2597 2818 2615 2852 ι
2644 2803 2708 2855 0t
2740 2799 2961 2870 ἄγγελοι
2996 2801 3174 2855 αὐτῶν
3214 2800 3301 2863 διὰ
3334 2801 3533 2866 παντὸς
3565 2801 3693 2872 βλέ-

2100 2909 2259 2946 πουσι
2296 2893 2357 2945 τὸ
2386 2891 2677 2965 πρόσωπον
2715 2892 2810 2946 τοῦ
2856 2893 3071 2963 Πατρός
3114 2909 3217 2963 μου
3250 2891 3344 2947 τοῦ
3372 2894 3432 2947 ἐν
3460 2880 3694 2958 τοῖςόὐ·

2099 2988 2314 3056 ρανοῖςο
2346 3005 2365 3037 ι
2420 2985 2478 3037 έν
2525 3001 2584 3039 τε
2627 2986 2749 3048 ταῖς
2794 2984 3035 3057 Πράξεσι
3073 2983 3183 3037 τῶν
3232 2984 3518 3056 μακαρίων
3549 2986 3693 3039 ἀπο-

414 3119 448 3159 a
494 3102 679 3157 divina
727 3075 1005 3154 voluntate
1044 3093 1374 3150 commissus
1409 3091 1606 3148 fuerat.
1632 3092 1823 3149 Stabat
1864 3094 1991 3149 item

2101 3076 2321 3141 στόλων,
2356 3078 2439 3131 ὅτι
2491 3096 2509 3130 ι
2541 3076 2805 3145 Ἀγγελος
2846 3075 3013 3130 αὑτοῦ
3049 3077 3185 3141 ἐστι,
3217 3095 3234 3127 ι
3291 3076 3419 3147 περὶ
3447 3076 3542 3129 τοῦ
3576 3094 3692 3148 μα-

418 3194 668 3249 diabolus
708 3190 1004 3245 adversaus
1050 3187 1140 3250 ei,
1183 3184 1344 3257 cujus
1380 3187 1657 3256 negotium
1690 3194 1776 3242 est
1814 3185 1995 3241 homi-

2098 3170 2288 3242 καρίου
2317 3169 2563 3239 λέγοντες
2610 3169 2840 3242 Πέτρου.
2906 3169 3243 3239 Ἀναγκαίως
3284 3169 3342 3223 δὲ
3392 3170 3487 3224 καὶ
3528 3164 3693 3235 οὗτος

420 3299 548 3338 num
587 3282 729 3336 bono
764 3276 1064 3333 adversari.
1112 3274 1210 3331 Hie
1238 3314 1253 3341 ,
1293 3274 1510 3347 inquit,
1541 3291 1739 3331 nocere
1772 3277 1849 3330 illi
1883 3285 1994 3331 tota

2101 3260 2200 3331 πρὸ
2249 3260 2543 3331 προσώπου
2584 3260 2831 3330 φαίνεται
2871 3259 3130 3330 ἀγγέλου,
3180 3260 3428 3313 τουτέστι
3460 3259 3553 3313 τοῦ
3584 3260 3694 3331 τὴν

418 3387 585 3446 epeia
611 3370 909 3442 satagebat,
930 3368 1077 3424 omni
1111 3367 1354 3440 legitimo
1377 3365 1683 3423 ministerio
1699 3369 1990 3441 repellens,

2101 3352 2418 3421 κηδεμονίαν
2450 3348 2614 3405 αὑτοῦ
2656 3350 2796 3405 κατά
2837 3349 2989 3404 θείαν
3034 3350 3514 3421 ἐπιτετραμμένου
3557 3349 3693 3420 βου·

417 3440 564 3535 quod
608 3440 849 3532 alioquin
888 3459 942 3514 in
985 3460 1296 3530 captivitate
1329 3472 1588 3529 peragere
1633 3474 1741 3513 non
1774 3440 1991 3515 licebat.

2101 3445 2222 3517 lﬁv"
2264 3445 2504 3514 εἱστήκει
2534 3443 2591 3497 δὲ
2626 3444 2721 3498 καὶ
2754 3446 2783 3496 ὀ
2813 3441 3059 3505 διάϐολος
3086 3441 3179 3495 τοῦ
3215 3440 3557 3497 ἀντικεῖσθαι
3582 3440 3697 3496 αὕ-

421 3531 561 3610 Dieit
596 3531 774 3607 autem
818 3550 963 3606 hunc
999 3565 1028 3603 a
1064 3547 1174 3603 Deo
1214 3547 1560 3619 increpitum,
1591 3549 1686 3620 qui
1735 3548 1994 3605 Hierusa-

2101 3535 2189 3606 τῷ,
2212 3536 2349 3608 ὅπερ
2369 3537 2483 3607 (64)
2514 3536 2674 3608 ἔργον
2695 3536 3077 3607 ἀντιπράττειν
3106 3536 3218 3598 τοῖς
3239 3533 3349 3588 τῶν
3379 3531 3695 3604 ἀνθρώπων

420 3620 526 3696 tom
558 3640 905 3712 peculiariter
936 3636 1040 3694 sibi
1084 3636 1354 3691 asciverat
1388 3653 1400 3690 :
1438 3646 1601 3706 atque
1639 3637 1714 3691 ita
1753 3639 1994 3693 ostendit

2101 3625 2341 3696 ἀγαθοῖς.
2389 3621 2556 3691 Οὗτος
2582 3626 2668 3698 δὴ,
2706 3626 2860 3696 φησι,
2885 3626 2981 3679 καὶ
3016 3624 3137 3678 τότε
3174 3623 3506 3697 ἐπηρεάζειν
3530 3622 3694 3694 αὐτῷ

420 3729 753 3785 diabolicum
782 3741 998 3783 omnem
1034 3733 1292 3781 conatum
1329 3723 1422 3779 Dei
1452 3726 1790 3795 prciectione
1829 3725 1994 3782 fuisse

2101 3720 2281 3772 πᾶσαν
2311 3718 2455 3791 εἶχεν
2486 3719 2742 3790 σπουδὴν,
2767 3716 2985 3785 ἐξωθῶν
3015 3717 3179 3771 αὐτὸν
3201 3716 3305 3784 τῆς
3339 3715 3697 3786 τεταγμένης

419 3831 827 3889 compressum;
872 3816 964 3885 qui
1009 3824 1292 3884 postquam
1333 3813 1436 3869 sibi
1491 3812 1766 3884 propriam
1804 3811 1994 3870 Hieru-

2101 3809 2248 3882 αὐτῷ
2278 3808 2454 3862 λειτου
2463 3808 2638 3878 ργιας,
2658 3807 2804 3881 (462)
2817 3809 2886 3880 ἢν
2898 3807 3019 3862 οὐδὲ
3033 3805 3277 3861 ἐκτελεῖν
3286 3803 3446 3860 αὐτὸν
3460 3806 3557 3862 ἐπὶ
3579 3804 3691 3875 τῆς

419 3907 588 3963 salem
633 3904 1055 3970 vindicaverat,
1114 3900 1435 3956 necessario
1497 3901 1661 3955 etiam
1724 3903 1994 3959 sacerdoti

2101 3899 2473 3971 αἰχμαλωσίας
2517 3892 2627 3951 οἷόν
2666 3914 2724 3950 τε
2753 3893 2841 3967 ἦν.
2894 3896 3058 3966 Λέγει
3094 3896 3159 3969 δή
3206 3895 3382 3969 τούτῳ
3421 3895 3513 3950 τὸν
3544 3894 3691 3949 Θεὸν

419 3995 699 4064 dignitatis
723 4007 836 4048 sua:
862 3990 1030 4045 decus
1059 3989 1311 4043 reddidit.
1732 3975 1754 3997 "

2101 3990 2415 4062 ἐπιτιμῆσαι
2441 3991 2535 4044 τὸν
2566 3990 2665 4062 τὴν
2698 3988 3051 4062 Ἰερουσαλὴμ
3092 3988 3472 4060 ἐκλεξάμενον,
3506 3987 3584 4051 ὡς
3611 3986 3688 4040 ἂν

417 4088 571 4157 γνοίη
616 4087 795 4140 πᾶσαν
826 4084 923 4156 τὴν
949 4082 1261 4137 ἀντίστασιν
1286 4082 1384 4153 τὴν
1412 4082 1723 4154 διαϐολικὴν
1746 4084 1851 4140 ὑπὸ
1892 4083 1991 4154 τῆς
2016 4083 2111 4138 τοῦ
2144 4083 2282 4137 Θεοῦ
2312 4085 2667 4156 πεπαυμένην
2707 4084 3061 4156 κηδεμονίας·
3101 4083 3161 4148 ὃς
3185 4083 3287 4155 τήν
3321 4080 3688 4155 Ἰερουσαλὴμ.

417 4177 807 4247 ἐκλεξάμενος,
843 4172 1153 4244 ἀναγκαίως
1180 4172 1275 4226 καὶ
1300 4172 1471 4243 τούτῳ
1496 4173 1593 4243 τῆς
1619 4175 1918 4245 ἱερωσύνης
1950 4174 2241 4229 ἀποδίδωσι
2270 4176 2365 4246 τὴν
2401 4175 2753 4249 εὐπρέπειαν.

489 4270 649 4343 307
672 4268 791 4322 iam
820 4264 1041 4323 verbau
1063 4273 1317 4333 tanquam
1334 4262 1499 4319 torris
1515 4263 1720 4336 deigne
1731 4274 1940 4333 erutus,
1961 4289 1978 4323 ι

2185 4270 2259 4323 Τδ
2301 4269 2382 4335 δὲ,
2421 4290 2437 4321 ι
2483 4269 2590 4324 ἰδοὺ
2639 4269 2794 4324 τοῦτο
2842 4270 2919 4333 ώς
2957 4269 3115 4332 δαλὸς
3164 4268 3569 4338 ἐξεσπασμένος
3614 4271 3691 4324 ἐκ

420 4362 758 4432 signiﬁcant,
815 4358 957 4427 quod
1000 4358 1111 4413 Ceu
1158 4363 1207 4412 si
1266 4360 1394 4427 quis
1443 4358 1653 4431 lignum
1699 4375 1827 4415 mox
1866 4362 1991 4431 igne

2102 4360 2292 4433 πυρὸς.
2318 4382 2337 4413 ι
2376 4362 2460 4415 ἵνα
2488 4363 2617 4436 εἴπῃ
2647 4362 2748 4420 ὅτι.
2786 4360 2863 4423 ὡς
2889 4362 2955 4415 ἂν
2985 4363 3037 4415 εί
3068 4379 3151 4426 τις
3177 4361 3332 4426 ξύλον
3358 4361 3547 4431 μέλλον
3576 4361 3690 4415 ὑπὸ

417 4450 883 4515 consumendum,
936 4456 1249 4505 extractum
1296 4457 1487 4505 servet
1539 4451 1876 4531 incolumez‘
1916 4453 1992 4506 ita

2101 4455 2272 4525 πυρὸς
2318 4454 2806 4507 καταναλίσκεσθαι
2838 4453 3067 4524 ἀθρόον,
3114 4452 3396 4517 ἐκσπάσας
3445 4453 3690 4518 solace;

420 4546 566 4601 Deus
619 4544 770 4599 hunc
815 4542 1179 4607 sacerdotem,
1242 4542 1365 4613 igne
1400 4544 1572 4598 veluti
1642 4546 1987 4615 captivitatis

416 4646 735 4709 correptum
763 4643 818 4691 et
846 4648 968 4690 mox
1002 4636 1255 4691 comburi
1307 4636 1738 4704 periclitantem,
1781 4638 1900 4692 erui
1932 4645 1989 4693 et

417 4730 747 4800 urgentibus
803 4726 966 4782 malis
1012 4724 1278 4781 subduxi.
1328 4724 1562 4779 lndutus
1630 4739 1794 4794 porro
1868 4735 1988 4781 erat

415 4821 765 4878 vestimentis
795 4817 1039 4875 sordidis
1076 4815 1263 4881 Iesus,
1293 4829 1394 4886 pro
1437 4831 1504 4871 eo
1537 4830 1603 4871 ac
1635 4816 1786 4871 dicat
1833 4818 1989 4875 illum

415 4914 755 4987 captivitatis
797 4912 947 4966 luctu
982 4910 1243 4965 obrutum
1280 4908 1358 4980 (in
1394 4922 1506 4978 quo
1542 4922 1776 4965 versans
1823 4917 1984 4966 extra

412 5006 644 5063 ontnino
676 5003 919 5059 divinam
966 4999 1247 5071 liturgiam
1281 5007 1423 5066 erat,
1468 5006 1526 5055 et
1561 5000 1713 5072 gravi
1756 5002 1989 5057 servitio

408 5097 713 5169 addictus),
750 5092 1391 5166 ilium,inquam,juberi
1424 5107 1455 5147 a
1477 5091 1587 5148 Deo
1614 5094 1876 5152 sordibus
1911 5096 1984 5152 iis

413 5189 640 5259 spoliari
693 5187 1030 5243 adstantium
1088 5199 1279 5248 manu,
1338 5184 1392 5239 id
1444 5192 1529 5241 est
1588 5185 1982 5257 liturglcarum

412 5282 677 5335 virtutum
708 5293 909 5349 opera;
964 5291 1087 5347 quae
1112 5275 1311 5330 divina:
1349 5275 1623 5331 voluntati
1670 5277 1995 5348 obsequen-

415 5378 496 5425 tes
536 5372 869 5440 captivitatis
920 5376 1072 5426 veste
1125 5368 1279 5424 illum
1330 5378 1630 5434 exuerunt,
1711 5369 1977 5442 omnique

484 5525 528 5559 ⁸⁸
561 5526 750 5581 Matth.
794 5544 950 5593 ιιίιι,
1005 5528 1093 5585 10.
1168 5528 1215 5562 ⁸⁸
1264 5528 1387 5584 Act.
1421 5543 1519 5595 ιη,
1569 5529 1656 5586 ιδ’

2098 4548 2404 4617 τηρήσειεν.
2437 4545 2579 4599 οὕτω
2620 4545 2684 4616 δὴ
2731 4545 3050 4599 καὶοτοῦτον
3090 4544 3165 4607 ὡς
3196 4544 3253 4597 ἐν
3289 4544 3423 4616 πυρὶ
3468 4547 3532 4615 τῇ
3580 4545 3687 4615 τῆς

2099 4636 2477 4706 αἰχμαλωσίας
2506 4637 2717 4709 ἀνάγκῃ
2754 4636 3071 4691 καθεστῶτα
3109 4639 3203 4690 καὶ
3238 4636 3685 4707 καταφλεχθῆναι

2100 4729 2191 4782 ὑπ’
2226 4731 2394 4799 αὐτῆς
2424 4730 2619 4801 μικροῦ
2651 4728 3025 4783 κινδυνεύοντα
3053 4729 3329 4793 ἐξέσπασά
3362 4745 3423 4781 τε
3453 4726 3685 4782 καὶτῶν

2101 4819 2461 4890 περιεχόντων
2494 4817 2777 4890 ἀπήλλαξα
2810 4820 3013 4872 κακῶν.
3061 4818 3363 4873 Ἐνεδέδυτο
3388 4818 3465 4882 δέ,
3490 4818 3684 4886 «md»,

2101 4912 2291 4982 ἱμάτια
2326 4911 2545 4983 ῥυπαρά
2643 4911 2871 4980 Ἰησοῦς,
2898 4912 2985 4967 ἴνα
3008 4911 3135 4982 εἴπῃ
3160 4913 3264 4975 ὅτι,
3290 4911 3365 4964 Τὸ
3389 4925 3687 4981 περικεχυ-

2100 5002 2260 5075 μένον
2298 5005 2361 5057 ἐκ
2404 5004 2507 5075 τῆς
2549 5003 2927 5074 αἰχμαλωσίας
2966 5003 3147 5057 αὐτῶν
3186 5002 3404 5067 πένθος,
3439 5004 3497 5057 ἐν
3524 4995 3686 5075 ᾧπερ

2095 5095 2249 5165 διῆγε
2296 5095 2573 5159 παντελῶς
2609 5095 2715 5161 ἔξω
2758 5095 2858 5166 τῆς
2897 5095 3238 5166 λειτουργίας
3285 5094 3544 5167 ὑπάρχων
3578 5093 3687 5165 τῆς

2096 5188 2268 5252 θείας.
2296 5190 2352 5242 ἐν
2381 5188 2645 5262 βαρύτητι
2675 5186 2953 5253 καθεστὼς
2974 5187 3236 5252 δουλείας,
3262 5187 3435 5241 ταῦτα
3459 5184 3684 5256 ἀφελεῖν

2097 5280 2192 5336 ἀπ’
2228 5279 2392 5335 αὐτοῦ
2423 5283 2536 5345 τοῖς
2563 5282 2849 5353 ἐπηκὸσιν
2877 5282 3157 5336 ἐπιτάττει
3190 5280 3323 5344 Θεός
3344 5296 3360 5314 ο
3394 5272 3680 5344 τουτέστι,

2097 5376 2217 5438 ταῖς
2264 5373 2734 5446 ὑπηρετουμέναις
2782 5374 3183 5445 λειτουργικαϊς
3216 5371 3531 5443 δυνάμεσιν,
3578 5367 3680 5425 an

626 5674 885 5772 ali-scr}:
915 5678 1309 5772 ilopsttestcni,
1356 5684 1464 5751 imp
1496 5681 1596 5741 SS.
1651 5681 1972 5748 Bibliorum,
1999 5681 2327 5743 sententiam
2357 5683 2662 5772 de_angelis
2693 5682 2982 5742 hominum
3010 5681 3351 5743 custodibus.

482 5746 600 5821 (ﬁt)
622 5748 761 5805 Num
793 5764 890 5822 pro
916 5746 1128 5822 οὕπερῖ
