4022 6138
433 414 538 470 527
1608 403 1957 464 TIIEODORI
1998 403 2482 462 MOPSUESTENI
3585 399 3686 456 528

436 530 683 587 trectabo
712 541 927 582 omnem
959 523 1302 596 iniquitatem
1330 532 1493 579 terrae
1523 524 1669 579 illius
1706 525 1792 579 die
1825 540 1954 578 una.
1986 544 2002 576 ι

2121 524 2295 579 πλέον.
2349 544 2366 576 ι
2437 524 2565 577 ’ἰδοὺ
2613 523 2722 592 ἐγὼ
2769 520 2980 592 ὀρύσσω
3033 519 3256 592 βόθρον,
3299 519 3446 588 λέγει
3485 521 3692 590 Κύριος

437 623 588 677 Adeo
640 621 788 674 illum
827 623 1106 688 potentem
1155 615 1408 675 Ciliciam,
1459 627 1518 668 ut
1568 630 1759 670 omnes
1811 615 2014 670 virtute

2121 618 2533 689 παντοκράτωρ,
2559 616 2653 669 καὶ
2679 615 3198 685 ψηλαφήσωμπᾶσαν
3226 612 3326 683 τὴν
3349 611 3565 665 ἀδικίαν
3589 612 3695 677 τῆς

439 729 534 768 sua
562 712 750 768 bellica
787 712 971 763 hostes
994 707 1208 778 lugans,
1242 709 1400 776 quasi
1447 705 1600 761 fovea
1629 706 1862 776 quadam
1893 707 2012 761 exi«

437 807 514 859 tio
557 821 652 860 eos
706 803 923 865 obruat,
975 816 1108 855 mea:
1157 799 1380 854 ultionis
1436 798 1704 860 minister,
1725 805 2012 867 propterea

435 896 598 968 309
623 894 768 966 quod
801 893 905 947 mei
932 892 1076 962 juris
1106 899 1308 945 terram
1351 889 1554 944 violare
1588 888 1882 953 voluerint,
1922 887 2014 942 cui

435 1005 534 1060 ego
563 1003 739 1058 regem
787 999 1023 1056 praeesse
1056 991 1372 1039 statueram.
1421 979 1543 1034 Ilo:
1579 979 1763 1034 auxilii
1797 993 2015 1050 quoque

439 1078 869 1150 magnitudinem
903 1073 1221 1137 ostendens,
1262 1081 1316 1128 et
1351 1083 1688 1143 quantopere
1716 1088 1745 1125 a
1779 1071 2016 1128 Zoroba-

439 1173 577 1228 belis
637 1185 740 1241 ope
797 1168 996 1225 bellica
1041 1164 1268 1237 juvantli
1323 1169 1469 1219 sint:
1532 1163 1672 1218 «Die
1723 1163 1836 1232 illa,
1883 1164 2017 1219 dicit

443 1265 710 1318 Dominus
740 1261 1113 1330 omnipotens,
1138 1256 1470 1312 convocabit
1497 1256 1874 1326 unusquisque
1890 1269 2016 1325 pro-

443 1359 644 1412 ximum
682 1369 840 1410 suum
869 1355 972 1408 sub
998 1352 1156 1406 ﬁcum
1189 1364 1364 1405 suam.
1397 1367 1416 1401 ι
1450 1349 1517 1403 Et
1548 1349 1732 1403 hostes
1771 1349 2012 1418 quidem,

443 1453 544 1504 hoc
574 1449 714 1502 duce
741 1447 830 1499 illa
863 1445 1170 1515 patientur;
1211 1443 1304 1515 qui
1349 1452 1530 1498 autem
1563 1444 1630 1499 de
1669 1443 1856 1514 populi
1908 1441 2014 1496 mei

441 1555 671 1597 numero
699 1547 880 1600 erunt,
923 1538 1089 1594 multa
1123 1553 1248 1592 cum
1285 1538 1567 1608 voluptate
1612 1536 1864 1608 frugibus
1899 1535 2014 1590 suis

400 1643 750 1706 .vescentur,
798 1632 870 1686 ita
927 1639 987 1686 ut
1040 1632 1203 1686 etiam
1251 1630 1514 1684 continuo
1547 1629 1612 1684 ad
1650 1640 1836 1683 mutua
1887 1642 2018 1682 con—

439 1729 578 1780 vivia
617 1727 868 1781 invitent.
927 1723 1107 1793 Atque
1151 1723 1416 1776 hactenus
1460 1721 1623 1778 dictis
1655 1721 1806 1793 regni
1838 1728 1892 1775 et
1927 1734 2017 1776 sa-

438 1819 666 1874 cerdotii
713 1817 1089 1871 demonstrata
1143 1813 1563 1878 instauratione,
1615 1811 1814 1868 deinde
1862 1812 2043 1882 ponit

442 1911 826 1965 reve’lationetn
875 1907 1034 1960 aliam
1077 1905 1394 1960 necessario
1431 1919 1660 1975 prorsus
1720 1910 1844 1974 post
1886 1918 2018 1975 praz-
2051 1886 2092 1942 Β

439 2005 582 2057 dicta
613 2001 717 2056 sibi
749 1999 1008 2054 oblatam.
1035 1994 1128 2051 Sic
1155 2011 1285 2067 ergo
1313 1997 1444 2052 dicit
1479 2016 1491 2050 :

2116 710 2219 780 γῆς
2252 709 2468 780 ἐκείνης
2503 709 2560 762 ὲν
2589 707 2777 779 ἡμέρᾳ
2809 707 2926 777 μιᾷ.
2967 725 2984 757 ι
3021 703 3178 758 υῦτω
3201 703 3308 773 γὰρ
3334 703 3496 756 αὐτὸν
3523 703 3696 774 ἐργά-

2118 791 2279 872 σομάι
2307 801 2546 864 δυνατὸν,
2583 801 2723 853 ὥστε
2750 800 2956 862 πάντας
2980 796 3066 851 διά
3095 797 3193 867 τῆς
3219 796 3425 849 ἐκείνου
3458 811 3697 865 στρατη-

2115 895 2238 963 γίας
2265 894 2390 956 τοὺς
2421 893 2714 962 πολεμίους
2743 891 3080 962 τρεπόμενος
3099 929 3114 953 ,
3151 887 3342 960 ὥσπερ
3378 887 3554 959 βόθρῳ
3584 889 3697 940 τινὶ

2115 987 2181 1056 τῇ
2231 983 2474 1054 ἀπωλείᾳ
2526 982 2871 1054 περιϐάλλειν
2917 981 3004 1035 διὰ
3061 981 3154 1050 τῆς
3209 979 3349 1050 ἐμῆς
3389 978 3696 1050 τιμωρίας,

2115 1076 2254 1148 ὑπὲρ
2287 1069 2362 1130 ὧν
2385 1067 2466 1130 ¹ἂν
2507 1076 2714 1130 ἀδικεῖν
2743 1075 2973 1128 ἕλωνται
3005 1073 3106 1144 τήν
3151 1072 3275 1144 ἐμοὶ
3309 1073 3698 1144 προσήκουσαν

2116 1167 2222 1237 γῆν
2241 1207 2256 1231 ,
2279 1162 2461 1238 ἧσπερ
2493 1161 2585 1220 οὖν
2616 1165 2782 1233 ἔταξα
2816 1165 3147 1237 προεστάναι
3172 1162 3264 1216 τὸν
3295 1161 3533 1236 βασιλέα.
3558 1157 3698 1215 Εἶτα

2117 1259 2214 1312 καὶ
2238 1258 2298 1312 τὸ
2337 1259 2434 1328 τῆς
2468 1257 2720 1330 βοηθείας
2751 1257 2978 1328 μέγεθος
3004 1256 3241 1318 δεικνὺς,
3278 1248 3391 1307 οἷόν
3415 1271 3475 1307 τε
3502 1254 3566 1306 ἐκ
3595 1252 3698 1323 τῆς

2117 1347 2210 1402 τοῦ
2255 1348 2560 1420 Ζοροϐάϐελ
2608 1347 2974 1403 ἀπολαύσουσι
3011 1345 3377 1418 στρατηγίας,
3424 1364 3443 1396 ι
3495 1343 3584 1397 Ἐν
3625 1344 3697 1415 τῇ

2118 1439 2301 1511 ἡμέρᾳ
2327 1441 2530 1514 ἐκείνῃ,
2565 1441 2712 1509 λέγει
2743 1440 2943 1512 Κύριος
2972 1440 3388 1512 παντοκράτωρ,
3423 1437 3698 1506 συγκαλέ-

2119 1548 2269 1585 σεται
2315 1531 2542 1596 ἕκαστος
2580 1532 2670 1585 τὸν
2719 1532 2945 1602 πλησίον
2997 1531 3163 1584 αὐτοῦ
3217 1530 3476 1585 ὑποκάτω
3526 1529 3701 1600 συκῆς

2118 1623 2306 1679 αὐτοῦ.
2347 1645 2365 1677 ι
2410 1627 2474 1679 Oi
2517 1626 2615 1697 μὲν
2649 1625 2757 1697 γὰρ
2796 1626 2981 1698 ἐχθροὶ
3023 1625 3214 1679 τούτου
3264 1621 3702 1697 στρατηγοῦντος

2121 1719 2397 1772 πείσονται
2419 1720 2620 1773 ἐκεῖνα·
2653 1721 2700 1773 οἱ
2728 1719 2786 1774 δὲ
2804 1719 2881 1791 τῷ
2909 1719 3023 1791 λαῷ
3049 1720 3419 1791 προσήκοντες
3445 1717 3524 1788 τῷ
3553 1715 3699 1788 ἐμῷ,

2125 1812 2264 1884 μετὰ
2308 1813 2507 1885 πολλῆς
2550 1813 2649 1882 τῆς
2691 1811 2885 1884 ἡδονῆς
2917 1811 3286 1865 ἀπολαύσουσι
3326 1809 3436 1864 τῶν
3481 1807 3703 1863 οἰκείων

2123 1905 2374 1978 καρπῶν,
2416 1904 2555 1959 ὥστε
2585 1905 2680 1958 καί⁴
2711 1903 2950 1975 συνεχῶς
2995 1904 3088 1958 ἐπὶ
3133 1903 3373 1956 ἐστίασιν
3409 1901 3703 1971 συγκαλεῖν

2127 1997 2411 2068 ἀλλήλους.
2467 1996 2554 2049 Ἐν
2590 1995 2648 2050 δὲ
2679 1997 2893 2058 τούτοις
2928 1996 3028 2067 τῆς
3061 2013 3118 2048 τε
3155 1993 3434 2064 βασιλείας
3467 1993 3560 2048 καὶ
3600 1993 3703 2064 τῆς

441 2093 742 2166 ἱερωσύνης
775 2090 874 2162 τὴν
901 2090 1343 2145 ἀποκατάστασιν
1377 2090 1642 2162 δηλώσας,
1687 2088 1813 2160 ἐξῆς
1855 2087 2069 2161 τίθησιν
2100 2089 2442 2159 ἀποκάλυψιν
2486 2089 2652 2160 μάλα’
2674 2106 2739 2158 γε
2783 2089 3096 2158 ἀναγκαίως
3125 2089 3217 2142 ἐπὶ
3248 2091 3360 2153 τοῖς
3390 2087 3704 2160 εἰρημένοις

440 2183 589 2254 αὐτῷ
619 2183 940 2254 δειχθεῖσαν.
971 2181 1133 2248 Λέγει
1161 2180 1215 2233 δὲ
1239 2179 1411 2243 οὕτως
1429 2193 1442 2208 '

705 2280 720 2294 ’
872 2310 882 2320 κ
1086 2269 1236 2327 CAP.
1273 2269 1359 2325 IV.

508 2369 681 2424 Vens.
722 2368 832 2421 1-5.
871 2393 942 2405 -ι
981 2385 998 2417 ι
1027 2364 1089 2418 Et
1124 2379 1378 2420 reversus
1417 2370 1501 2418 est
1545 2361 1772 2433 angelus
1807 2360 1898 2432 qui
1942 2361 2023 2414 lo-

442 2464 711 2533 quebatur
735 2461 790 2513 in
821 2474 928 2521 me,
959 2469 1008 2512 ct
1045 2455 1337 2512 suscitavit
1360 2470 1446 2510 me
1477 2457 1622 2510 sicut
1644 2453 1902 2510 suscitari
1927 2467 2022 2508 so-

444 2555 515 2607 let
547 2551 708 2604 homo
752 2547 819 2602 de
848 2561 1042 2602 somno
1098 2561 1220 2600 suo.
1257 2544 1512 2614 Dixitque
1556 2542 1688 2597 mihi
1725 2541 1903 2609 :Quid
1959 2549 2018 2596 tu

444 2641 626 2696 vides?
655 2661 672 2691 ι
716 2638 928 2694 Rursus
978 2638 1228 2708 angelum
1265 2636 1320 2690 in
1356 2651 1414 2690 se
1453 2637 1764 2706 loquentem
1798 2634 2022 2689 denotat

441 2736 592 2789 illum
650 2735 886 2788 humana
927 2731 1102 2786 forma
1155 2729 1442 2800 prazditum
1487 2728 1582 2800 qui
1626 2729 1770 2784 inter
1800 2737 2019 2782 montes

442 2825 730 2879 umbrosus
775 2837 916 2892 equo
948 2821 1067 2876 rufo
1119 2821 1365 2875 insidens
1417 2826 1764 2890 apparuerat.
1817 2817 2020 2872 Didici-

443 2932 565 2970 mus
594 2917 737 2970 enim
765 2914 900 2969 satis
929 2913 1232 2976 evidenter,
1257 2927 1321 2967 ex
1355 2910 1754 2981 superioribus,
1785 2908 2018 2980 prophe-

443 3018 551 3060 tam
590 3007 656 3061 de
688 3007 780 3060 illo
832 3005 953 3074 ipso
985 3005 1040 3059 in
1095 3019 1154 3059 se
1193 3005 1452 3072 loquente
1482 3002 1687 3073 ubique
1731 3001 1897 3056 verba
1933 3000 2015 3055 fa-

442 3110 586 3157 cere.
637 3112 667 3149 a
693 3111 801 3168 quo
828 3111 973 3150 nunc
1005 3095 1169 3150 etiam
1214 3110 1274 3150 se
1309 3095 1607 3149 excitatum
1658 3092 1812 3158 dicit,
1860 3094 2020 3164 quasi

443 3189 886 3259 somannodam
918 3187 1154 3256 sopitum
1181 3187 1249 3240 ob
1265 3184 1650 3256 praedictarum
1675 3201 1857 3241 rerum
1885 3199 2017 3240 con-

2775 2263 2935 2317 ΚΕΦ.
2973 2269 3044 2317 Δ’.

2190 2356 2339 2426 Στίχ.
2365 2361 2587 2423 α’-Υ.-
2607 2373 2624 2406 ι
2650 2353 2754 2409 Καὶ
2786 2356 3120 2429 ἐπέστρεψεν
3150 2360 3177 2411 ό
3206 2358 3434 2427 ἄγγελος
3463 2362 3492 2414 6
3519 2360 3704 2419 λαλῶν

2121 2448 2180 2500 ἐν
2211 2449 2354 2519 ἐμοὶ,
2387 2448 2480 2502 καὶ
2509 2447 2759 2520 ἐξήγειρέ
2801 2466 2889 2520 με,
2917 2449 2976 2504 ὃν
2999 2451 3202 2521 τρόπον
3224 2452 3300 2506 ὅτ’
3337 2453 3403 2508 ἀν
3439 2453 3702 2530 ἐξεγερθῇ

2120 2538 2406 2612 ἄνθρωπος
2434 2538 2492 2606 ἐξ
2529 2539 2697 2594 ὕπνου
2728 2539 2914 2594 αὑτοῦ·
2949 2542 3043 2595 καί
3085 2537 3206 2597 εἷπε
3237 2545 3372 2616 πρός
3405 2563 3504 2617 με*
3529 2548 3596 2601 Τί
3632 2551 3704 2605 σὺ

2125 2631 2340 2702 βλέπεις
2360 2649 2374 2698 ;
2409 2653 2427 2684 ι
2438 2632 2705 2701 ’Ἄγγελον
2725 2633 2884 2687 πάλιν
2900 2634 2990 2688 τὸν
3007 2638 3064 2689 ἐν
3082 2637 3230 2708 αὐτῷ
3245 2637 3507 2692 λαλοῦντα
3521 2641 3704 2713 δηλῶν

2122 2724 2328 2776 ἐκεῖνον
2342 2722 2433 2775 τὸν
2449 2723 2505 2775 ἐν
2517 2720 2804 2794 ἀνθρώπου
2821 2725 3002 2796 μορφῇ
3022 2726 3077 2778 ἐν
3096 2725 3246 2799 μέσῳ
3264 2728 3370 2782 τῶν
3387 2733 3705 2788 κατασκίων

2121 2815 2292 2885 ὀρέων
2319 2815 2404 2884 ἐφ’
2435 2815 2601 2868 ἵππου
2629 2813 2865 2883 φανέντα
2895 2817 3104 2889 πυρροῦ
3125 2835 3138 2850 ο
3165 2820 3567 2893 μεμαθήκαμεν
3592 2827 3706 2898 γὰρ

2120 2907 2186 2958 ἐκ
2216 2905 2324 2958 τῶν
2361 2904 2648 2977 ἀνωτέρων
2681 2905 2944 2977 ἀκριϐῶς,
2979 2909 3059 2961 ὃτι
3089 2909 3252 2965 αὐτὸν
3281 2913 3488 2967 ἐκεῖνον
3517 2918 3574 2969 ἐν
3605 2918 3708 2969 αὐ-

2119 2996 2196 3070 τῷ
2241 2997 2506 3052 λαλοῦντα
2547 2997 2824 3069 πανταχοῦ
2872 2998 3052 3068 λέγει·
3098 3002 3191 3073 (p.
3228 3003 3352 3076 466)
3388 3005 3445 3059 ὃν
3479 3008 3574 3060 καὶ
3607 3007 3707 3062 νῦν

2128 3106 2293 3161 φησιν
2341 3089 2615 3163 ἐξεγεῖραι
2660 3090 2760 3161 μέν
2809 3091 2974 3146 αὑτὸν
3019 3092 3094 3157 ὡς
3139 3094 3206 3149 ἂν
3244 3095 3302 3164 ἐξ
3347 3096 3517 3153 ὕπνου
3555 3101 3707 3165 τινὸς

2126 3183 2490 3254 κατεχόμενον
2523 3185 2589 3254 τῇ
2611 3181 2719 3236 τῶν
2749 3183 2850 3254 ἤδη
2877 3183 3201 3256 δειχθέντων
3229 3186 3431 3261 θεωρίᾳ
3450 3209 3463 3220 ·
3494 3193 3623 3263 περὶ
3644 3193 3706 3246 δὲ

444 3281 889 3353 temptationem;
941 3288 994 3334 et
1023 3278 1089 3332 de
1129 3288 1398 3349 praesente
1449 3285 1667 3333 ostento
1705 3279 2016 3347 interroga-

2122 3275 2230 3329 τῶν
2250 3275 2345 3329 νῦν
2370 3275 2735 3346 δεικνυμένων
2757 3275 2918 3330 πάλιν
2944 3277 3231 3347 ἐρωτῶντα
3253 3281 3414 3333 αὐτὸν
3440 3281 3468 3334 ὅ
3489 3299 3541 3335 τι
3568 3284 3704 3337 ποτὲ

441 3385 580 3436 tum.
610 3373 872 3445 quidnam
919 3371 1128 3427 videret
1163 3389 1176 3426 :
1209 3380 1267 3425 ut
1304 3371 1421 3442 ipse
1455 3371 1712 3427 videlicet
1751 3370 2019 3425 visionem

439 3477 595 3518 suam
615 3465 890 3528 recitaret,
958 3465 1050 3520 ille
1085 3471 1266 3519 autem
1311 3465 1513 3519 ostenti
1573 3477 1795 3519 sensum
1835 3461 2021 3542 expia-

442 3564 619 3611 naret.
655 3574 673 3608 ι
703 3556 768 3609 Et
803 3555 916 3611 dixi
949 3574 962 3610 :
1044 3554 1192 3620 Vidi,
1246 3563 1298 3610 et
1323 3570 1452 3611 ecce
1491 3554 1885 3610 candelabrum
1917 3569 2020 3610 att-

443 3665 616 3712 reum,
645 3655 700 3703 et
727 3648 938 3718 lampas
966 3662 1132 3718 super
1161 3646 1303 3717 ipso,
1335 3655 1390 3700 et
1418 3646 1655 3700 lucerna:
1687 3652 1894 3715 septem
1928 3659 2021 3700 su-

441 3754 538 3807 per
563 3739 772 3804 eodem,
799 3751 906 3792 una
944 3736 1318 3802 dextrorsum,
1357 3737 1530 3791 altera
1557 3735 1960 3792 sinistrorsum.
1993 3755 2012 3787 ι

439 3829 840 3884 Candelabrum
865 3827 1104 3899 quidem,
1151 3827 1410 3884 indicium
1457 3827 1656 3882 divina:
1681 3827 1870 3897 gratiae
1907 3833 2015 3891 est,

443 3923 496 3976 in
523 3930 663 3976 terra
701 3921 920 3990 quidem
957 3935 1254 3986 succensa,
1305 3919 1398 3976 sed
1438 3935 1612 3990 usque
1645 3917 1712 3973 ad
1749 3933 1838 3974 res
1869 3921 2017 3973 ultra

441 4021 640 4068 terram
673 4012 879 4082 positas
907 4010 1279 4078 devenientis;
1323 4013 1522 4081 quippe
1551 4025 1672 4082 quae
1711 4011 1896 4064 omnia
1926 4009 2021 4064 ad-

441 4105 755 4160 ministrat:
791 4120 955 4176 quam
1000 4106 1164 4159 etiam
1201 4104 1366 4176 310
1402 4111 1570 4166 recte,
1617 4117 1715 4156 ceu
1748 4099 2014 4172 grandem

441 4207 602 4267 atque
633 4197 922 4258 illustrem,
956 4196 1092 4250 vidit
1121 4210 1341 4251 auream
1377 4203 1568 4258 totam,
1596 4193 1726 4264 quia
1753 4207 1861 4262 pra:
1888 4206 2019 4263 qua-

443 4290 571 4342 libet
621 4295 837 4341 terrena
878 4288 1103 4342 materia
1156 4287 1616 4358 pretiosissimum
1671 4301 1867 4341 aurum
1909 4292 2013 4342 est.

439 4379 559 4434 .lam
593 4379 801 4449 lampas
827 4377 907 4432 illi
949 4378 1207 4448 imposita
1237 4377 1582 4434 demonstrat
1612 4378 1917 4435 radiantem
1947 4377 2016 4432 ab

442 4472 551 4525 alto
571 4483 735 4539 super
766 4481 957 4524 omnes
991 4460 1295 4538 terrigenas
1319 4483 1384 4524 ex
1402 4469 1587 4523 divina
1613 4470 1788 4540 gratia
1812 4469 2013 4524 lucem.

444 4559 600 4616 Videt
629 4567 812 4614 autem
845 4556 1100 4614 lucernas
1123 4567 1353 4629 septem,
1385 4568 1443 4612 ut
1470 4559 1862 4628 perfectionem
1920 4575 2015 4615 co-

2122 3365 2332 3436 βλέποι,
2368 3366 2434 3419 ἵν’
2465 3367 2494 3418 ό
2527 3366 2625 3438 μέν
2652 3368 2779 3438 εῐπῃ
2807 3364 2906 3437 τὴν
2930 3366 3070 3436 ὄψιν,
3103 3368 3132 3420 6
3162 3369 3219 3422 δὲ
3248 3367 3355 3422 τῶν
3383 3369 3706 3441 δειχθέντων

2118 3456 2335 3530 δηλώσῃ
2359 3457 2450 3512 τὸν
2473 3456 2615 3537 νρῦν.
2647 3457 2808 3527 Λέγει
2830 3456 3005 3514 τοίνυν
3024 3476 3039 3490 ο
3072 3479 3091 3512 ι
3131 3461 3241 3513 Καὶ
3265 3456 3418 3516 εἷπον
3434 3480 3446 3493 -
3487 3463 3704 3534 Ἑώρα-

2119 3568 2190 3604 κα
2212 3594 2225 3616 ,
2271 3553 2364 3604 καὶ
2412 3551 2521 3604 ἰδοὺ
2570 3549 2760 3620 λυχνία
2796 3549 2975 3622 χρυσῆ
3005 3551 3101 3620 ὅλη
3122 3590 3135 3614 ,
3171 3551 3264 3605 καὶ
3307 3552 3368 3606 τὸ
3396 3553 3706 3624 λαμπάδιον

2119 3643 2304 3697 ἐπάνω
2341 3644 2531 3716 αὐτῆς,
2569 3645 2665 3698 καὶ
2710 3646 2852 3700 ἐπτά
2898 3643 3082 3715 λύχνοι
3127 3645 3312 3712 ἐπάνω
3363 3646 3565 3716 αὺτῆςο
3603 3649 3705 3701 καὶ

2118 3733 2213 3787 δύο
2252 3733 2429 3787 ἐλαῖαι
2457 3734 2641 3787 ἐπάνω
2673 3733 2844 3805 αὐτῆς
2865 3774 2878 3799 ,
2910 3733 3009 3804 μία
3046 3735 3110 3787 ἐκ
3137 3733 3328 3798 δεξιῶν
3355 3735 3450 3788 τοῦ
3475 3735 3702 3806 λαμπα-

2117 3825 2228 3879 δίου
2256 3825 2446 3896 αὐτῆς,
2483 3826 2577 3880 καὶ
2606 3825 2704 3897 μία
2735 3825 2793 3891 ἐξ
2819 3825 3134 3898 εὐωνύμων.
3180 3846 3198 3879 ι
3250 3827 3314 3882 Ἦ
3344 3827 3442 3898 μὲν
3479 3828 3701 3900 λυχνία,

2118 3916 2350 3990 δήλωσις
2375 3917 2474 3988 τῆς
2505 3916 2656 3980 θείας
2680 3917 2900 3990 χάριτός
2929 3918 3097 3981 ἐστιν,
3119 3918 3430 3990 ἁπτομένης
3463 3919 3562 3990 μὲν
3587 3920 3706 3975 τῶν

2118 4008 2212 4061 ἐπὶ
2241 4008 2364 4079 γῆς,
2400 4007 2694 4081 διηκούσης
2723 4008 2779 4062 δὲ
2815 4007 2942 4078 ἄχρι
2975 4006 3084 4060 τῶν
3114 4007 3255 4080 ὑπὲρ
3303 4009 3404 4079 γῆν
3439 4012 3706 4082 πραγμά-

2117 4117 2247 4164 των,
2276 4099 2369 4154 ἀτε
2397 4100 2508 4154 τῶν
2533 4099 2790 4154 ἁπάντων
2823 4101 2995 4171 ταύτῃ
3033 4098 3418 4168 διοικουμένων
3441 4119 3454 4132 ·
3495 4104 3560 4174 ἢν
3602 4105 3704 4158 καὶ

2119 4193 2342 4258 εἰκότως
2375 4192 2451 4256 ὡς
2491 4192 2736 4264 μεγάλην
2774 4209 2832 4246 τε
2866 4193 2962 4246 καὶ
2988 4192 3295 4263 περιφανῆ,
3331 4194 3538 4266 χρυσῆν
3569 4196 3704 4267 ὃλην

2116 4284 2278 4343 εἶδεν.
2343 4285 2560 4358 Ἐπειδὴ
2592 4287 2791 4359 χρυσὸς
2829 4287 3054 4342 ἁπασῶν
3099 4288 3208 4341 τῶν
3251 4287 3357 4341 ἀπὸ
3404 4289 3508 4361 γῆς
3549 4288 3704 4363 ύλῶν

2118 4381 2237 4433 ἐστι
2275 4379 2338 4433 τὸ
2376 4377 2705 4449 τιμιώτατον
2727 4393 2744 4413 ⁶
2777 4379 2838 4433 τὸ
2874 4378 2932 4432 δέ
2973 4380 3158 4434 ἐπάνω
3185 4380 3354 4452 αὐτῆς
3393 4379 3704 4451 λαμπάδιον

2117 4473 2266 4544 δηλοῖ
2299 4471 2359 4524 τὺ
2388 4473 2453 4524 ἐκ
2475 4470 2577 4541 τῆς
2600 4470 2823 4543 χάριτος
2852 4471 2950 4541 τῆς
2976 4471 3125 4536 θείας
3154 4472 3213 4540 ἐξ
3255 4471 3422 4542 ὕψους
3451 4473 3704 4536 ἅπαντας

2116 4567 2244 4628 τοὺς
2273 4565 2364 4618 ἐπὶ
2391 4563 2492 4635 γῆς
2523 4562 2866 4635 περιλάμπον
2890 4563 3006 4632 φῶς
3023 4580 3036 4593 ·
3062 4564 3204 4618 ἐπτά
3231 4564 3290 4618 δὲ
3314 4565 3541 4636 λύχνους
3566 4566 3696 4636 ὁρᾷ,

439 4655 694 4723 piamque
750 4651 938 4721 gratiae
985 4649 1272 4718 ostendat;
1331 4651 1500 4706 veluti
1536 4651 1792 4721 superius
1833 4651 2014 4706 aiebat

2121 4656 2178 4710 τὸ
2198 4655 2402 4710 τέλειόν
2434 4673 2494 4708 τε
2530 4655 2624 4710 καὶ
2664 4654 2918 4709 πλούσιον
2943 4656 3042 4726 τῆς
3081 4655 3301 4726 χάριτος
3327 4657 3542 4721 δεικνύς
3561 4673 3574 4687 ·
3615 4658 3700 4722 ὡς

440 4747 603 4810 Deus,
643 4763 659 4794 ι
686 4754 855 4810 super
873 4755 983 4794 uno
1001 4740 1182 4811 lapide
1199 4741 1389 4796 oculos
1407 4749 1638 4810 septem,
1661 4761 1676 4791 ι
1709 4742 1780 4798 ob
1807 4742 2017 4812 signiti-

439 4835 670 4890 candam
723 4830 1078 4901 providentia?
1136 4844 1248 4884 suae
1289 4831 1745 4900 magnitudinem.
1812 4831 2018 4889 Deinde

439 4929 629 4981 n'arrat
654 4926 912 4991 utrinque
963 4921 1020 4976 in
1069 4919 1403 4975 candelabro
1442 4922 1615 4987 oleas,
1665 4923 2016 4980 dextrorsum

437 5032 625 5080 unam,
652 5016 1033 5072 sinistrorsum
1065 5012 1292 5068 alteram
1331 5028 1490 5082 :quae
1532 5029 1620 5068 res
1651 5029 1878 5086 regnum
1916 5015 2017 5072 de-

439 5109 660 5165 notabat
716 5121 779 5161 ac
819 5103 1366 5174 sacerdotium;quaz
1406 5103 1516 5160 duo
1561 5103 1846 5177 dignitatis
1890 5105 2012 5160 cui-

439 5201 584 5254 mina
608 5201 740 5255 inte.
776 5201 1026 5256 homines
1057 5213 1181 5254 esse
1214 5195 1358 5254 Deus
1389 5197 1673 5253 constituit
1711 5215 1724 5252 :
1751 5207 1804 5253 et
1835 5197 2013 5254 abillo

439 5291 656 5358 quidem
698 5292 914 5362 negotia
960 5289 1209 5356 tractari,
1259 5305 1382 5362 qua:
1434 5289 1500 5346 ad
1563 5289 1858 5362 praesentis
1888 5290 2013 5346 vita

439 5387 640 5434 statum
673 5392 802 5437 sunt
832 5384 1063 5452 idonea;
1091 5384 1158 5438 ab
1187 5383 1291 5440 hoc
1330 5396 1507 5441 autem
1550 5384 1797 5440 homines
1837 5397 2012 5454 usque

439 5472 504 5524 ad
546 5472 713 5528 Deum
754 5475 1050 5532 admoveri.

512 5560 679 5616 Vens.
723 5563 756 5617 4
788 5565 839 5618 7.
878 5595 947 5605 —
987 5567 1280 5640 Postquam
1326 5570 1440 5624 haec
1473 5570 1666 5642 angelo
1707 5584 1766 5625 se
1805 5569 2010 5626 vidisse

439 5650 580 5709 dixit
616 5652 898 5721 propheta,
936 5657 1017 5710 sic
1055 5661 1404 5730 prosequitur
1441 5679 1453 5714 :
1490 5679 1508 5711 ι
1537 5660 1602 5714 Ει
1650 5661 2006 5733 interrogavi,

439 5742 662 5812 dixique
729 5744 942 5812 angelo,
999 5749 1093 5815 qui
1143 5749 1467 5817 loquebatur
1512 5751 1566 5804 in
1611 5766 1720 5815 me,
1774 5752 2007 5806 dicens:

437 5834 575 5897 Ouid
613 5843 740 5889 sunt
766 5833 903 5891 inec.
928 5832 1188 5895 Domine?
1210 5839 1620 5906 Responditque
1649 5842 1872 5913 angelus
1911 5843 2004 5913 qui

2117 4748 2376 4820 ἀνωτέρω
2415 4748 2562 4818 λέγει
2608 4747 2690 4814 τὸ,
2734 4766 2752 4800 ι
2805 4748 2928 4802 Ἐπὶ
2969 4749 3246 4803 τὸν”λίθον
3285 4750 3377 4804 τὸν
3415 4750 3510 4804 ἕνα
3553 4751 3704 4804 ἐπτά

2115 4839 2381 4911 ὀφθαλμοί
2401 4841 2558 4903 εἰσιν,
2593 4860 2610 4893 ι
2642 4841 2729 4895 ἵνα
2749 4841 2878 4912 εἴπῃ
2901 4842 2998 4912 τῆς
3024 4841 3346 4913 ἐπιμελείας
3367 4844 3467 4913 τῆς
3488 4841 3702 4908 οἰκείας

2113 4929 2174 4983 τὸ
2207 4931 2456 5002 μέγεθος.
2489 4927 2622 4986 Εἶτα
2650 4933 2990 5004 ἑκατέρωθεν
3019 4933 3116 4988 τοῦ
3151 4933 3456 5006 λαμπαδίου
3487 4933 3698 5001 ἐλαίας,

2111 5021 2210 5093 τὴν
2243 5021 2343 5092 μὲν
2373 5023 2437 5074 ἐκ
2466 5021 2676 5086 δεξιῶν,
2705 5024 2805 5094 τὴν
2825 5023 2883 5076 δὲ
2910 5023 2969 5089 ἐξ
2991 5017 3307 5096 εύωνύμωψ
3337 5026 3475 5097 ὅπερ
3503 5023 3699 5095 ἐδήλου

2116 5112 2214 5181 τήν
2243 5127 2300 5164 τε
2332 5110 2610 5180 βασιλείαν
2640 5113 2732 5166 καὶ
2759 5114 2857 5183 τήν
2891 5114 3210 5186 ἱερωσύνην,
3241 5116 3384 5190 ἀπερ
3415 5117 3706 5188 ἀκρότατα

2119 5203 2271 5273 παρά
2308 5207 2421 5268 τοῖς
2450 5202 2758 5275 ἀνθρώποις
2797 5202 2936 5259 εῖναι
2975 5207 3207 5262 δέδωκεν
3252 5209 3282 5262 6
3333 5207 3598 5272 Gedg'tbc
3626 5209 3701 5279 τῇ

2119 5295 2219 5365 μὲν
2247 5295 2566 5350 διοικεῖσθαι
2591 5297 2660 5350 τὰ
2684 5297 2820 5369 πρὸς
2844 5298 2942 5371 τὴν
2960 5298 3053 5352 τοῦ
3084 5301 3349 5372 παρόντος
3376 5300 3494 5370 βίου
3523 5301 3705 5354 κατά-

2117 5401 2308 5439 στασιν
2343 5387 2625 5457 ἐπιτήδεια
2645 5429 2660 5452 ,
2686 5389 2786 5461 τὴν
2828 5388 2884 5441 δὲ
2916 5390 3167 5460 αὐτάρκη
3191 5391 3480 5461 τυγχάνειν
3527 5392 3607 5455 εἰς
3636 5390 3706 5445 τδ

2114 5476 2414 5546 προσάγειν
2449 5477 2769 5548 ἀνθρώπους
2798 5477 2940 5549 Θεῷ.

2186 5568 2336 5639 Στίχ.
2365 5566 2508 5632 6'-C-'.
2539 5600 2608 5610 —
2638 5569 2714 5640 (p.
2752 5569 2878 5639 467)
2925 5571 3110 5626 Ταῦτα
3154 5575 3291 5644 πρὸς
3328 5574 3418 5628 τὸν
3461 5572 3704 5642 ἄγγελον

2115 5662 2424 5730 ἑωρακέναι
2461 5665 2490 5718 6
2538 5665 2823 5736 προφήτης
2860 5664 3068 5730 εἰπὼν,
3111 5667 3340 5736 ἐπάγει·
3396 5686 3414 5717 ι
3458 5667 3569 5720 Καὶ
3599 5667 3706 5718 ἐπ-

2115 5751 2398 5826 ηρώτησα,
2419 5756 2513 5810 καὶ
2529 5751 2685 5810 εἷπον
2707 5757 2847 5828 πρὸς
2872 5759 2963 5813 τὸν
2986 5760 3212 5828 ἄγγελον
3233 5760 3322 5813 τὸν
3351 5759 3616 5813 λαλοῦντα
3641 5761 3706 5814 ἐν

2115 5845 2258 5918 ἐμοὶ,
2286 5847 2494 5916 λέγων’
2531 5849 2597 5902 Τί
2641 5849 2755 5905 ἐστι
2785 5848 2990 5921 ταῦτα,
3026 5852 3232 5924 Κύριες
3266 5850 3374 5906 Καὶ
3418 5849 3702 5926 ἀπεκρίθη
