4022 6138
307 222 414 280 523

1207 217 1756 276 COMMENTARIUS
1796 217 1858 273 IN
1902 216 2276 273 ZACI’IABIJ‘Z
2319 217 2470 273 CAP.
2508 213 2594 269 IV.

3467 220 3572 275 559

305 339 339 390 6
380 335 602 403 ἄγγελος
634 335 663 386 6
687 333 864 387 λαλῶν
896 335 950 386 ἐν
979 334 1119 403 ἐμοὶ,
1149 336 1241 387 καὶ
1269 331 1387 388 εἷπε
1425 335 1558 406 πρός
1593 351 1658 404 με
1690 333 1883 400 λέγωνς

1993 331 2319 401 loquebatur
2350 329 2403 384 in
2432 344 2539 396 me,
2575 336 2768 400 aitque
2792 328 2924 383 mihi
2980 329 3170 386 dicens
3203 349 3214 384 :
3245 331 3359 386 Non
3395 349 3572 403 agno-

305 427 386 479 Οὐ
412 423 700 494 γινώσκεις
721 423 775 477 τί
801 426 914 476 ἐστι
946 423 1117 476 ταῦτα
1141 443 1153 489 ;
1179 424 1288 478 Καὶ
1313 420 1485 484 εἷπον.
1508 425 1662 492 (ὶὺχὶ,
1693 423 1884 494 Κύριε.

306 519 417 570 Καὶ
452 515 729 587 ἀπεκρίθη
761 517 855 569 καὶ
886 510 1005 567 εἷπε
1038 515 1172 586 πρός
1205 533 1270 586 με
1302 515 1504 584 λέγων·
1554 509 1720 578 Οὗτος
1751 516 1778 567 6
1804 514 1890 566 λόο

303 625 402 678 γος
437 609 648 680 Κυρίου
680 607 817 679 πρὸς
849 606 1152 676 Ζοροϐάϐελ
1182 607 1378 676 λέγων,
1415 609 1540 674 ,Οὐκ
1573 611 1630 661 ἐν
1663 607 1888 678 δυνάμει

306 698 554 769 μεγάλῃ,
586 697 707 750 οὐδὲ
737 698 794 750 ἐν
831 697 1005 767 ίσχύῖ,
1041 697 1155 750 ἀλλ’
1185 700 1240 750 ἐν
1275 698 1554 768 Πνεύματί
1585 716 1707 768 μου,
1742 698 1889 765 λέγει

302 785 510 862 Κύριος
542 789 960 861 παντοκράτωρ.
1002 807 1020 840 ι
1060 782 1230 852 Οὗτος
1259 790 1326 859 δὴ
1362 791 1390 842 6
1420 788 1683 859 ἄγγελος,
1731 790 1790 843 δν
1833 791 1890 842 ἐν

303 879 455 949 αὖτῷ
495 879 680 932 λαλεῖν
716 881 744 932 6
788 879 1076 950 προφήτης
1127 879 1297 947 λέγει,
1339 874 1494 942 οὗτος
1543 879 1607 950 δὴ
1657 880 1751 932 καὶ
1790 879 1890 941 τάς

305 971 442 1040 ὑπὲρ
473 970 574 1040 τῆς
609 969 969 1042 Ἰερουσαλὴμ
999 970 1216 1040 δεήσεις
1247 967 1402 1040 ὤφθη
1437 969 1776 1040 ποιούμενος,
1814 969 1889 1033 ὡς

304 1062 564 1116 ἁπάντων
600 1063 700 1132 μὲν
745 1061 854 1116 τῶν
897 1062 1037 1117 κατά
1084 1062 1184 1133 τὴν
1235 1062 1491 1122 Ἰουδαίαν
1525 1061 1622 1134 τὴν
1666 1064 1889 1114 ἐπιστα-

303 1155 424 1207 σίαν
475 1155 986 1225 ἐπιτετραμμένος*
1023 1157 1336 1224 ἀναγκαίως
1378 1156 1433 1210 δέ
1467 1159 1560 1210 καὶ
1608 1157 1750 1228 ὑπὲρ
1789 1153 1888 1227 τὴν

301 1243 482 1299 αὐτῶν
513 1244 700 1314 δέησιν
741 1247 1033 1316 προσάγων
1065 1246 1144 1319 τῷ
1173 1247 1310 1319 Θεῷ.
1354 1247 1514 1309 Ὅθεν
1549 1249 1642 1302 καὶ
1673 1251 1700 1303 6
1741 1265 1888 1320 προ-

303 1337 484 1406 φήτης
505 1335 702 1390 τοῦτον
737 1338 832 1390 καὶ
857 1339 1058 1410 ἐρωτᾷ,
1089 1341 1183 1394 καὶ
1211 1340 1281 1394 τὰ
1322 1340 1444 1394 καθ’
1482 1341 1711 1396 ἕκαστον
1747 1360 1886 1413 μαν-

303 1423 481 1479 θάνειο
515 1424 708 1497 ἐπειδὴ
739 1427 956 1482 πάντων
992 1428 1102 1482 τῶν
1133 1429 1452 1500 δειχθέντων
1482 1431 1714 1500 δήλωσιν
1744 1434 1889 1503 ἐχόν-

300 1531 428 1580 των,
478 1515 581 1585 τῆς
628 1516 759 1588 περί
797 1533 856 1570 τε
893 1518 988 1590 τὴν
1021 1519 1175 1574 πόλιν
1205 1523 1299 1575 καὶ
1342 1521 1405 1574 τὸ
1435 1522 1586 1587 ἔθνος
1621 1523 1713 1577 τοῦ
1750 1523 1886 1578 Θεοῦ

304 1605 642 1676 φιλοτιμίας,
691 1606 1014 1676 ἀναγκαίως
1047 1611 1353 1682 ἥρμοττεν,
1397 1613 1546 1684 παρὰ
1588 1614 1778 1669 τούτου
1815 1616 1883 1670 τά

300 1695 645 1751 καθέκαστον
677 1696 788 1752 τῶν
807 1700 1194 1773 δεικνυμένων,
1227 1704 1378 1766 ὅπως
1403 1705 1538 1775 ἔχοι,
1567 1708 1880 1778 μανθάνειν.

300 1785 596 1858 Συντόμως
625 1784 721 1843 οῦν
750 1786 900 1846 εἶπεν
929 1793 1078 1864 αὐτῷ
1107 1795 1213 1848 τῶν
1246 1795 1567 1868 δειχθέντων
1597 1801 1695 1872 τὴν
1725 1802 1886 1856 δύνα-

304 1895 414 1948 μιν,
447 1878 532 1933 ὅτι
567 1879 670 1951 τῆς
701 1882 924 1954 χάριτός
948 1885 1064 1938 ἐστι
1093 1883 1326 1957 δῆλωσις
1357 1889 1456 1958 τῆς
1491 1889 1673 1954 θείας,
1717 1894 1751 1963 ἢ
1791 1895 1886 1950 καὶ

298 1970 399 2040 τὴν
468 1971 567 2024 τοῦ
631 1975 936 2045 Ζοροϐάϐελ
993 1980 1413 2050 προεχειρίσατο
1470 1981 1774 2051 βασιλείαν·
1825 1985 1885 2051 δς

299 2062 512 2119 οἴκοθεν
571 2066 673 2136 μὲν
719 2067 941 2122 δύναται
987 2071 1080 2124 καὶ
1127 2073 1384 2145 καθ”τῇ
1435 2074 1550 2148 θείᾳ
1587 2077 1888 2150 προϐεϐληο

305 2157 494 2225 μένος,
531 2157 706 2231 ταύτῃ
738 2161 831 2214 καὶ
883 2161 1142 2218 δύνασθαι
1177 2165 1308 2236 ἔχει.
1348 2167 1512 2221 Ὅθεν
1545 2171 1639 2224 καὶ
1669 2172 1884 2236 δεικνὺς

300 2248 398 2318 τῆς
467 2251 598 2322 περὶ
658 2251 820 2305 αὐτὸν
881 2253 1089 2326 δωρεᾶς
1144 2259 1306 2311 αὐτὸν
1378 2260 1529 2314 οὐδὲν
1587 2262 1884 2334 κατορθοῦν

301 2337 406 2393 τῶν
453 2343 536 2406 είς
585 2343 687 2414 τὴν
739 2343 1017 2414 βασιλείαν
1065 2349 1307 2420 ἡκόντων
1356 2352 1450 2405 καὶ
1477 2353 1576 2424 τὴν
1622 2353 1714 2408 τοῦ
1751 2355 1882 2409 λαοῦ

305 2434 674 2500 προστασίαν,
708 2437 774 2506 τῇ
812 2435 868 2488 δὲ
915 2437 1098 2508 χάριτι
1152 2439 1212 2492 τὸ
1243 2439 1493 2510 μέγεθος,
1544 2464 1561 2493 ι
1599 2444 1694 2507 Τίς
1720 2446 1768 2498 εί
1818 2447 1882 2500 σὺ

304 2521 362 2573 τὸ
387 2521 512 2590 ὅρος
537 2523 598 2576 τὸ
638 2525 781 2596 μέγα
830 2527 936 2597 πρὸ
969 2527 1258 2598 προσώπου
1289 2532 1590 2602 Ζοροϐάϐελ
1619 2534 1712 2588 τοῦ
1753 2553 1883 2590 κατ-

307 2613 574 2680 ορθῶσαις
636 2617 731 2670 καὶ
779 2618 974 2684 ἐξοίσω
1014 2619 1104 2672 τὸν
1150 2620 1294 2674 λίθον
1340 2623 1434 2692 τῆς
1484 2621 1882 2698 κληρονομίας,

311 2702 534 2774 ἰσότητα
575 2707 792 2776 χάριτος
838 2710 1023 2780 αὐτῆς.
1067 2729 1086 2762 ι
1146 2713 1238 2781 (ρ.
1287 2712 1426 2783 468)
1494 2717 1714 2790 Ἐπειδὴ
1774 2718 1884 2788 γὰρ

314 2792 459 2846 λίθον
503 2795 744 2866 ὠνόμασε
771 2799 863 2853 τὸν
890 2800 1192 2872 Ζοροϐάϐελ
1212 2841 1227 2867 ,
1258 2804 1382 2874 δρος
1412 2804 1558 2874 λέγει
1587 2807 1730 2878 μέγα
1757 2810 1884 2872 τοὺς

318 2885 455 2952 ἄγαν
500 2885 751 2954 δυνατοὺς
793 2892 852 2944 ἐν
895 2891 1135 2966 βασιλείᾳ
1159 2911 1219 2948 τε
1260 2897 1352 2948 καὶ
1385 2899 1758 2967 στρατοπέδων
1788 2902 1885 2954 καὶ

313 2975 564 3045 ὑπηκόων
611 2979 826 3050 πλήθει.
873 2982 968 3046 Τίς
1019 2984 1128 3055 γὰρ
1153 2984 1237 3056 δὴ,
1285 2988 1482 3058 φησιν,
1529 2989 1670 3042 οὕτω
1709 2990 1883 3060 μέγας

305 3060 469 3128 ἐστὶν,
499 3063 533 3134 ἢ
561 3064 706 3121 οὕτω
742 3068 885 3138 μέγα
905 3069 1200 3142 δυνάμενος
1225 3073 1312 3127 διά
1352 3092 1408 3127 τε
1440 3075 1502 3129 τὸ
1543 3077 1745 3146 πλῆθος
1773 3079 1881 3134 τῶν

303 3153 562 3226 ὑπηκόων
593 3159 688 3210 καὶ
732 3161 831 3231 τὴν
867 3160 960 3215 τοῦ
994 3164 1272 3218 ὁπλιτικοῦ
1320 3169 1672 3242 παρασκευὴν
1693 3210 1707 3234 ,
1741 3171 1881 3226 ὥστε

298 3244 594 3318 δυνηθῆναι
631 3250 960 3318 άπεναντίας
985 3271 1036 3308 τι
1071 3255 1164 3309 τοῦ
1199 3259 1501 3329 Ζοροϐάϐελ
1551 3263 1792 3332 ίσχύσαι;
1821 3264 1880 3318 δν

297 3337 544 3409 διάδοχον
573 3340 674 3411 τῆς
705 3342 993 3416 βασιλικῆς
1044 3348 1330 3414 ἀποδείξας
1377 3352 1768 3424 κληρονομίας,
1812 3350 1880 3428 ἧς

297 3431 394 3494 τάς
442 3432 780 3500 ἐπαγγελίας
834 3436 970 3508 πρὸς
1017 3438 1106 3492 τὸν
1163 3442 1483 3513 προπάτορα
1533 3445 1625 3498 τοῦ
1691 3447 1879 3515 γένους

297 3523 672 3595 ἐποιησάμην,
703 3525 848 3595 λέγω
873 3526 929 3580 δὲ
955 3528 1044 3582 τὸν
1070 3529 1254 3594 Δαυῒδ,
1283 3531 1402 3585 ὅλον
1425 3534 1490 3586 δι’
1519 3535 1640 3588 ὅλου
1667 3535 1764 3606 τῆς
1785 3537 1881 3608 χά-

299 3629 449 3682 ριτος
478 3615 754 3687 πληρώσω
776 3617 874 3688 τῆς
908 3619 1047 3692 ἐμῆς
1067 3660 1080 3674 .
1113 3620 1282 3675 Τοῦτο
1329 3623 1434 3698 γάρ
1471 3626 1690 3696 ἰσότητα
1735 3627 1880 3696 λέγει

295 3704 543 3774 χάριτος,
578 3707 674 3776 ἀφ’
710 3701 891 3780 ἧσπερ
925 3708 1070 3781 αὺτῷ
1116 3712 1424 3781 ἀναγκαίως
1476 3717 1769 3787 προσέσται
1819 3719 1880 3772 τὸ

297 3797 517 3866 μεγάλα
565 3799 709 3870 ὑπὲρ
745 3800 856 3855 τῶν
897 3801 1113 3857 οἰκείων
1159 3805 1554 3876 στρατηγοῦντι
1590 3807 1878 3880 δυνηθῆναι

293 3888 440 3942 κατὰ
469 3889 581 3943 τῶν
609 3889 888 3946 ἐναντίων.

360 3979 521 4050 Στίχ.
546 3980 688 4043 ἠ’-ι’.
727 4011 790 4020 -
821 3977 953 4036 Είτα
991 3983 1102 4048 τάς·
1122 3985 1456 4054 ἐπαγγελίας
1488 3986 1747 4060 τὰς’περὶ
1785 3991 1880 4044 αὒ-

292 4065 381 4118 τὸν
416 4066 662 4136 βεϐαιῶν
687 4083 700 4098 ⁸
744 4087 762 4119 ι
801 4069 914 4123 Καὶ
947 4072 1165 4139 ἐγένετο
1209 4073 1365 4142 λόγος
1399 4076 1602 4146 Κυρίου
1644 4079 1780 4150 πρός
1811 4097 1878 4152 με

290 4158 495 4227 λέγων,
538 4159 603 4210 Δί
634 4160 814 4230 χεῖρες
856 4161 1160 4233 Ζοροϐάϐελ
1195 4164 1566 4234 ἐθεμελίωσαν
1603 4169 1696 4222 τὸν
1729 4165 1880 4224 οἷκον

289 4249 510 4314 τοῦτον,
539 4251 633 4303 καὶ
654 4253 708 4304 αί
735 4253 916 4322 χεῖρες
945 4254 1108 4307 αὐτοῦ
1145 4255 1548 4312 ἐπιτελέσουσιν
1574 4260 1756 4313 αὐτόν·
1785 4263 1879 4316 καὶ

1908 3029 1955 3094 C

1995 419 2105 474 sris
2132 418 2263 490 quid
2292 427 2423 474 sunt
2451 418 2611 473 haec?
2641 416 2708 473 Et
2736 418 2852 475 dixi
2879 419 3295 492 :Nequaquam,
3326 420 3573 478 Domine.

1997 510 2061 564 Et
2109 510 2413 580 respondit,
2459 510 2702 580 mihique
2747 512 2823 565 ait
2874 513 3099 570 iliceins:
3134 513 3238 568 Iste
3275 524 3360 572 est
3394 529 3576 569 sermo

1996 599 2210 654 Domini
2236 598 2302 654 ad
2338 598 2727 655 Zorobahelem
2761 599 2951 655 dicens
2979 620 2993 656 :
3021 601 3140 656 Non
3172 603 3226 656 in
3255 603 3576 658 fortitudine

1995 705 2214 760 magna,
2244 705 2420 760 neque
2454 690 2508 744 in
2534 689 2766 756 viribus,
2823 692 2917 747 sed
2954 695 3006 748 in
3033 693 3241 766 Spiritu
3267 709 3416 758 meo.
3447 695 3578 751 dicit

1995 781 2258 837 Dominus
2273 781 2646 851 omnipotens.
2672 802 2690 836 ι
2714 783 2821 840 Iste
2836 785 3084 856 angelus,
3112 798 3272 853 quem
3303 785 3358 838 in
3394 799 3453 840 se
3495 786 3566 839 ιο.

1991 880 2252 940 quentem
2280 871 2545 944 propheta
2589 883 2802 940 narrat,
2855 874 2997 928 idem
3035 875 3126 929 ille
3154 885 3238 929 est
3284 875 3375 944 qui
3419 876 3573 932 visus

1995 963 2095 1018 l‘uit
2123 977 2221 1034 pro
2245 963 2378 1018 urbe
2409 962 2750 1020 Hierusalem
2775 965 3080 1036 deprecari,
3108 974 3399 1038 propterea
3428 969 3576 1036 quod

1991 1053 2144 1110 Iudae
2166 1055 2361 1110 incolae
2389 1071 2582 1118 omnes
2617 1058 2799 1113 tutela:
2847 1058 3022 1129 ipsius
3047 1058 3327 1116 commissi
3367 1068 3570 1126 erant;

1991 1147 2304 1204 necessario
2343 1150 2511 1206 simul
2553 1166 2652 1222 pro
2687 1149 2796 1207 illis
2835 1166 3054 1223 quoque
3092 1165 3283 1222 preces
3329 1149 3439 1208 Deo
3481 1150 3567 1206 ot-

1991 1239 2598 1315 I'erenszquamobrem
2653 1242 2917 1314 propheta
2947 1242 3095 1298 hunc
3143 1244 3465 1312 interrogat,
3519 1250 3574 1296 et

1989 1347 2076 1389 res
2101 1334 2347 1408 singulas
2378 1337 2661 1393 edocetur.
2695 1335 2830 1390 Nam
2863 1334 2992 1406 quia
3027 1343 3242 1392 ostenta
3271 1335 3454 1390 omnia
3507 1349 3574 1388 eo

1989 1423 2306 1492 tendebant,
2347 1435 2408 1482 ut
2438 1427 2533 1484 Dei
2557 1442 2686 1498 erga
2723 1427 2912 1482 urbem
2934 1441 3124 1481 curam
3168 1427 3439 1497 ingentem
3477 1426 3571 1480 de-

1989 1525 2381 1584 monstrarent,
2402 1520 2720 1576 necessario
2747 1519 2996 1588 Oportuit
3025 1518 3344 1589 pr0phetam
3367 1519 3435 1572 ab
3466 1518 3569 1573 hoc

1990 1609 2184 1680 angelo
2216 1611 2556 1684 singularum
2585 1610 3325 1684 visionumexplanationem
3357 1611 3569 1666 audire.

1993 1698 2241 1757 Breviter
2275 1718 2407 1772 ergo
2435 1702 2696 1774 patefecit
2742 1703 2792 1758 ei
2849 1710 3195 1758 ostentorum
3243 1702 3388 1770 vim;
3432 1701 3572 1757 hanc

1992 1792 2252 1848 nimirum
2290 1810 2414 1852 esse
2437 1797 2636 1851 divinae
2669 1795 2857 1866 gratia:
2904 1794 3421 1856 manifestationem,
3448 1808 3570 1863 quae

1987 1883 2341 1942 Zorobabelis
2375 1903 2598 1957 quoque
2640 1902 2868 1958 regnum
2893 1887 3260 1940 constituerat
3298 1903 3312 1939 :
3348 1885 3439 1954 qui
3475 1899 3571 1954 per

1989 1990 2049 2031 se
2083 1975 2303 2046 quidem
2331 1979 2680 2050 propriisque
2729 1978 2938 2032 viribus
2974 1977 3182 2032 nullum
3222 1967 3564 2047 regni‘sll

1988 2069 2264 2140 negotium
2303 2071 2560 2142 expedire
2593 2071 2817 2134 valeret,
2852 2085 3031 2138 neque
3062 2068 3262 2140 populo
3287 2083 3563 2139 praeesse;

1988 2161 2082 2214 sed
2116 2168 2304 2216 tamen
2349 2162 2537 2218 divina
2571 2163 2747 2234 gratia
2789 2170 3094 2231 promotus,
3145 2162 3214 2216 ab
3244 2159 3348 2214 hac
3377 2158 3567 2229 agendi

1987 2251 2244 2306 virtutem
2275 2253 2460 2308 habet.
2495 2255 2673 2324 Atque
2719 2263 2778 2308 ut
2800 2253 2930 2308 doni
2971 2253 3092 2324 ejus
3137 2251 3566 2323 magnitudinem

1987 2343 2262 2412 ostendat,
2289 2367 2306 2398 ι
2326 2346 2462 2415 Quis
2480 2345 2763 2416 tu,inquit,
2800 2359 2959 2399 mons
2983 2359 3195 2415 magne,
3221 2349 3346 2396 ante
3371 2339 3566 2394 faciem

1992 2432 2372 2499 Zorobabelis,
2412 2445 2472 2490 ut
2524 2451 2788 2506 prospere
2821 2436 3122 2508 quidquam
3173 2433 3340 2506 agas?
3386 2431 3448 2484 Et
3485 2429 3567 2483 ef-

1987 2521 2156 2579 feram
2228 2525 2462 2596 lapidem
2517 2526 2880 2589 haereditatis,
2955 2525 3318 2596 aequalitatem
3381 2521 3568 2593 gratia-

1985 2616 2128 2687 ejus.
2172 2636 2190 2670 ι
2239 2617 2692 2690 Quandoquidem
2739 2619 2969 2690 lapidem
3003 2618 3292 2688 appellavit
3329 2615 3566 2669 Zoroba-

1983 2711 2185 2774 helem,
2220 2720 2459 2766 montem
2509 2711 2646 2764 dicit
2687 2725 2943 2781 magnum
2992 2717 3242 2778 potentes
3276 2705 3432 2760 valde
3467 2704 3566 2759 ho-
3653 2749 3676 2761 ..

1986 2804 2163 2858 mines
2217 2801 2334 2857 sive
2384 2801 2538 2872 regni
2586 2800 2878 2870 dignitate,
2926 2801 3041 2856 sive
3089 2799 3283 2854 bellica
3345 2799 3562 2858 virtute.

1986 2895 2105 2950 sive
2158 2891 2506 2948 subditorum
2549 2891 2920 2948 multitudine.
2968 2891 3102 2956 Quis
3142 2892 3310 2955 enim,
3365 2890 3562 2960 inquit,

1987 2991 2176 3038 tantus
2203 2991 2286 3038 est
2319 2993 2540 3051 tamque
2568 2981 2782 3037 validus
2827 2981 3168 3037 subditorum
3217 2995 3448 3034 numero
3507 2994 3562 3033 et

1984 3089 2264 3130 armorum
2295 3082 2586 3145 apparatu,
2608 3082 2666 3128 ut
2692 3073 2956 3130 adversus
2970 3071 3364 3127 Zorobabelem
3389 3073 3558 3125 hilum

1980 3166 2158 3236 possit
2185 3165 2479 3235 prolicere?
2508 3181 2670 3236 quem
2690 3165 2887 3236 regalis
2919 3165 3252 3220 haereditatis
3279 3179 3563 3219 successu-

1980 3273 2094 3312 rem
2131 3257 2454 3325 designavi;
2483 3257 2644 3328 cujus
2677 3258 2751 3313 rei
2789 3259 3184 3327 promissiones
3225 3259 3556 3329 progenitori

1981 3347 2192 3418 stirpis,
2249 3347 2436 3402 Davidi
2481 3347 2730 3418 inquam,
2795 3345 2972 3403 factas
3028 3347 3363 3401 adamussim
3395 3356 3558 3414 atque

1985 3439 2208 3493 omnino
2243 3439 2416 3509 gratia
2440 3455 2557 3492 mea
2585 3437 2888 3507 complebo.
2946 3435 3000 3490 Id
3028 3438 3172 3490 enim
3207 3437 3396 3490 dicunt
3439 3452 3551 3490 vcr-

1981 3529 2047 3583 ba
2093 3549 2105 3582 :
2156 3527 2552 3600 Equalitatem
2596 3529 2785 3597 gratiae
2823 3550 2833 3583 :
2865 3543 2971 3598 qua
3033 3527 3206 3581 fretus
3247 3529 3558 3582 necessario

1982 3617 2201 3671 insitam
2235 3618 2341 3672 vim
2375 3617 2595 3673 habebit
2642 3617 2868 3689 grandia
2909 3616 3034 3671 belli
3072 3615 3338 3671 adversus
3371 3617 3560 3673 hostes

1981 3716 2219 3776 patrare.

2054 3981 2218 4038 Vens.
2247 3979 2484 4036 8-l0.--
2506 3979 2700 4038 Postea
2736 3980 3128 4053 promissiones
3161 3980 3228 4035 de
3255 3979 3347 4035 illo
3394 3979 3562 4035 factas

1983 4076 2344 4141 conﬁrmans,
2389 4075 2492 4130 ait:
2522 4093 2539 4127 ι
2581 4074 2645 4128 Ει
2689 4073 2868 4129 lactus
2903 4083 2986 4130 est
3020 4089 3201 4129 sermo
3242 4071 3460 4127 Domini
3491 4076 3557 4127 ad

1990 4185 2077 4224 me
2122 4168 2313 4224 dicens
2361 4187 2372 4221 :
2409 4166 2600 4223 Manus
2648 4167 3004 4222 Zorobabelis
3055 4165 3420 4221 fundaverunt
3461 4165 3559 4218 do-

1983 4276 2131 4315 mum
2165 4261 2349 4322 istam,
2380 4269 2435 4315 et
2460 4275 2658 4316 manus
2687 4259 2808 4328 ejus
2841 4259 3122 4330 perlicient
3149 4273 3290 4313 eam.
3317 4258 3383 4312 Et
3418 4259 3558 4313 scie-

289 4341 666 4410 ἐπιγνώσεσθε
697 4342 778 4396 ὅτι
822 4343 1024 4414 Κύριος
1054 4346 1452 4420 παντοκράτωρ
1502 4348 1874 4412 ἐξαπέσταλκέ

1988 4352 2058 4405 tis
2084 4353 2342 4422 quoniam
2375 4349 2639 4406 Dominus
2676 4351 3025 4421 omnipotens
3049 4350 3198 4404 misit
3222 4365 3308 4404 me
3338 4348 3406 4402 ad
3442 4363 3558 4402 vos.

291 4448 357 4498 με
410 4431 558 4501 πρὸς
605 4433 786 4502 ὑμᾶς’
821 4433 958 4488 διότι
1006 4435 1090 4498 τίς
1137 4437 1495 4503 ἐξουδένωσεν
1544 4443 1624 4505 είς
1667 4444 1879 4514 ἡμέρας

295 4521 561 4592 μακράςς
612 4541 631 4574 ι
667 4524 841 4589 Αὐτὸς
869 4525 925 4578 δὲ
950 4519 1107 4592 οὗτος
1138 4529 1232 4583 καὶ
1275 4529 1369 4582 τοῦ
1406 4531 1540 4602 ἐμοῦ
1573 4533 1722 4586 οίκου
1753 4539 1880 4600 τοὺς

290 4611 586 4684 θεμελίους
630 4615 1112 4688 καταϐαλόμενος,
1169 4620 1331 4684 αὐτὸς
1381 4623 1545 4676 αὑτὸν
1600 4626 1691 4678 καὶ
1745 4627 1881 4699 πρὸς

291 4704 474 4775 πέρας
493 4703 613 4770 ἄξει
633 4721 648 4734 ⁸
681 4705 823 4759 ὥστε
846 4710 940 4762 καὶ
966 4711 1030 4764 ἐκ
1061 4710 1253 4765 τούτου
1286 4715 1420 4766 πᾶσι
1441 4714 1600 4784 δῆλον
1627 4719 1881 4784 γενέσθαι

289 4795 369 4850 δτι
434 4797 634 4870 γντῖιμῃ
693 4797 830 4852 Θεοῦ
887 4801 1237 4872 παραγέγονα
1295 4803 1467 4858 ταῦτα
1515 4810 1879 4878 προμηνύσων

294 4893 447 4962 ὑμῖν.
494 4889 588 4962 Μὴ
622 4890 802 4946 τοίνυν
847 4894 972 4964 μηδ’
1007 4895 1083 4959 ὠς
1133 4897 1191 4949 ἐν
1223 4897 1400 4968 χρόνῳ
1453 4899 1631 4971 πολλῷ
1675 4902 1878 4958 τούτων

295 4982 546 5050 γίνεσθαι
601 4983 906 5054 μελλόντων
967 4985 1310 5057 ἀπιστήσητε
1355 4991 1468 5053 τοῖς
1519 4989 1831 5062 λεγομένοις
1861 5014 1872 5026 ·

294 5070 594 5142 ἀνοήτατος
639 5071 749 5142 γάρ
793 5075 876 5145 εἴη
925 5075 990 5129 ἂν
1031 5077 1060 5128 6
1105 5076 1202 5140 τάς
1239 5078 1541 5146 ἀποφάσεις
1587 5082 1687 5145 τὰς
1737 5085 1876 5155 ἐμὰς

295 5159 508 5223 ἀτελεῖς
561 5162 800 5231 νομίζων
833 5163 912 5234 τῷ
963 5167 1128 5235 μήκει
1166 5167 1448 5235 γίγνεσθαι
1503 5170 1598 5223 τοῦ
1645 5175 1876 5244 χρόνου·
1911 5178 1921 5187 ’

297 5248 454 5301 τοῦτο
473 5249 582 5320 γάρ
613 5250 760 5319 λέγει
787 5251 865 5316 τὸ,
883 5273 900 5304 ι
939 5253 1295 5318 ὲξουδένωσεν
1323 5259 1534 5328 ἡμέρας
1565 5263 1813 5332 μακράς·
1856 5284 1873 5315 ι

300 5339 432 5406 ἐμοῦ
455 5340 761 5412 δυναμένου
792 5342 851 5395 οὐ
868 5346 909 5365 “
933 5344 1130 5416 ῥᾳδίως
1153 5347 1327 5400 πάντα
1354 5347 1535 5411 καθὼς
1554 5350 1618 5401 ἂν
1641 5351 1880 5422 ἐθελήσω

301 5430 492 5497 ποιεῖν,
527 5433 606 5503 (p.
646 5431 774 5501 469)
802 5435 940 5503 μετά
967 5436 1168 5507 πολλῆς
1192 5456 1248 5492 τε
1273 5440 1424 5507 ἄγειν
1454 5440 1550 5510 τῆς
1585 5444 1876 5514 συντομίας

373 5546 390 5566 ’
423 5545 581 5617 [ξεεει
609 5547 842 5617 aliquid.

1980 4444 2117 4508 Quis
2143 4442 2288 4497 enim
2334 4441 2584 4512 despexit
2615 4442 2668 4496 in
2697 4442 2812 4497 dies
2846 4441 3075 4512 longos?
3103 4461 3120 4492 ι
3173 4439 3315 4496 Idem
3347 4440 3435 4494 hic
3464 4439 3556 4510 qui

1981 4534 2176 4587 domus
2199 4547 2330 4587 mete
2357 4531 2710 4587 fundamenta
2736 4532 2887 4601 jecil,
2913 4533 3054 4586 idem
3086 4532 3284 4593 eidem,
3311 4530 3556 4599 inquam,

1982 4622 2300 4680 eoronidem
2354 4624 2614 4694 imponet.
2663 4623 2842 4689 Quare
2884 4638 2948 4677 ex
2999 4623 3101 4676 hoc
3130 4637 3345 4691 quoque
3380 4623 3556 4690 palam

1982 4715 2240 4770 omnibus
2276 4714 2388 4778 ﬁet,
2437 4732 2522 4771 me
2551 4716 2831 4770 voluntate
2879 4713 2972 4768 Dei
3004 4715 3118 4769 haec
3149 4713 3304 4768 vobis
3339 4714 3556 4767 nuntia-

1985 4815 2169 4861 turum
2207 4808 2443 4862 venisse.
2479 4807 2677 4863 Cavete
2706 4807 2871 4878 igitur
2901 4806 3194 4876 quominus
3235 4805 3401 4859 dictis
3443 4806 3555 4859 dis-

1985 4895 2223 4951 credatis
2263 4899 2419 4966 quasi
2467 4899 2637 4951 multo
2661 4905 2904 4967 tempore
2933 4903 3055 4966 post
3081 4895 3356 4950 eventuris
3385 4911 3396 4938 ε
3431 4910 3554 4948 nam

1986 4987 2348 5040 stultissimus
2381 4987 2540 5052 foret,
2578 4989 2672 5058 qui
2713 4987 2929 5042 decreta
2961 5002 3077 5041 mea
3104 4987 3256 5040 irrita
3287 4984 3402 5039 fieri
3439 5001 3554 5054 pro-

1985 5075 2197 5132 lixitate
2213 5079 2477 5148 temporis
2497 5079 2856 5134 existimaret.
2876 5077 2928 5132 Id
2947 5077 3093 5132 enim
3111 5077 3342 5130 innuunt
3365 5078 3550 5136 verba,

1996 5184 2013 5216 ι
2035 5165 2479 5236 despexitindies
2494 5167 2743 5238 longos”
2760 5171 3017 5239 egoenim
3034 5170 3346 5243 facilequeo
3371 5172 3551 5224 omnia

1980 5265 2143 5326 prout
2175 5256 2400 5310 voluero
2435 5255 2633 5321 facere,
2659 5259 2939 5327 multoque
2973 5260 3299 5330 compendio
3341 5263 3407 5316 ad
3442 5264 3552 5316 cxi-

1981 5355 2096 5400 tum
2125 5363 2210 5402 res
2228 5347 2498 5402 deducere
2520 5362 2640 5416 qua:
2666 5347 2882 5416 longum
2907 5357 3124 5419 tempus
3147 5351 3548 5406 desiderarent.

1984 5438 2119 5494 Tum
2167 5441 2312 5495 dicta
2360 5440 2708 5507 conﬁrmans,
2749 5458 2766 5490 ι
2823 5439 2882 5493 Et
2934 5441 3295 5510 laetabuntur,
3347 5443 3548 5512 inquit,

381 5619 416 5636 "
446 5616 820 5688 Exptiugenda
851 5620 1086 5689 negatio,
1131 5639 1292 5692 quam
1325 5624 1542 5692 quidem
1588 5644 1689 5679 non
1726 5626 1854 5697 legit
1884 5630 2170 5698 interpres.
2199 5625 2351 5680 ῐίοιτ.
