4022 6138
316 246 412 304 533

1237 218 1787 305 COMMENTARIUS
1835 245 1901 302 IN
1952 244 2323 303 zacnanm
2360 246 2517 304 cap.
2551 247 2612 303 ι.

2899 151 2932 162 mu.

3446 240 3550 300 535

314 362 418 434 χῶν
450 361 642 425 εἰκοσι,
677 359 773 413 καὶ
798 359 1030 423 πλάτους
1062 360 1250 432 πηχῶν
1279 360 1412 415 δέκα
1434 377 1449 393 ⁸
1482 362 1577 415 καὶ
1594 354 1715 415 εἶπε
1740 360 1874 433 πρός

1987 362 2289 416 subitorum
2323 362 2535 417 decem.
2585 358 2840 429 Dixitque
2870 356 3000 413 mihi
3048 375 3063 413 :
3102 354 3230 413 Haec
3265 365 3353 415 est
3381 364 3551 413 male—

317 470 382 524 με
404 469 418 483 ⁸
442 450 586 515 Αὕτη
612 453 646 521 ἡ
673 450 784 521 ἀρὰ
815 452 850 522 ἡ
874 451 1281 523 ἐκπορευομένη
1315 452 1412 507 ἐπὶ
1448 454 1739 524 πρόσωπον
1765 454 1871 508 πά-

313 558 407 613 σης
418 541 514 610 τῆς
530 541 654 609 γῆς·
670 540 805 594 διότι
825 541 931 604 πᾶς
944 540 972 592 δ
985 538 1223 611 κλέπτης
1242 542 1307 594 ἐκ
1321 541 1512 597 τούτου
1523 542 1627 608 ἕως
1645 542 1873 597 θανάτου

312 633 747 705 ἑκδικηθήσεται·
775 635 865 686 καὶ
890 634 996 696 πᾶς
1022 635 1050 686 ό
1076 633 1328 704 ἐπίορκος
1349 635 1416 688 ὲκ
1439 634 1626 689 τούτου
1657 635 1760 699 ἕως
1782 637 1873 690 θα-

311 725 465 779 νάτου
489 723 907 795 ἐκδικηθήσεται
924 741 938 757 ο
976 725 1069 778 καὶ
1099 724 1290 789 ἔξοίσω
1316 726 1469 792 αὐτὸ,
1496 726 1643 797 λέγει
1676 726 1875 800 Κύριος

311 817 736 886 παντοκράτωρ·
787 815 880 868 καὶ
916 816 1280 871 εἰσελεύσεται
1325 818 1408 880 είς
1450 817 1542 870 τὸν
1581 811 1729 872 οἷκον
1779 820 1873 873 τοῦ

311 908 559 968 κλέπτου,
605 910 702 962 καὶ
745 910 824 972 είς
868 908 957 961 τὸν
988 904 1135 962 οἷκον
1180 905 1272 962 τοῦ
1311 908 1600 980 ὀμνύοντος
1639 910 1717 981 τῷ
1761 912 1877 966 ὀνό-

312 1003 438 1072 ματί
473 1019 574 1072 μου
609 1002 705 1055 ἐπὶ
734 1000 948 1071 ψεύδειε
997 1001 1091 1054 κα)⁸
1139 1001 1433 1056 καταλύσει
1464 1004 1524 1056 ὲν
1564 1002 1712 1074 μέσῳ
1768 1006 1865 1059 τοῦ

307 1094 452 1147 οἴκου
496 1093 665 1151 αὐτοῦ
687 1132 702 1156 ,
756 1079 861 1146 καῖ’
896 1092 1203 1146 συντελέσει
1262 1094 1427 1147 αὐτὸν
1477 1096 1573 1148 καὶ⁸
1626 1096 1695 1149 τὰ
1745 1093 1878 1161 ξύλα

309 1186 466 1239 αὐτοῦ
502 1185 597 1239 καὶ
636 1185 764 1249 τοὺς
794 1184 973 1248 λίθους
1024 1184 1211 1239 αὐτοῦ.
1252 1203 1272 1237 s
1322 1185 1601 1256 Δρέπανον
1635 1187 1736 1257 μὲν
1776 1188 1880 1259 ὁρᾷ

311 1277 487 1330 ἱκανὸν
549 1276 792 1330 κάτωθεν
844 1277 913 1330 τὰ
958 1277 1369 1347 προσπίπτοντα
1429 1278 1745 1349 ἐκτέμνεινο
1780 1296 1878 1331 πε-

305 1367 527 1437 τόμενον
566 1367 659 1431 δὲ,
706 1368 788 1429 είς
838 1365 1068 1437 δήλωσιν
1105 1365 1199 1419 τοῦ
1246 1364 1414 1430 ὀξέως
1467 1367 1567 1437 τὴν
1605 1368 1878 1438 τιμωρίαν

307 1457 609 1526 ἐπάγεσθαι
642 1456 745 1527 τὴν
779 1456 931 1511 Θείαν
962 1459 1074 1520 τοῖς
1106 1456 1313 1529 ταύτης
1358 1457 1561 1522 ἀξίοις·
1597 1458 1797 1523 πλάτος
1823 1459 1879 1513 δὲ

309 1551 394 1605 καὶ
448 1551 627 1621 μῆκος
650 1587 667 1613 ,
707 1549 783 1612 ὡς
824 1549 891 1602 ἂν
918 1550 1010 1603 καὶ
1050 1549 1129 1621 τῷ
1162 1548 1380 1621 μεγέθει
1428 1549 1713 1621 φοϐήσειεν
1755 1539 1919 1615 τοὺς⁶

307 1643 622 1705 ἀκούοντας.
658 1643 821 1711 Λέγει
850 1641 908 1695 δὲ
954 1642 1055 1713 τὴν
1100 1642 1368 1713 τιμωρίαν
1417 1641 1622 1714 ταύτην
1651 1642 1792 1697 κατά
1817 1659 1878 1695 τε

1974 451 2142 509 dictio
2168 468 2289 524 qua!
2315 451 2593 524 egreditur
2627 465 2794 522 super
2826 450 3018 505 faciem
3048 452 3319 505 universae
3344 457 3547 513 terra;
3617 500 3629 511 ,

1974 544 2103 612 quia
2127 542 2306 600 omnis
2330 541 2419 597 fur
2442 542 2641 597 abhinc
2680 552 2853 612 usmte
2886 540 2951 595 ad
2988 549 3219 595 mortem
3258 543 3542 611 punietur,

1971 640 2030 686 et
2078 632 2259 688 omnis
2300 632 2556 703 perjurus
2604 630 2804 685 abhinc
2839 644 3015 698 usque
3049 628 3117 683 ad
3149 635 3379 685 mortem
3418 629 3549 684 item

1975 724 2251 793 punietur.
2277 721 2343 776 Et
2364 723 2590 777 educam
2622 720 2770 774 illam
2791 760 2809 785 ,
2842 720 2976 775 dicit
3009 719 3276 775 Dominus
3304 719 3554 790 omnipo-

1978 824 2121 877 tens,
2155 820 2210 867 et
2235 811 2570 882 ingredietur
2598 811 2655 864 in
2696 809 2920 863 domum
2956 808 3094 863 furis
3114 846 3130 873 ,
3159 817 3216 863 et
3246 808 3301 863 in
3329 808 3551 862 domum

1973 903 2213 973 jnrantis
2238 902 2460 957 nomine
2483 915 2606 957 meo
2634 914 2802 971 super
2823 899 3132 964 mendacio,
3163 907 3219 953 et
3250 898 3555 954 diversabi-

1977 1007 2069 1050 tur
2118 995 2174 1049 in
2226 994 2405 1048 medio
2454 992 2652 1049 domus
2701 993 2843 1063 ejus,
2890 1000 2945 1049 et
2991 1003 3282 1049 consumet
3323 1007 3467 1059 eam,
3498 1000 3555 1046 et

1978 1087 2120 1155 ligna
2150 1086 2273 1155 ejus
2296 1093 2352 1147 et
2389 1084 2600 1155 lapides
2639 1085 2782 1155 ejus.
2814 1105 2833 1139 ι
2876 1084 3092 1139 Falcem
3127 1085 3276 1141 videt
3299 1085 3552 1139 idoneam

1975 1166 2231 1231 deorsum
2249 1177 2493 1232 secando
2509 1190 2850 1246 quacunque
2861 1183 3223 1231 occurrerent
3243 1192 3257 1241 ;
3279 1176 3554 1230 volantem

1977 1273 2158 1320 autem
2184 1264 2256 1320 ob
2292 1265 2667 1322 denotandum
2698 1265 2938 1319 divinam
2973 1279 3192 1336 poenam
3223 1266 3337 1320 cito
3363 1264 3553 1319 inferri

1976 1357 2365 1412 merentibus:
2406 1355 2645 1425 denique
2685 1356 2809 1423 ejus
2856 1356 3202 1410 latitudinem
3259 1354 3559 1425 longitudi-

1976 1462 2212 1518 nemque
2264 1448 2416 1513 dicit,
2466 1456 2526 1502 ut
2581 1448 2959 1519 magnitudine
3006 1463 3224 1517 quoque
3272 1446 3557 1501 audientes

1980 1544 2321 1599 torrefaciat.
2344 1536 2489 1599 Dicit
2518 1558 2649 1598 vero
2692 1543 2835 1598 lianc
2860 1557 3078 1613 pinnam
3108 1541 3373 1595 adversus
3406 1538 3558 1593 iures

1980 1641 2033 1689 et
2071 1633 2321 1703 perjuros
2351 1633 2685 1719 commoveri
2713 1651 2729 1687 :
2753 1646 3069 1703 quanquam
3102 1630 3305 1701 alioqui
3340 1636 3560 1684 constat

308 1734 655 1789 κλεπτόντων
687 1707 784 1786 καὶ
816 1707 1217 1804 ἐπιορκούντων
1250 1707 1531 1786 ’κινεῖσθαι
1556 1707 1588 1764 ·’
1610 1734 1771 1805 δήλου
1813 1750 1879 1801 γε

1987 1723 2124 1779 haud
2166 1724 2281 1777 haec
2313 1707 2696 1777 tantummodo
2729 1724 2941 1778 versari
2978 1722 3125 1776 inter
3149 1721 3399 1775 homines
3432 1733 3561 1788 pec-

312 1828 461 1889 δντος
488 1866 503 1887 ,
535 1828 615 1890 ὡς
644 1825 705 1878 ού
727 1824 899 1878 ταῦτα
930 1824 1087 1896 μόνον
1115 1825 1263 1878 ἐστὶν
1290 1825 1348 1877 ὲν
1366 1823 1671 1897 ἀνθρώποις
1697 1842 1878 1896 παρα-

308 1920 596 1987 νομήματα
617 1959 632 1981 ,
674 1916 848 1971 πολλά
884 1917 941 1970 δὲ
974 1918 1068 1972 καὶ
1102 1918 1299 1988 ἔτερα,
1336 1917 1493 1987 φόνος
1536 1935 1597 1971 τε
1631 1919 1724 1971 καὶ
1765 1934 1881 1989 μοι·

310 2012 456 2080 χεὶα,
492 2009 589 2063 καὶ
636 2008 709 2061 τὰ
747 2008 910 2062 λοιπά
936 2003 1025 2073 δὴ,
1051 2002 1087 2059 ἃ
1118 2009 1250 2079 μηδὲ
1287 2010 1540 2081 ἀριθμεῖν
1583 2011 1782 2082 ῥᾴδιον.
1814 2010 1879 2063 Τί

310 2097 396 2154 οὖν
429 2104 580 2155 ἐστιν
618 2101 646 2154 ὃ
672 2117 871 2169 φησιν;
903 2100 998 2163 Εἰς
1035 2098 1129 2153 δύο
1158 2082 1334 2155 ταῦτα
1366 2099 1674 2173 κυριώτατα
1707 2118 1880 2172 μεμε-

314 2191 491 2263 ρίσθαι
518 2189 619 2255 τάς
658 2191 879 2254 ἐντολὰς
908 2189 1223 2261 συμϐέϐηκε
1258 2190 1360 2255 τὰς
1391 2191 1561 2256 Θείας,
1591 2193 1670 2256 είς
1695 2210 1754 2246 τε
1782 2192 1881 2263 τὴν

314 2284 438 2353 περὶ
484 2283 620 2337 Θεὸν
666 2282 913 2352 γνώμην,
947 2282 1041 2335 καὶ
1086 2284 1167 2345 είς
1206 2283 1306 2354 τὴν
1349 2285 1478 2356 πρὶ
1516 2285 1609 2339 τὸν
1655 2284 1882 2356 πλησίον

313 2374 529 2438 ἀγάπην
548 2387 562 2401 ·
590 2374 667 2437 ὡς
691 2373 787 2428 καὶ
823 2375 853 2426 ό
881 2372 1087 2445 Κύριος
1114 2374 1308 2439 είπὼν,
1347 2396 1365 2428 ι
1420 2377 1753 2459 Ἀγαπήσεις
1779 2379 1884 2431 Κύ-

317 2479 424 2532 ριον
451 2465 544 2518 τὸν
565 2463 704 2518 Θεόν
731 2480 845 2521 σου(
870 2462 931 2527 ἐξ
970 2463 1098 2535 ὅλης
1129 2464 1228 2535 τῆς
1258 2464 1489 2534 καρδίας
1525 2481 1619 2517 σου
1640 2505 1655 2526 ,
1691 2465 1787 2519 καὶ
1823 2465 1883 2531 ἐξ

314 2551 439 2623 ὅλης
468 2554 564 2623 τῆς
595 2546 833 2617 διανοίας
857 2570 948 2608 σου
971 2591 987 2617 ,
1022 2553 1116 2607 καὶ
1147 2553 1207 2618 ἐξ
1232 2555 1486 2626 ὅληςκτῆς
1522 2553 1704 2625 ἰσχύος
1750 2571 1845 2608 σου
1866 2572 1881 2586 ο

319 2645 411 2696 καὶ
456 2644 760 2712 ἀγαπήσεις
788 2646 881 2697 τὸν
914 2644 1143 2715 πλησίον
1197 2663 1290 2700 σου
1321 2646 1397 2710 ὡς
1431 2647 1656 2701 σεαυτόν
1677 2663 1691 2677 ⁸
1731 2667 1751 2701 ι
1788 2649 1886 2703 ἒπ-

324 2734 548 2802 ήγαγεν,
580 2735 653 2805 (p.
673 2731 796 2807 ιη)
829 2755 849 2788 ι
889 2737 975 2791 Ἐν
1002 2737 1242 2802 ἐντολαῖς
1268 2736 1491 2802 ταύταις
1518 2738 1636 2802 ὅλος
1665 2740 1695 2791 ὁ
1727 2739 1887 2810 νόμος

331 2825 420 2877 καὶ
446 2827 494 2878 οί
519 2828 782 2897 προφῆται
807 2828 1108 2898 κρέμανται
1132 2847 1145 2861 ’
1184 2847 1202 2880 ι
1241 2827 1524 2901 βουληθεὶς
1551 2830 1729 2899 τοίνυν
1756 2846 1886 2884 συν-

321 2916 498 2985 τόμως
524 2920 694 2971 εὶπῖν
734 2919 805 2973 τά
829 2936 888 2971 τε
917 2920 998 2984 είς
1027 2920 1117 2977 τὸν
1144 2921 1277 2975 Θεὸν
1302 2923 1395 2975 καὶ
1420 2921 1489 2973 τὰ
1520 2924 1598 2984 εἰς
1625 2922 1716 2975 τὸν
1748 2923 1886 2992 πλη-

1980 1822 2120 1878 cata,
2154 1814 2247 1870 sed
2273 1822 2327 1868 et
2365 1815 2471 1869 alia
2515 1816 2706 1878 multa,
2748 1814 3107 1869 homicidium
3134 1822 3301 1883 puta,
3344 1811 3558 1866 adulte-

1979 1907 2159 1970 rium,
2195 1914 2250 1959 et
2294 1914 2488 1961 caetera
2529 1922 2651 1978 quae
2693 1906 2861 1980 3η
2893 1904 3039 1960 haud
3088 1905 3246 1960 facile
3280 1903 3555 1958 numerari

1979 2006 2204 2067 queunt.
2228 1994 2370 2064 Quid
2395 2012 2528 2069 ergo
2551 1998 2712 2053 dicit?
2739 2000 2796 2053 ln
2819 2001 2930 2054 haec
2952 1998 3062 2052 duo
3086 1997 3369 2067 potissima
3385 1994 3559 2049 dividi

1981 2089 2160 2144 solent
2210 2087 2465 2143 mandata
2504 2089 2722 2163 divina,
2754 2104 2954 2159 nempe
3000 2089 3056 2143 in
3102 2087 3197 2143 Dei
3233 2087 3557 2149 scient-iam,

1980 2190 2036 2238 et
2078 2183 2132 2236 in
2172 2181 2498 2237 cbaritatem
2528 2197 2659 2253 erga
2704 2182 3037 2253 proximum.
3081 2180 3265 2247 Quare
3290 2188 3349 2236 et
3376 2179 3563 2237 Domi-

1982 2291 2086 2330 nus
2105 2281 2393 2345 postquam
2410 2273 2549 2330 dixit
2565 2275 2632 2339 ",
2659 2293 2679 2325 ι
2703 2273 2902 2344 Diliges
2918 2272 3205 2326 Dominum
3223 2270 3389 2325 Deum
3408 2278 3560 2324 tuum

1981 2381 2046 2422 ex
2075 2374 2195 2421 toto
2224 2366 2392 2421 corde
2419 2372 2515 2420 tuo
2540 2407 2555 2432 ,
2583 2380 2651 2419 ex
2681 2372 2794 2419 tota
2825 2371 3008 2419 mente
3035 2371 3149 2429 tua,
3186 2370 3243 2417 et
3275 2376 3342 2417 ex
3380 2360 3561 2415 omni-

1983 2458 2087 2513 bus
2129 2456 2340 2512 viribus
2387 2455 2533 2518 tuis,
2581 2455 2820 2524 itemque
2872 2452 3181 2524 proximum
3222 2460 3393 2526 tuum,
3419 2450 3563 2504 sicut

1984 2550 2270 2620 teipsum;
2301 2567 2321 2600 ι
2355 2546 2601 2602 addidit:
2640 2564 2659 2597 ι
2699 2544 2757 2599 ln
2792 2544 2877 2600 his
2902 2542 3173 2598 mandatis
3188 2541 3444 2596 universa
3478 2542 3564 2596 lex.

1986 2641 2182 2713 pendet
2219 2649 2273 2696 et
2319 2639 2618 2710 prophetae.
2658 2657 2676 2690 ι
2712 2637 2914 2693 Volcns
2936 2636 3119 2705 itaque
3159 2635 3262 2689 hoc
3295 2635 3414 2689 loco
3435 2635 3565 2689 bra.

1986 2735 2124 2789 viter
2167 2733 2351 2789 dicere
2393 2747 2516 2803 quae
2553 2730 2723 2786 Deum
2780 2744 3012 2800 quaeque
3076 2727 3384 2798 proximum
3441 2741 3565 2797 spe-

1987 2836 2173 2896 ctant;
2198 2827 2439 2899 periurio
2458 2825 2677 2897 quidem
2702 2824 2917 2896 quodin
2943 2822 3111 2877 Deum
3133 2821 3324 2886 tendit,
3341 2830 3567 2876 cunctas

1988 2920 2455 2991 irreligiositates,
2475 2918 2530 2974 id
2551 2926 2635 2974 est
2664 2918 2931 2972 adversus
2950 2914 3118 2970 Deum
3151 2919 3395 2983 peccata,
3415 2929 3567 2967 com-

314 3005 446 3067 σίον,
469 3009 533 3076 τῇ
564 3008 662 3077 μὲν
690 3008 947 3080 ἐπιορκία
973 3009 1050 3073 ὡς
1078 3010 1158 3073 είς
1186 3009 1319 3063 Θεὸν
1344 3008 1599 3083 τεινούσῃ
1635 3010 1735 3074 τὰς
1762 3011 1885 3064 ἀσε-

1988 3013 2184 3083 pendio
2206 3013 2343 3068 dicit
2371 3031 2385 3067 :
2412 3010 2559 3066 furto
2580 3019 2782 3075 autem,
2811 3024 2933 3080 quae
2954 3007 3220 3065 adversus
3251 3006 3563 3077 proximum

311 3097 456 3161 ϐείας
501 3098 714 3161 πάσας,
760 3098 900 3167 λέγω
936 3099 993 3152 δὲ
1036 3099 1134 3163 τὰς
1181 3101 1261 3163 είς
1302 3099 1435 3153 Θεὸν
1480 3099 1882 3170 πλημμελείας,

311 3172 610 3256 συλλήϐδην
636 3186 783 3264 λέγει
804 3203 819 3217 ο
852 3190 920 3258 τῇ
953 3188 1010 3241 δὲ
1042 3187 1252 3259 κλοπῇ,
1295 3190 1397 3259 τὴν
1445 3190 1576 3262 περὶ
1611 3190 1707 3243 τὸν
1752 3191 1887 3261 πλη-

311 3276 451 3330 σίονο
487 3277 679 3347 ἐπειδὴ
706 3275 815 3345 γὰρ
856 3277 1143 3347 ἀφαίρεσις
1178 3279 1286 3332 τῶν
1314 3280 1374 3332 ού
1402 3280 1709 3350 προσόντων
1741 3282 1887 3335 ἐστὶν

307 3369 341 3436 ἡ
372 3368 587 3438 κλοπὴ,
634 3367 841 3439 κλοπὴν
885 3370 1078 3433 κοινῶς
1121 3370 1373 3441 ὠνόμασε
1414 3373 1596 3427 πᾶσαν
1646 3373 1746 3444 τὴν
1776 3373 1887 3428 τῶν

305 3457 607 3528 ἀλλοτρίων
640 3457 934 3529 ἀφαίρεσιν
956 3476 971 3490 ο
1014 3460 1100 3514 ἵνα
1135 3462 1413 3532 συντόμως
1446 3465 1577 3536 εἴπῃ
1605 3465 1687 3519 ὅτι
1717 3467 1750 3535 ἡ
1778 3466 1888 3537 ἀρά

304 3549 447 3620 αὕτη
479 3549 718 3620 μεγίστη
755 3567 815 3603 τε
842 3552 933 3605 καὶ
963 3551 1172 3623 φοϐερά
1203 3555 1298 3607 καὶ
1331 3555 1492 3608 παντί
1530 3573 1596 3624 γε
1626 3556 1882 3622 ἐπιοῦσα,

274 3649 279 3651 ‘
305 3639 414 3692 εἴτε
439 3641 523 3702 είς
547 3638 681 3692 Θεόν
703 3656 757 3693 τι
785 3640 1032 3712 ἀσεϐοίη,
1063 3642 1174 3697 εἴτε
1197 3642 1277 3706 εἰς
1288 3640 1379 3696 τὸν
1412 3644 1637 3715 πλησίον
1674 3646 1815 3699 κατά
1836 3662 1888 3698 τι

302 3730 516 3783 πταίοι.
557 3731 726 3799 Λέγει
762 3731 821 3784 δὲ
854 3731 934 3784 ὅτι
973 3733 1066 3785 καὶ
1097 3732 1387 3787 καταλύσει
1412 3736 1471 3788 ὲν
1504 3734 1654 3804 μέσῳ
1680 3735 1776 3788 τοῦ
1813 3737 1892 3791 οί-

301 3840 403 3876 κου
435 3822 626 3887 αὐτοῦ,
667 3824 764 3876 καὶ
791 3823 1094 3877 συντελέσει
1138 3825 1300 3878 αὐτὸν
1334 3826 1428 3879 καὶ
1460 3825 1529 3879 τά
1563 3824 1695 3890 ξύλα
1723 3825 1888 3884 αὐτοῦ

298 3915 405 3966 καὶ
420 3914 547 3976 τοὺς
563 3912 745 3977 λίθους
761 3912 925 3966 αὐτοῦ
946 3930 960 3944 ο
995 3914 1082 3967 ἵνα
1102 3913 1251 3987 εἴπῃ,
1268 3916 1342 3967 ὅτι
1379 3915 1477 3985 μὲν
1500 3911 1642 3970 Εἴποι
1666 3918 1890 3989 τοιούτῳ

295 4004 703 4074 ἀμετανοήτως
732 4005 978 4058 πταίοντι
996 4044 1012 4067 ,
1058 4005 1121 4057 Ἠ
1146 4005 1385 4076 τιμωρία
1409 4009 1441 4075 ἡ
1474 4006 1593 4060 θεία
1637 4006 1793 4078 ἄχρις
1823 4006 1890 4063 ἂν

194 4148 206 4160 ,
291 4096 476 4148 αὐτὸν
510 4095 608 4147 σὺν
637 4094 844 4149 ἅπασιν
876 4096 1131 4167 ἐξαλείψῃ
1171 4100 1281 4161 τοῖς
1320 4099 1670 4168 προσήκουσι.
1705 4099 1804 4153 Διά
1834 4102 1891 4159 δὲ

291 4187 388 4239 τού
412 4203 515 4239 των
541 4186 832 4258 αὐτάρκως
850 4187 1105 4258 εφοϐήσας
1138 4190 1334 4251 αὐτοὺς
1354 4228 1367 4252 ,
1407 4189 1644 4245 δείκνυσι
1677 4191 1764 4246 διὰ
1784 4193 1892 4247 τῶν

296 4278 435 4347 ἐξῆς
463 4278 831 4349 ἀφῃρημένην
854 4278 1035 4332 αὐτῶν
1069 4280 1168 4350 τὴν
1215 4280 1354 4350 ὑπὲρ
1383 4280 1490 4334 τῶν
1529 4283 1894 4352 παρεληλυθόο

1987 3112 2135 3159 sunt.
2164 3101 2301 3158 Nam
2331 3102 2458 3173 quia
2490 3102 2692 3158 furtum
2722 3108 2809 3158 est
2836 3101 2915 3155 rei
2943 3099 3134 3155 alienae
3163 3098 3386 3160 ablatio,
3418 3113 3566 3153 nunc

1989 3195 2193 3250 furtum
2229 3195 2558 3265 generaliter
2605 3193 2897 3264 appellavit
2938 3192 3209 3262 quidquid
3254 3192 3415 3245 alteri
3462 3206 3564 3244 a-t-

1988 3284 2199 3351 fertur;
2260 3294 2319 3340 ut
2374 3285 2564 3355 paucis
2619 3283 2890 3356 signiticet
2937 3281 3383 3337 maledictioncm
3426 3279 3568 3334 hanc

1987 3381 2112 3433 esse
2145 3378 2438 3431 maximam
2471 3392 2533 3433 ac
2575 3376 2876 3432 terribilem
2912 3381 2968 3428 et
2997 3373 3223 3427 cuilibet
3249 3370 3566 3440 impenden-

1989 3473 2121 3527 tem,
2166 3465 2282 3520 sive
2325 3465 2371 3521 is
2412 3466 2468 3519 in
2502 3463 2671 3518 Deum
2712 3464 2915 3532 impius
2957 3463 3050 3525 sit,
3097 3461 3216 3517 sive
3258 3460 3566 3530 proximum

1989 3555 2399 3627 quomodolibet
2434 3556 2621 3609 violet.
2667 3554 3012 3608 Dicitautem
3053 3552 3169 3607 fore
3200 3563 3258 3606 ut
3298 3567 3361 3606 ea
3397 3552 3566 3606 male-

1988 3646 2162 3701 dictio
2189 3645 2498 3701 diversetur
2536 3645 2683 3700 domi
2716 3646 2858 3714 ejus.
2907 3652 2963 3698 et
2994 3632 3299 3697 consumat
3331 3644 3476 3697 illam
3505 3658 3569 3698 ac

1991 3737 2200 3808 lapides
2246 3736 2456 3806 ipsius;
2513 3735 2566 3791 id
2606 3744 2710 3802 est,
2756 3737 2874 3792 Dixi
2921 3737 3048 3791 huic
3081 3738 3203 3792 sine
3251 3737 3571 3807 pmuitentia

1992 3828 2238 3900 peccanti
2278 3845 2293 3883 :
2327 3826 2518 3883 Divina
2544 3841 2704 3898 pana
2735 3836 2962 3884 eatenus
2984 3828 3371 3898 perseverabit,
3400 3827 3573 3883 donec

1993 3926 2340 3989 peccatorem
2380 3932 2504 3972 cum
2542 3918 2693 3974 omni
2740 3934 2799 3974 re
2821 3934 2922 3973 sua
2956 3927 3265 3973 consumat.
3293 3919 3407 3988 Age
3437 3933 3571 3974 vero

1992 4018 2280 4080 postquam
2310 4008 2445 4064 satis
2478 4024 2575 4064 eos
2601 4007 2906 4074 terrefecit,
2941 4008 3181 4063 ostendit
3210 4007 3264 4061 in
3296 4010 3575 4077 sequenti-

1996 4104 2098 4159 bus
2121 4102 2405 4158 remissam
2434 4100 2604 4158 fuisse
2631 4102 2959 4172 praeteritam
2986 4101 3204 4155 illorum
3239 4103 3457 4171 culpam
3484 4112 3569 4156 at-

1994 4208 2099 4262 que
2131 4206 2348 4262 penam
2372 4208 2388 4259 ς
2415 4199 2475 4245 ut
2502 4191 2678 4261 magis
2706 4190 2832 4245 inde
2853 4198 3214 4261 cognoscant,
3246 4199 3368 4259 post
3397 4192 3569 4263 impe-

1995 4291 2191 4337 tratam
2226 4282 2631 4352 praeteritorum
2673 4280 2908 4342 veniam,
2939 4293 3191 4351 oportere
3218 4298 3314 4337 eos
3337 4282 3567 4352 diligen-

298 4386 410 4422 των
467 4369 750 4438 ἁμαρτίαν
800 4370 997 4423 τεκαὶ
1045 4371 1348 4442 τιμωρίανο
1393 4372 1468 4437 ὡς
1511 4372 1578 4426 ἂν
1632 4373 1885 4444 μειζόνως

2000 4375 2109 4428 tius
2132 4373 2226 4429 Dei
2252 4374 2521 4427 voluntati
2552 4372 2805 4441 obsequi.
2839 4371 3204 4437 Quamobrem
3237 4373 3387 4430 addit
3416 4391 3428 4428 :
3593 4424 3596 4427 Α

297 4459 485 4529 ἔχοιεν
516 4458 734 4517 εἰδέναι.
764 4460 847 4514 ὅτι
885 4461 983 4532 τῆς
1015 4464 1128 4524 τοῖς
1175 4461 1269 4515 ἐπὶ
1297 4463 1650 4534 προειληφόσι
1697 4465 1918 4536 χάριτος
1954 4464 2245 4535 τετυχότας
2276 4466 2542 4536 προσήκοι
2571 4461 2637 4516 ἂν
2675 4460 3093 4532 ἐπιμελέστερον
3121 4461 3439 4531 ἀντέχεσθαι
3465 4462 3574 4517 τῶν

296 4549 614 4603 δοκούντων
813 4551 905 4603 Διὸ
930 4552 1145 4619 ἐπάγει*

371 4642 532 4712 Στίχ.
574 4640 723 4712 ε’-η’.
749 4671 821 4682 -—
857 4660 876 4693 ι
929 4643 1040 4695 Καὶ
1067 4638 1293 4712 ἐξῆλθεν
1324 4642 1353 4694 ὁ
1394 4639 1624 4710 ἅγγελος
1654 4642 1682 4694 ὸ
1714 4641 1893 4695 λαλῶν

299 4738 360 4789 ὲν
398 4736 554 4806 ἐμοὶ,
587 4738 682 4789 καὶ
707 4731 829 4789 εἶπε
871 4737 1007 4807 πρός
1037 4754 1105 4807 με
1128 4752 1143 4767 °
1201 4737 1527 4806 Ἀνάϐλεψον
1550 4738 1664 4800 τοῖς
1692 4736 1895 4805 ὀφθαλ-

302 4829 431 4894 μοῖς
464 4843 563 4880 σου
596 4828 695 4879 καὶ
735 4826 813 4881 ἴδε
841 4828 893 4881 τί
925 4828 985 4881 τὸ
1011 4827 1443 4898 ἐκπορευόμενον
1473 4826 1631 4882 τοῦτο
1650 4845 1662 4859 ·
1702 4829 1794 4881 καὶ
1817 4824 1896 4882 εἵ-

302 4931 433 4981 πον,
468 4917 537 4969 Τί
575 4919 727 4981 ἐστι;
762 4918 858 4971 καὶ
903 4914 1047 4981 εἷπε,
1103 4919 1274 4972 Τοῦτο
1303 4919 1363 4972 τὸ
1394 4918 1593 4990 μέτρον
1639 4917 1700 4972 τὸ
1730 4921 1899 4973 ὲκπο-

304 5007 608 5077 ρευόμενον
628 5025 650 5040 ’ν
674 5010 771 5063 καὶ
800 5004 975 5073 εἶπεν,
1005 5010 1153 5080 Αὒτη
1184 5012 1218 5080 ἡ
1258 5010 1438 5089 ἀδικία
1462 5008 1641 5064 αὐτῶν
1661 5012 1719 5064 ὲν
1745 5011 1895 5084 πάσῃ

300 5099 376 5167 τῇ
429 5100 530 5168 γῇ·
594 5101 692 5155 καὶ⁸
745 5099 855 5155 ἰδοὺ
917 5102 1175 5156 τάλαντον
1234 5102 1482 5172 μολίϐδου
1510 5101 1891 5174 ὲξαιρόμενον·

307 5189 391 5265 (ι).
444 5192 584 5261 475)
623 5193 721 5246 καὶ
766 5192 878 5246 ἰδοὺ
927 5194 1064 5263 γυνὴ
1120 5195 1216 5264 μία
1252 5193 1486 5263 ἐκάθητο
1522 5195 1580 5247 ἐν
1613 5195 1763 5266 μέσῳ
1797 5193 1892 5248 τοῦ

310 5286 518 5355 μέτρου
539 5324 554 5345 ,
586 5285 682 5337 καὶ
710 5278 887 5348 εἶπεν,
916 5283 1063 5356 Αὕτη
1100 5285 1247 5338 ἐστὶν
1274 5286 1306 5355 ἡ
1343 5284 1542 5354 ἀνομία
1564 5299 1577 5313 ⁸
1607 5286 1701 5338 καὶ
1741 5284 1892 5357 spei..-

304 5379 419 5446 ψεν
444 5380 615 5449 αὐτὴν
644 5380 728 5441 είς
769 5377 934 5449 μέσον
960 5379 1053 5432 τοῦ
1092 5378 1320 5450 μέτρου-
1355 5378 1450 5432 καὶ
1479 5378 1670 5450 ἔρριψε
1701 5380 1762 5433 τὸ
1799 5381 1892 5435 τά·

310 5470 506 5525 λαντον
535 5467 633 5525 τοῦ
664 5468 918 5540 μολίϐδου
946 5471 1023 5534 είς
1057 5470 1119 5524 τὸ
1144 5470 1319 5540 στόμα
1351 5470 1538 5540 αὐτῆς.
1570 5487 1587 5521 ›
1606 5471 1707 5523 Τὸν
1732 5472 1893 5526 αὑτὸν

393 5650 439 5681 ⁶⁶
482 5650 670 5705 Matth.
731 5663 868 5703 ml.
910 5647 1001 5715 57,
1044 5660 1164 5715 sqq.

2065 4641 2231 4697 Vsus.
2266 4642 2376 4698 5-8.
2418 4673 2484 4684 —
2516 4663 2535 4696 ι
2573 4642 2636 4697 Et
2683 4659 2942 4714 egressus
2973 4656 3060 4700 est
3103 4643 3329 4714 angelus
3362 4644 3454 4714 qui
3492 4644 3574 4697 Io-

1993 4736 2262 4804 quebatur
2300 4736 2351 4789 in
2404 4751 2525 4796 me,
2582 4735 2829 4809 dixitque
2882 4736 3016 4791 mihi
3060 4754 3073 4791 :
3127 4734 3357 4804 Suspiee
3395 4734 3575 4789 oculis

1997 4828 2127 4889 tuis,
2182 4837 2237 4882 et
2278 4827 2403 4882 vide
2449 4828 2552 4882 hoc
2608 4829 2754 4898 quod
2796 4829 3097 4898 egreditur.
3149 4826 3213 4881 Et
3240 4827 3352 4883 dixi
3390 4827 3574 4892 :Quid

1996 4918 2115 4973 CSt?
2165 4917 2228 4971 Et
2259 4919 2335 4973 ait
2367 4937 2379 4973 :
2415 4917 2539 4973 Haec
2579 4927 2664 4975 est
2708 4935 2969 4975 mensura
3009 4936 3131 4989 quae
3179 4919 3478 4986 egreditur.
3513 4915 3578 4969 Et

2003 5012 2079 5066 ait
2116 5030 2129 5066 :
2165 5009 2288 5064 Haec
2320 5017 2403 5064 est
2430 5009 2691 5080 iniquitas
2717 5028 2907 5067 eorum
2939 5012 2995 5066 in
3027 5011 3283 5066 universa
3310 5017 3478 5064 terra.
3509 5007 3579 5062 Et

1998 5117 2126 5157 ecce
2147 5102 2406 5156 talentum
2426 5103 2626 5171 plumbi
2644 5104 2931 5157 elevatum:
2955 5111 3008 5158 et
3018 5118 3145 5156 ecce
3158 5101 3353 5155 mulier
3373 5115 3479 5154 una
3500 5113 3582 5153 se-

2000 5194 2160 5250 debat
2177 5194 2230 5249 in
2250 5210 2515 5250 mensurae
2538 5195 2734 5249 medio.
2758 5193 2825 5249 Et
2846 5194 2984 5248 dixit
3006 5212 3021 5249 :
3047 5193 3172 5249 llaec
3192 5201 3276 5248 est
3296 5191 3457 5265 315
3472 5191 3579 5247 ini~

1998 5286 2199 5355 quitas.
2225 5284 2289 5337 Et
2309 5283 2541 5351 conjecit
2569 5298 2686 5336 eam
2706 5283 2760 5337 in
2787 5283 3021 5337 medium
3049 5298 3347 5347 mensum;
3368 5289 3421 5337 et
3450 5295 3580 5350 pro.

1995 5375 2126 5447 jecit
2148 5374 2376 5445 lapidem
2397 5373 2600 5445 plumbi
2622 5373 2674 5427 in
2705 5388 2768 5427 os
2785 5375 2925 5442 ejus.
2957 5389 2977 5422 ι
3017 5373 3276 5429 Eumdem
3296 5372 3438 5428 videt
3458 5384 3582 5427 ruro

2001 5485 2097 5525 sus
2139 5468 2411 5538 angelum,
2450 5465 2799 5535 jubcntemei
2827 5471 2884 5519 ut
2910 5465 3176 5535 aspiceret
3201 5463 3417 5536 quodin
3445 5477 3578 5535 prtu-
