4022 6138
280 294 282 297 τ
322 228 427 289 539

1489 223 1841 285 THEODORI
1873 224 2368 285 MOPSUESTENI

3482 218 3587 278 510

322 355 447 397 rum
490 354 551 397 se
584 339 738 396 abire
783 347 1085 412 oporteret.
1125 337 1410 409 Signiﬁcat
1455 347 1637 396 autem
1680 340 1909 411 reliquis

2032 340 2397 414 ;ξεπορεύοντο
2415 339 2511 395 ἐπὶ
2541 340 2647 410 γῆν
2670 339 2846 403 νότου,
2870 337 2945 403 ὡς
2972 335 3141 409 θυμοῦ
3162 336 3413 400 πνέοντες
3443 333 3587 389 κατὰ

321 435 489 492 etiam
526 448 715 491 curam
748 433 917 489 fuisse
956 422 1166 487 varium
1196 432 1462 487 exhibere
1506 432 1901 496 ministerium,

325 525 474 600 quod
511 527 776 580 varietate
809 526 1010 580 coloris
1052 525 1135 581 sui
1197 525 1519 586 innuebant,
1567 525 1776 594 paratis
1815 525 1908 581 ob-

329 631 553 672 servare
587 631 714 669 num
754 612 887 685 quid
913 621 1060 668 esset
1091 622 1352 683 praeterea
1385 614 1485 669 abs
1527 629 1588 669 se
1633 622 1904 683 przestan-

330 707 484 772 dum,
513 705 665 773 juxta
697 704 790 756 Dei
825 696 1180 767 voluntatem,
1231 705 1297 757 ad
1328 703 1565 758 hostium
1594 718 1811 781 pugnam
1853 711 1909 759 et

332 792 571 848 Jiulaicaa
600 792 777 863 gentis
835 792 1175 848 beneficium.
1232 793 1442 859 Quibus
1484 794 1560 847 ait
1596 812 1609 848 :
1647 794 1803 860 cltc,
1854 800 1908 850 et

334 883 617 937 circumito
656 882 1054 938 terramJMox
1102 893 1156 937 et
1189 884 1340 939 addit
1377 902 1391 938 :
1439 902 1458 935 ι
1495 883 1560 937 Ει
1604 884 1903 941 circumie-

329 982 460 1029 runt
502 982 729 1041 terram,
777 995 794 1026 ι
828 976 1126 1030 ostendens
1184 976 1390 1031 scilicet
1430 991 1756 1032 concessum
1804 978 1910 1032 illis

334 1076 395 1121 ut
422 1081 611 1121 curam
637 1081 795 1121 suam
838 1068 905 1122 ad
947 1068 1153 1122 exitum
1192 1068 1578 1139 perducerent,
1619 1077 1911 1140 et.reapse

333 1158 410 1221 ita
441 1172 500 1212 se
526 1158 727 1227 egisse.

2008 433 2120 488 τῶν
2150 433 2336 487 αὐτόθι
2366 433 2493 495 τοὺς
2544 429 2881 502 Ἰσραηλίτας
2914 429 3325 483 διατεθεικότων
3361 425 3548 489 κακῶς
3567 443 3583 457 ο

2012 524 2131 595 μεθ’
2162 523 2256 588 οὐς
2279 526 2330 578 oi
2373 522 2605 577 ποικίλοι
2633 521 2727 575 καὶ
2766 521 2931 591 ψαροὶ
2968 519 3231 592 ὤφθησαν
3273 516 3584 590 ζητοῦντες,

2009 617 2132 670 ὅποι
2173 616 2303 668 ποτὲ
2345 614 2599 670 ἀπελθεῖν
2644 615 2840 677 αὐτοὺς
2872 612 2982 666 δέοι
3024 611 3124 683 τῆς
3173 612 3299 679 γῆς.
3334 609 3501 677 Δηλοί
3528 609 3586 662 δὲ

2008 706 2090 761 ὅτι
2121 706 2215 759 καὶ
2238 708 2349 768 τοῖς
2376 705 2820 777 ὑπολειπομένοις
2849 705 3067 778 φροντὶς
3086 700 3155 778 ἦν
3175 704 3310 776 πρὸς
3333 702 3586 773 ποικίλην
3692 694 3697 697 ⁷

2006 797 2366 867 λειτουργίαν,
2392 798 2533 850 κατὰ
2550 797 2647 868 τὴν
2667 796 2858 868 χροιὰν
2882 794 3299 865 ὲκτεταγμένοις
3341 790 3468 847 ἰδεῖν
3508 793 3584 863 μή

2020 890 2123 945 πού
2149 908 2200 944 τι
2228 888 2321 944 καὶ
2348 890 2532 960 ἕτερον
2549 888 2697 942 ἐστιν
2724 888 2977 958 γενέσθαι
3005 889 3138 958 παρ’
3159 884 3337 941 αὐτῶν
3355 886 3586 953 ὀφεῖλον,

2018 979 2158 1033 κατὰ
2207 979 2268 1032 τὸ
2313 978 2503 1033 δοκοῦν
2528 978 2606 1049 τῷ
2633 978 2777 1049 Θεῷ,
2805 980 2885 1043 εἰς
2911 977 3181 1048 τιμωρίαν
3209 994 3268 1030 τε
3297 976 3404 1030 τῶν
3434 978 3587 1029 ἐναν-

2014 1071 2168 1137 τίων,
2219 1070 2313 1123 καὶ
2364 1071 2684 1141 εὐεργεσίαν
2729 1069 2825 1123 τοῦ
2875 1069 2985 1123 τῶν
3042 1068 3312 1123 Ἰουδαίων
3369 1066 3585 1131 ἔθνους·

2017 1160 2155 1232 πρὸς
2197 1159 2292 1223 οὓς
2318 1160 2486 1227 λέγει,
2531 1178 2553 1212 ι
2594 1159 2900 1231 Πορεύεσθε
2950 1159 3044 1212 καὶ
3081 1156 3463 1230 περιοδεύσατε
3493 1155 3590 1228 τὴν

335 1253 438 1320 γῆν
461 1264 476 1280 ο
516 1269 533 1301 ι
574 1247 693 1303 εἶτα
741 1251 836 1304 καὶ
862 1253 1160 1323 ἐπήγαγεν,
1198 1271 1217 1305 ι
1270 1253 1381 1308 Καὶ
1424 1255 1797 1325 περιώδευσαν
1837 1254 1936 1326 τὴν
1963 1254 2089 1326 γῆν,
2129 1275 2149 1307 ι
2179 1254 2392 1320 δεικνὺς
2425 1256 2507 1309 ὅτι
2532 1255 2631 1309 καὶ
2663 1254 3053 1326 ἐπετράπησαν
3085 1253 3183 1325 τὴν
3212 1251 3467 1325 φροντίδα
3492 1251 3591 1321 τὴν

335 1341 536 1395 οἰκείαν
564 1342 790 1409 ἀγαγεῖν
828 1345 906 1405 είς
940 1345 1130 1413 πέρας,
1167 1343 1262 1396 καὶ
1290 1345 1680 1416 ἐπιτραπέντες
1709 1345 1917 1415 εἴχοντο
1941 1344 2154 1398 τούτου.

414 1434 575 1489 Vsus.
616 1435 768 1491 9—l5.
807 1464 879 1477 —-
915 1453 934 1485 ι
964 1437 1026 1489 Ει
1052 1436 1230 1492 factus
1265 1446 1347 1492 est
1379 1454 1561 1494 sermo
1588 1436 1810 1490 Domini
1845 1437 1913 1492 ad

337 1538 425 1579 me
476 1524 710 1579 dicens:
751 1526 994 1597 «Aci-ipe
1043 1544 1165 1595 quae
1208 1528 1276 1583 de
1326 1528 1645 1597 captivitate
1702 1536 1831 1583 sunt
1883 1543 1914 1581 a

260 1674 265 1677 _
344 1615 713 1685 principibus,
747 1625 801 1671 et
828 1618 928 1671 abs
977 1620 1334 1687 optimatibus
1368 1620 1510 1688 ejus,
1553 1630 1606 1674 et
1634 1620 1703 1674 ab
1729 1621 1795 1673 iis
1821 1621 1914 1690 qui

336 1714 711 1775 cognoverunt
739 1721 883 1771 eam,
918 1709 986 1763 ab
1019 1708 1193 1773 Eldai,
1226 1718 1280 1762 et
1303 1726 1334 1763 a
1367 1710 1559 1774 Tobia,
1588 1718 1643 1766 et
1673 1713 1740 1764 ah
1762 1710 1911 1765 Ideo.

339 1792 407 1848 Et
434 1796 759 1865 ingredieris
788 1805 844 1850 tu
870 1797 958 1852 die
997 1798 1085 1851 illa
1123 1800 1177 1852 in
1221 1799 1441 1854 domum
1481 1801 1645 1855 Josia:
1689 1801 1781 1855 lilii
1818 1800 1918 1856 So-

226 1884 235 1889 ”
338 1886 573 1955 pboniae,
609 1889 700 1956 qui
738 1888 885 1942 venit
908 1888 973 1942 de
1003 1889 1299 1959 Babylone.
1328 1890 1690 1961 Accipiesquc
1719 1907 1916 1961 argen-

341 1982 457 2028 tum
493 1985 546 2031 et
574 1993 792 2042 aurum,
831 1978 1109 2049 faciesque
1132 1996 1412 2039 coronam.
1456 1991 1508 2036 ct
1533 1983 1778 2051 impones
1824 1999 1916 2038 su-

342 2082 441 2135 per
464 2076 628 2136 caput
660 2067 812 2131 Jesu,
843 2068 1108 2125 Josedeco
1142 2072 1337 2140 geniti,
1372 2074 1679 2128 sacerdotis
1712 2074 1917 2143 magni.

343 2156 611 2227 Dicesque
640 2160 688 2213 ei
727 2175 741 2213 :
775 2158 899 2214 Haec
933 2160 1009 2214 ait
1046 2161 1310 2216 Dominus
1345 2165 1693 2234 omnipotens
1726 2182 1739 2218 :
1781 2164 1920 2221 Ecce

343 2248 448 2311 vir,
483 2250 570 2302 cui
606 2266 804 2303 nomen
838 2251 1062 2314 Oriens,
1112 2260 1164 2307 et
1195 2254 1385 2308 snbtcr
1414 2271 1535 2308 cum
1584 2258 1811 2310 orietur.
1858 2255 1922 2310 Et

344 2340 640 2396 mdiﬂcabit
662 2342 883 2397 domum
913 2343 1147 2406 Domini,
1179 2352 1234 2398 et
1261 2347 1375 2415 ipse
1391 2347 1623 2416 accipiet
1638 2349 1920 2409 virtutem,

346 2440 401 2486 et
428 2431 640 2487 sedebit
668 2447 735 2487 ac
789 2432 1163 2489 dominabitur
1205 2451 1370 2505 super
1426 2437 1622 2492 throno
1680 2452 1804 2491 suo.
1858 2437 1923 2490 Et

343 2522 450 2577 erit
480 2523 742 2579 sacerdos
764 2539 794 2579 a
831 2525 1042 2580 dextris
1066 2526 1208 2594 ejus,
1251 2535 1305 2581 et
1339 2528 1480 2581 inter
1528 2536 1790 2598 utrosque
1820 2538 1924 2599 erit

347 2616 637 2670 consilium
676 2617 984 2685 pacificum.
1017 2617 1234 2673 Corona
1263 2631 1445 2673 autem
1480 2620 1924 2688 exspectantibus

348 2706 478 2771 erit,
503 2717 557 2761 et
588 2709 946 2776 optimatibus
981 2709 1122 2778 ejus,
1154 2720 1207 2764 et
1236 2711 1328 2780 qui
1369 2722 1741 2781 cognoverunt
1780 2727 1923 2775 eam,

347 2806 403 2854 et
425 2799 479 2853 in
506 2802 736 2870 gratiam
772 2800 865 2855 ﬁlii
899 2800 1207 2871 SOphonite,
1251 2811 1306 2856 ct
1335 2801 1387 2855 in
1421 2802 1686 2868 psalmum
1739 2802 1925 2856 domui

350 2888 587 2946 Domini.
622 2892 685 2946 Et
715 2895 804 2961 qui
843 2895 1033 2963 procul
1069 2894 1143 2947 iis
1169 2901 1300 2948 sunt
1329 2894 1566 2956 venient,
1607 2902 1660 2947 et
1692 2892 1928 2946 :edilicao

2095 1437 2246 1507 Στίχ.
2282 1436 2438 1491 θ’-ιε’.
2464 1467 2537 1479 -
2582 1457 2601 1490 ι
2649 1436 2759 1490 Καὶ¹
2791 1436 3005 1505 ἐγένετο
3029 1435 3184 1504 λόγος
3213 1435 3417 1506 Κυρίου
3456 1434 3594 1503 πρός

2028 1546 2094 1600 με
2121 1529 2295 1597 λέγων
2315 1544 2331 1558 ⁶
2382 1527 2528 1581 Λάϐε
2558 1527 2627 1581 τά
2666 1530 2730 1581 ἐκ
2764 1522 2863 1596 τῆς
2891 1526 3263 1597 αίχμαλωσίας
3296 1524 3446 1596 παρᾶ
3484 1524 3594 1576 τῶν

1948 1653 1991 1708 Β
2021 1619 2319 1690 ἀρχόντων,
2364 1618 2459 1671 καὶ
2504 1617 2652 1688 παρὰ
2695 1620 2802 1671 τῶν
2847 1620 3133 1688 χρησίμων
3183 1615 3283 1684 τῆς
3329 1615 3453 1684 γῆς,
3500 1613 3595 1665 καὶ

2017 1710 2168 1781 παρὰ
2192 1710 2298 1765 τῶν
2324 1710 2711 1778 ἑπεγνωκότων
2736 1710 2904 1781 αὐτὴν
2929 1707 3080 1777 παρὰ
3119 1704 3296 1759 Ἐλδαῒ
3328 1704 3422 1756 καὶ⁸
3446 1703 3598 1773 παρὰ

2017 1797 2247 1858 Τωϐίου,
2291 1798 2387 1851 καὶ
2428 1798 2579 1869 παρᾶ
2639 1798 2833 1850 Ἰδέου·
2882 1797 2979 1850 καὶ
3022 1795 3306 1864 είσελεύσῃ
3339 1795 3401 1846 σύ
3434 1793 3491 1845 ἐν
3529 1795 3595 1863 τῇ

2017 1889 2201 1959 ἡμέρᾳ
2225 1889 2405 1959 ἐκείνῃ
2432 1892 2511 1951 εἰς
2539 1889 2628 1942 τὴν
2655 1884 2802 1942 οἷκον
2839 1888 3044 1941 Ἰωσίου
3082 1886 3175 1940 τοῦ
3207 1887 3460 1956 Σοφονίου
3495 1888 3595 1942 τοῦ

2018 1980 2244 2049 ⁴ίίλκοντος
2277 1982 2341 2032 ἐκ
2376 1980 2724 2043 Βαϐυλῶνοςο
2770 1981 2864 2034 καί
2890 1980 3032 2052 λήψῃ
3064 1979 3323 2050 ἀργύριον
3350 1983 3443 2035 καὶ
3468 2001 3598 2055 χρυ-

2022 2072 2156 2138 σίον,
2187 2073 2281 2125 καὶ
2308 2073 2551 2142 ποιήσεις
2596 2072 2877 2140 στέφανον,
2928 2071 3021 2124 καὶ
3055 2070 3337 2141 ἐπιθήσεις
3375 2074 3466 2125 ἐπὶ
3498 2075 3601 2142 τὴν

2022 2165 2262 2235 κεφαλὴν
2296 2163 2469 2234 Ἰησοῦ
2498 2164 2592 2218 τοῦ
2630 2165 2875 2219 Ἰωσεδὲκ
2900 2164 2995 2216 τοῦ
3035 2165 3292 2235 μεγάλου,
3323 2166 3417 2218 καὶ
3453 2166 3600 2237 ἐρεῖς

2023 2258 2160 2329 πρὸς
2191 2258 2353 2310 αὐτόν
2374 2274 2386 2285 ·
2421 2257 2559 2311 Τάδε
2594 2257 2741 2327 λέγει
2772 2257 2974 2327 Κύριος
3003 2258 3393 2329 παντοκράτωρ
3417 2274 3430 2287 '
3470 2258 3600 2313 Ἰδοὺ

2021 2349 2179 2419 ἀνὴρ,
2222 2349 2477 2420 Ἀνατολὴ
2505 2349 2675 2419 ὄνομα
2706 2349 2874 2419 αὐτῷ,
2912 2350 3008 2402 καὶ
3052 2350 3403 2405 ὑποκάτωθεν
3431 2351 3602 2405 αὐτοῦ

2022 2428 2295 2504 ἀνατέλεῖ,
2348 2441 2442 2494 καὶ
2493 2438 2837 2511 οἰκοδομήσεί
2873 2440 2965 2494 τὸν
3009 2436 3159 2495 οἷκον
3212 2443 3455 2513 Κυρίου·
3510 2444 3606 2498 καὶ⁵

2023 2532 2183 2595 αὐτὸς
2202 2532 2427 2603 λήψεται
2457 2532 2678 2602 ἀρετὴν,
2703 2532 2797 2584 καὶ
2817 2531 3086 2586 καθιεῖται
3109 2522 3202 2587 καὶ
3223 2532 3481 2605 κατάρξει
3510 2532 3604 2586 ἐπὶ

2026 2621 2216 2692 θρόνου
2256 2621 2461 2675 αὐτοῦ’
2516 2622 2609 2674 καὶ
2655 2621 2808 2673 ἔσται
2859 2621 2888 2673 ό
2940 2622 3118 2692 ἱερεὺς
3162 2623 3235 2675 ἐκ
3259 2621 3468 2687 δεξιῶν,
3509 2623 3606 2677 καὶ

2029 2711 2190 2783 βουλὴ
2241 2712 2491 2783 εἰρηνικὴ
2540 2711 2692 2786 ἐσται
2740 2711 3013 2782 ἀναμέσον
3058 2714 3437 2783 ἀμφοτέρωνο,
3472 2715 3503 2767 δ
3548 2714 3607 2769 δὲ

2028 2804 2288 2872 στέφανος
2332 2804 2486 2856 ἔσται
2515 2806 2628 2865 τοῖς
2664 2804 2995 2874 ὑπομένουσι
3022 2803 3121 2857 καὶ
3156 2807 3269 2869 τοῖς
3315 2805 3608 2877 χρησίμοις

2027 2894 2197 2963 αὐτῆς
2227 2893 2321 2946 καὶ
2353 2895 2465 2955 τοῖς
2505 2892 2871 2959 ἐπεγνωκόσιν
2918 2892 3088 2963 αὐτήν
3108 2910 3123 2924 ·
3158 2896 3256 2947 καὶ·
3284 2897 3365 2958 εἰς
3408 2896 3608 2966 χάριτα

352 2984 486 3038 bunt
539 2984 594 3037 in
645 2984 809 3039 domo
849 2984 1109 3040 Domini:
1151 2993 1207 3037 et
1252 2984 1438 3040 scietis
1499 2984 1625 3052 quia
1669 2982 1928 3039 Dominus

2033 2983 2147 3037 υἰοῦ
2176 2984 2450 3051 Σοφονίου,
2485 2983 2579 3036 καὶ
2618 2984 2699 3046 εἰς
2741 2982 2956 3053 ψαλμὸν
2984 2983 3119 3053 οίκῳ
3152 2985 3362 3054 Κυρίου
3383 3000 3399 3015 ·
3439 2986 3535 3039 καὶ
3558 2987 3608 3038 οἱ

352 3074 701 3143 omnipotens
742 3076 889 3131 misit
914 3090 1000 3129 me
1024 3076 1092 3129 ad
1122 3075 1343 3131 vos.\Et
1388 3076 1512 3139 erit,
1535 3076 1584 3130 si
1631 3076 1928 3132 exaudien-

353 3171 436 3218 tes
462 3164 814 3218 exaudieritis
845 3179 1033 3219 vocem
1068 3163 1282 3219 Domini
1322 3165 1411 3219 Dei
1442 3166 1635 3220 vestri.
1665 3184 1687 3217 ι

2037 3074 2253 3146 μακρὰν
2297 3074 2393 3128 ἀπ’
2426 3073 2604 3129 αὐτῶν
2647 3073 2862 3144 ἥξουσι,
2916 3073 2994 3145 (p.
3028 3074 3155 3146 478)
3192 3076 3286 3129 καὶ
3325 3077 3612 3147 οἰκοδομή-

2036 3183 2221 3219 σουσιν
2267 3166 2327 3217 ἐν
2375 3165 2453 3236 τῷ
2491 3167 2622 3235 οἴκῳ
2655 3164 2862 3235 Κυρίου
2885 3181 2900 3196 ο
2950 3166 3045 3218 καὶ
3080 3165 3352 3234 γνώσεσθε
3387 3168 3471 3221 ὅτι
3497 3169 3613 3222 Κύε

358 3270 473 3323 ριος
525 3255 921 3326 παντοκράτωρ
971 3254 1281 3309 άπέσταλκέ
1318 3272 1384 3328 με
1436 3253 1574 3326 πρὸς
1624 3257 1802 3326 ὑμᾶς·
1854 3256 1953 3311 καὶ
1999 3256 2150 3310 ἔσται
2193 3256 2288 3310 ἐὰν
2326 3257 2612 3321 ἀκούοντες
2646 3254 3002 3329 εἰσακούσητε
3041 3256 3142 3327 τῆς
3185 3260 3367 3329 φωνῆς
3404 3259 3609 3326 Κυρίου

355 3343 448 3399 τοῦ
481 3345 614 3398 Θεοῦ
643 3345 817 3416 ὑμῶν.
855 3365 875 3399 ι

427 3431 896 3498 Quemadmodum
941 3453 1072 3494 vero
1106 3438 1298 3499 beatus
1347 3438 1563 3510 Moyses
1604 3439 1842 3511 Egypto
1877 3454 1936 3495 e—

358 3538 602 3592 gressus,
636 3524 823 3578 divino
852 3526 1012 3593 jussu
1047 3529 1255 3598 accepit
1286 3544 1318 3582 a
1363 3531 1563 3599 populo
1593 3545 1714 3598 qua:
1742 3528 1809 3582 ad
1849 3540 1935 3584 ta-

2103 3439 2316 3509 Ὀνπερ
2336 3437 2411 3508 ιδὴ
2448 3439 2646 3508 τρόπον
2670 3440 2699 3493 ὁ
2741 3438 3007 3509 μακάριος
3035 3438 3245 3508 Μωσῆς
3279 3435 3613 3507 ἐξεληλυθὼς

2030 3530 2129 3599 τῆς
2168 3528 2466 3596 Αἰγύπτου,
2498 3528 2639 3581 κατὰ
2674 3530 3001 3600 πρόσταγμα
3031 3528 3173 3580 θεῖον
3221 3527 3413 3596 εἴληφε
3465 3527 3617 3596 παρὰ

359 3615 640 3669 bcrnaculi
691 3616 977 3671 aedilicium
1024 3627 1391 3691 ornatumque
1436 3619 1813 3684 conferebant,
1862 3621 1929 3673 ita

2032 3619 2126 3672 τοῦ
2160 3616 2291 3671 λαοῦ
2321 3617 2389 3671 τὰ
2431 3618 2568 3687 πρὸς
2601 3619 2950 3688 κατασκευήν
2980 3634 3039 3678 τε
3066 3617 3158 3669 καὶ
3187 3615 3484 3686 εὐκοσμίαν
3511 3615 3614 3684 τῆς

361 3704 551 3760 beatus
584 3720 800 3777 quoque
827 3707 990 3778 319
1012 3707 1306 3766 Zacharias
1342 3711 1569 3780 jubetur
1616 3712 1870 3780 accipere
1907 3726 1937 3765 a

360 3793 659 3849 reducibus
697 3795 765 3851 de
812 3798 1146 3865 captivitate,
1194 3800 1309 3855 sive
1362 3801 1615 3867 ducibus,
1644 3801 1757 3857 sive
1796 3815 1933 3871 quo-

364 3884 661 3941 modolibet
700 3889 980 3959 largiendo
1020 3890 1266 3955 idoneis,
1300 3892 1410 3947 imo
1442 3895 1509 3950 ab
1542 3892 1813 3947 universis
1840 3892 1932 3962 qui

364 3982 594 4047 patriam
629 3993 1103 4048 recuperaverant.
1144 3982 1446 4053 Optimates
1474 3995 1630 4057 terra:
1652 3986 1783 4040 dicit
1813 4000 1931 4047 eos.

366 4068 458 4137 qui
488 4070 559 4123 ob
590 4085 718 4126 suas
741 4071 960 4127 divitias
1002 4073 1253 4129 conferre
1281 4074 1488 4144 aliquid
1531 4076 1659 4129 huic
1693 4076 1818 4130 usui
1848 4091 1938 4129 va-

368 4159 571 4214 lebant.
611 4160 1019 4232 Cognoscentcs
1060 4181 1190 4221 vero
1222 4180 1367 4232 eam,
1410 4149 1543 4221 dicit
1571 4167 1663 4237 qui
1689 4182 1830 4231 eam,
1882 4167 1937 4221 id

367 4258 452 4304 est
485 4252 737 4320 patriam,
762 4264 1244 4322 recuperaverant.
1270 4273 1370 4313 ceu
1404 4258 1506 4335 qui
1536 4266 1735 4327 praeter
1763 4272 1938 4327 spem,

2037 3708 2244 3779 σκηνῆς
2277 3707 2657 3770 συντελοῦντα,
2705 3708 2796 3760 τὸν
2831 3706 2993 3760 αὐτὸν
3024 3705 3088 3775 δὴ
3131 3706 3226 3760 καὶ
3270 3707 3299 3759 ό
3344 3705 3614 3776 μακάριος

2037 3798 2313 3871 Ζαχαρίας
2358 3797 2633 3850 κελεύεται
2668 3796 2818 3867 παρὰ
2855 3795 2964 3849 τῶν
3013 3795 3076 3847 ἐκ
3107 3795 3206 3864 τῆς
3238 3793 3615 3864 αἰχμαλωσίας

2038 3889 2393 3959 ἐληλυθότων,
2448 3888 2556 3940 εἴτε
2594 3887 2928 3959 ἡγουμένων,
2965 3885 3065 3939 εἴθ’
3111 3886 3259 3949 ὅπως
3302 3885 3501 3955 δήποτε
3548 3884 3617 3939 δι’

2039 3980 2300 4049 εὐπορίαν
2329 3979 2653 4049 ἐπιτηδείων
2692 3979 2829 4049 πρὸς
2873 3975 3031 4030 τοῦτο
3075 3978 3170 4031 καὶ
3200 3976 3349 4048 παρὰ
3402 3976 3619 4028 πάντων

2040 4070 2104 4141 δὴ
2128 4070 2236 4126 τῶν
2268 4070 2404 4132 ὅλως
2432 4069 2809 4137 ἀπειληφότων
2833 4067 2901 4120 τὰ
2930 4068 3106 4119 οἰκεῖα
3125 4085 3137 4098 ·
3174 4066 3481 4138 χρησίμους
3521 4066 3621 4136 μὲν

2043 4161 2153 4232 γὰρ
2185 4160 2333 4229 λέγει
2362 4160 2461 4228 τῆς
2490 4160 2612 4231 γῆς,
2640 4160 2765 4223 τοὺς
2800 4157 2867 4210 δι’
2902 4157 3164 4227 εὐπορίαν
3193 4157 3623 4224 συνεισενεγκεῖν

2043 4270 2098 4306 τι
2124 4255 2189 4322 τῇ
2217 4252 2376 4324 χρείᾳ
2403 4250 2733 4321 δυναμένους
2754 4266 2767 4280 ·
2796 4248 3177 4317 ἐπεγνωκότας
3197 4248 3253 4302 δὲ
3284 4247 3473 4316 αὐτὴν,
3495 4247 3622 4310 τοὺς

368 4356 431 4395 ca
467 4342 748 4414 deperdita
784 4346 937 4414 potiti
986 4354 1161 4402 erant.
1201 4345 1294 4403 Sic
1340 4348 1601 4403 nimirum
1648 4364 1677 4402 a
1712 4347 1929 4419 singulis

2048 4343 2418 4414 ἀπειληφότας
2446 4342 2637 4411 αὐτὴν,
2668 4341 2743 4405 ὡς
2781 4342 2911 4411 παρ’
2943 4339 3163 4403 ἐλπίδας
3192 4336 3519 4409 δεξαμένους
3556 4338 3625 4409 ἢν

372 4448 473 4503 pro
496 4450 596 4489 sua
628 4436 786 4505 copia
819 4435 1172 4495 oli‘erentibus
1213 4440 1556 4511 accipiendo,
1589 4439 1811 4495 domum
1848 4437 1937 4493 Dei

372 4526 652 4580 conditum
683 4535 735 4582 et
767 4543 867 4598 pro
896 4529 1162 4599 dignitate
1190 4543 1516 4586 exornatum
1551 4531 1644 4586 iri.
1676 4530 1944 4586 Recitatis

372 4633 503 4671 vero
556 4619 767 4688 aliquot
830 4621 995 4689 etiam
1047 4622 1330 4677 hominum
1391 4623 1705 4677 nominibus
1768 4622 1836 4675 ad
1890 4621 1943 4684 id

374 4709 610 4763 maxime
634 4711 970 4774 idoneorum,
1016 4729 1140 4766 mox
1173 4712 1327 4780 jubet
1369 4712 1437 4766 ad
1471 4711 1635 4767 Josim
1663 4710 1943 4781 Sophonia

376 4800 487 4854 nati
522 4801 743 4857 domum
784 4803 1063 4868 accedere,
1099 4804 1203 4857 viri
1243 4804 1310 4858 de
1344 4802 1673 4873 Babylonica
1713 4802 1945 4872 captivi-

376 4899 490 4948 tate
518 4894 744 4956 reversi,
769 4902 1104 4963 caeterosun
1118 4909 1325 4949 omnes
1354 4894 1514 4962 copia
1537 4906 1720 4948 rerum
1749 4900 1803 4947 et
1831 4893 1948 4946 ala-

377 4984 573 5040 critate
604 4985 673 5040 ad
705 5000 845 5054 opus
888 4987 1216 5053 superantis.
1258 4985 1339 5038 Ab
1368 4985 1470 5039 hoc
1488 4993 1666 5040 autem
1685 4984 1950 5055 quidquid

379 5079 586 5145 argenti
618 5078 847 5153 aurique
878 5078 1132 5132 collatum
1168 5077 1366 5142 fuerit,
1399 5092 1657 5132 coronam
1685 5076 1810 5132 inde
1837 5072 1952 5131 lieri

381 5169 496 5222 vult
529 5171 833 5226 sacerdotis
872 5170 1038 5241 capiti
1085 5170 1491 5241 imponendam,
1546 5170 1612 5224 ad
1659 5169 1953 5225 sacerdotii

383 5270 637 5317 ornatum
672 5277 735 5317 ac
778 5263 967 5318 decus.
1002 5260 1113 5317 Hac
1147 5279 1272 5317 mox
1318 5262 1619 5317 sacerdotis
1652 5261 1815 5331 capiti
1853 5261 1955 5315 im-

388 5356 589 5424 posita,
624 5358 833 5411 moneri
872 5372 997 5412 eum
1026 5357 1165 5421 vult,
1201 5363 1262 5410 ut
1288 5356 1356 5410 de
1387 5346 1531 5410 retro
1569 5355 1837 5423 expositis
1869 5368 1955 5407 re-

389 5445 495 5500 bus
544 5446 732 5499 multis
780 5460 845 5500 ac
889 5448 1144 5502 maximis
1205 5448 1455 5501 fiduciam
1501 5453 1702 5500 sumat.
1742 5444 1953 5499 Etenim

387 5526 571 5587 divina
617 5533 886 5586 sententia
933 5536 1105 5587 virum
1150 5536 1487 5605 apparuisse,
1536 5535 1624 5587 cui
1670 5550 1734 5587 cx
1772 5547 1953 5587 rerum

390 5632 589 5680 eventu
620 5636 818 5677 nomen
854 5632 938 5678 cst
966 5624 1195 5685 Oriens;
1225 5625 1354 5678 dicit
1390 5642 1512 5679 vero
1540 5624 1952 5686 Zorobabclcm,

2044 4436 2460 4490 ἀπολωλέκεσαν
2506 4435 2637 4505 ἤδη·
2695 4433 2835 4489 ὥστε
2899 4433 3051 4501 παρὰ
3104 4431 3309 4485 τούτων
3368 4430 3624 4485 ἁπάντων

2045 4529 2275 4582 ἑκάστου
2307 4527 2372 4598 δὴ
2404 4525 2473 4579 τὰ
2508 4524 2648 4579 κατὰ
2690 4524 2919 4595 δύναμιν
2944 4525 3288 4594 εἰσφέροντος
3320 4523 3505 4577 λαϐεῖν
3532 4524 3626 4576 ἐπὶ

2044 4620 2122 4691 τῷ
2153 4622 2245 4674 τὸν
2265 4616 2413 4675 οἷκον
2449 4619 2545 4672 τοῦ
2577 4618 2711 4672 Θεοῦ
2754 4617 3006 4687 γενέσθαι
3032 4634 3091 4670 τε
3131 4618 3224 4671 καὶ
3258 4617 3622 4688 κοσμηθῆναι,

2047 4713 2140 4765 καὶ
2185 4710 2327 4764 κατὰ
2357 4709 2420 4763 τὸ
2467 4709 2763 4780 προσῆκον.
2798 4708 3051 4780 Εἰρηκὼς
3092 4707 3277 4761 δὲ’καί
3322 4724 3484 4761 τινων
3509 4708 3625 4760 ovo-

2051 4802 2252 4874 μασίας
2310 4801 2419 4853 τῶν
2482 4800 2715 4870 μάλιστα
2758 4799 2834 4862 ὡς
2893 4799 3042 4861 εἰκὸς
3085 4798 3449 4869 ἐπιτηδείων,
3490 4796 3626 4867 πρὸς

2048 4893 2205 4947 τοῦτο
2257 4892 2467 4945 κελεύει
2512 4894 2592 4954 είς
2631 4890 2723 4944 τὸν
2781 4889 2986 4944 Ἰωσίου
3035 4889 3128 4943 τοῦ
3176 4889 3429 4958 Σοφονίου
3480 4883 3626 4940 οἷκον

2048 4983 2450 5054 εἰσεληλυθότα,
2480 4981 2795 5055 ἐληλυθότος
2844 4982 2944 5053 μὲν
2973 4983 3036 5034 ἐκ
3068 4981 3167 5051 τῆς
3195 4980 3338 5035 κατὰ
3378 4980 3479 5050 τὴν
3521 4977 3626 5031 Βα-

2050 5073 2263 5127 ϐυλῶνα
2310 5072 2683 5143 αἰχμαλωσίας
2728 5072 2821 5125 καὶ
2870 5070 3060 5134 αὐτοῦ,
3106 5070 3364 5133 νικῶντος
3407 5070 3465 5122 δὲ
3496 5067 3626 5131 τοὺς

2052 5165 2247 5228 ἄλλους
2280 5166 2373 5217 καὶ
2402 5163 2633 5234 εὐπορία
2660 5163 2757 5217 καὶ
2798 5165 2865 5234 τῇ
2896 5162 3024 5232 περὶ
3068 5161 3129 5215 τὸ
3158 5163 3394 5232 πρᾶγμα
3426 5157 3629 5230 προθυ·

2057 5257 2174 5328 μίᾳ.
2211 5256 2314 5310 Καὶ
2362 5256 2425 5326 δὴ
2472 5255 2838 5327 κομισάμενον
2881 5253 3142 5325 ἀργύριόν
3177 5270 3238 5306 τε
3267 5253 3363 5306 καὶ
3394 5249 3617 5322 χρυσίον

2055 5347 2251 5400 ὁπόσον
2300 5341 2548 5415 ἀναδιδῷ,
2607 5343 2868 5413 στέφανον
2901 5343 2961 5408 ἐξ
3009 5342 3171 5397 αὐτοῦ
3219 5338 3628 5395 κατασκευάσαι

2054 5438 2147 5492 τὸν
2167 5438 2474 5492 ἐπικεῖσθαι
2488 5439 2554 5508 τῇ
2570 5435 2665 5489 τοῦ
2682 5437 2725 5489 is
2734 5435 2872 5507 ρέως
2888 5435 3169 5504 ὀφείλοντα
3191 5433 3424 5503 κεφαλῇ,
3436 5432 3517 5494 εἰς
3530 5430 3629 5499 τὴν

2056 5530 2154 5598 τῆς
2176 5529 2477 5599 ίερωσύνης
2498 5526 2794 5597 εὐκοσμίαν
2825 5541 2884 5578 τε
2924 5525 3016 5578 καὶ
3036 5524 3387 5595 εὐπρέπειαν.
3412 5525 3469 5592 (p
3502 5520 3627 5589 479)

2059 5620 2259 5673 Τοῦτον
2304 5621 2357 5673 δὲ
2390 5621 2643 5690 γεγονότα
2672 5617 2937 5672 ἐπιθεῖναι
2972 5616 3075 5685 μὲν
3105 5617 3170 5686 τῇ
3198 5613 3289 5667 τοῦ
3321 5615 3509 5681 ἱερέως
3538 5627 3632 5664 κει
