4022 6138
384 231 477 288 561

1282 235 1839 295 COMMENTARIUS
1872 238 1942 297 ΙΝ
1977 239 2344 299 ZACIiARI/E
2378 240 2532 300 CAP.
2570 241 2681 300 VII.

3524 242 3631 300 ειε

380 347 541 414 γαλῇ,
573 344 749 398 εἰπεῖν
769 346 825 400 δὲ
854 347 989 419 πρὸς
1017 347 1181 403 αὐτὸν
1212 349 1290 414 ὥς
1330 351 1397 405 ἂν
1428 352 1554 424 περὶ
1589 353 1697 408 τῶν
1728 371 1948 429 προκει-

2055 357 2121 412 ad
2143 358 2375 426 regalem
2406 354 2775 427 principatum
2795 354 2865 410 ab
2898 353 3034 426 ipsis
3054 354 3219 411 rebus
3249 354 3418 427 gestis
3448 365 3628 425 spten-

382 434 580 504 μένων,
606 435 821 490 πολλῶν
840 454 900 508 τε
923 437 1094 493 ὄντων
1121 441 1214 493 καὶ
1237 441 1527 511 μεγίστων,
1550 443 1662 514 ἔχοι
1685 444 1907 517 θαρρεῖν
1931 462 1944 475 ·

378 528 458 579 ὄτι
503 525 701 598 γνώμῃ
738 526 858 597 θείᾳ
907 530 1048 601 ἀνὴρ
1100 533 1494 609 ἀναπέςανται,
1540 529 1696 607 ᾧπερ
1749 539 1814 590 ἐκ
1852 535 1949 590 τοῦ

376 615 698 686 πράγματος
720 617 892 688 ὄνομα
931 621 1206 692 ’Δνατολή.
1235 623 1396 692 Λέγει
1422 625 1478 678 δὲ
1502 624 1596 678 τὸν
1618 625 1948 698 Ζοροϐάϐελ,

375 704 452 770 ὦς
474 708 567 759 ἐπὶ
592 709 694 778 τῆς
725 708 1009 782 βασιλικῆς
1036 714 1329 785 ἡγεμονίας
1372 715 1445 768 δι’
1484 716 1665 770 αὐτῶν
1700 717 1949 787 λαμπρὸν

378 797 710 868 φανούμενον
739 799 848 853 τῶν
878 804 1253 874 πραγμάτωνἱ
1290 823 1308 857 ι
1348 806 1624 860 ’Δνατελεῖ
1649 807 1728 873 δὲ,
1761 808 1945 878 φησὶν,

376 887 730 943 ὑποκάτωθεν
756 891 923 945 αὐτοῦ
946 910 960 927 ·
992 913 1015 948 ι
1042 896 1160 950 ἀντὶ
1189 896 1307 951 τοῦ⁸
1330 897 1491 951 Πᾶσα
1534 891 1857 970 λαμπρότης
1886 899 1948 967 ἐξ

374 977 538 1031 αὑτοῦ
569 981 854 1051 περιέσται
887 983 970 1054 τῷ
1004 984 1196 1055 πλήθει
1240 986 1350 1039 τῶν
1405 987 1713 1042 Ἰουδαίωνο
1754 990 1848 1045 τόν
1886 1008 1948 1044 τε

372 1068 482 1137 γὰρ
513 1068 640 1122 ναὸν
672 1065 827 1136 οὗτος
851 1074 1213 1146 οἰκοδομήσει,
1243 1078 1336 1129 καὶ
1370 1079 1550 1131 πᾶσαν
1576 1080 1642 1133 ἐκ
1668 1081 1770 1147 τῆς
1797 1080 1951 1143 θείας

373 1162 546 1233 ῥοπῆς
577 1162 783 1234 ἀρετὴν
829 1167 1186 1238 περιθέμενος
1226 1170 1318 1226 ἐπὶ
1360 1170 1457 1239 τῆς
1485 1169 1769 1240 βασιλικῆς
1811 1170 1948 1224 καθ-

369 1251 533 1323 έδρας
564 1254 808 1325 διαμενεῖ
834 1255 1083 1326 βεσαίως.
1132 1260 1226 1313 Ἐκ
1248 1261 1440 1313 τούτου
1460 1261 1523 1332 δή
1542 1277 1622 1315 σοι
1648 1262 1709 1314 τὸ
1722 1262 1948 1333 θαρρεῖν

370 1344 501 1414 περὶ
548 1345 659 1397 τῶν
709 1348 1084 1419 προκειμένων
1131 1352 1449 1419 περιέσται·
1500 1351 1600 1424 ἔσῃ
1644 1352 1753 1424 γὰρ
1798 1353 1948 1424 αὐτῷ

372 1434 511 1503 μετᾶ
541 1435 746 1506 πολλῆς
781 1438 953 1493 συνὼν
981 1443 1083 1512 τῆς
1123 1442 1289 1512 τιμῆς
1307 1457 1323 1473 ’
1353 1442 1512 1496 τοῦτο
1548 1443 1661 1513 γὰρ
1690 1443 1837 1512 λέγει
1864 1445 1945 1511 τὸ,

377 1544 397 1576 ι
446 1526 640 1581 Ἔσται
667 1530 732 1583 ἐκ
754 1529 944 1595 δεξιῶν
963 1532 1151 1597 αὐτοῦ,
1184 1552 1204 1586 ι
1227 1535 1478 1604 ὁμονοίας
1510 1536 1572 1588 ἐν
1594 1537 1945 1606 ἀμφοτέροις,

360 1615 501 1683 νύμίν
545 1615 891 1688 κρατούσηςο
924 1620 1003 1684 ὡς
1043 1621 1127 1674 σοί
1167 1638 1226 1674 τε
1274 1621 1345 1676 τὰ
1379 1624 1687 1695 πράγματα
1716 1626 1807 1678 διὰ
1842 1627 1947 1696 τῆς

370 1703 656 1776 βασιλικῆς
677 1705 925 1773 ἐξουσίας
949 1710 1195 1778 γίνεσθαι
1222 1710 1594 1784 ρᾴω,’ἐκεῖνόν
1631 1732 1692 1767 τε
1722 1715 1947 1788 διὰττῆς

371 1793 471 1863 σῆς
504 1796 816 1867 ἱερουργίας
863 1800 1061 1871 πολλῆς
1106 1804 1393 1873 τυγχάνειν
1427 1805 1530 1874 τῆς
1562 1805 1709 1868 θείας
1749 1806 1942 1877 ῥοπῆς.

380 1883 441 1937 ὐ
472 1885 530 1938 δέ
562 1903 625 1954 γε
654 1889 721 1941 ὲκ
752 1889 853 1942 τοῦ
880 1892 1253 1962 περιτεθέντος
1282 1895 1548 1963 στεφάνου
1589 1897 1812 1967 κόσμος,
1843 1899 1945 1951 οὐκ

367 1978 535 2031 αὐτοῦ
568 1980 753 2049 μόνου,
789 1985 992 2049 παντὸς
1028 1987 1086 2040 δὲ
1123 1988 1344 2052 ἔπαινος
1371 1989 1523 2042 ἔσται
1570 1989 1664 2043 τοῦ
1709 1991 1947 2062 πλήθους

367 2065 478 2120 τῶν
498 2086 559 2121 τε
594 2071 732 2142 πρὸς
757 2074 860 2145 τὴν
889 2075 1038 2131 θείαν
1068 2079 1321 2150 ὁρώντων
1352 2079 1561 2144 ἐλπίδα,
1586 2083 1680 2136 καὶ
1711 2082 1822 2137 τῶν
1850 2084 1946 2139 νῦν

366 2156 435 2213 τά
479 2161 809 2233 ἐνδεχόμενα
850 2167 1311 2240 συμϐαλλομένων
1342 2172 1476 2245 πρὸς
1507 2172 1608 2241 τὴν
1649 2174 1744 2228 τοῦ
1794 2176 1945 2230 οἴκου

368 2253 738 2321 κατασκευὴν,
782 2258 878 2310 καὶ
928 2259 1035 2331 πρό
1068 2276 1133 2327 γε
1170 2261 1393 2315 πάντων
1420 2262 1513 2316 τοῦ
1544 2264 1795 2333 Σοφονίου
1818 2283 1945 2320 τοσ-

368 2342 540 2416 αύτην
571 2345 1009 2420 ἐπιδεδειγμένον
1053 2354 1157 2423 τὴν
1198 2352 1532 2424 φιλοτιμίαν.
1582 2356 1648 2408 Ἀ
1673 2356 1738 2426 δὴ
1768 2358 1945 2412 πάντα

368 2434 559 2529 γέγονέ
590 2454 673 2529 *τε
719 2440 817 2493 καὶ
864 2442 1093 2510 γίνεται,
1133 2445 1209 2508 ὡς
1255 2445 1324 2499 ἂν
1365 2445 1617 2518 διηνεκὴς
1645 2448 1680 2518 ῆ
1737 2466 1797 2529 τε
1836 2452 1945 2503 τῶν

374 2524 564 2595 ἱερέων
589 2527 925 2602 λειτουργία,
956 2534 1048 2588 καὶ
1080 2538 1130 2588 oi
1165 2535 1255 2589 διά
1296 2536 1408 2591 τῶν
1453 2538 1742 2592 συνιόντων
1768 2524 1946 2611 ’ὓμνοι

374 2619 509 2689 πρὸς
535 2622 624 2675 τὸν
658 2623 794 2679 Θεὸν
820 2627 1226 2697 ἐκπληροῦσθαι
1269 2630 1533 2683 δύναιντο.
1570 2630 1645 2700 (p.
1682 2630 1806 2702 480)
1838 2634 1947 2686 Καὶ

2055 449 2182 505 dide
2193 453 2467 504 evectum.
2482 466 2501 500 ι
2517 447 2953 514 Oricturautem,
2972 446 3171 518 inquit,
3182 447 3374 502 subter
3388 446 3563 516 ipsum
3577 464 3593 511 ;
3605 465 3624 496 ι

2053 542 2108 597 id
2126 550 2229 608 est,
2251 540 2492 598 Claritas
2519 540 2700 594 omnis
2738 555 2804 594 ex
2852 554 2918 593 eo
2949 540 3148 593 conﬂet
3180 539 3381 609 populo
3406 535 3625 593 Judaeu-

2050 646 2204 699 rum;
2239 647 2367 686 nam
2404 631 2669 701 templum
2706 631 2794 685 hic
2819 629 3132 696 :edilieabit,
3169 632 3391 685 etomni
3422 631 3626 687 virtute

2053 722 2166 779 Deo
2196 724 2424 792 juvante
2445 732 2676 777 ornatus
2711 723 2764 776 in
2802 722 2969 792 regali
3008 722 3138 776 sede
3172 723 3414 777 manebit
3461 722 3625 775 firmi.

2050 823 2157 871 ter.
2202 814 2341 869 liinc
2386 814 2485 870 tibi
2519 813 2799 870 conlidere
2841 815 3122 884 praedictis
3181 815 3348 870 rebus
3402 815 3623 881 licebit;

2048 908 2252 963 etenim
2286 922 2470 962 secum
2501 909 2676 961 multo
2705 896 2828 961 cum
2851 907 3061 961 honore
3090 909 3422 964 versaberis.
3467 906 3627 960 Nam-

2049 1014 2157 1068 que
2178 998 2250 1051 ita
2282 998 2468 1051 valent
2509 997 2697 1061 verba,
2735 1016 2752 1048 ι
2782 997 2821 1051 Α
2856 996 3066 1052 dextris
3118 997 3238 1067 ejus
3286 998 3412 1062 erit,
3442 1016 3459 1048 ι
3491 1013 3626 1051 con-

2050 1089 2239 1144 cordia
2273 1090 2416 1143 inter
2453 1105 2550 1144 vos
2587 1089 2777 1144 ambos
2810 1097 3218 1157 perseverante,
3268 1090 3341 1142 ita
3372 1099 3428 1143 ut
3455 1097 3509 1143 et
3535 1104 3624 1145 res

2048 1189 2157 1235 tute
2179 1181 2378 1249 regalis
2440 1188 2759 1250 potentatus
2811 1195 2913 1248 ope
2944 1179 3072 1233 (iant
3120 1181 3391 1242 meliores,
3441 1192 3488 1234 et
3533 1181 3625 1236 ille

2050 1282 2274 1342 propter
2299 1281 2455 1325 tuum
2486 1269 2856 1326 sacerdotium
2889 1270 3077 1325 divino
3104 1269 3430 1325 fulcimento
3470 1271 3625 1325 frna-

2052 1368 2162 1414 tur.
2222 1359 2339 1414 Jam
2390 1371 2445 1417 et
2475 1362 2744 1429 imposita
2791 1374 3011 1414 coronae
3064 1370 3443 1414 ornamentum
3477 1354 3622 1413 haud

2052 1451 2150 1505 tibi
2187 1451 2290 1520 ipsi
2348 1460 2582 1517 tantum,
2618 1450 2711 1505 sed
2737 1450 2996 1509 universo
3029 1453 3230 1518 populo
3265 1451 3409 1504 laudi
3462 1452 3627 1541 πρ

2049 1543 2176 1604 erit,
2201 1542 2441 1596 divinam
2474 1556 2624 1611 spem
2659 1557 2770 1612 prae
2797 1543 2974 1596 oculis
3013 1542 3232 1596 babenti
3261 1549 3315 1596 et
3353 1557 3497 1595 nunc
3525 1557 3626 1612 pro

2049 1635 2259 1688 viribus
2308 1633 2375 1686 ad
2434 1632 2619 1703 templi
2682 1633 2975 1688 {editicium
3043 1634 3238 1702 stipem
3294 1631 3621 1697 conferenti,

1980 1760 2021 1814 Β
2052 1724 2330 1796 Soplmnia
2378 1724 2432 1777 in
2475 1724 2671 1793 primis
2722 1730 2937 1777 tantum
2996 1724 3075 1777 rei
3114 1721 3357 1776 studium
3419 1736 3528 1792 prae
3566 1736 3626 1778 se

2051 1815 2283 1869 ferente.
2312 1814 2449 1880 Quae
2474 1815 2659 1867 omnia
2693 1822 2748 1868 et
2780 1812 2923 1867 facta
2962 1820 3091 1868 sunt
3121 1823 3176 1867 et
3212 1816 3370 1877 iiunt,
3418 1822 3478 1867 ut
3511 1829 3627 1882 per-

2049 1916 2271 1976 petuum
2304 1905 2650 1959 sacerdotum
2688 1905 2759 1959 sit
2803 1904 3193 1969 ministerium,
3239 1912 3294 1957 et
3327 1918 3628 1974 congrega-

2047 2005 2228 2051 torum
2277 1999 2333 2050 in
2364 1997 2563 2066 templo
2593 1997 2780 2066 hymni
2827 1996 2895 2050 ad
2939 1995 3107 2051 Deum
3146 1996 3333 2051 extolli
3387 1997 3623 2066 possint.

2049 2086 2162 2141 lino
2193 2096 2245 2141 et
2278 2088 2605 2159 longinquos
2639 2087 2907 2155 plurimos
2953 2086 3060 2141 huc
3092 2097 3491 2143 concurrentes
3539 2089 3625 2142 vi-

2051 2179 2277 2241 debitis,
2311 2179 2616 2248 symbolam
2662 2191 2816 2232 suam
2872 2178 2940 2232 ad
2971 2178 3157 2247 templi
3210 2176 3626 2233 adiﬁcationem

2051 2269 2419 2326 conferentes.
2489 2268 2672 2335 Quare
2720 2285 2787 2325 ex
2837 2269 2996 2324 factis
3052 2270 3190 2339 ipsis
3261 2271 3625 2341 perspicuum

2053 2362 2308 2418 omnibus
2346 2361 2435 2416 [let
2472 2377 2560 2416 me
2608 2360 2703 2416 Dei
2760 2363 3031 2417 sententia
3067 2364 3182 2417 tunc
3230 2364 3623 2418 nuntiauit-um

2051 2454 2120 2509 ad
2142 2469 2240 2511 vos
2268 2453 2519 2520 venisse;
2553 2467 2675 2523 quae
2702 2452 2924 2522 quidem
2975 2455 3184 2508 exitum
3236 2470 3397 2510 suum
3443 2455 3631 2508 nanci-

2052 2554 2293 2609 scentur,
2322 2544 2367 2598 si
2397 2559 2497 2599 vos
2529 2558 2678 2601 certe
2700 2544 2961 2615 legitimis
2994 2546 3467 2602 meisobedientes
3496 2560 3629 2600 con-

2053 2643 2266 2690 stanter
2294 2635 2532 2689 fueritis.

377 2710 491 2782 γὰρ
530 2713 595 2784 δὴ
632 2715 727 2769 καὶ
773 2718 885 2772 τῶν
915 2720 1197 2790 πόρρωθεν
1234 2720 1405 2774 όντων
1440 2722 1728 2786 πλείστους
1759 2725 1918 2789 ὅσους
1954 2728 2343 2800 συντρέχοντας
2370 2728 2586 2797 ΙΒιζκεσθε,
2617 2728 2688 2782 τὰ
2727 2729 2855 2799 παρ’
2889 2728 3093 2780 ἑαυτῶν
3126 2730 3204 2791 είς
3227 2728 3327 2800 τὴν
3357 2727 3448 2781 τοῦ
3479 2726 3628 2781 οἴκου

387 2805 819 2877 συνεισφέροντας
846 2811 1167 2881 οἰκοδομήν⁸
1202 2813 1278 2877 ὡς
1319 2815 1379 2878 ἐξ
1407 2814 1585 2867 αὐτῶν
1616 2814 1880 2886 πρόδηλον
1912 2816 2081 2871 ἅπασι
2128 2819 2378 2887 γενέσθαι
2423 2820 2533 2871 τῶν
2578 2820 2940 2889 πραγμάτων,
2990 2820 3069 2872 ὅτι
3114 2819 3307 2893 γνώμῃ
3354 2818 3488 2872 Θεοῦ
3533 2818 3630 2873 νῦν

383 2895 855 2969 εὐαγγελιούμενος
884 2902 1027 2972 ὑμᾶς
1048 2904 1284 2973 ἐλήλυθα
1310 2907 1501 2971 ταῦτα,
1530 2905 1674 2977 ἅπερ
1710 2894 1806 2960 οὖν
1835 2908 1930 2963 καὶ
1964 2908 2100 2981 πρὸς
2131 2913 2303 2984 πέρας
2330 2910 2863 2982 ἐλεύσεται,λέἀνπερ
2895 2911 3205 2981 διαμείνητε
3242 2915 3353 2975 τοῖς
3378 2910 3630 2983 νομίμοις

373 2990 763 3058 ἐσπουδακότες
788 2994 1069 3050 πείθεσθαι
1098 3000 1215 3061 τοῖς
1238 3000 1411 3070 ἐμοῖς.

1032 3114 1191 3170 ΚΕΦ.
1232 3108 1309 3169 Z'.

435 3198 587 3269 Στίχ.
642 3199 768 3253 α’-ε’
827 3230 898 3240 —
930 3203 1087 3259 Μετὰ
1126 3204 1285 3257 τοῦτο
1331 3205 1501 3275 λέγει,
1545 3207 1790 3278 τετάρτῳ
1838 3206 1948 3261 ἔτει

366 3292 748 3360 βασιλεύοντος
797 3280 1037 3364 Δαρείου
1070 3297 1406 3351 ἀπεστάλθαι
1463 3299 1562 3368 μέν
1616 3315 1765 3362 τινας
1819 3300 1949 3369 παρ’

364 3384 521 3438 ἐνίων
562 3384 673 3437 τῶν
703 3388 762 3439 ἐν
792 3389 905 3450 τοῖς
933 3387 1234 3460 ἀλλοτρίοις
1279 3389 1374 3442 τοῦ
1431 3390 1821 3461 Ἰσραηλιτικοῦ
1855 3390 1949 3460 βαι

367 3475 719 3543 σιλευόντων,
757 3478 898 3548 προς
931 3480 1056 3542 τοὺς
1102 3480 1194 3532 ἐπὶ
1241 3480 1340 3550 τῆς
1384 3480 1737 3552 Ἰερουσαλὴμ
1787 3483 1949 3553 ἱερεῖς

362 3584 420 3620 τε
465 3569 567 3623 καὶ
614 3572 931 3639 προφήτας⁸
979 3569 1119 3623 ὥστε
1166 3571 1517 3636 ἐξιλάσασθαι
1552 3573 1651 3643 μὲν
1680 3573 1811 3625 Θεὸν
1851 3572 1946 3625 θυ-

362 3657 506 3722 σίαις
546 3660 689 3730 ὑπὲρ
728 3654 804 3714 ὧν
833 3663 1176 3733 ἡμαρτηκόσι
1208 3664 1504 3734 συνῄδεσαν
1537 3664 1748 3727 ἑαυτοῖς
1768 3681 1781 3695 ο
1810 3666 1948 3734 ἐρω-

361 3750 529 3818 τῆσαι
559 3750 618 3803 δὲ
663 3753 757 3804 καὶ
799 3752 986 3821 μαθεῖν
1012 3755 1062 3807 εί
1087 3755 1178 3807 τὸν
1210 3757 1407 3809 οἰκεῖον
1435 3754 1705 3826 ἀπείληφε
1748 3754 1949 3825 κόσμον

360 3842 389 3894 ὁ
416 3842 515 3895 τοῦ
570 3840 707 3895 Θεοῦ
742 3842 892 3907 ναὸς,
932 3843 1009 3908 ὡς
1057 3845 1123 3899 ἂν
1148 3846 1241 3900 καὶ
1284 3849 1406 3911 ταῖς
1458 3845 1826 3917 καθηκούσαις
1859 3846 1951 3898 ἐπὶ

357 3936 424 4003 τῇ
452 3933 555 3988 τοῦ
606 3932 756 3987 θείου
795 3933 1065 4007 θεραπείᾳ
1090 3928 1384 4008 χρήσαιντο
1431 3937 1725 4009 νηστείαις.
1771 3938 1953 4008 Ὅπερ

357 4017 451 4074 οὖν
490 4021 597 4076 καὶ
643 4023 1008 4092 πεποιήκασιν
1052 4025 1146 4077 ἐπὶ
1180 4025 1388 4079 πλείοσι
1434 4029 1548 4090 τοῖς
1588 4026 1764 4079 ἔτεσιν
1810 4026 1947 4097 ῆδηο

356 4113 660 4182 γεγονότος
702 4112 761 4166 δὲ
799 4112 987 4166 τούτου
1031 4116 1162 4186 παρ’
1201 4117 1445 4180 ἐκείνων,
1476 4118 1573 4171 καὶ
1610 4114 1673 4188 δὴ
1705 4118 1799 4171 καὶ
1841 4116 1951 4171 τῶν

356 4206 804 4276 ἀπεσταλμένων
847 4208 1127 4277 παρόντων
1167 4226 1228 4263 τε
1263 4208 1356 4262 καὶ
1388 4208 1486 4278 τὴν
1530 4209 1719 4281 χρείαν
1751 4210 1953 4281 ἐκπλη-

358 4299 613 4371 ρούντων
642 4298 727 4368 ἐφ’
756 4293 897 4371 ᾗπερ
929 4296 1068 4370 ἦσαν
1105 4300 1525 4370 ἀπεσταλμένοι,
1566 4301 1633 4354 δι’
1674 4303 1950 4357 ἀποκαλύ-

353 4393 503 4460 ψεως
532 4392 666 4455 οἵας
708 4391 787 4462 τῷ
821 4393 1075 4464 προφήτῃ
1119 4392 1478 4463 κελευσθῆναι
1510 4393 1681 4446 ταῦτα
1712 4376 1851 4464 πρός
1892 4412 1952 4448 τε

2684 3091 2835 3148 CAP.
2880 3090 2991 3149 Vil.

2125 3208 2288 3264 Vens.
2346 3207 2475 3264 1-5.
2515 3238 2585 3249 —-
2622 3207 2815 3262 Postea
2888 3206 3021 3261 dicit
3074 3213 3273 3278 quarto
3337 3207 3485 3262 Darii
3538 3222 3628 3264 re-

2050 3304 2267 3374 gnantis
2298 3318 2440 3355 anno
2471 3300 2672 3355 missos
2721 3299 2893 3353 fuisse
2941 3299 3158 3368 aliquos
3215 3313 3245 3351 a
3296 3295 3628 3368 quibusdam

2049 3396 2140 3464 qui
2167 3394 2310 3448 inter
2342 3393 2680 3462 alienigenas
2708 3389 3019 3445 isracliticze
3040 3388 3187 3459 genti
3220 3387 3627 3457 imperitabant,

2051 3486 2116 3539 ad
2143 3486 2456 3540 sacerdotes
2495 3486 2548 3537 in
2583 3483 2719 3537 urbe
2745 3481 3086 3535 Hierusalem
3122 3489 3282 3549 atque
3307 3479 3630 3547 prophetas,

2049 3585 2111 3631 ut
2151 3575 2318 3631 Deum
2356 3574 2642 3630 sacriﬁciis
2670 3574 3066 3642 placarentpro
3099 3569 3215 3623 suis
3244 3582 3476 3637 quorum
3493 3583 3627 3622 con-

2052 3668 2152 3721 scii
2183 3673 2340 3719 erant
2376 3664 2650 3735 peccatis;
2682 3672 2848 3732 atque
2880 3670 2938 3715 ut
2968 3661 3321 3728 exquirerent
3358 3673 3487 3714 num
3538 3673 3631 3714 sa-

2052 3759 2124 3812 tis
2157 3757 2519 3811 conveniente
2547 3763 2745 3809 ornatu
2776 3752 3039 3823 templum
3057 3749 3153 3805 Dei
3180 3750 3513 3806 instructum
3549 3764 3633 3806 es-

2054 3855 2290 3916 set,quo
2324 3846 2427 3916 ipsi
2460 3844 2524 3898 ad
2560 3844 2653 3899 Dei
2690 3845 2955 3899 honorem
2983 3857 3225 3913 congrua
3250 3841 3460 3910 jejunia
3495 3855 3628 3910 per-

2053 3943 2318 4008 agerent;
2346 3935 2492 4005 quod
2531 3934 2780 4005 pluribus
2811 3935 2922 4004 jam
2964 3933 3124 3990 annis
3158 3932 3436 3987 iecerant.
3470 3930 3628 3996 Quod

2053 4043 2176 4082 cum
2210 4028 2289 4082 illi
2334 4027 2603 4098 egissent,
2648 4027 3017 4098 praesentibus
3063 4025 3155 4096 qui
3196 4024 3350 4079 missi
3389 4022 3629 4086 fuerant.

2054 4126 2108 4174 et
2137 4119 2545 4190 negotiocujns
2591 4133 2757 4173 causa
2805 4124 3070 4172 venerant
3118 4123 3363 4188 peracto,
3408 4130 3503 4185 per
3544 4129 3633 4169 re-

2052 4211 2378 4266 velationem
2409 4209 2673 4281 propheta
2719 4211 2910 4280 jussus
2944 4217 3027 4265 est
3078 4209 3194 4264 haec
3241 4208 3426 4264 omnia
3484 4204 3631 4277 apud

2055 4303 2371 4357 universum
2398 4307 2558 4355 terra:
2587 4300 2844 4371 populum
2873 4298 3297 4369 sacerdotesque
3317 4299 3628 4357 enuntiare,

2057 4409 2179 4464 qua:
2204 4394 2415 4449 scilicet
2445 4393 2596 4461 ipsos
2627 4406 2845 4461 quoque
2886 4392 3029 4445 scire
3064 4392 3386 4461 oportebat;
3417 4398 3476 4443 ut
3511 4402 3634 4457 quae

353 4445 623 4539 λαδν
645 4445 877 4537 ,ἅπαντα
1027 4445 1131 4554 γῆς
1175 4485 1270 4536 καὶ
1299 4445 1424 4547 τούς
1455 4486 1619 4554 ἱερεῖς
1661 4445 1948 4557 διαλεχθῆ;

2063 4445 2407 4464 γ-η---ηι
2636 4445 2659 4461 τ
2756 4445 2770 4460 .
3103 4445 3114 4461 .
3238 4445 3243 4446 κ
3373 4445 3386 4457 ι
3531 4445 3543 4457 .

2054 4485 2395 4547 dicerentur,
2433 4498 2541 4537 non
2566 4483 2922 4552 pepularibus
2969 4492 3208 4546 tantum,
3239 4496 3426 4535 rerum
3465 4480 3632 4533 etiam

353 4594 477 4630 ναι·
514 4578 675 4645 άπερ
700 4570 794 4627 οὖν
822 4574 1106 4636 κάκείνους
1140 4574 1331 4644 μαθεῖν
1364 4575 1636 4646 παρόντας
1662 4577 1850 4647 ἐχρῆν,
1876 4576 1951 4640 ὡς

357 4666 425 4721 ἂν
452 4667 518 4720 τὸ
549 4664 875 4734 λεγόμενον,
927 4663 1001 4735 μὴ
1046 4664 1155 4716 τῶν
1201 4665 1416 4718 οἰκείων
1454 4666 1633 4736 μόνον,
1679 4667 1816 4719 ἀλλά
1859 4668 1952 4720 καὶ

354 4756 469 4812 τῶν
516 4754 867 4825 ὲῖηλυθότων
907 4754 1004 4826 ἔχῃ
1035 4755 1403 4813 διδασκαλίαν.
1445 4753 1554 4809 Ἦν
1585 4757 1641 4810 δὲ
1683 4756 1752 4810 τὰ
1795 4758 1953 4826 λεγό-

361 4863 505 4915 μενα
550 4844 768 4898 ταῦτα’
814 4845 887 4897 Ού
936 4845 1136 4916 σπουδή
1199 4862 1320 4915 μοι,
1375 4845 1541 4915 φησι,
1595 4844 1955 4915 νηστεύοντας

362 4939 509 5009 ὑμᾶς
565 4936 668 4991 καὶ
708 4936 1074 5007 κοπτομένους
1124 4936 1375 5008 βλέπειν·
1406 4939 1467 4991 οὐ
1505 4936 1613 5007 γὰρ
1651 4941 1709 4990 ἐν
1747 4937 1956 5003 τούτοις

357 5031 460 5102 τὴν
497 5027 748 5102 ἐμαντοῦ
801 5027 1020 5099 τίθεμαι
1070 5028 1401 5101 θεραπείαν·
1453 5030 1544 5081 ἐπὶ
1586 5027 1955 5099 ἐϐδομήκοντα

360 5122 495 5191 γοῦν
526 5125 645 5185 τοῖς
691 5121 867 5175 ἐτεσιν
911 5124 969 5176 ἐν
996 5124 1062 5192 τῇ
1094 5120 1442 5191 αἰχμαλωσίᾳ
1486 5119 1786 5187 γεγονότες,
1834 5118 1954 5172 οὐδὲ

365 5216 499 5285 μίαν
524 5214 878 5280 ἐπεδείξασθε
905 5216 1160 5286 νηστείαν
1179 5233 1192 5245 ·
1228 5215 1302 5285 (p.
1340 5212 1466 5284 481)
1500 5210 1592 5265 καὶ
1623 5213 1773 5281 ὅμως
1800 5211 1954 5263 οὐδὲν

361 5307 582 5361 τοιοῦτο
613 5307 746 5378 παρ’
771 5306 924 5377 ὑμῶν
950 5309 1198 5378 αἰτήσας,
1233 5304 1699 5376 μεταϐαλομένους
1720 5303 1820 5372 τῆς
1855 5320 1947 5356 κα-

364 5395 494 5458 κίας
545 5394 695 5458 ἰδὼν,
742 5395 1163 5464 ἀποκατέστησα
1212 5397 1320 5456 τοῖς
1369 5394 1622 5456 οἰκείοιςο
1679 5392 1788 5444 εἴτε
1845 5392 1954 5462 γὰρ

368 5487 604 5554 φάγοιτε
646 5486 740 5540 καὶ¹
785 5486 982 5549 πίοιτε,
1015 5486 1126 5539 εἴτε
1179 5486 1272 5540 καὶ
1316 5485 1413 5554 μὴ,
1470 5485 1708 5555 ὑμετέρα
1755 5483 1955 5554 μὲν·τδ

369 5581 573 5645 φαγεῖν
622 5578 944 5642 ἀπόλαυσις,
992 5578 1232 5649 ὑμετέρα
1278 5577 1334 5630 δὲ
1380 5577 1474 5630 καὶ
1519 5576 1581 5628 τὸ
1633 5576 1707 5647 μὴ
1759 5577 1954 5643 φαγεῖν

2060 4571 2289 4628 advenis
2325 4571 2642 4640 magisterio
2676 4570 2877 4624 forent.
2910 4569 3079 4623 Erant
3102 4577 3283 4623 autem
3319 4569 3626 4625 dictabzzec:

2054 4662 2144 4718 Nil
2175 4677 2295 4717 mea
2322 4661 2882 4731 interestjejnnantes
2913 4675 3007 4714 res
3038 4668 3091 4714 et
3122 4665 3400 4729 gementes
3423 4657 3631 4723 videre;

2057 4774 2236 4831 neque
2268 4760 2414 4814 enim
2451 4758 2504 4811 in
2548 4758 2638 4813 his
2684 4757 2870 4811 cultus
2908 4757 3014 4810 mei
3067 4757 3334 4809 rationem
3390 4753 3629 4824 positam

2055 4864 2178 4904 esse
2200 4848 2409 4919 judico.
2437 4847 2595 4902 Certe
2623 4847 2784 4901 annis
2820 4845 3162 4915 septuaginta
3198 4842 3512 4913 captivitate
3539 4840 3635 4896 dc-

2054 4941 2191 4995 tenti
2215 4941 2423 4995 nullum
2452 4940 2722 5009 jejunium
2765 4938 3142 5003 obscrvastis;
3188 4941 3426 4988 attamen
3468 4930 3632 5002 321

2055 5029 2534 5099 nibilhujusmodi
2579 5044 2608 5083 a
2642 5029 2798 5083 vobis
2826 5037 3105 5097 expetens,
3175 5030 3463 5095 postquam
3516 5022 3631 5075 vidi

2057 5136 2088 5176 a
2141 5121 2383 5190 nequitia
2438 5121 2854 5190 resipiscentes,
2912 5119 2967 5172 in
3012 5117 3242 5185 patriam
3297 5113 3638 5184 postliminio

2059 5211 2334 5266 revocavi.
2379 5209 2513 5264 Nam
2562 5226 2657 5266 seu
2692 5224 2790 5264 vos
2828 5208 3127 5263 comedetis
3185 5216 3349 5276 atque
3408 5204 3631 5268 bibatis,

2061 5305 2178 5360 sive
2206 5316 2388 5368 secus,
2424 5309 2606 5356 vestra
2652 5307 2736 5355 est
2767 5299 3086 5354 comedendi
3125 5299 3396 5368 voluptas,
3450 5306 3632 5352 vestra

2061 5395 2188 5449 item
2218 5408 2247 5447 a
2271 5391 2609 5447 comedendo
2635 5389 3003 5454 abstinentia;
3051 5389 3179 5442 mihi
3208 5403 3340 5444 vero
3372 5387 3508 5443 nulli
3538 5402 3633 5445 res

2063 5482 2377 5554 bujnsmodi
2409 5497 2557 5537 cura:
2582 5489 2729 5537 sunt.
2758 5479 2936 5551 Atque
2956 5487 3016 5534 ut
3041 5479 3292 5534 ostendat
3316 5478 3464 5536 haud
3486 5492 3633 5536 nunc.

2063 5576 2297 5646 primum
2325 5572 2441 5627 haec
2471 5573 2578 5628 illis
2609 5572 2790 5627 dicere
2816 5588 2833 5631 :

373 5670 659 5740 στέρησις,
694 5670 816 5740 ἐμοὶ
847 5669 902 5722 δὲ
943 5668 1099 5737 λόγος
1135 5666 1337 5721 τούτων
1367 5666 1559 5730 οὐδείς.
1596 5665 1703 5719 Καὶ
1745 5664 1957 5729 δεικνὺς
1999 5668 2080 5721 ὅτι
2108 5666 2170 5720 οὐ
2199 5664 2292 5719 νῦν
2315 5662 2490 5722 ταῦτα
2529 5663 2749 5737 πρῶτον
2780 5679 2915 5733 φησι
2940 5660 3076 5732 πρὸς
3112 5658 3338 5724 αὐτούς·
