4022 6138
319 181 428 240 555

1483 194 1834 252 THEODOBI
1873 195 2357 256 MOPSUESTENI

3476 199 3578 254 535

387 309 559 368 Vsns.
611 311 765 370 6-12.
802 344 870 357 —
905 332 924 366 ι
965 312 1178 381 Nonne,
1229 315 1326 383 ait,
1377 314 1483 371 ista
1529 290 1692 373 verba
1749 325 1898 383 sunt,

2075 320 2224 392 Στίχ.
2258 321 2423 391 ς’-ιβ’.
2452 351 2517 364 —-
2545 341 2563 375 ι
2602 322 2712 392 Οὐχ
2748 314 2893 376 οὗτοι
2921 321 2970 373 οἱ
2997 318 3143 387 λόγοι
3167 317 3304 372 είσὶν
3329 315 3422 380 οὓς
3465 317 3579 374 ἐλά·

319 419 442 474 qua:
475 407 692 462 locutus
725 415 809 462 est
837 406 1099 463 Dominus
1127 407 1182 462 in
1223 409 1478 465 manibus
1509 409 1898 480 prophetarum

321 496 416 566 qui
451 495 671 552 fuerunt
705 498 877 569 prius,
912 499 1134 569 quando
1167 498 1508 556 Hierusalem
1542 503 1742 571 populo
1783 502 1902 573 Opi-

321 589 535 658 busque
575 589 860 646 alﬂuebat;
897 590 1137 660 itemque
1183 591 1384 662 oppida
1426 593 1546 663 ejus
1587 595 1813 648 finitima
1847 601 1902 670 et

324 687 585 733 montana
615 688 666 734 et
708 681 1038 749 campestria
1087 683 1284 738 incolis
1320 683 1845 754 frequentabantur?
1877 705 1896 738 ι

323 769 450 826 llaec
481 781 536 826 et
577 771 730 838 olim,
775 773 977 843 inquit,
1012 790 1110 844 per
1142 777 1438 847 prophetas
1461 778 1593 831 olim
1627 777 1900 842 dicebam,

322 878 432 932 quo
466 871 711 934 tempore
757 862 1097 920 Hierusalem
1131 867 1431 924 domestica
1473 869 1686 924 lautitia
1725 871 1900 924 abun-

322 956 508 1022 dabat,
559 967 880 1029 cunctaeque
913 960 1078 1016 urbes
1111 962 1160 1015 ei
1207 961 1492 1029 subjectm,
1529 977 1651 1031 qua:
1693 963 1807 1018 sive
1848 962 1901 1016 in

323 1057 586 1104 montana
624 1050 740 1106 sive
773 1053 825 1105 in
871 1057 1168 1123 campestri
1205 1053 1450 1123 regione,
1489 1054 1682 1109 idonea
1718 1054 1902 1124 pepuli

323 1141 679 1197 multitudine
705 1143 876 1212 plenae
905 1155 1084 1199 erant.
1122 1143 1302 1200 Nihilo
1330 1153 1510 1200 tamen
1545 1146 1726 1201 minus
1751 1147 1904 1202 vobis

323 1239 458 1285 tunc
507 1233 718 1287 aiebam
778 1249 862 1288 me
916 1235 1123 1288 nullam
1163 1235 1360 1304 jejunii
1419 1236 1585 1289 vestri
1636 1236 1902 1292 rationem

322 1321 547 1388 habere,
577 1323 722 1394 quod
765 1326 884 1380 sine
920 1326 1065 1380 bono
1107 1328 1306 1381 mentis
1349 1326 1538 1381 habitu
1569 1327 1901 1382 observaba-

325 1413 416 1466 tis.
473 1413 734 1479 Quaenam
793 1431 922 1470 vero
981 1415 1112 1470 mihi
1172 1426 1327 1486 grata
1386 1426 1612 1483 essent,
1677 1433 1907 1489 quaeque

323 1505 673 1574 potissimum
730 1509 888 1562 vobis
942 1507 1262 1572 factitanda,
1317 1525 1415 1580 per
1467 1511 1764 1580 prophetas
1808 1527 1906 1568 vos

322 1598 637 1653 edocebam.
679 1618 697 1651 ι
727 1598 1003 1656 Iudicium
1047 1603 1258 1672 justum
1287 1603 1554 1672 judicate,
1594 1612 1648 1659 et
1698 1603 1907 1659 miseri-

324 1689 516 1744 cordia
567 1704 631 1744 ac
677 1692 1034 1749 miseratione
1072 1694 1292 1750 utimini
1341 1695 1722 1766 unusquisque
1773 1711 1905 1766 erga

327 1778 552 1836 fratrem
595 1797 780 1846 suum,
835 1791 889 1838 et
937 1785 1157 1839 viduam
1210 1793 1266 1840 et
1306 1786 1626 1856 pupillum,-~
1657 1794 1712 1842 et
1743 1786 1907 1842 adve-

324 1887 491 1938 nam,
559 1883 614 1930 et
677 1890 972 1945 pauperem
1040 1891 1109 1931 ne
1161 1878 1522 1947 opprimatis,
1582 1885 1638 1933 et
1685 1877 1908 1932 malitiae

326 1967 716 2037 unusquisque
746 1967 934 2022 fratris
965 1969 1050 2023 sui
1086 1984 1152 2024 ne
1179 1970 1538 2036 memineritis
1566 1969 1619 2024 in
1644 1969 1905 2025 cordibus

324 2057 551 2113 vestris.
584 2076 601 2108 ι
651 2057 814 2116 Suasi
845 2061 1000 2116 vobis
1038 2061 1186 2116 omni
1217 2061 1711 2132 temporejustitire
1739 2062 1907 2132 pluri-

329 2164 471 2204 mam
505 2167 693 2206 curam
719 2167 929 2222 gerere,
962 2159 1017 2208 et
1047 2153 1432 2222 compassione
1468 2167 1595 2223 erga
1627 2153 1906 2222 proximos

327 2241 430 2300 uti.
468 2249 521 2296 et
544 2243 691 2296 omni
724 2257 1026 2312 pauperum
1057 2257 1124 2297 ac
1161 2243 1547 2298 derelictorum
1580 2243 1907 2300 detrimento

325 2333 642 2401 abstinere;
696 2334 826 2389 item
884 2334 1219 2389 simultatem
1268 2342 1321 2388 et
1369 2335 1504 2389 iram
1547 2343 1791 2390 mutuam
1835 2337 1908 2390 vi-

328 2432 466 2488 tare,
508 2425 755 2494 deposita
792 2425 1012 2480 illarum
1041 2441 1161 2496 quae
1193 2426 1357 2498 vulgo
1388 2425 1640 2482 incidunt
1672 2427 1908 2485 oﬂ‘ensa-

326 2527 448 2567 rum
481 2514 765 2568 memoria.
807 2513 1059 2570 Profecto
1100 2531 1223 2588 ego,
1253 2517 1520 2586 jejunium
1548 2529 1790 2575 vestrum
1821 2536 1909 2576 rea

325 2621 524 2670 nuens,
561 2605 677 2661 haec
696 2607 853 2662 vobis
883 2607 1091 2678 agenda
1127 2607 1447 2664 suadebam.
1478 2629 1496 2660 ‹
1525 2610 1590 2662 Ει
1611 2609 1908 2664 noluerunt

326 2696 630 2762 attendere,
671 2703 727 2752 et
765 2706 1088 2754 averterunt
1133 2699 1416 2755 dementer
1453 2700 1677 2756 dorsum
1724 2715 1905 2764 suum,

325 2795 382 2840 et
427 2799 588 2842 aures
635 2801 767 2843 suas
818 2798 1256 2859 aggravaverunt
1295 2806 1364 2846 ne
1412 2792 1686 2854 audirent,
1724 2803 1778 2848 et
1811 2809 1908 2848 cor

327 2893 488 2933 suum
515 2888 812 2935 contumax
844 2879 1094 2936 fecerunt
1129 2897 1197 2937 ne
1224 2881 1510 2938 obedirent
1542 2882 1647 2952 legi
1681 2898 1815 2939 mea:
1841 2901 1906 2939 ac

2001 411 2132 483 λησε
2155 413 2358 485 Κύριος
2377 416 2433 468 ἐν
2454 414 2611 486 χερσὶ
2632 415 2740 467 τῶν
2768 412 3061 485 προφητῶν
3099 411 3206 466 τῶν
3233 411 3548 482 ἔμπροσθεν
3563 455 3578 476 ,

2000 503 2128 558 ὅταν
2141 499 2209 574 ἦν
2235 505 2588 579 Ἰερουσαλὴμ
2610 505 3010 577 κατοικουμένη
3033 505 3125 557 καὶ
3145 503 3466 574 εὐθηνοῢσα,
3488 504 3582 558 καὶ

2000 595 2056 647 ai
2099 594 2279 658 πόλεις
2316 597 2488 666 αὐτῆς
2524 596 2803 662 κυκλόθεν,
2835 597 2988 668 καὶὴ
3027 594 3210 667 ὀρεινὴ
3259 595 3354 648 καὶ
3395 594 3581 665 πεδινὴ

2001 689 2336 754 κατῳκεῖτο;
2377 707 2397 741 ι
2419 688 2603 743 Ταῦτα
2623 689 2701 755 δὲ,
2732 689 2883 759 φησὶ,
2914 687 3005 741 καὶ
3029 687 3195 741 πάλαι
3220 686 3306 740 διὰ
3317 686 3424 741 τῶν
3449 703 3583 758 προ-

2003 777 2188 848 φητῶν
2213 778 2400 848 ἔλεγον
2425 780 2561 851 πρὸς
2583 781 2749 851 ὑμᾶς,
2780 780 3016 851 ὁπηνίκα
3043 779 3134 832 ὲπί
3159 796 3218 831 τε
3241 780 3339 848 τῆς
3372 778 3583 839 οἰκείας

2001 868 2290 938 εύθηνείας
2321 865 2390 941 ἦν
2415 872 2449 940 ἡ
2501 872 2858 942 Ἰερουσαλὴμ
2891 872 2985 928 καὶ
3020 872 3187 924 πᾶσαι
3215 871 3270 924 at
3294 870 3386 922 ὑπ’
3414 869 3584 939 αὐτὴν

2003 960 2188 1026 πόλεις
2218 960 2503 1026 ὡσαύτως,
2529 961 2626 1016 ἀτε
2665 964 2760 1016 καὶ
2787 963 2886 1032 τῆς
2926 960 3141 1031 ὀρεινῆς
3183 960 3275 1014 καὶ
3309 959 3407 1028 τῆς
3435 960 3585 1012 πεδι-

2005 1053 2102 1123 νῆς
2133 1053 2318 1124 χώρας
2360 1055 2459 1124 τῆς
2502 1052 2888 1126 προσηκούσης
2915 1052 3106 1114 αὑταῖς
3149 1049 3586 1121 πεπληρωμένης

2004 1145 2113 1198 τῶν
2140 1145 2434 1199 οἰκούντων
2453 1164 2467 1177 ·
2498 1148 2591 1200 καὶ
2613 1147 2762 1216 ὅμως
2787 1143 2962 1198 ταῦτα
2985 1144 3108 1196 τότε
3136 1142 3272 1214 πρὸς
3295 1143 3438 1213 ὑμᾶς
3466 1142 3585 1194 ἑλε-

2006 1252 2101 1304 γον
2144 1237 2226 1290 ὅτι
2272 1253 2364 1306 μοι
2414 1236 2569 1306 λόγος
2612 1236 2786 1300 οὐδεὶς
2831 1236 2931 1306 τῆς
2987 1236 3241 1305 νηστείας
3285 1233 3441 1304 ὑμῶν
3487 1234 3588 1286 οὐκ

2007 1327 2184 1400 ἀγαθῇ
2215 1328 2412 1402 γνώμῃ
2451 1327 2822 1398 νηστευόντων
2843 1343 2856 1358 ⁸
2898 1327 3060 1382 τίνων
3089 1325 3148 1380 δέ
3183 1343 3273 1398 μοι
3303 1325 3481 1392 λόγος,
3510 1318 3586 1378 ὧν

2007 1419 2387 1490 ἐπιμελεῖσθαι
2422 1419 2656 1492 μάλιστα
2685 1421 2982 1492 προσήκειν
3010 1419 3154 1490 ὑμᾶς
3183 1417 3460 1472 ἐδίδασκον
3496 1416 3586 1470 διὰ

2007 1510 2116 1566 τῶν
2146 1510 2460 1584 προφητῶν.
2499 1529 2518 1564 ι
2561 1511 2753 1583 Κρίμα
2793 1512 3000 1566 δίκαιον
3030 1510 3274 1582 κρίνατε,
3305 1510 3400 1564 καὶ
3440 1508 3589 1562 ελεον

2012 1603 2106 1655 καὶ
2150 1601 2434 1674 οίκτιρμὸν
2490 1603 2693 1656 ποιεῖτε
2746 1602 2976 1667 ἕκαστος
3038 1602 3176 1674 πρὸς
3215 1602 3308 1656 τὸν
3359 1602 3587 1674 πλησίον

2009 1693 2196 1757 αὑτοῦ,
2242 1692 2338 1766 καὶ
2383 1693 2685 1764 χήρανκαὶ
2711 1693 2944 1764 ὀρφανὸν
2973 1693 3067 1748 καὶ
3111 1694 3448 1766 προσήλυτον
3495 1695 3590 1747 καὶ

2009 1786 2216 1855 πένητα
2246 1763 2320 1856 μῆ
2345 1784 2837 1839 καταδυναστεύετε
2855 1802 2869 1816 ο
2899 1785 2992 1840 καὶ
3012 1785 3213 1839 κακίαν
3233 1785 3462 1846 ἕκαστος
3493 1782 3588 1836 τοῦ

2007 1875 2236 1945 ἀδελφοῦ
2288 1874 2452 1929 αὐτοῦ
2503 1875 2576 1947 μὴ
2644 1877 3032 1945 μνησικακεῖτε
3081 1876 3138 1928 ὲν
3183 1877 3302 1937 ταῖς
3336 1872 3587 1944 καρδίαις

2008 1967 2184 2037 ὑμῶν.
2234 1985 2253 2020 ι
2288 1965 2680 2022 Συνεϐούλευον
2721 1967 2830 2041 γὰρ
2879 1967 3008 2037 ὑμῖν
3034 1965 3348 2036 ἁπανταχοῦ
3389 1963 3482 2018 τοῦ
3511 1965 3592 2018 δι·

2007 2059 2162 2112 καίου
2210 2060 2479 2113 ποιεῖσθαι
2524 2051 2784 2132 πρόνοιαν
2837 2059 3118 2128 πλείστην,
3167 2057 3482 2128 συμπαθείᾳ
3529 2074 3589 2110 τε

2006 2149 2243 2221 χρῆσθαι
2277 2151 2413 2222 πρὸς
2437 2152 2564 2214 τοὺς
2587 2151 2776 2214 πέλας,
2805 2151 2876 2221 (p.
2904 2151 3030 2221 48?.)
3071 2151 3166 2204 καὶ
3192 2149 3256 2222 δὴ
3288 2150 3384 2203 καὶ
3406 2149 3588 2220 πάσης

2009 2241 2213 2312 βλάϐης
2232 2242 2330 2312 τῆς
2350 2243 2430 2305 είς
2448 2243 2573 2305 τοὺς
2601 2242 2832 2312 πένητάς
2849 2259 2909 2294 τε
2935 2243 3030 2296 καὶ
3071 2242 3585 2313 ἀπροστασιάστους

2008 2330 2312 2402 ἀπέχεσθαι
2333 2348 2348 2362 °
2391 2333 2486 2386 καὶ
2533 2333 2753 2405 μήνιδος
2783 2333 2840 2385 δὲ
2883 2333 2978 2386 καλ⁵
3005 2331 3174 2403 ὀργῆς
3208 2333 3305 2403 τῆς
3347 2334 3468 2385 κατ’
3495 2333 3588 2386 ἀλ-

2007 2422 2184 2494 λήλων
2222 2424 2545 2494 ἀφεστάναι,
2583 2423 2953 2495 ἀφαιροῦντας
3000 2424 3100 2494 τὴν
3129 2425 3349 2494 μνήμην
3381 2423 3590 2476 ἑαυτῶν

2007 2514 2116 2568 τῶν
2147 2517 2204 2567 ὲν
2233 2514 2385 2586 μέσῳ
2432 2532 2546 2578 πως
2593 2515 2918 2585 συμϐάντων
2964 2514 3245 2586 λυπηρῶν.
3303 2514 3441 2568 Ἀλλ’
3479 2516 3592 2582 ἐγὼ

2011 2605 2109 2675 μὲν
2157 2604 2256 2677 τὴν
2311 2607 2564 2676 νηστείαν
2615 2605 3070 2676 παρωθούμενος,
3118 2605 3291 2660 ταῦτα
3340 2605 3592 2660 συνεϐού-

2008 2694 2160 2748 λευον
2199 2697 2347 2766 ὑμῖν.
2389 2696 2454 2748 Τί
2486 2696 2577 2762 δέ;
2630 2715 2648 2747 ι
2684 2698 2793 2751 Καὶ
2820 2695 3124 2768 ἠπείθησαν
3149 2697 3242 2750 τοῦ
3282 2699 3590 2769 προσέχειν,

2008 2783 2102 2837 καὶ
2123 2783 2330 2837 ἔδωκαν
2353 2784 2521 2838 νῶτον
2547 2784 2728 2838 αὐτῶν
2754 2785 3229 2857 παραφρονοῦντα,
3255 2789 3350 2841 καὶ
3385 2787 3454 2839 τὰ
3475 2781 3595 2842 ὦτα

2009 2873 2190 2927 αὐτῶν
2219 2873 2489 2946 ὲϐἀρυναν
2515 2874 2608 2927 τοῦ
2640 2874 2715 2947 μὴ
2748 2877 3076 2942 εἰσακούειν,
3109 2877 3202 2931 καὶ
3237 2878 3337 2948 τὴν
3365 2879 3593 2951 καρδίαν

327 2969 512 3024 verbis
548 2985 670 3040 qua:
707 2972 862 3027 misit
892 2971 1162 3027 Dominus
1196 2971 1547 3042 omnipotens
1596 2972 1651 3026 in
1699 2972 1904 3044 Spiritu

2011 2963 2189 3018 αὐτῶν
2229 2963 2423 3028 ἔταξαν
2463 2965 2662 3036 ἀπειθῆ
2709 2965 2803 3020 τοῦ
2837 2967 2914 3039 μὴ
2952 2968 3260 3022 εἰσακούειν
3298 2969 3393 3022 τοῦ
3425 2971 3594 3041 νόμου

331 3077 432 3116 suo
469 3077 566 3131 per
594 3063 759 3133 322
789 3065 1142 3134 superiorum
1186 3066 1577 3136 prophetarum
1604 3082 1847 3123 manum.
1888 3090 1905 3122 ι

327 3150 409 3206 Ne
439 3151 526 3208 his
561 3154 780 3222 quidem
812 3156 1095 3211 attendere
1119 3157 1393 3222 voluistis,
1422 3158 1518 3213 sed
1545 3173 1669 3214 cum
1695 3161 1910 3216 insania

328 3245 498 3297 multa
538 3244 685 3299 dicta
728 3246 943 3300 illorum
979 3249 1213 3303 aversati
1248 3249 1406 3305 estis.
1451 3249 1509 3304 Id
1547 3252 1691 3305 enim
1726 3252 1912 3307 valent

329 3336 518 3401 verba,
557 3355 576 3388 ι
602 3339 938 3394 Averterunt
963 3340 1248 3397 dementer
1277 3341 1502 3398 dorsum
1533 3360 1716 3397 suum.
1762 3363 1780 3397 ι
1814 3344 1912 3401 His

329 3442 454 3496 quae
505 3427 836 3484 dicebantur
881 3446 1071 3487 aurem
1125 3433 1370 3503 prmbcre
1419 3435 1696 3499 noluistis,
1733 3443 1913 3493 mente

332 3531 566 3586 prorsus
597 3519 911 3585 obfirmata,
959 3525 1254 3592 quominus
1294 3526 1439 3596 leges
1467 3542 1616 3582 meas
1650 3543 1911 3599 sequere—

329 3609 486 3671 tnini,
523 3625 660 3680 quas
703 3627 800 3682 per
840 3615 1154 3683 superiores
1202 3617 1494 3687 prophetas
1524 3619 1680 3676 vobis
1723 3620 1913 3692 expla-

330 3700 546 3755 nabam.
580 3700 722 3769 Quid
753 3718 884 3759 vero
905 3703 1033 3761 hinc
1067 3707 1304 3762 accidit?

319 4021 322 4026 .
402 3976 574 4034 Vsus.
629 3977 716 4045 l3,
779 3978 962 4035 LL—
997 3998 1015 4031 ι
1050 3979 1115 4035 Et
1171 3981 1440 4052 processit
1496 3983 1576 4037 ira
1637 3998 1833 4056 magna
1881 4000 1911 4040 a

331 4068 564 4125 Domino
619 4072 1016 4143 omnipotente.
1060 4093 1079 4125 ι
1131 4071 1429 4144 Propterea
1481 4082 1694 4129 tantum
1743 4077 1913 4132 susti-

330 4162 532 4219 nuistis
581 4164 936 4234 supplicium,
991 4165 1250 4235 quoniam
1301 4181 1404 4236 ego
1449 4165 1677 4235 jejuniis
1716 4168 1914 4223 vestris

328 4255 661 4323 contemptis
691 4255 953 4309 hortabar
997 4272 1096 4311 vos
1125 4257 1189 4310 ad
1226 4256 1406 4328 legum
1450 4257 1690 4312 debitam
1723 4257 1913 4314 obser-

2015 3073 2138 3128 μου,
2163 3056 2256 3109 καὶ
2289 3057 2398 3110 τῶν
2423 3056 2598 3126 λόγων
2625 3051 2699 3110 ὧν
2729 3057 3130 3125 ὲξαπέσταλκεν
3157 3059 3360 3132 Κύριος
3392 3080 3593 3115 παντο-

2013 3149 2237 3221 κράτωρ
2274 3151 2330 3203 ὲν
2361 3149 2640 3222 Πνεύματι
2666 3151 2854 3218 αὑτοῦ,
2886 3152 2944 3205 ὲν
2969 3153 3126 3223 χερσὶ
3165 3155 3459 3226 προφητῶν
3486 3156 3597 3208 τῶν

2011 3241 2338 3313 ἔμπροσθεν.
2387 3263 2404 3295 ι
2439 3243 2573 3296 Οὐδὲ
2616 3243 2822 3297 τούτων
2865 3244 2932 3316 δὴ
2973 3244 3128 3314 λόγον
3168 3247 3438 3302 ποιεῖσθαι
3465 3248 3596 3317 nes-

2011 3333 2154 3397 λετε,
2195 3334 2310 3388 ἀλλ’
2355 3335 2420 3388 ἐκ
2473 3334 2897 3406 παραφροσύνης
2939 3335 3038 3406 μὲν
3071 3337 3270 3409 πολλῆς
3309 3326 3600 3404 ’παντελῶς

2012 3424 2424 3496 ἀπεστρέφεσθε
2446 3424 2512 3478 τὰ
2547 3425 2816 3497 λεγόμενα
2837 3443 2851 3458 ο
2879 3425 3037 3481 τοῦτο
3064 3427 3174 3500 γὰρ
3189 3429 3356 3499 λέγει,
3379 3446 3397 3479 ι
3423 3429 3598 3486 Ἔδω⁴

2012 3534 2114 3571 καν
2150 3518 2319 3588 νῶτον
2367 3518 2548 3572 αὐτῶν
2597 3518 3080 3590 παραφρονοῦντα·
3143 3540 3161 3572 ι
3211 3523 3496 3593 προσέχειν
3537 3524 3599 3577 δὲ

2011 3611 2124 3673 τοῖς
2181 3609 2497 3681 λεγομένοις
2537 3610 2654 3664 *οὐκ
2709 3609 2950 3675 ἐθέλετε,
3003 3611 3288 3683 κρίναντες
3340 3614 3601 3680 καθάπαξ

2012 3699 2252 3765 ἀπειθῶς
2280 3700 2424 3773 ἔχειν
2464 3701 2600 3773 πρὸς
2626 3701 2752 3765 τοὺς
2781 3701 2980 3772 νόμους
3009 3704 3137 3767 τοὺς
3167 3705 3351 3774 ἐμοὺς,
3385 3705 3476 3769 οὓς
3505 3707 3599 3760 διὰ

2011 3794 2119 3848 τῶν
2159 3795 2455 3867 προφητῶν
2486 3793 2595 3847 τῶν
2649 3793 2884 3863 πρόσθεν
2929 3795 3059 3865 ύμῖν
3098 3794 3429 3870 ἑξηγούμην.
3476 3799 3594 3868 Ἐφ’

2011 3879 2094 3950 οἷς
2126 3886 2177 3940 τί
2203 3885 2391 3955 γέγονε
2412 3901 2426 3950 ;

2084 3975 2234 4046 Στίχ.
2273 3981 2361 4044 ιγ’,
2396 3973 2457 4028 ιδ’
2465 4017 2478 4030 .
2501 4006 2572 4016 -—
2597 3995 2613 4026 ι
2650 3975 2762 4029 Καὶ
2792 3975 3009 4044 ἐγένετο
3041 3979 3180 4051 ὀργὴ
3213 3980 3419 4052 μεγάλη
3447 3984 3596 4052 παρὰ

2013 4066 2223 4137 Κυρίου
2260 4065 2722 4137 παντοκράτορος.
2760 4084 2778 4116 ι
2837 4067 3009 4140 Ὑπὲρ
3042 4071 3244 4124 τούτων
3274 4071 3372 4143 τὴν
3402 4074 3595 4124 τοσαύ-

2012 4173 2112 4227 την
2148 4156 2530 4227 ύπομενήκατε
2565 4156 2858 4228 τιμωρίαν,
2907 4158 3048 4230 ὑπὲρ
3097 4154 3170 4218 ὧν
3206 4161 3304 4225 τὰς
3338 4163 3592 4232 νηστείας

2014 4249 2171 4321 ὑμῶν
2200 4247 2624 4321 παρωθούμενος
2656 4251 2842 4304 ἐκεῖνα
2889 4251 3270 4306 συνεϐούλευον
3318 4246 3392 4307 ὧν
3435 4254 3592 4325 μάλι-

331 4344 624 4400 vantiam.:
660 4353 714 4400 at
736 4361 834 4400 vos
877 4359 1066 4402 contra
1099 4348 1252 4403 ﬂocci
1288 4347 1495 4405 fecistis
1546 4349 1691 4418 leges
1735 4365 1907 4406 meas.

2015 4361 2116 4396 στα
2153 4342 2428 4414 προσῆκον
2468 4338 2536 4413 ἦν
2564 4343 2708 4412 ὑμᾶς
2738 4343 2847 4395 τῶν
2886 4343 3065 4413 νόμων
3096 4345 3438 4416 ἀντέχεσθαι.
3488 4349 3592 4400 Λό-

339 4455 358 4488 ι
391 4435 634 4514 Eritque,
665 4439 1124 4508 quemadmodum
1151 4440 1267 4511 ipse
1288 4439 1448 4502 dixit,
1483 4455 1587 4495 nec
1613 4441 1660 4498 ei
1692 4443 1915 4498 auscul-

331 4537 542 4598 tarunt,
601 4531 676 4586 ita
739 4531 1078 4596 clamabunt,
1147 4547 1247 4587 nec
1308 4547 1411 4603 ego
1465 4532 1779 4601 exaudiam,
1836 4535 1915 4590 ait

334 4622 600 4680 Dominus
621 4624 990 4694 omnipotens.
1032 4643 1050 4676 ι
1085 4623 1243 4681 Sicut
1275 4625 1354 4679 illi
1377 4624 1526 4680 dicta
1558 4641 1678 4681 mea
1715 4627 1910 4684 nolue-

331 4725 462 4772 runt
507 4717 719 4784 audire,
767 4721 844 4772 ita
891 4732 995 4787 ego
1037 4716 1295 4776 ,vicissim
1341 4717 1569 4772 clamori
1615 4733 1804 4776 eorum
1852 4719 1910 4774 in

331 4809 606 4880 angustiis
635 4811 1065 4865 constitutorum
1098 4825 1286 4866 aurem
1326 4825 1434 4865 non
1467 4809 1738 4878 praebebo.
1767 4811 1909 4878 Quid

333 4913 499 4968 porro
529 4900 658 4969 egi?
693 4917 712 4952 ι
748 4899 1056 4970 PrOpellam
1088 4913 1184 4954 eos
1217 4905 1478 4968 tanquam
1510 4898 1730 4956 turbine
1769 4899 1913 4956 inter

331 4997 520 5058 gentes
547 5005 687 5060 quas
721 4985 838 5046 non’
867 4999 1152 5053 noverant,
1185 4997 1240 5044 et
1266 4996 1412 5044 terra
1453 4997 1578 5058 post
1610 5004 1706 5047 eos
1747 4989 1912 5047 deso-

335 5080 539 5135 tabitur
581 5082 790 5152 absque
833 5090 1155 5136 transeunte
1197 5080 1282 5135 vel
1325 5088 1630 5136 revertente
1663 5099 1676 5136 :
1707 5097 1910 5152 posue-

335 5180 570 5242 runtque
597 5181 796 5228 terram
837 5173 1064 5237 electam
1101 5173 1154 5227 in
1175 5173 1505 5228 vastitatem.
1535 5189 1552 5224 ι
1592 5172 1908 5228 Commina-

335 5269 424 5317 tus
467 5279 610 5330 sum,
639 5281 737 5320 vos
783 5280 972 5320 omnes
999 5264 1157 5335 quasi
1193 5264 1341 5318 venti
1383 5263 1618 5332 procella
1670 5265 1907 5320 maxima

339 5367 424 5406 me
453 5352 855 5424 dispersurum,
889 5365 941 5411 et
981 5355 1285 5426 captivitati
1334 5355 1567 5412 traditos
1611 5354 1680 5409 ad
1729 5357 1908 5427 regio-

342 5457 464 5495 nem
499 5445 856 5513 expulsurum
886 5463 1048 5516 quam
1079 5457 1238 5502 antea
1268 5447 1623 5518 ignorabalis,
1652 5455 1703 5500 et
1743 5449 1910 5503 vasti-

340 5540 453 5585 tate
491 5541 691 5588 terram
737 5544 976 5590 vestram
1022 5554 1106 5593 me
1157 5539 1479 5594 obruturum
1522 5539 1769 5609 prmdixi,
1814 5555 1909 5595 nc-

344 5623 492 5678 tninc
550 5632 738 5692 postea
789 5626 936 5682 illinc
990 5636 1310 5694 rerertcnte,
1355 5639 1447 5685 aut
1506 5630 1609 5684 iter
1656 5628 1905 5695 faciente,

2013 4451 2106 4503 γος
2134 4433 2192 4488 δὲ
2219 4429 2288 4505 ἦν
2327 4434 2457 4505 ὑμῖν
2505 4433 2613 4487 τῶν
2642 4434 2822 4504 νόμων
2849 4433 3025 4496 οὐδεὶς
3065 4435 3174 4488 τῶν
3217 4435 3385 4505 ὲμῶν.
3408 4445 3442 4488 "t
3489 4439 3594 4490 Καὶ

2012 4524 2187 4591 ἔσται,
2237 4525 2295 4588 ὃν
2335 4525 2536 4596 τρόπον
2581 4522 2723 4590 εἷπε,
2772 4525 2865 4578 καὶ
2909 4525 3010 4578 οὐκ
3044 4527 3373 4598 εἰσήκουσαν
3403 4529 3592 4590 αὐτοῦ,

2010 4617 2182 4680 οὕτως
2211 4617 2570 4688 κεκράξονται
2607 4617 2702 4669 καλ⁸
2729 4617 2790 4669 οὗ
2834 4617 2910 4688 μὴ
2949 4618 3272 4684 είσακούσω,
3307 4619 3454 4688 λέγει
3485 4621 3592 4674 Κύ-

2015 4726 2127 4776 ριος
2177 4709 2591 4779 παντοκράτωρ.
2648 4725 2667 4759 ι
2711 4707 2925 4777 Ὥσπερ
2966 4707 3024 4760 δὲ
3068 4710 3267 4763 ἐκεῖνοι
3313 4711 3420 4764 τῶν
3463 4714 3591 4784 παρ’

2016 4801 2153 4874 ἐμοῦ
2191 4801 2501 4873 λεγομένων
2533 4800 2752 4854 ἀκούειν
2776 4800 2875 4853 ούκ
2909 4798 3117 4870 ἤθελον,
3161 4804 3238 4872 (p.
3286 4803 3410 4874 485)
3451 4803 3593 4858 οὕτω

2015 4895 2081 4966 δὴ
2117 4892 2273 4962 κάγὼ
2313 4893 2616 4962 γεγονότων
2659 4892 2838 4949 αὐτῶν
2887 4894 2945 4950 ἐν
2996 4894 3275 4959 τοιαύταις
3329 4897 3594 4964 ἀνάγκαις

2017 4985 2266 5056 βοώντων
2301 4985 2362 5036 οὐ
2401 4986 2707 5054 προσεῖχον.
2749 4983 2814 5036 Τί
2853 4983 2911 5036 δὲ
2939 4985 3252 5054 πεποίηκα;
3289 5005 3307 5038 ι
3357 4987 3467 5040 Καὶ
3497 4989 3590 5041 ὲκο

2017 5075 2166 5130 ϐαλῶ
2213 5076 2406 5138 αὐτοὺς
2451 5074 2526 5137 ὡς
2571 5074 2630 5126 ἐν
2667 5073 2889 5127 λαίλαπι
2931 5076 3013 5139 είς
3056 5075 3235 5130 πάντα
3276 5077 3346 5130 τὰ
3382 5076 3509 5147 ἔθνη
3554 5077 3586 5133 ἃ

2014 5167 2114 5220 οὐκ
2146 5165 2420 5234 ἔγνωσαν·
2457 5164 2612 5234 καὶὴ
2660 5165 2732 5234 γῆ
2778 5165 3210 5239 ἀφανισθήσεται
3259 5165 3585 5220 κατόπισθεν

2013 5257 2196 5312 αὐτῶν
2269 5253 2660 5319 ἐκδιοδεύοντος
2731 5254 2826 5308 καὶ
2895 5253 3423 5326 ὲξαναστρέφοντος·
3491 5259 3584 5308 καὶ

2014 5348 2210 5414 ἔταξαν
2247 5347 2352 5418 γῆν
2400 5346 2662 5417 ὲκλεκτὴν
2710 5348 2790 5408 εἰς
2833 5347 3159 5417 ἀφανισμόν.
3213 5367 3231 5396 ι
3287 5346 3584 5416 Ἢπείλησα

2015 5443 2123 5514 γὰρ
2185 5441 2427 5504 ἅπαντας
2477 5439 2623 5509 ὑμᾶς
2675 5439 2916 5510 ὡσπερεὶ
2962 5441 3236 5510 συστροφῇ
3288 5439 3592 5509 περιϐαλὼν

2017 5527 2217 5605 ἀνέμου
2263 5535 2496 5606 μεγίστῃ
2546 5532 2925 5605 διασκορπὶσαι
2973 5549 3052 5596 τε,
3101 5533 3192 5585 καὶ
3244 5529 3592 5601 αἰχμαλωσίᾳ

2019 5625 2292 5697 παραδοὺς
2325 5626 2402 5687 εἰς
2436 5625 2614 5694 χώραν
2638 5626 2941 5693 ἀπαγαγεῖν
2973 5626 3034 5694 ἢν
3067 5624 3162 5677 οὐκ
3189 5622 3362 5694 ᾔδειτε
3397 5621 3592 5693 πρότε-
