4022 6138
361 384 459 464 sta

1279 380 1830 440 COMMENTARIUS
1870 380 1937 436 IN
1979 379 2350 439 ZACIIARIZE
2381 382 2536 444 CAP.
2560 385 2677 442 VIII

3510 387 3612 444 5&6

359 515 477 572 ρον·
511 497 809 571 ἀφανισμῷ
840 516 898 553 τε
930 499 1427 574 περιϐληθήσεσθαι
1452 507 1551 576 τὴν
1580 507 1683 578 γῆν
1723 507 1929 578 ἀπεφη-

2040 513 2263 576 propter
2320 521 2591 563 summam
2643 507 2890 562 locorum
2953 507 3324 564 solitudinem.
3384 506 3509 564 Hac
3560 518 3614 564 et

361 591 531 660 νάμην
558 590 659 660 τὴν
690 589 984 662 ὑμετέραν,
1033 590 1134 644 οὐκ
1173 593 1602 664 ἀναστρέφοντος
1644 596 1732 650 ἐπ’
1762 595 1936 666 αὐτῆς

354 679 431 733 ἐτι
460 679 626 742 τινὸς,
651 679 712 733 οὐ
737 679 1064 746 διοδεύοντος
1093 681 1182 735 διὰ
1205 682 1305 754 τὴν
1340 684 1786 756 ὑπερϐάλλουσαν
1814 686 1936 756 ἐρη-

354 772 500 843 μίαν.
534 771 724 825 Ταῦτα
750 770 814 843 δὴ
855 773 952 826 καὶ
981 775 1276 848 ὴπείλησα,
1310 777 1463 849 φησὶ,
1497 780 1590 832 καὶ
1619 777 1896 848 πεποίηκα
1916 795 1931 809 ·

349 864 415 936 ἦν
456 863 788 936 ἐξελεξάμην
826 867 929 939 γῆν
975 868 1240 940 πρότερον
1285 871 1364 932 είς
1403 869 1596 942 κτῆσιν
1633 870 1929 942 ὑμετέραν,

349 955 645 1027 ἀφανισμῷ
680 956 1044 1027 παραδέδωκα
1065 975 1077 987 ·
1111 959 1172 1012 τὸ
1200 957 1308 1032 γὰρ
1344 977 1362 1012 ι
1401 959 1760 1031 κεκράξονται
1794 982 1811 1014 ι
1836 963 1934 1017 καὶ

354 1065 375 1098 ι
409 1047 866 1118 ἀφανισθήσεται,
904 1067 922 1100 t
954 1049 1030 1113 ὡς
1061 1052 1154 1104 ἐπὶ
1189 1051 1475 1122 μέλλοντος
1521 1052 1690 1122 λέγει,
1739 1053 1801 1108 τὸ
1845 1071 1935 1124 γε-

349 1141 506 1207 γονὸς
535 1139 922 1211 ἐξηγούμενος,
951 1141 1043 1196 τὸν
1065 1143 1254 1214 χρόνον
1290 1143 1431 1198 κατά
1467 1144 1528 1198 τδ
1557 1144 1748 1210 εἰωθὸς
1773 1145 1930 1200 ἐναλ-

349 1233 559 1287 λάττων
579 1249 593 1263 ⁸
625 1233 654 1286 ὃ
684 1233 949 1304 πολλαχοῦ
977 1235 1260 1305 γινόμενον
1290 1236 1382 1290 ἐπὶ
1408 1237 1506 1309 τῆς
1532 1238 1679 1299 θείας
1707 1239 1930 1312 Γραφῆς

347 1324 501 1396 παρά
523 1339 585 1376 τε
609 1323 688 1395 τῷ
720 1327 976 1398 μακαρίῳ
1001 1326 1166 1380 Δαυίδ
1190 1329 1284 1382 καὶ
1325 1331 1436 1394 τοῖς
1477 1329 1682 1394 λοιποῖς
1721 1334 1932 1406 προφή-

345 1431 468 1480 ταις
505 1417 594 1470 διὰ
633 1417 842 1471 πολλῶν
873 1417 1153 1488 ἐδείξαμεν
1191 1421 1311 1493 ἤδη.
1366 1422 1540 1495 Ὅπερ
1580 1420 1674 1477 οὖν
1719 1426 1813 1479 καὶ
1853 1425 1931 1480 δε-

346 1507 588 1580 δήλωκεν
612 1511 802 1575 εἰπὼν,
840 1529 859 1562 ι
899 1512 1009 1566 Καὶ
1029 1511 1224 1582 ἔταξαν
1252 1514 1357 1586 γῆν
1386 1515 1651 1588 ἐκλεκτὴν
1673 1519 1753 1582 είς
1789 1519 1930 1588 ἀφα-

346 1602 577 1672 νισμόν·
613 1622 632 1656 ι
669 1602 836 1668 ἔδειξε
879 1604 988 1674 γὰρ
1023 1605 1105 1659 ὅτι
1151 1606 1212 1659 οὐ
1255 1606 1447 1678 μέλλον
1478 1610 1709 1679 πρᾶγμα
1758 1608 1928 1679 λέγει,

348 1692 485 1746 ἀλλά
533 1694 908 1765 παρεληλυθός
951 1713 1011 1749 τε
1043 1696 1144 1768 ήδη
1188 1699 1282 1750 καὶ
1322 1699 1566 1767 γεγονός.
1621 1700 1927 1772 Ἠϐουλήθη

347 1783 400 1837 δὲ
425 1785 492 1837 δι’
515 1784 653 1856 ὅλων
675 1789 849 1840 εἰπεῖν
872 1828 886 1851 ,
912 1785 994 1839 ὅτι
1011 1787 1121 1859 Τὴν
1172 1787 1271 1859 μὲν
1303 1789 1558 1861 νηστείαν
1595 1791 1748 1862 ὑμῶν
1797 1809 1929 1864 παρ-

2038 597 2405 654 comminatus
2438 611 2583 662 sum,
2615 598 2816 669 inquit,
2840 609 2893 653 et
2913 599 3096 669 peregi
3122 614 3318 669 :quam
3343 600 3612 671 elegeram

2035 697 2194 744 antea
2225 696 2428 744 terram
2461 689 2530 744 ad
2557 690 2852 746 incolatum
2886 697 3150 754 vestrum,
3179 691 3417 746 vastitati
3451 693 3616 748 tradi-

2034 777 2126 847 di;
2162 781 2365 835 etenim
2392 780 2579 847 verba,
2601 801 2620 835 ι
2645 781 2981 846 clamabunt,
3009 801 3028 833 ι
3053 793 3128 847 et,
3163 803 3182 835 ι
3205 784 3560 852 desolabitur,
3587 802 3606 836 ι

2034 870 2169 927 dicit
2199 885 2458 943 tanquam
2498 873 2566 930 de
2609 887 2670 928 re
2698 872 2904 940 futura,
2936 888 3060 928 cum
3097 889 3291 944 reapse
3323 875 3391 930 de
3420 885 3613 946 praete-

2033 961 2137 1017 rita
2167 963 2443 1034 loquatur,
2471 970 2688 1035 tempus
2722 978 2876 1020 more
2907 963 3074 1021 solito
3115 965 3394 1021 invertens
3423 985 3436 1021 :
3465 968 3610 1037 quod

2033 1069 2176 1124 saepe
2227 1053 2343 1110 ﬁeri
2390 1063 2504 1109 tum
2550 1055 2692 1126 apud
2744 1055 2964 1111 beatum
3003 1054 3262 1111 Davidem
3304 1065 3418 1110 tum
3465 1057 3609 1128 apud

2033 1151 2258 1200 caeteros
2317 1144 2614 1215 prophetas
2669 1146 2725 1200 in
2781 1145 2969 1199 divina
3031 1143 3345 1216 Scriptura,
3396 1145 3610 1215 jamdiu

2032 1233 2235 1288 aﬂatim
2283 1234 2806 1290 demonstravimus.
2847 1234 3019 1300 Quem
3063 1234 3241 1304 ipsum
3274 1245 3487 1302 tropum
3521 1237 3610 1291 hic
3675 1265 3684 1270 α

2029 1335 2263 1396 usurpat
2311 1324 2503 1382 dicens
2532 1325 2678 1380 ειΕι
2694 1334 2998 1396 posuerunt
3048 1334 3246 1380 terram
3290 1326 3451 1402 323
3497 1328 3611 1382 ele-

2032 1423 2174 1470 ctam
2203 1416 2258 1470 in
2300 1415 2694 1473 desolationem
2728 1436 2741 1470 :
2779 1436 2797 1469 ο
2834 1417 3073 1474 ostendit
3115 1418 3258 1471 enim
3303 1433 3362 1473 se
3401 1433 3506 1472 non
3539 1418 3610 1474 de

2031 1521 2092 1562 re
2121 1507 2305 1562 futura
2361 1509 2529 1580 loqui,
2579 1508 2673 1566 sed
2713 1509 2782 1565 de
2822 1510 3094 1581 praeterita
3143 1519 3196 1564 et
3221 1510 3332 1579 jam
3365 1519 3605 1579 peracta.

2031 1599 2160 1656 Vult
2208 1610 2387 1660 autem
2427 1618 2525 1675 per
2559 1605 2680 1660 haec
2712 1593 2903 1660 omnia
2941 1606 3128 1661 dicere
3164 1603 3328 1671 Deus,
3375 1619 3433 1660 se
3473 1604 3612 1674 jeju-

2031 1691 2183 1746 nium
2236 1701 2482 1749 vestrum
2539 1709 2768 1750 renuere
2833 1696 3029 1751 vitiose
3084 1705 3302 1769 actum;
3366 1697 3609 1752 suasisse

2031 1791 2212 1840 autem
2242 1801 2363 1855 quae
2391 1801 2490 1841 vos
2543 1786 2722 1842 facere
2755 1788 3040 1857 oportebat
3067 1805 3082 1852 ;
3133 1796 3188 1843 et
3221 1788 3350 1858 quia
3397 1804 3608 1844 morem

347 1853 594 1948 ῃτούμην
617 1878 804 1942 κακῶς
826 1851 1116 1951 γινομένην
1131 1919 1146 1944 ,
1171 1851 1548 1937 συνεϐούλευον
1581 1851 1644 1937 δὲ.
1660 1884 1696 1939 ἃ
1717 1851 1924 1956 προσῆ-

2032 1875 2080 1930 ei
2121 1890 2309 1946 gerere
2357 1877 2638 1941 noluistis,
2672 1885 2880 1932 tantam
2926 1879 3084 1934 vobis
3125 1875 3454 1946 imposuisse
3491 1896 3610 1956 prn-

346 1986 442 2021 κον
470 1964 538 2039 ἦν
565 1969 899 2040 πράττεσθαι
920 1973 1049 2042 παρ’
1072 1971 1247 2042 ὑμῶν*
1283 1973 1376 2028 καὶ
1400 1974 1586 2047 ἐπειδὴ
1617 1976 1826 2041 τούτοις
1852 1975 1928 2049 μὴ

348 2061 690 2131 προσείχετε,
712 2061 966 2134 τοιαύτην
985 2063 1115 2134 ὑμῖν
1137 2064 1417 2135 ἐπήγαγον
1439 2067 1732 2140 τιμωρίαν.
1766 2068 1926 2122 Ἀλλά

346 2151 466 2205 τότε
499 2152 601 2222 μὲν
628 2151 802 2208 ταῦτά
839 2170 974 2225 φησι
995 2170 1008 2185 ·
1040 2153 1137 2209 νῦν
1163 2154 1220 2209 δὲ
1249 2156 1332 2223 τί;

995 2247 1153 2301 ΚΕΦ.
1202 2248 1284 2301 H'.

416 2336 566 2406 Στίχ.
601 2333 744 2389 α’-ε’.
774 2365 844 2375 -
875 2358 894 2387 t
916 2337 1055 2392 Τάδε
1087 2338 1235 2409 λέγει
1259 2339 1466 2411 Κύριος
1491 2343 1885 2416 παντοκράτωρ
1910 2361 1924 2375 ·

361 2422 639 2494 Ἐζήλωσα
675 2426 772 2498 τὴν
811 2427 1165 2501 Ἰερουσαλὴμ
1206 2431 1301 2484 καὶ
1324 2431 1423 2504 τὴν
1451 2431 1590 2486 Σιὼν
1628 2434 1787 2504 ζῆλον
1831 2436 1929 2506 μέν

351 2528 450 2578 γαν
477 2530 489 2542 ο
527 2512 622 2566 καὶ
669 2513 824 2585 θυμῷ
868 2515 1088 2586 μεγάλῳ
1117 2515 1368 2592 ἐζήλωσα
1413 2521 1602 2591 αὑτήν.
1628 2542 1647 2574 ι
1677 2525 1927 2578 Μεταϐέ-

356 2604 528 2676 ϐληκά
557 2623 659 2675 μου
689 2606 789 2677 τὴν
819 2606 949 2676 περὶ
979 2607 1148 2678 αὐτὴν
1173 2610 1375 2680 σχέσιν,
1403 2613 1460 2683 (ρ
1501 2613 1632 2686 484)
1665 2613 1805 2671 ὥστε
1835 2618 1930 2672 καὶ

364 2696 492 2764 ἀγαν
516 2695 824 2767 ὀργίζεσθαι
856 2698 999 2771 ὺπέρ
1031 2693 1106 2753 ὧν
1148 2701 1382 2756 πέπονθε
1416 2704 1557 2759 κατά
1601 2706 1709 2761 τῶν
1740 2709 1929 2780 ἠδικη-

369 2787 535 2839 κότων
555 2787 714 2859 αὑτήν
743 2805 758 2822 ο
791 2789 886 2843 καὶ
915 2791 1190 2861 ἐπιμένων
1220 2795 1333 2857 τοῖς
1366 2796 1677 2867 εἰρημένοις
1698 2839 1714 2864 ,
1751 2821 1769 2851 ι
1790 2800 1928 2854 Τάδε

365 2877 502 2946 λέγει
524 2879 742 2950 Κύριος,
771 2880 1117 2954 Ἐπιστρέψω
1141 2885 1233 2937 ἐπὶ
1269 2885 1405 2938 Σιὼν
1436 2888 1532 2941 καὶ
1577 2891 1930 2962 κατασκηνώ-

347 2983 431 3024 ’σω
462 2974 519 3026 ἐν
538 2973 689 3044 μέσῳ
718 2973 1072 3046 Ἰερουσαλήμ
1091 2993 1104 3005 ·
1125 2976 1220 3030 καὶ
1241 2976 1572 3049 κληθήσεται
1597 2982 1629 3051 ἡ
1663 2981 1927 3055 Ἰερουσα-

349 3062 455 3134 λὴμ
477 3064 634 3128 πόλις
666 3065 892 3137 ἀληθινὴ
913 3108 928 3132 ,
965 3067 1059 3120 καὶ
1087 3067 1210 3138 ὅρος
1238 3069 1443 3141 Κυρίου
1472 3074 1925 3146 παντοκράτορος,

347 3155 680 3226 ὁρος-ἆγιον.
714 3176 734 3210 ι
781 3158 1069 3227 Ἐπανάξω
1114 3161 1223 3233 γάρ
1262 3178 1365 3232 μου
1396 3162 1494 3234 τὴν
1541 3165 1671 3236 περὶ
1715 3167 1776 3219 τὸ
1805 3167 1926 3238 ὅρος

347 3246 481 3299 Σιὼν
509 3247 754 3302 διάθεσιν
773 3289 788 3314 ,
817 3250 914 3302 καὶ
947 3251 1222 3321 φανοῦμαι
1252 3252 1414 3307 πάλιν
1442 3254 1532 3308 διὰ
1567 3257 1668 3326 τῆς
1694 3257 1930 3328 κηδεμο-

347 3339 459 3402 νίας
485 3339 588 3410 τῆς
625 3340 830 3404 οίκείας
868 3341 960 3395 ἐπὶ
995 3343 1094 3412 τῆς
1145 3343 1498 3417 Ἰερουσαλήμ
1525 3362 1539 3376 ·
1575 3347 1840 3414 ἀποδείξω
1869 3364 1928 3400 τε

345 3432 512 3503 αὐτὴν
544 3433 699 3485 πόλιν
731 3433 899 3497 δντως
938 3435 1300 3498 συνεστῶσαν,
1327 3438 1418 3490 καὶ
1445 3440 1504 3490 ἐν
1537 3438 1762 3511 εὐθηνίᾳ
1794 3441 1929 3496 καθ-

344 3525 588 3577 εστῶσαν
623 3523 793 3596 πολλῇ
815 3541 826 3552 ·
857 3525 919 3578 τό
943 3543 1001 3578 τε
1030 3527 1155 3596 ὄρος
1192 3527 1278 3596 ἐφ’
1327 3521 1499 3600 οὗπερ
1542 3531 1574 3601 ἡ
1603 3531 1755 3595 πόλις
1784 3534 1928 3586 οἱκο-

336 3621 611 3692 δομεῖται,
649 3621 805 3691 ἀγιον
843 3622 1135 3687 ἀποδείξω,
1166 3624 1240 3688 ὡς
1283 3625 1382 3696 τῆς
1418 3626 1719 3697 παρουσίας
1765 3626 1930 3695 ἡξιω·

345 3713 510 3782 μένον
552 3714 652 3784 τῆς
702 3712 866 3784 ἐμῆς.
895 3714 1009 3766 Καὶ
1055 3715 1367 3785 προστιθεὶς
1421 3715 1500 3768 ἔτι
1549 3717 1660 3778 τοίς
1709 3716 1924 3776 αὐτοῖς·

347 3826 366 3860 ι
393 3808 539 3861 Τάδε
572 3808 720 3877 λέγει
761 3805 966 3880 Κύριος
998 3809 1426 3880 παντοκράτωρ,
1463 3810 1582 3862 Ἔτι
1616 3809 1928 3862 καθίσονται

343 3897 713 3970 πρεσϐύτεροι
742 3897 838 3952 καὶ
879 3897 1246 3969 πρεσϐύτεραι
1276 3883 1336 3952 ἐν
1367 3900 1488 3961 ταῖς
1517 3897 1798 3961 πλατείαις
1837 3899 1930 3950 Ἰε-

348 3988 634 4060 ρουσαλὴμ
658 4027 674 4052 ,
724 3987 954 4051 ἕκαστος
1009 3986 1108 4060 τὴν
1159 3987 1353 4060 ῥάϐδον
1406 3987 1570 4040 αὑτοῦ
1601 3988 1740 4059 ἔχων
1773 3989 1830 4040 ὲν
1863 3988 1928 4058 τῇ

343 4081 493 4153 χειρὶ
514 4079 712 4146 αὐτοῦ,
739 4079 846 4133 ἀπὸ
879 4079 1118 4150 πλήθους
1166 4079 1390 4151 ἡμερῶν
1414 4096 1428 4110 ο
1461 4079 1554 4134 καὶ
1574 4080 1630 4134 αί
1679 4078 1929 4133 πλατεῖαι

345 4175 443 4244 τῆς
476 4171 684 4235 πόλεως
734 4169 1144 4242 πλησθήσονται
1178 4169 1480 4242 παιδαρίων
1529 4171 1623 4224 καὶ
1662 4171 1931 4240 κορασίων

345 4265 655 4327 παιζόντων
687 4263 745 4315 ἐν
770 4265 890 4324 ταῖς
915 4261 1200 4325 πλατείαις
1233 4262 1422 4332 αὐτῆς.
1451 4280 1469 4313 ι
1498 4260 1683 4326 Οὕτως
1717 4262 1796 4326 δέ,
1835 4279 1932 4333 φη-

343 4359 456 4420 σὶν,
485 4355 696 4426 ἀϐλαϐῆ
729 4353 946 4424 φυλάξω
977 4355 1076 4426 τὴν
1112 4353 1265 4408 πόλιν
1310 4353 1406 4407 καὶ
1456 4354 1666 4417 πάντας
1706 4355 1832 4419 τοὺς
1856 4357 1932 4408 ot-

342 4445 578 4508 κοῦντας
610 4443 782 4514 αὐτὴν
801 4483 816 4508 ,
851 4443 990 4497 ὥστε
1020 4443 1094 4514 μὴ
1134 4442 1530 4513 παραπλησίως
1557 4445 1669 4503 τοῖς
1696 4443 1931 4514 πρόσθεν

2037 1981 2185 2023 nam.
2225 1967 2330 2024 Sed
2367 1978 2496 2025 tunc
2524 1969 2744 2042 quidem
2781 1971 2918 2036 hac,
2955 1973 3156 2045 inquit,
3184 1972 3425 2033 fuerunt.
3454 1978 3609 2035 Nunc

2029 2076 2159 2118 vero
2181 2061 2347 2133 quid?

2659 2247 2814 2304 CAP.
2851 2246 2986 2304 VIII.

2103 2338 2506 2396 Vens.|-5.—
2556 2340 2870 2398 tHaecdicit
2898 2341 3164 2398 Dominus
3215 2344 3604 2414 omnipotens:

2033 2429 2252 2486 Zelatus
2273 2444 2394 2486 sum
2452 2429 2791 2486 Hierusalem
2833 2441 3000 2504 atque
3047 2432 3180 2489 Sion
3229 2436 3345 2490 zelo
3375 2452 3605 2506 magno,

2031 2523 2219 2576 furore
2249 2537 2446 2593 magno
2471 2522 2678 2578 zelatus
2702 2537 2821 2577 eam
2848 2539 2990 2578 sum.
3017 2544 3036 2576 ι
3073 2524 3399 2580 Convertam
3427 2543 3608 2582 meum

2028 2629 2158 2684 erga
2194 2614 2341 2671 anm
2368 2614 2646 2681 allectum,
2679 2615 2752 2668 ita
2787 2623 2845 2670 ut
2874 2631 3200 2688 magnopere
3232 2619 3608 2673 calamitatum

2030 2705 2151 2774 ejus
2196 2719 2363 2758 causa
2410 2703 2632 2774 iujustis
2681 2703 2800 2774 ejus
2852 2705 3093 2760 inimicis
3137 2706 3366 2761 irascar.
3400 2707 3463 2761 Et
3509 2723 3609 2763 sua

2029 2797 2175 2852 dicta
2227 2797 2557 2851 continuans
2603 2797 2814 2866 inquit:
2859 2815 2876 2848 ι
2903 2795 3026 2852 ll:ec
3065 2797 3140 2852 ait
3170 2797 3466 2852 Dominus:
3494 2799 3610 2861 Re-

2030 2897 2216 2943 vertar
2247 2886 2313 2941 ad
2347 2885 2499 2952 Sion,
2547 2893 2600 2941 et
2631 2887 2890 2941 habitabo
2940 2887 2993 2941 in
3025 2886 3206 2942 medio
3244 2887 3607 2944 Hierusalem.

2034 2981 2097 3034 Et
2124 2980 2408 3035 vocabitur
2433 2978 2772 3035 Hierusalem
2801 2979 2934 3036 urbs
2957 2994 3106 3044 vera,
3134 2987 3188 3036 et
3211 2995 3374 3036 mons
3392 2979 3618 3034 Domini

2030 3070 2442 3140 omnipotentis,
2497 3084 2656 3124 mons
2721 3077 3007 3125 sanctus.»
3064 3067 3345 3139 Reducam
3396 3069 3466 3125 ad
3523 3085 3611 3125 me

2035 3177 2212 3216 meum
2241 3177 2369 3233 erga
2407 3161 2590 3216 Sionis
2621 3171 2859 3217 montem
2889 3161 3165 3230 affectum,
3219 3179 3453 3235 meoque
3478 3178 3608 3233 erga

2027 3253 2372 3308 'Iiiet'usalem
2394 3253 2699 3324 patrocinio
2724 3254 3096 3320 innotescom;
3130 3254 3468 3324 etii'ciamque
3487 3267 3609 3309 eam

2029 3361 2158 3401 vere
2179 3346 2331 3401 urbis
2355 3347 2573 3400 nomine
2590 3345 2834 3416 dignam,
2862 3352 2915 3400 et
2937 3346 3108 3398 multa
3130 3345 3400 3400 fruentem
3425 3361 3607 3399 rerum

2029 3438 2222 3506 copia;
2257 3445 2606 3506 montemque
2647 3436 2735 3491 u‘bi
2768 3429 2898 3492 urbs
2925 3436 3168 3500 condita,
3203 3444 3452 3490 sanctum
3489 3450 3609 3492 esse

2029 3531 2338 3596 ostendam,
2395 3539 2582 3599 utpote
2629 3545 2790 3598 quem
2842 3543 2958 3583 mea
3007 3529 3300 3598 praesentia
3351 3527 3609 3599 dignatus

2030 3625 2154 3680 sim.
2189 3621 2484 3692 Pergitque
2511 3622 2769 3692 praedicta
2798 3622 3107 3675 cumulare:
3139 3636 3157 3669 ι
3182 3619 3306 3676 Ilaec
3335 3624 3410 3676 ait
3433 3621 3611 3676 Domi-

2031 3731 2134 3769 nus
2159 3715 2506 3784 omnipotens
2527 3732 2538 3766 :
2559 3713 2752 3768 Adhuc
2770 3712 3043 3768 sedebant
3071 3729 3231 3769 senes
3262 3729 3512 3784 anusque
3552 3716 3609 3770 in

2030 3803 2225 3875 plateis
2257 3801 2619 3865 Hierusalem,
2669 3801 2868 3871 singuli
2919 3801 3143 3859 baculos
3188 3819 3318 3859 suos
3349 3804 3609 3860 manibus

2029 3901 2279 3949 tenentes
2315 3907 2425 3963 pra:
2453 3891 2667 3946 dierum
2697 3891 3070 3948 multitudine.
3123 3892 3188 3947 Et
3215 3894 3368 3950 urbis
3415 3896 3610 3965 plateae

2029 3984 2385 4055 replebuntur
2400 3981 2646 4054 puerulis
2667 3984 2975 4054 puellisque
2996 3985 3308 4042 ludentibus
3344 3987 3395 4040 in
3416 3988 3608 4057 plateis

2029 4077 2216 4147 ejus.»
2269 4075 2421 4130 Adeo
2473 4075 2804 4130 incolumem
2855 4075 3108 4139 servabo,
3168 4076 3362 4146 inquit,
3417 4078 3608 4131 utbem

2031 4181 2331 4237 omnesque
2379 4165 2450 4220 ibi
2498 4165 2824 4232 incolentes,
2857 4175 2917 4220 ut
2955 4167 3198 4234 minime,
3251 4175 3413 4239 prout
3446 4177 3608 4224 antea

2032 4259 2412 4324 usuvcniebat,
2465 4260 2791 4330 immaturos
2820 4259 3004 4314 obitus
3051 4261 3122 4315 ab
3167 4259 3610 4331 impendentibus

2035 4353 2195 4405 malis
2230 4358 2584 4420 exspectent;
2618 4352 2690 4404 ita
2723 4359 2781 4404 ut
2815 4351 2945 4404 urbe
2985 4353 3400 4423 prosperitatem
3435 4352 3610 4423 pluri-

2033 4458 2176 4496 ntatn
2208 4443 2460 4503 habente,
2491 4443 2704 4495 civibus
2736 4458 2954 4512 quoilue
2983 4447 3107 4497 vitae
3139 4443 3374 4512 spatium
3406 4457 3606 4512 proro-

343 4535 455 4587 ὺπδ
478 4535 588 4587 τῶν
622 4533 955 4603 κατεχόντων
979 4532 1166 4586 κακῶν
1198 4530 1410 4603 ἀώρους
1445 4533 1735 4603 ὑπομένειν
1761 4533 1927 4588 θανά-

2035 4541 2192 4604 getur
2217 4551 2228 4589 :
2269 4548 2377 4602 quo
2409 4533 2497 4587 (iet
2521 4543 2578 4586 ut
2596 4535 2722 4588 vitm
2745 4536 3090 4605 longzevitate
3112 4543 3380 4602 cogantur
3400 4534 3611 4589 baculis

340 4641 508 4688 τους’
557 4625 634 4688 ὡς
676 4627 734 4678 ἐν
770 4624 994 4696 εὐθηνία
1026 4624 1083 4677 δὲ
1133 4622 1300 4694 πολλῇ
1347 4623 1446 4694 τῆς
1477 4623 1684 4688 πόλεως
1733 4625 1932 4698 οὔσης,

343 4716 661 4784 ἀναγκαίως
705 4716 800 4769 καὶ
839 4718 952 4779 τοῖς
983 4714 1221 4768 οίκοῦσιν
1255 4714 1422 4784 αὐτὴν
1475 4715 1926 4785 παρεκτείνεσθαι

343 4809 442 4879 τὴν
471 4808 649 4879 ζωήνο
683 4807 822 4860 ὥστε
856 4806 952 4860 καὶ
981 4805 1342 4867 ἀσθενοῦντας
1361 4844 1376 4868 ,
1407 4803 1496 4858 διὰ
1524 4805 1584 4858 τὸ
1624 4804 1798 4876 μῆκος
1833 4807 1925 4860 τοῦ

348 4901 542 4972 χρόνου
569 4903 669 4970 τῆς
706 4898 852 4969 ζωῆς
885 4899 1209 4970 βακτηρίαις
1249 4896 1654 4966 ἀναγκάζεσθαι
1706 4900 1786 4962 είς
1829 4899 1927 4970 τὴν

345 4999 441 5068 τῆς
468 4996 692 5068 πορείας
726 4993 980 5066 βοήθειαν
999 5011 1012 5024 ·
1048 4994 1124 5065 (p.
1152 4993 1277 5064 485)
1318 4993 1470 5046 ἔσται
1503 4993 1559 5046 δὲ
1589 4993 1682 5046 καὶ
1712 4994 1746 5063 ἡ
1773 4993 1926 5058 πόλις

347 5089 512 5160 μεστὴ
559 5084 863 5155 παιδαρίων
888 5103 947 5138 τε
975 5085 1069 5138 καὶ
1103 5085 1372 5155 κορασίων
1402 5085 1732 5150 παιζόντων⁶
1767 5083 1929 5169 εὐθη-

349 5180 615 5248 νουμένης
641 5175 750 5249 γὰρ
775 5177 869 5230 καὶ
893 5174 1317 5246 πολυανθρώπου
1356 5176 1561 5240 πόλεως
1584 5178 1805 5248 σημεῖον
1837 5175 1930 5229 καὶ

349 5267 522 5322 τοῦτο.

420 5359 566 5431 Στίχ.
602 5357 753 5425 (τ’-θ’.
778 5389 848 5400 -
879 5353 994 5412 Εἶτ’
1025 5359 1212 5428 ἐπειδή
1267 5375 1382 5423 πως
1415 5359 1550 5430 πρὸς
1584 5361 1653 5414 τὰ
1687 5357 1931 5429 παρόντα

355 5449 588 5505 ἀδύνατα
625 5449 800 5504 ταῦτα
829 5446 967 5504 εἶναι
1012 5451 1283 5520 ἐφαίνετο,
1334 5469 1351 5500 ι
1379 5451 1515 5503 Τάδε
1559 5449 1704 5518 λέγει
1730 5449 1932 5519 Κύριος

357 5541 748 5613 παντοκράτωρ
770 5558 782 5570 ·
817 5541 882 5594 Et
915 5541 1238 5611 ἀδυνατήσει
1268 5540 1496 5594 ἐνώπιον
1535 5539 1640 5591 τῶν
1682 5539 1932 5592 καταλοί-

359 5646 474 5684 πων
497 5632 590 5686 τοῦ
626 5633 758 5686 λαοῦ
804 5631 994 5686 τούτου
1027 5635 1084 5687 ἐν
1130 5634 1248 5695 ταῖς
1276 5630 1509 5703 ἡμέραις
1549 5631 1812 5696 ἐκείναις,
1853 5632 1929 5702 μὴ

360 5723 454 5777 καὶ
482 5727 708 5779 ἐνώπιον
736 5725 872 5795 ἐμοῦ
915 5725 1274 5794 ἀδυνατήσει,
1313 5723 1458 5790 λέγει
1493 5724 1694 5794 Κύριος
1738 5740 1932 5775 παντο-

363 5814 612 5889 κράτωρι
640 5838 658 5872 t
707 5817 845 5871 Ἀλλ’
874 5819 922 5869 εί
957 5817 1050 5870 καὶ
1079 5816 1313 5870 ἀδύνατα
1341 5860 1351 5883 ,
1386 5819 1515 5887 φησὶ
1545 5857 1558 5882 ,
1593 5817 1765 5870 ταῦτα
1804 5817 1932 5885 ὑμῖν

2045 4625 2198 4680 inniti
2221 4625 2290 4680 ob
2313 4627 2559 4680 incessus
2584 4626 2980 4693 adjuntentum.
3004 4623 3117 4678 Erit
3142 4625 3268 4678 item
3291 4622 3455 4695 324
3477 4625 3611 4680 urbs

2035 4721 2194 4789 plena
2252 4719 2498 4787 puerulis
2554 4719 2859 4789 puellisque
2917 4717 3298 4782 lusitantibus;
3378 4731 3612 4786 namque

2035 4817 2088 4866 et
2131 4811 2233 4864 hoe
2271 4812 2431 4865 lauta:
2474 4827 2598 4865 cum
2649 4825 2944 4866 numeroso
2974 4811 3174 4881 populo
3201 4809 3439 4864 civitatis
3469 4808 3612 4863 indi-

2035 4902 2179 4956 cium
2211 4911 2314 4956 est.

2105 4995 2267 5051 \‘sns.
2295 4996 2422 5068 6-9,
2445 5027 2515 5037 —-
2547 4995 2753 5050 Deinde
2793 4996 2942 5066 quia,
3001 5010 3110 5065 prae
3141 4994 3396 5065 prmscnti
3429 5007 3611 5048 rerum

2032 5097 2202 5152 statu,
2234 5089 2600 5158 impossibilia
2638 5089 2752 5142 haec
2783 5089 3130 5150 videbantur,
3173 5105 3188 5136 ι
3217 5085 3339 5141 llaec
3370 5085 3445 5138 ait
3470 5086 3614 5155 (per-

2029 5182 2109 5251 git
2154 5181 2360 5250 dicere)
2423 5180 2686 5235 Dominus
2729 5182 3119 5249 omnipotens:
3170 5178 3226 5233 Si
3274 5178 3613 5248 impossibile

2031 5272 2247 5324 videtur
2265 5270 2507 5338 reliquiis
2528 5273 2706 5339 populi
2729 5270 2889 5338 hujus
2910 5270 3103 5323 diebus
3124 5270 3253 5331 illis,
3273 5285 3400 5323 num
3425 5283 3610 5323 coram

2034 5379 2119 5417 me
2141 5376 2359 5432 quoque
2389 5363 2493 5414 erit
2519 5362 2622 5415 hoc
2654 5361 3016 5430 impossibile,
3049 5361 3181 5414 dicit
3207 5359 3470 5415 Dominus
3501 5376 3616 5414 om-

2039 5453 2362 5523 nipotens?»
2405 5451 2628 5506 Etiamsi
2658 5453 2774 5507 hate
2803 5454 3165 5522 impossibilia
3202 5452 3497 5508 videantur
3527 5453 3615 5509 his

2039 5545 2130 5614 qui
2159 5543 2509 5613 exiguitatem
2555 5551 2803 5612 spectant
2851 5547 3082 5596 nuncin
3129 5543 3264 5598 urbe
3313 5559 3614 5614 congrega-

2040 5643 2256 5688 torum:
2306 5640 2544 5700 attamen
2596 5632 2728 5686 mihi
2771 5641 2917 5687 certe
2949 5632 3092 5686 haud
3143 5633 3481 5704 impossibile
3531 5641 3616 5686 est

2040 5735 2246 5779 tantam
2267 5724 2479 5794 operari
2507 5739 2687 5779 rerum
2715 5724 3157 5790 conversionem,
3186 5733 3244 5778 ut
3267 5739 3330 5779 ex
3359 5722 3612 5793 prmsenti

2041 5816 2260 5872 miseria
2302 5815 2370 5870 ad
2415 5817 2832 5889 prosperitatem
2873 5817 3164 5888 plurimam
3215 5824 3269 5870 et
3322 5814 3508 5868 urbem
3562 5819 3615 5864 et
