4022 6138
276 380 382 438 ΞΠ
1474 376 1830 434 τηιιῖοῡοῐιι
1870 376 2355 435 ΜΟΡΒΗΕΞΤΕΝΙ
3426 371 3531 428 548

283 497 410 566 ejus
431 509 523 553 res
549 510 743 554 omnes
775 494 1120 554 transferam.
1170 496 1349 568 Atque
1375 510 1440 552 ex
1476 502 1646 551 semet
1673 494 1853 565 possi-

1955 493 2343 564 καταφαίνεται
2382 492 2633 565 ἀφορῶσι
2678 491 2815 566 πρὸς
2844 490 2942 563 τὴν
2968 487 3252 559 ὀλιγότητα
3282 500 3388 540 των
3436 483 3533 540 νῦν

276 586 541 644 bilitatem
572 588 856 658 promissae
888 590 966 644 rei
982 588 1358 654 confirmans,
1395 588 1746 659 prosequitur
1774 586 1853 641 di-

1956 584 2385 656 συνειλεγμένων
2437 584 2532 637 ἐπὶ
2584 584 2683 654 τῆς
2732 582 2966 646 πόλεως,
3016 579 3132 634 ἀλλ’
3166 577 3268 632 οὐκ
3315 575 3439 647 ἐμοί
3466 590 3533 644 γε

276 690 444 735 cens:
481 676 675 733 Multos
716 692 848 732 sane
869 679 1008 735 alios
1040 678 1320 734 lsraelitas
1349 678 1597 749 pluribus
1627 692 1693 731 ex
1723 676 1856 731 locis

279 771 349 823 ad
369 771 509 823 hanc
531 769 721 823 urbem
748 771 1094 837 contraham,
1129 772 1227 841 qui
1251 771 1431 825 adhuc
1462 769 1517 824 in
1542 768 1857 840 captivitate

281 867 589 922 versantur,
612 868 667 915 et
693 875 722 913 a
748 876 833 914 me
858 862 1049 930 patriae
1070 870 1229 917 terra:
1251 862 1509 916 ineolatui
1538 860 1852 915 reddentur.

279 947 344 1001 Et
378 956 599 1018 propter
647 964 821 1003 meam
860 965 990 1020 erga
1040 951 1162 1008 illos
1205 951 1632 1005 sollicitudinem
1672 950 1852 1006 clarus

280 1037 427 1103 (iam,
461 1041 589 1110 quia
631 1041 755 1097 illos
784 1059 842 1098 re
866 1044 983 1113 ipsa
1014 1045 1271 1114 populum
1300 1057 1479 1096 meum
1510 1057 1635 1097 esse
1664 1050 1854 1095 osten-

282 1131 427 1195 dam.
451 1142 723 1205 quatenus
748 1137 841 1189 tali
876 1144 1138 1206 tantaque
1160 1134 1503 1205 providentia
1529 1148 1646 1188 mea
1671 1132 1853 1187 fruen-

283 1234 406 1282 tur;
451 1243 686 1297 vereque
731 1228 955 1282 videbor
993 1228 1209 1280 illorum
1258 1225 1423 1288 Deus,
1463 1224 1593 1280 dum
1643 1225 1853 1280 firmam

280 1334 457 1373 meam
487 1320 718 1375 exhibeo
748 1319 830 1375 eis
868 1313 1099 1391 gratiam
1124 1336 1141 1386 ;
1197 1333 1428 1388 meaque
1451 1317 1667 1387 iustitia
1695 1325 1855 1373 utens

276 1416 510 1463 cunctos
535 1408 757 1477 puniam
798 1410 888 1478 qui
914 1409 1211 1478 aliquando
1238 1424 1335 1463 eos
1366 1408 1559 1463 laedere
1588 1408 1708 1462 ausi
1735 1406 1855 1462 fue-
1898 1400 1907 1411 ”

279 1500 409 1554 rint.
442 1501 698 1554 Cumulat
723 1500 836 1554 hch
863 1502 1156 1571 promissa,
1191 1502 1417 1556 dicens:
1452 1520 1473 1552 ι
1497 1500 1620 1554 llaec
1642 1501 1720 1555 ait
1752 1499 1856 1555 Do‘

278 1593 466 1648 minus
506 1592 888 1662 omnipotens:
927 1592 1277 1648 Roboreutur
1307 1609 1504 1648 manus
1534 1600 1728 1648 vestrae
1758 1591 1853 1662 qui

191 1746 197 1752 κ
276 1685 482 1739 auditis
503 1684 590 1740 his
608 1684 802 1740 diebus
824 1700 1104 1740 sermones
1124 1686 1222 1741 hos
1244 1702 1308 1740 ex
1326 1702 1422 1741 ore
1439 1686 1851 1755 prophetarum,

271 1773 385 1842 jam
419 1774 542 1829 inde
567 1788 597 1828 a
624 1775 715 1829 die
743 1790 852 1844 quo
892 1774 1116 1827 fundata
1147 1783 1232 1829 est
1260 1774 1456 1829 domus
1492 1774 1703 1828 Domini
1733 1791 1852 1829 om-

1953 676 2212 731 ἀδύνατον
2243 675 2509 747 τοσαύτην
2542 674 2879 745 ἐργάσασθαι
2916 671 3026 725 τῶν
3065 668 3405 742 πραγμάτων
3432 666 3536 737 τὴν

1957 766 2258 839 μεταϐολὴν
2278 808 2293 831 ,
2321 766 2464 820 ὥστε
2498 768 2561 820 ἐκ
2594 766 2695 837 τῆς
2735 764 2829 820 νῦν
2855 762 3229 835 ταλαιπωρίας
3265 762 3345 824 είς
3372 759 3535 830 εὐθη-

1954 858 2074 912 νίαν
2102 856 2302 927 πολλὴν
2330 856 2663 928 μεταστῆναι
2695 858 2794 927 τήν
2822 871 2882 908 τε
2908 852 3061 906 πόλιν
3090 852 3185 905 καὶ
3210 850 3277 904 τὰ
3296 849 3415 903 κατ’
3436 847 3536 902 αὖ·

1953 950 2053 1021 τὴν
2092 951 2324 1005 ἅπαντα.
2354 951 2466 1004 Καὶ
2511 949 2921 1019 πιστωσάμενος
2947 945 3005 1013 ἐξ
3032 943 3198 999 αὐτοῦ
3224 945 3284 996 τὸ
3311 939 3535 995 δυνατὸν

1953 1041 2062 1095 τῶν
2091 1041 2518 1112 ἐπηγγελμένων
2540 1080 2556 1105 ,
2582 1038 2907 1112 προστίθησι
2950 1036 3111 1090 πάλιν
3148 1036 3230 1088 ὃτι
3256 1073 3272 1098 ,
3300 1032 3537 1096 Πολλοὺς

1957 1133 2058 1203 μὲν
2089 1133 2183 1186 καὶ
2215 1133 2438 1204 ἐτέρους
2463 1131 2570 1185 τῶν
2607 1130 2951 1203 Ἰσραηλιτῶν
2981 1126 3309 1196 πολλαχόθεν
3330 1126 3416 1178 ἐπ’
3437 1124 3537 1178 αὐ-

1952 1225 2053 1295 τὴν
2085 1224 2297 1291 συνάξω
2325 1224 2434 1277 τῶν
2467 1223 2559 1276 ἐπὶ
2584 1222 2685 1294 τῆς
2705 1220 3080 1293 αἰχμαλωσίας
3109 1217 3279 1273 ὄντων
3306 1217 3409 1281 ἔτι,
3439 1216 3534 1282 οὓς

1908 1384 1917 1395 κ
1954 1315 2218 1369 ἀποδώσω
2242 1320 2307 1388 τῇ
2330 1316 2540 1387 οἰκήσει
2586 1315 2685 1385 τῆς
2714 1315 2816 1385 γῆς
2849 1313 2947 1382 τῆς
2978 1310 3186 1376 οἰκείας
3208 1325 3223 1340 ⁸
3260 1310 3452 1380 ἔσομαι
3476 1308 3536 1362 δὲ

1954 1408 2137 1470 αὐτοῖς
2156 1407 2242 1461 διὰ
2270 1409 2366 1475 τῆς
2392 1406 2714 1477 κηδεμονίας
2741 1400 3141 1475 γνωριζόμενος
3158 1441 3173 1466 ,
3196 1401 3270 1465 ὡς
3291 1400 3537 1462 ἐκείνους

1938 1514 2012 1549 πε
2044 1498 2107 1548 ἐκ
2133 1497 2238 1550 τῶν
2271 1498 2611 1567 πραγμάτων
2636 1495 2945 1550 δείκνυσθαι
2964 1493 3147 1549 αὐτῶν
3182 1492 3351 1557 ὅντως
3377 1491 3534 1555 Θεὸν,

1954 1589 2047 1657 ἀφ’
2080 1581 2153 1640 ὧν
2176 1587 2397 1657 βεϐαίαν
2430 1606 2489 1641 τε
2527 1589 2711 1651 αὐτοῖς
2736 1587 2959 1659 παρέχω
2981 1586 3079 1658 τὴν
3119 1581 3324 1638 οἰκείαν
3352 1583 3534 1654 χάριν,

1955 1681 2048 1733 καὶ
2072 1684 2135 1752 τῇ
2163 1680 2476 1753 δικαιοσύνῃ
2508 1681 2792 1761 τῇρίκεία
2825 1679 3164 1752 κεχρημένος
3202 1677 3409 1741 πάντας
3453 1691 3537 1727 τι·-

1957 1775 2248 1847 μωροῦμαι
2278 1777 2404 1838 τοὺς
2438 1777 2586 1838 ὅπως
2630 1775 2760 1829 ποτέ
2801 1775 3060 1845 βλάπτειν
3101 1772 3297 1833 αὐτοὺς
3323 1772 3522 1839 ἐπιχει-

279 1863 597 1932 nipotentis,
655 1871 709 1917 et
769 1865 1028 1933 templum
1074 1864 1333 1919 mdificari
1390 1874 1689 1935 emptum.»
1741 1865 1853 1935 Age

1960 1868 2204 1937 ροῦντας.
2249 1866 2488 1929 Ταύταις
2543 1866 2898 1920 ἐπισυνάπτει
2953 1867 3072 1927 ταῖς
3131 1860 3485 1930 ἐπαγγελίαις
3519 1876 3533 1888 ’

279 1971 449 2019 nunc,
486 1954 683 2024 inquit,
732 1955 817 2008 his
847 1955 1133 2024 promissis
1168 1956 1303 2011 meis
1326 1956 1689 2019 attendentes,
1730 1970 1853 2025 quae

280 2062 426 2116 saepe
453 2061 550 2116 per
590 2047 885 2116 prephetas
936 2047 1090 2100 vobis
1136 2046 1459 2116 significavi,
1506 2048 1673 2101 multa
1725 2062 1851 2101 cum

279 2137 570 2193 sedulitate
614 2139 834 2193 domum
865 2153 1038 2192 meam
1090 2139 1476 2193 absolvendum
1509 2153 1723 2205 curate;
1762 2154 1850 2194 re-

282 2239 555 2301 putantes,
612 2248 641 2285 a
678 2246 788 2301 quo
832 2240 1072 2299 tempore
1121 2232 1249 2285 huic
1300 2247 1480 2301 opera:
1533 2232 1849 2285 iucumbitis

279 2324 478 2378 domus
504 2339 638 2378 mea:
658 2323 1008 2391 aediﬁcandae,
1033 2335 1236 2396 quanto
1259 2326 1515 2381 meliores
1544 2340 1630 2379 res
1656 2334 1851 2379 vestra:

279 2416 575 2472 evaserint.

1911 1954 1919 1967 ’
1964 1980 1984 2012 ι
2014 1959 2150 2013 Τάδε
2202 1960 2349 2028 λέγει
2382 1959 2586 2032 Κύριος
2630 1954 3038 2025 παντοκράτωρ,
3072 1954 3534 2024 Κατισχυέτωσαν

1959 2054 2015 2106 αί
2048 2056 2228 2122 χεῖρες
2257 2053 2410 2122 ὑμῶν
2432 2044 2540 2105 τῶν
2570 2052 2875 2105 ἀκουόντων
2912 2052 2988 2119 (p.
3008 2046 3134 2115 486)
3171 2048 3228 2099 ἐν
3258 2048 3377 2110 ταῖς
3395 2044 3535 2116 ἠμέ-

1962 2162 2081 2214 ραις
2110 2144 2334 2207 ταύταις
2369 2146 2493 2208 τοὺς
2525 2143 2715 2211 λόγους
2759 2140 2978 2205 τούτους
3020 2142 3085 2194 ἐκ
3132 2139 3396 2211 στόματος
3428 2135 3538 2189 τῶν

1946 2233 2272 2304 προψητῶν,
2339 2234 2431 2302 ἀφ’
2464 2229 2530 2304 ἧς
2579 2232 2794 2303 ἡμέρας
2831 2230 3248 2301 τεθεμελείωται
3309 2229 3340 2281 ὁ
3387 2224 3538 2291 οἶκος

1948 2325 2154 2395 Κυρίου
2185 2324 2619 2395 παντοκράτορος
2644 2366 2657 2389 ,
2687 2324 2782 2377 καί⁵
2820 2325 2848 2376 ὁ
2885 2322 3008 2386 ναὸς
3040 2323 3131 2392 ἀφ’
3155 2316 3217 2376 οὗ
3248 2320 3536 2393 ᾠκοδόμη-

1949 2434 2058 2469 ται.
2094 2437 2112 2468 ι
2160 2417 2295 2486 Φέρε
2330 2417 2538 2478 τοίνυν,
2575 2417 2730 2485 φησὶ,
2772 2414 2995 2480 ταύταις
3030 2418 3147 2478 ταῖς
3180 2414 3538 2484 ἐπαγγελίαις

276 2507 638 2578 προσέχοντες
665 2509 785 2571 ταῖς
814 2509 1003 2578 ἐμαῖς,
1031 2505 1097 2571 ἃς
1130 2507 1387 2571 πολλάκις
1426 2505 1516 2560 διὰ
1561 2506 1667 2561 τῶν
1722 2504 2014 2577 προφητῶν
2055 2505 2189 2575 πρὸς
2232 2505 2377 2574 ὑμᾶς
2418 2506 2781 2576 ἐποιησάμην,
2816 2506 2957 2575 μετὰ
2989 2505 3187 2576 πολλῆς
3219 2505 3316 2576 τῆς
3340 2507 3535 2576 ἐπιμμ

280 2599 428 2662 λείας
466 2599 557 2653 τὸν
593 2596 739 2653 οἷκον
772 2598 1125 2669 ἐκπληρῶσαι
1161 2597 1434 2651 σπεύσατε
1480 2596 1569 2649 τὸν
1624 2596 1776 2667 ἐμὸν,
1817 2595 2254 2665 ἀναλογιζόμενοι
2292 2595 2438 2661 ἐξότε
2478 2614 2584 2666 περ
2615 2596 2744 2666 περί
2772 2595 2942 2650 ταῦτα
2985 2597 3250 2667 ἐσχήκατε
3283 2596 3377 2650 καί⁵
3411 2595 3540 2667 περὶ

279 2690 380 2764 τὴν
406 2690 742 2761 κατασκευὴν
774 2689 867 2745 τοῦ
901 2691 1047 2743 οἴκου
1078 2689 1167 2742 τοῦ
1199 2689 1354 2759 ἐμοῦ.
1377 2688 1579 2758 ὁπόσην
1605 2690 1702 2759 τὴν
1736 2688 1827 2741 ἐπὶ
1849 2688 1909 2741 τὸ
1942 2691 2187 2759 κρεῖττον
2219 2686 2520 2759 μεταϐολὴν
2550 2688 2764 2755 ἐδέξατο
2787 2688 2855 2743 τὰ
2883 2690 3147 2761 ὑμέτερα.

354 2786 519 2842 Vens.
550 2788 630 2842 10.
656 2815 726 2826 ——
754 2784 914 2855 325
948 2782 1151 2838 Deinde
1178 2799 1243 2838 ex
1280 2783 1523 2850 priorum
1563 2796 1853 2852 compara—

269 2880 429 2937 .tione
448 2871 866 2930 conversionem
880 2866 1203 2924 ostendens:
1218 2890 1236 2922 ι
1253 2869 1394 2937 Quia
1416 2882 1544 2928 ante
1567 2873 1684 2930 dies
1708 2874 1853 2937 illos,

282 2970 480 3039 inquit,
504 2982 712 3024 merces
730 2967 1013 3021 hominum
1040 2980 1148 3019 non
1169 2974 1288 3018 erat
1306 2966 1609 3029 inlucrum,
1629 2972 1683 3018 et
1712 2980 1858 3019 mer-

279 3077 375 3118 ces
415 3063 788 3130 iumentorum
823 3058 970 3113 nulla
997 3065 1137 3123 erat,
1191 3064 1246 3111 et
1288 3071 1391 3114 seu
1426 3055 1724 3124 egredienti
1755 3070 1854 3109 seu

284 3149 609 3220 ingredienti
640 3147 790 3202 nulla
817 3160 920 3214 pax
946 3160 977 3199 a
1009 3144 1385 3199 tribulatione:
1417 3151 1471 3198 et
1500 3144 1709 3197 mittam
1737 3156 1855 3197 orn-

283 3255 383 3294 nes
400 3238 649 3292 homines
668 3250 1110 3306 unumquemque
1127 3248 1292 3302 super
1307 3233 1612 3302 proximum
1634 3248 1814 3288 suum.
1829 3253 1849 3285 ι

280 3326 446 3393 Olim,
480 3327 677 3395 inquit,
707 3332 761 3381 et
786 3332 913 3379 ante
935 3315 1122 3394 templi
1149 3322 1564 3377 mdilicationem
1599 3322 1653 3375 in
1686 3322 1855 3376 multa

281 3414 650 3470 versabamini
682 3411 926 3476 miseria,
961 3421 1105 3466 etne
1131 3409 1605 3478 ex'jumentorum
1635 3408 1856 3477 quidem

282 3515 590 3563 vestrorum
618 3519 808 3577 opera,
830 3519 1007 3573 neque
1028 3518 1095 3558 ex
1116 3502 1303 3557 multis
1337 3500 1619 3555 laboribus
1644 3501 1855 3553 lucrum

281 3599 498 3670 aliquod
531 3598 933 3668 reportabatis;
966 3610 1091 3649 nam
1124 3594 1466 3649 infructuosa
1489 3593 1673 3646 omnia
1703 3591 1858 3645 vobis

280 3689 548 3745 cllicicbat
577 3688 730 3759 pacis
758 3686 1005 3756 cujusvis
1034 3684 1388 3747 desiderium,
1419 3683 1546 3737 dum
1582 3680 1859 3751 perpetuis

281 3782 556 3852 variisque
610 3778 1059 3835 tribulationibus
1121 3782 1457 3830 vexarentur
1512 3787 1706 3829 omnes
1760 3770 1855 3841 qui

282 3873 473 3928 urbem
502 3878 740 3927 vestram
770 3866 1222 3938 ingrediebantur
1247 3873 1343 3920 aut
1374 3864 1500 3920 inde
1525 3861 1767 3925 exibant,
1804 3861 1858 3916 id

280 3975 365 4020 est
412 3962 564 4017 urbis
603 3963 768 4016 cives.
808 3960 1056 4029 Augebat
1090 3966 1272 4012 autem
1315 3955 1718 4011 tribulationem
1762 3970 1856 4009 ve-

282 4065 475 4114 stram,
514 4051 659 4122 quod
714 4050 863 4105 nulla
904 4065 1036 4120 pace
1089 4047 1411 4111 utebamini,
1470 4046 1653 4100 multis
1700 4053 1854 4100 extra

281 4144 743 4214 consurgentibus
792 4143 1130 4204 hominibus,
1187 4141 1316 4196 dum
1363 4155 1465 4210 ego
1501 4154 1587 4192 me
1618 4155 1647 4191 a
1698 4138 1853 4193 vobis

283 4244 609 4292 averterant.
629 4233 734 4290 Per
755 4235 872 4289 haec
902 4244 1082 4291 autem
1111 4233 1326 4288 videtur
1349 4233 1540 4311 eodem
1561 4248 1723 4287 sensu
1747 4246 1856 4301 quo

283 4328 475 4382 beatus
502 4324 734 4396 Aggzeus
768 4326 1051 4395 propheta.
1078 4316 1367 4380 uiauifeste
1384 4323 1717 4393 exprobrare
1749 4322 1855 4377 illis

284 4415 592 4487 ignaviam;
645 4415 981 4469 memorabat
1029 4415 1176 4471 enim
1221 4419 1451 4486 Aggaeus
1481 4417 1711 4472 subnata
1747 4415 1855 4471 illis

1992 2769 2177 2854 ’Στίχ.
2218 2779 2270 2833 ι’.
2309 2810 2378 2819 -
2412 2776 2527 2834 Εἶτ’
2576 2781 2641 2833 ἐκ
2698 2781 3053 2851 παραθέσεως
3104 2780 3211 2835 τῶν
3259 2780 3541 2853 προτέρων

1958 2873 2172 2936 δεικνὺς
2192 2872 2289 2944 τὴν
2319 2872 2621 2943 μεταϐολήν
2637 2888 2651 2902 ·
2685 2890 2703 2923 ι
2729 2872 2873 2925 Διότι
2905 2872 3009 2944 πρὸ
3026 2873 3134 2926 τῶν
3151 2872 3375 2944 ἡμερῶν
3397 2872 3540 2926 ἐκεί-

1958 2981 2064 3018 νων
2090 2966 2119 3016 ὁ
2157 2963 2345 3033 μισθὸς
2371 2963 2478 3016 τῶν
2517 2963 2821 3034 ἀνθρώπων
2852 2964 2953 3018 οὐκ
2983 2960 3049 3036 ἦν
3080 2965 3159 3026 εἰς
3191 2963 3411 3035 ὄνησιν,
3445 2964 3543 3019 καὶ

1958 3057 1987 3109 ὁ
2018 3053 2206 3124 μισθὸς
2237 3054 2345 3108 τῶν
2372 3054 2583 3124 κτηνῶν
2615 3056 2714 3126 οὐχ
2743 3054 2985 3127 ὑπῆρχε,
3017 3056 3111 3109 καὶ
3135 3054 3212 3128 τῷ
3246 3059 3542 3127 ἐκπορευο-

1963 3146 2108 3215 μένῳ
2135 3146 2228 3200 καὶ
2254 3145 2332 3217 τῷ
2370 3146 2807 3218 ιίσπορευομένῳ
2844 3148 2946 3200 οὐκ
2977 3141 3044 3218 ἦν
3071 3149 3264 3220 εἰρήνη
3308 3148 3416 3202 άπὸ
3440 3148 3544 3220 τῆς

1959 3234 2226 3304 θλίψεως·
2270 3236 2366 3289 καὶ
2412 3236 2760 3303 ἐξαποστελῶ
2799 3236 3005 3301 πάντας
3040 3238 3167 3301 τοὺς
3215 3237 3541 3309 ἀνθρώπους

1957 3325 2187 3380 ἕκαστον
2225 3326 2316 3379 ἐπὶ
2362 3325 2453 3379 τὸν
2502 3327 2726 3397 πλησίον
2755 3323 2942 3381 αὐτοῦ.
2972 3345 2991 3378 ι
3030 3326 3204 3382 Πάλαι
3261 3328 3362 3398 μὲν
3407 3329 3538 3399 γὰρ,

1958 3414 2113 3484 φησὶ,
2148 3414 2241 3469 καὶ
2275 3414 2381 3487 πρὸ
2410 3416 2508 3487 τῆς
2531 3416 2817 3488 οἰκοδομῆς
2843 3415 2936 3470 τοῦ
2967 3417 3096 3472 ναοῦ
3127 3419 3184 3470 ἐν
3212 3417 3378 3490 πολλῇ
3402 3418 3541 3472 καθ-

1957 3508 2258 3578 ειστήκειτε
2310 3509 2652 3581 ταλαιπωρία
2682 3527 2696 3540 ·
2764 3510 2855 3563 καὶ
2908 3510 3030 3565 οὔτε
3073 3513 3140 3582 τῇ
3185 3512 3293 3565 τῶν
3325 3513 3543 3584 κτηνῶν

1958 3597 2065 3652 τῶν
2100 3599 2377 3669 ὑμετέρων
2412 3600 2641 3671 ἐργασίᾳ
2672 3601 3055 3671 προσκείμενοι
3086 3602 3149 3654 ἐκ
3183 3601 3291 3655 τῶν
3326 3603 3541 3657 πολλῶν

1957 3708 2010 3743 τι
2055 3691 2232 3745 πόνων
2287 3692 2629 3762 ἁπεφέρεσθε
2675 3691 2864 3765 κέρδος
2889 3708 2903 3723 °
2956 3694 3193 3764 ἀνόνητα
3247 3694 3356 3767 γάρ
3408 3696 3541 3766 ὑμῖν

1958 3783 2175 3838 ᾶπαντα
2205 3784 2377 3838 ἐποίει
2406 3785 2466 3837 τὸ
2501 3785 2770 3856 μηδεμιᾶς
2819 3785 2920 3858 μὲν
2965 3788 3189 3858 εἰρήνης
3220 3787 3539 3854 ἀπολαύειν,

1956 3875 2015 3929 ἐν
2042 3873 2250 3943 θλίψεσι
2272 3875 2329 3929 δὲ
2354 3876 2583 3930 πάντοτε
2610 3876 2957 3943 ἐξετάζεσθαι
2991 3877 3262 3943 ποικίλαις
3291 3879 3543 3944 ἅπαντας

1961 3965 2081 4029 τοὺς
2104 3967 2197 4019 ἐπὶ
2233 3967 2331 4038 τῆς
2379 3967 2582 4031 πόλεως
2612 3969 2880 4033 εἰσιόντας
2926 3986 2986 4022 τε
3028 3971 3121 4023 καὶ
3161 3969 3399 4035 ἐξιόντας
3427 3971 3543 4027 τῶν

1957 4058 2015 4109 ἐν
2046 4059 2190 4131 ὑμῖν,
2218 4057 2305 4111 ἴνα
2335 4058 2464 4129 εἴπῃ
2490 4058 2613 4120 τοὺς
2647 4058 2738 4109 ἐπὶ
2764 4058 2865 4128 τῆς
2897 4058 3104 4122 πόλεως
3130 4059 3538 4131 ἀναστρεφομέ-

1956 4165 2100 4210 νους.
2142 4147 2351 4211 Ηῠξανε
2377 4146 2435 4199 δὲ
2456 4146 2625 4201 ταῦτα
2654 4148 2782 4218 ὑμῖν
2810 4151 2907 4221 τήν
2927 4167 2988 4207 τε
3022 4150 3220 4220 θλίψιν,
3251 4152 3343 4205 καὶ
3368 4151 3430 4205 τὸ
3456 4152 3538 4224 μὴ

1957 4239 2015 4291 ἐν
2043 4240 2233 4311 εἰρήνῃ
2259 4238 2606 4305 καθεστάναι,
2640 4239 2701 4293 τὸ
2738 4240 2963 4305 πολλοὺς
2998 4243 3125 4313 ὑμῖν
3152 4244 3538 4316 ἐπεγείρεσθαι

1954 4330 2063 4383 τῶν
2115 4330 2315 4396 ἔξωθεν
2365 4329 2709 4402 ἀνθρώπων,
2758 4333 2846 4386 διὰ
2897 4334 2994 4405 τὴν
3046 4336 3393 4407 ἀποστροφὴν
3433 4337 3539 4408 τὴν

1956 4421 2096 4492 ἐμήν
2113 4439 2127 4453 α
2162 4422 2305 4474 ἔοικε
2331 4422 2387 4475 δέ
2414 4422 2587 4477 ταῦτα
2613 4424 2752 4478 κατά
2780 4424 2876 4496 τὴν
2920 4425 3127 4480 ἔννοιαν
3154 4431 3265 4491 τοίς
3291 4426 3384 4481 τοῦ
3427 4446 3538 4499 μα-

282 4510 449 4574 mala,
481 4518 606 4563 cum
636 4507 701 4563 ad
724 4508 1141 4562 aedificationem
1164 4509 1452 4578 torpebant
1479 4526 1494 4575 ;
1530 4507 1851 4563 Ostendebat

1955 4512 2146 4582 καρίου
2185 4512 2440 4581 Ἀγγαίου
2468 4513 2562 4567 τοῦ
2590 4516 2870 4589 προφήτου
2915 4516 3099 4585 σαφῶς
3132 4517 3207 4589 (p.
3243 4517 3368 4585 487)
3395 4520 3545 4572 ὀνει-

281 4601 444 4657 simul
461 4609 665 4672 quanta
688 4598 830 4654 facta
852 4598 1046 4654 fuisset
1072 4600 1125 4654 in
1152 4600 1346 4655 melius
1372 4601 1682 4663 conversio,
1707 4607 1851 4670 post-

279 4705 442 4760 quam
495 4698 774 4761 cmperant
822 4688 993 4743 divini
1052 4689 1240 4758 templi
1292 4689 1581 4744 aedilicium
1631 4706 1845 4759 urgere.

282 4782 425 4838 Idem
472 4782 577 4838 hoc
615 4783 735 4838 loco
780 4782 974 4837 beatus
1002 4778 1298 4835 Zacharias
1327 4780 1482 4842 dicit,
1531 4796 1725 4850 nempe
1757 4795 1852 4835 vos

281 4876 481 4930 multas
536 4884 791 4943 expertos
833 4887 957 4927 esse
1008 4871 1369 4938 calamitates,
1416 4872 1543 4925 dum
1592 4874 1849 4943 templum

278 4964 649 5038 negligebatis:
670 4964 763 5019 sed
796 4971 1082 5033 postquam
1119 4970 1327 5017 mutata
1362 4964 1656 5028 sententia,
1697 4964 1851 5020 debi-

281 5067 388 5110 tam
420 5055 744 5126 suscepistis
772 5053 960 5124 templi
987 5067 1198 5118 curam,
1234 5052 1366 5123 quid
1398 5060 1513 5106 tum
1549 5048 1813 5125 contigit?

1953 4604 2115 4668 δίζων
2149 4606 2332 4669 αὐτοῖς
2362 4604 2461 4677 τὴν
2502 4606 2809 4678 ρᾳθυμίανο
2846 4610 3220 4680 ἐμνημόνευσε
3276 4610 3377 4681 μὲν
3426 4611 3537 4663 τῶν

1955 4698 2353 4766 ἐπιγεγονότων
2392 4700 2576 4764 αὐτοῖς
2607 4700 2794 4755 κακῶν
2814 4741 2828 4766 ,
2860 4702 3095 4773 ὁπηνίκα
3118 4704 3215 4774 τῆς
3244 4703 3537 4781 οἰκοδομῆς

1957 4787 2441 4861 κατερρᾳθύμουνο
2477 4789 2714 4861 ἐδήλωσε
2760 4790 2816 4843 δὲ
2842 4790 3014 4861 πόσην
3065 4792 3190 4864 ἔσχε
3231 4796 3538 4867 μεταϐολὴν

1956 4876 2049 4929 ἐπὶ
2075 4876 2133 4929 τὸ
2158 4879 2402 4947 κρεῖττον
2427 4878 2493 4931 τά
2527 4878 2667 4933 κατά
2710 4881 2836 4943 τοὺς
2866 4879 3152 4949 ἑλομένους
3196 4883 3293 4952 τῆς
3332 4885 3541 4937 οἰκοδοο

1958 4969 2066 5038 μῆς
2089 4968 2182 5022 τοῦ
2216 4969 2345 5023 ναοῦ
2378 4969 2683 5042 φροντίζειν
2715 4970 2809 5025 τοῦ
2852 4971 2997 5026 θείου
3020 4990 3034 5003 ⁸
3069 4972 3228 5027 τοῦτο
3261 4976 3370 5045 γὰρ
3400 4978 3538 5029 κάν-

1954 5058 2125 5112 ταῦθα
2177 5062 2207 5113 ὁ
2241 5061 2508 5132 μακάριος
2538 5062 2811 5134 Ζαχαρίας
2855 5064 3038 5134 λέγει,
3069 5065 3149 5119 δτι
3190 5066 3277 5119 Ἐν
3312 5065 3545 5125 πολλαῖς

277 5140 396 5218 ἦτε,
420 5148 570 5218 φησί,
588 5143 983 5216 ταλαιπωρίαις
1004 5142 1329 5216 ἀμελοῦντες
1356 5144 1457 5200 τοῦ
1486 5146 1654 5200 οίκου’
1681 5148 1868 5219 ἐπειδὴ
1904 5148 1959 5203 δὲ
1990 5152 2384 5221 μεταϐαλόντες
2424 5154 2523 5225 τὴν
2561 5156 2807 5228 γνώμην,
2844 5156 2942 5229 τὴν
2973 5159 3354 5231 προσήκουσαν
3380 5158 3536 5231 ἔχετε

280 5238 408 5309 περὶ
432 5239 525 5292 τὸν
556 5236 703 5294 οἷκον
731 5239 989 5311 σπουδὴν,
1010 5238 1063 5292 τί
1096 5238 1283 5309 γέγονε
1307 5255 1322 5304 ;

352 5333 516 5390 Vens.
546 5335 723 5391 "-15.
750 5366 821 5376 —
855 5355 872 5388 ι
896 5334 1130 5391 Et'nunc
1161 5351 1269 5390 non
1300 5335 1456 5407 jut‘ta
1486 5335 1605 5391 dies
1637 5337 1848 5407 priores

281 5422 424 5478 facio
465 5425 709 5496 reliquiis
748 5427 932 5496 populi
970 5426 1154 5496 hujus,
1205 5424 1337 5481 dicit
1370 5427 1634 5483 Dominus
1674 5428 1852 5482 omni—

279 5520 496 5584 potens,
530 5515 623 5569 sed
659 5530 848 5585 pacem
878 5518 1184 5571 ostendam.
1220 5514 1389 5571 Vinea
1423 5515 1576 5572 dabit
1607 5516 1847 5571 fructum

279 5619 469 5671 suum,
507 5612 563 5659 et
591 5613 737 5661 terra
766 5606 915 5661 dabit
942 5608 1184 5677 germina
1231 5623 1351 5672 sua,
1385 5616 1438 5663 et
1468 5608 1668 5662 coelum
1699 5608 1852 5663 dabit

277 5710 459 5753 rorem
486 5710 669 5760 suum.
701 5695 1003 5767 faciamque
1037 5705 1096 5753 ut
1117 5698 1362 5768 reliquiae
1384 5700 1565 5768 populi
1600 5700 1701 5753 mei
1734 5699 1848 5753 inec

290 5787 473 5845 omnia
521 5785 855 5861 possideant.
898 5786 962 5843 Et
995 5786 1123 5854 erit,
1159 5788 1302 5844 sicut
1336 5790 1501 5845 eratis
1539 5788 1849 5845 maledictio

2021 5334 2171 5405 Στίχ.
2211 5331 2386 5386 ια’-ιε’.
2417 5362 2485 5371 -
2510 5352 2528 5385 ι
2558 5335 2669 5387 Και
2698 5335 2790 5388 νῦν
2813 5336 2871 5389 οὐ
2904 5335 3047 5389 κατά
3074 5336 3173 5399 τὰς
3198 5336 3408 5409 ἡμέρας
3430 5334 3537 5401 τὰς

1948 5424 2254 5498 ἔμπροσθεν
2285 5422 2396 5492 ἐγὼ
2424 5423 2560 5477 ποιῶ
2587 5427 2701 5489 τοῖς
2744 5427 3090 5492 καταλοίποις
3122 5427 3213 5481 τοῦ
3242 5425 3370 5481 λαοῦ
3395 5425 3535 5480 τού-

1948 5535 2064 5580 του,
2094 5517 2241 5584 λέγει
2274 5514 2477 5588 Κύριος
2511 5516 2903 5588 παντοκράτωρ
2935 5534 2947 5548 ’
2978 5518 3092 5572 ἀλλ’
3121 5516 3154 5588 ἢ
3185 5517 3342 5584 δείξω
3369 5517 3531 5590 εἰρή-

1949 5625 2045 5676 νην
2065 5624 2078 5637 ·
2116 5609 2148 5679 ή
2182 5607 2423 5678 ἄμπελος
2453 5605 2611 5660 δώσει
2635 5608 2729 5661 τὸν
2768 5598 2976 5680 καρπὸν
3021 5609 3225 5681 αὐτῆς,
3257 5609 3350 5663 καὶ
3389 5609 3423 5679 ἡ
3452 5608 3533 5681 γῆ

1954 5698 2113 5753 δώσει
2157 5699 2225 5753 τὰ
2285 5700 2567 5771 γενήματα
2625 5700 2829 5770 αὐτῆς,
2861 5702 2953 5754 καὶ
2986 5700 3211 5773 οὐρανὸς
3240 5699 3396 5754 δώσει
3427 5700 3533 5769 τὴν

1955 5790 2141 5863 δρόσον
2178 5793 2377 5847 αὑτοῦ·
2421 5795 2511 5848 καὶ
2545 5793 3076 5867 κατακληρονομήσω
3124 5796 3234 5859 τοῖς
3277 5791 3532 5850 καταλοί-
