4022 6138
291 333 396 392 549

1144 298 1734 395 conm-mutnus
1782 336 1849 393 IN
1887 297 2261 395 “manus
2311 332 2471 391 CAP.
2515 330 2651 391 vm.

3446 338 3554 395 550

291 465 412 512 ποις
443 446 540 501 τοῦ
564 445 698 500 λαοῦ
723 464 826 517 μου
853 446 1031 502 πάντα
1056 445 1228 502 ταῦτα
1248 465 1261 477 θ
1287 450 1381 503 καλ⁸
1405 449 1557 503 ἔσται
1585 450 1643 504 ὃν
1672 449 1870 524 τρόπον

1982 450 2117 506 inter
2144 455 2355 521 gentes,
2385 463 2421 503 o
2454 450 2651 504 domus
2671 444 2827 503 Iudae
2858 456 2912 503 et
2950 447 3148 506 domus
3183 447 3428 516 lsraelis',
3476 452 3551 506 ita

291 534 386 609 ἦτε
426 539 641 609 κατάρα
690 538 749 590 έν
780 540 895 601 τοῖς
930 537 1157 600 ἔθνεσιν,
1189 539 1336 602 οἶκος
1349 542 1519 596 Ἰούδα
1543 581 1558 606 ,
1596 543 1691 598 καὶ
1723 537 1870 607 οἶκος

304 628 519 700 Ἰσραὴλ
545 669 561 694 ,
592 627 766 685 οὕτως
792 630 1044 684 διασώσω
1073 632 1241 701 ὑμᾶς,
1274 633 1370 685 καὶ
1402 633 1591 687 ἔσεσθε
1629 637 1687 689 ὲν
1715 636 1870 692 εὐλο-

291 719 435 792 γίᾳ.»
455 721 570 791 Οὐχ
597 722 759 791 ὅμοια
790 723 901 785 τοῖς
931 722 1167 791 πρόσθεν
1195 726 1264 777 τὰ
1283 723 1377 777 νῦν
1403 727 1533 797 περὶ
1559 728 1685 791 τοὺς
1706 728 1871 781 ἐπαν-

294 812 617 884 εληλυθότας
664 815 975 884 γενήσεται,
1013 814 1110 879 οὓς
1136 815 1200 868 ἐκ
1238 815 1448 870 πολλῶν
1471 817 1579 871 τῶν
1602 818 1875 888 ἀπολομέ-

292 920 395 956 νων
427 901 644 971 ὀλίγους
684 904 1131 976 περιλειφθέντας
1162 906 1385 977 αὐξήσω
1432 909 1593 962 πάλιν
1640 909 1751 977 ἐγὼ
1779 912 1874 965 καὶ

292 994 425 1064 πρὸς
451 993 656 1064 πλῆθος
700 995 812 1060 ἄξω
841 1036 856 1061 ,
888 996 1109 1068 εἰρήνης
1135 1014 1196 1051 τε
1222 999 1420 1063 αὐτοὺς
1443 1001 1673 1073 πλήρεις
1707 1003 1871 1074 ἐργα-

293 1087 524 1157 σάμενος
543 1125 558 1149 ,
587 1085 683 1139 καὶ
718 1085 816 1156 τὴν
843 1086 950 1140 ἀπὸ
981 1086 1091 1141 τῶν
1119 1089 1348 1161 καρπῶν
1388 1091 1641 1161 εὐθηνίαν
1688 1094 1871 1158 αὐτοῖς

293 1177 576 1248 παρέχων,
616 1178 711 1230 καὶ
740 1177 955 1232 πάντων
984 1179 1047 1251 δὴ
1084 1181 1362 1251 συντόμως
1388 1184 1560 1237 εἰπεῖν
1597 1184 1705 1238 τῶν
1733 1186 1874 1255 ἀγα-

293 1266 399 1320 θῶν
431 1266 771 1338 δωρούμενος
798 1268 981 1331 αὐτοῖς
1006 1268 1106 1340 τὴν
1131 1271 1429 1325 ἀπόλαυσιν
1450 1288 1462 1300 ’
1493 1273 1559 1326 ἵν’
1595 1273 1783 1344 ῶσπερ
1810 1273 1873 1327 τὸ

295 1358 522 1412 παλαιὸν
560 1359 833 1429 τιμωρίας
857 1359 1143 1429 ἐφαίνεσθε
1174 1364 1340 1416 πᾶσιν
1366 1365 1506 1432 ἄξιοι
1534 1364 1625 1418 διὰ
1648 1366 1745 1436 τὴν
1773 1366 1868 1437 ὀρ-

295 1449 392 1521 γὴν
415 1450 512 1522 τὴν
540 1451 680 1522 ἐμὴν
710 1492 723 1514 ,
760 1454 836 1523 (p.
872 1452 996 1522 488)
1026 1452 1200 1520 οὕτως
1239 1457 1303 1508 ἐκ
1335 1455 1435 1524 τῆς
1466 1457 1607 1527 ὲμῆς
1637 1457 1873 1528 κηδεμοη

295 1542 408 1607 νίας
443 1544 774 1615 μακαριστοὶ
812 1545 1089 1614 φαίνοισθε
1129 1548 1280 1619 παρά
1314 1551 1476 1603 πᾶσιν
1514 1548 1823 1622 ἀνθρώποις
1852 1566 1868 1581 ·

295 1635 383 1688 καὶ
410 1634 574 1688 πλέον
606 1634 1041 1707 παραθαρρύνων
1056 1636 1265 1704 αὐτοὺς,
1281 1657 1300 1692 ι
1323 1637 1589 1710 Θαρῤεῖτε
1613 1638 1706 1691 καὶ
1737 1655 1870 1690 κατ-

298 1724 504 1796 ισχύετε
535 1726 593 1778 ὲν
630 1728 751 1790 ταῖς
785 1727 972 1797 χερσὶν
1008 1725 1180 1797 ὑμῶν.
1214 1726 1360 1781 Διότι
1390 1728 1517 1781 τάδε
1556 1728 1703 1797 λέγει
1758 1728 1871 1782 Κύ-

1975 543 2201 599 sulvabo
2247 556 2364 606 vos,
2397 548 2449 595 et
2477 539 2708 596 eritisin
2740 539 3170 596 benedictionea
3210 540 3365 597 llaud
3397 557 3553 612 aeque

1974 646 2039 688 ac
2090 631 2517 702 antiquioribus,
2575 630 2649 684 ita
2698 631 2931 702 posteris
2989 632 3224 695 eveniet,
3275 647 3415 701 quos
3482 647 3552 686 ex

1976 723 2161 779 multis
2185 724 2486 780 exstinctis
2527 737 2730 793 paucos
2764 723 3005 795 relictos,
3032 738 3229 778 rursus
3258 739 3360 793 ego
3389 723 3556 795 326

1974 814 2187 886 augebo
2222 823 2277 870 et
2330 815 2383 868 in
2440 794 2843 868 multitudine?!)
2896 812 3214 883 provcbam,
3276 828 3410 884 pace
3457 829 3555 868 eos

1974 907 2283 972 cumulans,
2325 914 2379 961 et
2426 905 2641 975 frugum
2672 905 2886 975 copiam
2938 905 3335 975 suppeditans;
3391 914 3557 975 atque

1978 1006 2035 1051 ut
2052 999 2375 1067 compendio
2390 996 2590 1060 dicam,
2613 998 2855 1050 omnium
2876 996 3145 1051 bonorum
3164 996 3369 1051 eisdem
3393 1010 3554 1050 usum

1978 1089 2246 1153 tribuens,
2280 1097 2337 1142 ut
2364 1088 2525 1143 sicuti
2567 1087 2698 1141 olim
2730 1101 2891 1157 poena
2930 1087 3262 1144 videbamini
3298 1086 3448 1157 digni
3485 1087 3557 1141 ob

1975 1179 2113 1233 iram
2159 1194 2357 1243 meam,
2410 1179 2485 1233 ita
2529 1189 2753 1249 prepler
2777 1179 3143 1249 patrocinium
3176 1194 3359 1233 meum
3410 1178 3557 1234 beati

1976 1270 2269 1325 videamini
2299 1271 2516 1326 cunctis
2548 1272 2879 1327 hominibus.
2918 1270 2983 1325 Et
3006 1274 3179 1343 magis
3210 1270 3392 1325 adhuc
3418 1269 3558 1325 ﬁdu-

1978 1363 2117 1417 ciam
2153 1362 2235 1418 eis
2273 1377 2503 1431 augens,
2535 1382 2553 1415 ι
2582 1363 2874 1428 Cenlidile,
2911 1365 3107 1433 inquit,
3141 1372 3196 1419 et
3228 1365 3559 1418 roborentur

1979 1468 2173 1507 manus
2217 1465 2412 1507 vestrae
2442 1472 2455 1508 :
2490 1454 2748 1523 quoniam
2780 1455 2895 1508 haec
2928 1455 3063 1510 dicit
3090 1441 3352 1510 Dominus
3376 1457 3558 1510 omni-

1979 1554 2207 1615 potens:
2241 1544 2711 1612 Quemadmodum
2742 1549 2978 1619 cogitavi
3018 1564 3115 1604 vos
3139 1548 3395 1619 amigere,
3428 1550 3557 1619 quia

1979 1652 2066 1693 me
2119 1647 2302 1707 patres
2356 1639 2523 1693 vestri
2575 1639 3060 1705 exacerbaverant,
3113 1640 3246 1696 dicit
3294 1640 3558 1696 Dominus

1980 1729 2349 1800 omnipotens.
2379 1745 2555 1799 neque
2592 1738 2725 1786 tunc
2760 1748 2845 1787 me
2874 1732 3150 1801 pwnituit,
3189 1734 3261 1786 ita
3296 1733 3558 1788 constitui

300 1834 407 1888 ριος
430 1816 833 1889 παντοκράτωρ
856 1857 871 1883 ,
931 1819 1028 1872 Ὃν
1056 1818 1254 1891 τρόπον
1274 1818 1555 1891 διενοήθην
1581 1819 1672 1872 τοῦ
1702 1820 1877 1873 κακῶ-

1982 1833 2043 1872 ac
2074 1820 2599 1878 deliberavi-diebus
2632 1822 2717 1878 his
2752 1824 2889 1878 bene
2914 1823 3095 1879 facere
3134 1826 3257 1881 urbi
3300 1826 3559 1884 llierusa-

298 1924 380 1962 σαι
413 1908 559 1979 ὑμᾶς
588 1909 649 1961 ὲν
682 1908 760 1979 τῷ
790 1908 1124 1979 παροργίσαι
1171 1927 1240 1979 με
1266 1909 1392 1975 τοὺς
1426 1910 1669 1980 πατέρας
1703 1911 1877 1982 ὑμῶν,

296 1996 440 2067 λέγει
466 1998 673 2071 Κύριος
718 2001 1109 2071 παντοκράτωρ
1133 2039 1149 2063 ,
1195 2000 1289 2054 καὶ
1317 2001 1377 2054 οὐ
1418 2002 1721 2072 μετενόησα
1742 2042 1755 2065 ,
1790 2001 1882 2055 οῦ-

295 2107 399 2155 τως
429 2091 857 2162 παρατέταγμαι
891 2092 983 2145 καὶ
1015 2092 1368 2165 διανενόημαι
1412 2096 1471 2147 ὲν
1498 2098 1616 2159 ταῖς
1643 2095 1882 2167 ἡμέραις

297 2183 519 2247 ταύταις
558 2181 656 2237 τοῦ
715 2183 895 2248 καλῶς
926 2186 1146 2255 ποιῆσαι
1175 2190 1242 2259 τῇ
1288 2187 1644 2258 Ἰερουσαλὴμ
1680 2187 1775 2241 καὶ
1804 2185 1882 2257 τῷ

299 2274 426 2346 οἴκῳ
468 2275 661 2329 Ἰούδα.
693 2292 712 2328 ι
771 2277 1119 2348 Ἀποθέμενοι
1152 2277 1216 2350 δὴ
1250 2280 1427 2333 πάντα
1464 2279 1628 2348 φόϐον
1655 2280 1749 2333 κα)⁹
1780 2281 1877 2332 πᾶ-

303 2383 394 2419 σαν
424 2367 759 2436 ἀπόγνωσιν,
799 2371 859 2422 ὲν
881 2370 1167 2440 εὐθυμίαις
1191 2370 1381 2423 ἔσεσθε
1413 2372 1507 2424 καὶ
1532 2371 1717 2442 θάρσει
1748 2370 1876 2425 πολ-

302 2457 372 2527 λῷ
391 2476 403 2489 ·
432 2459 527 2513 καὶ
556 2461 694 2529 μετά
730 2461 930 2532 πολλῆς
968 2462 1069 2531 τῆς
1118 2463 1354 2532 σπουδῆς
1380 2462 1569 2533 ἔχεσθε
1604 2464 1702 2534 τῆς
1734 2466 1878 2518 olito—

302 2549 458 2620 δομῆς
490 2551 585 2605 τοῦ
612 2553 768 2606 ναοῦ·
803 2548 862 2606 εὖ
915 2554 1113 2617 εἰδότες
1143 2555 1225 2608 ὅτι
1260 2554 1449 2625 ὥσπερ
1506 2556 1768 2626 πρότερον
1798 2573 1879 2608 τι·

309 2640 511 2709 μωρίαν
534 2642 897 2713 ἀπεφηνάμην
924 2644 1043 2697 καθ’
1070 2644 1221 2714 ὑμῶν
1249 2644 1389 2715 ὑπὲρ
1426 2640 1501 2699 ὧν
1531 2644 1875 2715 πλημμελεῖν

310 2732 429 2793 τοῦς
453 2733 746 2802 ὑμετέρους
777 2734 1095 2788 συνέϐαινεν
1113 2737 1193 2800 εἰς
1223 2738 1245 2790 ὲ
1256 2738 1321 2808 μὲ
1341 2780 1356 2803 ,
1389 2739 1484 2793 καὶ
1516 2738 1718 2809 ταύτην
1747 2738 1881 2809 ήγα-

1980 1910 2081 1965 lem
2110 1919 2163 1965 et
2190 1911 2344 1966 Judae
2369 1914 2575 1968 domui.
2602 1934 2620 1967 ι
2656 1914 2813 1969 Omni
2838 1916 3084 1984 seposito
3105 1916 3300 1972 timore
3325 1927 3380 1971 et
3403 1917 3557 1973 omni

1978 2000 2381 2071 desperatione.
2445 2003 2498 2056 in
2552 2004 2754 2074 gaudio
2802 2006 2957 2059 eritis
3007 2006 3284 2077 multaque
3334 2006 3558 2075 ﬁducia,

1980 2093 2337 2162 studioseque
2377 2092 2670 2147 admodum
2702 2095 2768 2149 ad
2804 2096 3222 2151 aedificationem
3256 2098 3439 2166 templi
3475 2097 3561 2151 in-

1981 2185 2287 2238 cumbulis:
2325 2186 2490 2253 probe
2513 2187 2771 2251 scientes,
2812 2189 2956 2257 quod
2987 2191 3128 2242 sicut
3150 2196 3309 2244 antea
3337 2204 3560 2258 pinnam

1982 2277 2036 2330 in
2066 2292 2164 2332 vos
2200 2278 2533 2346 exprompsi,
2577 2288 2795 2348 propter
2844 2290 3058 2350 patrum
3107 2291 3415 2337 vestrorum
3465 2282 3561 2335 ad.

1984 2384 2175 2424 versus
2214 2384 2299 2423 me
2323 2370 2662 2439 iniquitates,
2692 2381 2855 2441 atque
2893 2374 3038 2427 illam
3075 2391 3263 2445 reapse
3295 2368 3568 2432 immobili.

1984 2462 2257 2516 sententia
2309 2463 2728 2517 consummavi:
2791 2466 2865 2518 ita
2922 2482 3069 2521 nunc
3115 2468 3388 2538 promissa
3439 2484 3562 2525 mea

1987 2569 2215 2623 prorsus
2272 2569 2561 2623 exsequar,
2619 2570 2740 2625 qua:
2772 2556 2840 2612 de
2869 2555 3206 2615 Hierusalem
3258 2560 3563 2631 signiﬁcavi

1984 2646 2161 2714 deque
2189 2644 2444 2700 universa
2467 2642 2623 2699 ludas
2649 2645 2831 2712 tribu;
2858 2650 3004 2716 quod
3032 2665 3225 2718 nempe
3252 2650 3342 2705 illa
3375 2666 3561 2707 rerum

1986 2736 2142 2806 copia
2176 2735 2403 2798 diﬂluet,
2441 2737 2555 2792 [nec
2584 2738 2755 2792 multa
2797 2738 3058 2795 felicitate
3085 2740 3318 2798 fruetur.

315 2835 409 2887 γον
435 2822 513 2884 είς
536 2822 729 2893 πέρας,
758 2823 819 2876 ού
855 2824 1288 2896 μεταϐαλόμενος
1315 2828 1413 2899 τὴν
1442 2827 1668 2900 γνώμην
1687 2846 1701 2861 ο
1734 2828 1877 2882 οὓτω
1900 2827 1993 2882 νῦν
2021 2826 2121 2891 τὰς
2154 2827 2487 2897 ἐπαγγελίας
2526 2830 2607 2891 εἰς
2637 2829 2810 2899 πέρας
2849 2828 2963 2894 ἄξω
2988 2831 3204 2896 πάντως
3240 2836 3308 2897 ἃς
3348 2835 3478 2906 περί
3506 2854 3566 2892 τε

312 2912 409 2983 τῆς
439 2914 781 2987 Ἰερουσαλὴμ
800 2916 1188 2990 ἀπεφηνάμην,
1224 2918 1318 2974 καὶ
1342 2920 1522 2992 πάσης
1554 2920 1619 2992 δὴ
1646 2921 1745 2992 τῆς
1776 2919 1945 2974 Ἰούδα
1973 2919 2144 2990 φυλῆς
2164 2936 2178 2948 ·
2202 2919 2277 2982 ὡς
2302 2921 2335 2990 ή
2376 2918 2474 2989 μὲν
2511 2920 2568 2972 ἐν
2595 2918 2821 2990 εὐθηνία
2858 2923 3164 2994 γενήσεται,
3190 2924 3240 2977 οὶ
3273 2924 3329 2978 δὲ
3364 2925 3567 2997 πολλῆς

305 3004 581 3076 μεθέξουσι
607 3006 707 3076 τῆς
738 3006 1048 3077 εὐετηρίας.

371 3095 513 3167 Στίχ.
550 3096 650 3163 ις’,
674 3098 758 3163 ιζ’.
780 3128 848 3140 -
868 3100 980 3153 Καὶ
1029 3101 1245 3167 δεικνὺς
1275 3103 1304 3157 ὅ
1347 3121 1399 3157 τι
1430 3104 1560 3158 ποτὲ
1596 3106 1883 3170 ποιοῦντας

2053 3100 2222 3157 Vsus.
2258 3098 2344 3165 16,
2375 3099 2714 3172 l7.-—Atque
2740 3112 2801 3157 ut
2830 3102 3060 3159 suadeat
3087 3102 3288 3161 debere
3313 3120 3431 3171 eos,
3469 3106 3565 3177 qui

300 3192 541 3261 προσῆκε
569 3189 649 3260 τῷ
680 3190 881 3265 βεϐαίῳ
908 3192 1128 3265 θαρρεῖν
1158 3194 1268 3247 τῶν
1299 3196 1669 3265 ἐπαγγελιῶν·
1709 3198 1878 3271 «Θαρ-

1983 3201 2132 3250 recte
2180 3193 2454 3259 facerent,
2502 3193 2749 3250 ﬁrmitati
2794 3196 3205 3264 promissorum.
3249 3199 3563 3265 conlidere,

302 3284 461 3346 σεῖτε,
501 3274 653 3335 οὗτοι
682 3283 732 3336 οἱ
764 3283 913 3351 λόγοι
941 3284 1036 3347 οὓς
1066 3286 1322 3358 ποιήσετε
1343 3326 1357 3351 ,
1387 3287 1598 3341 λαλεῖτε
1624 3289 1878 3361 ἀλήθειαν

1989 3305 2009 3339 ι
2028 3285 2318 3352 Conﬁdite,
2339 3287 2544 3356 inquit;
2571 3288 2662 3342 isti
2687 3295 2815 3344 sunt
2837 3302 3124 3345 sermones
3144 3306 3287 3359 quos
3311 3290 3523 3347 facietis
3547 3310 3563 3347 :

298 3372 527 3436 ἕκαστος
559 3374 699 3444 πρὸς
723 3374 817 3427 τὸν
856 3375 1078 3447 πλησίον
1115 3376 1281 3430 αὑτοῦ
1307 3420 1324 3444 ,
1355 3378 1450 3433 καὶ
1479 3379 1652 3449 κρίμα
1680 3382 1884 3451 εἰρηνι-

300 3464 389 3519 κὸν
417 3466 646 3537 κρίνατε
672 3467 729 3519 ἐν
780 3470 901 3531 ταῖς
930 3467 1129 3532 πύλαις
1155 3469 1309 3539 ὑμῶν
1336 3486 1349 3500 °
1386 3472 1481 3524 καὶ
1511 3471 1742 3535 ἕκαστος
1785 3471 1884 3543 τὴν

298 3559 497 3612 κακίαν
524 3557 622 3611 τοῦ
654 3559 881 3630 πλησίον
928 3559 1003 3631 μὴ
1034 3560 1313 3629 λογίζεσθε
1346 3562 1402 3614 ἐν
1434 3562 1682 3634 καρδίαις
1709 3562 1883 3633 ὑμῶν,

297 3650 385 3702 καὶ
423 3652 596 3720 ὅρκον
639 3650 809 3721 ψευδῆ
853 3650 927 3722 μὴ
956 3652 1248 3719 ἀγαπᾶτεο
1293 3652 1429 3707 διότι
1483 3654 1658 3707 ταῦτα
1709 3655 1886 3708 πάντα

293 3742 561 3814 ἐμίσησα,
594 3741 743 3811 λέγει
766 3742 968 3814 Κύριος
992 3743 1408 3815 παντοκράτωρ.
1441 3763 1461 3796 ι
1499 3743 1575 3816 (p.
1596 3744 1720 3814 489)
1745 3744 1886 3815 Θαρ-

295 3836 435 3904 ρεῖτε
481 3835 547 3906 δὴ
579 3837 700 3898 ταῖς
719 3835 1075 3905 ἐπαγγελίαις
1104 3839 1223 3899 ταῖς
1252 3836 1415 3907 ἐμαῖς
1441 3854 1453 3868 ο
1509 3839 1558 3889 εί
1586 3838 1792 3890 τούτων
1822 3836 1885 3906 δὴ

294 3918 489 3999 ὧνπερ
509 3921 606 3981 οῦν
631 3926 985 3996 συμϐουλεύω
1007 3927 1207 3999 πολλὴν
1226 3927 1401 3997 ἔχοιτε
1426 3928 1523 3999 τὴν
1547 3928 1884 3999 ἐπιμέλειαν,

290 4018 503 4081 ἀδόλως
550 4018 654 4089 μὲν
681 4018 749 4071 τά
775 4018 911 4089 πρὸς
941 4017 1208 4089 ἀλλήλους
1239 4017 1573 4081 διατιθέντες
1596 4060 1611 4084 ,
1658 4017 1885 4087 ἀληθινῇ

288 4110 342 4163 δὲ
363 4112 587 4182 διανοίᾳ
605 4111 705 4182 τὴν
728 4111 866 4180 πρὸς
886 4110 1148 4182 ἀλλήλους
1174 4110 1547 4173 ἀποσώζοντες
1569 4109 1769 4179 φιλίαν,
1795 4110 1889 4162 καὶ

290 4204 354 4276 δὴ
390 4204 744 4277 φροντίζοιτε
789 4204 971 4267 πάσας
1012 4203 1110 4266 τὰς
1140 4203 1518 4271 ἐμπιπτούσας
1554 4202 1888 4271 φιλονεικίας

290 4297 614 4360 διαλύοντες
645 4297 726 4360 είς
756 4294 940 4365 φιλίαν
973 4293 1304 4364 συνάγεσθαι
1344 4295 1661 4366 πρέπουσάν
1699 4312 1762 4363 γε
1794 4294 1889 4347 καὶ

292 4390 431 4461 πρὸς
493 4389 730 4460 εἰρήνην
805 4388 1131 4452 συνιοῦσαν,
1187 4376 1296 4442 τῶύ
1356 4387 1888 4458 ἀμφισϐητουμένων

291 4480 619 4551 ποιούμενοι
642 4478 743 4549 τὴν
776 4479 1016 4532 διάλυσιν
1041 4520 1055 4545 ,
1095 4478 1166 4533 τὰ
1199 4478 1563 4548 συμϐαίνοντά
1600 4495 1660 4530 τε
1708 4495 1889 4548 παρα-

1986 3377 2274 3448 loquimini
2338 3379 2626 3434 veritatem
2682 3373 3062 3451 unusquisque
3130 3382 3197 3435 ad
3252 3382 3565 3450 proximum

1986 3483 2170 3533 suum,
2201 3476 2256 3521 et
2274 3468 2487 3536 justum
2514 3467 2785 3536 judicium
2806 3469 3050 3537 judicate
3073 3471 3124 3522 in
3149 3473 3322 3538 portis
3345 3472 3563 3526 vestris.

1986 3557 2052 3612 Et
2078 3559 2465 3628 unusquisque
2507 3559 2710 3611 malum
2755 3564 3003 3627 proximo
3048 3573 3151 3612 suo
3181 3574 3251 3613 ne
3281 3561 3565 3616 machine-

1986 3648 2120 3703 tnini
2160 3649 2216 3702 in
2250 3648 2512 3715 cordibus
2546 3648 2767 3717 vestris,
2818 3657 2874 3702 et
2913 3636 3564 3718 mendaijusjurandum

1987 3756 2055 3795 ne
2082 3738 2346 3809 diligatis,
2401 3738 2529 3807 quia
2565 3739 2682 3792 haec
2729 3739 2914 3794 omnia
2968 3738 3079 3804 odi,
3128 3740 3265 3794 dicit
3296 3740 3598 3832 Dominus‘

1987 3831 2358 3900 omnipotens.
2400 3847 2418 3880 ι
2460 3830 2732 3886 Coniidite
2787 3831 3078 3900 promissis
3110 3833 3284 3898 meis;
3339 3833 3384 3888 si
3417 3844 3566 3889 certe

1987 3922 2346 3977 consiliorum
2401 3934 2524 3988 quae
2559 3920 2714 3975 vobis
2747 3923 2895 3976 suasi
2934 3922 3199 3976 rationem
3238 3922 3561 3989 habueritis,

1988 4013 2105 4067 sine
2135 4011 2261 4065 dolo
2294 4011 2522 4065 invicem
2555 4018 2874 4072 tractantes,
2915 4019 2969 4065 et
2994 4026 3185 4066 verace
3222 4021 3564 4073 mentemu-

1988 4113 2136 4158 tuam
2174 4102 2494 4157 eharitatem
2520 4112 2836 4165 servantes;
2873 4112 2925 4155 et
2954 4101 2999 4154 si
3031 4115 3251 4171 operam
3278 4102 3560 4164 dederitis,

1926 4200 1934 4202 ἡ
1988 4205 2049 4250 ut
2089 4195 2459 4250 inridentibus
2488 4194 2690 4263 jurgiis
2724 4194 2971 4262 praecisis
2997 4195 3051 4247 in
3074 4192 3369 4251 amicitiam
3404 4209 3565 4249 coea-

1988 4287 2059 4341 tis
2092 4286 2327 4341 debilam
2359 4295 2412 4342 et
2440 4287 2603 4357 327
2643 4287 2794 4356 pacis
2838 4286 3066 4353 sociam,
3098 4294 3153 4342 et
3195 4289 3427 4344 sublatis
3459 4288 3567 4340 liti-

1991 4379 2093 4434 bus
2146 4377 2386 4434 otlensas
2436 4394 2558 4447 quae
2609 4391 2903 4432 occurrere
2948 4379 3129 4433 solent
3181 4380 3562 4449 neglexeritis;

1991 4470 2137 4524 omni
2168 4469 2404 4538 denique
2429 4469 2714 4539 diligentia
2747 4469 3047 4539 perjurium
3078 4470 3406 4525 vitaveritis.
3442 4470 3568 4523 llaec

290 4569 616 4639 λογίζεσθαι
639 4568 748 4622 τῶν
782 4570 1161 4641 πταισμάτων,
1206 4570 1299 4623 καὶ
1320 4572 1499 4623 πᾶσαν
1526 4569 1700 4638 ἔχοιτε
1725 4586 1878 4638 φρον·

1991 4561 2136 4616 enim
2195 4575 2297 4629 ego
2343 4561 2694 4615 vehementer
2746 4560 2860 4615 odi.
2925 4558 3035 4616 Vos
3083 4575 3213 4614 vero
3252 4561 3298 4615 si
3343 4560 3568 4629 reliquis

291 4663 410 4716 τίδα
430 4661 535 4716 τοῦ
577 4661 653 4732 μὴ
678 4663 795 4731 μετ’
822 4662 1109 4734 ἐπιορκίας
1133 4662 1363 4733 ὀμνύναι
1389 4678 1399 4690 ·
1433 4660 1603 4715 ταῦτα
1633 4660 1740 4730 γὰρ
1766 4660 1878 4730 ἐμοῖ

1994 4652 2388 4709 monitionibus
2432 4653 2571 4707 meis
2611 4653 2949 4716 obedientes,
2977 4651 3221 4707 studiose
3252 4667 3347 4707 eas
3379 4652 3570 4707 obser-

295 4752 393 4820 μὲν
425 4752 526 4807 διὰ
565 4750 764 4822 μίσους
803 4752 950 4805 ἐστὶν
980 4753 1119 4820 ἄγαν
1146 4769 1154 4780 ·
1191 4754 1348 4824 ὑμεῖς
1375 4752 1431 4806 δὲ
1467 4752 1516 4803 εἰ
1546 4753 1654 4813 τοῖς
1686 4750 1878 4814 λοιποῖς

1992 4744 2210 4811 vabitis,
2238 4746 2508 4814 promissa
2546 4746 2697 4802 vobis
2725 4745 2868 4801 bona
2899 4745 3337 4815 consequemini.

292 4843 619 4915 πειθόμενοι
641 4845 754 4906 τοῖς
769 4843 920 4913 ἐμοῖς
938 4842 1216 4913 βούλοισθε
1241 4843 1441 4913 σπουδῇ
1459 4840 1888 4914 διαπράττεσθαι

292 4932 362 4985 τὰ
384 4931 831 5005 παρηγγελμένα
860 4932 987 5002 ὑμῖν
1016 4931 1257 5001 ἀγαθῶν.

361 5028 519 5097 Στίχ.
553 5030 645 5096 ιη’,
685 5026 769 5079 ιϐ’.
804 5053 874 5063 -
909 5043 927 5076 ι
958 5026 1063 5078 Καὶ
1097 5024 1313 5093 ἐγένετο
1335 5023 1492 5091 λόγος
1524 5023 1729 5094 Κυρίου
1755 5038 1864 5076 παν

2064 5020 2228 5075 Vens.
2261 5019 2349 5085 i8,
2385 5021 2472 5077 19.
2505 5052 2575 5065 -
2612 5040 2631 5075 ι
2682 5025 2748 5079 Et
2787 5022 2967 5080 lactus
3024 5029 3108 5078 est
3133 5013 3316 5077 sermo
3355 5019 3569 5075 Domini

294 5120 635 5190 τοκράτορος
672 5116 809 5189 πρός
838 5133 906 5187 με
938 5116 1110 5187 λέγων
1138 5134 1153 5150 ο
1183 5117 1321 5171 Τάδε
1347 5116 1493 5185 λέγει
1525 5116 1729 5188 Κύριος
1757 5132 1878 5169 παν-

1994 5112 2380 5181 omnipotentis
2433 5114 2501 5167 ad
2542 5129 2627 5170 me
2667 5115 2854 5171 dicens
2907 5133 2920 5167 :
2967 5113 3094 5168 llrec
3135 5114 3269 5168 dicit
3302 5113 3566 5168 Dominus

294 5209 626 5280 τοκράτωρ·
669 5206 913 5278 Νηστεία
969 5208 1002 5279 ή
1041 5208 1137 5262 τοῦ
1180 5209 1476 5280 τετάρτου,
1528 5208 1622 5261 καὶ
1668 5208 1878 5278 νηστεία

1993 5212 2368 5273 omnipotens;
2391 5201 2665 5272 Jejunium
2690 5204 2894 5273 quiarti,
2920 5212 2972 5258 et
2998 5204 3266 5273 jejunium
3287 5205 3485 5274 quinti,
3515 5214 3571 5259 et

296 5297 390 5350 τοῦ
416 5300 703 5370 πέμπτου,
733 5299 828 5352 καὶ
847 5299 1071 5370 νηστεία
1096 5298 1188 5352 τοῦ
1212 5298 1464 5369 ἑϐδόμου,
1493 5299 1585 5353 καὶ
1616 5297 1835 5369 νηστεία
1858 5300 1878 5351 -ί

1986 5292 2255 5363 jejunium
2279 5293 2519 5361 septimi,
2550 5300 2600 5347 et
2619 5292 2886 5361 jejunium
2921 5293 3117 5347 decimi
3146 5301 3305 5347 erunt
3329 5294 3382 5347 in
3408 5293 3571 5350 domo

297 5390 390 5443 τοῦ
417 5390 657 5445 δεκάτου
687 5389 903 5445 ἔσονται
922 5389 1000 5461 τῷ
1021 5391 1155 5461 οἴκῳ
1182 5390 1351 5444 ’ἰούδα
1378 5393 1457 5454 είς
1484 5390 1656 5461 χαρὰν
1683 5388 1777 5441 καὶ
1814 5390 1878 5452 είς

1989 5383 2141 5441 Iudae
2166 5384 2218 5437 in
2253 5383 2507 5453 gaudium
2529 5392 2583 5439 et
2609 5383 2846 5437 laetitiam
2884 5391 2938 5438 et
2973 5384 3144 5439 bonas
3171 5386 3571 5456 solemnitates;

300 5482 647 5554 εὐφροσύνην
696 5484 790 5536 καὶ
822 5483 1015 5554 ἑορτὰς
1045 5482 1275 5552 ἀγαθὰς,
1311 5483 1405 5537 καὶ
1432 5479 1878 5552 εὐφρανθήσεσθε.

1990 5485 2045 5531 et
2092 5475 2507 5538 Iaetabimini,et
2548 5475 2834 5530 veritatem
2880 5490 3179 5544 pacemque
3222 5476 3478 5548 diligetis.
3544 5495 3563 5531 ι

298 5573 397 5626 καὶ
452 5574 561 5645 τὴν
612 5574 875 5644 ἀλήθειαν
919 5577 1016 5628 καὶ
1074 5576 1173 5645 τὴν
1234 5575 1457 5650 εἰρήνην
1504 5575 1878 5643 ἀγαπήσατε.ι

1992 5567 2129 5635 Quia
2161 5569 2215 5620 in
2256 5567 2651 5637 superioribus,
2707 5574 2932 5638 propter
2971 5568 3399 5638 alienigenarum
3427 5584 3568 5641 prae-

312 5664 540 5736 Ἑπειδὴ
568 5664 676 5736 γὰρ
715 5667 773 5719 ὲν
802 5666 915 5730 τοῖς
952 5664 1243 5736 ἀνωτέροις
1284 5662 1564 5735 παρόντων
1599 5661 1703 5715 τῶν
1742 5661 1878 5714 ἀλλο-

1997 5659 2227 5714 sentiam
2246 5674 2384 5728 quos
2409 5659 2648 5729 gentium
2684 5674 2841 5731 rcges
2873 5660 3152 5725 miserant,
3183 5661 3569 5730 reprobaverat

300 5754 474 5826 τρίων
517 5754 612 5820 οὓς
634 5758 682 5810 οξ
701 5756 809 5812 τῶν
833 5756 997 5811 ἐθνῶν
1025 5755 1434 5811 ἀπεστάλκεσαν
1467 5753 1725 5826 βασιλεῖς,
1752 5770 1878 5823 παρ-

1999 5750 2142 5808 Deus
2170 5751 2460 5822 jejunium,
2504 5759 2559 5808 ct
2594 5766 2658 5808 ea
2708 5767 2872 5824 opera
2906 5753 3281 5821 substituerat,
3310 5767 3430 5822 quae
3452 5749 3565 5803 ﬁeri
