4022 6138
402 343 497 400 εει
571 297 580 302 ’
1604 336 1956 394 τιιεουοιιι

2019 333 2500 394 HOPSUESTENI

3553 333 3661 390 552

399 465 650 529 oportere
694 453 972 517 censebat,
1024 461 1083 507 ut
1136 467 1266 508 suos
1319 453 1480 509 simul
1532 462 1587 508 et
1632 454 1840 511 alienos
1887 456 1979 525 qui

2095 457 2316 528 ητήσατο
2352 454 2448 523 μέν
2480 451 2581 522 τὴν
2609 448 2884 521 νηστείαν,
2919 447 3280 518 ἀντεισήγαγε
3316 443 3374 499 δέ
3404 446 3438 500 ἃ
3465 447 3662 518 χρῆναι

402 550 627 603 aderant
678 546 940 612 erudi-ret,
988 545 1305 600 necessario
1344 545 1398 599 in
1445 545 1813 615 subsequente
1857 563 1977 602 mo-

401 643 518 696 nito
545 641 622 695 sic
645 641 902 708 loquitur,
935 637 1310 692 demonstrare
1360 640 1546 695 volens
1575 641 1718 694 haud
1755 655 1812 696 se
1836 640 1980 710 jeju-

403 732 552 785 nium
581 729 902 799 simpliciter
932 728 1301 807 improbasse,
1327 729 1420 784 sed
1450 730 1578 784 illud
1606 738 1815 784 tantum
1835 730 1982 800 quod

405 819 702 887 incongrue
734 817 895 870 ﬁebat
915 837 928 870 :
952 831 1110 871 secus
1135 832 1264 871 vero
1286 818 1330 872 si
1352 818 1740 873 convenienter
1768 827 1981 889 agatur,

405 917 536 962 tunc
567 923 628 962 se
659 908 890 962 libenter
914 908 1184 978 excipere.
1215 907 1329 963 Hoc
1366 924 1494 980 ergo
1527 911 1602 964 ait
1630 928 1643 964 :
1680 908 1786 965 Vos
1824 918 1982 965 antea

403 1015 503 1070 pro
537 999 777 1069 peccatis
810 1002 999 1055 vestris
1024 1015 1147 1054 cum
1183 1001 1330 1055 luctu
1361 1001 1718 1071 jejunabatis,
1748 1017 1984 1080 quorum

404 1106 571 1145 causa
599 1091 770 1146 tantis
813 1092 1045 1161 correpti
1105 1091 1286 1147 fuistis
1336 1095 1782 1150 calamitatibus:
1838 1110 1985 1150 nunc

406 1192 587 1238 autem
653 1183 896 1246 reditum
951 1185 1265 1239 consecutis
1320 1187 1573 1255 congruit
1624 1188 1778 1242 vobis
1839 1187 1985 1241 baud

406 1292 530 1329 cum
559 1277 705 1329 luctu
733 1276 999 1345 jejunium
1034 1291 1316 1348 paragere,
1348 1277 1442 1332 sed
1469 1278 1702 1334 libenter
1721 1278 1988 1348 jucunde-

407 1385 534 1439 que,
571 1368 710 1423 festo
742 1369 968 1440 dignum
1013 1377 1329 1438 reputantes
1376 1371 1668 1440 jejunium;
1729 1375 1856 1442 quia
1886 1388 1988 1428 nos

408 1457 500 1513 Dei
529 1459 863 1528 propinquos
896 1457 1072 1513 facere
1103 1459 1355 1513 idoneum
1402 1468 1506 1516 est.
1563 1460 1783 1516 Decebit
1841 1462 1987 1516 enim

405 1549 770 1619 vosjejunare
794 1551 1118 1614 lmtanter,si
1146 1551 1393 1606 veritatis
1413 1567 1477 1605 ac
1505 1553 1654 1622 pacis
1679 1559 1989 1622 reSpcetum

407 1640 698 1696 habebitis.
719 1643 891 1711 Atque
917 1649 974 1695 ut
995 1641 1248 1696 ostendat
1271 1644 1535 1698 bonorum
1557 1642 1990 1713 magnitudinem

407 1747 640 1800 quorum
665 1734 845 1802 gratia
899 1731 1054 1787 decet
1098 1747 1192 1787 eos
1219 1733 1273 1787 in
1321 1735 1666 1790 solemnitate
1689 1750 1758 1790 .ac
1804 1735 1991 1790 laetitia

405 1822 630 1892 jejuniis
659 1823 759 1886 uti,
792 1823 872 1877 sic
905 1824 1288 1893 prosequitur:

2085 544 2419 617 πράττεσθαι
2440 543 2734 609 ἀναγκαῖον
2762 541 2964 610 ἠγεῖτο,
2985 537 3059 600 ὡς
3078 538 3143 590 ἂν
3165 535 3261 589 καὶ
3287 537 3412 599 τοὺς
3433 536 3669 600 οἰκείους

2083 633 2225 688 κατὰ
2253 632 2446 686 ταυτὸν
2490 632 2584 683 καὶ
2616 629 2742 691 τοὺς
2776 627 3090 697 ἀλλοτρίους
3131 627 3403 696 παρόντας
3438 625 3666 679 παιδεύ-

2086 741 2221 786 σειν,
2261 721 2571 790 ἀναγκαίως
2614 718 2751 790 μετά
2784 719 2882 790 τὴν
2919 717 3025 770 τῶν
3054 715 3290 786 καθεξῆς
3317 715 3668 770 διδασκαλίαν

2085 817 2278 885 ἐπάγει
2313 815 2493 879 ταυτὶ,
2525 813 2694 877 δεῖξαι
2737 811 3057 882 βουλόμενος
3079 809 3154 872 ὡς
3184 811 3246 862 ού
3291 809 3392 880 τὴν
3413 810 3670 880 νηστείαν

2084 907 2272 970 ἁπλῶς
2319 907 2695 976 παραιτεῖται,
2748 906 2822 974 (p.
2872 901 2995 972 490)
3035 900 3152 954 ἀλλ’
3196 902 3274 955 ὅτ’
3313 902 3379 955 ἂν
3413 901 3668 971 γίγνηται

2090 1001 2165 1071 μὴ
2192 1000 2439 1062 δεόντως.
2491 999 2554 1051 Εἰ
2595 997 2651 1050 δέ
2701 997 2839 1066 μετὰ
2868 994 2962 1047 τοῦ
3004 996 3372 1065 προσήκοντος
3405 994 3666 1063 γίγνοιτο,

2088 1092 2184 1146 καὶ
2225 1091 2366 1162 μάλα
2415 1106 2477 1157 γε
2526 1089 2694 1156 αὐτὴν
2733 1087 3054 1156 ἀποδέχεται
3095 1085 3460 1156 γιγνομένηνο
3511 1087 3672 1139 τοῦτο

2081 1185 2264 1244 (τοίνυν
2300 1182 2463 1252 φησιν
2505 1181 2608 1244 ὅτι,
2635 1178 2902 1249 Πρότερον
2955 1177 3054 1247 μὲν
3098 1176 3238 1248 ὑπὲρ
3271 1176 3380 1229 τῶν
3411 1177 3672 1249 ἁμαρτη-

2092 1278 2275 1349 μάτων
2307 1272 2656 1343 νηστεύοντες
2679 1268 2954 1322 ἐπενθεῖτε
2989 1268 3098 1321 τῶν
3129 1267 3367 1334 οἰκείων,
3414 1267 3556 1338 ὑπὲρ
3593 1261 3673 1322 ὧν

2087 1366 2152 1437 δὴ
2182 1366 2273 1419 καὶ
2293 1363 2579 1425 τοσαύταις
2594 1358 2690 1432 ἦτε
2712 1359 3007 1431 περιϐεϐλη
3016 1358 3164 1430 μένοι
3181 1360 3304 1422 ταῖς
3329 1362 3637 1430 συμφοραῖς
3653 1374 3669 1387 ’

2090 1457 2185 1511 νῦν
2225 1457 2282 1509 δέ
2329 1454 2515 1525 ἐπειδὴ
2560 1455 2659 1524 τῆς
2706 1453 2964 1506 ἐπανόδου
3001 1453 3359 1522 τετυχήκατε,
3399 1451 3675 1522 ἁρμόττον

2091 1552 2174 1621 εἴη
2211 1550 2276 1603 ἂν
2305 1549 2434 1618 ὑμῖν
2467 1546 2649 1600 πένθει
2683 1546 2922 1616 μετιέναι
2954 1544 3054 1615 τὴν
3085 1544 3358 1614 νηστείαν,
3387 1543 3523 1597 άλλά
3554 1542 3676 1613 μεθ’

2091 1641 2284 1713 ἡδονῆς
2326 1657 2385 1692 τε
2421 1640 2513 1693 καὶ
2556 1635 2914 1709 εὐφροσύνης,
2960 1639 3153 1709 ἑορτῆς
3196 1637 3344 1704 ἄξιον
3372 1636 3679 1707 τιθεμένοις

2091 1730 2152 1784 τὸ
2172 1728 2453 1801 νηστεύειν
2487 1727 2560 1792 ὼς
2602 1726 2872 1798 αὔταρκες
2907 1727 2964 1779 ὃν
2993 1726 3226 1781 οἰκειοῦν
3254 1726 3372 1798 Θεῷ
3396 1744 3412 1758 ⁸
3442 1727 3674 1799 ἁρμόσει

2029 1811 2073 1870 Β
2102 1825 2212 1894 γὰρ
2244 1822 2374 1892 ύμῖν
2425 1819 2485 1872 τὸ
2522 1819 2638 1890 μεθ’
2679 1819 2869 1889 ἡδονῆς
2914 1818 3216 1890 νηστεύειν,
3248 1821 3296 1874 εἰ
3330 1819 3586 1891 ἀληθείας
3616 1837 3681 1872 τε

410 1915 504 1968 καὶ
529 1917 751 1986 εἰρήνης
782 1916 1018 1968 ποιοῖσθε
1056 1917 1232 1983 λόγον.
1266 1918 1376 1970 Καὶ
1409 1918 1622 1982 δεικνὺς
1651 1919 1760 1972 τῶν
1789 1918 2008 1988 ἀγαθῶν
2037 1918 2098 1971 τὸ
2141 1915 2369 1988 μέγεθος
2413 1911 2498 1983 ἐφ’
2538 1905 2621 1976 οἷς
2669 1912 2944 1982 προσῆκεν
2986 1911 3182 1977 αὐτοὺς
3223 1912 3577 1984 ἑορτάζοντας
3615 1926 3680 1964 τε

411 2007 507 2059 καὶ
541 2006 997 2078 εὐφραινομένους
1029 2008 1261 2078 χρῆσθαι
1287 2011 1408 2073 ταῖς
1436 2011 1734 2080 νηστείαις.
1767 2013 1981 2080 ἐπάγει·

484 2097 648 2152 Vens.
676 2098 711 2152 2
735 2100 869 2152 ι-Ξὸ.
907 2099 1072 2169 328
1093 2130 1162 2138 —
1191 2119 1210 2152 ι
1247 2101 1371 2157 Haec
1405 2102 1481 2157 ait
1510 2102 1772 2160 Dominus
1814 2106 1992 2159 omni-

415 2199 645 2260 potens:
678 2190 870 2246 Adhuc
903 2194 1119 2246 venient
1153 2194 1338 2262 populi
1372 2195 1548 2260 multi,
1571 2203 1625 2251 et
1655 2197 1993 2252 habitatores

415 2281 631 2334 urbium
656 2282 968 2336 multarum.
995 2283 1058 2336 Et
1080 2285 1172 2353 qui
1205 2284 1452 2338 habitant
1479 2300 1641 2340 unam
1665 2287 1994 2342 convenient

415 2369 484 2424 ad
517 2372 740 2426 alteram
775 2373 1083 2438 civitatem,
1122 2374 1367 2430 dicentes
1411 2395 1423 2429 :
1459 2376 1666 2431 Euntes
1712 2392 1902 2432 eamus
1936 2388 1996 2430 ut

414 2468 770 2537 deprecemur
819 2467 1011 2522 faciem
1063 2467 1300 2532 Domini,
1356 2478 1414 2523 ut
1463 2483 1769 2540 quaeramus
1801 2469 1995 2524 faciem

418 2559 634 2613 Domini
668 2559 1078 2629 omnipotentis.
1105 2558 1331 2630 Pergunt
1361 2569 1415 2615 et
1443 2575 1563 2632 ego.
1596 2580 1616 2613 ι
1647 2559 1735 2614 Nil
1767 2560 1993 2625 mirum,

418 2650 616 2718 inquit,
647 2649 758 2703 haec
781 2649 921 2718 apud
961 2664 1058 2706 vos
1116 2651 1452 2721 contingere,
1502 2649 1771 2721 siquidem
1834 2649 1996 2704 multi

417 2740 733 2811 alienigenae
769 2740 1000 2796 diversis
1024 2743 1077 2795 in
1111 2742 1337 2796 urbibus
1367 2741 1698 2807 habitantes,
1737 2758 1802 2798 ex
1859 2758 1998 2797 una-

417 2847 634 2902 quaque
650 2833 785 2888 urbe
814 2832 867 2886 in
901 2849 1068 2887 unum
1093 2834 1317 2887 coibunt
1349 2850 1364 2888 :
1393 2835 1463 2887 ita
1487 2835 1634 2888 enim
1651 2832 1994 2897 valetdictio,

423 2944 442 2975 ε
479 2923 583 2990 Qui
610 2924 858 2978 habitant
891 2923 1427 2991 unam,convenient
1455 2923 1521 2977 ad
1555 2925 1778 2978 alteram
1807 2925 2000 2978 civita-

419 3024 551 3070 tem.
584 3033 603 3065 ι
635 3013 702 3068 Hi
723 3014 1043 3069 excitabunt
1071 3023 1369 3082 mutuoque
1396 3015 1766 3068 hortabuntur
1791 3015 1857 3069 ad
1894 3015 2000 3072 huc

421 3107 852 3166 adventandum,
878 3113 1007 3159 utet
1027 3105 1130 3175 ipsi
1159 3106 1212 3160 in
1248 3105 1456 3162 orando
1478 3105 1595 3161 Deo
1621 3117 1994 3175 perseverent.

419 3204 585 3265 atque
645 3195 716 3248 ab
764 3208 831 3248 eo
877 3195 1157 3264 quodlibet
1205 3195 1406 3250 bonum
1447 3201 1788 3265 exspectent.
1813 3193 2002 3260 Quare

420 3288 744 3341 alterutrum
781 3286 1147 3340 hortabantur
1187 3284 1731 3363 dicenteschergam
1749 3303 1935 3365 etego;
1965 3308 1984 3340 »

2164 2095 2312 2165 Στίχ.
2340 2092 2530 2160 δι’-κγ’.
2553 2121 2623 2132 --
2649 2108 2668 2142 ι
2692 2089 2833 2143 Τάδε
2855 2089 3002 2157 λέγει
3027 2090 3229 2162 Κύριος
3250 2093 3646 2165 παντοκράτωρ
3662 2109 3680 2124 ·

2097 2192 2216 2244 Ἔτι
2247 2188 2436 2259 ἥξουσι
2455 2184 2574 2238 λαοὶ
2607 2182 2808 2244 πολλοὶ,
2827 2182 2921 2235 καί¹
2935 2180 3316 2247 κατοικοῦντες
3344 2181 3527 2249 πόλεις
3545 2187 3685 2239 πολ-

2093 2283 2224 2345 λάς·
2279 2279 2374 2333 καί⁵
2418 2275 2826 2330 συνελεύσονται
2851 2273 3232 2338 κατοικοῦντες
3265 2275 3396 2346 μίαν
3436 2277 3516 2341 εἰς
3548 2279 3688 2349 μίαν

2095 2370 2248 2424 πόλιν
2278 2369 2390 2440 (66)
2417 2367 2687 2435 λέγοντες,
2741 2364 3107 2437 Πορευθῶμεν
3149 2367 3503 2439 πορευόμενοι
3556 2370 3686 2441 δεη-

2097 2463 2256 2533 θῆναι
2284 2461 2379 2514 τοῦ
2411 2457 2704 2530 προσώπου
2735 2457 2960 2528 Κυρίου,
2983 2457 3079 2510 καὶ
3105 2457 3401 2530 ἐκζητῆσαι
3432 2460 3491 2513 τὸ
3512 2461 3690 2532 πρόσ-

2097 2572 2244 2608 ωπον
2284 2551 2491 2623 Κυρίου
2531 2549 3002 2620 παντοκράτορος⁹
3052 2550 3391 2621 πορεύσομαι
3439 2552 3616 2621 κάγώ.
3660 2573 3682 2607 ι

2097 2645 2422 2717 Θαυμαστὸν
2450 2644 2557 2714 γάρ
2590 2643 2774 2708 οὐδὲν,
2817 2643 3003 2712 φησὶν,
3045 2644 3094 2695 εἰ
3127 2644 3260 2714 παρ’
3289 2632 3441 2714 ὑμῶν
3479 2646 3691 2714 γίνοιτο

2097 2741 2289 2804 ταῦτα,
2321 2740 2455 2792 ὅπου
2481 2755 2544 2807 γε
2588 2737 2772 2790 πολλοὶ
2801 2737 2893 2790 καὶ
2925 2737 3033 2789 τῶν
3072 2737 3368 2810 ἀλλοτρίων
3405 2741 3464 2793 ὲν
3496 2741 3691 2810 διαφό-

2102 2848 2214 2902 ροις
2242 2831 2460 2884 πόλεσιν
2493 2828 2786 2891 οἰκοῦντες,
2822 2828 2914 2881 ἐπὶ
2959 2829 3154 2882 ταυτὸν
3193 2831 3284 2899 ἀφ’
3319 2831 3555 2902 ἑκάστης
3579 2834 3689 2885 πός

2097 2923 2232 2987 λεως
2260 2923 2541 2992 γεγονότες
2560 2940 2574 2954 ο
2606 2921 2766 2976 τοῦτο
2792 2924 2900 2994 γάρ
2935 2921 3084 2990 λέγει
3109 2923 3192 2989 τὸ,
3218 2943 3235 2974 ι
3261 2919 3691 2979 Συνελεύσονται

2099 3013 2480 3076 κατοικοῦντες
2532 3013 2659 3084 μίαν
2705 3013 2951 3085 εἰςιμίαν
2984 3012 3157 3067 πόλιν.
3191 3032 3210 3064 ι
3260 3015 3574 3086 Διεγεροῦσι
3623 3016 3693 3070 δὲ

2099 3104 2194 3157 καὶ
2225 3103 2621 3175 προτρέψονται
2647 3102 2908 3174 ἀλλήλους
2956 3105 3036 3166 εἰς
3071 3103 3170 3175 τὴν
3197 3103 3432 3158 ἐνταῦθα
3481 3123 3701 3176 παρουο

2102 3196 2243 3259 σίαν,
2283 3195 2357 3258 ὡς
2407 3196 2475 3250 ἂν
2511 3195 2606 3248 καὶ
2657 3195 2810 3248 αὺτοί⁸
2850 3194 3152 3266 διαμένοιεν
3201 3212 3260 3248 τε
3306 3195 3547 3267 δεόμενοι
3587 3199 3697 3252 τοῦ

2099 3285 2256 3353 Θεοῦ,
2292 3288 2386 3341 καὶ
2408 3288 2536 3362 παρ’
2565 3286 2730 3341 αὐτοῦ
2767 3289 2874 3339 πᾶν
2906 3289 2934 3341 ὅ
2962 3305 3016 3339 τι
3053 3288 3415 3359 ἀναμένοντες
3442 3290 3650 3358 ἀγαθόν
3676 3310 3693 3323 ο

419 3380 600 3447 idest,
627 3378 1015 3448 Unusquisque
1057 3379 1348 3435 sedulitate
1399 3378 1464 3433 ad
1499 3380 1809 3450 hujusmodi
1861 3395 1994 3450 opus

2102 3377 2232 3433 ὥσθ’
2293 3378 2524 3432 ’ἑκαστον
2580 3378 3024 3449 προτρεπόμενον
3081 3379 3172 3432 τὸν
3236 3380 3424 3451 ἕτερον
3467 3380 3697 3450 λέγειν,

419 3479 601 3534 utens,
663 3471 729 3524 ad
780 3485 879 3541 par
909 3471 1148 3526 studium
1199 3481 1425 3528 caeteros
1457 3486 1673 3542 quoque
1718 3471 1996 3526 excitabit.

421 3559 624 3616 Deinde
657 3561 808 3624 dicit,
845 3561 1111 3630 plurimos
1143 3579 1207 3618 ex
1237 3564 1424 3619 multis
1455 3562 2002 3634 diversisque’genti-

419 3654 523 3707 bus
554 3659 870 3708 ventaturos
915 3652 1255 3710 Hierusalem
1312 3654 1480 3710 Deum
1529 3655 1874 3726 prOpitiaturi
1904 3671 2001 3726 pro

418 3748 657 3813 peccatis
691 3746 827 3807 suis,
870 3753 923 3799 et
975 3746 1041 3800 de
1079 3747 1322 3816 qualibet
1365 3747 1611 3816 ipsorum
1672 3748 2002 3803 necessitate

419 3837 785 3906 deprecaturi.
815 3836 937 3892 Mox
969 3838 1119 3893 addit
1153 3860 1164 3894 :
1198 3858 1218 3890 ‹
1267 3838 1392 3894 Haec
1422 3840 1498 3894 ait
1526 3839 1788 3898 Dominus
1817 3841 1999 3895 omni-

423 3935 614 3997 potens
657 3926 903 3982 :Diebus
959 3927 1066 3981 illis
1105 3929 1512 3998 apprehendent
1544 3929 1733 3985 decem
1787 3929 1888 3983 viri
1933 3945 2001 3984 ex

422 4018 666 4071 omnium
712 4017 953 4088 gentium
998 4017 1220 4088 linguis,
1265 4018 1695 4087 apprehendent,
1752 4021 1999 4088 inquam,

422 4113 692 4168 fitnbriam
729 4112 834 4166 viri
894 4111 1064 4166 Jmlazi
1105 4112 1398 4168 dicentes:
1452 4112 1746 4168 Veniemus
1797 4123 2000 4175 tecum,

423 4203 550 4272 quia
585 4202 890 4257 audivimus
923 4202 1090 4256 Deuzn
1122 4203 1401 4257 vobiscum
1437 4218 1580 4259 esse.
1611 4222 1630 4256 ι
1690 4202 1840 4258 Adeo
1879 4203 2004 4256 illu-

427 4305 593 4348 strem
619 4292 779 4346 faciet
815 4291 1170 4360 reliquiarum
1203 4291 1419 4347 lsraelis
1455 4292 1713 4358 reditum,
1751 4299 1810 4346 ut
1843 4293 2001 4346 multi

423 4385 655 4440 diversis
677 4383 895 4438 oriundi
923 4384 1196 4452 gentibus,
1220 4393 1273 4439 et
1303 4385 1450 4439 illius
1480 4384 1810 4440 calamitatis
1836 4384 2005 4455 parti-

423 4477 596 4547 cipes,
627 4475 1002 4531 animadversa
1037 4475 1127 4530 Dei
1158 4492 1285 4544 erga
1332 4477 1586 4546 populum
1616 4493 1774 4533 suum
1819 4477 2004 4548 provi-

423 4569 628 4628 dentia,
665 4567 1004 4638 apprehenso
1029 4568 1271 4637 ipsorum
1298 4566 1566 4633 quolibet,
1593 4580 1657 4620 eo
1681 4566 1820 4621 duce
1842 4572 2003 4619 utan-

423 4665 514 4711 tur
547 4659 753 4712 reditus
783 4654 848 4707 ad
887 4656 1074 4710 urbem
1129 4654 1490 4718 Hierusalem,
1523 4657 1741 4711 cunctis
1772 4657 1905 4711 satis
1935 4655 2001 4710 ad

2079 3468 2181 3536 _(p.
2218 3465 2342 3536 491)
2375 3484 2394 3518 ι
2431 3467 2775 3537 Πορεύσομαι
2795 3466 2968 3536 κάγὼ,
3004 3489 3023 3521 ι
3051 3468 3136 3522 ἵνα
3168 3470 3317 3541 είπῃ,
3341 3471 3422 3524 ὅτι
3453 3471 3700 3538 ἕκαστος

2099 3558 2383 3631 προθυμίᾳ
2412 3563 2480 3631 τῇ
2509 3561 2638 3630 περὶ
2673 3559 2735 3612 τὸ
2783 3561 3018 3630 πρᾶγμα
3059 3563 3432 3632 κεχρημένος,
3479 3565 3572 3617 ἐπὶ
3612 3566 3701 3620 τὰ

2100 3653 2260 3720 ὃμοια
2283 3652 2425 3720 διεγε
2434 3655 2516 3722 ρεί
2536 3651 2628 3704 καὶ
2649 3651 2774 3715 τοὺς
2803 3651 3014 3715 ἀλλους·
3048 3647 3166 3706 εἶτα
3189 3655 3271 3707 ὄτι
3293 3654 3531 3710 πλεῖστοι
3564 3659 3699 3713 ὅσοι

2101 3743 2166 3796 ἐκ
2198 3741 2408 3796 πολλῶν
2453 3744 2548 3797 καὶ
2591 3743 2863 3814 διαφόρων
2909 3743 3078 3796 ἐθνῶν
3110 3740 3439 3816 παρέσονται
3465 3749 3544 3812 εἰς
3577 3750 3698 3821 τὴν

2111 3834 2471 3904 Ἰερουσαλὴμ
2516 3833 2880 3904 ἐξιλεούμενοί
2907 3851 2966 3888 τε
3012 3835 3070 3889 τὸ
3101 3835 3257 3891 Θεῖον
3283 3839 3378 3892 ἐπὶ
3405 3841 3523 3901 ταῖς
3552 3841 3700 3896 ἐαυ-

2100 3925 2213 3978 τῶν
2247 3926 2564 3997 ἁμαρτίαις,
2614 3926 2709 3978 ml.
2735 3929 2843 3979 πᾶν
2875 3926 2995 3979 ὅτου
3024 3926 3088 3981 ἂν
3119 3928 3322 3982 δέοιντο
3353 3932 3487 4002 παρ’
3514 3932 3700 3986 αὐτοῦ

2102 4015 2412 4086 ζητοῦντες.
2465 4011 2812 4085 Οἶςέπάγει·
2853 4038 2871 4069 ι
2893 4019 3029 4072 Τάδε
3062 4020 3208 4088 λέγει
3235 4021 3441 4094 Κύριος
3483 4040 3702 4078 παντο-

2105 4110 2323 4180 κράτωρ
2343 4127 2356 4140 ι
2395 4110 2482 4162 Ἐν
2508 4112 2625 4174 ταῖς
2653 4111 2887 4183 ἡμέραις
2914 4112 3152 4176 ἐκείναις
3170 4114 3521 4188 ἐπιλήψονται
3549 4119 3703 4174 δέκα.

2099 4196 2287 4268 ἄνδρες
2345 4200 2410 4251 ἐκ
2448 4200 2639 4252 πασῶν
2679 4199 2824 4271 [τῶν
2853 4199 3148 4274 γλωσσῶν]
3193 4201 3302 4255 τῶν
3346 4201 3534 4265 ἐθνῶν,
3589 4207 3706 4260 καὶ

2099 4290 2450 4362 ἐπιλήψονται
2497 4291 2593 4344 τοῦ
2633 4293 2938 4363 κρασπέδου
2969 4293 3160 4363 ἀνδρὸς
3211 4293 3467 4348 Ἰουδαίου
3499 4294 3705 4362 λέγον-

2098 4400 2208 4447 τος,
2259 4384 2646 4455 Πορευσόμεθα
2693 4384 2831 4454 μετὰ
2873 4385 2987 4450 σοῦ,
3025 4385 3161 4438 διότι
3200 4386 3517 4458 ἀκηκόαμεν
3538 4386 3621 4438 ὃτι
3662 4391 3705 4442 ὀ

2101 4474 2232 4538 Θεὸς
2255 4475 2372 4547 μεθ’
2402 4476 2554 4547 ὑμῶν
2583 4477 2752 4530 ἐστιν.
2785 4497 2802 4528 ι
2835 4477 2992 4531 Οὕτω
3013 4478 3122 4549 γὰρ
3146 4478 3407 4549 λαμπράν
3425 4478 3533 4530 τῶν
3555 4478 3710 4532 ὑπο-

2102 4564 2438 4636 λειπομένων
2467 4568 2753 4638 ποιήσεται
2782 4567 2914 4631 Θεὸς
2943 4568 3041 4640 τὴν
3071 4568 3348 4632 ἐπάνοδον,
3381 4567 3519 4621 ὥστε
3552 4566 3705 4620 πολ-

2098 4657 2223 4722 λοὺς
2253 4660 2316 4712 ἐκ
2340 4659 2611 4730 διαφόρων
2631 4660 2791 4723 ὄντας
2823 4659 2994 4714 ἐθνῶν
3025 4661 3118 4713 καὶ
3143 4660 3243 4731 τῆς
3279 4659 3561 4731 συμφορᾶς
3588 4674 3706 4711 κε-

424 4751 478 4804 id
513 4748 800 4803 concitatis
827 4762 894 4802 ex
913 4745 1150 4802 evidenti
1186 4746 1410 4800 notione
1461 4743 1604 4814 Quod
1662 4746 1818 4800 vobis
1860 4746 1994 4802 adsit

2100 4723 2752 4822 atowwvnxétdg‘éxeivqg
2775 4753 3147 4822 θεασαμένους
3162 4723 3254 4806 τοῦ
3275 4723 3415 4805 Θεοῦ
3439 4723 3532 4822 τὴν
3555 4753 3709 4820 περὶ

425 4840 589 4900 Deus.
625 4847 764 4894 teste
819 4853 1044 4909 operum
1109 4852 1235 4905 erga
1263 4851 1362 4891 vos
1398 4835 1766 4891 mirabilitate.
1792 4835 2002 4894 Etenim

427 4935 531 4988 hoc
560 4935 721 4993 etiam
762 4939 883 4985 loco
914 4950 932 4982 ι
950 4924 1144 4982 decem
1159 4927 1304 4984 viros
1323 4941 1346 4978 ι
1361 4925 1582 4979 bauddc
1595 4940 1828 4982 numero
1849 4927 2006 4994 dicit,

425 5027 518 5080 sed
544 5035 631 5081 ιιι(
649 5023 854 5078 multos
871 5018 1192 5091 isigniﬁcet.
1206 5013 1348 5070 Exin
1360 5019 1634 5067 memorat
1658 5021 1846 5083 gentes
1886 5029 2008 5084 quae

427 5119 520 5173 Dei
554 5119 750 5172 timore
777 5115 852 5167 ita
882 5127 942 5167 se
965 5116 1176 5180 gerent,
1202 5117 1314 5160 tum
1346 5117 1400 5162 et
1421 5107 1557 5162 alias
1586 5123 1708 5177 qua:
1725 5107 1794 5162 ob
1813 5122 2009 5176 super-

429 5209 570 5263 biam
599 5222 753 5263 suam
781 5204 981 5258 nullius
1004 5201 1157 5273 pensi
1190 5212 1304 5254 rem
1338 5198 1478 5254 hanc
1535 5199 1833 5254 habebunt.
1871 5197 2006 5252 Pro-

431 5310 616 5370 pterea
641 5300 808 5353 dicit:

2098 4839 2188 4894 τὸν
2207 4840 2332 4893 λαὸν
2356 4841 2714 4912 κηδεμονίαν,
2741 4842 3098 4897 ἐπιλαϐέσθαι
3124 4860 3183 4896 τε
3212 4845 3334 4897 ὅτου
3358 4843 3553 4913 δήποτε
3577 4841 3708 4897 τῶν

2097 4931 2157 4998 ἐξ
2188 4931 2384 4996 αὐτῶν,
2407 4933 2502 4986 καὶ
2524 4934 2658 5003 ήγου
2667 4934 2814 5005 μένῳ
2836 4935 3146 5007 χρήσασθαι
3167 4935 3360 5007 ἐκείνῳ
3374 4937 3456 5000 εἰς
3473 4936 3572 5004 τὴν
3593 4937 3710 4992 ἐπὶ

2098 5022 2194 5093 τὴν
2237 5021 2593 5095 Ἰερουσαλὴμ
2630 5024 2887 5079 ἐπάνοδον
2924 5024 3346 5097 διεγειρομένων
3396 5025 3708 5096 αὐτάρκως

2098 5112 2354 5167 ἁπάντων
2384 5114 2478 5167 ἐπὶ
2514 5113 2692 5188 τοῦτο,
2712 5117 2776 5169 ἐκ
2803 5115 2898 5170 τοῦ
2929 5115 3130 5186 γνῶσιν
3153 5117 3354 5188 ἀκριϐῆ
3385 5116 3569 5170 λαϐεῖν
3589 5118 3704 5171 τοῦ

2102 5202 2219 5272 μεθ’
2248 5202 2402 5273 ὑμῶν
2424 5199 2562 5258 εἶναι
2587 5205 2680 5260 τὸν
2700 5205 2834 5261 Θεὸν
2858 5207 2946 5261 διά
2973 5206 3066 5261 τοῦ
3095 5209 3400 5281 παραδόξου
3425 5206 3532 5261 τῶν
3559 5209 3710 5278 περὶ

2100 5295 2245 5366 ὑμᾶς
2270 5298 2568 5368 γινομένων
2589 5315 2600 5330 ·
2628 5300 2848 5370 καὶγὰρ
2868 5301 3149 5356 κάνταῦθα
3169 5303 3230 5357 τὸ
3251 5322 3269 5356 ι
3294 5302 3426 5356 δέκα
3443 5300 3639 5370 ἄνδρες
3675 5323 3701 5354 ι

430 5391 531 5442 οὐκ
557 5389 649 5441 ἐπὶ
682 5386 897 5458 ἀριθμῷ
925 5385 1093 5453 λέγει,
1127 5383 1241 5438 ἀλλ’
1287 5382 1375 5435 ἵνα
1417 5382 1543 5451 εἴπῃ
1585 5380 1818 5438 «πολλοί.
1865 5400 1882 5432 ι
1923 5375 2053 5434 Εἶτα
2089 5383 2361 5452 μέμνηται
2397 5381 2503 5432 τῶν
2546 5382 2606 5433 ἐν
2643 5385 2756 5445 τοῖς
2801 5381 2978 5434 ἔθνεσι
3021 5381 3128 5434 τῶν
3171 5380 3270 5447 μὲν
3300 5381 3702 5451 ἐργασομένων

435 5479 588 5534 τοῦτο
604 5480 712 5530 δέει
741 5476 834 5529 τοῦ
850 5477 1006 5541 Θεοῦ,
1036 5477 1143 5529 τῶν
1175 5478 1232 5528 δὲ
1261 5476 1325 5528 δι’
1358 5476 1655 5545 ὑπεροψίαν
1685 5476 1744 5528 οὑ
1775 5476 2154 5546 ποιησαμένων
2187 5478 2374 5531 τούτου
2401 5477 2575 5545 λόγον.
2617 5479 2708 5530 Διὸ
2732 5476 2886 5545 φὴσί⁸

506 5609 726 5684 (66)__|ta
757 5607 1026 5662 Theodori
1058 5608 1227 5684 codex
1261 5608 1349 5684 hic
1375 5617 1428 5662 et
1449 5609 1612 5684 infra,
1649 5613 2005 5684 consentiens

437 5679 560 5740 cum
602 5679 846 5734 'llebrteo
891 5687 944 5731 et
986 5679 1227 5744 antiquis
1284 5679 1692 5745 interpretibus.
1757 5682 2005 5733 Attamen

435 5755 658 5810 Graecus
685 5759 887 5811 textus,
919 5747 1081 5801 etiam
1113 5747 1818 5813 γίιιιεοιιιιε,κατοικοῦντες
1847 5751 2004 5802 πέντε

1593 5945 1613 5977 Ι

2103 5613 2284 5676 πόλεις
2331 5615 2412 5675 εἰς
2441 5611 2618 5681 μίανη
2652 5609 2756 5664 Sed
2807 5613 2861 5664 in
2895 5605 3274 5681 Complutcnsi
3313 5603 3464 5660 deest
3503 5601 3703 5667 πέντε,

2103 5685 2246 5753 quod
2277 5679 2458 5738 tamen
2488 5679 2698 5751 legebat
2731 5681 2904 5735 Arabs
2929 5680 3221 5751 interpres.
