4022 6138
340 301 439 357 585
751 298 780 339 "

985 424 1138 477 ΚΕΦ.
1179 421 1255 474 Θί.
1603 465 1606 468 .

405 522 554 592 Στίχ.
585 502 819 574 α’-δ⁴.’--
844 536 862 569 ι
881 517 1087 588 Λῆμμα
1109 515 1267 584 λόγου
1286 512 1484 584 Κυρίου
1513 516 1570 565 ὲν
1601 515 1671 583 τῇ
1689 510 1899 581 Ἐδράχ·

337 616 426 668 καὶ
448 611 736 684 Δαμασκδς
764 610 922 663 θυσία
957 605 1120 662 αὑτοῦ
1139 623 1153 636 ·
1208 604 1340 659 διότι
1368 603 1572 676 Κύριος
1613 602 1784 672 ἐφορᾷ
1812 601 1905 652 άν-

335 705 588 774 θρώπους
628 702 721 755 καὶ
768 700 946 762 πάσας
987 696 1160 766 φυλάς
1189 694 1285 747 τοῦ
1320 693 1554 765 Ἰσραὴλ,
1597 692 1690 745 καὶ
1727 689 1903 760 Ἦμὰθ

337 797 394 846 ἐν
420 796 532 855 τοῖς
557 793 728 862 ὁρίοις
763 787 953 857 αὐτῆς.
977 807 996 838 ι
1037 785 1384 856 Δαμασκηνοὶ
1427 783 1525 853 μὲν
1554 783 1681 853 γὰρ,
1717 780 1901 848 φησιν,

333 887 389 939 οἵ
415 901 472 938 τε
510 883 613 954 τῆς
665 882 860 953 Ἐδράχ
895 881 989 934 καὶ
1033 879 1131 948 τῆς
1168 876 1360 948 Ἐμὰθ,
1398 874 1532 946 μετά
1566 872 1762 942 πολλῆς
1806 875 1904 942 τῆς

337 978 569 1046 σπουδῆς
608 975 941 1048 προσάξουσι
980 971 1058 1041 τῷ
1083 970 1203 1041 Θεῷ
1237 970 1424 1032 θυσίας
1451 971 1525 1031 rb;
1567 968 1633 1022 ἂν
1658 966 1904 1038 Δεσπότῃ

331 1069 425 1125 τοῦ
458 1067 680 1133 παντὸς,
730 1066 806 1134 (ρ,
842 1064 967 1132 492)
1003 1063 1098 1116 καὶ
1141 1063 1238 1130 μὲν
1277 1058 1591 1131 ἀνθρώπους
1641 1057 1902 1126 ὲφορῶντι

332 1161 407 1223 tit;
444 1158 511 1212 ἂν
543 1158 683 1228 ἔργα
709 1173 768 1208 τε
802 1155 895 1208 καὶ
929 1153 1144 1215 οἰκέτας
1179 1152 1362 1214 ἰδίους,
1401 1151 1674 1221 ἐξαίρετον
1718 1149 1772 1200 δὲ
1817 1149 1903 1201 νέ-

337 1266 489 1319 μοντι
514 1249 615 1318 τὴν
635 1246 958 1319 κηδεμονίαν
982 1244 1061 1314 τῷ
1094 1243 1328 1314 Ἰσραήλ.
1348 1261 1368 1291 ι
1396 1241 1567 1311 Τύρος
1599 1240 1691 1292 καὶ
1711 1237 1899 1301 Σιδὼν,

333 1342 413 1394 ὃτι
434 1339 741 1412 ἐφρόνησαν
762 1335 964 1407 σφόδρα
979 1352 994 1365 ·
1019 1335 1113 1388 καὶ
1130 1332 1440 1404 ᾠκοδόμησε
1453 1332 1626 1402 Τύρος
1639 1330 1901 1401 ὀχύρωμα

335 1429 522 1499 αὐτῆς,
556 1426 653 1481 καὶ
683 1425 1044 1496 ὲθησαύρισεν
1074 1422 1335 1495 ἀργύριον
1368 1421 1446 1485 ὼς
1473 1419 1622 1491 χοῦν,
1649 1420 1742 1473 καὶ⁵
1773 1435 1902 1490 χρυ-

334 1521 444 1572 σίον
471 1519 549 1582 ὡς
576 1516 747 1587 πηλὸν
775 1515 928 1570 ὁδῶν.
966 1515 1065 1568 Διὰ
1090 1513 1247 1566 τοῦτο
1277 1511 1480 1583 Κύριος
1505 1510 1901 1581 κληρονομήσει

331 1613 547 1676 αὐτοὺς,
576 1611 674 1664 καὶ
700 1609 926 1674 κατάξει
949 1609 1027 1670 είς
1046 1605 1318 1660 θάλασσαν
1345 1603 1443 1675 τὴν
1461 1602 1690 1673 δύναμιν
1707 1602 1897 1672 αὐτῆς,

332 1704 425 1757 καὶ
456 1703 594 1770 αὑτὴ
627 1703 685 1755 ὲν
723 1699 859 1769 ’πυρὶ⁸
893 1696 1421 1765 καταναλωθήσεται.
1444 1712 1465 1746 t
1503 1693 1690 1765 Τύριοι
1717 1693 1898 1762 μέντοι

332 1796 424 1848 καὶ
449 1795 692 1848 Σιδώνιοι
730 1791 916 1864 ἐπειδὴ
955 1790 1173 1860 μεγάλῳ
1219 1789 1551 1860 χρησάμενοι
1591 1786 1669 1857 τῷ
1696 1786 1899 1856 φρονή-
1929 1782 1972 1836 Β

334 1904 460 1958 ματι
481 1885 764 1957 ὑπερεῖδον
789 1887 887 1954 τῆς
910 1883 1049 1952 ἐμῆς
1086 1881 1400 1950 θεραπείας,
1432 1880 1527 1932 καὶ
1555 1881 1744 1948 ἀρκεῖν
1773 1879 1899 1930 ἑαυο

329 1981 438 2040 τοῖς
458 1977 782 2049 νομίσαντες
807 1975 904 2044 τῆς
936 1973 1044 2027 τῶν
1065 1972 1258 2042 τειχῶν
1289 1970 1693 2040 ὲπεμελήσαντο
1723 1969 1899 2036 ἀσφα-

327 2069 496 2135 λείας,
515 2068 720 2140 χρυσόν
745 2083 806 2119 τε
835 2066 928 2118 καὶ
956 2064 1196 2136 ἄργυρον
1229 2061 1399 2133 πηλοῦ
1431 2059 1585 2128 δίκην
1611 2058 1899 2128 ἀθροίσαν-

328 2183 434 2231 τες,
465 2164 731 2233 ἀνάλογον
761 2163 862 2233 τῆς
885 2162 1140 2224 ἀπονοίας
1166 2160 1266 2230 τῆς
1293 2159 1499 2222 οίκείας
1533 2156 1772 2222 δέξονται
1801 2159 1900 2228 τὴν

326 2257 626 2329 τιμωρίαν·
683 2257 941 2326 κτήσεται
974 2251 1082 2322 γὰρ
1128 2251 1322 2313 αὐτοὺς
1351 2251 1380 2303 ό
1417 2248 1549 2313 Θεὸς
1591 2248 1684 2301 καὶ⁵
1713 2265 1902 2302 ταπει-

326 2350 485 2404 νώσει
517 2349 728 2410 πάντας
757 2347 971 2410 αὐτοὺς,
1001 2341 1230 2413 ἐγγύθεν
1263 2340 1398 2411 οῦσῃ
1423 2343 1488 2409 τῇ
1522 2339 1769 2412 θαλάσσῃ
1793 2341 1901 2393 πᾶ-

331 2455 428 2494 σαν
455 2437 638 2493 αὐτῶν
670 2435 898 2507 δύναμιν
929 2431 1233 2506 παραδούς·
1276 2431 1429 2486 ἔσται
1458 2430 1514 2482 δὲ
1555 2428 1694 2500 αὐτή
1733 2429 1902 2501 πυρὸς

329 2531 486 2602 ἔργον
518 2531 585 2582 ὲκ
609 2526 717 2581 τῶν
747 2527 1006 2580 ἐπιόντων
1035 2525 1172 2596 αὐτῇ
1211 2523 1502 2593 πολεμίων.
1561 2521 1745 2575 Ταῦτα
1775 2523 1904 2594 περὶ

328 2622 507 2693 Τύρου
536 2638 597 2674 τε
623 2619 717 2673 καὶ
742 2618 971 2681 Σιδῶνος
1000 2615 1188 2681 είπὼν,
1217 2615 1442 2683 ἐπάγει·

401 2713 554 2782 Στίχ.
583 2711 711 2774 ε’-ζ’.
754 2741 825 2753 -
867 2727 888 2760 ι
920 2707 1148 2778 Ὄψεται
1181 2706 1481 2772 Ἀσκάλων,
1535 2709 1626 2760 καὶ¹
1663 2707 1904 2778 φοδηθή-

341 2819 492 2856 σεται
508 2817 524 2832 ·
559 2802 649 2854 καὶ
681 2801 845 2866 Γάζα,
867 2799 959 2852 καὶ
984 2797 1371 2868 όδυνηθήσεται
1393 2797 1599 2868 σφόδρα
1621 2813 1634 2828 ·
1663 2800 1757 2852 καὶ
1785 2799 1904 2851 Ἀκ·

338 2893 543 2963 κάρων,
570 2893 645 2945 ὅτι
678 2888 1020 2964 κατῃσχύνθη
1042 2887 1134 2940 ἐπὶ
1160 2886 1238 2958 τῷ
1265 2886 1670 2959 παραπτώματι
1691 2888 1862 2957 αὐτῆς
1889 2929 1900 2940 .

329 2981 426 3035 καὶ
452 2982 728 3036 ἀπολεῖται
754 2980 1002 3050 βασιλεὺς
1026 2981 1089 3032 ἐκ
1106 2978 1314 3049 Γάζης·
1341 2980 1433 3032 καὶ
1448 2979 1724 3032 Ἀσκάλων
1742 2980 1803 3032 οὐ
1831 2980 1906 3050 μὴ

321 3073 622 3146 κατοικηθῇ
642 3089 658 3104 ·
685 3075 779 3127 καὶ
797 3073 1208 3144 κατοικήσουσιν
1227 3071 1534 3140 ἀλλογενεῆ
1564 3073 1621 3125 ἐν
1653 3071 1870 3142 Ἀζώτῳ
1887 3091 1898 3100 ·

264 3225 266 3228 ,
321 3168 418 3221 καὶ
435 3165 650 3220 καθελῶ
679 3165 836 3236 ὓϐριν
858 3164 1187 3234 ἀλλοφύλων,
1220 3164 1314 3216 καὶ
1342 3162 1522 3234 ὲξαρῶ
1548 3163 1608 3215 τὸ
1643 3157 1781 3234 αἷμα
1807 3164 1901 3217 αὐ·-

321 3257 452 3325 τῶν,
477 3258 571 3310 καὶ
601 3257 670 3310 τά
702 3257 1042 3328 βδελύγματα
1062 3255 1239 3309 αὐτῶν
1264 3256 1328 3308 ἐκ
1359 3255 1524 3324 μέσον
1548 3255 1774 3307 ὀδόντων
1803 3255 1901 3308 αύ-

319 3348 464 3401 τῶν·
502 3348 597 3402 καὶ
629 3347 1113 3418 ὑπολειφθήσονται
1147 3347 1242 3399 καὶ
1277 3339 1422 3398 οὗτοι
1459 3344 1536 3415 τῷ
1565 3345 1684 3415 Θεῷ
1712 3346 1865 3415 ἡμῶν
1884 3364 1896 3375 ·

320 3440 422 3493 καὶ⁵
445 3439 656 3495 ἔσονται
676 3441 753 3502 ὡς
779 3440 1056 3512 χιλίαρχος
1083 3441 1140 3492 ὲν
1170 3436 1247 3508 τῷ
1279 3436 1469 3508 Ἰούδᾳ,
1502 3438 1594 3489 καὶ
1620 3438 1901 3506 Ἀκκάρων

317 3530 402 3593 ὡς
442 3530 781 3594 Ἰεϐουσαῖος,
805 3550 824 3582 ι
855 3529 1112 3583 Βούλεται
1151 3529 1246 3598 μὲν
1279 3531 1451 3582 εἰπεῖν
1481 3530 1559 3582 δτι
1588 3531 1712 3592 τοὺς
1745 3530 1900 3581 ἀλλο-

320 3623 526 3690 φύλους
556 3621 831 3688 ἐκδέξεται
857 3621 1096 3692 τιμωρία
1131 3621 1384 3690 μεγίστη,
1421 3622 1496 3690 (p.
1516 3622 1638 3690 495)
1665 3621 1900 3690 παραλε-

316 3715 579 3776 λοιπότας
609 3714 673 3784 δὴ
709 3713 810 3784 τὴν
848 3713 975 3782 περὶ
1014 3711 1106 3765 τὸν
1137 3711 1272 3764 Θεὸν
1311 3711 1626 3782 θεραπείαν.
1661 3712 1819 3780 Λέγει
1846 3712 1902 3765 δὲ

316 3805 468 3862 αὒτά
490 3805 746 3868 ποικίλως
773 3801 1248 3874 ἀπαριθμούμενος
1274 3801 1373 3865 τὰς
1393 3802 1575 3865 πόλεις
1597 3820 1608 3832 ·
1644 3803 1723 3855 ὅτι
1751 3802 1902 3873 φόϐῳ

323 3897 438 3967 μὲν
481 3894 757 3948 Ἀσκάλων
782 3894 1137 3965 ληφθήσεται,
1158 3895 1214 3945 ὲν
1231 3891 1444 3955 ὀδύναις
1467 3892 1521 3944 δὲ
1552 3892 1703 3944 ἔσται
1733 3893 1898 3956 Γάζα,

313 3987 613 4056 ’Δκκάρων
626 4002 685 4038 τε
701 3987 759 4038 ὲν
770 3985 952 4047 αὐτοῖς
964 3982 1377 4055 αἰσχυνθήσεται
1389 3983 1474 4050 ἐφ’
1490 3980 1569 4046 οἷς
1582 3983 1792 4053 ἥμαρτε
1811 3983 1902 4036 καὶ

313 4079 493 4134 δοῦσα
502 4077 671 4150 δίκην·
686 4075 1110 4146 ἀφανισθήσεται
1121 4075 1177 4128 δὲ
1189 4075 1282 4128 καὶ
1296 4078 1393 4146 τῆς
1404 4075 1579 4144 Γάζης
1591 4078 1617 4127 ὁ
1630 4075 1899 4145 βασιλεὺς,

312 4157 668 4232 Ἀσκάλωνος
695 4168 794 4238 μὲν
825 4167 925 4220 οὐκ
949 4165 1268 4236 οἰκουμένης
1288 4165 1366 4218 ἔτι
1387 4183 1399 4196 ·
1417 4166 1711 4237 ἀλλοτρίων
1729 4167 1783 4219 δὲ
1805 4167 1903 4236 τὴν

321 4261 403 4313 ’Δ
411 4261 577 4324 ζωτον
591 4259 901 4312 οἰκούντων·
918 4256 1156 4312 ταῦταὸὲ
1170 4257 1444 4326 ἐπήγαγεν
1461 4258 1557 4326 οὐχ
1571 4257 1650 4309 ὅτι
1670 4256 1788 4309 τόδε
1803 4256 1902 4325 μὲν

312 4351 586 4415 Ezram!)
608 4351 660 4403 δὲ
693 4349 755 4403 οῦ
781 4344 922 4404 ὀἷον
955 4351 1126 4402 εἰπεῖν
1160 4334 1306 4422 Γάζῃ
1343 4347 1482 4412 τόδε,
1519 4351 1611 4402 καὶ
1642 4349 1756 4402 τόδε
1793 4344 1902 4402 οἷον

1261 299 1802 357 COMMENTARIUS
1832 298 1900 358 ΙΝ
1938 296 2311 355 ΖΑΕΗΑΜΕ
2352 296 2502 353 CAP.
2533 293 2620 350 IX.

3469 288 3573 344 554

2744 427 2802 482 Ρ.
2841 425 2932 480 ιχ.

2791 468 2802 482 .
2841 428 2859 478 ι
2919 466 2932 480 .

2077 525 2241 596 339
2275 523 2437 580 Vens.
2476 524 2587 576 ι-ι.
2620 428 3046 587 -Ῡῗιῖεειέψιίο
3076 513 3226 570 verbi
3272 513 3481 569 Domini
3527 513 3587 564 in

2005 625 2151 673 terra
2169 618 2400 673 fidi-ach.
2420 617 2483 669 Et
2508 615 2805 669 Damascus
2817 610 3142 667 sacrificium
3158 608 3296 677 ejus.
3311 607 3447 674 Quia
3462 605 3574 660 Do-

2008 710 2188 764 minus
2206 709 2426 778 inspieit
2447 707 2693 762 homines
2709 713 2762 758 et
2773 718 2962 759 omnes
2982 701 3156 757 tribus
3170 699 3574 778 Israelis,atque

2008 799 2198 854 Emath
2226 801 2278 854 in
2303 800 2502 854 finibus
2523 798 2665 868 ejus.
2706 815 2724 847 ι
2757 791 3076 848 Damasceni
3099 790 3338 860 quidem,
3370 788 3569 857 inquit,

2003 898 2060 945 et
2093 891 2308 946 Edrach
2341 890 2534 945 incolae
2563 898 2727 958 atque
2784 883 3000 946 Emath,
3037 882 3208 936 multo
3235 895 3356 935 eum
3389 879 3573 934 studio

2007 981 2116 1037 Deo
2170 982 2440 1038 sacrificia
2488 983 2760 1038 adducent
2813 993 2912 1034 ceu
2954 976 3196 1030 omnium
3228 972 3476 1036 Domino,
3517 983 3573 1026 et

2006 1073 2254 1129 homines
2280 1073 2579 1142 Speculanti
2605 1085 2704 1126 ceu
2729 1086 2891 1142 opera
2937 1069 3282 1136 famulosque
3306 1078 3455 1123 suos.
3478 1078 3573 1132 pe-

1987 1166 2197 1232 culiari
2225 1180 2355 1221 vero
2377 1165 2628 1219 Israelem
2655 1163 2994 1235 providentia
3018 1159 3211 1215 tuenti.
3250 1176 3272 1208 ι
3310 1155 3489 1226 Tyrus
3510 1170 3573 1208 ae

2006 1255 2194 1318 Sidon,
2225 1256 2482 1323 quoniam
2521 1256 2791 1323 sapientes
2847 1253 3068 1307 fuerunt
3113 1249 3296 1304 nimis.
3350 1246 3413 1301 Et
3442 1247 3572 1302 aedi-

2005 1346 2184 1400 ficavit
2213 1345 2390 1417 Tyrus
2425 1345 2755 1399 munitiones
2803 1357 2952 1410 suas,
2974 1350 3028 1396 et
3061 1337 3450 1394 thesaurizavit
3481 1343 3570 1391 ar-

2003 1447 2220 1507 gentum
2251 1446 2310 1493 ut
2339 1439 2635 1507 pulverem,
2669 1443 2724 1492 et
2746 1450 2934 1489 aurum
2959 1435 3099 1488 sicut
3127 1434 3302 1488 lutum
3335 1433 3569 1488 viarum.

2001 1529 2292 1601 Propterea
2324 1529 2584 1583 Dominus
2633 1527 2932 1598 possidebit
2986 1540 3104 1589 eos,
3131 1533 3188 1580 et
3223 1523 3471 1580 detrahet
3513 1524 3574 1578 in

2002 1636 2150 1675 mare
2174 1619 2545 1675 fortitudinem
2573 1619 2724 1688 ejus,
2749 1626 2803 1672 et
2831 1618 2950 1686 ipsa
2985 1616 3109 1686 igne
3138 1623 3511 1671 eonsumetur.
3549 1634 3568 1666 ι

2001 1709 2149 1782 Tyrii
2184 1711 2402 1782 quidem
2443 1719 2607 1780 atque
2645 1709 2880 1773 Sidonii,
2923 1709 3050 1778 quia
3081 1721 3278 1778 magna
3317 1707 3572 1778 superbia

1999 1803 2126 1858 elati
2152 1803 2356 1856 cultum
2389 1817 2565 1857 meum
2585 1807 3056 1870 contempserunt,
3087 1799 3302 1868 sibique
3326 1797 3574 1854 sufﬁcere

2001 1901 2273 1962 putantes,
2333 1905 2614 1946 murorum
2658 1890 3005 1945 securitatem
3052 1895 3437 1958 procurarunt,
3475 1901 3572 1940 au-

1999 1997 2232 2052 rumque
2286 1990 2342 2036 et
2400 1991 2684 2052 argentum
2737 1980 2836 2034 luti
2912 1981 3090 2034 instar
3155 1987 3569 2041 coacervarunt,

1999 2072 2218 2143 dignam
2274 2072 2487 2127 insania
2545 2087 2643 2126 sua
2706 2085 2922 2141 poenam
2962 2069 3220 2126 referent.
3273 2069 3571 2139 Occupabit

2001 2163 2145 2215 enim
2169 2177 2264 2217 eos
2297 2161 2578 2224 Dominus,
2604 2175 2903 2231 omnesque
2956 2161 3282 2226 bumiliabit,
3317 2171 3570 2216 cunctam

2001 2253 2217 2308 illorum
2269 2253 2632 2310 substantiam
2685 2254 2992 2324 propinquo
3041 2255 3175 2308 mari
3217 2255 3569 2309 contradens.

2002 2342 2119 2413 Ipsa
2154 2358 2283 2398 vero
2330 2343 2507 2412 (urbs)
2549 2343 2691 2414 ignis
2717 2344 3016 2416 prirda'fiet
3041 2346 3110 2400 ab
3135 2347 3470 2402 irruentibus
3515 2347 3572 2400 in

2001 2449 2122 2489 eam
2178 2435 2444 2490 hostibus.
2507 2434 2601 2490 llis
2640 2435 2706 2491 de
2739 2433 2884 2506 Tyro
2927 2444 3091 2507 atque
3144 2435 3346 2492 Sidone
3383 2438 3568 2500 dictis,

2004 2527 2383 2598 prosequitur:

2076 2710 2242 2765 Vens.
2269 2712 2384 2767 5-7.
2419 2741 2487 2752 —-
2525 2729 2544 2763 ι
2579 2711 2798 2769 Videbit
2848 2712 3108 2778 Asealon,
3140 2723 3196 2774 et
3236 2717 3487 2786 timebit;
3520 2728 3574 2772 et

2003 2801 2169 2864 Gaza,
2193 2810 2244 2855 et
2275 2800 2482 2855 dolebit
2533 2801 2731 2867 nimis;
2764 2811 2818 2856 et
2843 2802 3112 2868 Acearon,
3139 2806 3398 2875 quoniam
3443 2819 3576 2858 con-

2004 2891 2124 2946 fusa
2150 2900 2233 2946 est
2263 2908 2427 2962 super
2459 2894 2615 2948 ruina
2645 2910 2743 2949 sua
2800 2911 2814 2946 :
2846 2901 2900 2949 et
2943 2896 3143 2963 peribit
3177 2911 3268 2952 rex
3301 2898 3368 2952 de
3406 2896 3574 2962 Gaza,

2004 2992 2052 3036 et
2086 2985 2316 3038 Ascalon
2348 3000 2454 3038 non
2489 2987 2854 3055 habitabitur;
2885 2996 2939 3043 et
2967 2988 3288 3042 babitabunt
3319 2989 3575 3059 alienige-

2006 3095 2088 3132 nae
2121 3079 2174 3132 in
2207 3081 2397 3134 Azoto.
2435 3079 2501 3134 Et
2530 3080 2808 3135 destruam
2840 3081 3094 3152 injuriam
3127 3083 3575 3152 alienigenarum,

2001 3178 2057 3224 et
2112 3170 2352 3225 auferam
2391 3173 2710 3242 sanguinem
2757 3189 2943 3229 eorum
2997 3175 3064 3230 de
3109 3191 3201 3230 ore
3231 3176 3494 3246 ipsorum,
3523 3183 3578 3232 et

2003 3261 2440 3316 abominatiunes
2487 3277 2673 3317 eorum
2701 3263 2768 3318 de
2799 3263 2977 3317 medio
3006 3263 3249 3319 dentium
3308 3265 3572 3332 ipsorum.

2005 3349 2069 3403 Et
2108 3353 2486 3420 relinquentur
2510 3359 2563 3407 et
2622 3353 2713 3408 isti
2786 3353 2896 3411 Deo
2927 3363 3155 3423 nostro;
3218 3364 3271 3411 et
3298 3363 3463 3412 erunt
3517 3366 3577 3411 ut

2003 3442 2256 3498 tribunus
2284 3445 2337 3497 in
2365 3441 2524 3509 Juda,
2554 3455 2608 3499 et
2655 3447 2900 3500 Accaron
2927 3447 3068 3501 sicut
3086 3445 3390 3501 Jebusaaus.
3433 3466 3452 3499 ι
3488 3444 3577 3500 Di-

2002 3547 2126 3586 cere
2160 3534 2276 3587 vult
2312 3533 2428 3588 fore
2472 3544 2526 3588 ul
2581 3535 2912 3605 alienigenas
2951 3552 3107 3605 poma
3134 3537 3368 3591 maxima
3404 3539 3577 3592 corri-

2001 3621 2136 3689 piat,
2168 3621 2331 3693 330
2359 3624 2485 3692 quia
2516 3624 2769 3676 nimirum
2795 3623 2889 3678 Dei
2910 3626 3113 3678 cultum
3149 3625 3573 3696 dereliquerant.

2006 3707 2166 3764 Varie
2187 3719 2368 3764 autem
2395 3727 2586 3780 pmnas
2610 3711 2732 3766 illas
2754 3715 2997 3784 exponit,
3020 3715 3184 3771 urbes
3207 3732 3534 3774 enumerans
3559 3738 3574 3774 :

2003 3815 2196 3871 nempe
2219 3801 2365 3870 quod
2396 3802 2631 3856 Ascalon
2686 3803 2880 3860 timore
2901 3808 3278 3876 occupabitur,
3314 3807 3457 3864 Gaza
3479 3811 3577 3864 do-

2004 3889 2161 3953 lebit,
2200 3889 2534 3946 Aecaronem
2573 3893 2700 3946 item
2763 3895 3008 3964 pudebit,
3067 3897 3195 3951 dum
3227 3908 3574 3968 peccaturum

2005 3996 2228 4035 suorum
2258 3997 2449 4051 poenas
2477 3982 2590 4038 luet
2626 4001 2639 4038 :
2685 3985 2813 4052 quin
2849 3995 2902 4040 et
2940 3986 3096 4042 Gazae
3127 4004 3217 4042 rex
3247 3991 3573 4060 deponetur,

2003 4078 2057 4122 et
2089 4069 2316 4125 Azotum
2353 4072 2595 4127 incolent
2640 4077 2907 4130 extranei.
2961 4074 3087 4131 ﬂare
3121 4085 3301 4132 autem
3327 4080 3577 4134 elocutus

2003 4170 2109 4224 est,
2143 4177 2250 4217 non
2283 4165 2412 4233 quia
2445 4165 2548 4219 hoe
2588 4166 2808 4235 quidem
2865 4167 3106 4222 futurum
3141 4180 3306 4235 esset,
3343 4178 3397 4227 et
3429 4172 3575 4227 aliud

2003 4267 2163 4307 secus
2196 4271 2210 4306 :
2238 4254 2392 4322 quasi
2421 4255 2563 4309 dicat
2590 4254 2749 4310 Gaza:
2795 4256 2915 4321 llOt',
2962 4258 3089 4312 illud
3130 4276 3252 4314 vero
3282 4261 3575 4333 Ascaloni;

2005 4343 2098 4395 sed
2137 4342 2414 4398 idiotismo
2452 4358 2574 4406 suo,
2613 4343 2756 4412 quod
2787 4359 3074 4399 commune
3103 4357 3184 4401 est
3225 4348 3440 4403 divisim
3490 4350 3576 4403 di-

314 4441 507 4496 εῑπεῖν
537 4439 854 4502 Ἀσκάλωνι,
884 4438 1019 4492 ἀλλά
1044 4438 1186 4491 κατά
1215 4439 1276 4490 τὸ
1295 4439 1489 4491 οἰκεῖον
1523 4439 1715 4508 ἰδίωμα
1739 4441 1799 4492 ἐν
1834 4442 1899 4510 τῇ

2006 4432 2097 4493 cit,
2132 4447 2327 4501 nempe
2348 4433 2492 4502 quod
2525 4447 2686 4488 casus
2729 4433 3039 4502 hujusmodi
3069 4441 3282 4491 cunctis
3327 4438 3575 4493 evenient

313 4529 593 4602 διαιρέσει
619 4530 869 4584 τὺκοινδν
885 4528 1072 4594 εἰπὼν,
1094 4529 1173 4583 ὅτι
1190 4529 1364 4583 ταῦτα
1386 4531 1509 4600 περὶ
1531 4530 1736 4593 πάντας
1751 4529 1900 4582 ἔσται

311 4622 459 4687 τοὺς
506 4621 851 4690 ἀλλοφύλους.
893 4619 1053 4674 Ὅθεν
1090 4620 1227 4692 μετά
1261 4619 1358 4689 τὴν
1405 4619 1775 4692 ἀπαρίθμησιν
1805 4623 1901 4674 ἒπ-

317 4715 482 4781 άγει,
517 4731 536 4763 ι
563 4714 674 4766 Καὶ
707 4710 922 4765 καθελῶ
948 4711 1103 4783 ὓϐριν
1123 4710 1454 4777 ἀλλοφύλων,
1480 4729 1500 4762 i
1534 4712 1618 4763 ἵνα
1637 4712 1763 4783 εἴπῃ
1797 4711 1901 4774 ὅτι,

329 4803 519 4872 ’Υπὲρ
562 4803 745 4872 πάσης
781 4802 978 4864 αὐτοὺς
1010 4802 1394 4872 τιμωρήσομαι
1426 4801 1526 4871 τῆς
1586 4803 1901 4872 παροινίας·

316 4894 716 4965 τιμωρήσομαι
735 4892 930 4955 αὐτοῦς
950 4891 1211 4959 ἀνάλογον
1242 4889 1322 4956 οἷς
1346 4890 1565 4963 ἐξέχεαν
1587 4892 1779 4958 αἵμασι
1798 4892 1905 4946 τῶν

333 4981 714 5054 Ἰσραηλιτῶν,
745 4981 826 5034 ἔτι
875 4977 1222 5049 συγκαθελὼν
1263 4981 1445 5041 αὐτοῖς
1475 4980 1569 5031 καὶ
1605 4978 1672 5031 τὰ
1714 4979 1906 5032 εἴδωλα

325 5075 531 5140 πάντα,
551 5074 589 5129 ἃ
610 5075 677 5143 δὴ
701 5073 1024 5144 θρησκεύειν
1050 5073 1268 5126 ἐδόκουν
1287 5089 1300 5101 ·
1338 5071 1478 5125 ὥστε
1503 5072 1565 5124 ὲκ
1589 5072 1690 5141 τῆς
1713 5073 1906 5139 ἐπαγο-

328 5165 501 5237 μένης
531 5167 720 5227 αὐτοῖς
743 5164 1033 5234 τιμωρίας,
1065 5162 1291 5226 πολλοὺς
1325 5163 1419 5216 καὶ
1441 5162 1644 5215 τούτων
1673 5161 1905 5232 ληφθέν-

325 5258 525 5329 ταςτῷ
556 5257 666 5312 δέει
692 5255 804 5310 τῶν
840 5253 1159 5324 γινομένων,
1191 5255 1284 5307 ἐπὶ
1320 5254 1420 5324 τὴν
1455 5253 1549 5306 τοῦ
1581 5252 1716 5306 Θεοῦ
1743 5271 1907 5308 κατα-

330 5353 522 5420 φυγεῖν
541 5348 820 5420 λατρείαν,
836 5346 888 5400 οἳ
915 5345 1032 5416 μεθ’
1046 5345 1204 5416 ἡμῶν
1217 5344 1606 5416 ἀριθμήσονται
1625 5345 1904 5417 χιλιάρχου

328 5439 472 5506 τινὸς
490 5439 784 5511 ἐπέχοντες
805 5435 981 5500 τάξιν.
1019 5435 1208 5499 Οὕτως
1239 5437 1464 5498 ἑαυτοὺς
1504 5434 1604 5506 τῆς
1635 5435 1907 5507 ἡμετέρας

331 5531 700 5601 ἐργασάμενοι
739 5527 960 5600 μερίδος
983 5544 998 5558 ·
1038 5528 1504 5599 περισωθήσονται
1531 5527 1589 5580 δὲ
1617 5528 1714 5598 οὐχ
1745 5521 1908 5600 ἦττον

329 5621 426 5676 τοῦ
475 5620 806 5676 Ἰεϐουσαίου
848 5619 943 5672 καὶ
989 5621 1038 5672 oi
1075 5618 1136 5684 ἐξ
1175 5621 1459 5690 Ἀκκάρων
1508 5617 1764 5672 τοιοῦτοι·
1815 5620 1910 5672 καὶ

334 5713 438 5784 γὰρ
467 5710 746 5768 κάνταῦθα
781 5709 890 5763 ἀπὸ
930 5710 1028 5780 τῆς
1068 5713 1286 5782 μνήμης
1321 5712 1420 5780 τῆς
1467 5711 1745 5783 Ἀκκάρων
1783 5711 1908 5773 τοὺς

628 5806 905 5864 Parant.
943 5801 1064 5864 Gtt.
1099 5803 1201 5862 LX
1214 5804 1313 5863 Vl.

2004 4522 2341 4592 alienigenis.
2377 4522 2500 4579 Ideo
2550 4535 2669 4592 post
2705 4525 2848 4578 illam
2880 4529 3342 4582 enumerationem
3376 4529 3522 4582 addit
3558 4546 3570 4583 :

2009 4633 2026 4664 σ
2057 4613 2118 4666 Et
2156 4615 2433 4668 destruam
2483 4616 2738 4684 injuriam
2792 4617 3252 4687 alienigenarum;
3312 4639 3331 4670 ι
3385 4620 3437 4672 id
3472 4631 3577 4683 est,

2005 4705 2221 4758 illorum
2251 4722 2466 4761 omnem
2511 4707 2745 4764 ulciscar
2790 4709 3089 4763 vesaniam.
3124 4707 3350 4763 Puniam
3396 4722 3574 4764 autem

2003 4795 2126 4850 illos
2146 4811 2306 4866 ptena
2344 4797 2507 4868 digna
2567 4799 2637 4853 ob
2664 4797 2893 4854 effusum
2951 4799 3315 4856 Israelilarum
3357 4801 3575 4872 sangui-

2005 4901 2161 4952 nem;
2229 4889 2370 4942 idola
2429 4889 2592 4944 simul
2667 4891 2851 4943 omnia
2909 4889 3219 4953 destrueus,
3267 4905 3387 4960 quae
3474 4890 3573 4958 ipsi

2007 4976 2240 5032 adorare
2296 4978 2642 5033 videbantur.
2701 4981 2878 5050 Atque.
2945 4979 3020 5033 ita
3067 4995 3131 5035 ex
3183 4978 3387 5034 inﬂicto
3438 4981 3574 5048 ipsis

2009 5067 2292 5136 supplicio,
2325 5070 2482 5122 multi
2530 5084 2596 5124 ex
2641 5070 2727 5123 his
2761 5071 2955 5125 timore
2988 5079 3277 5126 eventuum
3317 5072 3572 5140 correpti,

2007 5157 2074 5211 ad
2096 5157 2187 5211 Dei
2223 5157 2430 5212 cultum
2467 5158 2822 5230 confugient;
2857 5161 2947 5228 qui
2974 5161 3254 5215 vobiscum
3278 5175 3576 5215 connume-

2006 5251 2296 5319 rabuntur,
2333 5251 2539 5306 tribuni
2579 5240 2986 5320 "quodammodo
3022 5252 3265 5306 ordinem
3309 5259 3573 5318 tenentes,

2008 5344 2136 5399 dum
2193 5358 2254 5398 se
2282 5343 2348 5398 ad
2380 5352 2588 5398 vestras
2628 5351 2807 5412 partes
2843 5343 3164 5414 adjungunt.
3223 5342 3367 5398 Salvi
3397 5353 3574 5399 autem

2011 5433 2160 5498 fient,
2209 5433 2356 5487 baud
2415 5448 2574 5488 secus
2631 5449 2792 5502 quam
2844 5432 3164 5502 Jebusaius;
3194 5436 3392 5506 quippe
3437 5443 3492 5490 et
3521 5435 3576 5491 hi

2009 5525 2310 5581 Accaronis
2341 5524 2509 5580 cives.
2562 5523 2694 5577 Nam
2752 5525 2842 5580 hic
2897 5527 3084 5592 etiam,
3155 5534 3576 5583 commemorata

2008 5617 2312 5682 Aecarone,
2337 5617 2580 5685 quinq‘e‘e
2625 5616 2986 5687 satrapiarum
3022 5618 3269 5676 homines
3309 5621 3375 5674 ad
3402 5617 3575 5687 pieta-

2010 5716 2118 5764 tem
2166 5723 2460 5786 conversos
2513 5707 2695 5763 dicere
2747 5711 2891 5777 vult;
2955 5711 3287 5783 significans.
3340 5708 3456 5762 fore
3514 5719 3572 5762 ut

3217 5801 3290 5859 18
