4022 6138
443 304 548 359 555

1608 277 1959 361 strenuom
1995 297 2480 361 uorsussrsm

3577 301 3683 358 5‘36

444 416 747 474 Israelitico
784 415 981 487 populo
1034 423 1514 480 connumcreutur,
1553 422 1715 485 atque
1753 414 1829 468 ita
1880 413 2010 470 salvi

2120 417 2185 469 ἐκ
2228 416 2337 469 τῶν
2383 417 2546 470 πέντε
2588 414 2930 487 σατραπειῶν
2963 414 3255 479 νεύσαντας
3282 415 3417 487 πρὸς
3456 413 3519 467 τὸ
3554 415 3696 468 δέον.

443 509 596 574 fiant,
659 508 960 564 imminenti
1014 521 1188 577 pinnae
1240 505 1545 569 subtracti,
1580 505 1894 578 quicunque
1946 521 2014 560 ex

443 602 581 671 ipsis
611 602 738 656 facti
771 601 909 672 frugi
941 599 1009 655 ad
1054 607 1258 655 rectam
1291 598 1414 653 vita
1442 598 1708 652 rationem
1735 606 2017 667 spectave-

436 693 569 747 rint.

505 870 677 927 Vens.
701 870 855 925 8-10.
898 900 963 912 —-
989 889 1007 920 ι
1050 868 1116 924 Et
1148 870 1419 941 praestabo
1455 870 1641 924 domui
1680 883 1811 925 mea:
1838 869 2016 923 clera-

437 964 678 1030 ~tionem,
707 963 1003 1034 quominus
1034 963 1089 1016 in
1146 978 1208 1016 ea
1267 962 1360 1016 fiat
1392 976 1591 1016 cursus
1640 968 1693 1014 et
1721 974 2017 1015 recursus:

428 1069 618 1125 :neque
642 1053 994 1125 superveniet
1016 1053 1097 1108 eis
1123 1053 1262 1107 ultra
1291 1054 1537 1117 abactor,
1563 1052 1693 1122 quia
1727 1066 1871 1107 nunc
1900 1050 2016 1107 villi

441 1143 806 1201 oculis-meis.
842 1162 872 1196 ρ»
928 1142 1179 1197 Validum
1205 1141 1481 1211 quoddam
1506 1142 1708 1212 populo
1743 1156 1862 1196 meo
1894 1156 2020 1197 sus-

440 1236 622 1290 citabo
677 1233 934 1288 auxilium
960 1272 976 1297 ,
1050 1232 1193 1303 quod
1247 1248 1437 1289 omnes
1516 1239 1806 1289 extraneos
1861 1233 2019 1303 longe

443 1326 804 1389 submovebit,
830 1339 1008 1394 neque
1043 1325 1184 1381 sinet
1206 1325 1340 1380 fines
1369 1323 1721 1381 familiarium
1772 1338 2015 1379 meorum

440 1416 671 1487 ingredi,
703 1416 776 1470 ita
806 1424 859 1471 ut
898 1414 1179 1482 nemojam
1198 1414 1457 1470 invadere
1479 1414 1694 1481 audeat,
1718 1428 1893 1485 neque
1930 1430 2018 1469 re-

434 1508 652 1579 gioncm
679 1519 874 1560 vexare
921 1505 987 1559 ad
1016 1519 1099 1559 me
1130 1504 1491 1574 pertinentem
1512 1524 1537 1570 ς
1588 1504 1858 1575 siquidem
1897 1520 2019 1561 οιυ-

432 1598 573 1652 nino
614 1595 923 1666 prospicere
948 1593 1018 1650 iis
1049 1593 1287 1660 decrevi,
1308 1593 1468 1665 331
1497 1601 1553 1651 et
1583 1610 1701 1649 mea
1734 1596 2020 1664 providen-

434 1690 515 1743 tia
547 1685 780 1758 dignari.
815 1682 951 1740 Nam
973 1685 1159 1747 verba,
1192 1702 1212 1736 ι
1275 1684 1461 1740 domui
1506 1699 1662 1752 meae,
1720 1703 1747 1737 ἰ
1785 1685 1852 1741 de
1902 1694 2015 1741 tota

437 1778 662 1849 regione
689 1775 819 1832 dicit
848 1775 1089 1841 lsraelis,
1123 1781 1311 1845 utpote
1354 1776 1423 1831 ad
1445 1790 1506 1832 se
1531 1776 1862 1846 pertinente.
1895 1775 2017 1833 Mox

436 1867 784 1923 manifestius
833 1866 1101 1936 pandens,
1163 1866 1325 1934 cujus
1381 1880 1550 1937 opera
1614 1867 1729 1925 haec
1774 1866 1926 1932 fient,
1962 1875 2017 1922 et

436 1959 693 2029 quisnam
726 1971 756 2011 a
788 1955 900 2011 Deo
921 1956 992 2012 sit
1021 1956 1263 2012 electus:
1309 1973 1327 2006 ι
1384 1955 1613 2020 Laetare,
1662 1956 1865 2026 inquit,
1897 1971 2013 2010 ma-

424 2034 696 2120 gnopere,
729 2047 835 2103 filia
867 2046 1030 2115 Sion;
1059 2048 1316 2117 praedica,
1342 2049 1450 2103 tilia
1483 2046 1848 2105 Hierusalem.
1878 2047 2017 2104 Ecce

439 2155 533 2195 rex
567 2145 692 2193 tuus
721 2137 867 2192 venit
895 2136 991 2191 tibi
1011 2136 1199 2206 justus
1233 2144 1286 2190 et
1318 2136 1575 2191 salvans:
1610 2136 1726 2207 ipse
1774 2135 2013 2204 humilis,

432 2237 493 2285 et
541 2230 785 2286 insidens
827 2228 1080 2299 jumento
1124 2239 1178 2285 et
1217 2229 1366 2300 pullo
1420 2230 1656 2287 novello.
1689 2229 1757 2284 Et
1792 2230 2014 2299 perdam

436 2320 733 2392 quadrigas
752 2333 820 2374 ex
851 2318 1165 2391 Ephraimo,
1197 2328 1251 2373 ct
1295 2335 1496 2391 equum
1527 2319 1596 2375 de
1630 2318 1968 2376 Hierusalem
1999 2338 2011 2372 :

438 2420 496 2472 et
538 2412 896 2483 dissipabitur
925 2426 1085 2466 arcus
1123 2411 1355 2469 bellicus
1390 2429 1403 2465 :
1437 2412 1651 2483 eritque
1700 2411 2013 2475 multitudo,

430 2512 497 2558 et
529 2519 632 2574 pax
668 2519 731 2558 ex
763 2503 1034 2573 gentibus.
1075 2521 1095 2555 ι
1148 2502 1335 2558 Gaude
1368 2504 1551 2573 igitur,
1584 2518 1617 2557 o
1648 2502 2013 2564 Hierusalem,

430 2604 595 2649 tanto
631 2609 754 2663 rege
785 2592 882 2648 tibi
912 2593 1174 2648 divinitus
1232 2595 1600 2664 suppeditato,
1640 2596 1731 2664 qui
1792 2594 1889 2647 tibi
1925 2594 2016 2647 atl-

432 2685 566 2751 crit,
599 2685 811 2740 salvare
836 2692 1030 2754 potens
1068 2685 1325 2754 populum
1358 2684 1615 2739 suumob
1650 2684 1872 2739 insitam
1911 2685 2014 2740 sibi

438 2777 681 2830 divinam
709 2776 838 2839 vim,
860 2782 914 2831 et
937 2775 1304 2830 dmnimodam
1327 2775 1658 2837 adversariis
1684 2775 1883 2831 inferet
1915 2794 2016 2847 pu-

437 2864 749 2920 nitionem:
807 2862 898 2934 qui
954 2863 1051 2921 vili
1098 2863 1315 2934 quidem
1378 2864 1598 2919 animali
1638 2865 1858 2928 insidet,
1916 2883 2013 2921 ceu

440 2968 617 3021 nuper
645 2953 712 3006 de
741 2952 1058 3022 captivitate
1092 2967 1373 3022 egressus,
1414 2953 1509 3008 sed
1540 2954 1767 3009 multam
1796 2961 2015 3008 contra—

2121 507 2296 559 εἰπεῖν
2321 505 2618 576 ἠϐουλήθη,
2652 505 2829 577 δηλῶν
2869 506 2950 559 ὃτι
2992 505 3480 577 συναριθμήσανταί
3525 520 3583 559 τε
3617 503 3702 577 τῷ

2120 595 2236 666 λαῷ
2273 595 2351 667 τῷ
2409 595 2802 669 Ἰσραηλιτικῷ,
2851 599 2946 652 καὶ
2979 597 3444 669 περισωθήσονται
3491 598 3699 650 ἐκσπα-

2122 686 2340 751 σθέντες
2375 690 2474 758 τῆς
2517 688 2859 759 ἐπειγομένης
2898 689 3085 752 αὐτοῖς
3126 687 3414 759 τιμωρίας,
3459 688 3511 740 οἳ
3548 687 3615 742 ἂν
3637 686 3701 754 ἐξ

2118 778 2299 833 αὐτῶν
2332 778 2792 850 σωφρονισθέντες
2810 778 3041 832 νεῦσωσι
3069 779 3204 851 πρὸς
3240 779 3300 832 τὸ
3315 778 3456 832 δέον.

2192 870 2338 941 Στίχ.
2362 878 2498 941 η’-ι’.
2522 900 2594 915 -ι-
2614 893 2631 921 ι
2653 871 2760 924 Καὶ
2781 870 3154 941 ὑποστήσομαι
3179 869 3258 940 τῷ
3275 870 3411 939 οἴκῳ
3433 886 3536 939 μου
3566 867 3702 921 ἀνά-

2122 976 2308 1031 στημα
2355 961 2449 1015 τοῦ
2504 961 2579 1031 μὴ
2635 959 3051 1031 διαπορεύεσθαι
3106 959 3240 1030 μηδὲ
3279 958 3690 1029 ἀνακάμπτεινο

2122 1050 2197 1119 (p.
2229 1050 2353 1120 494)
2385 1051 2479 1105 καὶ
2507 1052 2567 1104 οὐ
2593 1051 2667 1121 μὴ
2694 1050 2897 1123 ἐπέλθῃ
2929 1052 3014 1103 ἐπ’
3047 1051 3245 1114 αὐτοὺς
3266 1049 3449 1105 οὐκέτι
3475 1048 3703 1114 ἐξελαύ-

2121 1159 2226 1194 νων
2246 1182 2260 1204 ,
2319 1137 2452 1196 διότι
2504 1142 2599 1195 νῦν
2650 1142 2869 1214 ἑώρακα
2914 1145 2971 1196 ἐν
3021 1146 3136 1205 τοῖς
3180 1140 3476 1212 ὀφθαλμοῖς
3524 1158 3650 1211 μου.
3674 1160 3695 1191 ι

2134 1233 2377 1304 ’ἰσχυρὰν
2415 1232 2478 1303 δή
2529 1249 2649 1286 τινα
2694 1236 2806 1297 τοῖς
2847 1234 2971 1304 ἐμοὶ
3000 1233 3365 1305 προσήκουσιν
3405 1231 3704 1301 ἀναστήσω

2122 1321 2394 1393 βοήθειαν,
2414 1323 2451 1393 ἢ
2477 1324 2683 1389 πάντας
2705 1325 2832 1387 τοὺς
2852 1323 3167 1394 ἀλλοτρίους
3195 1321 3409 1394 μακρὰν
3421 1319 3695 1385 διώξεται,

2120 1412 2420 1466 ἐπιϐαίνειν
2451 1413 2560 1473 τῶν
2593 1413 2758 1485 ὁρίων
2783 1414 2884 1468 οὐκ
2921 1413 3067 1467 ἐῶσα
3093 1412 3202 1468 τῶν
3241 1412 3364 1483 ἐμοὶ
3388 1412 3696 1484 προσηκόν-

2120 1519 2262 1568 των,
2325 1503 2402 1567 ὼς
2456 1504 2593 1574 μήτε
2640 1504 2854 1558 ἐπιέναι
2906 1503 3028 1558 τινὰ
3096 1503 3301 1574 τολμᾷν
3370 1501 3493 1565 ἔτι,
3556 1498 3697 1572 μήτε

2123 1593 2214 1646 ἐπὶ
2281 1592 2381 1663 τὴν
2446 1592 2629 1664 χώραν
2698 1593 2942 1648 ἐλαύνειν
3008 1591 3108 1662 τὴν
3197 1593 3322 1663 ἐμοὶ
3394 1592 3698 1663 προσήκου-

2124 1698 2223 1734 σαν
2255 1697 2269 1711 ο
2328 1683 2631 1755 ἐπειδήπερ
2675 1681 2821 1748 ἅπαξ
2872 1684 3075 1753 ἐφορᾷν
3118 1682 3322 1745 αὐτοὺς
3370 1679 3700 1750 ἐδοκίμασῡα,

2120 1772 2219 1841 τῆς
2251 1789 2308 1825 τε
2336 1772 2592 1843 προνοίας
2612 1771 2795 1838 ἀξιοῦν
2820 1774 2920 1846 τῆς
2953 1774 3127 1845 ἐμῆς*
3159 1774 3221 1827 τὸ
3253 1772 3365 1844 γὰρ
3404 1792 3425 1824 ι
3446 1771 3527 1843 τῷ
3560 1772 3700 1843 οἴκῳ

2122 1881 2224 1933 μου
2247 1902 2260 1926 ,
2294 1883 2313 1916 ›
2366 1865 2514 1937 πάσῃ
2550 1868 2617 1937 τῇ
2661 1864 2814 1937 χώρᾳ
2855 1866 3004 1934 λέγει
3037 1866 3132 1920 τοῦ
3172 1867 3389 1938 Ἰσραὴλ
3428 1867 3507 1930 ὡς
3545 1866 3699 1938 αὐτῷ

2119 1954 2489 2028 προσηκούσῃ.
2550 1953 2681 2010 Είτα
2728 1957 2825 2008 καὶ
2873 1956 3202 2028 σαφέστερον
3242 1955 3413 2010 ποιῶν
3460 1957 3527 2011 δι’
3569 1957 3699 2010 ὅτου

2120 2063 2224 2117 περ
2250 2045 2403 2100 ἔσται
2428 2044 2622 2111 ταῦτα,
2652 2047 2746 2101 καὶ
2775 2047 2859 2110 τίς
2898 2048 2926 2100 6
2948 2048 3040 2101 ἐπὶ
3066 2047 3224 2101 τοῦτο
3256 2047 3407 2119 παρὰ
3432 2046 3528 2100 τοῦ
3556 2045 3695 2100 Θεοῦ

2118 2138 2593 2210 προϐεϐλημένος·
2659 2155 2679 2194 t
2730 2140 2902 2210 Χαῖρε
2950 2138 3191 2211 σφόδρα,
3247 2138 3484 2209 θύγατερ
3534 2137 3733 2196 Σιὼν.-

2117 2231 2383 2301 κήρυσσε,
2413 2229 2652 2302 θύγατερ
2688 2230 3070 2302 Ἰερουσαλήμ·
3120 2230 3230 2283 ίδοὺ
3261 2230 3291 2281 6
3319 2228 3568 2300 βασιλεύς
3598 2246 3698 2284 σου

2118 2321 2334 2392 ἔρχεταί
2374 2338 2457 2375 σοι
2515 2321 2721 2384 δίκαιος
2768 2321 2863 2375 καὶ
2907 2320 3129 2385 σώζων·
3178 2321 3341 2385 αὐτὸς
3378 2321 3551 2392 πρᾶος
3601 2322 3700 2376 καὶ

2118 2411 2464 2482 ἐπιϐεϐηκὼς
2501 2413 2595 2469 ἐπὶ
2621 2410 2913 2480 ὑποζύγιον
2940 2412 3034 2464 καὶ
3074 2410 3250 2464 πῶλον
3282 2409 3403 2467 νέον
3426 2426 3439 2441 ·
3490 2410 3589 2464 καὶ
3612 2410 3701 2475 ἐξ·

2117 2502 2421 2572 ολοθρεύσω
2445 2501 2665 2573 ἅρματα
2694 2498 2754 2566 ἐξ
2792 2498 3061 2571 Ἐφραῖμ,
3085 2500 3181 2554 καὶ
3209 2501 3372 2555 ἵππον
3404 2498 3467 2565 ἐξ
3494 2500 3699 2571 Ἰερου-

2120 2592 2318 2663 σαλὴμ,
2350 2592 2442 2645 καὶ⁸
2492 2590 2998 2663 ἐξολοθρευθήσεται
3028 2588 3179 2655 τόξον
3214 2591 3534 2662 πολεμικόν·
3599 2590 3700 2651 καὶ

2118 2682 2340 2752 πλῆθος,
2375 2684 2465 2737 καὶ
2502 2684 2688 2755 είρὴνη
2723 2683 2781 2748 ἐξ
2818 2681 3006 2737 ἐθνῶν.
3029 2702 3047 2734 ι
3077 2681 3385 2752 Εὐφραίνου
3412 2683 3615 2747 τοίνυν,
3646 2676 3695 2735 ὦ

2128 2773 2506 2845 Ἰερουσαλὴμ,
2540 2774 2780 2828 τοιούτου
2824 2791 2908 2829 σοι
2953 2775 3216 2846 βασιλέως
3258 2774 3411 2846 παρὰ
3435 2774 3530 2827 τοῦ
3558 2772 3701 2828 Θεοῦ

2118 2863 2578 2934 προϐεϐλημένου,
2615 2865 2674 2929 ὃς
2696 2865 2942 2937 παρέστη
2974 2883 3056 2919 σοι
3099 2862 3425 2936 περισώζειν
3453 2882 3510 2918 τε
3537 2864 3700 2919 δυνά-

2119 2971 2281 3025 μενος
2330 2958 2456 3018 τοὺς
2502 2956 2736 3020 οἰκείους
2762 2954 2852 3009 διὰ
2883 2955 3318 3029 τὴνηπροσοῦσαν
3364 2956 3514 3027 αύτῴ
3544 2955 3698 3009 θείαν

437 3043 534 3098 hct
580 3042 952 3097 fortitudinem
1005 3058 1073 3098 ex
1136 3042 1320 3098 divina
1368 3044 1460 3100 vi:
1514 3043 1568 3098 in
1596 3051 1806 3103 tantum
1844 3055 1902 3101 ut
1946 3061 2010 3101 ex

2120 3043 2312 3115 ῥοπὴν,
2345 3046 2437 3098 καὶ
2465 3047 2645 3099 πᾶσαν
2669 3048 2780 3109 τοῖς
2808 3046 3082 3111 ’ἐναντίοις
3111 3046 3211 3118 τὴν
3230 3046 3444 3101 δικαίαν
3469 3047 3699 3114 ἐπάγων

420 3133 737 3202 ιῈρΙπαίιηο
779 3144 833 3187 et
894 3131 1229 3190 Hierusalem
1286 3142 1517 3190 cunctos
1576 3134 2010 3191 adversariorum

2115 3135 2384 3206 τιμωρίαν
2404 3150 2417 3164 ’
2453 3134 2513 3199 ὃς
2539 3135 2835 3208 ἐπιϐέϐηκε
2878 3136 2981 3206 μὲν
3014 3138 3103 3191 ἐπ’
3128 3134 3379 3200 εὐτελοῦς
3409 3135 3504 3189 τοῦ
3530 3134 3693 3201 (meo,

410 3224 821 3278 .destructurus
846 3225 916 3279 sit
943 3237 1162 3289 currus,
1189 3234 1243 3278 et
1264 3226 1566 3290 equitatum
1596 3224 1933 3291 universum,
1962 3234 2017 3282 et

439 3330 626 3367 arcum
663 3315 938 3369 bellicum.
963 3315 1068 3369 Pro
1088 3330 1152 3370 co
1182 3330 1245 3370 ac
1278 3316 1425 3370 dicat
1446 3334 1459 3370 :
1479 3315 1683 3371 Omnes
1709 3314 2017 3386 proﬂigabit

441 3405 737 3472 hostes,‘ut
766 3420 923 3461 nemo
979 3405 1231 3476 deinceps
1261 3404 1611 3461 adversarius
1658 3402 1896 3458 Judaica:
1928 3422 2013 3461 re-

408 3497 586 3567 .gioni
620 3497 881 3567 supersit.
941 3496 1156 3561 Perdet,
1214 3498 1412 3569 inquit,
1467 3511 1723 3567 magnum
1770 3496 2011 3552 hostium

439 3601 746 3651 numerum,
768 3601 829 3640 ac
852 3602 984 3657 pace
1005 3587 1151 3640 omni
1172 3586 1430 3657 prirabit,
1455 3586 1719 3642 contritus
1744 3586 2009 3653 nimirum

436 3693 500 3731 ac
532 3677 770 3748 perditos
806 3676 945 3732 bello
981 3678 1126 3746 quod
1161 3677 1389 3746 ipsemet
1420 3685 1593 3747 geret.

2113 3224 2208 3277 ἁτε
2241 3223 2334 3277 νῦν
2382 3226 2447 3279 ἐκ
2477 3225 2579 3296 τῆς
2624 3226 2998 3297 αίχμαλωσίας
3046 3225 3456 3298 παραγεγονὼς,
3491 3225 3695 3292 πολλῆς

2111 3315 2169 3369 δὲ
2200 3315 2522 3386 ἐπιλήψεται
2564 3316 2845 3387 δυνάμεως
2872 3316 2961 3370 διὰ
2991 3317 3091 3385 τῆς
3133 3317 3283 3381 θείας
3319 3318 3511 3386 ῥοπῆς,
3545 3315 3687 3368 ὥστε

2114 3406 2220 3460 ἀπό
2245 3423 2307 3459 τε
2338 3405 2429 3458 τοῦ
2472 3405 2710 3478 Ἐφραίμ
2750 3406 2846 3461 καὶ
2867 3406 2976 3460 ἀπὸ
3001 3407 3102 3478 τῆς
3137 3406 3492 3478 Ἰερουσαλὴμ
3509 3406 3694 3458 πάντα

2121 3498 2219 3568 μὲν
2261 3496 2372 3553 τῶν
2414 3496 2669 3550 ἐναντίων
2710 3497 2971 3567 ἀφανίσαι
3011 3496 3080 3551 τὰ
3132 3497 3376 3568 ἅρματα,
3428 3496 3605 3550 πάντα
3633 3495 3692 3550 δὲ

2118 3590 2284 3643 ἵππον
2316 3589 2411 3643 καὶ
2438 3591 2546 3643 πᾶν
2571 3587 2723 3659 τόξον
2742 3588 3031 3658 πολεμικόν
3054 3605 3067 3619 ο
3095 3589 3172 3659 (p.
3194 3589 3323 3660 495)
3343 3588 3433 3642 ἵνα
3453 3586 3584 3658 εἴπῃ
3611 3587 3692 3640 ὅτι

2116 3681 2328 3746 πάντας
2360 3679 2700 3752 τροπώσεται
2744 3681 2871 3744 τοὺς
2907 3679 3219 3749 πολεμίους,
3252 3678 3326 3741 ὡς
3368 3676 3558 3748 μηδενὶ
3581 3674 3691 3728 τῶν

435 3771 711 3834 ἐναντίων,
741 3770 880 3825 κατὰ
906 3772 974 3825 τὰ
997 3772 1098 3840 τῆς
1118 3770 1298 3843 χώρας
1318 3766 1458 3825 εἶναι
1490 3771 1590 3842 τῆς
1621 3770 1878 3836 Ἰουδαίας
1904 3771 1987 3825 ἔτι
2005 3791 2019 3804 ο
2073 3776 2292 3844 ἀφανιεῑ
2319 3776 2398 3839 δὲ,
2430 3777 2584 3848 φησὶ,
2632 3775 2727 3829 καὶ
2762 3773 2966 3845 πλῆθος
3008 3772 3142 3827 πολὺ
3167 3774 3276 3826 τῶν
3306 3770 3583 3830 ἐναντίων,
3611 3768 3689 3821 εί-

426 3861 608 3932 .ρήνης
661 3860 714 3912 δὲ
766 3859 954 3931 πάσης·
1002 3860 1155 3924 ἐκτὸς
1201 3860 1396 3923 αὐτοὺς
1440 3862 1805 3930 καταστήσει,
1869 3862 1966 3916 ἆτε
2016 3865 2465 3938 συντριϐομένους
2513 3881 2574 3919 τε
2621 3867 2716 3920 καὶ
2766 3865 3168 3936 ἀπολλυμένους
3214 3863 3293 3935 τῷ
3343 3863 3473 3935 παρ’
3528 3859 3693 3916 αὐτοῦ

412 3951 679 4021 -πολέμῳ.

507 4041 626 4098 lam
675 4042 819 4113 quod
848 4042 981 4097 haec
1038 4041 1107 4096 de
1156 4039 1494 4097 Zorohabele
1533 4058 1681 4109 nunc
1730 4044 2007 4111 dicantur,

404 4166 409 4172 -
437 4135 781 4202 exploratum
815 4139 920 4186 est.
949 4132 1200 4186 Attamen
1228 4146 1329 4201 ego
1355 4132 1586 4188 miratus
1616 4148 1738 4189 sum
1774 4137 2009 4191 nonnul-

407 4223 543 4281 ..los,
584 4221 761 4291 quiin
809 4219 1078 4276 absurdas
1113 4221 1380 4277 abeuntes
1432 4222 1743 4293 opiniones,
1796 4232 2005 4293 partem

436 4310 658 4379 quidem
681 4307 812 4365 dicti
843 4309 1010 4378 hujus
1043 4309 1111 4364 de
1140 4308 1479 4365 Zorobabele
1505 4310 1839 4382 intelligunt,
1879 4326 2004 4382 par-

2183 4044 2305 4099 ’Ότι
2353 4043 2451 4113 μὲν
2484 4036 2578 4094 οῦν
2617 4041 2793 4095 ταῦτα
2824 4040 2952 4114 περὶ
3000 4040 3090 4094 τοῦ
3119 4039 3425 4110 Ζοροϐάϐελ
3456 4042 3690 4098 ἐνταῦθα

2111 4135 2348 4204 λέγεται,
2386 4132 2565 4202 δῆλον.
2610 4131 2751 4200 Ἐγὼ
2774 4132 2832 4187 δὲ
2870 4133 3156 4204 ἐθαύμασα
3189 4132 3301 4186 τῶν
3342 4132 3428 4187 ἐπ’
3465 4133 3690 4188 ἀλλοκό-

2107 4242 2232 4290 τους
2271 4224 2625 4298 τρεπομένων
2670 4223 2927 4289 διανοίας,
2956 4225 3052 4278 καὶ
3095 4223 3158 4278 τὸ
3192 4223 3291 4295 μέν
3325 4242 3377 4279 τι
3404 4227 3572 4297 μέρος
3597 4228 3689 4281 ἐπὶ

2108 4313 2201 4368 τοῦ
2238 4310 2542 4385 Ζοροϐάϐελ
2584 4311 3053 4382 ἐκλαμϐανόντων,
3099 4311 3162 4365 τὸ
3201 4312 3257 4367 δὲ
3290 4314 3382 4367 ἐπὶ
3412 4314 3685 4370 Δεσπότου

404 4415 546 4457 ειοιιι
582 4410 763 4456 autem
810 4400 878 4455 de
920 4400 1142 4457 Christo
1175 4399 1410 4456 Domino
1443 4419 1458 4457 :
1491 4401 1636 4473 quod
1670 4403 1818 4459 aliud
1866 4403 2002 4460 nihil

2115 4406 2340 4477 Χριστοῦ
2366 4422 2379 4436 ’
2422 4406 2558 4476 ὅπερ
2588 4403 2744 4460 οὐθὲν
2782 4404 2964 4474 ἕτερόν
3000 4403 3208 4475 ἐστινῆ
3244 4406 3575 4478 μεριζόντων
3605 4406 3686 4477 τῷ

426 4502 544 4559 est,
577 4493 683 4547 nisi
715 4491 859 4547 inter
889 4489 1282 4549 Zorobabelem
1313 4499 1368 4548 et
1403 4493 1682 4552 Christum
1712 4494 2003 4553 Dominum

418 4581 733 4656 prophetiae
761 4580 998 4649 divisio;
1026 4597 1148 4652 qua:
1178 4597 1393 4637 summa
1432 4583 1648 4641 insania
1691 4594 1796 4640 est.
1827 4586 2003 4643 Verus

406 4684 616 4733 autem
663 4672 910 4730 locorum
962 4672 1276 4742 huiusmodi
1317 4689 1515 4731 sensus
1562 4675 1652 4731 illc
1698 4685 1803 4740 est,
1840 4693 2001 4748 quem

414 4767 543 4836 .jam
588 4772 751 4821 antea
798 4777 885 4821 me
932 4763 1142 4820 dixisse
1197 4765 1336 4832 scio,
1380 4780 1578 4836 nempe
1621 4765 1769 4836 quod
1811 4768 2003 4824 umbra

407 4855 677 4912 «omnium
725 4851 934 4911 Christi
976 4852 1193 4908 Domini
1236 4869 1423 4911 rerum
1463 4855 1551 4912 lex
1599 4852 1786 4913 fuerit.
1834 4855 2003 4914 Multa

423 4954 599 5023 igitur
630 4950 769 5006 mire
812 4955 956 5013 ecta,
992 4949 1109 5005 sive
1160 4949 1310 5004 circa
1355 4951 1642 5021 populum,
1698 4952 1814 5007 sive
1855 4952 1999 5007 circa

423 5039 726 5098 nonnullos
759 5037 825 5095 ad
860 5037 1083 5108 aliquod
1129 5052 1330 5094 munus
1361 5039 1588 5107 electos,
1612 5040 1777 5113 332
1810 5043 2000 5099 recitat

426 5129 777 5207 hyperbolice
827 5129 897 5185 de
953 5128 1229 5200 prtedictis
1265 5127 1594 5200 Scriptura,
1644 5146 1773 5187 cum
1819 5143 2000 5189 tamen

428 5224 598 5279 dictio
627 5223 682 5278 in
712 5235 881 5279 sensu
913 5220 1076 5278 obvio
1107 5220 1389 5277 veritatem
1423 5235 1534 5278 non
1564 5223 1880 5279 contineat:
1906 5225 2005 5300 sed

424 5330 491 5373 ea
531 5324 648 5370 tum
681 5315 899 5373 demum
945 5328 1072 5369 vera
1117 5313 1558 5384 comperiantur,
1606 5329 1731 5383 cum
1779 5316 1846 5370 de
1880 5316 2000 5385 ipso

426 5414 725 5461 censentur
776 5405 996 5462 Christo
1048 5404 1276 5462 Domino
1304 5447 1320 5469 ,
1378 5406 1472 5476 qui
1534 5407 1750 5467 sublata
1802 5407 2002 5479 ubique

430 5494 567 5563 legis
593 5497 808 5559 umbra,
831 5504 886 5553 et
910 5498 1129 5567 propria
1152 5498 1384 5553 veritate
1412 5497 1852 5562 subintroducta,
1879 5499 1999 5569 jure

431 5585 733 5651 meritoque
781 5585 1099 5651 hujusmodi
1147 5601 1367 5656 quoque
1417 5587 1718 5643 dictionum
1761 5588 2000 5645 ostendit

429 5677 737 5734 veritatem.
774 5676 904 5729 Tale
949 5683 1033 5730 νεὶ
1080 5675 1212 5731 illud
1248 5678 1557 5734 Abrahamo
1592 5680 1824 5749 dictum,
1851 5664 1997 5751 quod

2106 4514 2163 4551 τε
2180 4497 2482 4569 Ζοροϐάϐελ
2518 4497 2614 4550 καὶ
2656 4497 2735 4568 τῷ
2778 4495 3022 4567 Δεσπότῃ
3058 4496 3277 4568 Χριστῷ
3325 4499 3423 4569 τὴν
3469 4515 3682 4570 προφη-

2103 4591 2276 4646 τείαν.
2315 4591 2471 4644 Ἔστι
2498 4589 2556 4644 δὲ
2586 4590 2760 4646 ταῦτα
2790 4590 2892 4662 μὲν
2918 4589 3106 4655 ἀνοίας
3131 4593 3229 4662 τῆς
3255 4592 3493 4665 ἐσχάτης
3516 4612 3531 4625 ’
3564 4597 3593 4651 6
3624 4596 3682 4649 δέ

2104 4681 2310 4754 ἀληθὴς
2336 4681 2446 4737 τῶν
2463 4682 2719 4737 τοιούτων
2742 4683 2889 4748 νοῦς,
2905 4683 3111 4748 ἐκεῖνός
3141 4685 3287 4739 ἐστιν
3316 4685 3377 4739 ὃν
3398 4686 3495 4740 καὶ
3513 4689 3683 4757 πρόσ-

2104 4771 2198 4829 θεν
2260 4774 2498 4847 εἰρηκὼς
2522 4768 2663 4841 οῖδα,
2686 4775 2769 4828 ὃτι
2795 4773 2954 4829 σκιὰν
2983 4775 3014 4827 6
3051 4775 3215 4848 νόμος
3241 4774 3386 4848 εἶχεν
3426 4778 3680 4833 ἁπάντων

2102 4859 2213 4916 τῶν
2244 4863 2386 4929 κατὰ
2424 4862 2516 4916 τὸν
2562 4862 2837 4932 Δισπότην
2860 4864 3112 4934 Χριστόν.
3166 4865 3343 4921 Πολλὰ
3366 4867 3545 4921 τοίνυν
3570 4866 3681 4923 τῶν

2103 4952 2420 5025 παραδόξως
2468 4953 2787 5025 γινομένων,
2831 4954 2941 5008 είτε
2970 4955 3097 5027 περὶ
3123 4955 3215 5010 τὸν
3243 4956 3392 5025 λαὸν,
3417 4957 3528 5012 εἴτε
3553 4956 3679 5021 τοὺς

2102 5042 2195 5096 ἐπί
2214 5060 2356 5096 τισιν
2382 5042 2723 5112 ἐκλεγέντας,
2764 5044 2911 5114 λέγει
2940 5047 3040 5115 μὲν
3069 5045 3566 5119 ὑπερϐολικῶτιρον
3583 5048 3671 5103 ἐπ’

2101 5134 2281 5189 αὐτῶν
2323 5134 2547 5190 ἐκείνων
2577 5137 2610 5208 ἡ
2655 5137 2864 5210 Γραφὴ,
2900 5138 3002 5209 τῆς
3030 5138 3225 5206 λέξεως
3276 5138 3420 5194 κατὰ
3443 5139 3507 5193 τὸ
3537 5140 3673 5211 πρό-

2097 5241 2280 5296 χειρον
2303 5225 2403 5297 τὴν
2428 5224 2687 5296 ἀλήθειαν
2706 5228 2807 5282 οὐκ
2826 5228 3061 5300 ἐχούσης
3084 5246 3098 5262 ι
3124 5229 3438 5301 εὑρίσκεται
3466 5228 3527 5283 δὲ
3547 5230 3681 5301 ἀλη-

2101 5314 2169 5387 θῆ
2195 5314 2265 5368 τὰ
2290 5314 2535 5382 τοιαῦτα,
2565 5319 2641 5372 ὅτ’
2674 5317 2741 5372 ἂν
2768 5320 2854 5373 ἐπ’
2881 5319 3046 5374 αὐτοῦ
3072 5320 3325 5391 κρίνηται
3346 5305 3440 5377 τοῦ
3467 5320 3677 5379 Aem-

2097 5422 2192 5459 του
2218 5407 2478 5480 Χριστοῦ,
2505 5408 2564 5471 ὃς
2585 5410 2643 5462 ἐν
2674 5407 2849 5462 ἃπασιη
2881 5410 3093 5473 παύσας
3125 5411 3225 5481 μὲν
3251 5412 3344 5469 τοῦ
3373 5412 3536 5482 νόμου
3576 5412 3678 5485 τὴν

2100 5496 2278 5565 σκιὰν,
2322 5499 2701 5569 ἐπεισαγαγὼν
2747 5500 2804 5554 δὲ
2856 5503 2956 5572 τὴν
3001 5503 3261 5573 ἀλήθειαν
3295 5504 3396 5576 τὴν
3439 5506 3674 5569 οίκείαν,

2099 5589 2446 5657 εἰκότωςεκαὶ
2465 5590 2572 5645 τῶν
2601 5592 2793 5661 φωνῶν
2816 5594 2923 5646 τῶν
2942 5593 3196 5649 τοιούτων
3220 5594 3553 5651 ἐπιδείκνυσι
3574 5593 3681 5668 τὴν

2099 5678 2380 5750 ἀλήθειαν.
2424 5682 2675 5737 Τοιοῦτόν
2723 5685 2836 5738 ἐστι
2885 5684 2944 5737 τὸ
2976 5685 3109 5757 πρὸς
3140 5686 3233 5741 τὸν
3286 5684 3557 5757 Ἀϐραὰμ,
3588 5684 3675 5744 δτι
