4022 6138
338 338 436 395 55'!

1271 324 1815 385 COMMENTARIUS
1852 321 1918 377 ιΝ
1953 318 2325 377 ΖΑΕΗΑΒΙᾹΞ
2369 316 2521 371 CAP.
2565 315 2653 368 IX.

3470 318 3575 373 559

341 475 361 508 ι
382 446 895 517 Ἐνευλογηθήσεται
933 444 992 495 ἐν
1034 444 1116 495 σοὶ
1148 444 1241 496 καὶ
1280 445 1339 496 ὲν
1376 441 1456 512 τῷ
1491 438 1763 510 σπέρματί
1811 453 1903 491 σου

2024 433 2466 489 ιΒειιοίΙίοοιιιιιι-
2518 432 2572 484 in
2633 439 2685 485 te
2737 439 2794 483 et
2850 428 2903 483 in
2963 430 3172 486 semine
3231 436 3326 484 tuo
3384 438 3577 490 omnes

343 544 513 597 πάντα
537 538 606 592 τὰ
627 536 754 606 εθνη
776 551 789 564 ·
816 553 835 584 ι
869 534 1018 603 δηλοί
1052 533 1151 604 μὲν
1174 532 1285 603 γὰρ
1308 533 1435 595 τοὺς
1471 532 1532 595 ὲξ
1558 528 1723 583 αὐτοῦ
1751 544 1907 597 γεγο-

2024 533 2197 596 gentes
2220 524 2285 577 “.
2318 543 2338 577 ι
2387 522 2594 593 Nempe
2622 520 2820 576 obvius
2846 521 3065 591 quidem
3100 536 3301 578 sensus
3325 529 3580 592 posteros

346 635 492 693 θύτας
525 628 669 681 κατὰ
697 626 758 678 τὸ
785 625 1104 694 πρόχειρονο
1135 626 1169 693 η
1196 622 1427 697 ἀλήθεια
1454 621 1515 674 δὲ
1536 620 1633 674 τοῦ
1665 621 1731 691 ρή
1741 634 1907 686 ματος

2024 617 2130 686 ﬁas
2157 615 2448 686 designat;
2481 623 2857 668 verumtamen
2888 613 3023 668 dicti
3052 613 3252 667 veritas
3279 613 3336 668 in
3357 613 3581 669 Christo

339 724 430 777 ἐπὶ
467 718 565 777 τοῦ
593 717 862 773 Δεσπότου
904 716 1220 769 συνίσταται
1262 712 1522 785 Χριστοῦ,
1552 716 1631 782 (p.
1655 710 1786 777 496)
1822 711 1906 779 trp’

338 809 508 885 οὗπερ
529 812 697 874 ὅντως
719 809 1139 878 ὲνευλογηθῆναι
1163 807 1349 876 γέγονε
1382 806 1449 859 τὰ
1472 805 1619 877 ἔθνη.
1660 803 1910 858 Τοιοῦτόν

342 911 454 962 ἐστι
485 907 580 960 καὶ
613 903 690 974 τῷ
720 903 975 975 μακαρίῳ
1004 900 1184 964 Δαυῒδ,
1216 919 1237 952 ι
1274 901 1333 954 '0
1366 899 1555 971 θρόνος
1584 896 1748 951 αὐτοῦ
1780 897 1857 960 ὡς
1883 898 1912 951 ὁ

341 1001 484 1071 ἥλιος
506 996 744 1051 ἐναντίον
774 1012 896 1065 μου,
921 993 1103 1057 καὶὼς
1119 996 1152 1062 ἡ
1174 991 1370 1063 σελήνη
1397 989 1806 1061 κατηρτισμένη
1830 990 1912 1051 εἰς

343 1096 431 1143 τὸν
453 1089 643 1143 αίῶνα·
666 1090 761 1143 καὶ
775 1085 1010 1156 θήσομαι
1053 1087 1134 1147 εἰς
1177 1085 1278 1138 τὸν
1305 1082 1477 1137 αίῶνα
1515 1081 1610 1137 τοῦ
1636 1080 1830 1143 αἰῶνος
1852 1081 1914 1132 τὸ

348 1179 561 1249 σπέρμα
583 1177 769 1239 αὑτοῦ,
783 1177 876 1229 καὶ
895 1174 986 1232 τὸν
1005 1174 1193 1243 θρόνον
1208 1169 1370 1225 αὐτοῦ
1385 1171 1461 1234 ὡς
1470 1169 1692 1242 τὰςήμέ
1700 1187 1799 1239 ρας
1820 1169 1912 1224 τοῦ

347 1270 591 1342 οὐρανοῦ.
608 1290 624 1319 ι
648 1267 738 1338 Τῷ
759 1267 856 1338 μὲν
877 1266 985 1337 γὰρ
1006 1265 1281 1335 προχείρῳ
1310 1262 1457 1319 δοκεί
1484 1263 1608 1325 τοὺς
1637 1261 1916 1330 διαδόχους

350 1365 541 1432 λέγειν,
570 1361 656 1429 ἐφ’
688 1354 764 1411 ὧν
790 1357 1062 1426 διαμένειν
1082 1355 1313 1427 ἤμελλεν
1332 1355 1364 1425 ἡ
1383 1353 1627 1423 βασιλεία
1648 1368 1662 1382 ⁸
1687 1355 1720 1421 ἡ
1747 1352 1802 1405 δὲ
1821 1350 1915 1407 τοῦ

352 1455 669 1522 πράγματος
698 1448 922 1518 ἀλήθεια
953 1447 1046 1499 ἐπὶ
1071 1445 1164 1498 τοῦ
1193 1444 1461 1497 Δεσπὸτου
1487 1443 1756 1497 δείκνυται
1786 1443 1917 1519 Χρι-

354 1543 492 1607 στοῦ,
507 1538 567 1597 οὗ
583 1542 749 1604 ὅντως
760 1541 794 1610 ἡ
819 1536 1060 1608 βασιλεία
1071 1536 1267 1601 παντὸς
1289 1535 1386 1606 μὲν
1400 1535 1552 1606 ἡλίου
1569 1534 1919 1604 λαμπροτέρα

354 1634 672 1703 καθέστηκε,
692 1630 889 1692 παντὸς
923 1626 1226 1697 δὲούρανοῦ
1270 1627 1637 1698 μονιμωτέρα.
1667 1624 1920 1683 Τοιοῦτόν

357 1728 463 1779 ἐστι
483 1726 566 1789 τὸ,
586 1743 605 1775 ι
624 1723 737 1779 Οὐκ
752 1719 1143 1791 ἐγκατελείφθη
1157 1722 1190 1789 ἡ
1207 1718 1352 1793 ψυχὴ
1367 1716 1529 1771 αὑτοῦ
1545 1721 1624 1780 είς
1638 1716 1785 1793 ᾅδου,
1798 1717 1919 1773 οὐδὲ

550 1774 716 1869 eisab"
856 1774 1371 1880 διάφθο’ράν,ἰ’δτξεξ›
1383 1774 1755 1879 ὑπερϐολικῶς
1772 1774 1919 1879 είρη-
1954 1774 1993 1827 Β

360 1907 507 1981 μένον
529 1903 680 1975 παρὰ
695 1902 791 1956 τοῦ
814 1902 1082 1979 μακαρίου
1096 1893 1265 1953 Δαυτδ
1280 1899 1372 1955 ἐπὶ
1398 1900 1490 1954 τοῦ
1514 1898 1645 1953 λαοῦ
1672 1899 1780 1952 τῶν
1813 1901 1917 1953 Ἰσ-

361 1996 640 2067 ραηλιτῶν,
676 1995 766 2047 ἐπ’
814 1991 982 2062 αὐτῆς
1027 1991 1124 2061 τῆς
1153 1982 1263 2043 τῶν
1290 1992 1631 2061 πραγμάτων
1663 1990 1919 2059 ἀληθείας

356 2081 526 2141 ὦπται
539 2085 764 2154 γεγονὸς
780 2084 873 2138 ἐπὶ
891 2082 982 2136 τοῦ
999 2082 1268 2136 Δεσπότου
1290 2081 1545 2153 Χριστοῦ.
1564 2080 1728 2135 Ὅθεν
1740 2081 1806 2152 δὴ
1825 2083 1919 2136 καὶ

609 2176 833 2240 δικαίως
877 2178 904 2228 ὁ
926 2176 1190 2246 μακάριος
1220 2175 1489 2245 ἐχρήσατο
1509 2172 1714 2244 Πέτρος
1748 2173 1920 2242 λέγων

354 2272 454 2335 ὅτι,
496 2290 515 2321 ι
536 2270 652 2323 Οὐκ
681 2266 1073 2338 ἐγκατελείφθη
1103 2269 1135 2339 η
1164 2265 1310 2337 ψυχὴ
1337 2263 1502 2320 αὐτοῦ
1530 2266 1609 2328 είς
1629 2264 1781 2339 ᾅδου,
1800 2266 1922 2325 οὐδὲ

362 2361 394 2431 ἡ
422 2358 552 2432 σὰρξ
570 2357 736 2413 αὑτοῦ
760 2354 867 2413 εἶδε
888 2356 1203 2428 διαφθοράν.
1234 2375 1255 2409 ι

427 2450 600 2504 Πολλὰ
628 2445 857 2503 τοιαῦτα
888 2447 1037 2520 εὕροι
1075 2465 1157 2511 τις
1189 2447 1276 2515 ἂν,
1320 2447 1357 2502 ἃ
1392 2446 1600 2519 μακρὸν
1627 2447 1803 2517 λέγειν
1830 2448 1924 2502 ἐπὶ

364 2540 449 2595 τοῦ
480 2542 762 2616 παρόντος,
788 2540 826 2598 ἃ
853 2541 1115 2612 πρότερον
1147 2539 1243 2611 μὲν
1280 2540 1655 2611 ὑπερϐολικῶς
1687 2539 1921 2607 ἰλέγετο,

368 2635 463 2687 οὐκ
487 2633 673 2705 ἔχοντα
695 2633 786 2687 τοῦ
808 2632 1098 2703 λεγομένου
1119 2633 1218 2705 τὴν
1246 2633 1502 2705 ἀλήθειαν
1530 2633 1751 2704 ἀκριϐῆ,
1777 2632 1925 2703 εὑρί-

376 2739 553 2779 σκεται
577 2725 634 2780 δὲ
661 2725 823 2788 οὕτως
851 2724 1065 2798 ἔχοντα,
1095 2723 1283 2795 ὥσπερ
1323 2720 1417 2780 οὖν
1442 2725 1677 2801 εἴρηται,
1710 2727 1801 2780 ἐπὶ
1826 2725 1921 2779 τοῦ

336 2868 347 2879 ,
378 2817 635 2873 Δεσπότου
662 2818 908 2888 Χριστοῦ.
954 2817 1174 2870 Τοιοῦτο
1220 2817 1284 2888 δή
1324 2834 1377 2871 τι
1424 2819 1519 2872 καὶ
1554 2817 1711 2872 τοῦτό
1754 2820 1920 2872 ἐστιν.

386 2909 441 2961 '0
464 2909 560 2979 μὲν
588 2909 691 2977 γὰρ
719 2910 846 2978 περὶ
875 2909 966 2963 τοῦ
993 2907 1296 2982 Ζοροϐάϐελ
1319 2909 1503 2979 ἔλεγεν
1532 2911 1595 2963 ὲκ
1617 2911 1716 2983 τῆς
1748 2910 1925 2964 διαδο-

365 3000 462 3075 χῆς
489 3000 581 3054 τοῦ
606 3000 767 3057 Δαυῖδ
797 3002 936 3055 κατὰ
962 3001 1183 3071 γνώμην
1195 3001 1329 3053 θεοῦ
1356 3001 1654 3071 ἡγουμένου
1678 3000 1787 3053 τῶν
1802 3002 1927 3055 Ἰουο

2010 707 2243 761 Domino
2295 713 2530 769 constat,
2584 704 2639 758 in
2692 719 2800 773 quo
2853 719 3047 773 reapse
3095 703 3344 758 benedici
3388 711 3583 774 gentes

2012 797 2265 866 contigit.
2294 795 2427 853 Tale
2461 803 2548 850 est
2570 795 2737 851 etiam
2768 794 2900 850 illud
2936 797 3097 849 beato
3126 794 3317 850 Davidi
3339 795 3579 850 dictum:

2018 910 2038 943 ι
2066 890 2323 946 Thronus
2347 889 2470 958 ejus
2492 890 2636 944 sicut
2662 887 2745 943 sol
2773 889 2826 943 in
2850 896 3150 957 conspectu
3186 902 3328 950 meo,
3352 897 3409 943 et
3437 889 3583 944 sicut

2014 983 2148 1035 luna
2200 979 2442 1051 perfecta
2497 979 2551 1034 in
2599 986 2887 1035 aeternum.
2944 978 3009 1031 Et
3045 993 3243 1050 ponam
3292 978 3350 1034 in
3407 993 3580 1035 siccu-

2004 1076 2130 1130 ‘lum
2181 1073 2367 1128 stimuli
2412 1087 2599 1127 semen
2649 1071 2805 1139 ejus,
2849 1079 2906 1125 et
2959 1070 3221 1125 thronum
3274 1071 3396 1139 ejus
3439 1071 3586 1126 sicut

2014 1166 2133 1220 dies
2177 1163 2392 1219 cmli“.
2435 1182 2456 1214 ι
2495 1161 2671 1218 Obvio
2711 1176 2845 1218 sane
2896 1176 3063 1219 sensu
3099 1162 3315 1216 videtur
3356 1176 3582 1217 succes-

2020 1267 2176 1309 sores
2222 1253 2439 1317 dicere,
2488 1254 2544 1329 in
2596 1252 2799 1322 quibus
2847 1268 3072 1323 regnum
3108 1260 3586 1324 perseveraturum

2018 1355 2177 1402 erat:
2209 1347 2305 1402 sed
2348 1355 2531 1405 tamen
2574 1347 2655 1400 rei
2704 1346 2906 1402 veritas
2979 1347 3034 1400 in
3088 1345 3309 1401 Christo
3357 1344 3588 1399 Domino

2021 1450 2263 1509 apparet,
2310 1439 2471 1509 cujus
2504 1455 2630 1494 vere
2664 1454 2892 1509 regnum
2926 1440 3039 1495 sole
3080 1438 3325 1508 quolibet
3354 1438 3592 1507 splendi—

2020 1532 2146 1585 dius
2159 1541 2266 1593 est,
2297 1539 2351 1585 et
2374 1530 2617 1599 quolibet
2643 1532 2783 1585 casio
2802 1532 3170 1584 constantius.
3201 1529 3333 1585 Tale
3357 1531 3593 1601 (lenique

2020 1632 2146 1676 est:
2180 1639 2200 1672 ι
2237 1620 2356 1674 Non
2407 1630 2489 1675 est
2541 1622 2800 1676 derelicta
2856 1623 3037 1677 anima
3080 1622 3201 1691 ejus
3252 1624 3305 1677 in
3353 1622 3591 1686 inferno,

2023 1727 2199 1780 neque
2247 1726 2380 1766 caro
2434 1713 2555 1780 ejus
2614 1712 2750 1766 vidit
2807 1714 3222 1783 corruptionem
3250 1714 3332 1780 “;
3376 1735 3392 1765 ι
3445 1714 3593 1784 quod

2022 1804 2370 1875 hyperbolice
2396 1804 2606 1858 dictum
2637 1817 2665 1856 ι
2697 1804 2858 1859 beato
2890 1803 3098 1861 Davide
3126 1806 3194 1861 de
3222 1807 3592 1863 lsraelitarum

2019 1897 2241 1969 populo,
2284 1896 2403 1966 ipsa
2451 1897 2529 1950 rei
2562 1905 2698 1950 acta
2742 1898 2971 1953 veritate
3008 1898 3064 1957 in
3112 1896 3334 1955 Christo
3361 1898 3592 1957 Domino

2020 1997 2376 2058 conspectum
2400 1994 2504 2043 est.
2538 1985 2721 2053 Quare
2761 1996 2815 2043 et
2861 1989 2966 2044 hoc
2991 1989 3142 2044 dicto
3187 2004 3320 2046 usus
3351 1999 3438 2046 est
3468 1991 3594 2060 jure

2022 2082 2329 2151 meritoque
2369 2079 2565 2135 beatus
2607 2078 2805 2135 Petrus
2843 2079 3034 2138 dicens
3070 2099 3090 2133 ι
3127 2080 3249 2137 Non
3284 2080 3459 2137 fuisse
3496 2082 3593 2139 de—

2024 2178 2268 2234 relictam
2318 2178 2556 2233 animam
2602 2177 2723 2248 ejus
2754 2179 2808 2232 in
2857 2178 3095 2245 inferno,
3144 2194 3323 2251 neque
3369 2193 3594 2243 carnem

2023 2269 2144 2338 ejus
2166 2268 2372 2324 vidisse
2399 2259 2896 2343 corruptionem“.
2930 2286 2949 2320 ι

2098 2467 2263 2521 Multa
2313 2467 2628 2537 hujusmodi
2660 2469 2966 2540 comperire
3017 2470 3167 2532 licet,
3196 2484 3320 2540 qua:
3363 2486 3419 2527 in
3456 2485 3598 2540 prm-

2026 2560 2167 2617 senti
2214 2574 2539 2630 percensere
2574 2560 2797 2632 longum
2847 2570 3026 2630 esset;
3075 2576 3197 2630 quae
3245 2562 3390 2619 dicta
3442 2560 3600 2616 {uere

2026 2650 2399 2722 hyperbolice,
2431 2652 2694 2721 quoniam
2737 2651 2900 2706 dictae
2940 2653 3015 2707 rei
3051 2652 3335 2707 veritatem
3371 2666 3601 2707 secura.

2026 2751 2137 2797 tam
2182 2759 2291 2798 non
2334 2743 2651 2811 continent;
2694 2743 2790 2797 sed
2836 2753 3016 2797 tamen
3054 2758 3245 2812 reapse
3294 2744 3367 2797 ita
3404 2757 3462 2798 se
3501 2744 3601 2797 lia-

2026 2834 2180 2899 bent,
2229 2844 2289 2889 ut
2327 2835 2591 2899 diximus,
2640 2835 2695 2890 in
2745 2834 2967 2891 Christo
3015 2832 3266 2889 Dornino.
3304 2832 3457 2889 Talis
3515 2843 3602 2895 est

2025 2927 2138 2989 hic.
2183 2928 2250 2983 de
2280 2943 2390 2998 quo
2435 2927 2668 2998 agimus,
2719 2927 2894 2981 locus.
2945 2925 3213 2995 Propheta
3262 2924 3480 2993 quidem
3532 2927 3602 2981 do

2028 3019 2362 3079 Zorobabele
2422 3020 2661 3085 dicebat,
2723 3019 2946 3074 homine
3002 3017 3068 3075 de
3125 3021 3295 3091 stirpe
3352 3018 3599 3081 Davidis.

360 3087 535 3153 δαίων,
553 3090 706 3160 ὤφθη
727 3090 784 3144 δὲ
812 3089 875 3141 τὸ
898 3091 1129 3161 πρᾶγμα
1149 3090 1541 3161 ἀναντίρρητον
1566 3090 1686 3161 ἔχον
1713 3090 1807 3149 ἐπὶ
1830 3089 1923 3143 τοῦ

2028 3110 2122 3164 Del
2148 3113 2427 3166 voluntate
2481 3111 2792 3167 Judaeorum
2856 3113 3030 3176 duce;
3085 3112 3181 3168 sed
3229 3087 3325 3169 res
3376 3113 3603 3173 demum

360 3179 622 3237 Δεσπότου
652 3177 890 3250 Χριστοῦ
932 3181 1030 3249 τὴν
1062 3177 1351 3248 ἀλήθειαν·
1383 3179 1479 3233 τοῦ
1513 3179 1612 3250 μὲν
1644 3179 1748 3250 γὰρ
1771 3182 1863 3233 καὶ
1891 3183 1924 3251 ἡ

354 3268 494 3322 κατά
526 3267 633 3321 τῶν
662 3267 831 3321 ἐθνῶν
868 3268 1106 3341 τιμωρία
1152 3270 1343 3342 μικρὰ,
1368 3270 1445 3339 (p.
1479 3270 1607 3336 497)
1630 3272 1722 3326 καὶ
1757 3272 1789 3341 ή
1818 3270 1926 3323 τῶν

356 3358 568 3415 οἰκείων
587 3356 830 3428 σωτηρία
850 3356 1070 3428 εὐτελής
1087 3372 1101 3387 ο
1125 3357 1247 3411 ὃθεν
1268 3358 1363 3410 καὶ
1386 3357 1689 3422 ἀκολούθως
1710 3360 1923 3427 ἐπάγει,

354 3450 459 3508 ὅτι(
481 3445 1123 3519 ἐξολοθρεύσειᾶρματα
1142 3447 1202 3511 ἐξ
1234 3448 1472 3519 Ἐφραίμ
1530 3452 1623 3503 καὶ
1672 3450 1836 3503 ἵππον
1868 3452 1926 3519 ἐξ

364 3541 744 3613 Ἰερουσαλὴμ,
768 3547 1011 3614 »δεικνὺς
1031 3542 1112 3594 ὅτι
1141 3542 1278 3613 πρὸς
1314 3541 1473 3595 τοῦτο
1505 3543 1688 3605 αὐτοῖς
1718 3541 1928 3612 συμϐα-

349 3633 519 3690 λεῖται
556 3636 616 3688 τὸ
642 3636 752 3691 τῶν
782 3636 1031 3705 πολέμων
1054 3637 1248 3699 αὐτοὺς
1269 3636 1648 3691 ἀπαλλάττειν.
1694 3634 1927 3707 Ἀληθὴς

347 3724 457 3795 atq
498 3728 662 3797 φωνὴ
691 3727 932 3796 πέφηνεν
981 3726 1074 3779 ἐπὶ
1118 3726 1212 3779 τοῦ
1237 3727 1505 3781 Δεσπύτου
1536 3726 1794 3797 Χριστοῦ,
1840 3726 1925 3794 ἐφ’

342 3807 513 3887 οὗπερ
541 3812 711 3880 ὅντως
738 3816 912 3873 ἔνεστι
945 3815 1154 3888 χαίρειν
1180 3817 1407 3887 νόμιμόν
1434 3834 1495 3870 τε
1528 3818 1699 3889 χαρὰν
1727 3818 1821 3869 καὶ
1851 3816 1928 3869 δι-

341 3907 541 3976 ηνεκῆ’
575 3906 634 3970 ὃς
657 3906 826 3969 ὅντως
847 3905 1051 3970 δίκαιός
1077 3907 1243 3969 ἐστιν,
1276 3909 1371 3960 ἅτε
1405 3905 1542 3978 μετὰ
1563 3906 1752 3961 τούτου
1779 3907 1927 3978 πάσῃ

340 3996 557 4067 κρίνων
581 3997 648 4067 τῇ
673 3997 964 4068 οίκουμένῃ
992 3998 1087 4051 λαὶ
1105 3996 1293 4062 ὅντως,
1328 3999 1356 4052 ὅ
1394 4015 1457 4067 γε
1489 4000 1696 4062 πάντας
1722 3999 1783 4063 ἐξ
1822 4000 1927 4053 ὰπ-

341 4085 535 4151 ωλείας
578 4087 665 4149 είς
693 4087 964 4157 σωτηρίαν
1009 4088 1265 4158 μεθιστὰς
1292 4089 1514 4159 διηνεκῆ
1555 4090 1649 4143 καὶ
1682 4089 1922 4160 βεϐαίαν.
1994 4100 1997 4101 ⁷

355 4176 630 4233 Ἐνταῦθα
643 4171 739 4232 οὖν
757 4176 972 4249 εἴρηται
998 4195 1064 4231 πε
1074 4180 1125 4250 pl.
1153 4178 1241 4236 τοῦ
1264 4178 1564 4251 Ζοροϐάϐελ
1585 4190 1927 4252 συμμετρου-

346 4263 513 4337 μένης
547 4267 659 4336 τῆς
702 4266 884 4337 φωνῆς
914 4265 992 4338 τερ
1018 4268 1101 4336 ἐφ’
1135 4261 1306 4340 οὗπερ
1336 4270 1553 4338 λέγεται
1588 4271 1655 4325 τὸ.
1683 4289 1927 4343 γεγραμς-

2027 3203 2278 3259 evidente
2306 3204 2539 3260 veritate
2579 3205 2757 3274 patuit
2807 3205 2863 3259 in
2912 3205 3131 3261 Christo
3165 3203 3416 3260 Domino.
3462 3203 3601 3263 Nam

2028 3291 2328 3351 Zorobabel
2360 3294 2588 3365 exiguas
2642 3294 2711 3350 de
2748 3296 3004 3365 gentibus
3029 3309 3222 3365 pinnas
3253 3295 3511 3363 sumpsit,
3546 3305 3603 3349 ct

2026 3383 2186 3455 333
2214 3400 2439 3441 suorum
2477 3393 2694 3441 tenuem
2739 3386 2970 3441 salutem
3000 3386 3266 3456 patravit;
3300 3383 3445 3443 unde
3473 3400 3597 3446 mox

2028 3476 2216 3530 addit:
2257 3495 2275 3528 ι
2305 3476 2503 3531 Perdet
2532 3490 2728 3531 currus
2772 3491 2836 3530 ex
2878 3475 3169 3545 Ephraimo
3201 3486 3256 3529 et
3295 3488 3495 3544 equum
3531 3489 3599 3529 ex

2030 3566 2405 3632 Hierusalem;
2443 3586 2463 3620 ›
2498 3565 2795 3621 ostendens
2835 3564 2954 3619 fore
2983 3572 3043 3619 ut
3087 3566 3172 3620 his
3212 3566 3354 3619 actis
3384 3565 3601 3619 contin-

2028 3669 2118 3728 gat
2166 3659 2272 3711 illis
2314 3657 2455 3711 bello
2499 3657 2743 3712 liberari.
2775 3654 2955 3710 Verax
2991 3666 3173 3715 autem
3226 3657 3394 3712 dictio
3432 3672 3602 3727 appa-

2030 3744 2140 3794 ruit
2181 3742 2234 3795 in
2266 3740 2489 3794 Christo
2528 3739 2779 3806 Domino,
2838 3741 2893 3794 in
2935 3756 3044 3811 quo
3092 3757 3219 3796 vere
3263 3743 3391 3798 licet
3423 3747 3601 3803 laetari

2028 3841 2315 3885 constante
2343 3839 2715 3902 perpetuaque
2758 3832 2964 3887 laetitia.
2998 3831 3048 3890 is
3079 3833 3226 3888 enim
3262 3851 3392 3891 vere
3411 3846 3600 3906 jllSllll

2028 3932 2133 3987 est,
2156 3925 2356 3994 quippe
2382 3924 2475 3993 qui
2503 3920 2821 3980 universum
2844 3926 3105 3980 mundum
3118 3929 3349 4000 judicat;
3365 3944 3600 4000 vereque

2029 4017 2240 4079 salvat,
2294 4014 2736 4086 quandoquidem
2792 4031 2985 4072 omnes
3042 4033 3110 4074 ex
3164 4020 3473 4091 perditione
3527 4024 3600 4079 ad

2028 4105 2261 4161 salutem
2318 4106 2604 4161 transtulit
2662 4106 2872 4161 lirmam
2920 4114 3085 4180 atque
3127 4124 3441 4179 perennem.
3497 4111 3601 4168 Hic

2028 4196 2197 4268 igitur
2225 4196 2291 4254 (le
2321 4196 2655 4255 Zorobabele
2699 4213 2880 4253 sermo
2910 4207 3017 4265 est,
3049 4210 3329 4261 coarctata
3358 4204 3599 4263 dictione

2028 4288 2097 4341 ad
2153 4289 2305 4342 illum
2349 4288 2416 4344 de
2464 4305 2574 4357 quo
2630 4291 2911 4359 Scriptura
2968 4290 3231 4363 loquitur.
3282 4293 3486 4353 Verum
3536 4300 3592 4353 in

345 4356 477 4423 μένα
504 4375 516 4387 ·
553 4361 619 4418 ὲν
642 4357 701 4410 δὲ
725 4360 840 4421 τοῖς
860 4358 1211 4427 Εὑαγγελίοις
1238 4362 1329 4414 ἐπὶ
1351 4362 1440 4414 τὸν
1464 4364 1738 4433 Δεσπότην
1761 4359 1924 4434 ἦκται

2032 4377 2339 4448 Evangeliis
2379 4377 2445 4431 ad
2482 4356 2769 4435 Christum
2809 4356 3096 4439 Dominum
3146 4385 3382 4441 trahitur
3398 4389 3470 4453 0‘;
3503 4390 3598 4459 qui

340 4449 602 4517 Χριστὸν,
636 4453 697 4513 ὃς
727 4449 816 4504 διὰ
842 4449 1056 4507 πάντων
1090 4445 1289 4515 ὦπται,
1334 4454 1426 4507 καὶ
1461 4455 1632 4523 μέγας
1663 4456 1754 4509 καὶ
1786 4456 1921 4525 ὑψηο

2030 4484 2127 4539 per
2153 4468 2335 4523 omnia
2365 4467 2518 4525 visus
2567 4481 2651 4525 est
2694 4485 2947 4541 magnus.
2989 4476 3260 4539 excelsus,
3292 4477 3499 4546 justus,
3520 4445 3599 4532 ‘ac

340 4539 426 4603 λδις
455 4543 551 4601 καὶ
572 4542 791 4619 δίκαιος
818 4543 913 4596 καὶ
950 4543 1136 4608 σώζων
1171 4545 1266 4598 καὶ
1316 4544 1573 4614 μονίμους
1603 4545 1701 4608 τὰς
1718 4546 1924 4611 οἰκείας

338 4633 600 4702 παρέχων
646 4632 984 4703 εὐεργεσίας,
1016 4634 1386 4703 ἀμεταθέτους
1426 4652 1485 4687 τε
1516 4635 1793 4699 παντελῶς
1831 4638 1925 4689 καὶ

345 4723 659 4794 μεταϐολὴν
678 4722 937 4793 οὐδεμίαν
981 4724 1231 4789 δέξασθαι
1270 4725 1590 4795 δυναμένας.
1629 4725 1798 4778 Τοῦτο
1827 4727 1927 4795 μὲν

340 4813 431 4869 οὖν
458 4818 895 4877 ἀκολουθότατόν
924 4837 982 4873 τε
1006 4821 1096 4874 καὶ
1120 4823 1328 4892 πρέπον
1351 4823 1444 4878 καὶ
1465 4822 1641 4890 λέγειν
1657 4824 1748 4875 καὶ
1766 4827 1924 4878 νοεῖν.

342 4908 412 4964 Τὸ
438 4910 496 4963 δὲ
530 4911 709 4982 μέρος
748 4910 846 4980 μὲν
869 4913 1031 4967 αὐτοῦ
1063 4912 1241 4982 λέγειν
1262 4915 1510 4987 εἰρῆσθαι
1540 4917 1668 4985 περὶ
1692 4915 1783 4968 τοῦ
1804 4918 1928 4985 Χρι-

341 5000 498 5063 στοῦ,
536 5001 837 5063 κατιόντας
878 5002 935 5055 δὲ
970 5004 1321 5073 μεθίστασθαι
1360 5007 1453 5059 ἐπὶ
1481 5006 1572 5060 τὸν
1603 5006 1922 5077 Ζοροϐάϐελ,

340 5090 431 5141 καὶ
453 5092 625 5146 πάλιν
656 5093 752 5146 ἐπὶ
788 5092 879 5146 τὸν
899 5094 1131 5166 Χριστὸν
1156 5098 1249 5150 ἀπ’
1270 5099 1498 5163 ἐκείνου,
1522 5101 1612 5152 καὶ
1633 5099 1796 5153 πάλιν
1832 5099 1925 5151 ἐπὶ

338 5177 428 5232 τὸν
443 5180 763 5252 Ζοροϐάϐελ
787 5183 895 5240 ἀπὸ
927 5183 1020 5237 τοῦ
1046 5187 1314 5240 Δεσπότου
1344 5186 1597 5260 Χριστοῦ,
1634 5189 1787 5242 οὐθὲν
1812 5188 1926 5241 ἓτε-

342 5268 431 5341 ρόν
462 5272 644 5336 ἐστιν,
679 5272 713 5343 ἢ
766 5275 981 5343 πρῶτον
1026 5277 1125 5346 μὲν
1161 5278 1444 5333 ἀλλόκοτον
1480 5279 1798 5332 δεικνύντων
1829 5280 1924 5353 τὴν

341 5363 709 5433 προφητείαν,
745 5360 862 5420 εἶτα
905 5365 1001 5431 τὰς
1045 5368 1226 5435 φωνὰς
1276 5368 1374 5431 τὰς
1411 5369 1686 5439 γραφικὰς
1718 5368 1777 5434 ἐξ
1809 5370 1922 5422 {eos

348 5452 707 5522 μεριζόντων,
738 5457 819 5519 είς
853 5474 912 5511 τε
952 5459 1045 5511 τὸν
1099 5460 1312 5530 οἰκέτην
1346 5462 1438 5513 καὶ
1480 5461 1571 5513 τὸν
1606 5462 1879 5531 Δεσπότην
1907 5478 1918 5492 ⁸

343 5540 465 5599 ἐπεὶ
492 5547 593 5601 καὶ
618 5548 685 5600 τὸ
709 5547 888 5617 λέγειν
932 5550 1011 5613 εἰς
1038 5550 1308 5616 ἀπόδειξιν
1335 5551 1431 5604 τοῦ
1463 5552 1536 5619 μὴ
1569 5549 1646 5620 τῷ
1686 5550 1921 5619 Ζοροϐά-

2030 4560 2288 4623 salvator,
2321 4559 2536 4614 stabilia
2571 4575 2671 4617 sua
2695 4562 2944 4631 praebens
2978 4563 3266 4630 beneﬁcia,
3299 4568 3600 4625 immobilia

2028 4664 2256 4721 prorsus
2288 4659 2342 4704 et
2375 4651 2510 4704 nulli
2543 4653 2834 4706 mutationi
2888 4653 3148 4709 obnoxia.
3188 4654 3301 4723 Sic,
3347 4658 3598 4731 inquam,

2031 4742 2264 4797 maxime
2295 4750 2719 4797 consentaneum
2751 4752 2833 4799 est
2868 4752 2921 4799 et
2953 4745 3101 4815 loqui
3144 4754 3199 4801 et
3225 4748 3493 4818 cogitare.
3528 4753 3599 4804 At

2032 4843 2162 4883 vero
2192 4835 2403 4897 partem
2444 4830 2662 4902 quidem
2692 4833 2938 4890 vaticinii
2967 4833 3235 4891 aﬂirmare
3277 4837 3346 4893 de
3378 4838 3599 4894 Christo

2030 4920 2222 4989 loqui;
2271 4928 2327 4974 et
2378 4936 2504 4976 mox
2542 4922 2940 4993 progrediendo
2990 4924 3295 4982 transferre
3328 4928 3395 4982 ad
3429 4927 3601 4985 Zoro-

2028 5009 2308 5076 babclem;
2341 5026 2645 5083 rursusque
2675 5015 2743 5068 ab
2767 5015 2871 5070 hoc
2893 5016 2959 5069 ad
2984 5016 3261 5074 Christum
3285 5059 3302 5084 ,
3333 5031 3386 5076 et
3415 5020 3599 5077 denuo

2029 5099 2097 5153 ad
2127 5098 2524 5157 Zorobabelem
2555 5119 2585 5157 a
2614 5104 2833 5160 Christo
2864 5105 3128 5176 Domino;
3156 5110 3294 5164 nihil
3330 5122 3414 5168 est
3450 5114 3598 5171 aliud

2027 5206 2191 5261 quam
2224 5192 2404 5261 primo
2432 5194 2652 5262 quidem
2698 5196 2990 5251 absurdam
3028 5201 3318 5258 ostendere
3360 5206 3599 5274 prophe-

2030 5283 2196 5347 tiam;
2245 5281 2441 5339 deinde
2472 5285 2771 5355 Scriptura:
2820 5289 3086 5343 vocabula
3136 5292 3308 5360 aequis
3353 5295 3597 5362 partibus

2030 5374 2357 5430 distribuere
2394 5376 2534 5431 inter
2568 5392 2784 5431 servum
2817 5394 2880 5433 ac
2913 5379 3212 5437 dominum.
3269 5383 3515 5456 Namque
3541 5396 3599 5444 et

2031 5464 2231 5527 dicere,
2287 5466 2355 5518 ob
2406 5467 2887 5523 demonstrandum
2941 5487 3049 5525 non
3104 5478 3396 5534 convenire
3448 5478 3598 5543 dicta

2031 5552 2374 5617 Zorobabeli,
2414 5557 2614 5621 dicere,
2651 5559 2895 5629 inquam,
2930 5564 3071 5632 apud
3107 5567 3426 5637 prophetam
3465 5569 3593 5649 legi,

416 5680 463 5719 “
495 5682 640 5746 Gen.
682 5703 790 5759 xvi,
828 5689 890 5750 4.
960 5691 1006 5724 ⁸³
1044 5690 1187 5749 Psal.
1228 5708 1491 5761 tum",
1531 5693 1619 5749 '58.
1697 5695 1738 5726 ”
1778 5692 1921 5749 Psal.

2024 5712 2046 5765 η,
2091 5695 2173 5751 lo.
2252 5697 2296 5729 "
2336 5702 2453 5751 Act.
2500 5713 2557 5764 ιι,
2605 5699 2692 5758 51.
2770 5702 2817 5734 ⁵⁸
2853 5702 3009 5760 Ioan.
3055 5720 3156 5773 xu,
3193 5706 3279 5770 15.
