4022 6138
309 335 442 392 $59

1509 325 1859 386 TllEODORl
1901 321 2386 382 MOPSUESTENI

3476 324 3580 380 560

344 465 366 498 ι
399 445 686 507 Adventat,
747 462 765 496 ι
801 457 923 497 cum
970 449 1146 496 tamen
1188 440 1302 510 jam
1359 441 1428 496 de
1462 444 1775 510 captivitate
1821 459 1904 496 re-

2014 440 2104 493 ϐελ
2133 441 2427 511 προσήκειν
2445 443 2510 498 τὰ
2530 443 2806 514 εἰρημένα,
2830 443 2911 498 ὅτι
2929 459 2946 490 ι
2968 439 3181 513 ἔρχεται
3206 463 3226 497 ι
3242 441 3271 496 ό
3298 439 3582 512 προφήτης

337 539 529 593 diisset
559 551 681 591 cum
719 536 946 604 reliquis
974 532 1300 596 Zorobabel,
1339 535 1441 589 hoc
1477 537 1612 589 satis
1651 534 1905 605 frigidum

340 625 784 694 superﬂuumque
813 631 920 688 est,
948 632 1002 678 et
1034 623 1273 678 hominis
1304 623 1616 678 divinarum
1665 622 1907 694 Scriptu-

308 751 316 760 κ
339 733 521 771 rarum
555 718 626 770 im
637 715 816 784 periti.

405 807 564 861 Certe
610 814 664 860 et
701 806 829 859 illud
862 823 874 858 :
908 821 927 856 ι
967 803 1252 875 Tanquam
1295 807 1412 862 ovis
1465 808 1530 859 ad
1575 807 1903 862 occisionem

305 906 533 951 ruoctus
560 906 644 950 est
666 896 731 958 ⁸⁷,
766 914 784 946 ι
821 910 930 949 non
954 903 1211 964 tanquam
1234 895 1500 960 futurum,
1531 895 1623 950 sed
1646 905 1905 966 tanquam

329 991 670 1062 praeteritum
699 987 922 1042 ellertur
954 1004 968 1040 :
1001 1001 1108 1040 non
1147 988 1291 1041 enim
1323 988 1476 1052 dixit,
1513 988 1762 1048 ducetur.
1788 986 1903 1052 sed,

344 1099 362 1131 ι
393 1082 590 1136 ductus
649 1086 734 1134 est
775 1097 787 1131 :
827 1098 846 1131 ι
905 1094 1077 1150 quare
1137 1095 1204 1133 ne
1253 1079 1356 1133 hoc
1398 1079 1618 1148 quidem
1682 1079 1906 1134 Christo

339 1171 570 1226 Domino
609 1169 922 1241 quadraret,
954 1170 1112 1240 juxta
1141 1170 1675 1240 sapientissimorum
1708 1171 1901 1226 horum

316 1262 712 1327 ratiocinium,
763 1276 902 1330 quos
950 1261 1134 1330 potius
1195 1260 1337 1315 scire
1387 1267 1663 1330 oporteret
1705 1268 1908 1329 tenipo-

318 1368 461 1406 -rum
491 1352 695 1404 variam
727 1351 1012 1422 enallagen
1057 1348 1202 1419 apud
1233 1349 1474 1403 divinam
1525 1351 1903 1418 Scripturam;

338 1442 482 1512 quod
518 1457 618 1496 nos
648 1442 868 1511 cepiose
897 1441 1138 1511 satisque
1182 1443 1234 1494 in
1283 1439 1624 1495 Psalmorum
1665 1456 1728 1496 ac
1774 1440 1908 1494 Pro-

339 1534 625 1602 phetarum
660 1529 1300 1602 interpretatione335
1323 1531 1632 1585 docuimus.
1675 1530 1786 1586 Hoc
1813 1547 1908 1584 au-

336 1634 446 1676 tem
466 1621 601 1675 .loco
632 1637 700 1674 ne
727 1635 860 1674 usus
889 1619 1109 1689 quidem
1142 1621 1422 1683 dictionis,
1454 1621 1499 1674 si
1534 1622 1657 1690 quis
1687 1627 1806 1674 eam
1840 1621 1908 1675 ad

338 1729 587 1767 normam
611 1712 892 1782 temporis
931 1713 1140 1781 exigat,
1167 1711 1373 1766 Christi
1407 1711 1621 1766 Domini
1647 1713 1903 1767 adventui

337 1803 626 1874 congruit;
679 1777 765 1856 hic
791 1802 936 1855 enim
986 1777 1110 1869 post
1154 1800 1385 1855 multum
1436 1809 1650 1870 tempus
1689 1801 1904 1855 futurus
1939 1777 1979 1831 Β

337 1902 488 1958 erat;
523 1901 578 1946 at
608 1897 869 1962 propheta
901 1907 1007 1944 non
1033 1892 1126 1956 ait,
1146 1888 1351 1954 Aderit,
1378 1891 1525 1961 quod
1549 1892 1616 1946 de
1643 1908 1702 1947 re
1725 1891 1908 1946 futura

337 1986 445 2039 dici
494 1983 802 2053 oportebat,
846 1981 962 2047 sed,
998 2000 1015 2032 ι
1057 1981 1344 2043 Adventat,
1384 2000 1405 2034 ι
1437 1983 1580 2052 quod
1628 1981 1697 2036 de
1747 1985 1909 2038 rebus

339 2076 694 2140 instantibus,
735 2083 789 2129 et
829 2088 950 2144 qua!
1009 2074 1154 2128 illico
1204 2074 1361 2137 tiuut,
1401 2073 1509 2128 dici
1560 2075 1718 2129 solet.
1765 2073 1910 2129 Sane

336 2168 493 2236 juxta
526 2168 718 2220 horum
754 2165 1146 2235 interpretandi
1175 2166 1461 2228 rationem,
1499 2166 1656 2235 plura
1691 2181 1910 2236 quoque

339 2260 447 2312 alia
493 2258 839 2312 invenientur
885 2270 1226 2324 supervacue
1255 2256 1396 2325 apud
1443 2258 1762 2326 prophetam
1813 2271 1910 2324 po-

341 2354 446 2406 sita
473 2369 489 2406 :
519 2351 646 2421 quia
675 2349 803 2405 Jesu
836 2364 1054 2419 quoque
1093 2364 1240 2403 nunc
1272 2348 1487 2402 detrahi
1523 2349 1658 2403 dicit
1687 2349 1910 2404 sordida

337 2445 687 2505 vestimenta,
723 2457 842 2513 qua:
883 2441 1216 2510 captivitatis
1257 2439 1456 2494 indicia
1495 2449 1688 2506 erant;
1736 2456 1912 2510 quan-

331 2550 506 2603 quam
528 2533 868 2602 exploratum
895 2539 979 2586 est
1010 2531 1187 2598 ipsum
1212 2529 1417 2597 pariter
1434 2544 1558 2581 cum
1578 2526 1912 2584 Zorobabcle

338 2621 452 2691 jam
506 2621 759 2685 rediisse,
814 2619 1128 2688 captivitate
1177 2619 1429 2679 liberum,
1474 2625 1531 2671 et
1586 2617 1910 2672 sacerdotali

337 2711 530 2766 habitu
584 2710 856 2764 indutum.
905 2709 1272 2776 Quamobrem
1304 2718 1357 2763 et
1392 2708 1607 2762 beatum
1655 2707 1910 2778 Aggmum

341 2807 665 2876 prophetam
698 2806 1063 2859 communiter
1093 2813 1204 2857 tum
1235 2801 1582 2864 Zorobabcli,
1619 2809 1728 2854 tum
1759 2798 1910 2865 Jesu,

341 2898 523 2954 dicere
588 2904 812 2966 apparet
876 2895 1281 2964 suscipiendam
1339 2908 1463 2949 esse
1520 2893 1704 2962 templi
1748 2891 1914 2946 aedili-

342 2988 504 3041 candi
545 3002 770 3052 curam;
803 2999 1085 3054 poenaeque
1127 2999 1435 3039 mensuram
1475 2999 1620 3038 nunc
1652 2985 1910 3045 ablatam,

342 3093 452 3133 una
495 3093 617 3131 cum
651 3075 870 3130 lsraelis
913 3083 1157 3144 peccato,
1195 3075 1270 3128 ait
1309 3073 1636 3144 Babylooem
1673 3075 1904 3128 transla-

343 3175 477 3218 tam.
524 3165 774 3218 Attamen
821 3164 933 3233 jam
974 3163 1148 3231 Cyrus
1185 3163 1472 3218 Persarum
1503 3177 1593 3217 rex
1636 3162 1703 3217 de
1745 3163 1910 3232 capti-

345 3255 514 3305 vitate
562 3251 818 3320 populum
859 3249 1139 3312 emiserat,
1189 3249 1627 3322 Babylonemque
1661 3258 1911 3305 vastave-

333 3348 450 3395 rat.
484 3339 655 3394 Porro
689 3347 908 3394 constat
949 3339 1055 3392 dici
1106 3340 1219 3393 lucc
1258 3353 1287 3392 a
1336 3339 1600 3409 propheta
1651 3345 1912 3408 regnante

329 3430 526 3493 'ﬂario,
561 3429 654 3500 qui
689 3428 790 3483 fuit
832 3439 1062 3498 quartus
1091 3443 1120 3481 a
1153 3427 1317 3499 Cyro.
1353 3428 1534 3493 Quare
1566 3428 1911 3496 intempesti-

343 3537 470 3576 vum
509 3521 723 3587 fuisset,
750 3521 906 3590 juxta
954 3523 1079 3575 talis
1105 3521 1385 3575 sententiae
1421 3527 1694 3585 auctores,
1732 3520 1914 3574 dicere

348 3630 491 3668 nunc
535 3613 669 3676 ﬁeri,
708 3626 829 3682 qua:
876 3611 1002 3664 olim
1039 3620 1092 3666 et
1124 3612 1295 3664 multo
1340 3620 1583 3680 tempore
1626 3617 1751 3663 ante
1791 3624 1915 3664 eve-

348 3711 559 3760 nerant.
587 3702 695 3758 Sed
725 3705 868 3758 enim
906 3705 1256 3773 perspicuum
1287 3711 1369 3756 est
1409 3717 1500 3755 res
1541 3701 1759 3770 quidem
1791 3700 1914 3755 illas

342 3796 454 3864 jam
483 3795 749 3858 evenisse,
787 3795 1103 3864 prophetam
1150 3808 1276 3848 vero
1310 3793 1640 3846 revelatione
1677 3792 1916 3846 illustra-

315 3896 460 3940 'tum
505 3886 720 3941 easdem
764 3901 907 3940 nunc
945 3899 1274 3953 cognoscere
1320 3891 1568 3952 peractas
1601 3882 1769 3938 fuisse
1805 3902 1816 3936 :
1856 3890 1916 3936 ut

346 3976 426 4028 sic
466 3976 758 4029 universus
804 3977 1036 4044 pepulus
1083 3975 1283 4029 certior
1327 3974 1498 4037 fieret,
1544 3974 1679 4027 nihil
1726 3988 1915 4027 eorum

344 4078 468 4133 quae
501 4071 618 4116 acta
653 4064 887 4129 fuerant,
934 4079 1062 4118 casu
1103 4065 1184 4118 vel
1216 4079 1316 4134 per
1341 4079 1399 4118 se
1449 4065 1764 4133 contigisse,
1821 4065 1917 4118 sed

329 4154 531 4206 divina
576 4155 853 4208 voluntate
894 4169 954 4209 ac
997 4156 1216 4210 decreto
1259 4162 1570 4224 comparata
1608 4169 1728 4209 esse
1770 4172 1918 4225 qua:-

347 4261 566 4316 cuuque
607 4246 742 4316 ipsis
793 4247 1102 4302 acciderant
1141 4247 1303 4301 bona.
1359 4245 1722 4312 Quamobrem
1774 4247 1917 4301 haud

351 4332 651 4390 absurdum
672 4343 777 4398 est,
809 4351 953 4390 nunc
975 4338 1140 4391 etiam
1171 4336 1236 4392 de.
1261 4337 1443 4408 populi
1472 4337 1672 4392 futuris
1697 4338 1918 4393 casibus

2013 526 2136 596 ἔφη,
2158 528 2330 580 καίτοι
2353 543 2415 595 γε
2441 528 2607 581 πάλαι
2627 529 2718 582 τοῦ
2737 529 3037 602 Ζοροϐάϐελ
3055 531 3163 584 ἀπὸ
3185 531 3283 601 τῆς
3304 531 3581 600 αἰχμαλω-

2012 619 2132 682 σίας
2157 619 2292 688 μετὰ
2313 618 2419 672 τῶν
2439 619 2638 674 λοιπῶν
2652 621 3126 692 ἐπανεληλυθότος,
3147 623 3366 693 (p.198)
3390 623 3582 694 ψυχρο-

2009 709 2193 777 λογίας
2209 709 2324 763 ἐστὶ
2352 712 2611 782 περιττῆς
2638 711 2730 766 καὶ
2750 713 2998 782 ἀπειρίας
3025 713 3133 766 τῶν
3151 714 3308 768 θείων
3328 713 3582 784 Γραφῶν.

2079 801 2152 853 Τὸ
2177 801 2324 869 γοῦν,
2367 821 2385 853 ι
2439 803 2525 865 Ὠς
2569 803 2839 874 πρόϐατον
2865 805 2958 856 ἐπὶ
2986 805 3202 875 σφαγὴν
3229 803 3371 875 ἤχθη
3388 845 3403 864 ,
3438 823 3457 854 ι
3484 805 3588 873 οὐχ

2007 891 2197 963 ῶσπερ
2249 894 2554 961 μέλλοντος,
2597 894 2673 958 ὡς
2705 896 3120 965 περιγεγονότος
3147 896 3204 948 δὲ
3256 896 3357 966 ἤδη
3391 895 3540 963 λέγει
3567 911 3584 924 ο

2007 983 2067 1034 οὐ
2100 981 2208 1051 γὰρ
2247 982 2562 1053 Ἀχθήσεται
2595 980 2765 1050 εἶπεν,
2827 983 2942 1038 ἀλλ’
2990 987 3206 1054 Ἦχθηο
3241 985 3334 1048 ’ὼς
3395 986 3496 1038 οὐκ
3519 985 3593 1038 ἂν

2009 1075 2298 1146 ἀρμόσειεν
2345 1077 2463 1128 οὐδὲ
2490 1075 2648 1128 τοῦτο
2673 1075 2754 1146 τῷ
2786 1076 3028 1148 Δεσπότῃ
3058 1075 3278 1147 Χριστῷ
3322 1078 3462 1131 κατὰ
3491 1075 3593 1128 νὺν

2007 1163 2116 1215 τῶν
2151 1165 2476 1231 σοφωτάτων
2507 1163 2682 1231 λόγον,
2703 1162 2797 1227 οὓς
2821 1165 2990 1236 ἐχρῆν
3016 1165 3211 1218 εἰδέναι
3234 1163 3342 1218 τῶν
3374 1164 3594 1234 χρόνων

2007 1254 2106 1325 τὴν
2157 1254 2456 1326 ἐναλλαγὴν
2497 1256 2748 1325 ποικίλην
2779 1251 2945 1309 οὖσαν
2987 1256 3078 1309 ἐπὶ
3117 1257 3214 1325 τῆς
3261 1255 3408 1317 θείας
3439 1254 3590 1325 Γρα-

2010 1348 2135 1417 φῆς,
2161 1349 2296 1418 ὅπερ
2323 1343 2416 1400 οὖν
2451 1348 2538 1401 διὰ
2569 1348 2778 1401 πολλῶν
2807 1350 2968 1419 ἡμεῖς
2996 1349 3053 1401 ὲν
3090 1351 3155 1420 τῇ
3190 1347 3299 1400 τῶν
3336 1346 3593 1416 Ψαλμῶν

2009 1439 2295 1510 ἑρμηνείᾳ,
2329 1440 2421 1492 καὶ
2457 1441 2548 1492 ἐπὶ
2588 1440 2695 1493 τῶν
2729 1440 3020 1511 προφητῶν
3061 1440 3342 1509 ἐδείξαμεν
3383 1438 3598 1508 αὐτάρ·

2010 1546 2140 1591 κως.
2182 1527 2444 1582 Ἐνταῦθα
2470 1531 2660 1600 μέντοι
2677 1546 2740 1599 γε
2773 1530 2892 1583 οὐδὲ
2919 1532 2953 1601 ἠ
2984 1531 3176 1600 χρῆσις
3199 1531 3295 1599 τῆς
3313 1531 3513 1599 φωνῆς,
3535 1531 3596 1582 εἰ

2007 1619 2071 1690 δή
2105 1637 2185 1682 τις
2209 1619 2379 1690 αὐτὴν
2403 1623 2544 1674 κατὰ
2575 1621 2665 1674 τὸν
2708 1621 2896 1692 χρόνον
2922 1621 3113 1691 κρίνοι,
3153 1620 3494 1692 ἁρμόττουσα
3516 1623 3593 1691 τῇ

2009 1711 2104 1764 τοῦ
2148 1713 2417 1766 Δεσπότου
2461 1711 2696 1784 Χριστοῦ
2746 1713 3050 1783 παρουσίᾳ·
3088 1715 3123 1779 ὴ
3159 1713 3254 1780 μὲν
3283 1712 3392 1782 γὰρ
3443 1713 3596 1782 μετὰ.

2009 1801 2174 1854 πολὺν
2197 1802 2424 1872 ἤμελλεν
2456 1795 2705 1869 γενέσθαι
2722 1802 2813 1854 τὸν
2845 1802 3055 1871 χρόνον,
3079 1803 3106 1854 ὁ
3126 1801 3182 1854 δὲ
3211 1802 3310 1854 οὐκ
3342 1801 3597 1855 Ἐλεύσεο

2008 1909 2097 1944 ται
2124 1888 2298 1956 εἶπεν,
2337 1895 2471 1964 ὅπερ
2503 1895 2771 1964 ἥρμοττεν
2807 1894 2898 1945 ἐπὶ
2937 1894 3030 1947 τοῦ
3065 1894 3346 1964 μέλλοντος
3384 1897 3593 1958 εἰπεῖν,

2010 1983 2124 2035 ἀλλ’
2145 2001 2163 2034 ι
2179 1983 2459 2054 Ἔρχεται,
2472 2001 2489 2034 ι
2507 1984 2642 2054 ὅπερ
2657 1983 2844 2036 εἴωθεν
2870 1983 2962 2036 ἐπὶ
2981 1985 3086 2038 τῶν
3117 1986 3281 2053 ἐγγὺς
3298 1985 3390 2038 καὶ
3406 2003 3595 2055 παρα-

2010 2076 2197 2143 χρῆμα
2230 2073 2526 2141 γινομένων
2554 2073 2827 2142 λέγεσθαι.
2844 2075 2999 2128 Κατά
3019 2075 3075 2128 δέ
3103 2092 3166 2144 γε
3192 2075 3379 2130 τοῦτον
3401 2076 3598 2130 αὐτῶν

2010 2165 2100 2218 τὸν
2145 2164 2299 2234 λόγον
2351 2165 2519 2219 πολλά
2570 2165 2663 2218 καὶ
2697 2164 2858 2236 ἕτερα
2912 2167 3180 2238 περιττῶς
3234 2169 3598 2240 εὑρεθήσεται

2011 2255 2238 2324 κείμενα
2271 2257 2420 2326 παρά
2438 2255 2514 2326 τῷ
2545 2257 2795 2327 προφήτῃ
2814 2273 2828 2287 ο
2855 2258 2976 2310 ἐπεὶ
3014 2260 3107 2311 καὶ⁸
3135 2258 3232 2312 τοῦ
3278 2260 3448 2330 Ἰησοῦ
3485 2261 3598 2312 νῦν

2012 2347 2360 2416 ἀφαιρεῖσθαι
2387 2347 2536 2416 λέγει
2570 2348 2638 2401 τά
2667 2350 2889 2420 ῥυπαρά
2911 2351 3118 2419 ἱμάτια,
3150 2353 3293 2418 ἅπερ
3317 2347 3383 2422 ἦν
3409 2353 3556 2423 δήλω
3575 2385 3594 2392 -

2013 2456 2097 2502 at;
2141 2440 2239 2509 τῆς
2298 2441 2710 2512 αἰχμαλωσίας,
2757 2441 2849 2496 νῦν
2905 2460 2962 2496 τε
3010 2444 3156 2514 αὑτῷ
3211 2444 3270 2498 τὸ
3316 2447 3602 2517 ἱερατικὸν

2013 2530 2382 2601 περιτίθεσθαι
2419 2535 2602 2603 σχῆμα
2629 2550 2640 2562 °
2675 2534 2850 2587 καίτοι
2877 2551 2940 2602 γε
2980 2535 3138 2604 δῆλον
3179 2537 3260 2588 ὅτι
3292 2537 3384 2589 καὶ
3422 2538 3600 2602 αὐτὸς

2016 2622 2152 2691 μετά
2191 2622 2284 2675 τοῦ
2338 2624 2641 2694 Ζοροϐάϐελ
2691 2625 2978 2696 ἐληλύθει,
3011 2627 3343 2696 ἀπαλλαγείς
3395 2646 3454 2681 τε
3487 2631 3602 2698 τῆς

2013 2714 2382 2784 αίχμαλωσίας
2417 2716 2509 2768 καὶ
2536 2719 2592 2768 ὲν
2622 2715 2700 2785 τῷ
2729 2715 2827 2786 τῆς
2868 2717 3160 2788 ἱερωσύνης
3195 2720 3429 2790 σχήματι
3454 2721 3602 2774 καθ-

2013 2805 2203 2868 εστώς.
2250 2806 2408 2860 Ὅθεν
2462 2809 2554 2860 καὶ
2600 2810 2628 2860 ό
2676 2810 2960 2880 προφήτης
3018 2811 3285 2882 μακάριος
3337 2814 3597 2880 Ἀγγαῖος

2015 2899 2164 2965 κοινῇ
2206 2896 2340 2967 πρὸς
2372 2897 2461 2950 τὸν
2490 2898 2796 2968 Ζοροϐάϐελ
2826 2899 2918 2952 καὶ
2967 2900 3101 2971 πρὸς
3149 2901 3312 2954 αὑτὸν
3339 2904 3602 2972 φαίνεται

2013 2987 2184 3054 λέγων
2212 2987 2271 3038 τὸ
2300 2988 2497 3057 χρῆναι
2530 2988 2629 3057 τῆς
2664 2989 2956 3059 οἰκοδομῆς
2981 2991 3073 3042 τοῦ
3108 2991 3234 3044 ναοῦ
3281 2993 3592 3064 φροντίσαι,

1939 3119 1982 3176 C
2018 3078 2112 3132 καὶ
2140 3077 2200 3130 τὸ
2231 3078 2425 3148 μέτρον
2465 3079 2522 3130 δὲ
2560 3079 2660 3147 τῆς
2693 3081 2958 3151 τιμωρίας
3009 3080 3098 3134 νῦν
3131 3083 3422 3154 ἀφαιρεθὲν
3450 3087 3600 3155 μετὰ

2017 3168 2114 3236 τῆς
2147 3168 2416 3238 ἁμαρτίας
2444 3168 2536 3221 τοῦ
2576 3169 2810 3240 Ἰσραὴλ,
2863 3173 3026 3242 φησὶν
3056 3175 3134 3235 είς
3163 3174 3450 3228 Βαϐυλῶνα
3477 3177 3599 3229 ἀπ-

2015 3260 2317 3329 ενηνέχθαι.
2361 3261 2552 3313 Καίτοι
2581 3278 2642 3327 γε
2667 3262 2844 3334 Κύρος
2879 3265 2976 3332 μὲν
3009 3267 3037 3318 ὁ
3063 3265 3171 3317 τῶν
3193 3267 3413 3338 Περσῶν
3443 3267 3602 3324 βασι-

2015 3350 2137 3412 λεὺς
2161 3351 2258 3419 τῆς
2301 3367 2360 3402 τε
2387 3352 2760 3420 αἰχμαλωσίας
2801 3355 3035 3407 ἀπέλυσε
3064 3355 3154 3407 τὸν
3179 3355 3324 3419 λαὸν,
3351 3357 3424 3429 (p.
3457 3359 3593 3429 499)

2016 3442 2111 3495 καὶ
2147 3442 2245 3512 τὴν
2287 3442 2452 3494 Βαϐυὶ
2469 3443 2581 3495 ῶνα
2631 3443 2875 3496 καθεῖλε·
2901 3446 3146 3513 φαίνεται
3181 3447 3236 3500 δὲ
3284 3449 3452 3503 ταῦτα
3494 3452 3598 3504 ἐπὶ

2015 3535 2241 3604 Δαρείου
2281 3537 2372 3590 τοῦ
2409 3537 2670 3608 βασιλέως
2704 3541 2874 3609 λέγων
2902 3543 2930 3593 ὁ
2969 3545 3272 3614 προφήτης,
3303 3543 3361 3610 ὃς
3394 3547 3597 3618 τέταρ-

2015 3641 2106 3688 τος
2144 3622 2211 3697 ἧν
2236 3629 2344 3682 ἀπὸ
2391 3630 2601 3699 Κύρου·
2633 3632 2761 3686 ὥστ’
2793 3634 2893 3687 οὐκ
2927 3630 3038 3704 εἶχε
3089 3635 3312 3705 καιρὸν,
3358 3638 3496 3692 κατά
3524 3656 3594 3706 γε

2016 3720 2143 3782 τοὺς
2186 3719 2294 3772 τῶν
2323 3721 2577 3775 τοιούτων
2605 3723 2929 3792 νομοθέτας,
2960 3725 3056 3778 νῦν
3086 3726 3262 3794 λέγειν
3289 3729 3530 3795 γίνεσθαι
3553 3731 3598 3783 ἃ

2017 3806 2186 3860 πάλαι
2221 3811 2313 3861 καὶ
2359 3811 2464 3880 πρὺ
2507 3812 2703 3865 πολλοῦ
2734 3815 2945 3882 γεγόνει
2974 3817 3068 3869 τοῦ
3101 3819 3294 3888 χρόνου
3313 3837 3327 3850 ·
3359 3819 3471 3872 ἀλλ’
3500 3820 3598 3873 εὖ·

2018 3897 2175 3966 δηλον
2203 3899 2285 3952 ὃτι
2319 3901 2386 3954 τά
2427 3903 2523 3972 μὲν
2567 3905 2865 3975 πράγματα
2899 3907 3138 3976 γέγονεν,
3159 3912 3188 3963 ό
3225 3914 3505 3982 προφήτης
3533 3913 3596 3967 δὲ

2017 3986 2082 4040 δι’
2107 3991 2498 4060 ἀποκαλύψεως
2533 3995 2634 4064 ὁρᾷ
2675 3995 2769 4048 νῦν
2829 3999 2966 4050 αὑτά
2987 4000 3265 4070 γινόμενα,
3305 4002 3380 4066 ὡς
3409 4004 3472 4056 ἂν
3495 4004 3598 4058 καὶ

2019 4081 2314 4147 γεγονότων
2364 4083 2410 4134 oi
2451 4083 2544 4136 τοῦ
2581 4084 2709 4138 λαοῦ
2755 4087 2975 4155 μάθοιεν
3025 4092 3258 4156 πάντες,
3289 4095 3370 4148 ὅτι
3424 4095 3595 4166 μηδὲν

2020 4167 2127 4220 ἀπὸ
2173 4171 2511 4239 ταυτομάτου
2546 4173 2757 4242 γέγονε,
2781 4177 2899 4247 θείᾳ
2947 4178 3003 4230 δὲ
3043 4179 3295 4252 βουλήσει
3339 4185 3431 4236 καὶ
3477 4184 3596 4254 ὅρῳ

2020 4259 2415 4313 ἐπιτετέλεσται
2439 4261 2503 4331 δὴ
2522 4263 2698 4317 πάντα
2727 4265 2795 4318 τὰ
2822 4267 2950 4338 περὶ
2978 4268 3174 4334 αὐτοὺς
3197 4271 3378 4339 ἀγαθά
3413 4289 3425 4302 ·
3458 4273 3595 4326 ὥστ’

2020 4349 2170 4402 οὐδὲν
2198 4351 2427 4415 ἀπεικὸς
2465 4349 2554 4424 ἦν,
2599 4355 2688 4407 καὶ
2741 4357 2834 4409 νῦν
2881 4359 3139 4429 περὶτῶν
3177 4364 3597 4433 προσεσομένων

349 4426 452 4482 sub
483 4420 835 4481 Zorobabelis
874 4441 1064 4497 regno,
1097 4425 1193 4482 Dei
1233 4431 1500 4484 sententia
1542 4429 1609 4483 ad
1643 4429 1697 4483 id
1734 4429 1912 4494 electi,

2025 4440 2102 4510 τῷ
2130 4440 2243 4511 λαῷ
2270 4441 2358 4496 διά
2386 4420 2500 4514 τῆς*
2527 4444 2619 4497 τοῦ
2655 4420 2964 4517 Ζοροϐάϐελ.
2979 4420 3254 4518 βασιλείας
3287 4420 3428 4506 κατά
3454 4453 3596 4508 Θεοῦ

348 4521 658 4590 loquentem
708 4517 1046 4589 pr0phetam,
1083 4519 1266 4575 dicere
1298 4538 1316 4572 ι
1349 4521 1615 4577 Adventat
1641 4521 1826 4590 justus
1865 4531 1919 4577 et

350 4615 622 4673 satvator;
669 4629 688 4662 ι
741 4620 798 4664 ut
837 4609 1101 4680 signiﬁcet
1145 4611 1336 4666 adesse
1375 4613 1526 4666 illum
1558 4613 1624 4666 ad
1671 4614 1720 4666 id
1754 4629 1916 4683 nego-

351 4703 434 4764 tii,
465 4708 515 4756 et
547 4715 576 4754 a
599 4697 710 4755 Deo
746 4715 926 4771 regem
954 4705 1211 4767 electum,
1247 4713 1307 4757 ut
1335 4717 1398 4756 ea
1429 4711 1667 4770 praestet,
1704 4719 1825 4773 quae
1865 4706 1920 4758 in

343 4792 832 4864 subsequentibus,
877 4809 976 4863 pro
1007 4795 1207 4864 pepulo
1250 4796 1316 4849 ab
1359 4809 1425 4848 eo
1471 4803 1686 4862 peracta
1726 4795 1916 4864 fuisse,

329 4890 498 4944 dicit.

409 5071 576 5143 335
614 5072 783 5128 Vsus.
818 5071 1005 5126 10-12.
1027 5098 1098 5110 —-
1138 5069 1240 5123 Sed
1301 5070 1564 5126 hactenus
1593 5087 1623 5125 a
1657 5073 1814 5128 nobis
1845 5075 1916 5129 ob

333 5167 669 5220 tradendam
697 5165 1090 5219 accuratiorem
1111 5163 1415 5217 doctrinam
1440 5162 1646 5219 dictum
1672 5165 1763 5220 sit.
1795 5166 1915 5222 .Iam

348 5258 609 5327 propheta
631 5257 698 5311 de
727 5255 1057 5312 Zorobabele
1083 5254 1327 5325 loquens,
1351 5254 1523 5324 deque
1552 5255 1740 5311 eodem
1768 5274 1910 5315 nunc

428 5403 468 5434 ⁸⁷
511 5399 616 5455 Isa.
655 5414 774 5465 un,
813 5400 866 5452 7.

423 5540 536 5610 (66)
567 5537 855 5610 Granditer
873 5539 1150 5610 libereque
1173 5553 1322 5593 more
1344 5553 1445 5610 suo
1465 5538 1685 5610 criticas
1706 5537 1918 5594 herme-

355 5607 583 5666 meum
603 5609 816 5677 regulas
839 5607 1184 5662 tradidit’hoc
1209 5611 1328 5662 loco
1343 5607 1661 5661 Theodorus
1679 5625 1692 5669 ;
1718 5610 1916 5676 quibus

353 5689 555 5743 tamen,
599 5676 715 5732 tum
747 5676 830 5731 hic
865 5686 977 5730 tum
1009 5677 1158 5742 alibi,
1202 5679 1415 5732 nonnisi
1451 5693 1516 5729 ex
1545 5677 1915 5732 communiore

2023 4530 2248 4601 γνώμην
2283 4535 2360 4596 είς
2395 4534 2554 4587 τοῦτο
2587 4537 3055 4607 προχειρισθέντος
3085 4540 3310 4609 λέγοντα
3335 4543 3424 4596 τὸν
3452 4561 3594 4614 προ-

2025 4624 2200 4694 φήτην
2228 4627 2420 4692 εἰπεῖν,
2449 4627 2530 4680 ὃτι
2552 4647 2570 4678 ι
2600 4629 2853 4699 Ἔρχεται
2879 4629 3084 4696 δίκαιος
3115 4634 3210 4687 καὶ
3231 4634 3436 4701 σώζων,
3466 4654 3487 4687 ι
3515 4635 3600 4695 ὡς

2025 4714 2090 4768 ἂν
2117 4715 2406 4786 δηλώσειεν
2434 4719 2509 4772 ὃτι
2531 4719 2622 4771 ἐπὶ
2651 4721 2857 4786 τούτοις
2881 4725 3113 4794 πάρεστί
3130 4742 3190 4778 τε
3223 4729 3464 4798 καὶπρὸς
3491 4728 3596 4798 τὴν

2027 4807 2298 4876 βασιλείαν
2330 4810 2623 4876 ἐξείλεκται
2653 4813 2803 4884 παρά
2835 4814 2929 4869 τοῦ
2955 4817 3091 4870 Θεοῦ
3139 4819 3231 4872 ἐπὶ
3272 4819 3332 4871 τὸ
3371 4820 3596 4890 ποιῆσαι

2027 4899 2216 4964 ταῦτα,
2243 4901 2385 4971 ἅπερ
2405 4898 2500 4955 οὖν
2520 4905 2578 4956 ὲν
2608 4907 2719 4969 τοῖς
2749 4906 2875 4978 ἑξῆς
2901 4908 3027 4979 περὶ
3059 4909 3151 4962 τὸν
3174 4909 3300 4965 λαὸν
3334 4911 3402 4964 δι’
3425 4911 3596 4965 αὐτοῦ

2026 4990 2352 5061 γεγενῆσθαί
2388 5010 2571 5062 φησιν.

2097 5081 2242 5150 Στίχ.
2270 5081 2416 5150 ι’-ιβ¹.
2448 5112 2516 5123 —-
2559 5083 2718 5138 Ἀλλά
2753 5085 2922 5141 ταῦτα
2947 5088 3046 5159 μὲν
3089 5093 3170 5154 εἰς
3200 5088 3599 5161 ἀκριϐεστέραν

2026 5171 2264 5242 εἰρήσθω
2299 5171 2646 5228 διδασκαλίαν
2685 5176 2819 5243 (66).
2849 5177 2912 5232 Ὀ
2952 5179 3006 5232 δὲ
3040 5183 3322 5254 προφήτης
3346 5181 3469 5253 περὶ
3496 5181 3601 5235 τοῦ

2023 5263 2321 5335 Ζοροϐάϐελ
2349 5263 2542 5334 λέγιυν,
2574 5267 2667 5320 καὶ
2706 5269 2832 5338 περὶ
2862 5270 3026 5326 αὐτοῦ
3059 5272 3123 5343 δὴ
3151 5275 3220 5327 τά
3253 5273 3344 5326 νῦν
3378 5289 3599 5343 προφη-

2025 5559 2215 5599 norma
2271 5555 2584 5671 fauetorum
2643 5550 2864 5606 Patrum
2923 5562 3157 5607 utemur.
3229 5551 3606 5606 Conferantur

2025 5625 2173 5668 carie
2199 5617 2252 5669 in
2292 5634 2373 5671 Ioc
2393 5618 2670 5671 Zacharia:
2688 5624 2923 5671 canituln
2947 5622 3323 5671 llieronvmus.
3343 5619 3606 5671 Theodo—

2025 5625 2173 5694 (τοι-ιο
2199 5617 2670 5694 ἰιὲιιοοΖεοΙιθτὶᾳι
2688 5624 2923 5694 capitulo
2947 5622 3323 5694 Hieronymus.
3343 5619 3608 5694 Theodo-

2025 5692 2196 5750 retus,
2224 5686 2480 5756 Cyrilliis.
2514 5692 2592 5746 Ad
2623 5686 2849 5747 Joannis
2879 5701 3056 5749 autem
3085 5686 3182 5757 ιιῐ,
3210 5691 3292 5757 15,
3315 5694 3497 5745 locum
3521 5691 3609 5747 Ιο-
