4022 6138
308 305 412 369 55!

1245 307 1789 369 COMMENTARIUS
1815 309 1882 365 ΚΝ
1926 304 2300 365 ΖΞΟΙΙΚΒΙΕ
2339 301 2492 362 CAP.
2522 303 2610 360 IX.

3459 302 3591 361 δη.

309 423 504 486 «ratione,
525 422 577 475 εί
609 419 702 475 καί
725 437 849 474 τινα
873 419 1170 489 φαντασίαν
1198 421 1274 485 ὡς
1306 426 1586 497 προφήτης
1610 426 1703 481 καὶ
1729 425 1889 488 αὐτὸς
1917 478 1918 482 η

2017 423 2316 488 'aticinans,
2338 419 2607 492 siquidem
2629 417 2981 488 phantasiam
3006 417 3294 488 quamdam
3323 416 3392 471 de
3417 417 3567 474 futu-

314 506 569 580 περὶτῶν
598 505 897 577 μελλόντων
913 501 1077 577 εἶχεν,
1094 510 1288 577 ἐπάγει
1306 527 1320 541 ο
1336 531 1357 563 ι
1389 514 1662 584 Κατάρεει
1682 515 1901 569 ὑδάτων.

2017 515 2071 570 is
2092 515 2260 570 rebus
2288 514 2405 585 ipse
2426 524 2645 581 quoque
2673 523 2773 564 ceu
2802 507 3064 580 propheta
3089 507 3342 576 habebat,
3377 508 3525 564 addit
3551 528 3563 564 :

316 599 422 653 ἀπὸ
447 598 725 668 θαλάσσης
754 599 861 664 ἕως
892 599 1187 671 θαλάσσης,
1217 604 1312 655 καὶ
1345 603 1454 656 άπὸ
1478 604 1739 674 ποταμῶν
1783 605 1889 669 ἕως

313 690 611 745 διεκϐολῶν
641 689 763 760 γῆς.
810 708 829 742 ι
887 690 1295 762 ’Υπερϐολικῶς
1330 695 1426 747 καὶ
1463 694 1620 749 τοῦτο
1658 698 1796 751 κατὰ
1828 696 1901 750 τί)⁴

318 782 505 845 εἰωθὸς
529 779 795 851 εἰρηκὼς,
828 782 910 835 ὅτι
947 782 1156 836 πολλῶν
1211 785 1625 854 περιγενήσεται
1662 787 1771 841 τῶν
1801 789 1889 840 ὲν-

320 872 534 937 αντίων,
565 871 660 926 καὶ
712 870 914 941 πολλὴν
960 870 1179 938 καθέξει
1233 872 1438 943 χώραν,
1492 876 1764 943 Ἰουδαίοις
1793 877 1892 947 τὴν

318 963 531 1034 οἴκησιν
554 960 728 1031 αὐτῆς
755 959 1051 1032 παραδούς.
1077 961 1327 1028 Τοιοῦτός
1356 966 1471 1016 ἐστι
1508 965 1604 1018 καὶ
1636 966 1786 1036 παρὰ
1813 965 1894 1036 τῷ

327 1052 580 1124 μακαρίῳ
618 1050 783 1105 Δαυῒδ
809 1053 839 1105 ὁ
872 1050 1267 1123 ἑϐδομηκοστὸς
1296 1060 1345 1106 α’
1365 1053 1600 1126 ψαλμὸς,
1624 1058 1682 1109 ιν
1726 1058 1894 1128 εὐχῆς

328 1142 562 1211 σχήματι
610 1140 843 1209 δήλωσιν
888 1138 1027 1210 ἔχων
1067 1140 1166 1211 τῆς
1195 1142 1334 1196 κατὰ
1369 1144 1461 1197 τὸν
1490 1144 1780 1214 Σολομῶνα
1807 1148 1897 1200 εὐσ-

325 1229 571 1302 ει-ηρίας,
595 1228 725 1283 ἔνθα
774 1231 973 1300 φησιν·
1001 1246 1021 1279 t
1056 1229 1168 1301 Πρὸ
1208 1230 1302 1283 τοῦ
1351 1232 1504 1303 ήλίου
1549 1233 1795 1304 διαμενεῖ
1835 1236 1897 1289 τὸ

327 1324 493 1393 δνομα
522 1318 710 1385 αὐτοῦ,
741 1319 838 1374 καὶ
864 1320 971 1391 πρὸ
1023 1321 1123 1390 τῆς
1170 1321 1395 1393 σελήνης
1422 1323 1613 1392 γενεάς
1657 1326 1858 1394 γενεῶν
1876 1343 1891 1358 ⁸

332 1418 402 1486 (ρ.
436 1414 561 1485 500)
602 1414 698 1468 καὶ
730 1413 1151 1486 κατακυριεύσει
1197 1416 1305 1469 ἀπὸ
1352 1416 1624 1489 θαλάσσης
1670 1420 1899 1485 ξωςθα-

332 1506 551 1573 λάσσης,
569 1504 678 1558 άπὸ
700 1502 957 1574 ποταμῶν
978 1504 1082 1568 ἕως
1111 1504 1361 1576 περάτων
1383 1507 1480 1577 τῆς
1507 1509 1828 1579 οίκουμὲνης
1846 1525 1894 1560 ⁸ο

333 1596 392 1648 οὐ
413 1593 518 1663 γὰρ
543 1592 787 1666 δηλονότι
810 1591 1180 1663 ὑπερϐολικῶς
1202 1593 1416 1665 εἴρηται
1443 1596 1538 1649 καὶ
1558 1596 1729 1651 ταῦτα
1749 1595 1902 1664 ;εῐτα

337 1685 553 1752 ἐπάγει,
595 1702 613 1735 ι
648 1684 759 1737 Καὶ
785 1684 848 1738 σὺ
872 1685 931 1736 ὲν
954 1683 1142 1755 αἵματι
1173 1684 1436 1756 διαθήκης
1473 1703 1567 1741 σου
1597 1687 1906 1754 ἐξαπέστει-

1999 624 2018 658 ι
2044 604 2420 660 Dominabitur
2443 604 2602 673 aquis
2619 616 2650 656 a
2666 601 2801 655 mari
2826 601 2892 656 ad
2921 615 3091 665 mare,
3130 611 3183 654 et
3202 615 3232 655 a
3257 599 3568 657 ﬂunninibus

1995 710 2168 765 usque
2190 699 2255 749 ad
2273 694 2452 750 exitus
2480 702 2662 749 term.
2689 712 2708 746 ι
2736 692 3097 764 Hyperbolice
3115 691 3220 747 hoc
3238 692 3402 747 etiam
3419 706 3571 747 more

1996 802 2098 844 suo
2118 785 2429 855 dicit,quod
2451 798 2645 854 nempe
2659 783 2860 839 multos
2887 784 3165 854 superabit
3190 783 3398 847 hostes,
3425 786 3569 838 mul-

1996 889 2214 948 tamque
2232 876 2501 932 obtinebit
2516 874 2813 945 regionem,
2833 889 2994 945 quam
3011 872 3215 929 Iudaeis
3228 874 3568 929 incolendam

1999 971 2191 1027 tradet.
2220 967 2367 1024 Talis
2386 974 2472 1024 est
2482 967 2646 1023 etiam
2670 965 2815 1037 apud
2830 966 3047 1022 beatum
3068 964 3324 1021 Davidcm
3351 971 3571 1033 septua-

1998 1060 2240 1132 gesimus
2264 1061 2474 1130 primus
2487 1059 2754 1129 psalmus,
2769 1058 2873 1115 sub
2894 1058 3071 1129 precis
3088 1057 3268 1126 specie
3285 1057 3571 1113 declarans

2003 1148 2311 1206 Salomonis
2336 1150 2775 1221 prosperitatem,
2801 1150 2892 1206 ubi
2916 1151 3027 1205 ait:
3057 1168 3076 1202 ι
3095 1149 3235 1204 Ante
3251 1149 3423 1204 solem
3446 1164 3573 1219 per-

2001 1242 2241 1298 manebit
2261 1255 2458 1297 nomen
2481 1243 2622 1309 ejus,
2643 1250 2698 1299 et
2724 1251 2851 1296 ante
2870 1242 3053 1296 lunam
3080 1256 3176 1312 per
3193 1240 3572 1312 generationes

2002 1332 2430 1402 generationum.
2463 1331 2529 1386 Et
2553 1331 2924 1387 dominabitur
2957 1346 2988 1386 a
3016 1330 3155 1401 mari
3175 1331 3241 1384 ad
3272 1343 3441 1392 mare,
3456 1334 3511 1385 et
3541 1344 3572 1383 ο

2003 1421 2318 1479 numinibus
2350 1438 2522 1493 usque
2552 1424 2619 1478 ad
2650 1423 2918 1477 terminos
2953 1421 3193 1477 terra".
3220 1438 3238 1472 ο
3275 1417 3470 1473 Nonne
3519 1425 3576 1475 et

2005 1515 2124 1570 hac
2170 1516 2518 1587 hyperbolice
2547 1516 2695 1570 dicta
2744 1513 3006 1569 fuerunt!
3048 1513 3169 1568 Mox
3202 1512 3469 1568 subditu
3509 1509 3575 1564 Et

2007 1613 2067 1661 tu
2093 1607 2151 1661 in
2175 1607 2442 1676 sanguine
2466 1606 2780 1662 testamenti
2807 1607 2884 1659 tui
2912 1604 3146 1661 emisiSti
3174 1604 3421 1673 captivos
3450 1609 3577 1657 tuos

2008 1697 2077 1752 de
2106 1698 2225 1753 lacu
2255 1712 2452 1767 squam
2483 1712 2592 1753 non
2613 1697 2848 1751 habente
2871 1704 2925 1751 et
2954 1695 3212 1751 sedebitis
3234 1693 3290 1749 in
3315 1692 3575 1749 munitio-

342 1776 438 1838 λας
466 1775 712 1845 δεσμίους
739 1790 833 1827 σου
874 1775 938 1827 ὲκ
981 1772 1184 1828 λάκκου
1207 1775 1308 1829 οὐκ
1356 1775 1568 1848 ἔχοντος
1598 1777 1743 1851 ὕδωρ
1772 1797 1787 1811 ·
1809 1782 1905 1836 καὶ

2017 1804 2076 1843 ne
2092 1789 2293 1858 captivi
2316 1787 2653 1860 Synagogae:
2678 1796 2733 1843 et
2757 1802 2856 1857 pro
2877 1802 2989 1843 uno
3010 1787 3099 1841 die
3121 1783 3577 1857 peregrinationis

347 1864 626 1918 καθίσεσθε
657 1864 713 1915 ὲν
742 1862 1061 1935 ὀχυρώματι
1090 1864 1299 1936 δέσμιοι
1328 1866 1425 1938 τῆς
1446 1871 1788 1941 συναγωγῆς,
1809 1871 1906 1925 καὶ

340 1957 460 2009 ἀντὶ
495 1955 628 2025 μιᾶς
671 1952 887 2025 ἡμέρας
932 1956 1292 2026 παροικεσίας
1323 1974 1420 2013 σου
1464 1957 1629 2014 διπλᾶ
1671 1961 1909 2016 ἀνταπο-

334 2045 488 2098 δώσω
524 2062 628 2098 σοι.
666 2064 686 2096 ι
730 2045 818 2098 Ἐν
849 2045 1024 2099 άπασι
1057 2045 1120 2118 δὴ
1167 2048 1377 2111 τούτοις
1412 2050 1646 2119 μάλιστα
1677 2051 1748 2106 τὰ
1779 2055 1911 2124 περὶ

332 2138 423 2190 τὸν
454 2135 578 2205 Γὼγ
601 2137 836 2207 ἐσόμενα
862 2138 920 2189 ὲν
941 2139 1062 2200 ταῖς
1092 2137 1186 2192 τοῦ
1213 2139 1517 2210 Ζοροϐάϐελ
1545 2141 1780 2213 ἡμέραις
1808 2160 1912 2214 μη-

335 2227 449 2281 νύει
477 2245 491 2259 ο
521 2228 663 2299 πρὸς
686 2226 748 2281 δν
768 2227 917 2295 λέγει
944 2228 1025 2281 ὅτι
1051 2227 1278 2294 πολλοὺς
1303 2231 1524 2294 ἀνελὼν.
1557 2236 1651 2289 καὶ
1695 2236 1909 2291 πολλῶν

336 2320 542 2388 αἵματα
599 2319 832 2389 ἐκχέας,
880 2320 974 2372 καὶ
1028 2321 1095 2390 τῇ
1155 2318 1265 2375 τῶν
1329 2323 1585 2379 ἐναντίων
1634 2327 1908 2398 ἀναιρέσει

335 2411 525 2482 ὥσπερ
546 2409 662 2463 τισὶ
689 2407 984 2480 συνθήκαις
1015 2408 1317 2480 βεϐαιώσας
1340 2414 1515 2486 ἑαυτῷ
1538 2416 1636 2484 τὴν
1663 2416 1758 2470 τοῦ
1778 2418 1908 2486 λαοῦ

341 2498 653 2569 βασιλείαν,
683 2496 978 2565 ἀπαλλάξει
1014 2498 1114 2570 μὲν
1165 2500 1411 2567 ἅπαντας
1452 2485 1710 2559 κινδύνων
1759 2485 1912 2576 μεγίί-

342 2608 508 2654 στων,
533 2592 592 2644 ὲν
623 2585 703 2654 οἷς
745 2589 931 2663 ῶσπερ
961 2592 1019 2644 ὲν
1045 2590 1232 2662 λάκκῳ
1281 2593 1386 2646 τινὶ
1434 2594 1710 2664 διάγουσιν
1768 2598 1911 2670 ὕδωρ

339 2683 446 2734 οὒκ
484 2681 680 2752 ἔχοντι,
714 2682 798 2734 ἵνα
834 2684 983 2754 atq,
1036 2682 1484 2756 ἀπαραμυθήτως
1527 2692 1717 2753 κακοῖς
1742 2690 1914 2762 ψυχα-

350 2771 564 2839 γωγίαν
584 2772 794 2841 ἔχουσιν
813 2772 1062 2843 οὐδεμίαν
1082 2790 1096 2805 ν
1132 2774 1437 2845 διαμενεῖτε
1466 2778 1523 2831 δὲ
1544 2780 1593 2831 0i
1626 2779 1796 2835 πάλαι
1829 2782 1916 2836 δέ-

353 2878 504 2931 σμιοι
536 2861 635 2930 τῆς
661 2861 763 2916 τῶν
792 2863 1055 2917 Ἰουδαίων
1083 2867 1401 2936 συναγωγῆς
1436 2868 1572 2938 μετὰ
1599 2871 1795 2942 πολλῆς
1816 2874 1915 2943 τῆς

346 2950 651 3018 ἀσφαλείας
679 2950 951 3018 διάγοντες
987 2954 1046 3005 ὲν
1075 2956 1187 3019 τοϊς
1220 2956 1440 3020 οίκείοις
1467 2962 1534 3029 τῇ
1573 2962 1915 3031 προεστῶτος

2005 1885 2137 1942 tua,
2172 1879 2412 1951 duplicia
2444 1880 2541 1934 tibi
2575 1879 2892 1935 retribuam.
2914 1897 2934 1931 ι
2986 1880 3043 1933 in
3085 1878 3173 1934 his
3201 1877 3456 1933 omnibus
3487 1891 3578 1933 res

2004 1971 2273 2041 pracipue
2288 1970 2424 2044 Gogi
2452 1970 2665 2027 futuras
2680 1969 3030 2026 Zorobabelis
3052 1976 3213 2025 etate
3242 1968 3459 2027 innuit:
3488 1968 3577 2023 cui

2006 2060 2142 2115 dicit
2169 2060 2289 2116 fore
2312 2068 2392 2125 ut,
2421 2061 2613 2116 multis
2660 2061 3000 2129 interemptis
3036 2066 3089 2113 et
3120 2057 3419 2113 multorum
3447 2069 3576 2109 san-

2009 2148 2170 2220 guine
2200 2147 2393 2214 eiuso,
2426 2159 2480 2204 et
2510 2147 2949 2204 adversariorum
2984 2146 3155 2210 crede,
3183 2143 3343 2216 quasi
3374 2142 3582 2200 ftedere

2008 2239 2267 2311 quodam,
2299 2238 2484 2310 pepuli
2510 2240 2611 2294 sibi
2639 2253 2807 2310 regno
2832 2245 3067 2301 asserto,
3087 2237 3226 2303 fore,
3257 2237 3498 2305 inquam,
3519 2243 3581 2289 ut

2009 2346 2200 2389 omnes
2226 2331 2479 2385 maximis
2524 2330 2781 2399 periculis
2824 2327 3099 2398 expediat,
3136 2328 3192 2382 in
3220 2327 3421 2397 quibus
3457 2331 3583 2379 tan-

2009 2438 2171 2494 quam
2197 2425 2316 2477 lacu
2350 2422 2586 2491 quodam
2615 2420 2774 2490 aquis
2803 2426 3026 2475 careute
3052 2418 3278 2487 degunt,
3314 2415 3368 2470 id
3404 2422 3490 2471 est
3521 2415 3581 2468 in

2013 2514 2175 2568 malis
2196 2512 2394 2569 solatio
2416 2512 2565 2567 omni
2587 2519 2642 2566 et
2669 2510 3008 2566 recreatione
3029 2508 3362 2564 carentibus.
3393 2505 3583 2561 Perse-

2014 2603 2275 2658 verabitis
2300 2612 2481 2656 autem
2514 2601 2607 2671 qui
2636 2602 2765 2657 olim
2793 2601 2959 2656 eratis
2975 2598 3148 2654 Judaei
3171 2598 3393 2667 captivi,
3415 2598 3583 2649 anulla

2015 2708 2137 2748 cum
2173 2694 2470 2749 securitate
2496 2693 2550 2746 iu
2580 2694 2756 2763 patria
2786 2693 2888 2747 sub
2921 2690 3169 2760 praesidis
3195 2689 3362 2744 vestri
3390 2688 3578 2741 tutela.

2016 2785 2196 2853 Quare
2226 2801 2326 2855 pro
2357 2785 2427 2840 iis
2454 2800 2580 2854 qua:
2611 2786 2755 2849 passi
2789 2783 2926 2839 estis
2954 2782 3289 2852 captivitatis
3321 2791 3584 2848 tempore.

2017 2876 2189 2930 multo
2224 2873 2401 2944 major
2432 2874 2962 2963 vobis‘prarsentium
2998 2872 3266 2928 bonorum
3308 2871 3464 2939 copia
3503 2885 3633 2923 re-~-

2019 2966 2309 3022 tribuetur.

340 3041 499 3113 ὑμῶν
543 3042 841 3114 ἀσφαλείᾳ·
896 3044 1037 3099 ὥστε
1074 3044 1190 3099 ἀνθ’
1226 3038 1300 3101 ὧν
1333 3049 1636 3106 πεπόνθατε
1660 3091 1676 3116 ,
1726 3057 1960 3124 ὁπηνίκα
1992 3058 2051 3113 ὲν
2086 3058 2485 3131 αἰχμαλωσίαις
2513 3055 2613 3131 ἦτε
2642 3058 2950 3128 διάγοντες,
3009 3054 3234 3128 μείζονά
3281 3070 3373 3107 σου
3408 3042 3590 3124 πολλῷ
3629 3084 3659 3106 ιν

340 3136 455 3189 τῶν
482 3138 766 3208 παρόντων
798 3138 1018 3207 ἀγαθῶν
1055 3140 1303 3210 γενέσθαι
1330 3142 1430 3215 τὴν
1456 3144 1738 3204 ἀντίδοσιν.

416 3229 563 3300 Στίχ.
615 3229 806 3300 ιγ’-ιζ’.
830 3260 903 3272 -
944 3228 1107 3319 Εἶτα.
1131 3235 1437 3299 ἀκολούθως
1484 3238 1679 3307 ὶπάγει
1709 3255 1723 3269 ·
1759 3260 1779 3296 ι
1815 3243 1914 3298 Διὰ

2083 3241 2248 3314 333
2275 3240 2438 3296 Vsus.
2463 3237 2647 3295 15-17.
2676 3236 2957 3293 —-Postca
2992 3235 3342 3306 prosequitur
3369 3253 3382 3287 :
3408 3251 3427 3284 ι
3455 3231 3592 3286 Prn-

339 3320 505 3374 τοῦτο
537 3321 777 3376 ἐνέτεινά
808 3340 869 3375 σε
897 3323 1137 3396 ἐμαυτῷ,
1162 3326 1353 3393 Ἰούδα,
1385 3327 1463 3392 ὼς
1501 3327 1673 3394 τόξον,
1710 3330 1923 3403 ἔπλησα
1968 3356 1969 3359 η

341 3410 427 3481 τῷ
480 3411 753 3483 Ἐφραῖμ·
801 3414 895 3467 καὶ
945 3413 1182 3488 ἑξεγερῶ
1210 3417 1279 3471 τὰ
1324 3418 1491 3472 τέκνα
1540 3419 1678 3474 Σιὼν
1718 3422 1811 3483 ἐπὶ
1854 3424 1924 3479 τὰ

342 3501 516 3555 τέκνα
546 3501 654 3556 τῶν
717 3504 1018 3574 Ἑλλήνων,
1053 3507 1145 3560 καὶ
1196 3507 1503 3579 ψηλαφήσω
1546 3526 1605 3564 σε
1655 3511 1731 3576 ὡς
1786 3514 1920 3584 ῥομ-

344 3592 522 3660 φαίαν
569 3594 839 3665 μαχητοῖκ
874 3616 893 3648 ι
947 3595 1115 3652 Ἰούδα
1144 3599 1238 3651 καὶ
1284 3600 1524 3672 Ἐφραῒμ
1552 3601 1724 3672 λέγει,
1762 3603 1830 3656 ἶν’
1860 3605 1924 3657 ὲκ

349 3683 560 3753 μέρους
590 3686 684 3739 τοῦ
726 3687 1062 3758 κυριωτάτου
1088 3689 1150 3742 τὸ
1189 3690 1441 3763 σύστημα
1483 3695 1594 3747 τῶν
1655 3696 1927 3753 Ἰουδαίων

345 3777 511 3848 εἴπῃ.
543 3775 620 3847 (p.
656 3776 781 3849 501)
837 3780 923 3845 Ὠς
972 3777 1125 3846 τόξον
1176 3781 1356 3836 τοίνυν
1386 3785 1740 3857 ἐντεταμένον
1787 3787 1926 3841 κατὰ

344 3865 466 3922 τῶν
496 3867 767 3939 πολεμίων
799 3869 941 3941 ὑμᾶς
967 3872 1270 3944 ἐργάσομαι
1302 3875 1584 3946 ίσχυροὺς,
1611 3875 1753 3932 ὥστε
1787 3879 1928 3933 κατὰ

347 3959 580 4013 πάντων
605 3961 713 4015 τῶν
734 3962 1142 4034 ἐπεληλυθότων
1168 3965 1296 4036 ὑμῖν
1322 3966 1617 4039 ἀλλοτρίων
1641 3969 1779 4040 μετὰ
1800 3970 1926 4024 πολ-

346 4051 459 4124 λῆς
493 4052 637 4123 ὑμᾶς
681 4055 1032 4127 ὁρμήσαντας
1059 4057 1160 4129 τῆς
1200 4057 1508 4130 προθυμίας
1553 4061 1719 4116 πολὺν
1748 4062 1928 4116 αὐτῶν

347 4142 701 4213 ἐργάσασθαι
734 4145 829 4200 τὸν
879 4146 1038 4216 φόνον
1056 4164 1069 4179 ο
1094 4149 1189 4203 καὶ
1216 4149 1337 4203 ὅσον
1366 4151 1511 4214 εἰκὸς
1539 4151 1598 4219 ἐξ
1622 4153 1814 4225 ἀνδρὸς
1838 4170 1924 4222 γε·

347 4234 550 4289 νέσθαι
579 4237 639 4290 ὲν
682 4237 884 4309 μάχαις
931 4238 1025 4293 καὶ
1067 4240 1323 4311 πολέμοις
1348 4243 1440 4295 καὶ
1464 4242 1646 4311 φόνοις
1682 4244 1744 4297 τὸ
1781 4243 1930 4313 ξίφος

347 4328 450 4381 ἀεὶ
478 4328 846 4398 γυμνάζοντος
882 4328 943 4382 τὸ
989 4333 1206 4385 οἰκεῖον.
1242 4332 1353 4385 Καὶ
1379 4332 1503 4387 ὅθεν
1532 4334 1707 4388 ταῦτα
1749 4336 1932 4397 αὐτοῖς

350 4417 648 4490 περιέσται
674 4421 871 4492 δηλῶν,
893 4439 913 4473 ι
934 4422 1044 4477 Καὶ
1062 4422 1266 4494 Κύριος
1290 4425 1375 4477 ἐπ’
1392 4425 1588 4488 αὐτοὺς
1613 4424 1930 4495 ὀφθήσεται,

352 4511 456 4565 καὶ
476 4508 816 4575 ἐξελεύσεται
846 4511 923 4575 ὡς
944 4513 1196 4584 ἀστραπὴ
1216 4512 1360 4583 βολὶς
1394 4514 1557 4568 αὐτοῦ
1578 4532 1591 4545 ·
1616 4516 1710 4569 καὶ
1731 4515 1932 4586 Κύριος

2024 3339 2209 3404 pterea
2235 3330 2438 3387 tetendi
2499 3339 2553 3386 te
2598 3330 2766 3394 mihi,
2810 3328 2974 3391 Juda.
3013 3337 3072 3381 ut
3105 3341 3336 3391 arcum;
3389 3324 3593 3392 replcv't

2022 3423 2341 3494 Ephraimo.
2368 3421 2437 3476 Et
2481 3420 2775 3478 concitabo
2821 3419 2965 3473 ﬁlios
2992 3418 3125 3472 Sion
3151 3419 3415 3472 adversus
3454 3414 3593 3469 tilias
3630 3453 3638 3459 -

2022 3513 2365 3577 Graecorum,
2397 3520 2453 3569 et
2484 3511 2787 3566 attrectabo
2821 3518 2873 3565 te
2906 3520 3164 3578 tanquam
3201 3506 3441 3576 gladium
3479 3506 3595 3559 bel-
3629 3539 3635 3543 -

2022 3605 2237 3660 latoris.
2264 3626 2284 3656 ι
2306 3602 2503 3659 Iudam
2529 3611 2692 3672 atque
2718 3600 3070 3671 Ephraimum
3100 3598 3254 3661 dicit,
3284 3606 3345 3652 ut
3378 3613 3407 3650 ο
3440 3606 3593 3666 parte

2024 3696 2413 3767 principaliore
2470 3698 2744 3748 nationem
2809 3690 3121 3745 Iudaeorum
3151 3689 3388 3744 denotet.
3429 3689 3623 3757 Quasi_

2025 3801 2215 3843 arcum
2240 3788 2425 3856 itaque
2454 3792 2736 3839 extentum
2768 3783 3029 3838 adversus
3060 3782 3248 3837 hostes
3276 3781 3468 3834 faciam
3497 3794 3593 3835 vos

2024 3877 2255 3941 validos,
2289 3883 2350 3931 ut
2382 3875 2553 3930 multa
2584 3888 2708 3929 cum
2741 3874 3021 3928 alacritate
3052 3881 3243 3926 contra
3276 3884 3465 3925 omnes
3498 3886 3598 3924 ex-

2026 3976 2248 4024 traneos
2295 3980 2643 4039 aggressores
2690 3967 2949 4036 impetum
2988 3963 3273 4029 facientes,
3318 3962 3637 4032 copiosam-

2026 4062 2244 4117 illorum
2277 4058 2616 4115 occidionem
2651 4057 2911 4127 patretis:
2947 4070 3143 4120 nempe
3176 4063 3335 4125 prout
3368 4054 3486 4108 viro
3511 4052 3601 4109 de-

2027 4160 2172 4207 ceret
2200 4150 2254 4204 in
2281 4149 2481 4221 pugnis
2511 4148 2777 4219 bellisque
2800 4157 2853 4203 et
2884 4148 3128 4203 caedibus
3159 4146 3401 4218 gladium
3432 4161 3596 4201 suum

2027 4241 2244 4297 vibrare
2286 4246 2571 4297 consueto.
2609 4240 2786 4309 Atque
2833 4240 2948 4295 hac
3001 4238 3273 4294 undenam
3327 4238 3438 4294 illis
3487 4239 3599 4294 sint

2029 4332 2330 4388 obventura
2358 4331 2585 4395 docens,
2621 4348 2640 4381 ι
2674 4331 2735 4387 Ει
2760 4328 3043 4395 Dominus,
3075 4331 3274 4399 inquit,
3307 4345 3472 4400 supra
3502 4346 3601 4385 eos
3638 4370 3645 4374 -

2029 4421 2331 4492 apparebit,
2368 4428 2422 4477 et
2468 4420 2641 4476 exibit
2677 4421 2831 4488 quasi
2866 4419 3049 4489 fulgur
3090 4422 3289 4489 sagitta
3340 4421 3483 4489 ejus.
3536 4418 3600 4473 Et

2032 4512 2298 4568 Dominus
2329 4512 2472 4567 Deus
2500 4511 2844 4580 omnipotens
2874 4510 3002 4565 tuba
3042 4519 3221 4575 canet,
3267 4518 3321 4565 et
3345 4510 3603 4580 procedet

352 4601 577 4665 ὀθεδςό
599 4603 992 4677 παντοκράτωρ
1017 4607 1075 4657 ὲν
1100 4604 1359 4674 σάλπιγγι
1384 4605 1621 4673 σαλπιεῖ,
1649 4607 1744 4660 καὶ
1770 4608 1918 4660 sum

2036 4604 2091 4659 in
2123 4603 2358 4675 procella
2382 4603 2653 4658 minarum
2684 4617 2938 4659 suarum:
2968 4601 3230 4657 Dominus
3254 4604 3602 4671 omnipotens

358 4694 616 4766 ρεύσεται
636 4697 697 4749 ἐν
714 4695 861 4765 σάλῳ
880 4696 1110 4768 ἀπειλῆς
1127 4695 1311 4750 αὐτοῦ·
1328 4698 1530 4769 Κύριος
1545 4697 1939 4772 παντοκράτωρ

355 4783 689 4853 ὑπερασπιεῖ
723 4783 900 4836 αὐτῶν
920 4801 932 4814 ’
957 4785 1050 4838 καὶ
1091 4785 1563 4840 καταναλώσουσιν
1592 4786 1806 4850 αὐτοὺς,
1846 4786 1940 4840 καὶ

356 4871 771 4942 καταχώσουσιν
795 4873 992 4937 αὐτυὺς
1010 4875 1070 4926 ὲν
1096 4873 1263 4938 λίθοις
1287 4875 1594 4947 σφενδόνης,
1612 4877 1706 4930 καὶ
1724 4877 1943 4930 ὲκπίον-

354 4979 450 5016 ται
467 4962 530 5016 τὸ
554 4957 696 5033 αἷμα
722 4962 906 5017 αὐτῶν
923 4963 998 5027 ὡς
1016 4959 1177 5026 οἶνον,
1201 4966 1295 5018 καὶ
1323 4965 1587 5034 πλήσουσι
1615 4964 1713 5030 τὰς
1743 4965 1940 5036 φιάλας

358 5058 541 5115 ελαίου
570 5058 647 5123 ὡς
677 5061 1077 5132 θυσιαστήριον.
1098 5078 1118 5115 ι
1144 5061 1435 5133 Γενήσεται
1456 5062 1512 5115 δὲ
1540 5061 1731 5128 ταῦτα,
1745 5065 1928 5133 φησὶν,

356 5146 551 5219 ἐπειδὴ
607 5148 739 5212 Θεὸς
793 5149 1114 5221 στρατηγῶν
1169 5151 1299 5220 ὑμῖν
1354 5152 1580 5223 φοϐερὸν
1635 5152 1776 5207 κατὰ
1823 5153 1934 5206 τῶν

357 5236 793 5305 ἐναντιουμένων
846 5238 975 5309 ὑμῖν
1018 5239 1290 5293 ἀνατείνει
1321 5240 1382 5293 τὸ
1433 5241 1617 5313 δμμα,
1647 5243 1935 5314 ἀστραπῆς

355 5324 519 5395 δίκην
552 5327 886 5396 ἐπιπέμπων
931 5330 1112 5394 αὐτοῖς
1164 5330 1232 5384 τὰ
1277 5330 1401 5402 ξίφη
1428 5347 1443 5362 ο
1481 5333 1572 5385 καὶ
1613 5331 1804 5403 ὥσπερ
1832 5334 1938 5385 τινὶ

432 5443 478 5474 ⁸³
516 5438 667 5497 Psal.
704 5456 859 5506 Lm,
878 5441 1013 5498 5-8.

357 5567 563 5630 gantur
589 5557 930 5630 Augustinus
953 5559 1007 5612 in
1038 5557 1198 5630 Ιροη.
1222 5572 1387 5630 serm.
1412 5557 1470 5611 51
1489 5597 1500 5620 ,
1516 5556 1938 5630 Chrysostomus

358 5625 498 5684 item
536 5629 590 5682 in
622 5625 786 5698 {eam
824 5629 1011 5698 homil.
1055 5627 1153 5693 66,
1178 5625 1653 5698 Cyrillusacomm}
1693 5626 1747 5678 in
1776 5625 1936 5698 long.

351 5713 492 5770 app.
524 5698 587 5752 τ.
621 5695 711 5764 IV,
742 5712 799 5769 p.
833 5697 958 5765 698,
990 5694 1237 5770 denique
1255 5696 1694 5767 Tltcuplivlactus
1726 5712 1849 5768 opp.
1873 5694 1937 5753 Τ.

2036 4697 2278 4753 tuebitur
2321 4712 2436 4753 eos.
2472 4696 2541 4751 Et
2590 4696 2714 4752 illos
2764 4694 3216 4767 pessumdabunt,
3263 4703 3316 4750 et
3367 4694 3601 4748 obruent

2036 4801 2131 4842 eos
2159 4786 2429 4856 lapidibus
2454 4784 2620 4841 funda
2642 4785 2948 4855 ejaculatis,
2978 4793 3033 4839 et
3067 4784 3253 4838 bibent
3283 4785 3603 4852 sanguinem

2037 4877 2251 4931 illorum
2282 4876 2440 4947 quasi
2464 4878 2670 4939 vinum,
2700 4885 2756 4931 et
2784 4875 3086 4944 implebunt
3113 4873 3326 4944 phialas
3339 4875 3482 4937 oleo,
3502 4874 3605 4926 sic-

2037 4973 2097 5019 ut
2126 4965 2314 5019 altare.
2341 4983 2361 5017 ι
2405 4962 2562 5019 Fient
2587 4964 2720 5029 haec,
2745 4964 2941 5035 inquit,
2973 4965 3099 5032 quia
3134 4963 3297 5027 Deus,
3332 4963 3601 5017 bellorum

2038 5063 2344 5112 vestrorum
2376 5054 2510 5121 dux,
2547 5054 2839 5110 terribilem
2871 5054 3133 5109 adversus
3166 5053 3350 5107 hostes
3386 5050 3604 5105 oculum
3642 5088 3646 5094 -

2040 5148 2293 5213 intendit,
2325 5145 2554 5215 fulguris
2598 5146 2769 5199 instar
2799 5146 3099 5199 immittens
3128 5143 3207 5198 eis
3247 5141 3496 5211 gladios:
3550 5148 3647 5194 ει..

2043 5247 2298 5307 tanquam
2327 5238 2560 5293 classico
2585 5235 2842 5306 quodam,
2889 5235 3091 5288 virtute
3135 5250 3255 5299 sua,
3289 5248 3385 5290 vos
3413 5247 3607 5287 omnes

2044 5333 2110 5386 ad
2152 5332 2348 5386 bellum
2385 5328 2686 5392 concitans,
2717 5328 2829 5382 dux
2874 5337 3056 5381 vester
3107 5326 3232 5392 erit,
3281 5326 3445 5381 minis
3490 5325 3637 5380 suis.

2046 5562 2089 5623 l,
2147 5577 2199 5629 ρ.
2254 5560 2377 5623 673,
2423 5561 2508 5614 ed.
2555 5558 2721 5621 Ven,
2772 5559 2865 5629 qui
2919 5573 3107 5618 omnes
3156 5559 3490 5631 pmpbetiam
3539 5559 3637 5618 de.-

2046 5632 2262 5686 (Ihristo
2295 5631 2611 5700 simpliciter
2654 5632 2973 5701 intelligunt.
