4022 6138
390 277 497 348 863

1555 286 1903 358 THEODORI
1941 303 2167 363 MOPSU
2176 294 2423 362 ESTENi

3540 309 3645 376 564*

391 415 624 465 cunctos
645 409 896 479 quatiens
919 408 1291 467 adversarios:
1320 417 1611 486 tantasque
1633 419 1791 476 vobis
1813 420 1955 477 favo-

2068 424 2327 495 σάλπιγγι
2348 429 2413 497 τῇ
2442 426 2619 497 οἰκείᾳ
2646 425 2873 494 δυνάμει
2898 425 3106 488 πάντας
3124 417 3268 496 ὑμᾶς
3297 428 3376 490 είς
3409 425 3503 480 τὸν
3543 429 3647 483 πό-

391 515 453 555 re
480 515 582 556 suo
625 501 903 570 suppetias
937 498 1103 565 feret,
1160 508 1218 555 ut
1252 501 1626 563 incolumitate
1661 509 1815 564 vobis
1845 526 1963 567 me-

394 600 578 655 ncnte,
611 591 955 647 adversarios
999 606 1191 649 omnes
1236 595 1590 664 interimatis,
1622 609 1677 655 et
1725 600 1962 671 lapidum

394 683 592 738 ictibus
635 683 1263 756 obruatis;sanguinem
1296 688 1532 760 denique
1574 692 1791 747 illorum
1843 709 1966 764 pro-

392 780 512 843 pter
542 772 761 826 nimiam
790 772 1110 831 etl‘usionem
1143 779 1535 849 propemodum
1567 783 1754 841 bibere
1785 787 1966 841 videa-

390 861 544 923 mini.
575 861 703 917 dum
741 863 875 919 caedi
925 864 1143 921 illorum
1189 870 1361 924 multa
1390 886 1516 926 cum
1566 874 1850 933 alacritate
1882 878 1965 932 in.

389 948 645 1021 dulgetis.
669 954 851 1024 Atque
872 954 948 1008 ita
977 964 1099 1025 post
1130 957 1412 1014 victoriam
1439 963 1628 1032 plenas
1657 967 1781 1022 oleo
1810 968 1964 1038 phia-

390 1042 493 1105 las,
524 1043 784 1099 sacriﬁcii
828 1046 1006 1102 instat
1042 1046 1153 1103 Deo
1184 1048 1445 1118 oﬂ‘eretis,
1480 1052 1555 1108 ob
1581 1055 1964 1112 demonstran-

387 1132 511 1187 dam
551 1132 689 1204 (Dei)
718 1136 1082 1204 clementiam,
1115 1156 1142 1194 a
1173 1156 1278 1211 qua
1316 1148 1496 1199 tantas
1524 1146 1669 1202 vires
1714 1150 1965 1217 impetra-

387 1225 511 1281 stis.
543 1223 668 1280 Mox
698 1229 969 1285 subnectit
1000 1229 1115 1286 fore
1150 1240 1210 1286 ut
1233 1231 1372 1290 Deus
1390 1249 1522 1291 suos
1549 1251 1739 1295 omnes
1767 1240 1959 1305 salvet,

387 1315 571 1369 ovium
602 1317 778 1373 instar
814 1320 1117 1377 incolumes
1146 1323 1493 1394 custodiens;
1523 1328 1683 1397 cujus
1715 1331 1794 1386 rei
1824 1345 1960 1387 cau-

386 1421 504 1461 sam
533 1408 793 1473 recltans,
832 1407 998 1476 «Quia
1036 1412 1243 1482 lapides
1277 1419 1474 1482 sancti,
1506 1418 1703 1489 inquit,
1730 1422 1961 1476 volvun-

384 1508 475 1552 tur
507 1515 673 1569 super
702 1510 900 1555 terram
931 1502 1094 1574 337
1123 1505 1267 1576 ejus,
1313 1508 1441 1578 quia
1475 1510 1522 1564 si
1563 1511 1692 1580 quid
1725 1512 1958 1577 bonum,

385 1586 538 1656 ejus;
568 1597 621 1643 et
652 1590 698 1644 si
731 1590 861 1663 quid
887 1592 1199 1661 pulchrum,
1229 1595 1370 1666 ejus.
1402 1614 1421 1648 ι
1458 1598 1612 1654 Multi
1655 1603 1824 1668 enim,
1872 1603 1957 1658 in-

384 1678 523 1747 quit,
553 1679 696 1735 inter
739 1696 837 1737 vos
868 1684 1113 1740 invenire
1140 1694 1224 1742 est
1266 1689 1487 1745 virtutis
1534 1692 1833 1759 studiosos,
1862 1696 1957 1765 qui

2068 517 2230 588 λεμον
2280 519 2568 590 διεγείρας,
2606 519 2976 589 προηγήσεται
3014 517 3186 587 ὑμῶν,
3222 521 3286 589 τῇ
3337 519 3531 591 ἀπειλῇ
3575 523 3638 594 τῇ

2070 610 2176 682 ίδία
2225 611 2433 674 πάντας
2481 611 2720 664 σαλεύων
2763 612 2888 674 τοὺς
2927 612 3202 674 ἐναντίους
3232 629 3246 644 ·
3277 610 3546 683 τοσαύτην
3577 630 3640 666 τε

2066 701 2194 770 ὑμῖν
2214 701 2438 772 παρέξει
2462 701 2554 754 διὰ
2580 701 2682 770 τῆς
2705 701 2909 763 οἰκείας
2932 703 3220 772 συνεργίας
3240 701 3338 773 τὴν
3363 702 3634 773 βοήθειαν,

2065 790 2204 843 ὥστε
2255 791 2397 861 ὑμᾶς
2430 790 2685 854 ἀϐλαϐεῖς
2711 789 3011 860 διαμεῖναι,
3045 791 3137 843 καὶ
3189 792 3316 854 τοὺς
3363 792 3638 856 ἐναντίους

2066 880 2446 935 καταναλῶσαι
2470 880 2681 944 πάντας
2700 899 2715 916 ·
2741 880 2835 934 καὶ
2859 882 2980 945 ταῖς
2999 880 3109 933 τῶν
3130 878 3292 934 λίθων
3321 882 3637 952 καταχῶσαι

2066 969 2268 1039 βολαῖς,
2298 968 2360 1024 τὸ
2387 966 2525 1041 αἷμά
2554 986 2614 1025 τε
2634 970 2814 1024 αὐτῶν
2844 973 2911 1042 τῇ
2943 969 3213 1043 ὑπερϐολῇ
3239 975 3339 1042 τῆς
3363 970 3638 1043 ἐκχύσεως

2068 1063 2225 1134 μόνον
2256 1064 2356 1116 οὐκ
2389 1065 2620 1127 ἐκπιεῖν,
2666 1062 2833 1133 πολλῇ
2867 1065 2933 1133 τῇ
2966 1062 3067 1132 τῆς
3098 1062 3429 1134 ἀναιρέσεως
3448 1063 3637 1117 αὐτῶν

2065 1153 2343 1224 προθυμίᾳ
2384 1150 2792 1224 κεχρημένους·
2816 1151 2958 1205 ὥστε
2992 1151 3129 1223 μετὰ
3174 1152 3273 1223 τὴν
3322 1152 3479 1224 νίκην
3500 1153 3639 1224 πληδ

2068 1243 2345 1316 ρώσαντας
2375 1244 2518 1314 ὑμᾶς
2543 1243 2723 1297 ἐλαίου
2746 1234 2967 1312 φιάλας,
3002 1242 3194 1305 θυσίας
3224 1242 3379 1313 δίκην
3412 1241 3489 1312 τῷ
3514 1241 3636 1314 Θεῷ

2064 1335 2449 1408 προσκομίσαι,
2483 1334 2560 1406 (p.
2587 1335 2711 1404 50?.)
2746 1336 2825 1398 είς
2852 1334 3070 1404 ἔλεγχον
3099 1335 3198 1404 τῆς
3226 1334 3637 1405 φιλανθρωπίας

2061 1426 2129 1481 δι’
2163 1427 2230 1496 ἦν
2261 1427 2596 1496 τετυχήκατε
2634 1424 2737 1496 τῆς
2789 1422 3060 1496 τοσαύτης
3085 1427 3385 1497 δυνάμεως.
3412 1425 3641 1489 Τούτοις

2062 1516 2372 1581 ἀκολούθως
2423 1518 2639 1585 ἐπάγει,
2665 1518 2746 1570 ὅτι
2799 1518 3007 1581 πάντας
3037 1520 3164 1580 τοὺς
3195 1518 3429 1580 οἰκείους
3479 1535 3635 1588 περι-

2062 1609 2225 1664 σώσει
2279 1610 2432 1673 Θεὸς,
2482 1610 2770 1681 προϐάτων
2821 1610 2973 1679 δίκην
3014 1609 3270 1672 ἀϐλαϐεῖς
3310 1608 3629 1678 φυλάττων·

2061 1701 2156 1753 καὶ
2184 1700 2284 1771 τὴν
2312 1699 2491 1754 αἰτίαν
2520 1699 2713 1766 λέγων,
2753 1717 2770 1749 ι
2809 1697 2953 1753 Διότι
2990 1694 3125 1752 λίθοι
3161 1698 3306 1767 ἅγιοι
3356 1699 3631 1752 κυλίονται

385 1784 510 1824 cum
550 1772 775 1842 reliquis
824 1774 1139 1832 hominibus
1187 1778 1241 1832 in
1289 1787 1433 1835 terra
1464 1797 1653 1853 repere
1686 1785 1955 1849 videntur,

2061 1791 2155 1844 ἐπὶ
2181 1791 2282 1859 τῆς
2310 1791 2411 1861 γῆς
2438 1790 2602 1844 αὑτοῦ
2624 1806 2637 1819 ·
2670 1792 2751 1843 ὃτι
2771 1790 2826 1842 εἴ
2856 1808 2908 1843 τι
2956 1789 3180 1857 ἀγαθὸν,
3212 1788 3377 1843 αὐτοῦ
3403 1807 3417 1820 ·
3445 1788 3541 1842 καὶ
3581 1788 3636 1841 ετ

387 1862 561 1933 ignoti
592 1865 861 1935 pluribus.
892 1868 963 1922 At
992 1868 1135 1925 Deus
1162 1869 1358 1925 horum
1390 1874 1587 1942 gratia,
1616 1890 1684 1930 ne
1711 1877 1958 1947 reliquos

384 1955 604 2024 quidem
635 1957 919 2026 despiciet.
951 1959 1088 2015 Nam
1115 1962 1379 2031 quidquid
1410 1964 1612 2020 bonum
1638 1967 1959 2037 puichrum~

383 2062 492 2118 que
514 2056 619 2111 est,
651 2064 790 2117 opus
821 2050 968 2107 illius
998 2062 1113 2108 est:
1156 2054 1387 2124 ideoque
1416 2064 1732 2114 sanctorum
1762 2068 1814 2115 et
1845 2061 1958 2115 vir-

381 2136 517 2194 tutis
568 2147 901 2195 sectatorum
949 2142 1168 2199 sibimet
1203 2146 1489 2204 vindicans
1524 2150 1829 2218 passiones,
1864 2166 1958 2221 pa-

385 2235 534 2282 ratus
575 2239 659 2285 est
709 2231 863 2288 alteri
916 2249 1133 2305 quoque
1176 2246 1396 2307 propter
1424 2239 1548 2296 illos
1575 2241 1715 2297 bene
1748 2241 1948 2296 facere.

384 2321 646 2380 Posthiuc
700 2326 1002 2384 ubertatem
1055 2344 1274 2401 quoque
1323 2334 1459 2403 ipsis
1506 2336 1770 2393 nuntians
1826 2347 1952 2407 post

382 2414 621 2470 hostium
651 2418 875 2493 caedem,
892 2421 1066 2491 pergit
1097 2422 1314 2477 dicere:

2053 1900 2107 1934 τι
2156 1882 2339 1947 καλὸν,
2376 1881 2561 1936 αὐτοῦ.
2608 1901 2626 1933 t
2661 1879 2895 1946 Πολλοὺς
2926 1880 3024 1953 μὲν
3071 1884 3180 1954 γὰρ
3227 1885 3285 1936 ἐν
3325 1883 3453 1952 ὑμῖν
3491 1875 3630 1934 εἶναι

2057 1972 2372 2043 συμϐέϐηκε
2392 2008 2407 2037 ,
2434 1974 2627 2043 φησιν,
2659 1971 2860 2042 ἀρετῆς
2903 1972 3361 2043 ἐπιμελομένους,
3390 1970 3442 2024 οἳ
3490 1969 3631 2041 μετὰ

2053 2062 2162 2117 τῶν
2200 2064 2401 2117 λοιπῶν
2426 2063 2725 2135 ἀνθρώπιον
2766 2064 2859 2116 ἐπὶ
2889 2064 2987 2132 τῆς
3021 2064 3124 2133 γῆς
3144 2058 3335 2131 ἐρπειν
3359 2061 3629 2126 δοκοῦσιν,

2055 2154 2280 2224 ἀφανεῖς
2302 2153 2454 2219 ὄντες
2477 2153 2590 2219 τοῖς
2614 2154 2855 2219 πολλοῖς·
2886 2151 3017 2218 Θεὸς
3056 2154 3110 2208 δὲ
3146 2155 3214 2207 δι’
3248 2153 3486 2215 ἐκείνους
3509 2149 3631 2205 οὐδὲ

2055 2246 2181 2308 τοὺς
2210 2244 2429 2307 λοιποὺς
2458 2245 2777 2316 περιόψεται
2802 2263 2816 2278 ·
2849 2244 3035 2316 ἐπειδὴ
3066 2246 3172 2298 πᾶν
3193 2245 3220 2298 ὅ
3243 2260 3295 2297 τι
3333 2242 3535 2311 ἀγαθόν
3570 2257 3630 2294 τε

2058 2337 2152 2390 καὶ
2177 2335 2357 2401 καλὸν,
2387 2336 2547 2406 ἔργον
2577 2336 2742 2390 αὐτοῦ
2761 2353 2777 2368 ·
2813 2335 2894 2389 διὸ
2920 2335 2985 2408 δὴ
3028 2337 3125 2390 καὶ
3162 2336 3272 2389 τῶν
3319 2335 3489 2405 ἁγίων
3534 2332 3631 2386 καὶ

2057 2429 2195 2499 πρὸς
2215 2427 2413 2499 ἀρετὴν
2438 2427 2740 2498 βλεπόντων
2756 2429 3123 2500 οἰκειούμενος
3136 2428 3204 2482 τὰ
3225 2426 3390 2496 πάθη,
3412 2423 3631 2494 ἕτοιμός

382 2512 499 2564 ἐστι
534 2512 628 2565 καὶ
662 2514 880 2582 ἐτέρους
908 2516 1048 2588 ὑπὲρ
1078 2506 1257 2572 αὐτῶν
1284 2520 1540 2575 εὐποιεϊν.
1582 2516 1715 2576 Εἶτα
1743 2522 1835 2576 καὶ
1866 2512 2152 2594 εὐετηρίαν
2178 2524 2361 2588 αὐτοῖς
2390 2522 2867 2593 εὐαγγελιζόμενος
2910 2522 3046 2594 μετὰ
3074 2522 3173 2595 τεὴν
3207 2521 3314 2576 τῶν
3356 2517 3634 2588 πολεμίων

379 2604 615 2674 σφαγὴν,
641 2606 832 2674 ἐπάγει
857 2612 870 2637 ⁸

1040 2701 1195 2758 CAP.
1224 2694 1291 2755 Χ.

455 2787 619 2846 Vens.
653 2793 771 2847 ι-δ.
803 2824 867 2836 -
904 2810 921 2845 ι
944 2793 1114 2849 Petite
1145 2810 1173 2849 a
1209 2796 1437 2850 Domino
1484 2796 1721 2865 pluviam
1750 2810 1953 2867 oppnrd

383 2884 593 2944 lunam,
655 2885 976 2939 matutinam
1038 2893 1091 2938 ct
1137 2887 1451 2941 serotinam.
1511 2887 1772 2942 Dominus
1827 2889 1953 2942 fecit

380 2972 718 3039 'phanla‘sias,
774 2983 830 3028 et
887 2973 1113 3028 imbrem
1160 2976 1444 3029 hiemalem
1474 2977 1626 3031 dabit
1672 2981 1772 3042 eis,
1826 2976 1950 3031 uni-

380 3062 581 3131 cuique
610 3063 832 3119 herbam
866 3064 921 3117 in
952 3078 1104 3135 agro.
1127 3084 1145 3116 ι
1179 3065 1263 3119 Ab
1296 3065 1415 3135 ipso
1442 3067 1714 3135 postulate
1741 3067 1953 3138 pluvias

382 3154 609 3209 idoneas
636 3154 851 3226 frugum
884 3158 1206 3225 proventui:
1255 3159 1349 3227 qui
1376 3160 1547 3212 multo
1586 3174 1709 3212 cum
1745 3166 1956 3216 terrore

381 3246 580 3302 solitus
608 3258 787 3301 aerem
814 3249 1164 3312 conturbare,
1193 3257 1247 3304 et
1272 3257 1508 3305 mentem
1537 3251 1780 3304 omnium
1805 3260 1956 3305 ‘com-

380 3352 601 3393 movere
632 3344 792 3393 teri-aa
826 3339 1128 3393 incolarum
1166 3340 1541 3410 magnitudine
1572 3341 1957 3411 phamomeno-

380 3444 526 3493 rum,
547 3430 784 3500 pluviam
810 3432 986 3500 potest
1005 3441 1392 3501 ceng‘ruentem
1410 3428 1565 3488 vobis
1584 3434 1953 3503 suppeditare,

377 3529 442 3576 ut
479 3521 663 3575 omnia
695 3521 762 3574 de
802 3522 996 3577 tellure
1040 3530 1376 3577 enascantur
1407 3523 1559 3579 vobis
1602 3526 1952 3582 necessaria:

378 3628 615 3682 namque
646 3612 865 3668 herbam
893 3615 1191 3683 generatim
1225 3614 1356 3669 dicit
1396 3628 1493 3685 pro
1538 3616 1783 3686 quolibet
1837 3617 1955 3672 fru-

378 3712 514 3771 ctu;
569 3704 735 3760 veluti
781 3713 862 3760 est
909 3706 1074 3759 illud:
1141 3704 1457 3762 «Germinet
1524 3712 1671 3763 terra
1726 3709 1951 3764 herbam

380 3793 490 3849 feni
515 3793 590 3861 ";
611 3812 630 3846 ι
670 3794 761 3849 ubi
785 3794 1001 3850 constat
1036 3803 1232 3853 cuncta
1267 3795 1513 3851 denotari
1545 3812 1667 3868 quas
1696 3797 1763 3855 de
1809 3804 1954 3855 terra

348 3875 686 3941 'nascuntur
709 3887 974 3957 germina.
1008 3884 1210 3945 Deinde
1244 3903 1436 3946 rursus
1470 3889 1730 3947 salutaris
1782 3891 1957 3947 moui-

381 3976 547 4031 tionis
574 3992 765 4041 causa,
803 3981 1075 4048 praeterita
1109 3980 1249 4034 mala
1275 3990 1731 4045 commemOrans,
1766 3983 1950 4038 addit:

384 4085 406 4116 ι
426 4065 697 4132 Quoniam
730 4069 787 4122 hi
818 4069 911 4139 qui
949 4071 1328 4141 loquebantur,
1353 4072 1520 4127 locuti
1554 4084 1683 4128 sunt
1716 4073 1950 4136 labores.

381 4168 437 4210 et
469 4158 641 4211 divini
673 4157 841 4217 falsas
872 4160 1131 4229 visiones,
1164 4173 1219 4218 et
1251 4163 1463 4219 semnia
1502 4162 1716 4219 fallacia
1763 4173 1954 4218 narra-

380 4242 538 4312 bant,
587 4257 643 4303 et
690 4265 830 4306 vane
873 4255 1323 4311 censolabantur.
1378 4254 1503 4311 Ideo
1552 4256 1775 4311 arefacti
1825 4269 1953 4313 sunt

381 4337 527 4394 sicut
552 4352 700 4401 oves,
760 4346 816 4395 et
848 4341 1030 4398 aﬂlicti
1065 4354 1213 4411 sunt,
1262 4346 1389 4415 quia
1421 4361 1528 4402 non
1555 4355 1674 4404 erat
1713 4350 1947 4405 sanatio.

2707 2689 2860 2754 ΚΕΦ.
2902 2694 2959 2753 1'.

2124 2790 2271 2861 Στίχ.
2305 2795 2457 2859 α’-γ’.
2480 2812 2551 2832 -ι-
2574 2808 2594 2842 t
2630 2790 2875 2844 Αῖτεῖσθε
2909 2789 3055 2860 παρὰ
3083 2789 3290 2861 Κυρίου
3316 2786 3470 2842 ὑετὸν
3503 2788 3630 2845 καθ’

2050 2881 2199 2954 ὥραν
2236 2881 2484 2953 πρώῖμον
2516 2882 2611 2935 καὶ
2643 2880 2870 2952 ὄψιμον·
2920 2876 3122 2953 Κύριος
3164 2881 3386 2951 ἐποίησε
3426 2899 3633 2950 φανταο

2051 2976 2197 3038 σίας,
2244 2977 2338 3029 καὶ
2387 2975 2541 3028 ὑετὸν
2591 2972 2895 3044 χειμερινὸν
2948 2972 3108 3026 δώσει
3151 2973 3332 3036 αὐτοῖς
3354 3014 3368 3038 ,
3413 2974 3631 3045 ἑκάστῳ

2063 3063 2289 3135 βοτάνην
2326 3066 2384 3118 ἐν
2418 3063 2590 3135 ἀγρῷῖ
2637 3082 2655 3115 ι
2686 3064 2845 3136 Παρὰ
2873 3063 3062 3115 τούτου
3089 3061 3152 3133 δὴ
3185 3063 3279 3116 καὶ
3322 3064 3511 3126 ὑετοὺς
3544 3067 3630 3118 ai—

2056 3157 2197 3209 τεῖτε
2246 3155 2578 3225 ἐπιτηδείους
2626 3157 2706 3219 είς
2755 3155 2855 3226 τὴν
2900 3154 3008 3208 τῶν
3050 3154 3279 3223 καρπῶν
3320 3156 3527 3224 φοράν·
3570 3154 3632 3218 ὃς

2056 3245 2262 3308 εἰωθὼς
2289 3245 2427 3317 μετὰ
2456 3245 2649 3299 πολλοῦ
2678 3244 2771 3298 τοῦ
2802 3245 2968 3315 φόϐου
2998 3245 3318 3316 συστρέφειν
3344 3247 3436 3298 τὸν
3464 3245 3626 3316 ἀέρα,

2056 3341 2150 3395 καὶ
2179 3341 2471 3410 φαντάζειν
2496 3341 2739 3404 ἅπαντας
2764 3340 2892 3402 τοὺς
2917 3340 3010 3392 ἐπὶ
3037 3339 3135 3409 τῆς
3167 3340 3273 3409 γῆς
3299 3337 3377 3409 τῷ
3409 3336 3629 3409 μεγέθει

2053 3433 2164 3487 τῶν
2192 3432 2486 3503 γινομένων
2506 3476 2519 3494 ,
2556 3432 2833 3502 αὐτάρκης
2858 3430 3010 3484 ὑετὸν
3045 3431 3173 3500 ύμῖν
3206 3430 3505 3500 παρασχεῖν
3534 3427 3629 3481 τὸν

2056 3524 2384 3596 καθήκοντα,
2414 3522 2547 3577 ὥσθ’
2576 3522 2791 3576 ἅπαντα
2828 3521 2982 3591 φύειν
3011 3523 3077 3575 ἐκ
3107 3523 3207 3590 τῆς
3242 3520 3344 3591 γῆς
3378 3519 3461 3572 ’τὰ
3498 3520 3631 3590 ὑμῖν

2055 3616 2356 3684 ἀναγκαῖα·
2393 3613 2619 3684 βοτάνην
2647 3613 2754 3683 γάρ
2793 3612 2987 3676 κοινῶς
3015 3612 3143 3674 τοὺς
3172 3612 3414 3681 καρποὺς
3439 3610 3590 3678 λέγει
3619 3628 3630 3639 ·

2054 3703 2166 3764 οἷόν
2189 3709 2304 3760 ἐστι
2322 3706 2418 3759 καὶ
2432 3706 2511 3770 τὺ,
2537 3725 2554 3756 t
2578 3702 2993 3775 Βλαστησάτωή
3019 3703 3089 3773 γῆ
3115 3701 3340 3771 βοτάνην
3356 3700 3572 3772 χόρτου·
3603 3720 3622 3752 ι

2055 3790 2273 3868 εὔδηλον
2301 3795 2410 3865 γὰρ
2428 3797 2510 3850 ὅτι
2535 3795 2696 3848 κάκεῖ
2723 3793 2897 3847 πάντα
2919 3792 3067 3860 λέγει
3086 3790 3153 3845 τά
3173 3793 3235 3843 ἐκ
3257 3791 3361 3861 γῆς
3382 3789 3633 3861 φυόμενα

2051 3887 2161 3941 τῶν
2200 3885 2547 3956 σπερμάτων,
2596 3881 2727 3937 Εἶτα
2764 3882 2924 3936 πάλιν
2979 3881 3073 3935 ἐπὶ
3123 3879 3486 3953 σωφρονισμῷ
3515 3879 3633 3932 τῶν

2055 3976 2459 4049 προειληφότων
2485 3974 2681 4036 αὐτοὺς
2707 3972 3141 4044 ὑπομιμνήσκων
3165 3970 3363 4039 ἐπάγει
3382 3986 3396 4000 ·
3426 3988 3445 4020 ι
3478 3968 3629 4021 Διότι

2053 4066 2521 4138 ἀποφθεγγόμενοι
2572 4064 2838 4134 ἐλάλησαν
2872 4060 3076 4125 κόπους
3096 4078 3110 4094 ·
3159 4061 3255 4116 καὶ
3302 4061 3351 4113 oi
3404 4061 3633 4131 μάντεις

2051 4160 2269 4233 ὁράσεις
2324 4157 2538 4228 ψευδεῖς
2592 4156 2686 4210 καὶ
2741 4154 2810 4207 τὰ
2864 4153 3091 4207 ἐνύπνια
3148 4151 3318 4222 ψευδῆ
3378 4150 3628 4216 ἐλάλουν,

2053 4254 2129 4325 (p.
2156 4251 2282 4318 503)
2311 4250 2515 4321 μάταια
2545 4247 2915 4319 παρεκάλουν·
2948 4244 3036 4298 διὰ
3063 4243 3222 4298 τοῦτο
3248 4242 3631 4315 ἐξηράνθησαν

2050 4338 2127 4407 ὼς
2158 4341 2422 4414 πρόϐατα,
2450 4339 2547 4393 καὶ
2576 4336 2954 4407 ἐκακώθησαν,
2984 4335 3065 4388 ὅτι
3090 4336 3195 4388 οὐκ
3216 4329 3285 4405 ἦν
3311 4334 3456 4396 ίασις
3480 4349 3494 4364 ·
3530 4332 3629 4386 ἐπὶ

382 4426 563 4499 Super
590 4439 839 4500 pastores
865 4435 1175 4490 concitatus
1209 4446 1292 4493 est
1313 4438 1467 4494 furor
1496 4455 1670 4506 meus,
1699 4450 1754 4496 et
1780 4457 1952 4514 agnos

2057 4438 2181 4500 τοὺς
2208 4434 2468 4507 ποιμένας
2493 4428 2818 4503 παρωξύνθη
2850 4434 2878 4484 ό
2910 4429 3082 4499 θυμός
3110 4445 3233 4499 μου,
3261 4428 3355 4481 καὶ
3380 4428 3473 4480 ἐπὶ
3496 4426 3629 4489 τοὺς

378 4526 533 4578 ruens
572 4524 824 4581 visitabo.
851 4538 872 4578 ι
911 4527 1050 4581 Olim
1081 4529 1322 4599 quidem,
1372 4530 1568 4600 inquit,
1608 4533 1830 4601 quando
1862 4533 1950 4589 di—

377 4615 522 4669 vinis
552 4615 915 4673 attendebatis
955 4620 1125 4673 multa
1157 4635 1281 4675 cum
1315 4619 1553 4677 falsitate
1580 4623 1739 4678 vobis
1767 4623 1953 4679 omnia

377 4704 720 4775 dicentibus,
769 4717 825 4764 et
876 4711 1157 4781 prophetis
1209 4714 1405 4769 vestris
1451 4715 1736 4784 neglectis,
1790 4717 1954 4773 dictis

377 4796 600 4852 illorum
628 4801 812 4870 potius
845 4801 1191 4869 credebatis;
1233 4810 1365 4858 tunc
1398 4819 1495 4859 vos
1538 4806 1873 4863 insanabiles
1901 4820 1955 4864 et

375 4887 811 4947 inemendabiles
841 4890 1008 4963 338
1037 4900 1254 4957 nactus,
1288 4901 1545 4965 tanquam
1571 4912 1700 4951 oves
1739 4899 1949 4969 suppli-

377 4981 479 5039 ciis
531 4983 752 5049 tradidi,
809 4985 927 5054 pari
974 4985 1055 5040 ira
1100 4986 1361 5042 adversus
1389 4988 1557 5044 duces
1584 4994 1638 5044 ct
1684 4988 1947 5046 adversus

377 5074 629 5131 subditos
683 5082 863 5140 utens,
901 5090 1008 5148 qua
1036 5081 1092 5133 et
1128 5078 1229 5134 hos
1269 5086 1323 5134 et
1358 5080 1477 5133 illos
1518 5080 1678 5136 simul
1715 5082 1943 5151 perdidi.

376 5165 551 5236 Atque
582 5166 698 5222 haec
738 5167 959 5240 quidem
988 5170 1061 5226 ob
1093 5170 1183 5226 illa
1214 5179 1343 5226 tunc
1379 5172 1702 5242 pertulistis.

449 5438 621 5498 Vsus.
649 5443 770 5497 4-7.
796 5474 866 5484 —-
895 5444 1052 5500 Nunc
1087 5461 1214 5501 vero
1244 5445 1415 5515 quid?
1458 5463 1474 5496 ι
1500 5445 1564 5498 Et
1588 5445 1821 5498 \‘isitavit
1845 5443 1947 5499 Do-

377 5530 563 5586 tniuus
610 5534 953 5605 omnipotens
982 5552 1196 5609 gregem
1240 5553 1420 5601 suum,
1469 5537 1687 5590 domum
1724 5536 1891 5601 Ιιιιίω,
1923 5557 1941 5588 ›

450 5686 495 5725 θ’
528 5703 664 5761 σου.
696 5704 847 5767 1,11.

2048 4530 2253 4601 ἀμνούς
2292 4545 2391 4600 μου
2432 4526 2818 4596 ἐπισκέψομαι.
2864 4543 2883 4574 ι
2922 4522 3098 4576 Πάλαι
3142 4521 3239 4591 μὲν
3271 4520 3399 4590 γὰρ,
3435 4519 3622 4589 φησιν,

2049 4616 2283 4692 ὁπηνίκα
2309 4621 2422 4683 τοῖς
2471 4619 2694 4690 μάντεσι
2744 4614 3060 4686 προσείχετε
3110 4612 3244 4683 μετὰ
3287 4609 3482 4663 πολλοῦ
3527 4606 3625 4662 τοῦ

2049 4712 2276 4782 ψεύδους
2319 4712 2532 4766 ἅπαντα
2557 4705 2959 4777 διαλεγομένοις
2987 4704 3135 4773 ὑμῖν,
3167 4703 3262 4756 καί
3289 4701 3352 4771 δὴ
3384 4700 3495 4754 τῶν
3524 4698 3629 4770 μὲν

2051 4802 2344 4873 προφητῶν
2373 4801 2626 4871 ἠμελεῖτε
2653 4798 2763 4851 τῶν
2790 4795 2961 4866 ἐμῶν,
3003 4797 3111 4857 τοῖς
3146 4793 3276 4865 παρ’
3313 4793 3537 4846 ἐκείνων
3568 4790 3628 4844 δέ

2053 4895 2367 4966 λεγομένοις
2396 4891 2677 4947 ἐπείθεσθε
2723 4889 2938 4962 μᾶλλον,
2973 4888 3094 4942 τότε
3120 4886 3185 4958 δὴ
3217 4883 3411 4939 ἀνίατά
3439 4900 3501 4936 τε
3530 4881 3627 4936 καὶ

2057 4987 2355 5059 ἀδιόρθωτα
2400 4983 2468 5037 τά
2513 4984 2632 5037 καθ’
2681 4982 2826 5053 ὑμᾶς
2871 4976 3069 5052 εὑρὼν,
3126 4976 3326 5030 ὡσανεὶ
3378 4974 3631 5047 πρόϐατα

2054 5078 2349 5150 τιμωρίαις
2376 5075 2667 5139 ἐκδέδωκα,
2699 5074 2781 5128 ἐνὶ
2804 5073 2883 5145 τῷ
2904 5071 3080 5143 θυμῷ,
3115 5069 3207 5123 ἐπί
3235 5085 3293 5121 τε
3319 5067 3443 5128 τοὺς
3465 5068 3626 5135 ἡγου-

2061 5171 2272 5244 μένους,
2304 5168 2395 5221 ἐπί
2421 5184 2481 5221 τε
2515 5168 2636 5230 τοὺς
2669 5167 2942 5238 ὑπηκόους
2968 5162 3332 5236 χρησάμενος,
3364 5152 3492 5227 ᾧδὴ
3522 5156 3624 5211 κά-

2053 5261 2262 5324 κείνους
2295 5258 2431 5313 κατὰ
2453 5257 2647 5310 ταυτὸν
2676 5255 2934 5310 ἀπώλεσα
2968 5255 3061 5308 κα)⁸
3085 5251 3307 5313 τούτους
3331 5267 3346 5280 ·
3374 5249 3494 5300 τότε
3526 5245 3626 5315 μὲν

2052 5351 2115 5423 δὴ
2151 5350 2246 5404 καὶ
2276 5347 2502 5404 τοιαῦτα
2531 5348 2672 5419 ὑπὲρ
2696 5347 2919 5400 ἐκείνων
2944 5343 3269 5397 πεπόνθατε.

2125 5441 2271 5512 Στίχ.
2302 5439 2434 5503 δ’-ζ’.
2464 5469 2534 5481 -
2565 5439 2702 5492 Νυνὶ
2727 5437 2783 5490 δέ
2811 5436 2897 5502 τίς
2940 5453 2958 5487 ι
2993 5436 3103 5489 Καὶ
3128 5430 3484 5499 ἐπισκέψεται
3511 5427 3623 5483 Κύδ

2058 5552 2169 5606 ριος
2215 5534 2244 5587 ὁ
2285 5529 2677 5604 παντοκράτωρ
2716 5528 2776 5581 τὸ
2821 5526 3068 5597 ποίμνιον
3118 5519 3304 5587 αὐτοῦ,
3333 5519 3426 5576 τὸν
3474 5515 3624 5576 olm
