4022 6138
356 325 469 388 565

1315 317 1868 380 COMMENTARIUS
1907 318 1970 372 IN
2003 314 2376 375 ΖΛΟΗΑΒῙΔΕ
2415 318 2565 376 (ΞΜ).
2607 318 2673 378 Κ.

3503 321 3612 378 5'36

364 443 562 504 Ἰούδα,
601 459 619 493 ι
655 437 838 493 καὶτὰ
858 434 1003 510 ἑξῆς,
1034 430 1110 492 ὧν
1139 437 1276 492 ὥστε
1310 439 1387 510 μὴ
1416 437 1696 510 μηκύνειν,
1725 438 1824 507 τὴν
1849 435 1925 488 λέ-

2035 441 2089 489 et
2119 435 2352 505 reliqua,
2393 448 2516 506 quae
2543 449 2713 502 nunc,
2753 449 2822 490 ne
2853 433 3095 506 prolixus
3136 433 3262 500 sim,
3294 442 3612 489 contextum

357 534 441 601 ξιν
467 533 689 588 ἃπασαν
724 530 818 583 ἐπὶ
847 530 940 583 τοῦ
972 530 1238 599 παρόντος
1274 529 1549 583 ἐκτιθέναι
1586 530 1810 600 παρεὶς,
1845 529 1936 582 τὸν

353 624 482 678 νοῦν
507 621 640 695 ἐρῶ,
666 621 802 674 Θεοῦ
832 621 1036 694 χάριτι,
1062 624 1183 687 ταῖς
1213 623 1577 694 προφητικῶς
1605 621 1813 684 λέξεσιν
1841 623 1938 674 αὑ-

358 716 450 769 τὸν
487 716 567 778 εἰς
591 712 691 784 τὴν
713 712 825 765 τῶν
850 711 1283 781 ἐντυγχανόντων
1311 711 1636 781 κατανόησιν
1664 712 1940 783 ἐφαρμότ-

360 820 484 873 των,
516 807 666 875 λέγει
700 804 835 875 γὰρ,
863 803 945 857 ὅτι
987 804 1418 876 Ἐπιμελήσομαι
1450 803 1546 857 τοῦ
1578 804 1728 858 οτκου
1769 804 1939 860 Ἰούδα

357 897 448 961 οὓς
492 896 682 965 ὥσπερ
726 893 986 963 ’ποίμνιον
1041 893 1175 947 ἴδιον
1222 891 1458 965 ἐθέμην·
1514 894 1834 964 γενήσονται
1879 892 1937 946 δὲ

361 986 568 1061 ισχυροὶ
604 984 750 1040 κατὰ
777 983 884 1037 τῶν
916 984 1177 1037 ἐναντίων
1198 985 1256 1037 ὲν
1278 986 1390 1048 τοῖς
1421 983 1698 1054 πολέμοις,
1734 984 1937 1054 μᾶλλον

358 1079 392 1150 ἢ
432 1079 594 1140 ἵππος
645 1077 865 1148 ἰσχυρὸς
907 1074 1012 1130 ὑπὸ
1055 1076 1248 1147 ἀνδρὸς
1290 1074 1617 1146 πολεμιστοῢ
1648 1074 1790 1130 κατὰ
1828 1075 1937 1129 τῶν

360 1168 631 1238 πολεμίων
660 1166 1080 1236 ὲξελαυνόμενος
1096 1181 1109 1195 ·
1142 1164 1206 1230 ἐξ
1234 1164 1400 1219 αὑτοῦ
1426 1165 1556 1237 γὰρ,
1582 1165 1725 1234 λέγω
1751 1164 1815 1237 δὴ
1841 1164 1935 1220 τοῦ

372 1258 560 1323 Ἰούδα,
591 1257 842 1328 προεῖδον
872 1255 1071 1326 χρῆναι
1093 1255 1184 1309 τὸν
1211 1256 1517 1325 Ζοροϐάϐελ
1542 1256 1933 1328 προωηθῆναι,

362 1348 613 1402 κάκεῖθεν
648 1346 812 1400 αὑτὸν
836 1345 1016 1400 λαϐὼν
1041 1347 1122 1410 εἰς
1149 1344 1246 1417 τὴν
1273 1345 1549 1416 βασιλείαν
1569 1346 1753 1411 ἔταξα,
1786 1348 1934 1417 ἰσχυ-

361 1439 451 1511 ρόν
482 1455 542 1491 τε
575 1437 739 1492 αὑτὸν
770 1438 866 1491 καὶ
891 1436 1064 1508 θυμοῦ
1098 1437 1332 1492 πνέοντα
1361 1438 1506 1493 κατὰ
1532 1438 1641 1493 τῶν
1677 1438 1937 1493 ἐναντίων

258 1522 267 1527 ’
360 1530 722 1600 εἰργασάμην,
751 1526 940 1598 ἐπειδὴ
960 1529 1054 1581 καὶ
1078 1528 1333 1594 καθάπαξ
1356 1532 1420 1583 ὲκ
1446 1533 1545 1601 τῆς
1576 1530 1743 1585 Ἰούδα
1764 1530 1938 1600 φυλῆς

360 1621 530 1692 ὥρισα
582 1620 834 1692 προϊέναι
882 1621 1006 1683 τοὺς
1048 1619 1334 1692 ἄρχοντας,
1376 1624 1469 1693 (p.
1517 1624 1658 1692 504)
1711 1623 1806 1689 οὓς
1843 1625 1938 1679 καὶ

361 1710 715 1780 προηγεῖσθαι
750 1710 1024 1781 προσῆκεν
1055 1712 1117 1765 ὲν
1143 1714 1259 1776 τοῖς
1292 1714 1552 1783 πολέμοις
1583 1716 1814 1770 πάντοτε
1840 1715 1935 1769 τοῦ

2042 532 2216 599 totpm
2259 525 2315 580 in
2342 526 2598 595 praesenti
2625 525 2861 582 recitare
2888 525 3172 590 amittens,
3221 539 3445 581 sensum
3490 525 3611 591 eius

2039 626 2326 683 exponam.
2394 612 2505 670 Deo
2550 612 2788 679 favente,
2845 612 3180 685 propheticis
3226 611 3410 668 verbis
3467 611 3616 667 hunc

2040 705 2477 770 accommodans,
2537 718 2593 762 ut
2641 721 2767 767 eum
2820 707 3053 763 lectores
3107 716 3463 776 cognoscant.
3522 707 3627 760 Ait

2038 794 2186 850 enim
2210 815 2223 850 :
2261 794 2544 853 Sollicitus
2572 812 2670 853 cra
2697 798 2765 854 de
2792 799 2957 854 domo
2984 796 3158 863 Iudae,
3190 813 3353 869 quam
3397 803 3459 853 ut
3499 812 3617 869 gre-

2037 900 2159 957 gem
2189 887 2323 943 mihi
2352 890 2635 960 proprium
2669 895 2886 960 reputo.
2927 887 3084 945 Fient
3107 897 3288 945 autem
3322 887 3486 943 validi
3515 887 3616 944 adv

2039 990 2232 1032 versus
2258 976 2446 1034 hostes
2486 979 2542 1033 in
2577 979 2737 1036 hellis
2772 981 2896 1050 plus
2922 995 3087 1051 quam
3131 981 3344 1037 validus
3370 995 3549 1050 equus
3582 992 3621 1037 ι

2039 1066 2300 1124 bellicoso
2318 1069 2437 1124 viro
2459 1069 2514 1124 in
2554 1069 2741 1125 hostes
2761 1071 3007 1125 adactus.
3028 1069 3106 1125 Ex
3138 1072 3237 1125 hac
3255 1071 3399 1126 extim
3429 1070 3612 1137 domo,

2039 1161 2262 1230 praevidi
2314 1169 2569 1232 oportere
2611 1160 3007 1217 Zorobabelem
3055 1162 3216 1233 eligi;
3282 1176 3448 1232 reque
3485 1176 3616 1215 vera

2039 1250 2166 1307 inde
2184 1266 2309 1306 eum
2329 1262 2607 1323 sumptum
2631 1253 2779 1325 regia
2800 1252 3063 1324 dignitate
3086 1252 3284 1307 donavi
3309 1270 3324 1319 ;
3356 1251 3496 1306 valid
3505 1266 3614 1306 um-

2037 1357 2145 1412 que
2168 1342 2371 1412 ipsum,
2397 1350 2454 1399 et
2482 1343 2619 1398 iram
2647 1343 2917 1400 adversus
2946 1343 3133 1401 hostes
3164 1343 3459 1415 spirantem
3488 1343 3613 1407 feci,

2038 1431 2167 1501 quia
2199 1447 2428 1502 prorsus
2461 1432 2529 1489 de
2556 1430 2710 1488 Iudae
2732 1433 2879 1488 tribu
2911 1432 3125 1488 decrevi
3157 1432 3450 1503 procedere
3473 1431 3616 1500 prin-

2037 1522 2209 1592 cipes,
2250 1537 2391 1594 quos
2425 1538 2646 1594 semper
2675 1524 2859 1595 populi
2889 1523 3058 1580 duces
3086 1537 3210 1579 esse
3248 1523 3301 1576 in
3343 1521 3498 1577 bellis
3520 1521 3615 1575 de.

2037 1614 2213 1670 cebit-:
2271 1628 2506 1686 namque
2547 1614 2734 1670 hostes
2787 1615 2919 1671 suas
2959 1613 3260 1684 praliando
3300 1613 3615 1684 superaturi

2039 1713 2189 1772 sunt,
2219 1713 2276 1761 ut
2301 1720 2398 1762 eos
2436 1707 2768 1763 conculcare
2799 1707 2898 1761 luti
2934 1707 3109 1763 instar
3137 1708 3356 1778 possint
3385 1704 3528 1776 quod
3558 1705 3611 1758 iu

362 1800 522 1857 λαοῦ·
568 1805 692 1856 ἐπεὶ
741 1804 839 1857 καί¹
885 1804 1393 1875 κατακρατήσουσιν
1441 1802 1582 1858 οὓτω
1623 1804 1731 1858 τῶν
1776 1808 1925 1859 ὲναν-

2036 1797 2139 1852 viis
2165 1812 2195 1851 a
2222 1798 2636 1853 transeuntibus
2681 1797 2897 1854 teritur.
2947 1796 3143 1861 Tanta,
3182 1797 3379 1868 inquit,
3429 1796 3614 1851 hostes

362 1894 491 1947 τίων
541 1897 598 1946 ἐν
653 1897 770 1957 τοῖς
830 1893 1121 1964 πολέμοις.
1174 1893 1315 1948 ὥστε
1365 1897 1700 1949 καταπατεῖν
1736 1896 1931 1959 αὐτοὺς

365 1986 531 2057 πηλοῦ
566 1985 724 2056 δίκην
763 1988 821 2038 ἐν
848 1985 989 2049 ὁδοῖς
1027 1985 1134 2039 ὑπὸ
1162 1985 1270 2039 τῶν
1298 1985 1541 2041 susme
1569 1987 1928 2057 πατουμένου*

353 2077 521 2141 οὕτως
543 2076 907 2142 ἐκκείσονται,
930 2077 1117 2147 φησιν,
1136 2077 1186 2130 οἰ
1212 2076 1459 2148 πολέμιοι
1485 2079 1785 2150 πάσχοντες
1809 2080 1927 2151 μὲν,

355 2166 825 2238 ὰπιμηχανᾶσθαι
855 2167 915 2221 δὲ
941 2167 1229 2238 δυνάμενοι
1256 2167 1416 2223 οὐθέν
1437 2184 1450 2199 °
1482 2170 1577 2224 καὶ.
1601 2169 1931 2242 θαρροῦντες

352 2257 416 2328 δή
453 2256 590 2329 πρὸς
619 2257 831 2321 πάντας
876 2258 1279 2329 παρατάξονται
1315 2261 1442 2324 τοὺς
1482 2262 1779 2327 ἐναντίους,
1831 2262 1929 2333 τὴν

352 2348 498 2402 θείαν
544 2350 736 2413 αὐτοῖς
784 2352 1038 2422 παρεῖναι
1076 2350 1428 2415 πιστεύοντες
1474 2351 1723 2425 βοήθειαν
1742 2370 1756 2383 ο
1806 2354 1929 2407 τότε

349 2440 806 2512 αἰσχυνθήσονται
837 2443 937 2513 μὲν
963 2441 1072 2496 τῶν
1096 2443 1369 2515 πολεμίων
1391 2445 1440 2496 οἰ
1466 2447 1551 2513 ἐφ’
1579 2444 1764 2508 ἵπποις
1786 2446 1930 2515 μέγα

352 2530 675 2603 φρονοῦντες
695 2549 709 2563 ·
761 2534 1092 2606 φανήσονται
1124 2534 1204 2587 δὲ
1248 2526 1396 2588 οὗτοι
1443 2536 1667 2606 μεγάλοι
1717 2553 1777 2590 τε
1832 2539 1929 2591 καὶ

355 2625 570 2696 ἰσχυροὶ
599 2627 666 2695 τῇ
692 2626 796 2696 ἐμῇ
832 2624 1086 2697 βοηθείᾳ·
1122 2619 1270 2678 οἷκον
1300 2625 1411 2697 γὰρ
1457 2624 1629 2679 Ἰούδα
1660 2626 1753 2679 καὶ
1781 2623 1928 2678 οἰκον

366 2705 599 2783 Ἰωσὴφ,
626 2713 713 2765 ἵνα
745 2713 873 2786 εἴπῃ
897 2713 989 2767 τὸν
1015 2711 1167 2779 λαὸν,
1200 2714 1268 2769 ἐκ
1311 2712 1514 2784 μέρους
1540 2712 1633 2765 τὸν
1661 2712 1783 2766 ὅλον
1812 2714 1929 2766 6w-

354 2799 553 2870 μάζων
577 2816 593 2831 ο
635 2800 848 2871 παρέξω
865 2816 925 2853 τε
950 2800 1136 2862 αὐτοῖς
1165 2799 1383 2869 ἀσφαλῆ
1412 2799 1511 2870 τὴν
1546 2799 1607 2854 ἐν
1632 2801 1744 2860 τοῖς
1776 2797 1926 2860 ἰδίοις

348 2889 590 2961 οξκησιν,
614 2889 905 2962 ἐπειδήπερ
932 2890 1129 2953 αὐτοὺς
1162 2889 1456 2959 ἀγαπήσας
1488 2886 1792 2957 δδοκίμασα
1825 2887 1921 2941 αὐ-

346 2981 478 3043 τοὺς
511 2982 615 3050 τῆς
643 2980 784 3050 ἑμῆς
814 2979 893 3050 μή
926 2979 1219 3033 ἀποϐαλεῖν
1253 2976 1538 3048 προνοίας·
1580 2974 1774 3047 [capas
1814 2974 1924 3047 γὰρ

346 3070 434 3124 ἀεὶ
456 3072 574 3142 μετ’
608 3069 809 3131 αὐτῶν,
839 3070 935 3127 καὶ
960 3072 1021 3123 ἐν
1046 3069 1311 3138 ἀνάγκαις
1339 3069 1436 3137 τὴν
1462 3068 1601 3139 ἐμὴν
1632 3067 1923 3123 αἰτούντων

2032 1887 2186 1943 clade
2224 1887 2550 1952 adicientur,
2587 1897 2647 1945 ut
2690 1904 2996 1960 repugnare
3042 1897 3339 1961 nequeant.
3395 1889 3463 1941 At
3507 1890 3611 1941 mei

2031 1978 2221 2049 grandi
2248 1978 2444 2034 ﬁducia
2464 1985 2657 2037 contra
2680 1980 3029 2037 adversarios
3050 1995 3241 2035 omnes
3262 1980 3608 2050 pugnabunt,

2030 2068 2270 2125 divinum
2305 2071 2409 2129 sibi
2456 2070 2623 2128 aIfore
2659 2074 2923 2129 auxilium
2954 2073 3261 2130 credentes.
3316 2071 3472 2127 Tunc
3506 2087 3608 2142 pu-

2030 2159 2179 2216 debit
2209 2161 2395 2219 hostes
2430 2163 2524 2233 qui
2552 2162 2709 2234 equis
2747 2165 2866 2220 suis
2898 2179 3223 2237 magnopere
3269 2164 3608 2236 gloriantur:

2028 2258 2086 2305 at
2115 2251 2207 2306 isti
2241 2252 2423 2324 magni
2458 2252 2741 2326 fortesque
2786 2256 3150 2328 apparebunt,
3181 2270 3284 2326 ope
3317 2270 3436 2311 mea
3474 2255 3608 2326 ipsis

2029 2344 2391 2416 suppeditata.
2438 2346 2584 2404 Dicit
2625 2350 2771 2404 enim
2817 2350 3042 2405 doinum
3079 2344 3234 2405 Iudae
3278 2356 3332 2405 et
3374 2347 3610 2423 domum

2025 2434 2271 2507 Iosephi,
2306 2447 2366 2493 ut
2393 2439 2654 2510 populum
2683 2439 2924 2507 denotet,
2955 2456 2986 2495 a
3025 2447 3181 2512 parte
3214 2449 3386 2496 totum
3416 2440 3609 2511 appel-

2030 2528 2170 2585 lans.
2203 2528 2439 2585 Eﬂiciam
2473 2545 2603 2587 vero
2634 2531 2773 2604 ipsis
2795 2540 2970 2586 tutum
2999 2533 3058 2588 in
3081 2533 3257 2604 patria
3284 2531 3606 2587 incolalum:

2027 2617 2286 2687 quoniam
2325 2633 2422 2674 eos
2454 2617 2710 2690 diligens,
2744 2621 2894 2677 nolui
2922 2623 3071 2695 ipsos
3116 2620 3458 2692 providentia
3488 2635 3607 2674 mea

2026 2710 2215 2778 procul
2246 2710 2511 2780 abjicere:
2563 2712 2658 2767 sed
2690 2712 2801 2769 illis
2845 2728 3062 2784 semper
3107 2713 3294 2776 adero,
3342 2720 3397 2766 et
3426 2712 3479 2765 in
3511 2725 3611 2764 an-

2025 2800 2220 2869 gustiis
2259 2801 2522 2857 auxilium
2555 2818 2733 2859 meum
2769 2804 3122 2874 implorantes
3190 2804 3518 2869 exaudiam;
3553 2808 3608 2855 et

2026 2888 2083 2944 in
2131 2890 2335 2960 praaliis
2384 2892 2699 2962 superiores
2750 2894 3037 2951 discedent
3073 2893 3240 2967 339
3283 2890 3431 2967 (nam
3480 2908 3606 2947 cum

2023 2976 2299 3049 Ephraimi
2355 2981 2557 3038 tribum
2600 2983 2755 3048 dicit,
2816 3001 3010 3042 rursus
3045 2999 3077 3040 a
3131 2995 3285 3056 parte
3334 2984 3603 3056 populum

2024 3069 2322 3143 designat),
2350 3074 2426 3129 ita
2459 3083 2520 3129 ut
2545 3075 2779 3133 victores
2804 3080 2954 3134 caede
2981 3079 3219 3136 hostium
3252 3078 3426 3151 magis
3456 3078 3619 3151 εον-ιι

342 3161 620 3232 βοήθειαν,
641 3160 972 3230 ἀκούσομαι⁸
996 3162 1088 3214 καὶ
1110 3161 1447 3231 κρατήσουσι
1470 3158 1616 3231 μάχῃ
1641 3158 1748 3213 τῶν
1773 3160 1925 3214 ἐναν-

2029 3163 2144 3218 suri
2172 3163 2303 3230 sint,
2330 3179 2490 3235 quam
2521 3166 2597 3224 illi
2624 3167 2717 3239 qui
2748 3168 2872 3227 vino
2900 3170 3045 3242 pleni
3072 3149 3368 3228 exsultant.

344 3253 498 3308 τίων·
529 3250 597 3304 τὸ
620 3250 732 3322 γὰρ
770 3268 793 3301 ι
828 3252 878 3304 οἰ
914 3249 1010 3303 τοῦ
1054 3249 1324 3322 Ἐφρατμ,
1362 3270 1381 3303 ι
1409 3250 1568 3306 πάλιν
1615 3250 1725 3305 ἀπὸ
1776 3251 1979 3324 μέρους
2026 3253 2118 3307 τὸν
2161 3255 2290 3309 λαὸν
2343 3256 2524 3328 λέγει·
2563 3257 2709 3314 ὥστε
2750 3262 2946 3326 αὐτοὺς
2991 3264 3055 3316 ὲκ
3098 3263 3198 3334 τῆς
3248 3263 3459 3333 σφαγῆς
3496 3262 3604 3312 τῶν

343 3343 601 3398 ἐναντίων
649 3341 1002 3411 νενικηκότας
1055 3343 1266 3413 χαίρειν
1322 3342 1391 3411 τῇ
1433 3339 1662 3411 διανοίᾳ,
1716 3341 1918 3412 μᾶλλον
1946 3343 2366 3416 ὲμφορηθέντων
2398 3347 2564 3405 οἴνου.

414 3432 565 3504 Σπίκ.
598 3429 766 3504 ἠ’-ιβ’.
792 3460 865 3475 --
888 3431 1072 3488 Ταῦτα
1094 3431 1154 3486 δὲ
1185 3430 1280 3485 καὶ
1308 3433 1357 3484 οἰ
1390 3431 1450 3498 ἐξ
1479 3431 1661 3487 αὐτῶν
1699 3431 1918 3497 ἰδόντες,

338 3524 407 3577 ιν
431 3523 794 3594 εὐφροσύναις
824 3523 1146 3594 γενήσονται
1183 3522 1274 3576 διὰ
1302 3521 1401 3593 τὴν
1440 3523 1791 3595 ὑπάρχουσαν
1828 3524 1924 3576 ab—

338 3619 461 3680 τοῖς
481 3615 633 3688 παρὰ
654 3614 748 3670 τοῦ
776 3614 913 3668 Θεοῦ
941 3612 1209 3685 βοήθειαν·
1239 3611 1716 3687 ὥσπερσάλπιγγι
1745 3616 1923 3669 τοίνυν

344 3708 599 3780 σημήνας
622 3706 867 3770 ἅπαντας
892 3705 1089 3769 αὐτοὺς
1111 3703 1353 3777 ἁθροίσω
1378 3722 1438 3759 τε
1466 3706 1563 3760 καὶ
1590 3704 1918 3775 εἰσδέξομαι,

338 3796 601 3853 ἀπολύων
632 3797 832 3860 αὐτοὺς
863 3795 1046 3867 πάσης
1076 3797 1359 3868 ἀνάγκης
1389 3796 1530 3849 ὥστε
1559 3795 1704 3866 μετὰ
1747 3797 1924 3863 ἀσφα-

336 3885 498 3951 λείας
528 3888 587 3940 ἂν
613 3890 726 3951 τοῖς
752 3885 971 3950 οἰκείοις
997 3886 1314 3955 διάγοντας,
1354 3889 1433 3949 εἰς
1466 3884 1665 3957 πλῆθος
1709 3884 1925 3940 ἐπιδοῦ-

336 3993 437 4035 ναι
468 3977 866 4048 παραπλησίως
893 3977 973 4048 τῷ
994 3976 1227 4048 πρόσθεν
1255 3978 1448 4049 χρόνῳ⁸
1478 3978 1555 4048 (p.
1588 3978 1713 4048 505)
1745 3994 1925 4031 στενο-

337 4070 722 4144 χωρουμένους
762 4087 824 4124 τε
865 4071 956 4124 ἐπὶ
990 4068 1089 4138 τῆς
1126 4069 1233 4140 γῆς
1279 4072 1378 4140 τῆς
1426 4071 1632 4135 οἰκείας
1677 4070 1782 4124 ὑπὸ
1828 4070 1922 4124 τοῦ

334 4161 586 4231 πλήθους
606 4160 702 4214 τοῦ
723 4162 947 4226 οἰκείου,
977 4163 1036 4214 ὲν
1058 4160 1273 4225 πολλοῖς
1299 4161 1663 4233 διασπαρῆναι
1693 4163 1787 4216 καὶ
1814 4161 1922 4216 τῶν

334 4252 661 4324 ἀλλοτρίων,
689 4246 767 4308 ὧν
788 4254 1300 4325 κατακρατήσαντες
1328 4255 1617 4324 κτήσονται
1643 4272 1703 4309 τε
1731 4255 1825 4309 καὶ
1845 4256 1923 4309 ai—

337 4348 577 4416 κήσουσι.
607 4345 706 4417 τὴν
737 4345 948 4418 χώραν’
982 4346 1031 4399 οἳ
1062 4346 1261 4410 πάντες
1291 4347 1484 4420 μνήμῃ
1519 4349 1585 4418 τῇ
1615 4349 1721 4418 ἐμῇ
1749 4347 1838 4401 διὰ
1858 4348 1921 4401 τὸ

332 4435 453 4489 τῶν
488 4436 793 4508 γενομένων
825 4436 1073 4508 μέγεθος,
1116 4439 1177 4492 οὐ
1218 4438 1377 4508 μόνον
1422 4436 1712 4507 βλάψουσιν
1745 4438 1917 4503 οὐδὲν,

336 4526 481 4580 ἀλλὰ
520 4528 628 4600 γάρ
660 4528 754 4581 xa't
792 4528 974 4582 πᾶσαν
1010 4528 1190 4582 αὐτῶν
1221 4526 1538 4598 ἐπιμέλειαν
1570 4530 1884 4599 ποιήσονται
1903 4546 1917 4560 ·

332 4618 505 4674 τοῦτο
528 4618 639 4691 γάρ
659 4620 809 4688 λέγει
827 4619 944 4685 ab”
967 4618 1405 4692 Ἐκθρέψουσιτὰ
1432 4618 1595 4672 τέκνα
1619 4619 1797 4672 αὐτῶν
1826 4619 1920 4673 καὶ

2102 3434 2264 3494 Vsus.
2292 3436 2448 3494 8-12.
2474 3469 2543 3479 ——
2574 3439 2701 3497 Haec
2727 3450 2912 3498 autem
2939 3444 3033 3499 ﬁlii
3064 3445 3310 3514 ipsorum
3356 3445 3603 3499 videntes

2024 3524 2226 3583 laetitiis
2261 3529 2513 3585 incedant
2544 3540 2767 3602 propter
2805 3548 3131 3591 concessum
3166 3536 3270 3591 sibi
3301 3552 3330 3589 a
3361 3534 3470 3589 Deo
3503 3551 3601 3589 au-

2022 3618 2235 3695 _xilium.
2277 3619 2444 3690 Igitur
2486 3623 2646 3691 quasi
2681 3622 2810 3678 tuba
2851 3626 3067 3694 signum
3114 3639 3320 3681 canens
3371 3634 3599 3681 cunctos

2024 3710 2366 3780 congregabo
2398 3719 2453 3766 et
2474 3712 2541 3767 ad
2570 3727 2657 3769 me
2689 3715 2972 3785 recipiam,
3002 3714 3151 3770 omni
3194 3730 3291 3771 eos
3342 3730 3600 3786 pressura

2027 3799 2304 3866 liberans;
2333 3815 2445 3870 quo
2465 3803 2553 3857 [iet
2582 3810 2642 3858 ut
2671 3804 2726 3858 in
2757 3804 2934 3875 patrio
2961 3806 3081 3863 solo
3107 3807 3283 3862 securi
3316 3807 3598 3880 degentes.

2025 3892 2081 3947 in
2151 3893 2550 3951 multitudinem
2602 3906 2924 3955 exarescant
2996 3914 3150 3971 aeque
3203 3914 3269 3956 ac
3320 3901 3600 3972 superiore

2024 3990 2267 4052 tempore
2291 4003 2306 4052 ;
2334 3986 2388 4040 in
2410 3993 2621 4043 tantum
2650 3997 2708 4044 ut
2736 3989 2793 4044 in
2813 3990 3033 4060 propria
3057 3999 3201 4047 terra
3226 3990 3338 4060 jam
3364 4006 3615 4047 numero'

2025 4075 2344 4144 angustiali,
2385 4077 2450 4133 ad
2479 4081 2686 4137 multos
2708 4081 3095 4152 dispergantur
3124 4082 3276 4139 locos
3304 4082 3592 4140 extraneo-

2025 4181 2165 4232 rum,
2207 4183 2346 4237 quos
2376 4168 2727 4227 devincentes
2760 4172 3136 4242 possidebunt,
3159 4161 3597 4245 habitabuntquc

2024 4256 2238 4312 illorum
2283 4260 2601 4331 regionem:
2658 4262 2750 4332 qui
2801 4278 2990 4319 omnes
3037 4266 3143 4320 mei
3186 4281 3475 4333 memores,
3525 4269 3594 4323 ob

2024 4354 2266 4400 actarum
2298 4362 2480 4402 rerum
2511 4349 2963 4420 magnitudinem,
3001 4368 3112 4409 non
3139 4354 3301 4409 modo
3322 4356 3458 4412 meis
3484 4372 3609 4411 non.

2023 4439 2322 4502 nocebunt,
2349 4457 2537 4496 verum
2567 4443 2733 4498 etiam
2759 4458 2947 4499 curam
2977 4446 3345 4503 omnimodam
3373 4463 3594 4503 eorum—

2021 4529 2143 4585 dem
2190 4539 2398 4600 gerent.
2455 4530 2512 4586 Id
2561 4533 2708 4588 enim
2750 4533 3010 4589 denotant
3059 4536 3245 4600 verba,
3302 4536 3593 4592 «Nutrient

2024 4620 2161 4674 ﬁlios
2186 4635 2395 4686 eorum,
2444 4630 2498 4678 et
2530 4630 2952 4689 convertentur;
2978 4642 2999 4676 ι
3038 4624 3092 4679 id
3120 4631 3225 4691 est,
3262 4624 3377 4679 haec
3406 4634 3588 4697 agent,

336 4710 794 4782 ἐπιστρέφουσιν,
850 4728 868 4762 ι
913 4710 1033 4764 ἀντὶ
1074 4709 1192 4776 τοῦ,
1226 4709 1410 4764 Ταῦτα
1445 4711 1752 4782 ποιήσουσι,
1785 4712 1920 4783 πρὸς

2027 4715 2091 4769 ad
2122 4728 2207 4769 me
2240 4715 2452 4785 meique
2481 4716 2731 4772 notitiam
2759 4717 3001 4772 animum
3028 4726 3430 4775 convertentes.
3468 4720 3587 4776 Cae-

335 4799 442 4871 ὲμὲ
470 4800 763 4863 νεύσαντες
788 4799 883 4857 καὶ
908 4799 1006 4870 τὴν
1032 4800 1232 4869 γνῶσιν
1254 4799 1354 4871 τὴν
1384 4799 1541 4870 ἐμήν.
1572 4799 1921 4871 Πανταχόθεν

334 4890 396 4946 ἃ
424 4889 616 4947 λοιπὸν
657 4891 785 4954 τοὺς
815 4890 877 4957 te
918 4890 1098 4946 αὐτῶν
1127 4890 1559 4961 διεσπαρμένους
1581 4931 1594 4949 .
1655 4892 1765 4945 εἴτε
1800 4892 1919 4945 κατ’

334 4981 648 5049 Αἴγυπτον,
686 4980 800 5035 εἴτε
837 4982 896 5035 ὲν
947 4985 1015 5053 τῇ
1044 4982 1152 5037 τῶν
1204 4984 1503 5055 Ἀσσυρίων
1530 4985 1713 5057 χώρᾳ,
1758 5002 1920 5055 μετα-

332 5070 633 5141 ϐαλόμενος
660 5071 921 5136 ἐπανάξω
948 5074 1028 5135 εις
1060 5073 1130 5127 τὰ
1156 5075 1330 5127 οἰκεῖα
1351 5114 1368 5140 ,
1397 5075 1538 5129 ὥστε
1565 5076 1691 5138 τοὺς
1721 5076 1918 5138 τόπους

327 5163 505 5217 οἰκεῖν
543 5163 674 5226 τοὺς
705 5163 974 5229 οἰκείους,
1011 5164 1245 5236 μηδενὸς¹
1270 5165 1372 5231 ἔξω
1404 5166 1606 5219 τούτων
1636 5166 1913 5236 διάγοντος

332 5253 413 5308 ἔτι
430 5270 449 5287 ο
478 5254 528 5310 οἰ
557 5254 650 5310 διά
676 5253 874 5310 πολλοῦ
900 5254 1330 5326 παρελεύσονται
1356 5256 1614 5327 πλήθους,
1647 5275 1909 5330 στενοχω-

334 5345 591 5417 ρούμενοι
620 5346 722 5419 μὲν
751 5345 830 5418 τῷ
856 5346 1049 5420 πλήθει
1070 5347 1181 5402 τῶν
1208 5348 1482 5412 ἐναντίων,
1508 5350 1911 5423 κατακρατοῧνσ

324 5453 423 5503 τες
445 5437 505 5493 δὲ
538 5438 722 5495 αὐτῶν
747 5442 817 5512 τῇ
856 5440 964 5512 ἐμῇ
1012 5440 1260 5512 δυνάμει,
1291 5440 1430 5495 ὥστε
1468 5441 1561 5495 καὶ
1592 5444 1767 5497 πᾶσαν
1807 5444 1907 5496 αὐ-

328 5527 439 5581 τῶν
471 5529 738 5584 ἀπολέσαι
764 5529 869 5601 τὴν
915 5532 1100 5601 ἰσχὺν,
1138 5531 1383 5594 ἅπαντάς
1414 5548 1473 5584 τε
1522 5533 1716 5597 αὐτοὺς
1752 5533 1908 5603 δίκην

320 5618 606 5691 ’θαλάσσης
648 5621 1073 5694 κυματουμένης
1114 5621 1559 5693 άγριαινομένους
1602 5621 1721 5677 καθ’
1755 5623 1907 5693 ὑμῶν

320 5709 772 5781 τιμωρήσασθαι,
808 5713 1136 5784 περιστῆσαί
1165 5730 1221 5766 τε
1252 5716 1314 5785 τῇ
1344 5715 1519 5785 οἰκείᾳ
1549 5714 1783 5784 τιμωρία
1817 5717 1907 5769 καὶ

2019 4810 2192 4858 terum
2221 4821 2629 4876 quaqueversus
2657 4822 2752 4864 eos
2787 4808 3087 4877 dispersos,
3118 4809 3233 4865 sive
3272 4810 3325 4863 in
3350 4808 3607 4883 Egypto-

2019 4892 2135 4948 sive
2166 4893 2219 4947 in
2241 4894 2592 4966 Assyriorum
2620 4898 2862 4966 regione,
2901 4912 3169 4954 converso
3198 4898 3393 4954 atl'ectu
3424 4898 3589 4954 redu-

2018 4997 2137 5037 cam
2161 4998 2255 5040 eas
2284 4985 2340 5038 in
2367 4988 2624 5055 patriam,
2656 4995 2717 5041 ut
2748 5002 2877 5043 suos
2917 4989 3117 5061 singuli
3145 4990 3293 5046 locos
3322 4989 3584 5052 incolant,

2018 5076 2231 5130 nemine
2251 5083 2400 5129 extra
2426 5077 2526 5134 bos
2541 5077 2798 5150 deinceps
2818 5078 3064 5151 degente.
3084 5078 3227 5151 Ergo
3250 5078 3304 5134 in
3327 5094 3585 5150 magnum

2020 5181 2305 5222 numerum
2352 5177 2709 5225 excrescent:
2770 5177 2883 5224 tum
2941 5171 3179 5227 hostium
3237 5171 3587 5226 multitudine

2018 5253 2335 5323 augustiuti,
2380 5254 2465 5311 bis
2499 5257 2854 5312 nihilominus
2885 5258 3086 5313 virtute
3119 5272 3238 5313 mea
3287 5258 3584 5329 superatis,

2018 5354 2269 5398 cunctam
2301 5347 2513 5399 illorum
2545 5347 2882 5403 enervabunt
2913 5348 3328 5418 fortitudinem;
3363 5364 3584 5406 omnes-

2017 5453 2123 5507 que
2149 5437 2290 5500 illos,
2313 5439 2466 5507 quasi
2498 5454 2647 5493 mare
2669 5439 3031 5508 procellosum
3064 5442 3350 5497 saevientes
3381 5444 3433 5496 iu
3468 5458 3584 5512 per-

2016 5531 2212 5586 niciem
2255 5541 2508 5597 vestram,
2546 5532 2821 5585 contraria
2861 5534 2977 5588 vice
3023 5534 3290 5605 supplicio
3342 5544 3394 5591 et
3433 5541 3581 5592 caede

2014 5623 2082 5677 ad
2129 5624 2358 5679 nihilum
2412 5622 2687 5694 redigetis.
2738 5624 2827 5679 Sic
2864 5626 3009 5682 enim
3056 5628 3403 5697 intelligenda
3450 5622 3582 5684 sunt

2016 5715 2196 5779 verba,
2245 5735 2262 5769 ι
2292 5715 2798 5773 Etexsiccabuntur
2833 5719 3096 5788 profunda
3126 5720 3459 5789 ﬂuminum,»
3509 5721 3581 5774 id-
