4022 6138
372 305 477 360 567

1546 312 1895 372 THEODORI
1937 317 2419 377 IOPSUESTENI

3510 327 3622 385 568

370 439 479 488 est,
507 428 643 483 tanti
679 431 891 486 numeri
925 431 1107 487 hostes
1133 433 1520 505 proﬂigabunt.
1557 436 1622 492 Et
1645 455 1820 509 neque
1844 442 1939 496 As-

2053 448 2229 514 σφαγῇ
2265 447 2345 508 εἰς
2388 445 2551 515 μηδὲν
2581 447 2706 509 τοὺς
2739 448 3054 511 τοσούτουςο
3090 446 3244 502 τοῦτο
3287 447 3398 518 γὰρ
3429 446 3575 512 λέγει
3596 487 3612 511 ,

371 519 539 589 syrlis
566 521 712 577 vires
740 522 1003 577 adversus
1053 538 1206 581 meos
1240 536 1591 596 supererunt,
1642 545 1818 601 neque
1844 531 1943 588 IE-

370 615 606 684 gyptiis;
638 629 869 684 quorum
893 613 948 669 hi
979 615 1110 670 olim
1137 617 1354 675 Judaaos
1385 621 1439 676 in
1469 624 1744 694 mancipio
1775 625 1943 680 habe-

370 704 537 771 bant;
585 705 661 759 illi
703 711 883 760 autem
933 718 1212 778 postremo
1270 712 1518 780 captivos
1575 713 1940 770 abduxerunt.

371 794 656 860 Quomodo
713 811 843 852 vero
895 797 1010 853 haec
1064 799 1231 856 ﬁent?
1290 801 1403 856 «Et
1445 805 1713 859 roborabo
1757 821 1852 862 eos
1886 808 1943 861 in

366 882 600 939 Domino
645 885 756 941 Deo
784 903 904 953 suo,
940 896 990 942 et
1035 890 1091 943 in
1124 891 1344 945 nomine
1377 892 1496 961 ejus
1537 893 1935 962 gloriabuntur,

370 977 448 1030 ait
479 975 762 1034 Dominus.
787 999 805 1031 ι
858 979 992 1034 Nam
1045 982 1255 1036 validos
1298 997 1393 1038 eos
1439 983 1664 1038 eﬂiciam
1697 984 1860 1058 350
1885 995 1940 1041 et

369 1065 621 1121 hostibus
649 1069 864 1123 cunctis
900 1070 1156 1134 invictos,
1205 1082 1262 1125 ut
1306 1074 1524 1129 nomine
1553 1089 1676 1129 meo
1707 1077 1937 1130 auxilio-

369 1170 479 1224 que
506 1155 791 1227 gloriaturi
825 1160 952 1213 sint.
989 1159 1084 1216 His
1117 1162 1300 1225 dictis,
1340 1164 1692 1233 prosequitur
1734 1187 1743 1219 :

2049 555 2068 585 ι
2109 537 2218 590 Καὶ
2261 539 2652 610 ξηρανθήσεται
2699 541 2874 594 πάντα
2917 541 2987 594 τὰ
3017 540 3152 611 βάθη
3190 541 3620 612 ποταμῶνρῖνα

2045 627 2196 700 εἴπῃ,
2221 630 2302 684 ὅτι
2342 630 2584 698 Ἀιρανιεῖ
2621 631 2744 694 τοὺς
2775 630 2914 684 οὕτω
2950 631 3206 696 πολλούς’
3239 631 3361 684 οὕτε
3392 631 3449 683 δὲ
3487 633 3619 683 Ἀσ-

2045 719 2246 788 συρίοις
2303 721 2452 790 ίσχὺς
2505 719 2582 774 ἔτι
2634 722 3108 794 περιλειφθήσεται
3159 724 3308 776 τουτὶ
3355 721 3617 776 δύνασθαι

2043 809 2166 860 κατ’
2195 809 2376 863 αὐτῶν
2394 849 2409 874 ,
2433 811 2554 864 οὔτε
2580 813 2916 880 Αἰγυπτίοις,
2948 806 3024 868 ὧν
3064 815 3114 866 οί
3150 815 3246 884 μὲν
3275 815 3470 875 αὐτοὺς
3507 813 3614 865 πά-

2045 897 2134 950 λαι
2171 893 2314 969 εἶχον
2365 901 2422 952 ἐν
2470 902 2536 970 τῇ
2585 901 2816 972 δουλείᾳ,
2862 903 2911 955 οἱ
2954 903 3009 956 δὲ
3058 902 3280 974 ὕστερον
3329 905 3618 973 ἀπήγαγον

2046 985 2436 1056 αἰχμαλώτους·
2462 989 2933 1062 ἀπαλλαγήσονται
2961 991 3070 1062 γὰρ
3093 992 3366 1046 ἁπάντων.
3397 993 3516 1045 Τίνι
3536 991 3618 1062 τῷ

2043 1078 2264 1149 τρόπῳ;
2301 1098 2318 1130 ι
2357 1080 2469 1133 Καὶ
2497 1082 2812 1151 κατισχύσω
2842 1084 3040 1146 αὐτοὺς
3070 1086 3126 1136 ἐν
3155 1083 3342 1154 Κυρίῳ
3369 1083 3489 1153 Θεῷ
3517 1083 3618 1136 αὑ-

2049 1166 2178 1231 τῶν,
2205 1170 2282 1239 (p.
2312 1168 2438 1241 506)
2467 1170 2562 1224 καὶ
2590 1173 2649 1224 ὲν
2671 1171 2748 1242 τῷ
2777 1173 3000 1243 ὀνόματι
3033 1170 3199 1226 αὐτοῦ
3229 1172 3614 1241 καυχήσονται,

369 1251 518 1320 λέγει
566 1252 788 1324 Κύριος.
834 1276 852 1306 ι
922 1256 1136 1325 Ἐπειδὴ
1201 1257 1450 1327 ἰσχυρούς
1507 1275 1564 1310 τε
1619 1259 1813 1322 αὐτοὺς
1865 1261 2168 1332 ἐργάσομαι
2220 1264 2316 1318 καὶ
2369 1264 2640 1336 ἀλήπτους
2671 1266 2804 1319 πᾶσι
2850 1269 2962 1327 τοῖς
3003 1267 3288 1331 ἐναντίοις,
3321 1264 3464 1318 ὥστε
3519 1264 3616 1317 αὺ-

366 1346 498 1406 τοὺς
526 1347 618 1399 καὶ
651 1347 1006 1416 σεμνύνεσθαι
1063 1349 1154 1401 ἐπί
1203 1366 1260 1400 τε
1297 1351 1360 1419 τῇ
1401 1351 1663 1420 ὀνομασίᾳ
1697 1354 1787 1406 καὶ
1829 1356 1896 1423 τῇ
1942 1354 2161 1427 βοηθείᾳ
2185 1358 2250 1426 τῇ
2294 1358 2422 1427 ἐμῇ.
2457 1356 2641 1412 Ταῦτα
2675 1357 2944 1430 εἰρηκὼς,
2976 1359 3169 1427 ἐπάγει
3197 1370 3211 1385 ⁸

1015 1487 1167 1542 CAP.
1202 1487 1294 1542 XI.

439 1618 604 1675 Vens.
637 1618 747 1676 1-5.
791 1651 858 1660 -«
893 1623 920 1671 ἰ
947 1622 1127 1691 Aperi,
1175 1622 1398 1687 Libane,
1451 1632 1636 1693 portas
1683 1631 1829 1689 tuas,
1885 1635 1938 1679 et
1968 1635 2010 1690 Β

369 1713 618 1768 comedat
665 1713 806 1784 ignis
831 1713 1026 1770 cedros
1053 1723 1195 1769 tuas.
1235 1715 1411 1771 Ululet
1439 1716 1620 1786 pinus,
1652 1717 1780 1786 quia
1803 1717 1940 1771 ceci-

367 1804 447 1858 dit
469 1804 686 1868 cedrus,
731 1805 858 1875 quia
890 1805 1180 1875 optimates
1217 1806 1374 1861 valde
1405 1807 1588 1862 miseri
1621 1805 1752 1861 facti
1786 1815 1934 1862 sunt.

369 1895 606 1958 Ululate,
666 1912 906 1966 quercus
957 1895 1311 1962 Basanitidis,
1370 1899 1498 1969 quia
1555 1900 1806 1955 succisus
1857 1909 1940 1955 est

370 1990 544 2043 saltus
571 1989 836 2045 consitus.
873 1989 988 2044 Vox
1017 1989 1316 2060 lugentium
1350 2000 1654 2059 pastorum,
1678 1992 1937 2060 quoniam

368 2080 569 2134 misera
597 2078 739 2133 facta
764 2087 848 2135 est
869 2080 1268 2150 magniﬁcentia
1294 2079 1556 2148 ipsorum.
1591 2079 1703 2135 Vox
1730 2081 1942 2149 rugien-

373 2173 507 2226 tium
539 2173 780 2235 leonum,
801 2174 926 2242 quia
947 2173 1224 2228 debilitata
1248 2182 1332 2228 est
1353 2174 1604 2244 superbia
1623 2171 1898 2228 Jordanis.
1915 2193 1933 2224 ι

372 2261 640 2327 Quoniam
685 2263 898 2319 dixerat
940 2279 999 2319 se
1052 2265 1412 2334 undecunque
1456 2280 1549 2319 eos
1579 2275 1938 2336 congregatu-

371 2371 514 2420 rnm,
552 2373 744 2427 nempe
783 2373 848 2412 ex
881 2356 1115 2429 Egypto
1143 2367 1196 2413 et
1227 2373 1291 2412 ex
1316 2357 1666 2429 Assyriorum
1698 2357 1936 2426 regione,

371 2449 614 2518 nihilque
667 2449 978 2518 hujusmodi
1023 2464 1119 2504 eos
1165 2452 1217 2504 in
1269 2460 1544 2519 posterum
1577 2457 1936 2517 expet-turos;

368 2548 734 2597 conse‘ntanee
775 2539 1035 2610 deinceps
1078 2542 1143 2596 ad
1174 2557 1268 2596 eos
1313 2542 1404 2612 qui
1435 2541 1716 2595 dominatu
1751 2539 1937 2609 oppri-

367 2632 590 2686 mebant
639 2631 907 2687 convertit
945 2646 1254 2687 sermonem
1279 2632 1502 2686 dicens:
1554 2629 1598 2683 Ο
1631 2630 1832 2700 magni,
1886 2638 1941 2684 et

368 2725 545 2779 instar
593 2722 788 2779 Libani
845 2725 1220 2795 magnitudine
1271 2725 1571 2794 gloriantes
1624 2724 1936 2786 cedrorum,

368 2814 852 2886 fortitudinemque
885 2823 1122 2871 vestram
1153 2823 1518 2878 ostentantes,
1558 2829 1707 2869 nunc
1732 2814 1938 2869 omissa

2673 1496 2830 1548 ΚΕΦ.
2877 1496 2979 1550 lA'.

2114 1624 2259 1695 Στίχ.
2297 1627 2439 1692 α’-γκ
2473 1658 2539 1666 -
2563 1647 2580 1677 ι
2603 1627 2895 1694 Διάνοιξον,
2951 1631 2979 1682 ὀ
3015 1628 3266 1695 Λίϐανος,
3306 1629 3405 1692 τὰς
3443 1629 3616 1700 θύρας

2046 1734 2166 1781 σου,
2202 1717 2296 1770 καὶ
2323 1718 2687 1786 καταφαγέτω
2721 1718 2832 1790 πῦρ
2863 1720 2961 1784 τὰς
2993 1720 3217 1792 κέδρους
3257 1737 3379 1774 σου·
3423 1720 3612 1773 ὀλολυο

2044 1807 2188 1873 ξάτω
2224 1809 2415 1874 πίτυς,
2445 1808 2578 1862 διότι
2619 1809 2871 1862 πέπτωκε
2916 1809 3126 1880 κέδρος,
3165 1811 3246 1864 ὅτι
3292 1813 3615 1881 μεγιστᾶνες

2044 1899 2295 1968 μεγάλως
2331 1898 2810 1971 ἐταλαιπώρησαν·
2850 1901 3156 1967 ὀλολύξατε,
3194 1902 3353 1973 δρύες
3389 1905 3489 1973 τῆς
3506 1902 3615 1956 Βα-

2042 1987 2340 2052 σανίτιδος,
2385 1989 2467 2042 ὅτι
2503 1989 2852 2062 κατεσπάσθη
2907 1991 2936 2042 ὁ
2972 1990 3176 2062 δρυμὸς
3221 1993 3251 2044 ὁ
3294 1990 3610 2062 σύμφυτος)

2042 2079 2192 2149 φωνὴ
2221 2078 2560 2150 θρηνούντων
2599 2081 2900 2152 ποιμένων,
2943 2083 3024 2135 ὅτι
3061 2081 3544 2154 τεταλαιπὼρηκεν
3577 2085 3610 2154 ή

2044 2171 2399 2242 μεγαλωσύνη
2445 2172 2624 2225 αὐτῶν
2645 2189 2657 2202 ·
2689 2173 2840 2243 φωνὴ
2882 2172 3220 2243 ὀδυρομένων
3249 2172 3498 2236 λεόντων,
3527 2175 3612 2226 ὅτι

2037 2253 2487 2334 τεταλαιπώρηκε
2517 2264 2577 2315 τὸ
2603 2264 2866 2334 φρύαγμα
2886 2263 2980 2316 τοῦ
3021 2264 3304 2335 Ἰορδάνου.
3339 2284 3357 2317 ι
3397 2264 3611 2337 Ἐπειδὴ

2039 2353 2147 2423 γὰρ
2179 2349 2330 2407 εἶπεν
2355 2353 2459 2419 ὅτι,
2491 2353 2829 2425 Πανταχόθεν
2861 2354 3058 2418 αὐτοὺς
3099 2355 3231 2421 ἄξω,
3269 2357 3379 2410 ἀπό
3415 2373 3477 2409 τε
3503 2357 3603 2426 τῆς

2038 2443 2346 2512 Αἰγύπτου,
2392 2445 2486 2498 καὶ
2517 2445 2624 2498 ἀπὸ
2664 2445 2764 2514 τῆς
2825 2445 3124 2516 ’Δσσυρίων
3157 2445 3362 2518 χώρας,
3396 2448 3490 2499 καὶ
3528 2449 3610 2502 ὅτι

2043 2535 2268 2605 μηδενὸς
2295 2535 2375 2588 ἔτι
2408 2536 2830 2608 πειραθήσονται
2858 2538 3120 2601 τοιούτου,
3157 2537 3465 2601 ἀκολούθως
3497 2537 3608 2590 λοι-

2039 2626 2138 2679 πὸν
2169 2627 2260 2679 ἐπὶ
2282 2629 2409 2691 τοὺς
2439 2628 2765 2702 κατέχοντας
2790 2630 2978 2700 τρέπει
3007 2629 3110 2682 τὸν·
3127 2629 3302 2698 λόγον,
3333 2629 3490 2682 τοῦτο
3524 2629 3611 2682 λέ-

2032 2735 2180 2786 ,γωνο
2208 2720 2269 2771 Οἱ
2304 2719 2526 2789 μεγάλοι
2569 2722 2662 2773 καὶ
2689 2722 2844 2791 δίκην
2889 2721 2982 2774 τοῦ
3015 2721 3248 2776 Λιϐάνου
3281 2720 3357 2790 τῷ
3391 2720 3610 2790 μεγέθει

2041 2810 2423 2880 σεμνυνόμενοι
2443 2811 2552 2865 τῶν
2589 2812 2793 2880 κέδρων
2813 2851 2826 2877 ,
2855 2813 2953 2881 τὴν
2993 2814 3146 2882 ἰσχὺν
3176 2811 3610 2881 ἐπιδεικνύμενοι

368 2906 719 2960 familiarium
775 2922 1018 2961 meorum
1067 2907 1492 2976 Oppugnatione,
1541 2905 1699 2976 quasi
1750 2912 1937 2974 portas

2040 2902 2136 2972 τὴν
2166 2903 2390 2966 οἰκείαν,
2427 2904 2760 2966 ἀποστάντες
2787 2903 2880 2956 τοῦ
2908 2902 2987 2956 ἔτι
3025 2903 3293 2973 μάχεσθαι
3339 2905 3452 2965 τοῖς
3485 2903 3608 2973 ἐμοὶ

367 2997 633 3064 quasdam
661 2997 794 3050 ﬁnes
821 3006 1030 3051 vestros
1054 2996 1293 3065 pandite,
1317 2996 1528 3050 cunctis
1555 2995 1780 3051 liberum
1805 3011 1935 3050 con—

2041 2969 2436 3066 προσήκουσιν,
2469 2995 2659 3065 ὥσπερ
2685 2996 2837 3059 τινὰς
2871 2969 3038 3066 θύρας
3081 2969 3329 3059 ἀνοίξατε
3369 2995 3439 3048 τά
3478 2969 3606 3047 ἐαυ-

368 3088 623 3141 cedentes
657 3102 687 3140 a
721 3086 874 3142 vobis
903 3087 957 3140 in
980 3087 1213 3155 patriam
1233 3088 1558 3152 discessum,
1614 3087 1952 3158 priusquam

368 3179 509 3248 ignis
549 3177 723 3233 instar
766 3177 900 3231 ultio
927 3193 1046 3231 mea
1078 3187 1328 3246 potentes
1363 3189 1575 3234 vestros
1610 3186 1931 3242 consumat;

366 3277 422 3324 et
445 3267 836 3336 ululare‘cogat
862 3266 1215 3330 infirmiores,
1240 3267 1365 3320 dum
1396 3268 1691 3336 potentium
1719 3267 1932 3320 ruinam

366 3341 572 3416 vident.
617 3357 710 3414 Sic
756 3359 902 3414 enim
950 3357 1262 3430 signiﬁcat:
1301 3377 1318 3408 ι
1361 3358 1544 3412 Ululet
1585 3358 1769 3428 pinus,
1809 3359 1935 3427 quia

365 3453 562 3510 cecidit
603 3451 863 3518 cedrus.»
907 3451 1040 3506 Nam
1069 3458 1361 3521 conspecta
1405 3450 1708 3520 potentium
1751 3451 1933 3517 ruina,

365 3545 434 3600 de
468 3561 526 3600 se
552 3545 704 3616 ipsis,
737 3551 794 3598 ut
834 3560 932 3614 par
955 3552 1060 3608 est,
1089 3542 1476 3614 desperabunt.
1514 3541 1693 3613 Eque
1746 3557 1936 3596 omnes

367 3633 461 3702 qui
491 3632 670 3704 aliqua
699 3631 1077 3702 gloriabuntur
1111 3629 1353 3700 potentia
1399 3630 1708 3692 ululabunt,
1745 3629 1938 3683 viden-

369 3737 452 3780 tes
472 3724 655 3795 populi
691 3726 776 3778 sui
807 3721 1208 3778 multitudinem
1243 3731 1496 3790 tanquam
1526 3720 1800 3776 consitum
1833 3720 1938 3775 sal-

367 3829 482 3872 tum
532 3824 820 3881 vastatam,
879 3816 1020 3886 ignis
1071 3815 1243 3870 instar
1295 3813 1581 3884 ingruente
1624 3811 1706 3866 eis
1751 3810 1935 3864 divina

365 3912 668 3980 punitione.
699 3907 834 3963 Nam
866 3907 1137 3978 principes
1169 3907 1338 3962 vestri
1367 3908 1423 3960 in
1450 3906 1598 3959 luctu
1625 3909 1807 3964 erunt,
1841 3903 1935 3971 qui

369 4003 503 4059 meis
535 4000 896 4057 familiaribus
933 3999 1135 4055 bellum
1165 3997 1404 4052 indicere
1431 3995 1553 4050 ausi
1594 4001 1741 4056 sunt,
1779 4007 1937 4048 suas-

364 4110 473 4164 que
499 4109 691 4150 omnes
719 4093 863 4147 vires
885 4089 1132 4146 succisas
1161 4087 1444 4142 videbunt.
1468 4084 1937 4140 Lamentabuntur

366 4201 516 4251 vero,
543 4183 700 4256 quasi
723 4184 910 4240 leones
931 4182 1023 4252 qui
1043 4180 1161 4236 suis
1182 4176 1527 4234 conﬁdebant
1547 4175 1774 4239 viribus,
1803 4174 1935 4229 dum

365 4285 598 4333 cunctos
631 4274 851 4330 miseria
881 4287 1099 4343 pressos
1127 4269 1286 4342 341
1324 4269 1590 4324 videbunt
1615 4267 1710 4338 qui
1739 4267 1931 4322 adver-
1965 4309 2008 4363 ο

366 4385 465 4425 sus
494 4365 786 4422 Jordanem
807 4363 1209 4433 superbiebant.
1235 4360 1366 4414 Nam
1389 4360 1517 4427 quia
1541 4355 1806 4414 Iordanes
1831 4355 1929 4410 llu—

363 4461 488 4516 vius
510 4473 641 4531 pars
668 4455 865 4511 Iudaeae
892 4462 1029 4520 erat,
1051 4458 1476 4508 commemorato
1492 4449 1731 4506 Jordane
1760 4450 1933 4520 regio-

364 4565 490 4607 nem
541 4547 912 4604 lsraelitarum
958 4544 1227 4615 signiﬁcat
1275 4543 1570 4614 propheta:
1628 4551 1741 4597 tum
1801 4543 1928 4612 quia

364 4642 704 4698 llierusalem
751 4639 807 4692 in
855 4643 1090 4692 veterem
1123 4635 1440 4689 restituetur
1485 4634 1925 4703 prosperitatem,

360 4733 578 4789 reddito
601 4729 746 4801 genti
770 4726 1076 4783 sacerdotio
1097 4740 1160 4778 ac
1186 4738 1389 4793 regno;
1417 4731 1529 4776 tum
1551 4724 1678 4793 quia
1701 4725 1931 4794 populus

365 4825 732 4894 undeqnaque
759 4818 1176 4889 eongregabitur
1202 4834 1215 4882 ;
1268 4824 1382 4869 tum
1414 4816 1540 4884 quia
1565 4814 1800 4885 denique
1845 4831 1935 4871 eo—

365 4931 488 4970 rum
512 4916 698 4969 hostes
727 4911 912 4982 puniet
943 4909 1103 4971 Deus,
1128 4909 1254 4962 etin
1278 4906 1635 4976 plurimorum
1667 4906 1934 4962 bonorum

366 5009 522 5079 copia
575 5022 706 5062 suos
761 5001 1074 5058 constituet.
1123 4997 1266 5063 Quin
1317 4997 1450 5052 adeo
1494 4995 1814 5053 Zorobabeli
1869 4999 1934 5052 ad

365 5119 592 5173 regnum
621 5093 1091 5156 electo'maximas
1121 5090 1490 5161 suppeditabit
1521 5092 1684 5156 vires,
1735 5092 1935 5160 quibus

365 5195 531 5251 validi
563 5194 795 5249 evadent
823 5198 1014 5245 contra
1038 5185 1243 5247 hostes,
1274 5185 1560 5240 devincent
1591 5191 1767 5240 autem
1797 5184 1930 5254 Gngi

365 5289 665 5343 exercitum
696 5279 1148 5338 innumerabilem
1178 5285 1232 5331 et
1259 5285 1416 5331 antea
1451 5276 1732 5332 invictum.
1759 5278 1932 5346 Atque

365 5388 427 5431 ut
474 5377 663 5447 paucis
707 5376 908 5436 dicam,
951 5371 1166 5426 cunctis
1199 5384 1318 5440 quae
1362 5367 1626 5423 hactenus
1657 5367 1793 5421 dixit
1841 5368 1933 5421 (lc-

367 5468 618 5529 claravit,
649 5473 884 5534 quantus
919 5463 1132 5518 futurus
1159 5461 1228 5517 sit
1255 5460 1618 5517 lsraelitarum
1654 5458 1706 5513 in
1739 5459 1934 5513 melius

368 5565 710 5622 progressus.

2037 3083 2163 3148 τῶν,
2196 3087 2362 3139 πᾶσιν
2407 3087 2536 3156 ἀδεῆ
2585 3086 2916 3157 παρέχοντες
2944 3087 3042 3158 τὴν
3087 3087 3178 3156 ἀφ’
3209 3087 3364 3157 ὑμῶν
3399 3085 3610 3154 ἀναχώ-

2038 3175 2196 3247 ρησίν
2227 3194 2286 3230 τε
2321 3178 2413 3231 καὶ
2455 3177 2712 3231 ἐπάνοδον
2759 3179 2840 3240 είς
2871 3179 2938 3231 τὰ
2972 3180 3165 3243 οἰκεῖα,
3201 3180 3276 3247 (p.
3313 3179 3440 3247 507)
3481 3179 3609 3248 πρὶν

2035 3267 2068 3336 ἦ
2101 3267 2268 3335 πυρὸς
2301 3267 2398 3338 μὲν
2425 3267 2580 3338 δίκην
2611 3269 2710 3340 τὴν
2743 3268 2883 3339 ἐμὴν
2911 3269 3185 3340 τιμωρίαν
3218 3269 3346 3332 τοὺς
3386 3270 3443 3322 ἐν
3481 3269 3609 3339 ὖμῖν

2035 3361 2292 3428 ἀφανίσαι
2316 3359 2606 3425 δυνατοὺς,
2633 3359 2904 3424 ὀλολύζειν
2933 3360 2990 3412 δὲ
3027 3361 3155 3422 τοὺς
3187 3359 3615 3428 ἀσθενεστέρους

2036 3453 2278 3523 ὁρῶντας
2321 3453 2428 3504 τῶν
2456 3451 2697 3505 δυνατῶν
2733 3452 2833 3521 τὴν
2860 3451 3084 3505 πτῶσιψ
3117 3452 3276 3505 τοῦτο
3301 3451 3409 3523 γὰρ
3437 3451 3606 3520 λέγει,

2035 3563 2051 3594 ι
2077 3543 2407 3611 Ὀλολυξάτω
2418 3541 2730 3608 πίτυς,διότι
2747 3541 3004 3596 πέπτωκε
3023 3542 3231 3613 κέδρος.
3245 3542 3610 3612 »Θεασάμενοι

2036 3631 2141 3701 γὰρ
2178 3631 2275 3703 τὴν
2309 3632 2417 3686 τῶν
2461 3632 2699 3687 δυνατῶν
2742 3632 3046 3698 ἀπώλειαν,
3086 3632 3495 3702 ἀπογνὼσονται
3533 3634 3607 3696 ὡς

2035 3723 2180 3787 είκὸς
2211 3723 2418 3777 ἐαυτῶν
2437 3739 2451 3752 ·
2495 3724 2589 3776 καὶ
2623 3724 2822 3787 πάντες
2850 3725 2900 3777 οἱ
2935 3724 3027 3777 ἐπί
3060 3742 3166 3778 τινι
3208 3724 3436 3795 δυνάμει
3467 3725 3607 3794 μέγα

2036 3813 2357 3885 φρονοῦντες
2405 3813 2740 3880 ὀλολύξουσιν
2760 3856 2774 3879 ,
2805 3814 3038 3886 ὁρῶντες
3067 3814 3129 3868 τὸ
3160 3815 3360 3869 οἰκεῖον
3405 3813 3607 3884 πλῆθος

2033 3905 2232 3959 ὡσανεὶ
2268 3904 2544 3976 σύμφυτον
2569 3906 2772 3976 δρυμὸν
2803 3905 3217 3977 ἀφανιζόμενον,
3251 3906 3407 3974 δίκην
3437 3904 3606 3976 πυρὸς

2034 3997 2430 4068 ὲπιπιπτούσης
2485 3997 2666 4060 αὐτοῖς
2709 3999 2810 4067 τῆς
2852 3997 3002 4061 θείας
3049 3997 3351 4071 τιμωρίας“
3397 3996 3607 4050 ἔσονται

2039 4088 2136 4158 μὲν
2164 4088 2271 4158 γὰρ
2293 4090 2341 4140 οἱ
2367 4086 2689 4158 ἐξάρχοντες
2717 4088 2871 4159 ὑμῶν
2900 4091 2957 4142 ἐν
2984 4089 3225 4160 θρήνοις,
3251 4087 3606 4142 ἀνθίστασθαι

2035 4178 2115 4231 ἔτι
2138 4181 2250 4241 τοῖς
2271 4178 2394 4248 ἐμοὶ
2414 4180 2750 4250 προσήκουσι
2772 4179 3098 4250 τολμῶντες,
3129 4179 3366 4250 δρῶντες
3389 4177 3608 4231 ἃπασαν

2037 4267 2215 4323 αὐτῶν
2243 4266 2342 4337 τὴν
2371 4267 2524 4336 ίσχὺν
2551 4267 2956 4339 ἀπολλυμένηνο
2990 4267 3318 4339 θρηνήσουσι
3345 4267 3403 4320 δὲ
3432 4265 3529 4319 καὶ
3556 4265 3611 4317 οἱ

2036 4358 2266 4412 λεόντων
2301 4357 2456 4428 δίκην
2492 4359 2558 4428 τῇ
2601 4358 2779 4430 οἰκείᾳ
2815 4357 3136 4420 πεποιθότες
3171 4355 3346 4427 ἰσχύϊ,
3396 4356 3605 4418 πάντας

2035 4453 2269 4524 ὁρῶντες
2300 4453 2356 4505 ἐν
2397 4450 2790 4522 ταλαιπωρίαις
2818 4449 2977 4512 ὄντας
3006 4449 3133 4512 τοὺς
3167 4449 3308 4517 μέγα
3335 4463 3607 4516 πεφρονη-

2037 4547 2198 4609 κότας
2230 4543 2373 4600 κατά
2401 4543 2496 4598 τοῦ
2552 4543 2834 4616 Ἰορδάνου.
2885 4541 3100 4612 Ἐπειδὴ
3143 4541 3254 4611 γάρ
3291 4539 3456 4610 μέρος
3504 4537 3608 4606 τῆς

2049 4635 2301 4700 Ἰουδαίας
2328 4631 2397 4708 ἦν
2422 4639 2450 4688 ὁ
2487 4635 2754 4707 Ἰορδάνης
2782 4633 3045 4702 ποταμὸς,
3068 4631 3182 4685 ἀπὸ
3201 4631 3298 4701 τῆς
3320 4627 3413 4683 τοῦ
3441 4644 3604 4681 ποτα-

2040 4729 2141 4803 μοῦ
2171 4731 2386 4801 μνήμης
2412 4729 2507 4799 τὴν
2533 4725 2711 4798 χώραν
2737 4724 2846 4778 τῶν
2885 4721 3234 4794 Ἰσραηλιτῶν
3255 4719 3553 4790 δεδήλωκεν
3574 4718 3610 4769 ό-

2033 4820 2352 4891 προφήτης·
2395 4819 2476 4872 ὅτι
2512 4835 2573 4870 τε
2609 4819 2644 4887 ἡ
2703 4814 3057 4886 Ἰερουσαλὴμ
3099 4815 3179 4875 εἰς
3225 4812 3322 4881 τὴν
3369 4808 3608 4864 παλαιὰν
3665 4859 3667 4861 .

2032 4910 2609 4981 ἀποκατασταθήσεται
2634 4906 2960 4979 εὐπραγίαν,
2989 4903 3345 4972 ἀποδοθείσης
3379 4901 3477 4972 μιν
3502 4901 3604 4972 τῆς

2032 5022 2090 5058 τε
2121 5002 2415 5074 ἱερωσύνης
2439 5003 2531 5055 καὶ
2563 5001 2662 5070 τῆς
2702 5017 2759 5052 τε
2787 4999 3062 5069 βασιλείας
3090 4995 3170 5067 τῷ
3203 4994 3365 5062 ἔθνει,
3393 4995 3606 5047 ἐπισυν-

2034 5093 2287 5164 αχθέντος
2309 5094 2366 5146 δέ
2397 5091 2494 5146 τοῦ
2525 5091 2654 5145 λαοῦ
2692 5090 3024 5160 πανταχόθεν
3048 5106 3063 5120 ·
3119 5089 3212 5142 καὶ
3246 5089 3328 5142 ὅτι
3354 5087 3604 5157 τιμωρή-

2036 5203 2186 5238 σεται
2219 5187 2318 5256 μὲν
2346 5185 2522 5240 αὐτῶν
2559 5186 2683 5248 τοὺς
2713 5184 2938 5256 ἐχθροὺς
2963 5185 2992 5236 ὁ
3025 5183 3181 5245 Θεὸς,
3212 5185 3271 5235 ἐν
3297 5179 3517 5248 ἀγαθῶν
3544 5175 3604 5231 δὲ

2036 5278 2298 5332 πλείστων
2344 5276 2570 5347 ἀφθονίᾳ
2617 5277 2947 5347 καταστήσει
2991 5274 3238 5338 τούτους.
3302 5271 3460 5326 Ἀλλά
3509 5271 3604 5324 καὶ

2033 5371 2115 5422 ὅτι
2153 5367 2229 5438 τῷ
2270 5367 2571 5438 Ζοροσάόελ
2612 5368 2747 5437 πρὸς
2783 5366 2882 5436 τὴν
2926 5365 3204 5435 βασιλείαν
3245 5360 3607 5431 ἐξειλεγμένῳ

2037 5458 2292 5527 πλείστην
2327 5455 2451 5511 τινά
2499 5456 2720 5526 παρέξει
2755 5457 2852 5526 τὴν
2901 5455 3100 5526 ῥοπὴν,
3149 5455 3243 5524 ἀφ’
3279 5447 3348 5525 ἧς
3392 5451 3607 5523 ἰσχυροὶ⁷

2042 5549 2139 5618 μέν
2188 5548 2399 5602 ἔσονται
2433 5546 2573 5601 κατὰ
2599 5548 2707 5600 τῶν
2745 5547 3033 5611 ἐναντίων,
3069 5546 3517 5616 περιγενήσονται
3547 5539 3607 5596 δι

366 5646 464 5702 καὶ
498 5641 610 5698 τῶν
656 5643 783 5711 περὶ
832 5640 924 5695 τδν
975 5641 1097 5709 Γὼγ
1147 5641 1530 5714 ἀναριθμήτων
1567 5659 1626 5695 τε
1671 5641 1837 5695 δντων
1881 5643 1976 5695 καὶ
2019 5642 2422 5714 ἀμαχωτάτωνο
2456 5642 2551 5696 καὶ
2581 5641 2856 5712 συντόμως
2889 5641 3061 5695 εἰπεῖν
3097 5638 3186 5694 διὰ
3231 5639 3448 5693 πάντων
3497 5632 3612 5694 tam

370 5733 788 5806 προρρηθέντων
818 5732 1109 5805 ἐγνώρισεν
1139 5734 1344 5802 ὁπόσην
1380 5735 1471 5786 ἐπὶ
1500 5733 1558 5786 τὸ
1595 5737 1838 5803 κρεῖττον
1867 5734 1934 5788 τά
1965 5737 2082 5790 κατ’
2116 5737 2309 5799 αὐτοὺς
2337 5733 2562 5804 λήψεται
2588 5734 2684 5806 τὴν
2716 5731 2969 5787 ἐπίδοσιν.
