  <div class='ocr_page' id='page_1' title='image "/cluster/home/n/w/nwhite01/storage/ocr_20150623/66/mdp.39015008467477/292.png"; bbox 0 0 4022 6138; ppageno 0'>
   <div class='ocr_carea' id='block_1_1' title="bbox 351 289 456 349">
    <p class='ocr_par' dir='ltr' id='par_1_1' title="bbox 351 289 456 349">
     <span class='ocr_line' id='line_1_1' title="bbox 351 289 456 349; baseline -0.01 0"><span class='ocrx_word' id='word_1_1' title='bbox 351 289 456 349; x_wconf 61' lang='grc'><strong>539</strong></span> 
     </span>
    </p>
   </div>
   <div class='ocr_carea' id='block_1_2' title="bbox 1301 293 2676 353">
    <p class='ocr_par' dir='ltr' id='par_1_2' title="bbox 1301 293 2676 353">
     <span class='ocr_line' id='line_1_2' title="bbox 1301 293 2676 353; baseline 0 -4"><span class='ocrx_word' id='word_1_2' title='bbox 1301 295 1846 353; x_wconf 75' lang='lat' dir='ltr'><strong>COMMENTARIUS</strong></span> <span class='ocrx_word' id='word_1_3' title='bbox 1873 295 1940 352; x_wconf 78' lang='lat' dir='ltr'><strong>IN</strong></span> <span class='ocrx_word' id='word_1_4' title='bbox 1979 294 2350 353; x_wconf 63' lang='lat' dir='ltr'><strong>ZACllABIrE</strong></span> <span class='ocrx_word' id='word_1_5' title='bbox 2387 293 2540 353; x_wconf 74' lang='lat' dir='ltr'><strong>CAP.</strong></span> <span class='ocrx_word' id='word_1_6' title='bbox 2587 293 2676 350; x_wconf 72' lang='lat' dir='ltr'><strong>XI.</strong></span> 
     </span>
    </p>
   </div>
   <div class='ocr_carea' id='block_1_3' title="bbox 3481 291 3596 353">
    <p class='ocr_par' dir='ltr' id='par_1_3' title="bbox 3481 291 3596 353">
     <span class='ocr_line' id='line_1_3' title="bbox 3481 291 3596 353; baseline 0.017 -2"><span class='ocrx_word' id='word_1_7' title='bbox 3481 291 3596 353; x_wconf 64' lang='lat'><strong>573</strong></span> 
     </span>
    </p>
   </div>
   <div class='ocr_carea' id='block_1_4' title="bbox 430 405 1931 486">
    <p class='ocr_par' dir='ltr' id='par_1_4' title="bbox 430 405 1924 486">
     <span class='ocr_line' id='line_1_4' title="bbox 430 405 1924 486; baseline 0.005 -24"><span class='ocrx_word' id='word_1_8' title='bbox 430 405 649 478; x_wconf 77' lang='grc' dir='ltr'>Ἐπιιδὴ</span> <span class='ocrx_word' id='word_1_9' title='bbox 676 407 733 462; x_wconf 76' lang='grc' dir='ltr'>δὲ</span> <span class='ocrx_word' id='word_1_10' title='bbox 779 407 880 462; x_wconf 76' lang='grc' dir='ltr'>οὐκ</span> <span class='ocrx_word' id='word_1_11' title='bbox 924 405 984 462; x_wconf 73' lang='grc' dir='ltr'>εὖ</span> <span class='ocrx_word' id='word_1_12' title='bbox 1023 411 1321 482; x_wconf 76' lang='grc' dir='ltr'>ἐχρήσαντο</span> <span class='ocrx_word' id='word_1_13' title='bbox 1357 415 1598 469; x_wconf 83' lang='grc' dir='ltr'>Ἰουδαῖοι</span> <span class='ocrx_word' id='word_1_14' title='bbox 1633 417 1700 486; x_wconf 77' lang='grc' dir='ltr'><strong>τῇ</strong></span> <span class='ocrx_word' id='word_1_15' title='bbox 1742 432 1800 469; x_wconf 87' lang='grc' dir='ltr'><strong>τε</strong></span> <span class='ocrx_word' id='word_1_16' title='bbox 1833 415 1924 468; x_wconf 74' lang='grc' dir='ltr'><strong>σὺ·</strong></span> 
     </span>
    </p>
   </div>
   <div class='ocr_carea' id='block_1_5' title="bbox 2032 405 3584 486">
    <p class='ocr_par' dir='ltr' id='par_1_5' title="bbox 2095 405 3584 486">
     <span class='ocr_line' id='line_1_5' title="bbox 2095 405 3584 486; baseline -0.009 -14"><span class='ocrx_word' id='word_1_17' title='bbox 2095 414 2202 472; x_wconf 86' lang='lat' dir='ltr'><strong>Sed</strong></span> <span class='ocrx_word' id='word_1_18' title='bbox 2231 415 2360 486; x_wconf 85' lang='lat' dir='ltr'><strong>quia</strong></span> <span class='ocrx_word' id='word_1_19' title='bbox 2400 411 2571 468; x_wconf 66' lang='lat' dir='ltr'><strong>Judaei</strong></span> <span class='ocrx_word' id='word_1_20' title='bbox 2607 425 2715 466; x_wconf 90' lang='lat' dir='ltr'><strong>non</strong></span> <span class='ocrx_word' id='word_1_21' title='bbox 2750 409 2885 464; x_wconf 92' lang='lat' dir='ltr'><strong>bene</strong></span> <span class='ocrx_word' id='word_1_22' title='bbox 2914 407 3000 464; x_wconf 89' lang='lat' dir='ltr'><strong>usi</strong></span> <span class='ocrx_word' id='word_1_23' title='bbox 3031 416 3163 465; x_wconf 84' lang='lat' dir='ltr'><strong>sunt</strong></span> <span class='ocrx_word' id='word_1_24' title='bbox 3213 405 3470 462; x_wconf 74' lang='lat' dir='ltr'><strong>felicitate</strong></span> <span class='ocrx_word' id='word_1_25' title='bbox 3523 420 3584 460; x_wconf 83' lang='lat' dir='ltr'><strong>ac</strong></span> 
     </span>
    </p>
   </div>
   <div class='ocr_carea' id='block_1_6' title="bbox 349 498 1919 573">
    <p class='ocr_par' dir='ltr' id='par_1_6' title="bbox 349 498 1919 573">
     <span class='ocr_line' id='line_1_6' title="bbox 349 498 1919 573; baseline 0.004 -22"><span class='ocrx_word' id='word_1_26' title='bbox 349 498 560 570; x_wconf 78' lang='grc' dir='ltr'>πραγίᾳ</span> <span class='ocrx_word' id='word_1_27' title='bbox 604 500 698 552; x_wconf 78' lang='grc' dir='ltr'>καὶ</span> <span class='ocrx_word' id='word_1_28' title='bbox 741 503 808 570; x_wconf 82' lang='grc' dir='ltr'>τῇ</span> <span class='ocrx_word' id='word_1_29' title='bbox 857 501 1048 573; x_wconf 71' lang='grc' dir='ltr'>εἰρήνῃ</span> <span class='ocrx_word' id='word_1_30' title='bbox 1084 498 1152 572; x_wconf 84' lang='grc' dir='ltr'>ἧς</span> <span class='ocrx_word' id='word_1_31' title='bbox 1181 503 1273 556; x_wconf 73' lang='grc' dir='ltr'><strong>ἐπὶ</strong></span> <span class='ocrx_word' id='word_1_32' title='bbox 1306 505 1554 558; x_wconf 87' lang='grc' dir='ltr'>πλεῖστον</span> <span class='ocrx_word' id='word_1_33' title='bbox 1583 506 1919 569; x_wconf 76' lang='grc' dir='ltr'><strong>ἀπέλαυσαν,</strong></span> 
     </span>
    </p>
   </div>
   <div class='ocr_carea' id='block_1_7' title="bbox 349 587 1921 666">
    <p class='ocr_par' dir='ltr' id='par_1_7' title="bbox 349 587 1921 666">
     <span class='ocr_line' id='line_1_7' title="bbox 349 587 1921 666; baseline 0.004 -24"><span class='ocrx_word' id='word_1_34' title='bbox 349 599 426 658; x_wconf 82' lang='lat' dir='ltr'><strong>(p.</strong></span> <span class='ocrx_word' id='word_1_35' title='bbox 452 587 578 660; x_wconf 85' lang='lat'><strong>508)</strong></span> <span class='ocrx_word' id='word_1_36' title='bbox 630 590 1056 661; x_wconf 84' lang='grc' dir='ltr'>μεταϐαλόμενοί</span> <span class='ocrx_word' id='word_1_37' title='bbox 1085 610 1144 645; x_wconf 81' lang='grc' dir='ltr'><strong>τε</strong></span> <span class='ocrx_word' id='word_1_38' title='bbox 1189 593 1436 647; x_wconf 78' lang='grc' dir='ltr'>ἐντεῦθεν</span> <span class='ocrx_word' id='word_1_39' title='bbox 1464 596 1601 666; x_wconf 81' lang='grc' dir='ltr'>πρὸς</span> <span class='ocrx_word' id='word_1_40' title='bbox 1647 597 1710 648; x_wconf 86' lang='grc' dir='ltr'><strong>τὺ</strong></span> <span class='ocrx_word' id='word_1_41' title='bbox 1744 599 1921 666; x_wconf 85' lang='grc' dir='ltr'>χεῖρον</span> 
     </span>
    </p>
   </div>
   <div class='ocr_carea' id='block_1_8' title="bbox 349 672 1923 755">
    <p class='ocr_par' dir='ltr' id='par_1_8' title="bbox 349 672 1923 755">
     <span class='ocr_line' id='line_1_8' title="bbox 349 672 1923 755; baseline 0.006 -28"><span class='ocrx_word' id='word_1_42' title='bbox 349 672 640 739; x_wconf 72' lang='grc' dir='ltr'><strong>ἐξώκειλαν</strong></span> <span class='ocrx_word' id='word_1_43' title='bbox 661 716 677 741; x_wconf 91' lang='grc'><strong>,</strong></span> <span class='ocrx_word' id='word_1_44' title='bbox 730 677 866 746; x_wconf 82' lang='grc' dir='ltr'>πρὸς</span> <span class='ocrx_word' id='word_1_45' title='bbox 907 678 1215 733; x_wconf 81' lang='grc' dir='ltr'>τούναντίον</span> <span class='ocrx_word' id='word_1_46' title='bbox 1259 681 1356 751; x_wconf 78' lang='grc' dir='ltr'>μὲν</span> <span class='ocrx_word' id='word_1_47' title='bbox 1401 683 1582 747; x_wconf 80' lang='grc' dir='ltr'>αὐτοῖς</span> <span class='ocrx_word' id='word_1_48' title='bbox 1625 683 1923 755; x_wconf 74' lang='grc' dir='ltr'>ἐκϐέϐηκεν</span> 
     </span>
    </p>
   </div>
   <div class='ocr_carea' id='block_1_9' title="bbox 352 767 1921 844">
    <p class='ocr_par' dir='ltr' id='par_1_9' title="bbox 352 767 1921 844">
     <span class='ocr_line' id='line_1_9' title="bbox 352 767 1921 844; baseline 0.006 -26"><span class='ocrx_word' id='word_1_49' title='bbox 352 767 564 818; x_wconf 80' lang='grc' dir='ltr'>ᾶπαντα</span> <span class='ocrx_word' id='word_1_50' title='bbox 588 781 602 796; x_wconf 88' lang='grc'><strong>·</strong></span> <span class='ocrx_word' id='word_1_51' title='bbox 651 767 830 838; x_wconf 68' lang='grc' dir='ltr'>πολλῆς</span> <span class='ocrx_word' id='word_1_52' title='bbox 863 767 920 822; x_wconf 85' lang='grc' dir='ltr'><strong>δέ</strong></span> <span class='ocrx_word' id='word_1_53' title='bbox 952 786 1035 832; x_wconf 91' lang='grc' dir='ltr'><strong>τις</strong></span> <span class='ocrx_word' id='word_1_54' title='bbox 1067 771 1306 841; x_wconf 77' lang='grc' dir='ltr'><strong>ἀκοσμία</strong></span> <span class='ocrx_word' id='word_1_55' title='bbox 1337 773 1432 826; x_wconf 79' lang='grc' dir='ltr'>καὶ</span> <span class='ocrx_word' id='word_1_56' title='bbox 1461 773 1718 844; x_wconf 88' lang='grc' dir='ltr'>σύγχυσις</span> <span class='ocrx_word' id='word_1_57' title='bbox 1744 774 1921 828; x_wconf 83' lang='grc' dir='ltr'>αὐτῶν</span> 
     </span>
    </p>
   </div>
   <div class='ocr_carea' id='block_1_10' title="bbox 350 853 1922 935">
    <p class='ocr_par' dir='ltr' id='par_1_10' title="bbox 350 853 1922 935">
     <span class='ocr_line' id='line_1_10' title="bbox 350 853 1922 935; baseline 0.008 -31"><span class='ocrx_word' id='word_1_58' title='bbox 350 853 639 922; x_wconf 84' lang='grc' dir='ltr'>κατείληφε</span> <span class='ocrx_word' id='word_1_59' title='bbox 660 855 720 907; x_wconf 84' lang='grc' dir='ltr'>τὸ</span> <span class='ocrx_word' id='word_1_60' title='bbox 742 855 911 921; x_wconf 76' lang='grc' dir='ltr'>ἔθνος,</span> <span class='ocrx_word' id='word_1_61' title='bbox 935 857 1031 911; x_wconf 79' lang='grc' dir='ltr'>ἅτε</span> <span class='ocrx_word' id='word_1_62' title='bbox 1059 859 1166 912; x_wconf 86' lang='grc' dir='ltr'><strong>τῶν</strong></span> <span class='ocrx_word' id='word_1_63' title='bbox 1185 859 1364 930; x_wconf 87' lang='grc' dir='ltr'>νόμων</span> <span class='ocrx_word' id='word_1_64' title='bbox 1388 861 1770 931; x_wconf 68' lang='grc' dir='ltr'><strong>ἀμελουμένων</strong></span> <span class='ocrx_word' id='word_1_65' title='bbox 1793 865 1922 935; x_wconf 81' lang='grc' dir='ltr'>παρ’</span> 
     </span>
    </p>
   </div>
   <div class='ocr_carea' id='block_1_11' title="bbox 349 945 1922 1028">
    <p class='ocr_par' dir='ltr' id='par_1_11' title="bbox 349 945 1922 1028">
     <span class='ocr_line' id='line_1_11' title="bbox 349 945 1922 1028; baseline 0.01 -33"><span class='ocrx_word' id='word_1_66' title='bbox 349 945 531 1008; x_wconf 75' lang='grc' dir='ltr'>αὐτοῖς</span> <span class='ocrx_word' id='word_1_67' title='bbox 560 945 668 999; x_wconf 86' lang='grc' dir='ltr'><strong>τῶν</strong></span> <span class='ocrx_word' id='word_1_68' title='bbox 697 945 856 1000; x_wconf 85' lang='grc' dir='ltr'>θείων</span> <span class='ocrx_word' id='word_1_69' title='bbox 875 965 889 979; x_wconf 89' lang='grc'><strong>·</strong></span> <span class='ocrx_word' id='word_1_70' title='bbox 920 948 1049 1002; x_wconf 80' lang='grc' dir='ltr'>ἐνιοι</span> <span class='ocrx_word' id='word_1_71' title='bbox 1076 950 1186 1021; x_wconf 80' lang='grc' dir='ltr'><strong>γὰρ</strong></span> <span class='ocrx_word' id='word_1_72' title='bbox 1212 952 1321 1002; x_wconf 87' lang='grc' dir='ltr'><strong>τῶν</strong></span> <span class='ocrx_word' id='word_1_73' title='bbox 1351 952 1750 1025; x_wconf 82' lang='grc' dir='ltr'><strong>ὑποδεεστέρων</strong></span> <span class='ocrx_word' id='word_1_74' title='bbox 1782 957 1922 1028; x_wconf 80' lang='grc' dir='ltr'>πρὸς</span> 
     </span>
    </p>
   </div>
   <div class='ocr_carea' id='block_1_12' title="bbox 350 1036 1923 1117">
    <p class='ocr_par' dir='ltr' id='par_1_12' title="bbox 350 1036 1923 1117">
     <span class='ocr_line' id='line_1_12' title="bbox 350 1036 1923 1117; baseline 0.009 -30"><span class='ocrx_word' id='word_1_75' title='bbox 350 1036 472 1098; x_wconf 76' lang='grc' dir='ltr'>τοὺς</span> <span class='ocrx_word' id='word_1_76' title='bbox 490 1037 782 1108; x_wconf 81' lang='grc' dir='ltr'><strong>ἀρχιερέας</strong></span> <span class='ocrx_word' id='word_1_77' title='bbox 804 1037 896 1091; x_wconf 71' lang='grc' dir='ltr'>καὶ</span> <span class='ocrx_word' id='word_1_78' title='bbox 921 1041 1253 1110; x_wconf 80' lang='grc' dir='ltr'>ἡγουμένους</span> <span class='ocrx_word' id='word_1_79' title='bbox 1271 1041 1364 1095; x_wconf 90' lang='grc' dir='ltr'><strong>τοῦ</strong></span> <span class='ocrx_word' id='word_1_80' title='bbox 1385 1042 1512 1097; x_wconf 87' lang='grc' dir='ltr'>λαοῦ</span> <span class='ocrx_word' id='word_1_81' title='bbox 1541 1044 1760 1108; x_wconf 83' lang='grc' dir='ltr'>παντὸς,</span> <span class='ocrx_word' id='word_1_82' title='bbox 1785 1047 1923 1117; x_wconf 88' lang='grc' dir='ltr'><strong>μετά</strong></span> 
     </span>
    </p>
   </div>
   <div class='ocr_carea' id='block_1_13' title="bbox 352 1123 1921 1202">
    <p class='ocr_par' dir='ltr' id='par_1_13' title="bbox 352 1123 1921 1202">
     <span class='ocr_line' id='line_1_13' title="bbox 352 1123 1921 1202; baseline 0.01 -27"><span class='ocrx_word' id='word_1_83' title='bbox 352 1123 552 1193; x_wconf 81' lang='grc' dir='ltr'>πολλῆς</span> <span class='ocrx_word' id='word_1_84' title='bbox 597 1143 655 1178; x_wconf 91' lang='grc' dir='ltr'><strong>τε</strong></span> <span class='ocrx_word' id='word_1_85' title='bbox 689 1125 968 1192; x_wconf 75' lang='grc' dir='ltr'>διέποντας</span> <span class='ocrx_word' id='word_1_86' title='bbox 1013 1129 1174 1182; x_wconf 80' lang='grc' dir='ltr'>αὐτὸν</span> <span class='ocrx_word' id='word_1_87' title='bbox 1223 1129 1321 1200; x_wconf 85' lang='grc' dir='ltr'><strong>τῆς</strong></span> <span class='ocrx_word' id='word_1_88' title='bbox 1353 1132 1673 1202; x_wconf 89' lang='grc' dir='ltr'>ἀκριϐείας,</span> <span class='ocrx_word' id='word_1_89' title='bbox 1723 1137 1788 1188; x_wconf 82' lang='grc' dir='ltr'><strong>έκ</strong></span> <span class='ocrx_word' id='word_1_90' title='bbox 1829 1135 1921 1190; x_wconf 90' lang='grc' dir='ltr'><strong>τοῦ</strong></span> 
     </span>
    </p>
   </div>
   <div class='ocr_carea' id='block_1_14' title="bbox 354 1215 1918 1294">
    <p class='ocr_par' dir='ltr' id='par_1_14' title="bbox 354 1215 1918 1294">
     <span class='ocr_line' id='line_1_14' title="bbox 354 1215 1918 1294; baseline 0.01 -28"><span class='ocrx_word' id='word_1_91' title='bbox 354 1215 486 1285; x_wconf 82' lang='grc' dir='ltr'>πρὸς</span> <span class='ocrx_word' id='word_1_92' title='bbox 512 1216 573 1269; x_wconf 88' lang='grc' dir='ltr'>τὸ</span> <span class='ocrx_word' id='word_1_93' title='bbox 614 1219 795 1287; x_wconf 84' lang='grc' dir='ltr'>χεῖρον</span> <span class='ocrx_word' id='word_1_94' title='bbox 836 1218 1045 1289; x_wconf 78' lang='grc' dir='ltr'>ῥέπειν,</span> <span class='ocrx_word' id='word_1_95' title='bbox 1078 1221 1230 1274; x_wconf 71' lang='grc' dir='ltr'>αὐτοὶ</span> <span class='ocrx_word' id='word_1_96' title='bbox 1272 1221 1624 1294; x_wconf 79' lang='grc' dir='ltr'>διηνέχθησαν</span> <span class='ocrx_word' id='word_1_97' title='bbox 1653 1225 1728 1289; x_wconf 85' lang='grc' dir='ltr'>ὡς</span> <span class='ocrx_word' id='word_1_98' title='bbox 1756 1227 1918 1292; x_wconf 82' lang='grc' dir='ltr'>είκὸς,</span> 
     </span>
    </p>
   </div>
   <div class='ocr_carea' id='block_1_15' title="bbox 356 1304 1923 1392">
    <p class='ocr_par' dir='ltr' id='par_1_15' title="bbox 356 1304 1923 1392">
     <span class='ocr_line' id='line_1_15' title="bbox 356 1304 1923 1392; baseline 0.011 -37"><span class='ocrx_word' id='word_1_99' title='bbox 356 1305 442 1356; x_wconf 76' lang='grc' dir='ltr'>καὶ</span> <span class='ocrx_word' id='word_1_100' title='bbox 477 1304 643 1375; x_wconf 72' lang='grc' dir='ltr'>μηδὲν</span> <span class='ocrx_word' id='word_1_101' title='bbox 671 1308 792 1360; x_wconf 87' lang='grc' dir='ltr'>κατ’</span> <span class='ocrx_word' id='word_1_102' title='bbox 823 1309 1003 1364; x_wconf 82' lang='grc' dir='ltr'>αὐτῶν</span> <span class='ocrx_word' id='word_1_103' title='bbox 1050 1312 1384 1383; x_wconf 68' lang='grc' dir='ltr'><strong>ἰσχύσαντες,</strong></span> <span class='ocrx_word' id='word_1_104' title='bbox 1432 1315 1522 1369; x_wconf 82' lang='grc' dir='ltr'>διὰ</span> <span class='ocrx_word' id='word_1_105' title='bbox 1544 1317 1644 1387; x_wconf 89' lang='grc' dir='ltr'><strong>τὴν</strong></span> <span class='ocrx_word' id='word_1_106' title='bbox 1668 1320 1814 1392; x_wconf 79' lang='grc' dir='ltr'>παρὰ</span> <span class='ocrx_word' id='word_1_107' title='bbox 1844 1321 1923 1391; x_wconf 83' lang='grc' dir='ltr'><strong>τῷ</strong></span> 
     </span>
    </p>
   </div>
   <div class='ocr_carea' id='block_1_16' title="bbox 352 1392 1922 1476">
    <p class='ocr_par' dir='ltr' id='par_1_16' title="bbox 352 1392 1922 1476">
     <span class='ocr_line' id='line_1_16' title="bbox 352 1392 1922 1476; baseline 0.012 -34"><span class='ocrx_word' id='word_1_108' title='bbox 352 1392 463 1462; x_wconf 77' lang='grc' dir='ltr'>λαῷ</span> <span class='ocrx_word' id='word_1_109' title='bbox 489 1393 648 1458; x_wconf 81' lang='grc' dir='ltr'>δόξαν</span> <span class='ocrx_word' id='word_1_110' title='bbox 674 1395 783 1448; x_wconf 86' lang='grc' dir='ltr'><strong>τῶν</strong></span> <span class='ocrx_word' id='word_1_111' title='bbox 816 1397 1042 1469; x_wconf 85' lang='grc' dir='ltr'>ἀνδρῶν,</span> <span class='ocrx_word' id='word_1_112' title='bbox 1086 1401 1177 1454; x_wconf 75' lang='grc' dir='ltr'><strong>ἐπὶ</strong></span> <span class='ocrx_word' id='word_1_113' title='bbox 1202 1403 1328 1467; x_wconf 85' lang='grc' dir='ltr'>τοὺς</span> <span class='ocrx_word' id='word_1_114' title='bbox 1355 1401 1605 1472; x_wconf 86' lang='grc' dir='ltr'>βασιλέας</span> <span class='ocrx_word' id='word_1_115' title='bbox 1635 1406 1922 1476; x_wconf 75' lang='grc' dir='ltr'>ἐληλύθασι</span> 
     </span>
    </p>
   </div>
   <div class='ocr_carea' id='block_1_17' title="bbox 353 1485 1924 1569">
    <p class='ocr_par' dir='ltr' id='par_1_17' title="bbox 353 1485 1924 1569">
     <span class='ocr_line' id='line_1_17' title="bbox 353 1485 1924 1569; baseline 0.01 -34"><span class='ocrx_word' id='word_1_116' title='bbox 353 1487 475 1548; x_wconf 75' lang='grc' dir='ltr'>τοὺς</span> <span class='ocrx_word' id='word_1_117' title='bbox 520 1486 587 1538; x_wconf 76' lang='grc' dir='ltr'>ὲκ</span> <span class='ocrx_word' id='word_1_118' title='bbox 611 1485 733 1557; x_wconf 88' lang='grc' dir='ltr'>’τῆς</span> <span class='ocrx_word' id='word_1_119' title='bbox 785 1488 1159 1560; x_wconf 83' lang='grc' dir='ltr'>Μακεδονικῆς</span> <span class='ocrx_word' id='word_1_120' title='bbox 1201 1491 1445 1564; x_wconf 78' lang='grc' dir='ltr'>διαδοχῆς</span> <span class='ocrx_word' id='word_1_121' title='bbox 1489 1494 1599 1548; x_wconf 85' lang='grc' dir='ltr'><strong>τῶν</strong></span> <span class='ocrx_word' id='word_1_122' title='bbox 1633 1497 1776 1550; x_wconf 85' lang='grc' dir='ltr'>κατὰ</span> <span class='ocrx_word' id='word_1_123' title='bbox 1824 1499 1924 1569; x_wconf 82' lang='grc' dir='ltr'>τὴν</span> 
     </span>
    </p>
   </div>
   <div class='ocr_carea' id='block_1_18' title="bbox 355 1575 1924 1657">
    <p class='ocr_par' dir='ltr' id='par_1_18' title="bbox 355 1575 1924 1657">
     <span class='ocr_line' id='line_1_18' title="bbox 355 1575 1924 1657; baseline 0.01 -32"><span class='ocrx_word' id='word_1_124' title='bbox 355 1575 549 1641; x_wconf 82' lang='grc' dir='ltr'>Συρίαν</span> <span class='ocrx_word' id='word_1_125' title='bbox 575 1577 911 1646; x_wconf 80' lang='grc' dir='ltr'>κρατοῦντας</span> <span class='ocrx_word' id='word_1_126' title='bbox 938 1579 1141 1652; x_wconf 82' lang='grc' dir='ltr'>μερῶν,</span> <span class='ocrx_word' id='word_1_127' title='bbox 1174 1582 1266 1635; x_wconf 73' lang='grc' dir='ltr'>καὶ</span> <span class='ocrx_word' id='word_1_128' title='bbox 1294 1585 1706 1653; x_wconf 76' lang='grc' dir='ltr'>παρεσκεύασαν</span> <span class='ocrx_word' id='word_1_129' title='bbox 1743 1589 1839 1657; x_wconf 81' lang='grc' dir='ltr'>μὲν</span> <span class='ocrx_word' id='word_1_130' title='bbox 1866 1591 1924 1641; x_wconf 82' lang='grc' dir='ltr'>ὲν</span> 
     </span>
    </p>
   </div>
   <div class='ocr_carea' id='block_1_19' title="bbox 357 1666 1924 1749">
    <p class='ocr_par' dir='ltr' id='par_1_19' title="bbox 357 1666 1924 1749">
     <span class='ocr_line' id='line_1_19' title="bbox 357 1666 1924 1749; baseline 0.01 -31"><span class='ocrx_word' id='word_1_131' title='bbox 357 1666 615 1732; x_wconf 73' lang='grc' dir='ltr'>κινδύνοις</span> <span class='ocrx_word' id='word_1_132' title='bbox 644 1670 770 1733; x_wconf 81' lang='grc' dir='ltr'>τοὺς</span> <span class='ocrx_word' id='word_1_133' title='bbox 806 1670 1142 1741; x_wconf 73' lang='grc' dir='ltr'>ἡγουμένους</span> <span class='ocrx_word' id='word_1_134' title='bbox 1185 1675 1364 1728; x_wconf 81' lang='grc' dir='ltr'>αὐτῶν</span> <span class='ocrx_word' id='word_1_135' title='bbox 1395 1675 1682 1744; x_wconf 85' lang='grc' dir='ltr'>γενέσθαι,</span> <span class='ocrx_word' id='word_1_136' title='bbox 1727 1679 1924 1749; x_wconf 78' lang='grc' dir='ltr'>ἄνδρας</span> 
     </span>
    </p>
   </div>
   <div class='ocr_carea' id='block_1_20' title="bbox 2023 495 3585 577">
    <p class='ocr_par' dir='ltr' id='par_1_20' title="bbox 2023 495 3585 577">
     <span class='ocr_line' id='line_1_20' title="bbox 2023 495 3585 577; baseline -0.008 -15"><span class='ocrx_word' id='word_1_137' title='bbox 2023 521 2157 576; x_wconf 79' lang='lat' dir='ltr'><strong>pace</strong></span> <span class='ocrx_word' id='word_1_138' title='bbox 2185 521 2294 577; x_wconf 88' lang='lat' dir='ltr'><strong>qua</strong></span> <span class='ocrx_word' id='word_1_139' title='bbox 2321 505 2414 561; x_wconf 92' lang='lat' dir='ltr'><strong>diu</strong></span> <span class='ocrx_word' id='word_1_140' title='bbox 2452 503 2602 558; x_wconf 87' lang='lat' dir='ltr'><strong>fruiti</strong></span> <span class='ocrx_word' id='word_1_141' title='bbox 2635 508 2814 566; x_wconf 89' lang='lat' dir='ltr'><strong>erant,</strong></span> <span class='ocrx_word' id='word_1_142' title='bbox 2843 508 2898 555; x_wconf 91' lang='lat' dir='ltr'><strong>et</strong></span> <span class='ocrx_word' id='word_1_143' title='bbox 2922 499 3046 554; x_wconf 91' lang='lat' dir='ltr'><strong>inde</strong></span> <span class='ocrx_word' id='word_1_144' title='bbox 3075 498 3260 552; x_wconf 89' lang='lat' dir='ltr'><strong>animo</strong></span> <span class='ocrx_word' id='word_1_145' title='bbox 3288 504 3499 551; x_wconf 84' lang='lat' dir='ltr'><strong>mutato</strong></span> <span class='ocrx_word' id='word_1_146' title='bbox 3518 495 3585 550; x_wconf 82' lang='lat' dir='ltr'><strong>ad</strong></span> 
     </span>
    </p>
   </div>
   <div class='ocr_carea' id='block_1_21' title="bbox 2022 589 3589 660">
    <p class='ocr_par' dir='ltr' id='par_1_21' title="bbox 2022 589 3589 660">
     <span class='ocr_line' id='line_1_21' title="bbox 2022 589 3589 660; baseline -0.006 -9"><span class='ocrx_word' id='word_1_147' title='bbox 2022 597 2214 652; x_wconf 86' lang='lat' dir='ltr'><strong>vitium</strong></span> <span class='ocrx_word' id='word_1_148' title='bbox 2243 595 2595 660; x_wconf 79' lang='lat' dir='ltr'><strong>deﬂexerant,</strong></span> <span class='ocrx_word' id='word_1_149' title='bbox 2627 593 2683 648; x_wconf 92' lang='lat' dir='ltr'><strong>in</strong></span> <span class='ocrx_word' id='word_1_150' title='bbox 2715 591 3048 647; x_wconf 86' lang='lat' dir='ltr'><strong>contrarium</strong></span> <span class='ocrx_word' id='word_1_151' title='bbox 3068 589 3150 645; x_wconf 85' lang='lat' dir='ltr'><strong>eis</strong></span> <span class='ocrx_word' id='word_1_152' title='bbox 3184 596 3376 642; x_wconf 88' lang='lat' dir='ltr'><strong>cuncta</strong></span> <span class='ocrx_word' id='word_1_153' title='bbox 3404 601 3589 641; x_wconf 85' lang='lat' dir='ltr'><strong>cesse-</strong></span> 
     </span>
    </p>
   </div>
   <div class='ocr_carea' id='block_1_22' title="bbox 2021 679 3586 758">
    <p class='ocr_par' dir='ltr' id='par_1_22' title="bbox 2021 679 3586 758">
     <span class='ocr_line' id='line_1_22' title="bbox 2021 679 3586 758; baseline -0.009 -14"><span class='ocrx_word' id='word_1_154' title='bbox 2021 695 2180 755; x_wconf 87' lang='lat' dir='ltr'><strong>runt;</strong></span> <span class='ocrx_word' id='word_1_155' title='bbox 2239 689 2518 758; x_wconf 86' lang='lat' dir='ltr'><strong>multaque</strong></span> <span class='ocrx_word' id='word_1_156' title='bbox 2571 683 2912 754; x_wconf 83' lang='lat' dir='ltr'><strong>perturbatio</strong></span> <span class='ocrx_word' id='word_1_157' title='bbox 2961 689 3016 736; x_wconf 88' lang='lat' dir='ltr'><strong>et</strong></span> <span class='ocrx_word' id='word_1_158' title='bbox 3065 679 3318 734; x_wconf 81' lang='lat' dir='ltr'><strong>confusio</strong></span> <span class='ocrx_word' id='word_1_159' title='bbox 3351 685 3586 748; x_wconf 83' lang='lat' dir='ltr'><strong>gentem</strong></span> 
     </span>
    </p>
   </div>
   <div class='ocr_carea' id='block_1_23' title="bbox 2021 769 3586 850">
    <p class='ocr_par' dir='ltr' id='par_1_23' title="bbox 2021 769 3586 850">
     <span class='ocr_line' id='line_1_23' title="bbox 2021 769 3586 850; baseline -0.009 -16"><span class='ocrx_word' id='word_1_160' title='bbox 2021 779 2266 850; x_wconf 90' lang='lat' dir='ltr'><strong>ipsorum</strong></span> <span class='ocrx_word' id='word_1_161' title='bbox 2302 777 2622 847; x_wconf 83' lang='lat' dir='ltr'><strong>occupavit,</strong></span> <span class='ocrx_word' id='word_1_162' title='bbox 2672 773 2875 829; x_wconf 85' lang='lat' dir='ltr'><strong>divinis</strong></span> <span class='ocrx_word' id='word_1_163' title='bbox 2907 772 3164 827; x_wconf 85' lang='lat' dir='ltr'><strong>nimirum</strong></span> <span class='ocrx_word' id='word_1_164' title='bbox 3207 769 3420 839; x_wconf 89' lang='lat' dir='ltr'><strong>legibus</strong></span> <span class='ocrx_word' id='word_1_165' title='bbox 3443 769 3586 837; x_wconf 89' lang='lat' dir='ltr'><strong>apud</strong></span> 
     </span>
    </p>
   </div>
   <div class='ocr_carea' id='block_1_24' title="bbox 2021 859 3590 942">
    <p class='ocr_par' dir='ltr' id='par_1_24' title="bbox 2021 859 3590 942">
     <span class='ocr_line' id='line_1_24' title="bbox 2021 859 3590 942; baseline -0.009 -16"><span class='ocrx_word' id='word_1_166' title='bbox 2021 885 2117 926; x_wconf 88' lang='lat' dir='ltr'><strong>eos</strong></span> <span class='ocrx_word' id='word_1_167' title='bbox 2143 869 2431 942; x_wconf 75' lang='lat' dir='ltr'><strong>neglectis.</strong></span> <span class='ocrx_word' id='word_1_168' title='bbox 2461 865 2720 922; x_wconf 87' lang='lat' dir='ltr'><strong>Nonnulli</strong></span> <span class='ocrx_word' id='word_1_169' title='bbox 2749 865 2896 919; x_wconf 91' lang='lat' dir='ltr'><strong>enim</strong></span> <span class='ocrx_word' id='word_1_170' title='bbox 2921 861 3232 917; x_wconf 90' lang='lat' dir='ltr'><strong>humilioris</strong></span> <span class='ocrx_word' id='word_1_171' title='bbox 3256 859 3590 914; x_wconf 81' lang='lat' dir='ltr'><strong>conditionis</strong></span> 
     </span>
    </p>
   </div>
   <div class='ocr_carea' id='block_1_25' title="bbox 2022 947 3588 1032">
    <p class='ocr_par' dir='ltr' id='par_1_25' title="bbox 2022 947 3588 1032">
     <span class='ocr_line' id='line_1_25' title="bbox 2022 947 3588 1032; baseline -0.01 -16"><span class='ocrx_word' id='word_1_172' title='bbox 2022 960 2296 1023; x_wconf 83' lang='lat' dir='ltr'><strong>homines,</strong></span> <span class='ocrx_word' id='word_1_173' title='bbox 2357 959 2625 1014; x_wconf 83' lang='lat' dir='ltr'><strong>adversus</strong></span> <span class='ocrx_word' id='word_1_174' title='bbox 2679 954 2966 1026; x_wconf 82' lang='lat' dir='ltr'><strong>pontiﬁces</strong></span> <span class='ocrx_word' id='word_1_175' title='bbox 3006 958 3061 1006; x_wconf 92' lang='lat' dir='ltr'><strong>et</strong></span> <span class='ocrx_word' id='word_1_176' title='bbox 3101 951 3285 1032; x_wconf 60' lang='lat' dir='ltr'><strong>pepuli</strong></span> <span class='ocrx_word' id='word_1_177' title='bbox 3345 947 3588 1002; x_wconf 82' lang='lat' dir='ltr'><strong>universi</strong></span> 
     </span>
    </p>
   </div>
   <div class='ocr_carea' id='block_1_26' title="bbox 2022 1037 3588 1121">
    <p class='ocr_par' dir='ltr' id='par_1_26' title="bbox 2022 1037 3588 1121">
     <span class='ocr_line' id='line_1_26' title="bbox 2022 1037 3588 1121; baseline -0.009 -15"><span class='ocrx_word' id='word_1_178' title='bbox 2022 1051 2212 1116; x_wconf 87' lang='lat' dir='ltr'><strong>duces,</strong></span> <span class='ocrx_word' id='word_1_179' title='bbox 2260 1065 2423 1121; x_wconf 88' lang='lat' dir='ltr'><strong>quem</strong></span> <span class='ocrx_word' id='word_1_180' title='bbox 2457 1049 2606 1104; x_wconf 89' lang='lat' dir='ltr'><strong>omni</strong></span> <span class='ocrx_word' id='word_1_181' title='bbox 2638 1063 2762 1102; x_wconf 90' lang='lat' dir='ltr'><strong>cum</strong></span> <span class='ocrx_word' id='word_1_182' title='bbox 2801 1046 3080 1115; x_wconf 76' lang='lat' dir='ltr'><strong>diligentia</strong></span> <span class='ocrx_word' id='word_1_183' title='bbox 3112 1037 3588 1108; x_wconf 62' lang='lat' dir='ltr'><strong>adelinistrabant,</strong></span> 
     </span>
    </p>
   </div>
   <div class='ocr_carea' id='block_1_27' title="bbox 2022 1127 3590 1212">
    <p class='ocr_par' dir='ltr' id='par_1_27' title="bbox 2022 1127 3590 1212">
     <span class='ocr_line' id='line_1_27' title="bbox 2022 1127 3590 1212; baseline -0.007 -17"><span class='ocrx_word' id='word_1_184' title='bbox 2022 1148 2245 1212; x_wconf 86' lang='lat' dir='ltr'><strong>propter</strong></span> <span class='ocrx_word' id='word_1_185' title='bbox 2288 1155 2442 1196; x_wconf 86' lang='lat' dir='ltr'><strong>suam</strong></span> <span class='ocrx_word' id='word_1_186' title='bbox 2484 1154 2708 1212; x_wconf 79' lang='lat' dir='ltr'><strong>pravam</strong></span> <span class='ocrx_word' id='word_1_187' title='bbox 2744 1137 2936 1208; x_wconf 88' lang='lat' dir='ltr'><strong>agendi</strong></span> <span class='ocrx_word' id='word_1_188' title='bbox 2972 1127 3590 1190; x_wconf 56' lang='lat' dir='ltr'><strong>rationem‘inimicitias</strong></span> 
     </span>
    </p>
   </div>
   <div class='ocr_carea' id='block_1_28' title="bbox 2022 1217 3590 1302">
    <p class='ocr_par' dir='ltr' id='par_1_28' title="bbox 2022 1217 3590 1302">
     <span class='ocr_line' id='line_1_28' title="bbox 2022 1217 3590 1302; baseline -0.01 -14"><span class='ocrx_word' id='word_1_189' title='bbox 2022 1240 2404 1302; x_wconf 87' lang='lat' dir='ltr'><strong>susceperunt,</strong></span> <span class='ocrx_word' id='word_1_190' title='bbox 2439 1240 2497 1286; x_wconf 92' lang='lat' dir='ltr'><strong>ut</strong></span> <span class='ocrx_word' id='word_1_191' title='bbox 2532 1245 2764 1302; x_wconf 90' lang='lat' dir='ltr'><strong>pronum</strong></span> <span class='ocrx_word' id='word_1_192' title='bbox 2799 1227 2947 1284; x_wconf 90' lang='lat' dir='ltr'><strong>factu</strong></span> <span class='ocrx_word' id='word_1_193' title='bbox 2976 1238 3126 1294; x_wconf 87' lang='lat' dir='ltr'><strong>erat;</strong></span> <span class='ocrx_word' id='word_1_194' title='bbox 3193 1217 3394 1296; x_wconf 76' lang='lat' dir='ltr'><strong>quibus</strong></span> <span class='ocrx_word' id='word_1_195' title='bbox 3461 1235 3590 1275; x_wconf 85' lang='lat' dir='ltr'><strong>eum</strong></span> 
     </span>
    </p>
   </div>
   <div class='ocr_carea' id='block_1_29' title="bbox 2022 1305 3591 1392">
    <p class='ocr_par' dir='ltr' id='par_1_29' title="bbox 2022 1305 3591 1392">
     <span class='ocr_line' id='line_1_29' title="bbox 2022 1305 3591 1392; baseline -0.008 -18"><span class='ocrx_word' id='word_1_196' title='bbox 2022 1321 2314 1392; x_wconf 64' lang='lat' dir='ltr'><strong>prevalere</strong></span> <span class='ocrx_word' id='word_1_197' title='bbox 2362 1336 2472 1376; x_wconf 86' lang='lat' dir='ltr'><strong>non</strong></span> <span class='ocrx_word' id='word_1_198' title='bbox 2515 1327 2760 1391; x_wconf 89' lang='lat' dir='ltr'><strong>possent,</strong></span> <span class='ocrx_word' id='word_1_199' title='bbox 2817 1305 3037 1386; x_wconf 81' lang='lat' dir='ltr'><strong>propter</strong></span> <span class='ocrx_word' id='word_1_200' title='bbox 3065 1315 3310 1369; x_wconf 87' lang='lat' dir='ltr'><strong>virorum</strong></span> <span class='ocrx_word' id='word_1_201' title='bbox 3369 1311 3591 1382; x_wconf 62' lang='lat' dir='ltr'><strong>illorum</strong></span> 
     </span>
    </p>
   </div>
   <div class='ocr_carea' id='block_1_30' title="bbox 2021 1393 3590 1482">
    <p class='ocr_par' dir='ltr' id='par_1_30' title="bbox 2021 1393 3590 1482">
     <span class='ocr_line' id='line_1_30' title="bbox 2021 1393 3590 1482; baseline -0.01 -16"><span class='ocrx_word' id='word_1_202' title='bbox 2021 1411 2164 1482; x_wconf 87' lang='lat' dir='ltr'><strong>apud</strong></span> <span class='ocrx_word' id='word_1_203' title='bbox 2203 1411 2462 1482; x_wconf 88' lang='lat' dir='ltr'><strong>populum</strong></span> <span class='ocrx_word' id='word_1_204' title='bbox 2503 1410 2870 1479; x_wconf 72' lang='lat' dir='ltr'><strong>maiestatem,</strong></span> <span class='ocrx_word' id='word_1_205' title='bbox 2907 1407 2975 1461; x_wconf 85' lang='lat' dir='ltr'><strong>ad</strong></span> <span class='ocrx_word' id='word_1_206' title='bbox 3007 1420 3160 1474; x_wconf 85' lang='lat' dir='ltr'><strong>reges</strong></span> <span class='ocrx_word' id='word_1_207' title='bbox 3185 1393 3416 1474; x_wconf 83' lang='lat' dir='ltr'><strong>profecti</strong></span> <span class='ocrx_word' id='word_1_208' title='bbox 3439 1406 3590 1462; x_wconf 87' lang='lat' dir='ltr'><strong>sunt,</strong></span> 
     </span>
    </p>
   </div>
   <div class='ocr_carea' id='block_1_31' title="bbox 2021 1492 3641 1573">
    <p class='ocr_par' dir='ltr' id='par_1_31' title="bbox 2021 1492 3641 1573">
     <span class='ocr_line' id='line_1_31' title="bbox 2021 1492 3641 1573; baseline -0.004 -19"><span class='ocrx_word' id='word_1_209' title='bbox 2021 1504 2112 1573; x_wconf 89' lang='lat' dir='ltr'><strong>qui</strong></span> <span class='ocrx_word' id='word_1_210' title='bbox 2162 1518 2229 1557; x_wconf 81' lang='lat' dir='ltr'><strong>ex</strong></span> <span class='ocrx_word' id='word_1_211' title='bbox 2277 1501 2622 1557; x_wconf 77' lang='lat' dir='ltr'><strong>Macedonica</strong></span> <span class='ocrx_word' id='word_1_212' title='bbox 2678 1498 3032 1555; x_wconf 85' lang='lat' dir='ltr'><strong>successione</strong></span> <span class='ocrx_word' id='word_1_213' title='bbox 3081 1493 3252 1566; x_wconf 76' lang='lat' dir='ltr'><strong>Syria:</strong></span> <span class='ocrx_word' id='word_1_214' title='bbox 3299 1492 3595 1562; x_wconf 83' lang='lat' dir='ltr'><strong>provinciis</strong></span> <span class='ocrx_word' id='word_1_215' title='bbox 3637 1510 3641 1514; x_wconf 93' lang='grc'><strong>·</strong></span> 
     </span>
    </p>
   </div>
   <div class='ocr_carea' id='block_1_32' title="bbox 2021 1581 3594 1658">
    <p class='ocr_par' dir='ltr' id='par_1_32' title="bbox 2021 1581 3594 1658">
     <span class='ocr_line' id='line_1_32' title="bbox 2021 1581 3594 1658; baseline -0.005 -14"><span class='ocrx_word' id='word_1_216' title='bbox 2021 1591 2403 1658; x_wconf 87' lang='lat' dir='ltr'><strong>imperabant;</strong></span> <span class='ocrx_word' id='word_1_217' title='bbox 2475 1597 2530 1642; x_wconf 91' lang='lat' dir='ltr'><strong>et</strong></span> <span class='ocrx_word' id='word_1_218' title='bbox 2594 1587 2836 1658; x_wconf 91' lang='lat' dir='ltr'><strong>pericula</strong></span> <span class='ocrx_word' id='word_1_219' title='bbox 2887 1585 3193 1640; x_wconf 83' lang='lat' dir='ltr'><strong>conﬂarunt</strong></span> <span class='ocrx_word' id='word_1_220' title='bbox 3251 1581 3594 1652; x_wconf 88' lang='lat' dir='ltr'><strong>principibus</strong></span> 
     </span>
    </p>
   </div>
   <div class='ocr_carea' id='block_1_33' title="bbox 2021 1671 3594 1750">
    <p class='ocr_par' dir='ltr' id='par_1_33' title="bbox 2021 1671 3594 1750">
     <span class='ocr_line' id='line_1_33' title="bbox 2021 1671 3594 1750; baseline -0.008 -16"><span class='ocrx_word' id='word_1_221' title='bbox 2021 1680 2159 1742; x_wconf 90' lang='lat' dir='ltr'><strong>suis,</strong></span> <span class='ocrx_word' id='word_1_222' title='bbox 2183 1680 2276 1750; x_wconf 90' lang='lat' dir='ltr'><strong>qui</strong></span> <span class='ocrx_word' id='word_1_223' title='bbox 2308 1678 2478 1748; x_wconf 87' lang='lat' dir='ltr'><strong>probe</strong></span> <span class='ocrx_word' id='word_1_224' title='bbox 2512 1677 2859 1745; x_wconf 79' lang='lat' dir='ltr'><strong>legitimeque</strong></span> <span class='ocrx_word' id='word_1_225' title='bbox 2901 1674 3265 1730; x_wconf 85' lang='lat' dir='ltr'><strong>sacerdotium</strong></span> <span class='ocrx_word' id='word_1_226' title='bbox 3294 1671 3550 1741; x_wconf 86' lang='lat' dir='ltr'><strong>gerebant</strong></span> <span class='ocrx_word' id='word_1_227' title='bbox 3576 1686 3594 1736; x_wconf 89' lang='lat'><strong>;</strong></span> 
     </span>
    </p>
   </div>
   <div class='ocr_carea' id='block_1_34' title="bbox 355 1744 1931 1845">
    <p class='ocr_par' dir='ltr' id='par_1_34' title="bbox 355 1744 1920 1837">
     <span class='ocr_line' id='line_1_34' title="bbox 355 1744 1920 1837; baseline 0.01 -30"><span class='ocrx_word' id='word_1_228' title='bbox 355 1758 596 1828; x_wconf 85' lang='grc' dir='ltr'>νομίμως</span> <span class='ocrx_word' id='word_1_229' title='bbox 626 1777 684 1812; x_wconf 89' lang='grc' dir='ltr'><strong>τε</strong></span> <span class='ocrx_word' id='word_1_230' title='bbox 721 1760 1094 1832; x_wconf 79' lang='grc' dir='ltr'>ίερατεύοντας</span> <span class='ocrx_word' id='word_1_231' title='bbox 1127 1765 1218 1816; x_wconf 74' lang='grc' dir='ltr'><strong>καὶ</strong></span> <span class='ocrx_word' id='word_1_232' title='bbox 1240 1764 1474 1835; x_wconf 77' lang='grc' dir='ltr'>δοκίμως</span> <span class='ocrx_word' id='word_1_233' title='bbox 1495 1782 1508 1796; x_wconf 92' lang='grc'><strong>·</strong></span> <span class='ocrx_word' id='word_1_234' title='bbox 1554 1744 1839 1837; x_wconf 82' lang='grc' dir='ltr'>μεθίστατο</span> <span class='ocrx_word' id='word_1_235' title='bbox 1865 1769 1920 1822; x_wconf 82' lang='grc' dir='ltr'>δὲ</span> 
     </span>
    </p>
   </div>
   <div class='ocr_carea' id='block_1_35' title="bbox 2032 1744 3596 1845">
    <p class='ocr_par' dir='ltr' id='par_1_35' title="bbox 2032 1744 3596 1845">
     <span class='ocr_line' id='line_1_35' title="bbox 2032 1744 3596 1845; baseline -0.005 -23"><span class='ocrx_word' id='word_1_236' title='bbox 2032 1771 2097 1824; x_wconf 85' lang='lat' dir='ltr'><strong>ita</strong></span> <span class='ocrx_word' id='word_1_237' title='bbox 2127 1779 2184 1823; x_wconf 90' lang='lat' dir='ltr'><strong>ut</strong></span> <span class='ocrx_word' id='word_1_238' title='bbox 2199 1744 2561 1845; x_wconf 66' lang='lat' dir='ltr'><strong>pontificatus</strong></span> <span class='ocrx_word' id='word_1_239' title='bbox 2615 1767 2684 1821; x_wconf 89' lang='lat' dir='ltr'><strong>ad</strong></span> <span class='ocrx_word' id='word_1_240' title='bbox 2719 1744 2857 1820; x_wconf 84' lang='lat' dir='ltr'><strong>alios</strong></span> <span class='ocrx_word' id='word_1_241' title='bbox 2905 1764 3153 1820; x_wconf 81' lang='lat' dir='ltr'><strong>homines</strong></span> <span class='ocrx_word' id='word_1_242' title='bbox 3201 1762 3596 1817; x_wconf 85' lang='lat' dir='ltr'><strong>transferretur</strong></span> 
     </span>
    </p>
   </div>
   <div class='ocr_carea' id='block_1_36' title="bbox 357 1849 1922 1927">
    <p class='ocr_par' dir='ltr' id='par_1_36' title="bbox 357 1849 1922 1927">
     <span class='ocr_line' id='line_1_36' title="bbox 357 1849 1922 1927; baseline 0.008 -27"><span class='ocrx_word' id='word_1_243' title='bbox 357 1849 417 1901; x_wconf 69' lang='grc' dir='ltr'>τὰ</span> <span class='ocrx_word' id='word_1_244' title='bbox 445 1850 542 1922; x_wconf 81' lang='grc' dir='ltr'><strong>τῆς</strong></span> <span class='ocrx_word' id='word_1_245' title='bbox 554 1849 963 1923; x_wconf 81' lang='grc' dir='ltr'>ἀρχιερωσύνης</span> <span class='ocrx_word' id='word_1_246' title='bbox 989 1855 1068 1916; x_wconf 86' lang='grc' dir='ltr'><strong>είς</strong></span> <span class='ocrx_word' id='word_1_247' title='bbox 1093 1854 1309 1927; x_wconf 81' lang='grc' dir='ltr'>ἐτέρους</span> <span class='ocrx_word' id='word_1_248' title='bbox 1336 1856 1485 1926; x_wconf 78' lang='grc' dir='ltr'>παρὰ</span> <span class='ocrx_word' id='word_1_249' title='bbox 1512 1859 1609 1927; x_wconf 81' lang='grc' dir='ltr'>τὴν</span> <span class='ocrx_word' id='word_1_250' title='bbox 1636 1858 1743 1912; x_wconf 85' lang='grc' dir='ltr'><strong>τῶν</strong></span> <span class='ocrx_word' id='word_1_251' title='bbox 1765 1858 1922 1913; x_wconf 83' lang='grc' dir='ltr'>θείων</span> 
     </span>
    </p>
   </div>
   <div class='ocr_carea' id='block_1_37' title="bbox 355 1937 1919 2016">
    <p class='ocr_par' dir='ltr' id='par_1_37' title="bbox 355 1937 1919 2016">
     <span class='ocr_line' id='line_1_37' title="bbox 355 1937 1919 2016; baseline 0.009 -29"><span class='ocrx_word' id='word_1_252' title='bbox 355 1937 527 2006; x_wconf 79' lang='grc' dir='ltr'>νόμων</span> <span class='ocrx_word' id='word_1_253' title='bbox 562 1939 900 2006; x_wconf 88' lang='grc' dir='ltr'>ἀκολουθίαν,</span> <span class='ocrx_word' id='word_1_254' title='bbox 946 1943 1085 1996; x_wconf 81' lang='grc' dir='ltr'>κατὰ</span> <span class='ocrx_word' id='word_1_255' title='bbox 1113 1943 1175 1996; x_wconf 83' lang='grc' dir='ltr'>τὸ</span> <span class='ocrx_word' id='word_1_256' title='bbox 1217 1947 1328 2008; x_wconf 83' lang='grc' dir='ltr'>τοῖς</span> <span class='ocrx_word' id='word_1_257' title='bbox 1375 1945 1651 2016; x_wconf 85' lang='grc' dir='ltr'>βασιλεῦσι</span> <span class='ocrx_word' id='word_1_258' title='bbox 1696 1948 1919 2002; x_wconf 84' lang='grc' dir='ltr'>δοκοῦν·</span> 
     </span>
    </p>
   </div>
   <div class='ocr_carea' id='block_1_38' title="bbox 353 2029 1924 2108">
    <p class='ocr_par' dir='ltr' id='par_1_38' title="bbox 353 2029 1924 2108">
     <span class='ocr_line' id='line_1_38' title="bbox 353 2029 1924 2108; baseline 0.008 -28"><span class='ocrx_word' id='word_1_259' title='bbox 353 2029 400 2080; x_wconf 81' lang='grc' dir='ltr'>οἳ</span> <span class='ocrx_word' id='word_1_260' title='bbox 433 2030 717 2100; x_wconf 74' lang='grc' dir='ltr'>μονονουχὶ</span> <span class='ocrx_word' id='word_1_261' title='bbox 743 2031 1048 2097; x_wconf 80' lang='grc' dir='ltr'>πωλοῦντες</span> <span class='ocrx_word' id='word_1_262' title='bbox 1079 2034 1140 2087; x_wconf 82' lang='grc' dir='ltr'>τὸ</span> <span class='ocrx_word' id='word_1_263' title='bbox 1178 2034 1329 2100; x_wconf 77' lang='grc' dir='ltr'>ἔθνος</span> <span class='ocrx_word' id='word_1_264' title='bbox 1357 2039 1468 2102; x_wconf 88' lang='grc' dir='ltr'>τοῖς</span> <span class='ocrx_word' id='word_1_265' title='bbox 1503 2039 1800 2108; x_wconf 85' lang='grc' dir='ltr'>βασιλεῦσι,</span> <span class='ocrx_word' id='word_1_266' title='bbox 1832 2042 1924 2094; x_wconf 75' lang='grc' dir='ltr'><strong>καὶ</strong></span> 
     </span>
    </p>
   </div>
   <div class='ocr_carea' id='block_1_39' title="bbox 354 2121 1924 2200">
    <p class='ocr_par' dir='ltr' id='par_1_39' title="bbox 354 2121 1924 2200">
     <span class='ocr_line' id='line_1_39' title="bbox 354 2121 1924 2200; baseline 0.008 -26"><span class='ocrx_word' id='word_1_267' title='bbox 354 2121 648 2190; x_wconf 84' lang='grc' dir='ltr'>χρημάτων</span> <span class='ocrx_word' id='word_1_268' title='bbox 689 2123 842 2193; x_wconf 75' lang='grc' dir='ltr'>παρὰ</span> <span class='ocrx_word' id='word_1_269' title='bbox 873 2123 933 2177; x_wconf 83' lang='grc' dir='ltr'>τὸ</span> <span class='ocrx_word' id='word_1_270' title='bbox 978 2125 1094 2180; x_wconf 82' lang='grc' dir='ltr'>δέον</span> <span class='ocrx_word' id='word_1_271' title='bbox 1119 2125 1217 2199; x_wconf 78' lang='grc' dir='ltr'>τὴν</span> <span class='ocrx_word' id='word_1_272' title='bbox 1259 2129 1588 2200; x_wconf 86' lang='grc' dir='ltr'>προστασίαν</span> <span class='ocrx_word' id='word_1_273' title='bbox 1631 2131 1924 2200; x_wconf 85' lang='grc' dir='ltr'>ὠνούμενοι</span> 
     </span>
    </p>
   </div>
   <div class='ocr_carea' id='block_1_40' title="bbox 353 2209 1924 2290">
    <p class='ocr_par' dir='ltr' id='par_1_40' title="bbox 353 2209 1924 2290">
     <span class='ocr_line' id='line_1_40' title="bbox 353 2209 1924 2290; baseline 0.01 -29"><span class='ocrx_word' id='word_1_274' title='bbox 353 2209 443 2262; x_wconf 85' lang='grc' dir='ltr'><strong>τοῦ</strong></span> <span class='ocrx_word' id='word_1_275' title='bbox 485 2209 640 2272; x_wconf 88' lang='grc' dir='ltr'>λαοῦ,</span> <span class='ocrx_word' id='word_1_276' title='bbox 691 2212 916 2266; x_wconf 85' lang='grc' dir='ltr'>πλεῖστα</span> <span class='ocrx_word' id='word_1_277' title='bbox 951 2215 1049 2284; x_wconf 85' lang='grc' dir='ltr'>μὲν</span> <span class='ocrx_word' id='word_1_278' title='bbox 1089 2216 1188 2270; x_wconf 85' lang='grc' dir='ltr'>ὅσα</span> <span class='ocrx_word' id='word_1_279' title='bbox 1235 2217 1613 2290; x_wconf 82' lang='grc' dir='ltr'>διεπράττοντο</span> <span class='ocrx_word' id='word_1_280' title='bbox 1642 2223 1820 2286; x_wconf 79' lang='grc' dir='ltr'>κακὰ,</span> <span class='ocrx_word' id='word_1_281' title='bbox 1867 2225 1924 2276; x_wconf 80' lang='grc' dir='ltr'><strong>έν</strong></span> 
     </span>
    </p>
   </div>
   <div class='ocr_carea' id='block_1_41' title="bbox 355 2303 1922 2376">
    <p class='ocr_par' dir='ltr' id='par_1_41' title="bbox 355 2303 1922 2376">
     <span class='ocr_line' id='line_1_41' title="bbox 355 2303 1922 2376; baseline 0.01 -23"><span class='ocrx_word' id='word_1_282' title='bbox 355 2303 591 2374; x_wconf 81' lang='grc' dir='ltr'>ἀκοσμίᾳ</span> <span class='ocrx_word' id='word_1_283' title='bbox 622 2303 678 2357; x_wconf 89' lang='grc' dir='ltr'>δὲ</span> <span class='ocrx_word' id='word_1_284' title='bbox 704 2305 799 2357; x_wconf 79' lang='grc' dir='ltr'>καὶ</span> <span class='ocrx_word' id='word_1_285' title='bbox 830 2307 1084 2376; x_wconf 87' lang='grc' dir='ltr'>συγχύσει</span> <span class='ocrx_word' id='word_1_286' title='bbox 1116 2309 1385 2364; x_wconf 78' lang='grc' dir='ltr'>καθίστων</span> <span class='ocrx_word' id='word_1_287' title='bbox 1408 2312 1620 2367; x_wconf 76' lang='grc' dir='ltr'>ἅπαντα</span> <span class='ocrx_word' id='word_1_288' title='bbox 1643 2315 1732 2368; x_wconf 78' lang='grc' dir='ltr'>τὸν</span> <span class='ocrx_word' id='word_1_289' title='bbox 1761 2314 1888 2368; x_wconf 89' lang='grc' dir='ltr'>λαόν</span> <span class='ocrx_word' id='word_1_290' title='bbox 1908 2333 1922 2347; x_wconf 76' lang='grc'><strong>⁸</strong></span> 
     </span>
    </p>
   </div>
   <div class='ocr_carea' id='block_1_42' title="bbox 356 2392 1923 2471">
    <p class='ocr_par' dir='ltr' id='par_1_42' title="bbox 356 2392 1923 2471">
     <span class='ocr_line' id='line_1_42' title="bbox 356 2392 1923 2471; baseline 0.007 -28"><span class='ocrx_word' id='word_1_291' title='bbox 356 2392 445 2444; x_wconf 79' lang='grc' dir='ltr'>καὶ</span> <span class='ocrx_word' id='word_1_292' title='bbox 473 2392 801 2445; x_wconf 81' lang='grc' dir='ltr'>κατελέλυτο</span> <span class='ocrx_word' id='word_1_293' title='bbox 837 2395 935 2463; x_wconf 83' lang='grc' dir='ltr'>μὲν</span> <span class='ocrx_word' id='word_1_294' title='bbox 961 2395 1212 2461; x_wconf 79' lang='grc' dir='ltr'>καθάπαξ</span> <span class='ocrx_word' id='word_1_295' title='bbox 1244 2399 1276 2468; x_wconf 89' lang='grc' dir='ltr'><strong>ἡ</strong></span> <span class='ocrx_word' id='word_1_296' title='bbox 1308 2398 1414 2451; x_wconf 83' lang='grc' dir='ltr'><strong>τῶν</strong></span> <span class='ocrx_word' id='word_1_297' title='bbox 1445 2400 1624 2470; x_wconf 87' lang='grc' dir='ltr'>νόμων</span> <span class='ocrx_word' id='word_1_298' title='bbox 1649 2401 1923 2471; x_wconf 85' lang='grc' dir='ltr'>ἀκρίϐεια,</span> 
     </span>
    </p>
   </div>
   <div class='ocr_carea' id='block_1_43' title="bbox 355 2482 1925 2558">
    <p class='ocr_par' dir='ltr' id='par_1_43' title="bbox 355 2482 1925 2558">
     <span class='ocr_line' id='line_1_43' title="bbox 355 2482 1925 2558; baseline 0.008 -27"><span class='ocrx_word' id='word_1_299' title='bbox 355 2482 703 2552; x_wconf 87' lang='grc' dir='ltr'>ἁντεισὴγετο</span> <span class='ocrx_word' id='word_1_300' title='bbox 729 2482 784 2534; x_wconf 84' lang='grc' dir='ltr'>δὲ</span> <span class='ocrx_word' id='word_1_301' title='bbox 814 2482 1008 2548; x_wconf 77' lang='grc' dir='ltr'>ἀταξία</span> <span class='ocrx_word' id='word_1_302' title='bbox 1036 2501 1094 2537; x_wconf 89' lang='grc' dir='ltr'><strong>τε</strong></span> <span class='ocrx_word' id='word_1_303' title='bbox 1118 2486 1213 2538; x_wconf 72' lang='grc' dir='ltr'><strong>καὶ</strong></span> <span class='ocrx_word' id='word_1_304' title='bbox 1238 2488 1299 2539; x_wconf 81' lang='grc' dir='ltr'>τὸ</span> <span class='ocrx_word' id='word_1_305' title='bbox 1328 2488 1460 2558; x_wconf 79' lang='grc' dir='ltr'>πρὸς</span> <span class='ocrx_word' id='word_1_306' title='bbox 1489 2491 1793 2544; x_wconf 74' lang='grc' dir='ltr'>τούναντίον</span> <span class='ocrx_word' id='word_1_307' title='bbox 1814 2495 1925 2554; x_wconf 88' lang='grc' dir='ltr'>τοῖς</span> 
     </span>
    </p>
   </div>
   <div class='ocr_carea' id='block_1_44' title="bbox 358 2572 1926 2651">
    <p class='ocr_par' dir='ltr' id='par_1_44' title="bbox 358 2572 1926 2651">
     <span class='ocr_line' id='line_1_44' title="bbox 358 2572 1926 2651; baseline 0.007 -28"><span class='ocrx_word' id='word_1_308' title='bbox 358 2572 516 2635; x_wconf 81' lang='grc' dir='ltr'>θείοις</span> <span class='ocrx_word' id='word_1_309' title='bbox 567 2573 750 2644; x_wconf 80' lang='grc' dir='ltr'>νόμοις</span> <span class='ocrx_word' id='word_1_310' title='bbox 794 2574 1008 2630; x_wconf 69' lang='grc' dir='ltr'>ἅπαντα</span> <span class='ocrx_word' id='word_1_311' title='bbox 1053 2577 1374 2646; x_wconf 87' lang='grc' dir='ltr'>γίγνεσθαι·</span> <span class='ocrx_word' id='word_1_312' title='bbox 1430 2580 1568 2651; x_wconf 78' lang='grc' dir='ltr'>ὑπὲρ</span> <span class='ocrx_word' id='word_1_313' title='bbox 1613 2580 1675 2650; x_wconf 84' lang='grc' dir='ltr'><strong>δὴ</strong></span> <span class='ocrx_word' id='word_1_314' title='bbox 1725 2580 1926 2634; x_wconf 84' lang='grc' dir='ltr'>τούτων</span> 
     </span>
    </p>
   </div>
   <div class='ocr_carea' id='block_1_45' title="bbox 362 2659 1924 2747">
    <p class='ocr_par' dir='ltr' id='par_1_45' title="bbox 362 2659 1924 2747">
     <span class='ocr_line' id='line_1_45' title="bbox 362 2659 1924 2747; baseline 0.008 -35"><span class='ocrx_word' id='word_1_315' title='bbox 362 2659 607 2714; x_wconf 80' lang='grc' dir='ltr'>ἁπάντων</span> <span class='ocrx_word' id='word_1_316' title='bbox 644 2664 854 2732; x_wconf 88' lang='grc' dir='ltr'>μυρίοις</span> <span class='ocrx_word' id='word_1_317' title='bbox 885 2665 985 2734; x_wconf 81' lang='grc' dir='ltr'>μὲν</span> <span class='ocrx_word' id='word_1_318' title='bbox 1014 2667 1158 2730; x_wconf 81' lang='grc' dir='ltr'>ὅσοις</span> <span class='ocrx_word' id='word_1_319' title='bbox 1191 2667 1623 2747; x_wconf 85' lang='grc' dir='ltr'>περιεϐλὴθησαν</span> <span class='ocrx_word' id='word_1_320' title='bbox 1671 2673 1783 2735; x_wconf 86' lang='grc' dir='ltr'>τοῖς</span> <span class='ocrx_word' id='word_1_321' title='bbox 1823 2688 1924 2724; x_wconf 89' lang='grc' dir='ltr'>κα-</span> 
     </span>
    </p>
   </div>
   <div class='ocr_carea' id='block_1_46' title="bbox 369 2752 1926 2832">
    <p class='ocr_par' dir='ltr' id='par_1_46' title="bbox 369 2752 1926 2832">
     <span class='ocr_line' id='line_1_46' title="bbox 369 2752 1926 2832; baseline 0.008 -30"><span class='ocrx_word' id='word_1_322' title='bbox 369 2753 480 2813; x_wconf 78' lang='grc' dir='ltr'>κοῖς</span> <span class='ocrx_word' id='word_1_323' title='bbox 510 2752 775 2806; x_wconf 77' lang='grc' dir='ltr'>Ἰουδαῖοι·</span> <span class='ocrx_word' id='word_1_324' title='bbox 803 2754 910 2808; x_wconf 85' lang='grc' dir='ltr'><strong>τῶν</strong></span> <span class='ocrx_word' id='word_1_325' title='bbox 933 2757 1310 2813; x_wconf 89' lang='grc' dir='ltr'>Μακκαϐαίων</span> <span class='ocrx_word' id='word_1_326' title='bbox 1335 2759 1389 2811; x_wconf 86' lang='grc' dir='ltr'>δὲ</span> <span class='ocrx_word' id='word_1_327' title='bbox 1418 2760 1482 2812; x_wconf 81' lang='grc' dir='ltr'>ὲκ</span> <span class='ocrx_word' id='word_1_328' title='bbox 1511 2759 1605 2813; x_wconf 89' lang='grc' dir='ltr'><strong>τοῦ</strong></span> <span class='ocrx_word' id='word_1_329' title='bbox 1639 2760 1714 2830; x_wconf 83' lang='grc' dir='ltr'>μὴ</span> <span class='ocrx_word' id='word_1_330' title='bbox 1740 2761 1926 2832; x_wconf 82' lang='grc' dir='ltr'>φέρειν</span> 
     </span>
    </p>
   </div>
   <div class='ocr_carea' id='block_1_47' title="bbox 374 2839 1928 2924">
    <p class='ocr_par' dir='ltr' id='par_1_47' title="bbox 374 2839 1928 2924">
     <span class='ocr_line' id='line_1_47' title="bbox 374 2839 1928 2924; baseline 0.008 -32"><span class='ocrx_word' id='word_1_331' title='bbox 374 2839 466 2911; x_wconf 75' lang='grc' dir='ltr'>τὴν</span> <span class='ocrx_word' id='word_1_332' title='bbox 497 2841 626 2912; x_wconf 71' lang='grc' dir='ltr'>περὶ</span> <span class='ocrx_word' id='word_1_333' title='bbox 659 2843 724 2896; x_wconf 73' lang='grc' dir='ltr'><strong>τὰ</strong></span> <span class='ocrx_word' id='word_1_334' title='bbox 767 2843 882 2899; x_wconf 83' lang='grc' dir='ltr'>θεῖα</span> <span class='ocrx_word' id='word_1_335' title='bbox 919 2846 1318 2918; x_wconf 84' lang='grc' dir='ltr'>πλημμέλειαν,</span> <span class='ocrx_word' id='word_1_336' title='bbox 1350 2850 1482 2922; x_wconf 79' lang='grc' dir='ltr'>μηδὲ</span> <span class='ocrx_word' id='word_1_337' title='bbox 1514 2851 1736 2904; x_wconf 85' lang='grc' dir='ltr'>ἀνεκτὸν</span> <span class='ocrx_word' id='word_1_338' title='bbox 1775 2854 1928 2924; x_wconf 83' lang='grc' dir='ltr'>ἠγεῖ-</span> 
     </span>
    </p>
   </div>
   <div class='ocr_carea' id='block_1_48' title="bbox 373 2929 1927 3013">
    <p class='ocr_par' dir='ltr' id='par_1_48' title="bbox 373 2929 1927 3013">
     <span class='ocr_line' id='line_1_48' title="bbox 373 2929 1927 3013; baseline 0.01 -32"><span class='ocrx_word' id='word_1_339' title='bbox 373 2929 491 2983; x_wconf 84' lang='grc' dir='ltr'>σθαι</span> <span class='ocrx_word' id='word_1_340' title='bbox 519 2932 818 3004; x_wconf 74' lang='grc' dir='ltr'>ἡσυχάζειν,</span> <span class='ocrx_word' id='word_1_341' title='bbox 866 2936 944 3008; x_wconf 91' lang='lat' dir='ltr'><strong>(p.</strong></span> <span class='ocrx_word' id='word_1_342' title='bbox 973 2937 1096 3008; x_wconf 81' lang='lat'><strong>509)</strong></span> <span class='ocrx_word' id='word_1_343' title='bbox 1140 2939 1282 2993; x_wconf 78' lang='grc' dir='ltr'>οὕτω</span> <span class='ocrx_word' id='word_1_344' title='bbox 1313 2940 1412 3010; x_wconf 82' lang='grc' dir='ltr'>μὲν</span> <span class='ocrx_word' id='word_1_345' title='bbox 1440 2941 1927 3013; x_wconf 81' lang='grc' dir='ltr'>παραϐαινομένων</span> 
     </span>
    </p>
   </div>
   <div class='ocr_carea' id='block_1_49' title="bbox 362 3021 1999 3130">
    <p class='ocr_par' dir='ltr' id='par_1_49' title="bbox 362 3021 1999 3130">
     <span class='ocr_line' id='line_1_49' title="bbox 362 3021 1999 3130; baseline 0.01 -57"><span class='ocrx_word' id='word_1_346' title='bbox 362 3021 466 3074; x_wconf 86' lang='grc' dir='ltr'>τῶν</span> <span class='ocrx_word' id='word_1_347' title='bbox 494 3023 881 3130; x_wconf 41' lang='grc' dir='ltr'>νόμωνιθείων,</span> <span class='ocrx_word' id='word_1_348' title='bbox 901 3028 1165 3102; x_wconf 82' lang='grc' dir='ltr'>τοσαύτης</span> <span class='ocrx_word' id='word_1_349' title='bbox 1191 3031 1247 3084; x_wconf 82' lang='grc' dir='ltr'>δὲ</span> <span class='ocrx_word' id='word_1_350' title='bbox 1281 3031 1532 3096; x_wconf 87' lang='grc' dir='ltr'>ἀσεϐείας</span> <span class='ocrx_word' id='word_1_351' title='bbox 1557 3036 1999 3130; x_wconf 70' lang='grc' dir='ltr'>ἀντεισαχθεί-ὀ</span> 
     </span>
    </p>
   </div>
   <div class='ocr_carea' id='block_1_50' title="bbox 362 3116 1928 3194">
    <p class='ocr_par' dir='ltr' id='par_1_50' title="bbox 362 3116 1928 3194">
     <span class='ocr_line' id='line_1_50' title="bbox 362 3116 1928 3194; baseline 0.009 -28"><span class='ocrx_word' id='word_1_352' title='bbox 362 3129 457 3184; x_wconf 91' lang='grc' dir='ltr'><strong>σης</strong></span> <span class='ocrx_word' id='word_1_353' title='bbox 493 3131 554 3167; x_wconf 90' lang='grc' dir='ltr'><strong>τε</strong></span> <span class='ocrx_word' id='word_1_354' title='bbox 597 3116 692 3170; x_wconf 75' lang='grc' dir='ltr'>καὶ</span> <span class='ocrx_word' id='word_1_355' title='bbox 723 3116 1156 3190; x_wconf 80' lang='grc' dir='ltr'>πολιτευομένης,</span> <span class='ocrx_word' id='word_1_356' title='bbox 1189 3122 1248 3173; x_wconf 87' lang='grc' dir='ltr'>ὲν</span> <span class='ocrx_word' id='word_1_357' title='bbox 1279 3121 1463 3185; x_wconf 80' lang='grc' dir='ltr'>αὐτοῖς</span> <span class='ocrx_word' id='word_1_358' title='bbox 1504 3121 1597 3177; x_wconf 82' lang='grc' dir='ltr'>τὸν</span> <span class='ocrx_word' id='word_1_359' title='bbox 1633 3123 1767 3194; x_wconf 79' lang='grc' dir='ltr'>πρὸς</span> <span class='ocrx_word' id='word_1_360' title='bbox 1802 3127 1928 3190; x_wconf 74' lang='grc' dir='ltr'>τοὺς</span> 
     </span>
    </p>
   </div>
   <div class='ocr_carea' id='block_1_51' title="bbox 357 3208 1930 3287">
    <p class='ocr_par' dir='ltr' id='par_1_51' title="bbox 357 3208 1930 3287">
     <span class='ocr_line' id='line_1_51' title="bbox 357 3208 1930 3287; baseline 0.008 -29"><span class='ocrx_word' id='word_1_361' title='bbox 357 3208 736 3278; x_wconf 85' lang='grc' dir='ltr'>Μακεδονικῆς</span> <span class='ocrx_word' id='word_1_362' title='bbox 769 3210 1018 3283; x_wconf 81' lang='grc' dir='ltr'>διαδοχῆς</span> <span class='ocrx_word' id='word_1_363' title='bbox 1053 3211 1306 3282; x_wconf 88' lang='grc' dir='ltr'>βασιλέας</span> <span class='ocrx_word' id='word_1_364' title='bbox 1339 3215 1572 3286; x_wconf 89' lang='grc' dir='ltr'>πόλεμον</span> <span class='ocrx_word' id='word_1_365' title='bbox 1601 3216 1930 3287; x_wconf 79' lang='grc' dir='ltr'>ἀναδεξαμέ-</span> 
     </span>
    </p>
   </div>
   <div class='ocr_carea' id='block_1_52' title="bbox 357 3299 1930 3378">
    <p class='ocr_par' dir='ltr' id='par_1_52' title="bbox 357 3299 1930 3378">
     <span class='ocr_line' id='line_1_52' title="bbox 357 3299 1930 3378; baseline 0.007 -31"><span class='ocrx_word' id='word_1_366' title='bbox 357 3314 480 3356; x_wconf 84' lang='grc' dir='ltr'>νων,</span> <span class='ocrx_word' id='word_1_367' title='bbox 508 3299 611 3352; x_wconf 77' lang='grc' dir='ltr'>οὐκ</span> <span class='ocrx_word' id='word_1_368' title='bbox 634 3299 806 3368; x_wconf 82' lang='grc' dir='ltr'>ὀλίγοι</span> <span class='ocrx_word' id='word_1_369' title='bbox 834 3303 975 3366; x_wconf 83' lang='grc' dir='ltr'>τινὲς</span> <span class='ocrx_word' id='word_1_370' title='bbox 1004 3303 1111 3356; x_wconf 85' lang='grc' dir='ltr'><strong>τῶν</strong></span> <span class='ocrx_word' id='word_1_371' title='bbox 1147 3305 1227 3367; x_wconf 87' lang='grc' dir='ltr'><strong>είς</strong></span> <span class='ocrx_word' id='word_1_372' title='bbox 1252 3303 1314 3358; x_wconf 79' lang='grc' dir='ltr'>τὸ</span> <span class='ocrx_word' id='word_1_373' title='bbox 1339 3304 1488 3368; x_wconf 72' lang='grc' dir='ltr'>ἔθνος</span> <span class='ocrx_word' id='word_1_374' title='bbox 1510 3306 1804 3360; x_wconf 78' lang='grc' dir='ltr'>τελούντων</span> <span class='ocrx_word' id='word_1_375' title='bbox 1831 3308 1930 3378; x_wconf 76' lang='grc' dir='ltr'>τὴν</span> 
     </span>
    </p>
   </div>
   <div class='ocr_carea' id='block_1_53' title="bbox 358 3388 1926 3470">
    <p class='ocr_par' dir='ltr' id='par_1_53' title="bbox 358 3388 1926 3470">
     <span class='ocr_line' id='line_1_53' title="bbox 358 3388 1926 3470; baseline 0.008 -31"><span class='ocrx_word' id='word_1_376' title='bbox 358 3388 580 3442; x_wconf 80' lang='grc' dir='ltr'>ἐκείνων</span> <span class='ocrx_word' id='word_1_377' title='bbox 614 3389 955 3462; x_wconf 79' lang='grc' dir='ltr'>ζηλώσαντες</span> <span class='ocrx_word' id='word_1_378' title='bbox 983 3392 1205 3465; x_wconf 82' lang='grc' dir='ltr'>γνώμην</span> <span class='ocrx_word' id='word_1_379' title='bbox 1233 3395 1597 3466; x_wconf 75' lang='grc' dir='ltr'>ἐκοινώνησαν</span> <span class='ocrx_word' id='word_1_380' title='bbox 1637 3397 1729 3450; x_wconf 88' lang='grc' dir='ltr'><strong>τοῦ</strong></span> <span class='ocrx_word' id='word_1_381' title='bbox 1758 3403 1926 3470; x_wconf 83' lang='grc' dir='ltr'>προρ-</span> 
     </span>
    </p>
   </div>
   <div class='ocr_carea' id='block_1_54' title="bbox 360 3480 1934 3560">
    <p class='ocr_par' dir='ltr' id='par_1_54' title="bbox 360 3480 1934 3560">
     <span class='ocr_line' id='line_1_54' title="bbox 360 3480 1934 3560; baseline 0.007 -27"><span class='ocrx_word' id='word_1_382' title='bbox 360 3480 616 3549; x_wconf 76' lang='grc' dir='ltr'>ῥηθέντος</span> <span class='ocrx_word' id='word_1_383' title='bbox 651 3483 884 3554; x_wconf 85' lang='grc' dir='ltr'>πολέμου</span> <span class='ocrx_word' id='word_1_384' title='bbox 906 3501 920 3515; x_wconf 88' lang='grc'><strong>·</strong></span> <span class='ocrx_word' id='word_1_385' title='bbox 959 3486 1048 3538; x_wconf 80' lang='grc' dir='ltr'>καὶ</span> <span class='ocrx_word' id='word_1_386' title='bbox 1077 3486 1262 3554; x_wconf 82' lang='grc' dir='ltr'>γέγονε</span> <span class='ocrx_word' id='word_1_387' title='bbox 1297 3488 1394 3557; x_wconf 80' lang='grc' dir='ltr'>μὲν</span> <span class='ocrx_word' id='word_1_388' title='bbox 1415 3489 1542 3558; x_wconf 88' lang='grc' dir='ltr'>περί</span> <span class='ocrx_word' id='word_1_389' title='bbox 1573 3505 1630 3540; x_wconf 89' lang='grc' dir='ltr'><strong>τε</strong></span> <span class='ocrx_word' id='word_1_390' title='bbox 1659 3489 1754 3560; x_wconf 85' lang='grc' dir='ltr'>τὴν</span> <span class='ocrx_word' id='word_1_391' title='bbox 1781 3489 1934 3544; x_wconf 82' lang='grc' dir='ltr'>πόλιν</span> 
     </span>
    </p>
   </div>
   <div class='ocr_carea' id='block_1_55' title="bbox 359 3572 1932 3651">
    <p class='ocr_par' dir='ltr' id='par_1_55' title="bbox 359 3572 1932 3651">
     <span class='ocr_line' id='line_1_55' title="bbox 359 3572 1932 3651; baseline 0.006 -28"><span class='ocrx_word' id='word_1_392' title='bbox 359 3572 451 3625; x_wconf 76' lang='grc' dir='ltr'>καὶ</span> <span class='ocrx_word' id='word_1_393' title='bbox 477 3573 573 3626; x_wconf 74' lang='grc' dir='ltr'>τὸν</span> <span class='ocrx_word' id='word_1_394' title='bbox 593 3574 721 3626; x_wconf 82' lang='grc' dir='ltr'>ναὸν</span> <span class='ocrx_word' id='word_1_395' title='bbox 748 3573 840 3628; x_wconf 88' lang='grc' dir='ltr'><strong>τοῦ</strong></span> <span class='ocrx_word' id='word_1_396' title='bbox 868 3574 1023 3641; x_wconf 87' lang='grc' dir='ltr'>Θεοῦ,</span> <span class='ocrx_word' id='word_1_397' title='bbox 1053 3578 1145 3630; x_wconf 57' lang='grc' dir='ltr'><strong>καὶ¹</strong></span> <span class='ocrx_word' id='word_1_398' title='bbox 1167 3579 1272 3631; x_wconf 77' lang='grc' dir='ltr'>πᾶν</span> <span class='ocrx_word' id='word_1_399' title='bbox 1301 3577 1364 3649; x_wconf 81' lang='grc' dir='ltr'>δὴ</span> <span class='ocrx_word' id='word_1_400' title='bbox 1390 3579 1451 3632; x_wconf 83' lang='grc' dir='ltr'>τὸ</span> <span class='ocrx_word' id='word_1_401' title='bbox 1475 3579 1625 3644; x_wconf 80' lang='grc' dir='ltr'>ἔθνος</span> <span class='ocrx_word' id='word_1_402' title='bbox 1654 3582 1932 3651; x_wconf 83' lang='grc' dir='ltr'>συντόμως</span> 
     </span>
    </p>
   </div>
   <div class='ocr_carea' id='block_1_56' title="bbox 356 3664 1930 3740">
    <p class='ocr_par' dir='ltr' id='par_1_56' title="bbox 356 3664 1930 3740">
     <span class='ocr_line' id='line_1_56' title="bbox 356 3664 1930 3740; baseline 0.007 -28"><span class='ocrx_word' id='word_1_403' title='bbox 356 3666 533 3717; x_wconf 78' lang='grc' dir='ltr'>εἰπεῖν</span> <span class='ocrx_word' id='word_1_404' title='bbox 563 3664 734 3735; x_wconf 84' lang='grc' dir='ltr'>μυρία</span> <span class='ocrx_word' id='word_1_405' title='bbox 757 3665 858 3718; x_wconf 82' lang='grc' dir='ltr'>ὅσα</span> <span class='ocrx_word' id='word_1_406' title='bbox 887 3667 1038 3738; x_wconf 84' lang='grc' dir='ltr'><strong>παρά</strong></span> <span class='ocrx_word' id='word_1_407' title='bbox 1055 3666 1164 3720; x_wconf 84' lang='grc' dir='ltr'><strong>τῶν</strong></span> <span class='ocrx_word' id='word_1_408' title='bbox 1191 3668 1514 3722; x_wconf 83' lang='grc' dir='ltr'>Μακεδόνων</span> <span class='ocrx_word' id='word_1_409' title='bbox 1547 3670 1712 3735; x_wconf 70' lang='grc' dir='ltr'>κακὰ,</span> <span class='ocrx_word' id='word_1_410' title='bbox 1737 3670 1772 3723; x_wconf 71' lang='grc' dir='ltr'><strong>ἃ.</strong></span> <span class='ocrx_word' id='word_1_411' title='bbox 1796 3671 1930 3740; x_wconf 83' lang='grc' dir='ltr'>μηδὲ</span> 
     </span>
    </p>
   </div>
   <div class='ocr_carea' id='block_1_57' title="bbox 360 3757 1932 3832">
    <p class='ocr_par' dir='ltr' id='par_1_57' title="bbox 360 3757 1932 3832">
     <span class='ocr_line' id='line_1_57' title="bbox 360 3757 1932 3832; baseline 0.004 -24"><span class='ocrx_word' id='word_1_412' title='bbox 360 3757 544 3827; x_wconf 66' lang='grc' dir='ltr'>ῥᾴδιον</span> <span class='ocrx_word' id='word_1_413' title='bbox 573 3758 747 3810; x_wconf 73' lang='grc' dir='ltr'>εἰπεῖν</span> <span class='ocrx_word' id='word_1_414' title='bbox 771 3774 784 3787; x_wconf 91' lang='grc'><strong>·</strong></span> <span class='ocrx_word' id='word_1_415' title='bbox 841 3757 1058 3823; x_wconf 79' lang='grc' dir='ltr'>ἐδέξατο</span> <span class='ocrx_word' id='word_1_416' title='bbox 1095 3760 1153 3812; x_wconf 82' lang='grc' dir='ltr'>δὲ</span> <span class='ocrx_word' id='word_1_417' title='bbox 1178 3760 1347 3814; x_wconf 88' lang='grc' dir='ltr'>ταῦτα</span> <span class='ocrx_word' id='word_1_418' title='bbox 1373 3760 1671 3832; x_wconf 88' lang='grc' dir='ltr'>διόρθωσιν,</span> <span class='ocrx_word' id='word_1_419' title='bbox 1699 3762 1932 3832; x_wconf 83' lang='grc' dir='ltr'>ὁπηνίκα</span> 
     </span>
    </p>
   </div>
   <div class='ocr_carea' id='block_1_58' title="bbox 356 3847 1931 3924">
    <p class='ocr_par' dir='ltr' id='par_1_58' title="bbox 356 3847 1931 3924">
     <span class='ocr_line' id='line_1_58' title="bbox 356 3847 1931 3924; baseline 0.004 -25"><span class='ocrx_word' id='word_1_420' title='bbox 356 3847 492 3911; x_wconf 70' lang='grc' dir='ltr'>Θεὸς</span> <span class='ocrx_word' id='word_1_421' title='bbox 536 3847 604 3918; x_wconf 73' lang='grc' dir='ltr'>τῇ</span> <span class='ocrx_word' id='word_1_422' title='bbox 636 3847 828 3919; x_wconf 81' lang='grc' dir='ltr'>γνώμῃ</span> <span class='ocrx_word' id='word_1_423' title='bbox 869 3849 976 3902; x_wconf 85' lang='grc' dir='ltr'>τῶν</span> <span class='ocrx_word' id='word_1_424' title='bbox 1008 3852 1132 3921; x_wconf 73' lang='grc' dir='ltr'>περὶ</span> <span class='ocrx_word' id='word_1_425' title='bbox 1155 3851 1246 3905; x_wconf 80' lang='grc' dir='ltr'>τὸν</span> <span class='ocrx_word' id='word_1_426' title='bbox 1278 3851 1633 3906; x_wconf 85' lang='grc' dir='ltr'>Μακκαϐαῖον</span> <span class='ocrx_word' id='word_1_427' title='bbox 1661 3852 1931 3924; x_wconf 70' lang='grc' dir='ltr'>ἀρεσθεὶς,</span> 
     </span>
    </p>
   </div>
   <div class='ocr_carea' id='block_1_59' title="bbox 357 3938 1934 4014">
    <p class='ocr_par' dir='ltr' id='par_1_59' title="bbox 357 3938 1934 4014">
     <span class='ocr_line' id='line_1_59' title="bbox 357 3938 1934 4014; baseline 0.002 -24"><span class='ocrx_word' id='word_1_428' title='bbox 357 3938 638 4008; x_wconf 81' lang='grc' dir='ltr'>παρέσχεν</span> <span class='ocrx_word' id='word_1_429' title='bbox 681 3939 864 4002; x_wconf 81' lang='grc' dir='ltr'>αὐτοῖς</span> <span class='ocrx_word' id='word_1_430' title='bbox 914 3939 1015 4010; x_wconf 84' lang='grc' dir='ltr'>τὴν</span> <span class='ocrx_word' id='word_1_431' title='bbox 1068 3941 1274 3994; x_wconf 82' lang='grc' dir='ltr'>οἰκείαν</span> <span class='ocrx_word' id='word_1_432' title='bbox 1323 3941 1498 4012; x_wconf 77' lang='grc' dir='ltr'>ῥοπήν</span> <span class='ocrx_word' id='word_1_433' title='bbox 1524 3957 1536 3970; x_wconf 89' lang='grc'><strong>·</strong></span> <span class='ocrx_word' id='word_1_434' title='bbox 1599 3939 1738 3994; x_wconf 82' lang='grc' dir='ltr'>ὥστε</span> <span class='ocrx_word' id='word_1_435' title='bbox 1783 3943 1934 4014; x_wconf 86' lang='grc' dir='ltr'>παρὰ</span> 
     </span>
    </p>
   </div>
   <div class='ocr_carea' id='block_1_60' title="bbox 358 4026 1934 4098">
    <p class='ocr_par' dir='ltr' id='par_1_60' title="bbox 358 4026 1934 4098">
     <span class='ocr_line' id='line_1_60' title="bbox 358 4026 1934 4098; baseline 0.003 -22"><span class='ocrx_word' id='word_1_436' title='bbox 358 4030 546 4079; x_wconf 73' lang='grc' dir='ltr'>πᾶσαν</span> <span class='ocrx_word' id='word_1_437' title='bbox 571 4026 764 4079; x_wconf 71' lang='grc' dir='ltr'>ἐλπίδα</span> <span class='ocrx_word' id='word_1_438' title='bbox 791 4027 1201 4098; x_wconf 83' lang='grc' dir='ltr'>κεκρατηκότας</span> <span class='ocrx_word' id='word_1_439' title='bbox 1237 4030 1476 4091; x_wconf 70' lang='grc' dir='ltr'>ἐκείνους</span> <span class='ocrx_word' id='word_1_440' title='bbox 1510 4028 1619 4080; x_wconf 83' lang='grc' dir='ltr'><strong>τῶν</strong></span> <span class='ocrx_word' id='word_1_441' title='bbox 1651 4027 1934 4097; x_wconf 88' lang='grc' dir='ltr'>βασιλέων,</span> 
     </span>
    </p>
   </div>
   <div class='ocr_carea' id='block_1_61' title="bbox 360 4119 1939 4191">
    <p class='ocr_par' dir='ltr' id='par_1_61' title="bbox 360 4119 1939 4191">
     <span class='ocr_line' id='line_1_61' title="bbox 360 4119 1939 4191; baseline 0.001 -20"><span class='ocrx_word' id='word_1_442' title='bbox 360 4120 543 4172; x_wconf 85' lang='grc' dir='ltr'>καίτοι</span> <span class='ocrx_word' id='word_1_443' title='bbox 609 4135 673 4186; x_wconf 90' lang='grc' dir='ltr'><strong>γε</strong></span> <span class='ocrx_word' id='word_1_444' title='bbox 735 4119 1132 4190; x_wconf 83' lang='grc' dir='ltr'>εὐαριθμήτους</span> <span class='ocrx_word' id='word_1_445' title='bbox 1183 4120 1344 4182; x_wconf 73' lang='grc' dir='ltr'>ὄντας</span> <span class='ocrx_word' id='word_1_446' title='bbox 1400 4121 1494 4172; x_wconf 77' lang='grc' dir='ltr'>καὶ</span> <span class='ocrx_word' id='word_1_447' title='bbox 1553 4120 1685 4191; x_wconf 76' lang='grc' dir='ltr'>πρὸς</span> <span class='ocrx_word' id='word_1_448' title='bbox 1739 4120 1939 4190; x_wconf 83' lang='grc' dir='ltr'>πολλὴν</span> 
     </span>
    </p>
   </div>
   <div class='ocr_carea' id='block_1_62' title="bbox 357 4210 1940 4282">
    <p class='ocr_par' dir='ltr' id='par_1_62' title="bbox 357 4210 1940 4282">
     <span class='ocr_line' id='line_1_62' title="bbox 357 4210 1940 4282; baseline 0.001 -19"><span class='ocrx_word' id='word_1_449' title='bbox 357 4211 594 4281; x_wconf 77' lang='grc' dir='ltr'>δύναμιν</span> <span class='ocrx_word' id='word_1_450' title='bbox 620 4211 976 4281; x_wconf 83' lang='grc' dir='ltr'>μαχομένους,</span> <span class='ocrx_word' id='word_1_451' title='bbox 1005 4210 1295 4282; x_wconf 86' lang='grc' dir='ltr'>δυνηθῆναι</span> <span class='ocrx_word' id='word_1_452' title='bbox 1324 4211 1422 4282; x_wconf 81' lang='grc' dir='ltr'>τὴν</span> <span class='ocrx_word' id='word_1_453' title='bbox 1446 4212 1759 4282; x_wconf 86' lang='grc' dir='ltr'>πρέπουσαν</span> <span class='ocrx_word' id='word_1_454' title='bbox 1782 4212 1940 4266; x_wconf 82' lang='grc' dir='ltr'>εύκο-</span> 
     </span>
    </p>
   </div>
   <div class='ocr_carea' id='block_1_63' title="bbox 361 4302 1943 4374">
    <p class='ocr_par' dir='ltr' id='par_1_63' title="bbox 361 4302 1943 4374">
     <span class='ocr_line' id='line_1_63' title="bbox 361 4302 1943 4374; baseline -0.001 -18"><span class='ocrx_word' id='word_1_455' title='bbox 361 4305 536 4374; x_wconf 85' lang='grc' dir='ltr'>σμίαν</span> <span class='ocrx_word' id='word_1_456' title='bbox 555 4303 851 4357; x_wconf 85' lang='grc' dir='ltr'>ἀποδοῦναι</span> <span class='ocrx_word' id='word_1_457' title='bbox 871 4303 950 4372; x_wconf 83' lang='grc' dir='ltr'><strong>τῷ</strong></span> <span class='ocrx_word' id='word_1_458' title='bbox 980 4302 1138 4355; x_wconf 75' lang='grc' dir='ltr'>ἔθνει.</span> <span class='ocrx_word' id='word_1_459' title='bbox 1157 4302 1588 4370; x_wconf 81' lang='grc' dir='ltr'>Ἀναγκαιότατα</span> <span class='ocrx_word' id='word_1_460' title='bbox 1618 4302 1680 4371; x_wconf 71' lang='grc' dir='ltr'><strong>δὴ</strong></span> <span class='ocrx_word' id='word_1_461' title='bbox 1705 4303 1800 4356; x_wconf 76' lang='grc' dir='ltr'>καὶ</span> <span class='ocrx_word' id='word_1_462' title='bbox 1821 4303 1943 4355; x_wconf 82' lang='grc' dir='ltr'>τού-</span> 
     </span>
    </p>
   </div>
   <div class='ocr_carea' id='block_1_64' title="bbox 2028 1851 3593 1928">
    <p class='ocr_par' dir='ltr' id='par_1_64' title="bbox 2028 1851 3593 1928">
     <span class='ocr_line' id='line_1_64' title="bbox 2028 1851 3593 1928; baseline -0.004 -17"><span class='ocrx_word' id='word_1_463' title='bbox 2028 1868 2220 1928; x_wconf 70' lang='lat' dir='ltr'><strong>praeter</strong></span> <span class='ocrx_word' id='word_1_464' title='bbox 2245 1859 2420 1927; x_wconf 88' lang='lat' dir='ltr'><strong>legum</strong></span> <span class='ocrx_word' id='word_1_465' title='bbox 2450 1857 2758 1912; x_wconf 87' lang='lat' dir='ltr'><strong>divinarum</strong></span> <span class='ocrx_word' id='word_1_466' title='bbox 2779 1855 3048 1918; x_wconf 85' lang='lat' dir='ltr'><strong>ordinem,</strong></span> <span class='ocrx_word' id='word_1_467' title='bbox 3076 1868 3174 1923; x_wconf 89' lang='lat' dir='ltr'><strong>pro</strong></span> <span class='ocrx_word' id='word_1_468' title='bbox 3197 1851 3593 1922; x_wconf 74' lang='lat' dir='ltr'><strong>regum\libito.</strong></span> 
     </span>
    </p>
   </div>
   <div class='ocr_carea' id='block_1_65' title="bbox 2024 1943 3597 2020">
    <p class='ocr_par' dir='ltr' id='par_1_65' title="bbox 2024 1943 3597 2020">
     <span class='ocr_line' id='line_1_65' title="bbox 2024 1943 3597 2020; baseline -0.003 -17"><span class='ocrx_word' id='word_1_469' title='bbox 2024 1949 2103 2005; x_wconf 92' lang='lat' dir='ltr'><strong>Illi</strong></span> <span class='ocrx_word' id='word_1_470' title='bbox 2156 1949 2405 2006; x_wconf 87' lang='lat' dir='ltr'><strong>videlicet</strong></span> <span class='ocrx_word' id='word_1_471' title='bbox 2463 1956 2678 2020; x_wconf 87' lang='lat' dir='ltr'><strong>gentem</strong></span> <span class='ocrx_word' id='word_1_472' title='bbox 2725 1962 2882 2002; x_wconf 90' lang='lat' dir='ltr'><strong>suam</strong></span> <span class='ocrx_word' id='word_1_473' title='bbox 2934 1943 3325 2016; x_wconf 89' lang='lat' dir='ltr'><strong>propemodum</strong></span> <span class='ocrx_word' id='word_1_474' title='bbox 3373 1944 3597 2012; x_wconf 84' lang='lat' dir='ltr'><strong>regibus</strong></span> 
     </span>
    </p>
   </div>
   <div class='ocr_carea' id='block_1_66' title="bbox 2024 2034 3597 2110">
    <p class='ocr_par' dir='ltr' id='par_1_66' title="bbox 2024 2034 3597 2110">
     <span class='ocr_line' id='line_1_66' title="bbox 2024 2034 3597 2110; baseline -0.004 -16"><span class='ocrx_word' id='word_1_475' title='bbox 2024 2041 2412 2104; x_wconf 81' lang='lat' dir='ltr'><strong>vendiderunt,</strong></span> <span class='ocrx_word' id='word_1_476' title='bbox 2442 2048 2497 2095; x_wconf 91' lang='lat' dir='ltr'><strong>et</strong></span> <span class='ocrx_word' id='word_1_477' title='bbox 2531 2039 2763 2110; x_wconf 89' lang='lat' dir='ltr'><strong>pecunia</strong></span> <span class='ocrx_word' id='word_1_478' title='bbox 2795 2045 2991 2108; x_wconf 65' lang='lat' dir='ltr'><strong>praeter</strong></span> <span class='ocrx_word' id='word_1_479' title='bbox 3025 2034 3108 2092; x_wconf 86' lang='lat' dir='ltr'><strong>fas</strong></span> <span class='ocrx_word' id='word_1_480' title='bbox 3133 2042 3381 2090; x_wconf 88' lang='lat' dir='ltr'><strong>emerunt</strong></span> <span class='ocrx_word' id='word_1_481' title='bbox 3411 2034 3597 2104; x_wconf 86' lang='lat' dir='ltr'><strong>populi</strong></span> 
     </span>
    </p>
   </div>
   <div class='ocr_carea' id='block_1_67' title="bbox 2023 2125 3599 2200">
    <p class='ocr_par' dir='ltr' id='par_1_67' title="bbox 2023 2125 3599 2200">
     <span class='ocr_line' id='line_1_67' title="bbox 2023 2125 3599 2200; baseline -0.005 -15"><span class='ocrx_word' id='word_1_482' title='bbox 2023 2130 2387 2197; x_wconf 82' lang='lat' dir='ltr'><strong>dominatum,</strong></span> <span class='ocrx_word' id='word_1_483' title='bbox 2427 2140 2482 2186; x_wconf 90' lang='lat' dir='ltr'><strong>et</strong></span> <span class='ocrx_word' id='word_1_484' title='bbox 2512 2131 2744 2200; x_wconf 89' lang='lat' dir='ltr'><strong>plurima</strong></span> <span class='ocrx_word' id='word_1_485' title='bbox 2771 2128 2913 2181; x_wconf 88' lang='lat' dir='ltr'><strong>mala</strong></span> <span class='ocrx_word' id='word_1_486' title='bbox 2944 2125 3288 2190; x_wconf 81' lang='lat' dir='ltr'><strong>invexerunt,</strong></span> <span class='ocrx_word' id='word_1_487' title='bbox 3316 2125 3599 2195; x_wconf 87' lang='lat' dir='ltr'><strong>populum-</strong></span> 
     </span>
    </p>
   </div>
   <div class='ocr_carea' id='block_1_68' title="bbox 2023 2215 3595 2292">
    <p class='ocr_par' dir='ltr' id='par_1_68' title="bbox 2023 2215 3595 2292">
     <span class='ocr_line' id='line_1_68' title="bbox 2023 2215 3595 2292; baseline -0.006 -16"><span class='ocrx_word' id='word_1_488' title='bbox 2023 2237 2131 2292; x_wconf 86' lang='lat' dir='ltr'><strong>que</strong></span> <span class='ocrx_word' id='word_1_489' title='bbox 2162 2221 2479 2277; x_wconf 81' lang='lat' dir='ltr'><strong>universum</strong></span> <span class='ocrx_word' id='word_1_490' title='bbox 2526 2221 2581 2276; x_wconf 92' lang='lat' dir='ltr'><strong>in</strong></span> <span class='ocrx_word' id='word_1_491' title='bbox 2623 2219 3092 2289; x_wconf 89' lang='lat' dir='ltr'><strong>perturbationem</strong></span> <span class='ocrx_word' id='word_1_492' title='bbox 3131 2227 3184 2272; x_wconf 93' lang='lat' dir='ltr'><strong>et</strong></span> <span class='ocrx_word' id='word_1_493' title='bbox 3213 2215 3595 2272; x_wconf 86' lang='lat' dir='ltr'><strong>confusionem</strong></span> 
     </span>
    </p>
   </div>
   <div class='ocr_carea' id='block_1_69' title="bbox 2025 2307 3600 2384">
    <p class='ocr_par' dir='ltr' id='par_1_69' title="bbox 2025 2307 3600 2384">
     <span class='ocr_line' id='line_1_69' title="bbox 2025 2307 3600 2384; baseline -0.008 -16"><span class='ocrx_word' id='word_1_494' title='bbox 2025 2313 2400 2382; x_wconf 73' lang='lat' dir='ltr'><strong>coniecerunt.</strong></span> <span class='ocrx_word' id='word_1_495' title='bbox 2425 2311 2588 2384; x_wconf 64' lang='grc'><strong>342</strong></span> <span class='ocrx_word' id='word_1_496' title='bbox 2611 2310 2766 2365; x_wconf 88' lang='lat' dir='ltr'><strong>Tunc</strong></span> <span class='ocrx_word' id='word_1_497' title='bbox 2790 2309 3014 2366; x_wconf 88' lang='lat' dir='ltr'><strong>omnino</strong></span> <span class='ocrx_word' id='word_1_498' title='bbox 3032 2309 3195 2364; x_wconf 80' lang='lat' dir='ltr'><strong>desiit</strong></span> <span class='ocrx_word' id='word_1_499' title='bbox 3215 2309 3388 2378; x_wconf 79' lang='lat' dir='ltr'><strong>legum</strong></span> <span class='ocrx_word' id='word_1_500' title='bbox 3415 2307 3600 2360; x_wconf 83' lang='lat' dir='ltr'><strong>obser-</strong></span> 
     </span>
    </p>
   </div>
   <div class='ocr_carea' id='block_1_70' title="bbox 2025 2397 3598 2470">
    <p class='ocr_par' dir='ltr' id='par_1_70' title="bbox 2025 2397 3598 2470">
     <span class='ocr_line' id='line_1_70' title="bbox 2025 2397 3598 2470; baseline -0.006 -12"><span class='ocrx_word' id='word_1_501' title='bbox 2025 2403 2231 2466; x_wconf 87' lang='lat' dir='ltr'><strong>vantia,</strong></span> <span class='ocrx_word' id='word_1_502' title='bbox 2287 2404 2558 2458; x_wconf 88' lang='lat' dir='ltr'><strong>successit</strong></span> <span class='ocrx_word' id='word_1_503' title='bbox 2603 2409 2785 2455; x_wconf 90' lang='lat' dir='ltr'><strong>autem</strong></span> <span class='ocrx_word' id='word_1_504' title='bbox 2821 2399 3102 2470; x_wconf 86' lang='lat' dir='ltr'><strong>iniquitas,</strong></span> <span class='ocrx_word' id='word_1_505' title='bbox 3153 2407 3206 2454; x_wconf 90' lang='lat' dir='ltr'><strong>et</strong></span> <span class='ocrx_word' id='word_1_506' title='bbox 3235 2407 3293 2452; x_wconf 88' lang='lat' dir='ltr'><strong>ut</strong></span> <span class='ocrx_word' id='word_1_507' title='bbox 3322 2397 3598 2450; x_wconf 87' lang='lat' dir='ltr'><strong>contraria</strong></span> 
     </span>
    </p>
   </div>
   <div class='ocr_carea' id='block_1_71' title="bbox 2025 2489 3598 2565">
    <p class='ocr_par' dir='ltr' id='par_1_71' title="bbox 2025 2489 3598 2565">
     <span class='ocr_line' id='line_1_71' title="bbox 2025 2489 3598 2565; baseline -0.008 -16"><span class='ocrx_word' id='word_1_508' title='bbox 2025 2496 2235 2565; x_wconf 77' lang='lat' dir='ltr'><strong>legibus</strong></span> <span class='ocrx_word' id='word_1_509' title='bbox 2261 2494 2463 2549; x_wconf 88' lang='lat' dir='ltr'><strong>divinis</strong></span> <span class='ocrx_word' id='word_1_510' title='bbox 2495 2500 2697 2548; x_wconf 88' lang='lat' dir='ltr'><strong>cuncta</strong></span> <span class='ocrx_word' id='word_1_511' title='bbox 2730 2492 2938 2548; x_wconf 81' lang='lat' dir='ltr'><strong>tierent.</strong></span> <span class='ocrx_word' id='word_1_512' title='bbox 2989 2489 3108 2546; x_wconf 82' lang='lat' dir='ltr'><strong>Jam</strong></span> <span class='ocrx_word' id='word_1_513' title='bbox 3142 2491 3212 2544; x_wconf 83' lang='lat' dir='ltr'><strong>ob</strong></span> <span class='ocrx_word' id='word_1_514' title='bbox 3250 2491 3363 2544; x_wconf 63' lang='lat' dir='ltr'><strong>haec</strong></span> <span class='ocrx_word' id='word_1_515' title='bbox 3392 2489 3598 2550; x_wconf 89' lang='lat' dir='ltr'><strong>omnia,</strong></span> 
     </span>
    </p>
   </div>
   <div class='ocr_carea' id='block_1_72' title="bbox 2027 2573 3599 2648">
    <p class='ocr_par' dir='ltr' id='par_1_72' title="bbox 2027 2573 3599 2648">
     <span class='ocr_line' id='line_1_72' title="bbox 2027 2573 3599 2648; baseline -0.007 -11"><span class='ocrx_word' id='word_1_516' title='bbox 2027 2582 2329 2638; x_wconf 90' lang='lat' dir='ltr'><strong>innumeris</strong></span> <span class='ocrx_word' id='word_1_517' title='bbox 2389 2582 2548 2637; x_wconf 85' lang='lat' dir='ltr'><strong>malis</strong></span> <span class='ocrx_word' id='word_1_518' title='bbox 2603 2579 2778 2635; x_wconf 66' lang='lat' dir='ltr'><strong>Judaei</strong></span> <span class='ocrx_word' id='word_1_519' title='bbox 2836 2578 3074 2648; x_wconf 89' lang='lat' dir='ltr'><strong>correpti</strong></span> <span class='ocrx_word' id='word_1_520' title='bbox 3143 2578 3383 2632; x_wconf 90' lang='lat' dir='ltr'><strong>fuerunt.</strong></span> <span class='ocrx_word' id='word_1_521' title='bbox 3443 2573 3599 2627; x_wconf 89' lang='lat' dir='ltr'><strong>Tunc</strong></span> 
     </span>
    </p>
   </div>
   <div class='ocr_carea' id='block_1_73' title="bbox 2028 2667 3590 2739">
    <p class='ocr_par' dir='ltr' id='par_1_73' title="bbox 2028 2667 3590 2739">
     <span class='ocr_line' id='line_1_73' title="bbox 2028 2667 3590 2739; baseline -0.008 -12"><span class='ocrx_word' id='word_1_522' title='bbox 2028 2673 2322 2729; x_wconf 72' lang='lat' dir='ltr'><strong>Macbabaei</strong></span> <span class='ocrx_word' id='word_1_523' title='bbox 2368 2688 2476 2726; x_wconf 90' lang='lat' dir='ltr'><strong>non</strong></span> <span class='ocrx_word' id='word_1_524' title='bbox 2525 2671 2760 2728; x_wconf 86' lang='lat' dir='ltr'><strong>ferentes</strong></span> <span class='ocrx_word' id='word_1_525' title='bbox 2788 2671 2993 2724; x_wconf 83' lang='lat' dir='ltr'><strong>illatam</strong></span> <span class='ocrx_word' id='word_1_526' title='bbox 3027 2669 3270 2739; x_wconf 88' lang='lat' dir='ltr'><strong>religioni</strong></span> <span class='ocrx_word' id='word_1_527' title='bbox 3302 2667 3590 2724; x_wconf 74' lang='lat' dir='ltr'><strong>offensam.</strong></span> 
     </span>
    </p>
   </div>
   <div class='ocr_carea' id='block_1_74' title="bbox 2026 2756 3601 2835">
    <p class='ocr_par' dir='ltr' id='par_1_74' title="bbox 2026 2756 3601 2835">
     <span class='ocr_line' id='line_1_74' title="bbox 2026 2756 3601 2835; baseline -0.007 -16"><span class='ocrx_word' id='word_1_528' title='bbox 2026 2780 2204 2835; x_wconf 89' lang='lat' dir='ltr'><strong>neque</strong></span> <span class='ocrx_word' id='word_1_529' title='bbox 2255 2765 2359 2820; x_wconf 88' lang='lat' dir='ltr'><strong>sibi</strong></span> <span class='ocrx_word' id='word_1_530' title='bbox 2405 2762 2795 2834; x_wconf 89' lang='lat' dir='ltr'><strong>quiescendum</strong></span> <span class='ocrx_word' id='word_1_531' title='bbox 2843 2769 3099 2832; x_wconf 86' lang='lat' dir='ltr'><strong>putantes</strong></span> <span class='ocrx_word' id='word_1_532' title='bbox 3147 2758 3351 2814; x_wconf 87' lang='lat' dir='ltr'><strong>divinis</strong></span> <span class='ocrx_word' id='word_1_533' title='bbox 3389 2756 3601 2826; x_wconf 84' lang='lat' dir='ltr'><strong>legibus</strong></span> 
     </span>
    </p>
   </div>
   <div class='ocr_carea' id='block_1_75' title="bbox 2027 2847 3602 2926">
    <p class='ocr_par' dir='ltr' id='par_1_75' title="bbox 2027 2847 3602 2926">
     <span class='ocr_line' id='line_1_75' title="bbox 2027 2847 3602 2926; baseline -0.006 -17"><span class='ocrx_word' id='word_1_534' title='bbox 2027 2865 2312 2926; x_wconf 90' lang='lat' dir='ltr'><strong>tantopere</strong></span> <span class='ocrx_word' id='word_1_535' title='bbox 2347 2855 2588 2917; x_wconf 82' lang='lat' dir='ltr'><strong>violatis,</strong></span> <span class='ocrx_word' id='word_1_536' title='bbox 2641 2861 2902 2924; x_wconf 84' lang='lat' dir='ltr'><strong>tantaque</strong></span> <span class='ocrx_word' id='word_1_537' title='bbox 2932 2852 3144 2906; x_wconf 88' lang='lat' dir='ltr'><strong>invecta</strong></span> <span class='ocrx_word' id='word_1_538' title='bbox 3177 2864 3240 2904; x_wconf 92' lang='lat' dir='ltr'><strong>ac</strong></span> <span class='ocrx_word' id='word_1_539' title='bbox 3283 2847 3602 2901; x_wconf 81' lang='lat' dir='ltr'><strong>dominante</strong></span> 
     </span>
    </p>
   </div>
   <div class='ocr_carea' id='block_1_76' title="bbox 2029 2940 3603 3020">
    <p class='ocr_par' dir='ltr' id='par_1_76' title="bbox 2029 2940 3603 3020">
     <span class='ocr_line' id='line_1_76' title="bbox 2029 2940 3603 3020; baseline -0.008 -18"><span class='ocrx_word' id='word_1_540' title='bbox 2029 2950 2326 3020; x_wconf 89' lang='lat' dir='ltr'><strong>impietate,</strong></span> <span class='ocrx_word' id='word_1_541' title='bbox 2366 2949 2420 3002; x_wconf 91' lang='lat' dir='ltr'><strong>in</strong></span> <span class='ocrx_word' id='word_1_542' title='bbox 2465 2947 2752 3004; x_wconf 66' lang='lat' dir='ltr'><strong>se.bellum</strong></span> <span class='ocrx_word' id='word_1_543' title='bbox 2791 2946 3058 3001; x_wconf 84' lang='lat' dir='ltr'><strong>adversus</strong></span> <span class='ocrx_word' id='word_1_544' title='bbox 3088 2940 3451 2997; x_wconf 79' lang='lat' dir='ltr'><strong>Macedonicae</strong></span> <span class='ocrx_word' id='word_1_545' title='bbox 3479 2952 3603 2992; x_wconf 89' lang='lat' dir='ltr'><strong>suc-</strong></span> 
     </span>
    </p>
   </div>
   <div class='ocr_carea' id='block_1_77' title="bbox 2028 3031 3604 3109">
    <p class='ocr_par' dir='ltr' id='par_1_77' title="bbox 2028 3031 3604 3109">
     <span class='ocr_line' id='line_1_77' title="bbox 2028 3031 3604 3109; baseline -0.007 -15"><span class='ocrx_word' id='word_1_546' title='bbox 2028 3040 2297 3094; x_wconf 88' lang='lat' dir='ltr'><strong>cessionis</strong></span> <span class='ocrx_word' id='word_1_547' title='bbox 2328 3053 2482 3109; x_wconf 83' lang='lat' dir='ltr'><strong>reges</strong></span> <span class='ocrx_word' id='word_1_548' title='bbox 2521 3046 2866 3106; x_wconf 86' lang='lat' dir='ltr'><strong>receperunt,</strong></span> <span class='ocrx_word' id='word_1_549' title='bbox 2890 3042 2945 3091; x_wconf 91' lang='lat' dir='ltr'><strong>et</strong></span> <span class='ocrx_word' id='word_1_550' title='bbox 2974 3035 3119 3090; x_wconf 87' lang='lat' dir='ltr'><strong>haud</strong></span> <span class='ocrx_word' id='word_1_551' title='bbox 3150 3033 3307 3104; x_wconf 86' lang='lat' dir='ltr'><strong>pauci</strong></span> <span class='ocrx_word' id='word_1_552' title='bbox 3344 3031 3411 3085; x_wconf 88' lang='lat' dir='ltr'><strong>de</strong></span> <span class='ocrx_word' id='word_1_553' title='bbox 3443 3037 3604 3099; x_wconf 70' lang='lat' dir='ltr'><strong>gente</strong></span> 
     </span>
    </p>
   </div>
   <div class='ocr_carea' id='block_1_78' title="bbox 2029 3119 3602 3194">
    <p class='ocr_par' dir='ltr' id='par_1_78' title="bbox 2029 3119 3602 3194">
     <span class='ocr_line' id='line_1_78' title="bbox 2029 3119 3602 3194; baseline -0.007 -14"><span class='ocrx_word' id='word_1_554' title='bbox 2029 3127 2357 3181; x_wconf 88' lang='lat' dir='ltr'><strong>sententiam</strong></span> <span class='ocrx_word' id='word_1_555' title='bbox 2402 3141 2594 3182; x_wconf 90' lang='lat' dir='ltr'><strong>eorum</strong></span> <span class='ocrx_word' id='word_1_556' title='bbox 2641 3124 2982 3187; x_wconf 60' lang='lat' dir='ltr'><strong>simulantes,</strong></span> <span class='ocrx_word' id='word_1_557' title='bbox 3043 3123 3358 3194; x_wconf 78' lang='lat' dir='ltr'><strong>praedictum</strong></span> <span class='ocrx_word' id='word_1_558' title='bbox 3403 3119 3602 3173; x_wconf 84' lang='lat' dir='ltr'><strong>bellum</strong></span> 
     </span>
    </p>
   </div>
   <div class='ocr_carea' id='block_1_79' title="bbox 2031 3211 3600 3287">
    <p class='ocr_par' dir='ltr' id='par_1_79' title="bbox 2031 3211 3600 3287">
     <span class='ocr_line' id='line_1_79' title="bbox 2031 3211 3600 3287; baseline -0.005 -17"><span class='ocrx_word' id='word_1_559' title='bbox 2031 3218 2440 3287; x_wconf 73' lang='lat' dir='ltr'><strong>participat-unt.</strong></span> <span class='ocrx_word' id='word_1_560' title='bbox 2475 3217 2612 3272; x_wconf 89' lang='lat' dir='ltr'><strong>Hinc</strong></span> <span class='ocrx_word' id='word_1_561' title='bbox 2641 3215 2762 3271; x_wconf 83' lang='lat' dir='ltr'><strong>urbi</strong></span> <span class='ocrx_word' id='word_1_562' title='bbox 2784 3223 2836 3270; x_wconf 90' lang='lat' dir='ltr'><strong>et</strong></span> <span class='ocrx_word' id='word_1_563' title='bbox 2858 3214 2952 3271; x_wconf 89' lang='lat' dir='ltr'><strong>Dei</strong></span> <span class='ocrx_word' id='word_1_564' title='bbox 2985 3215 3278 3286; x_wconf 91' lang='lat' dir='ltr'><strong>templo,et</strong></span> <span class='ocrx_word' id='word_1_565' title='bbox 3308 3211 3600 3273; x_wconf 70' lang='lat' dir='ltr'><strong>universae,</strong></span> 
     </span>
    </p>
   </div>
   <div class='ocr_carea' id='block_1_80' title="bbox 2031 3299 3604 3378">
    <p class='ocr_par' dir='ltr' id='par_1_80' title="bbox 2031 3299 3604 3378">
     <span class='ocr_line' id='line_1_80' title="bbox 2031 3299 3604 3378; baseline -0.008 -16"><span class='ocrx_word' id='word_1_566' title='bbox 2031 3319 2088 3362; x_wconf 89' lang='lat' dir='ltr'><strong>ut</strong></span> <span class='ocrx_word' id='word_1_567' title='bbox 2118 3325 2224 3363; x_wconf 88' lang='lat' dir='ltr'><strong>uno</strong></span> <span class='ocrx_word' id='word_1_568' title='bbox 2254 3309 2420 3363; x_wconf 87' lang='lat' dir='ltr'><strong>verbo</strong></span> <span class='ocrx_word' id='word_1_569' title='bbox 2451 3308 2660 3371; x_wconf 84' lang='lat' dir='ltr'><strong>dicam‘,</strong></span> <span class='ocrx_word' id='word_1_570' title='bbox 2691 3307 2839 3378; x_wconf 90' lang='lat' dir='ltr'><strong>genti</strong></span> <span class='ocrx_word' id='word_1_571' title='bbox 2876 3306 3021 3360; x_wconf 88' lang='lat' dir='ltr'><strong>mala</strong></span> <span class='ocrx_word' id='word_1_572' title='bbox 3055 3305 3337 3358; x_wconf 90' lang='lat' dir='ltr'><strong>innumera</strong></span> <span class='ocrx_word' id='word_1_573' title='bbox 3369 3316 3396 3353; x_wconf 86' lang='lat' dir='ltr'><strong>a</strong></span> <span class='ocrx_word' id='word_1_574' title='bbox 3431 3299 3604 3352; x_wconf 84' lang='lat' dir='ltr'><strong>Macc-</strong></span> 
     </span>
    </p>
   </div>
   <div class='ocr_carea' id='block_1_81' title="bbox 2032 3395 3602 3467">
    <p class='ocr_par' dir='ltr' id='par_1_81' title="bbox 2032 3395 3602 3467">
     <span class='ocr_line' id='line_1_81' title="bbox 2032 3395 3602 3467; baseline -0.008 -13"><span class='ocrx_word' id='word_1_575' title='bbox 2032 3402 2266 3456; x_wconf 87' lang='lat' dir='ltr'><strong>donibus</strong></span> <span class='ocrx_word' id='word_1_576' title='bbox 2316 3400 2463 3454; x_wconf 85' lang='lat' dir='ltr'><strong>illata</strong></span> <span class='ocrx_word' id='word_1_577' title='bbox 2515 3399 2758 3458; x_wconf 86' lang='lat' dir='ltr'><strong>fuerunt,</strong></span> <span class='ocrx_word' id='word_1_578' title='bbox 2810 3412 2932 3467; x_wconf 68' lang='lat' dir='ltr'><strong>quae</strong></span> <span class='ocrx_word' id='word_1_579' title='bbox 2968 3396 3076 3451; x_wconf 86' lang='lat' dir='ltr'><strong>dici</strong></span> <span class='ocrx_word' id='word_1_580' title='bbox 3107 3395 3265 3448; x_wconf 84' lang='lat' dir='ltr'><strong>facile</strong></span> <span class='ocrx_word' id='word_1_581' title='bbox 3301 3396 3602 3458; x_wconf 79' lang='lat' dir='ltr'><strong>nequeunt.</strong></span> 
     </span>
    </p>
   </div>
   <div class='ocr_carea' id='block_1_82' title="bbox 2035 3479 3604 3552">
    <p class='ocr_par' dir='ltr' id='par_1_82' title="bbox 2035 3479 3604 3552">
     <span class='ocr_line' id='line_1_82' title="bbox 2035 3479 3604 3552; baseline -0.009 -7"><span class='ocrx_word' id='word_1_582' title='bbox 2035 3491 2139 3547; x_wconf 88' lang='lat' dir='ltr'><strong>Sed</strong></span> <span class='ocrx_word' id='word_1_583' title='bbox 2166 3493 2310 3548; x_wconf 91' lang='lat' dir='ltr'><strong>enim</strong></span> <span class='ocrx_word' id='word_1_584' title='bbox 2359 3491 2446 3546; x_wconf 87' lang='lat' dir='ltr'><strong>his</strong></span> <span class='ocrx_word' id='word_1_585' title='bbox 2479 3489 2782 3544; x_wconf 86' lang='lat' dir='ltr'><strong>remedium</strong></span> <span class='ocrx_word' id='word_1_586' title='bbox 2817 3487 3011 3552; x_wconf 90' lang='lat' dir='ltr'><strong>adfuit,</strong></span> <span class='ocrx_word' id='word_1_587' title='bbox 3049 3500 3172 3541; x_wconf 91' lang='lat' dir='ltr'><strong>cum</strong></span> <span class='ocrx_word' id='word_1_588' title='bbox 3210 3483 3352 3537; x_wconf 86' lang='lat' dir='ltr'><strong>Deus</strong></span> <span class='ocrx_word' id='word_1_589' title='bbox 3383 3479 3604 3534; x_wconf 77' lang='lat' dir='ltr'><strong>Macha-</strong></span> 
     </span>
    </p>
   </div>
   <div class='ocr_carea' id='block_1_83' title="bbox 2033 3567 3607 3650">
    <p class='ocr_par' dir='ltr' id='par_1_83' title="bbox 2033 3567 3607 3650">
     <span class='ocr_line' id='line_1_83' title="bbox 2033 3567 3607 3650; baseline -0.01 -16"><span class='ocrx_word' id='word_1_590' title='bbox 2033 3581 2272 3635; x_wconf 81' lang='lat' dir='ltr'><strong>baeorum</strong></span> <span class='ocrx_word' id='word_1_591' title='bbox 2321 3579 2602 3650; x_wconf 83' lang='lat' dir='ltr'><strong>preposito</strong></span> <span class='ocrx_word' id='word_1_592' title='bbox 2636 3577 2961 3639; x_wconf 83' lang='lat' dir='ltr'><strong>delectatus,</strong></span> <span class='ocrx_word' id='word_1_593' title='bbox 3002 3589 3160 3630; x_wconf 90' lang='lat' dir='ltr'><strong>suum</strong></span> <span class='ocrx_word' id='word_1_594' title='bbox 3197 3572 3307 3626; x_wconf 89' lang='lat' dir='ltr'><strong>illis</strong></span> <span class='ocrx_word' id='word_1_595' title='bbox 3358 3567 3607 3638; x_wconf 80' lang='lat' dir='ltr'><strong>adjunxit</strong></span> 
     </span>
    </p>
   </div>
   <div class='ocr_carea' id='block_1_84' title="bbox 2035 3659 3608 3739">
    <p class='ocr_par' dir='ltr' id='par_1_84' title="bbox 2035 3659 3608 3739">
     <span class='ocr_line' id='line_1_84' title="bbox 2035 3659 3608 3739; baseline -0.008 -14"><span class='ocrx_word' id='word_1_596' title='bbox 2035 3673 2338 3738; x_wconf 81' lang='lat' dir='ltr'><strong>auxilium;</strong></span> <span class='ocrx_word' id='word_1_597' title='bbox 2403 3673 2476 3723; x_wconf 87' lang='lat' dir='ltr'><strong>ita</strong></span> <span class='ocrx_word' id='word_1_598' title='bbox 2530 3679 2586 3723; x_wconf 92' lang='lat' dir='ltr'><strong>ut</strong></span> <span class='ocrx_word' id='word_1_599' title='bbox 2627 3677 2824 3739; x_wconf 71' lang='lat' dir='ltr'><strong>praeter</strong></span> <span class='ocrx_word' id='word_1_600' title='bbox 2867 3681 3083 3722; x_wconf 92' lang='lat' dir='ltr'><strong>omnem</strong></span> <span class='ocrx_word' id='word_1_601' title='bbox 3135 3678 3286 3734; x_wconf 88' lang='lat' dir='ltr'><strong>spem</strong></span> <span class='ocrx_word' id='word_1_602' title='bbox 3337 3659 3608 3732; x_wconf 72' lang='lat' dir='ltr'><strong>superatis</strong></span> 
     </span>
    </p>
   </div>
   <div class='ocr_carea' id='block_1_85' title="bbox 2036 3754 3605 3828">
    <p class='ocr_par' dir='ltr' id='par_1_85' title="bbox 2036 3754 3605 3828">
     <span class='ocr_line' id='line_1_85' title="bbox 2036 3754 3605 3828; baseline -0.009 -15"><span class='ocrx_word' id='word_1_603' title='bbox 2036 3759 2276 3828; x_wconf 87' lang='lat' dir='ltr'><strong>regibus,</strong></span> <span class='ocrx_word' id='word_1_604' title='bbox 2297 3772 2609 3828; x_wconf 88' lang='lat' dir='ltr'><strong>quanquam</strong></span> <span class='ocrx_word' id='word_1_605' title='bbox 2634 3755 2792 3827; x_wconf 89' lang='lat' dir='ltr'><strong>pauci</strong></span> <span class='ocrx_word' id='word_1_606' title='bbox 2817 3770 3044 3809; x_wconf 86' lang='lat' dir='ltr'><strong>numero</strong></span> <span class='ocrx_word' id='word_1_607' title='bbox 3067 3754 3329 3808; x_wconf 88' lang='lat' dir='ltr'><strong>adversus</strong></span> <span class='ocrx_word' id='word_1_608' title='bbox 3353 3765 3605 3820; x_wconf 88' lang='lat' dir='ltr'><strong>magnum</strong></span> 
     </span>
    </p>
   </div>
   <div class='ocr_carea' id='block_1_86' title="bbox 2035 3839 3608 3910">
    <p class='ocr_par' dir='ltr' id='par_1_86' title="bbox 2035 3839 3608 3910">
     <span class='ocr_line' id='line_1_86' title="bbox 2035 3839 3608 3910; baseline -0.009 -5"><span class='ocrx_word' id='word_1_609' title='bbox 2035 3850 2336 3905; x_wconf 78' lang='lat' dir='ltr'><strong>exercitum</strong></span> <span class='ocrx_word' id='word_1_610' title='bbox 2387 3849 2754 3910; x_wconf 87' lang='lat' dir='ltr'><strong>decertantes,</strong></span> <span class='ocrx_word' id='word_1_611' title='bbox 2813 3847 3095 3901; x_wconf 87' lang='lat' dir='ltr'><strong>decentem</strong></span> <span class='ocrx_word' id='word_1_612' title='bbox 3128 3844 3374 3898; x_wconf 87' lang='lat' dir='ltr'><strong>ordinem</strong></span> <span class='ocrx_word' id='word_1_613' title='bbox 3406 3839 3608 3910; x_wconf 88' lang='lat' dir='ltr'><strong>populo</strong></span> 
     </span>
    </p>
   </div>
   <div class='ocr_carea' id='block_1_87' title="bbox 2035 3931 3606 4010">
    <p class='ocr_par' dir='ltr' id='par_1_87' title="bbox 2035 3931 3606 4010">
     <span class='ocr_line' id='line_1_87' title="bbox 2035 3931 3606 4010; baseline -0.01 -14"><span class='ocrx_word' id='word_1_614' title='bbox 2035 3942 2325 3996; x_wconf 88' lang='lat' dir='ltr'><strong>restituere</strong></span> <span class='ocrx_word' id='word_1_615' title='bbox 2382 3939 2682 4010; x_wconf 90' lang='lat' dir='ltr'><strong>potuerint.</strong></span> <span class='ocrx_word' id='word_1_616' title='bbox 2726 3938 2986 4009; x_wconf 79' lang='lat' dir='ltr'><strong>Apprime</strong></span> <span class='ocrx_word' id='word_1_617' title='bbox 3035 3933 3200 4006; x_wconf 89' lang='lat' dir='ltr'><strong>igitur</strong></span> <span class='ocrx_word' id='word_1_618' title='bbox 3242 3931 3606 3987; x_wconf 87' lang='lat' dir='ltr'><strong>necessariam</strong></span> 
     </span>
    </p>
   </div>
   <div class='ocr_carea' id='block_1_88' title="bbox 2037 4021 3610 4100">
    <p class='ocr_par' dir='ltr' id='par_1_88' title="bbox 2037 4021 3610 4100">
     <span class='ocr_line' id='line_1_88' title="bbox 2037 4021 3610 4100; baseline -0.01 -12"><span class='ocrx_word' id='word_1_619' title='bbox 2037 4048 2220 4088; x_wconf 88' lang='lat' dir='ltr'><strong>rerum</strong></span> <span class='ocrx_word' id='word_1_620' title='bbox 2255 4033 2447 4086; x_wconf 85' lang='lat' dir='ltr'><strong>harum</strong></span> <span class='ocrx_word' id='word_1_621' title='bbox 2480 4038 2673 4086; x_wconf 86' lang='lat' dir='ltr'><strong>nactus</strong></span> <span class='ocrx_word' id='word_1_622' title='bbox 2705 4029 2965 4100; x_wconf 87' lang='lat' dir='ltr'><strong>propheta</strong></span> <span class='ocrx_word' id='word_1_623' title='bbox 3009 4043 3035 4078; x_wconf 89' lang='lat' dir='ltr'><strong>a</strong></span> <span class='ocrx_word' id='word_1_624' title='bbox 3067 4026 3248 4080; x_wconf 78' lang='lat' dir='ltr'><strong>divina</strong></span> <span class='ocrx_word' id='word_1_625' title='bbox 3276 4021 3610 4079; x_wconf 82' lang='lat' dir='ltr'><strong>revelatione</strong></span> 
     </span>
    </p>
   </div>
   <div class='ocr_carea' id='block_1_89' title="bbox 2049 4116 3610 4194">
    <p class='ocr_par' dir='ltr' id='par_1_89' title="bbox 2049 4116 3610 4194">
     <span class='ocr_line' id='line_1_89' title="bbox 2049 4116 3610 4194; baseline -0.008 -16"><span class='ocrx_word' id='word_1_626' title='bbox 2049 4124 2436 4194; x_wconf 84' lang='lat' dir='ltr'><strong>cognltionem,</strong></span> <span class='ocrx_word' id='word_1_627' title='bbox 2479 4121 2723 4193; x_wconf 71' lang='lat' dir='ltr'><strong>praedicit</strong></span> <span class='ocrx_word' id='word_1_628' title='bbox 2757 4121 2956 4191; x_wconf 87' lang='lat' dir='ltr'><strong>popqu</strong></span> <span class='ocrx_word' id='word_1_629' title='bbox 2992 4117 3204 4184; x_wconf 88' lang='lat' dir='ltr'><strong>futura;</strong></span> <span class='ocrx_word' id='word_1_630' title='bbox 3242 4116 3610 4184; x_wconf 70' lang='lat' dir='ltr'><strong>scriptumque</strong></span> 
     </span>
    </p>
   </div>
   <div class='ocr_carea' id='block_1_90' title="bbox 2041 4204 3612 4284">
    <p class='ocr_par' dir='ltr' id='par_1_90' title="bbox 2041 4204 3612 4284">
     <span class='ocr_line' id='line_1_90' title="bbox 2041 4204 3612 4284; baseline -0.008 -14"><span class='ocrx_word' id='word_1_631' title='bbox 2041 4216 2235 4270; x_wconf 89' lang='lat' dir='ltr'><strong>horum</strong></span> <span class='ocrx_word' id='word_1_632' title='bbox 2249 4215 2312 4269; x_wconf 89' lang='lat' dir='ltr'><strong>ad</strong></span> <span class='ocrx_word' id='word_1_633' title='bbox 2330 4223 2578 4284; x_wconf 89' lang='lat' dir='ltr'><strong>posteros</strong></span> <span class='ocrx_word' id='word_1_634' title='bbox 2591 4210 2909 4267; x_wconf 88' lang='lat' dir='ltr'><strong>transmittit</strong></span> <span class='ocrx_word' id='word_1_635' title='bbox 2930 4209 3174 4264; x_wconf 87' lang='lat' dir='ltr'><strong>notitiam</strong></span> <span class='ocrx_word' id='word_1_636' title='bbox 3192 4208 3244 4261; x_wconf 92' lang='lat' dir='ltr'><strong>in</strong></span> <span class='ocrx_word' id='word_1_637' title='bbox 3257 4204 3612 4277; x_wconf 77' lang='lat' dir='ltr'><strong>sequentibus</strong></span> 
     </span>
    </p>
   </div>
   <div class='ocr_carea' id='block_1_91' title="bbox 2043 4299 2973 4374">
    <p class='ocr_par' dir='ltr' id='par_1_91' title="bbox 2043 4299 2973 4374">
     <span class='ocr_line' id='line_1_91' title="bbox 2043 4299 2973 4374; baseline -0.009 -16"><span class='ocrx_word' id='word_1_638' title='bbox 2043 4305 2116 4358; x_wconf 88' lang='lat' dir='ltr'><strong>ita</strong></span> <span class='ocrx_word' id='word_1_639' title='bbox 2149 4304 2394 4374; x_wconf 87' lang='lat' dir='ltr'><strong>loquens.</strong></span> <span class='ocrx_word' id='word_1_640' title='bbox 2426 4301 2518 4356; x_wconf 92' lang='lat' dir='ltr'><strong>Sic</strong></span> <span class='ocrx_word' id='word_1_641' title='bbox 2548 4310 2728 4357; x_wconf 90' lang='lat' dir='ltr'><strong>autem</strong></span> <span class='ocrx_word' id='word_1_642' title='bbox 2758 4299 2973 4369; x_wconf 84' lang='lat' dir='ltr'><strong>incipit:</strong></span> 
     </span>
    </p>
   </div>
   <div class='ocr_carea' id='block_1_92' title="bbox 358 4387 3613 4466">
    <p class='ocr_par' dir='ltr' id='par_1_92' title="bbox 358 4387 3613 4466">
     <span class='ocr_line' id='line_1_92' title="bbox 358 4387 3613 4466; baseline -0.005 -14"><span class='ocrx_word' id='word_1_643' title='bbox 358 4411 469 4452; x_wconf 84' lang='grc' dir='ltr'><strong>των</strong></span> <span class='ocrx_word' id='word_1_644' title='bbox 501 4395 597 4466; x_wconf 75' lang='grc' dir='ltr'>τὴν</span> <span class='ocrx_word' id='word_1_645' title='bbox 622 4394 822 4462; x_wconf 83' lang='grc' dir='ltr'>γνῶσιν</span> <span class='ocrx_word' id='word_1_646' title='bbox 841 4393 1130 4464; x_wconf 83' lang='grc' dir='ltr'>δεξάμενος</span> <span class='ocrx_word' id='word_1_647' title='bbox 1152 4396 1180 4447; x_wconf 83' lang='grc' dir='ltr'><strong>ό</strong></span> <span class='ocrx_word' id='word_1_648' title='bbox 1201 4394 1482 4463; x_wconf 76' lang='grc' dir='ltr'>προφήτης</span> <span class='ocrx_word' id='word_1_649' title='bbox 1504 4393 1564 4457; x_wconf 75' lang='grc' dir='ltr'>ἐξ</span> <span class='ocrx_word' id='word_1_650' title='bbox 1589 4393 1981 4462; x_wconf 76' lang='grc' dir='ltr'>ἀποκαλύψεως</span> <span class='ocrx_word' id='word_1_651' title='bbox 2003 4394 2168 4457; x_wconf 81' lang='grc' dir='ltr'>θείας,</span> <span class='ocrx_word' id='word_1_652' title='bbox 2198 4393 2388 4463; x_wconf 86' lang='grc' dir='ltr'>μηνύει</span> <span class='ocrx_word' id='word_1_653' title='bbox 2413 4411 2471 4444; x_wconf 90' lang='grc' dir='ltr'><strong>τε</strong></span> <span class='ocrx_word' id='word_1_654' title='bbox 2494 4392 2570 4463; x_wconf 83' lang='grc' dir='ltr'><strong>τῷ</strong></span> <span class='ocrx_word' id='word_1_655' title='bbox 2592 4392 2705 4462; x_wconf 86' lang='grc' dir='ltr'>λαῷ</span> <span class='ocrx_word' id='word_1_656' title='bbox 2726 4391 2792 4443; x_wconf 85' lang='grc' dir='ltr'><strong>τὰ</strong></span> <span class='ocrx_word' id='word_1_657' title='bbox 2815 4391 3045 4460; x_wconf 81' lang='grc' dir='ltr'>ἐσόμενα</span> <span class='ocrx_word' id='word_1_658' title='bbox 3065 4407 3076 4419; x_wconf 95' lang='grc'><strong>·</strong></span> <span class='ocrx_word' id='word_1_659' title='bbox 3102 4391 3192 4443; x_wconf 70' lang='grc' dir='ltr'>καὶ</span> <span class='ocrx_word' id='word_1_660' title='bbox 3219 4389 3492 4458; x_wconf 75' lang='grc' dir='ltr'>ἔγγραφον</span> <span class='ocrx_word' id='word_1_661' title='bbox 3517 4387 3613 4438; x_wconf 79' lang='grc' dir='ltr'><strong>αὑ-</strong></span> 
     </span>
    </p>
   </div>
   <div class='ocr_carea' id='block_1_93' title="bbox 360 4479 3610 4556">
    <p class='ocr_par' dir='ltr' id='par_1_93' title="bbox 360 4479 3610 4556">
     <span class='ocr_line' id='line_1_93' title="bbox 360 4479 3610 4556; baseline -0.003 -16"><span class='ocrx_word' id='word_1_662' title='bbox 360 4487 471 4540; x_wconf 78' lang='grc' dir='ltr'>τῶν</span> <span class='ocrx_word' id='word_1_663' title='bbox 499 4487 583 4549; x_wconf 80' lang='grc' dir='ltr'><strong>είς</strong></span> <span class='ocrx_word' id='word_1_664' title='bbox 593 4487 720 4548; x_wconf 81' lang='grc' dir='ltr'>τοὺς</span> <span class='ocrx_word' id='word_1_665' title='bbox 734 4485 861 4555; x_wconf 74' lang='grc' dir='ltr'>ἑξῆς</span> <span class='ocrx_word' id='word_1_666' title='bbox 879 4485 1237 4556; x_wconf 84' lang='grc' dir='ltr'>παραπέμπει</span> <span class='ocrx_word' id='word_1_667' title='bbox 1255 4483 1353 4554; x_wconf 83' lang='grc' dir='ltr'>τὴν</span> <span class='ocrx_word' id='word_1_668' title='bbox 1377 4482 1574 4550; x_wconf 83' lang='grc' dir='ltr'>γνῶσιν</span> <span class='ocrx_word' id='word_1_669' title='bbox 1598 4484 1654 4534; x_wconf 83' lang='grc' dir='ltr'>ὲν</span> <span class='ocrx_word' id='word_1_670' title='bbox 1675 4486 1788 4546; x_wconf 85' lang='grc' dir='ltr'>τοῖς</span> <span class='ocrx_word' id='word_1_671' title='bbox 1809 4483 2042 4555; x_wconf 81' lang='grc' dir='ltr'>καθεξῆς</span> <span class='ocrx_word' id='word_1_672' title='bbox 2057 4488 2168 4547; x_wconf 84' lang='grc' dir='ltr'>τοῖς</span> <span class='ocrx_word' id='word_1_673' title='bbox 2195 4486 2323 4553; x_wconf 82' lang='grc' dir='ltr'>περὶ</span> <span class='ocrx_word' id='word_1_674' title='bbox 2347 4483 2550 4536; x_wconf 88' lang='grc' dir='ltr'>τούτων</span> <span class='ocrx_word' id='word_1_675' title='bbox 2575 4482 2850 4554; x_wconf 86' lang='grc' dir='ltr'>χρώμενος</span> <span class='ocrx_word' id='word_1_676' title='bbox 2863 4482 3329 4552; x_wconf 80' lang='grc' dir='ltr'>λόγοις.”Αρχεται</span> <span class='ocrx_word' id='word_1_677' title='bbox 3345 4480 3400 4533; x_wconf 83' lang='grc' dir='ltr'>δὲ</span> <span class='ocrx_word' id='word_1_678' title='bbox 3419 4479 3610 4540; x_wconf 62' lang='grc' dir='ltr'>οὓτως</span> 
     </span>
    </p>
   </div>
   <div class='ocr_carea' id='block_1_94' title="bbox 429 4575 1931 4649">
    <p class='ocr_par' dir='ltr' id='par_1_94' title="bbox 429 4577 1931 4649">
     <span class='ocr_line' id='line_1_94' title="bbox 429 4577 1931 4649; baseline 0 -18"><span class='ocrx_word' id='word_1_679' title='bbox 429 4579 568 4648; x_wconf 83' lang='grc' dir='ltr'>Στὶχ</span> <span class='ocrx_word' id='word_1_680' title='bbox 618 4577 684 4642; x_wconf 88' lang='grc' dir='ltr'>δ’,</span> <span class='ocrx_word' id='word_1_681' title='bbox 715 4585 776 4634; x_wconf 90' lang='grc' dir='ltr'><strong>ε’.</strong></span> <span class='ocrx_word' id='word_1_682' title='bbox 809 4607 880 4617; x_wconf 92' lang='grc'><strong><em>-</em></strong></span> <span class='ocrx_word' id='word_1_683' title='bbox 909 4597 928 4630; x_wconf 82' lang='grc' dir='ltr'><strong>ι</strong></span> <span class='ocrx_word' id='word_1_684' title='bbox 951 4579 1090 4632; x_wconf 87' lang='grc' dir='ltr'>Τάδε</span> <span class='ocrx_word' id='word_1_685' title='bbox 1115 4578 1260 4646; x_wconf 88' lang='grc' dir='ltr'>λέγει</span> <span class='ocrx_word' id='word_1_686' title='bbox 1289 4578 1493 4648; x_wconf 83' lang='grc' dir='ltr'>Κύριος</span> <span class='ocrx_word' id='word_1_687' title='bbox 1527 4578 1931 4649; x_wconf 84' lang='grc' dir='ltr'>παντοκράτωρ,</span> 
     </span>
    </p>
   </div>
   <div class='ocr_carea' id='block_1_95' title="bbox 2032 4575 3610 4649">
    <p class='ocr_par' dir='ltr' id='par_1_95' title="bbox 2113 4575 3610 4644">
     <span class='ocr_line' id='line_1_95' title="bbox 2113 4575 3610 4644; baseline -0.005 -13"><span class='ocrx_word' id='word_1_688' title='bbox 2113 4577 2276 4633; x_wconf 76' lang='lat' dir='ltr'><strong>Vsus.</strong></span> <span class='ocrx_word' id='word_1_689' title='bbox 2313 4578 2369 4644; x_wconf 71' lang='grc'>4,</span> <span class='ocrx_word' id='word_1_690' title='bbox 2410 4578 2460 4632; x_wconf 82' lang='lat'><strong>5.</strong></span> <span class='ocrx_word' id='word_1_691' title='bbox 2488 4608 2559 4616; x_wconf 93' lang='lat'><strong><em>—</em></strong></span> <span class='ocrx_word' id='word_1_692' title='bbox 2593 4576 2757 4631; x_wconf 70' lang='lat' dir='ltr'><strong>ilhcc</strong></span> <span class='ocrx_word' id='word_1_693' title='bbox 2800 4578 2874 4631; x_wconf 90' lang='lat' dir='ltr'><strong>ait</strong></span> <span class='ocrx_word' id='word_1_694' title='bbox 2923 4575 3185 4630; x_wconf 87' lang='lat' dir='ltr'><strong>Dominus</strong></span> <span class='ocrx_word' id='word_1_695' title='bbox 3228 4575 3610 4643; x_wconf 87' lang='lat' dir='ltr'><strong>omnipotens:</strong></span> 
     </span>
    </p>
   </div>
   <div class='ocr_carea' id='block_1_96' title="bbox 366 4663 1931 4741">
    <p class='ocr_par' dir='ltr' id='par_1_96' title="bbox 366 4668 1931 4741">
     <span class='ocr_line' id='line_1_96' title="bbox 366 4668 1931 4741; baseline -0.003 -18"><span class='ocrx_word' id='word_1_696' title='bbox 366 4670 630 4741; x_wconf 86' lang='grc' dir='ltr'>Ποίμαινε</span> <span class='ocrx_word' id='word_1_697' title='bbox 658 4668 729 4723; x_wconf 80' lang='grc' dir='ltr'><strong>τά</strong></span> <span class='ocrx_word' id='word_1_698' title='bbox 756 4669 1004 4740; x_wconf 84' lang='grc' dir='ltr'>πρόϐατα</span> <span class='ocrx_word' id='word_1_699' title='bbox 1028 4669 1130 4739; x_wconf 88' lang='grc' dir='ltr'><strong>τῆς</strong></span> <span class='ocrx_word' id='word_1_700' title='bbox 1159 4670 1388 4740; x_wconf 78' lang='grc' dir='ltr'>σφαγῆς.</span> <span class='ocrx_word' id='word_1_701' title='bbox 1419 4687 1438 4720; x_wconf 71' lang='grc' dir='ltr'><strong>ι</strong></span> <span class='ocrx_word' id='word_1_702' title='bbox 1510 4668 1669 4731; x_wconf 85' lang='grc' dir='ltr'>Ἔθος</span> <span class='ocrx_word' id='word_1_703' title='bbox 1719 4671 1784 4739; x_wconf 79' lang='grc' dir='ltr'><strong>τῇ</strong></span> <span class='ocrx_word' id='word_1_704' title='bbox 1825 4669 1931 4740; x_wconf 71' lang='grc' dir='ltr'>θείς</span> 
     </span>
    </p>
   </div>
   <div class='ocr_carea' id='block_1_97' title="bbox 2032 4663 3613 4741">
    <p class='ocr_par' dir='ltr' id='par_1_97' title="bbox 2047 4663 3613 4733">
     <span class='ocr_line' id='line_1_97' title="bbox 2047 4663 3613 4733; baseline -0.004 -9"><span class='ocrx_word' id='word_1_705' title='bbox 2047 4670 2216 4725; x_wconf 85' lang='lat' dir='ltr'><strong>Pasce</strong></span> <span class='ocrx_word' id='word_1_706' title='bbox 2259 4684 2388 4725; x_wconf 86' lang='lat' dir='ltr'><strong>oves</strong></span> <span class='ocrx_word' id='word_1_707' title='bbox 2433 4669 2745 4724; x_wconf 87' lang='lat' dir='ltr'><strong>occisionis.</strong></span> <span class='ocrx_word' id='word_1_708' title='bbox 2771 4686 2790 4718; x_wconf 73' lang='grc' dir='ltr'><strong>ι</strong></span> <span class='ocrx_word' id='word_1_709' title='bbox 2826 4665 2941 4722; x_wconf 83' lang='lat' dir='ltr'><strong>Mos</strong></span> <span class='ocrx_word' id='word_1_710' title='bbox 2975 4672 3059 4722; x_wconf 91' lang='lat' dir='ltr'><strong>est</strong></span> <span class='ocrx_word' id='word_1_711' title='bbox 3085 4665 3283 4719; x_wconf 65' lang='lat' dir='ltr'><strong>divinae</strong></span> <span class='ocrx_word' id='word_1_712' title='bbox 3319 4663 3613 4733; x_wconf 82' lang='lat' dir='ltr'><strong>Scripturae</strong></span> 
     </span>
    </p>
   </div>
   <div class='ocr_carea' id='block_1_98' title="bbox 366 4753 1931 4832">
    <p class='ocr_par' dir='ltr' id='par_1_98' title="bbox 366 4757 1931 4831">
     <span class='ocr_line' id='line_1_98' title="bbox 366 4757 1931 4831; baseline -0.001 -18"><span class='ocrx_word' id='word_1_713' title='bbox 366 4762 560 4831; x_wconf 78' lang='grc' dir='ltr'>Γραφῇ</span> <span class='ocrx_word' id='word_1_714' title='bbox 611 4759 872 4824; x_wconf 78' lang='grc' dir='ltr'>πολλάκις</span> <span class='ocrx_word' id='word_1_715' title='bbox 918 4759 1302 4829; x_wconf 87' lang='grc' dir='ltr'>προστακτικῷ</span> <span class='ocrx_word' id='word_1_716' title='bbox 1347 4760 1584 4830; x_wconf 82' lang='grc' dir='ltr'>σχήματι</span> <span class='ocrx_word' id='word_1_717' title='bbox 1621 4757 1846 4827; x_wconf 84' lang='grc' dir='ltr'>μηνύειν</span> <span class='ocrx_word' id='word_1_718' title='bbox 1886 4758 1931 4812; x_wconf 75' lang='grc' dir='ltr'><strong>τί</strong></span> 
     </span>
    </p>
   </div>
   <div class='ocr_carea' id='block_1_99' title="bbox 2032 4753 3618 4832">
    <p class='ocr_par' dir='ltr' id='par_1_99' title="bbox 2048 4753 3618 4832">
     <span class='ocr_line' id='line_1_99' title="bbox 2048 4753 3618 4832; baseline -0.006 -16"><span class='ocrx_word' id='word_1_719' title='bbox 2048 4777 2191 4832; x_wconf 68' lang='lat' dir='ltr'><strong>saepe</strong></span> <span class='ocrx_word' id='word_1_720' title='bbox 2215 4760 2377 4816; x_wconf 90' lang='lat' dir='ltr'><strong>modo</strong></span> <span class='ocrx_word' id='word_1_721' title='bbox 2398 4759 2722 4828; x_wconf 85' lang='lat' dir='ltr'><strong>imperativo</strong></span> <span class='ocrx_word' id='word_1_722' title='bbox 2746 4758 2991 4812; x_wconf 88' lang='lat' dir='ltr'><strong>futurum</strong></span> <span class='ocrx_word' id='word_1_723' title='bbox 3025 4756 3306 4812; x_wconf 79' lang='lat' dir='ltr'><strong>denmare.</strong></span> <span class='ocrx_word' id='word_1_724' title='bbox 3333 4753 3496 4810; x_wconf 87' lang='lat' dir='ltr'><strong>veluti</strong></span> <span class='ocrx_word' id='word_1_725' title='bbox 3531 4762 3618 4808; x_wconf 87' lang='lat' dir='ltr'><strong>est</strong></span> 
     </span>
    </p>
   </div>
   <div class='ocr_carea' id='block_1_100' title="bbox 367 4845 1931 4920">
    <p class='ocr_par' dir='ltr' id='par_1_100' title="bbox 367 4847 1916 4920">
     <span class='ocr_line' id='line_1_100' title="bbox 367 4847 1916 4920; baseline -0.003 -16"><span class='ocrx_word' id='word_1_726' title='bbox 367 4852 588 4920; x_wconf 77' lang='grc' dir='ltr'>μέλλον,</span> <span class='ocrx_word' id='word_1_727' title='bbox 621 4847 732 4903; x_wconf 72' lang='grc' dir='ltr'>οἷόν</span> <span class='ocrx_word' id='word_1_728' title='bbox 754 4851 870 4904; x_wconf 73' lang='grc' dir='ltr'>ἐστι</span> <span class='ocrx_word' id='word_1_729' title='bbox 895 4851 977 4915; x_wconf 86' lang='grc' dir='ltr'><strong>τὺ,</strong></span> <span class='ocrx_word' id='word_1_730' title='bbox 1012 4851 1212 4919; x_wconf 75' lang='grc' dir='ltr'>«Χαῖρε</span> <span class='ocrx_word' id='word_1_731' title='bbox 1236 4850 1457 4920; x_wconf 87' lang='grc' dir='ltr'>σφόδρα,</span> <span class='ocrx_word' id='word_1_732' title='bbox 1485 4849 1723 4918; x_wconf 86' lang='grc' dir='ltr'>θύγατερ</span> <span class='ocrx_word' id='word_1_733' title='bbox 1751 4847 1916 4901; x_wconf 75' lang='grc' dir='ltr'>Σιώνο</span> 
     </span>
    </p>
   </div>
   <div class='ocr_carea' id='block_1_101' title="bbox 2032 4845 3614 4920">
    <p class='ocr_par' dir='ltr' id='par_1_101' title="bbox 2045 4845 3614 4918">
     <span class='ocr_line' id='line_1_101' title="bbox 2045 4845 3614 4918; baseline -0.009 -9"><span class='ocrx_word' id='word_1_734' title='bbox 2045 4855 2458 4911; x_wconf 66' lang='lat' dir='ltr'><strong>illudthaetare</strong></span> <span class='ocrx_word' id='word_1_735' title='bbox 2488 4854 2856 4918; x_wconf 86' lang='lat' dir='ltr'><strong>vehementer,</strong></span> <span class='ocrx_word' id='word_1_736' title='bbox 2893 4851 3000 4905; x_wconf 85' lang='lat' dir='ltr'><strong>lilia</strong></span> <span class='ocrx_word' id='word_1_737' title='bbox 3035 4847 3238 4903; x_wconf 87' lang='lat' dir='ltr'><strong>Sionis.</strong></span> <span class='ocrx_word' id='word_1_738' title='bbox 3282 4861 3298 4894; x_wconf 75' lang='grc' dir='ltr'><strong>ι</strong></span> <span class='ocrx_word' id='word_1_739' title='bbox 3321 4845 3481 4915; x_wconf 86' lang='lat' dir='ltr'><strong>Atqui</strong></span> <span class='ocrx_word' id='word_1_740' title='bbox 3521 4845 3614 4896; x_wconf 65' lang='lat' dir='ltr'><strong>la:—</strong></span> 
     </span>
    </p>
   </div>
   <div class='ocr_carea' id='block_1_102' title="bbox 365 4938 1947 5012">
    <p class='ocr_par' dir='ltr' id='par_1_102' title="bbox 365 4938 1947 5012">
     <span class='ocr_line' id='line_1_102' title="bbox 365 4938 1947 5012; baseline -0.003 -17"><span class='ocrx_word' id='word_1_741' title='bbox 365 4943 547 4996; x_wconf 87' lang='grc' dir='ltr'>καίτοι</span> <span class='ocrx_word' id='word_1_742' title='bbox 581 4958 647 5011; x_wconf 85' lang='grc' dir='ltr'><strong>γε</strong></span> <span class='ocrx_word' id='word_1_743' title='bbox 671 4941 794 4996; x_wconf 79' lang='grc' dir='ltr'>οὐδὲ</span> <span class='ocrx_word' id='word_1_744' title='bbox 827 4943 887 4994; x_wconf 83' lang='grc' dir='ltr'><strong>έν</strong></span> <span class='ocrx_word' id='word_1_745' title='bbox 915 4942 1244 5012; x_wconf 83' lang='grc' dir='ltr'>ὲπιτάγματι</span> <span class='ocrx_word' id='word_1_746' title='bbox 1271 4944 1446 4996; x_wconf 81' lang='grc' dir='ltr'>κεῖται</span> <span class='ocrx_word' id='word_1_747' title='bbox 1478 4939 1539 4994; x_wconf 82' lang='grc' dir='ltr'><strong>τδ</strong></span> <span class='ocrx_word' id='word_1_748' title='bbox 1562 4939 1794 5011; x_wconf 88' lang='grc' dir='ltr'>χαίρειν,</span> <span class='ocrx_word' id='word_1_749' title='bbox 1824 4938 1947 4992; x_wconf 74' lang='grc' dir='ltr'>ἐπεὶ</span> 
     </span>
    </p>
   </div>
   <div class='ocr_carea' id='block_1_103' title="bbox 371 5030 1944 5104">
    <p class='ocr_par' dir='ltr' id='par_1_103' title="bbox 371 5030 1944 5104">
     <span class='ocr_line' id='line_1_103' title="bbox 371 5030 1944 5104; baseline -0.004 -16"><span class='ocrx_word' id='word_1_750' title='bbox 371 5035 510 5104; x_wconf 86' lang='grc' dir='ltr'>μήτε</span> <span class='ocrx_word' id='word_1_751' title='bbox 542 5035 832 5104; x_wconf 85' lang='grc' dir='ltr'>παρόντων</span> <span class='ocrx_word' id='word_1_752' title='bbox 857 5032 967 5086; x_wconf 88' lang='grc' dir='ltr'><strong>τῶν</strong></span> <span class='ocrx_word' id='word_1_753' title='bbox 993 5032 1163 5104; x_wconf 80' lang='grc' dir='ltr'>ἡδέων</span> <span class='ocrx_word' id='word_1_754' title='bbox 1195 5033 1415 5086; x_wconf 79' lang='grc' dir='ltr'>δυνατὸν</span> <span class='ocrx_word' id='word_1_755' title='bbox 1451 5032 1525 5102; x_wconf 81' lang='grc' dir='ltr'>μὴ</span> <span class='ocrx_word' id='word_1_756' title='bbox 1553 5031 1786 5102; x_wconf 87' lang='grc' dir='ltr'>χαίρειν,</span> <span class='ocrx_word' id='word_1_757' title='bbox 1823 5030 1944 5100; x_wconf 84' lang='grc' dir='ltr'>χαί-</span> 
     </span>
    </p>
   </div>
   <div class='ocr_carea' id='block_1_104' title="bbox 369 5121 1944 5198">
    <p class='ocr_par' dir='ltr' id='par_1_104' title="bbox 369 5121 1944 5198">
     <span class='ocr_line' id='line_1_104' title="bbox 369 5121 1944 5198; baseline -0.004 -17"><span class='ocrx_word' id='word_1_758' title='bbox 369 5145 488 5198; x_wconf 87' lang='grc' dir='ltr'>ρειν</span> <span class='ocrx_word' id='word_1_759' title='bbox 511 5143 574 5180; x_wconf 88' lang='grc' dir='ltr'><strong>τε</strong></span> <span class='ocrx_word' id='word_1_760' title='bbox 602 5127 704 5180; x_wconf 82' lang='grc' dir='ltr'>οὐκ</span> <span class='ocrx_word' id='word_1_761' title='bbox 729 5123 934 5180; x_wconf 75' lang='grc' dir='ltr'>ἔνεστιν</span> <span class='ocrx_word' id='word_1_762' title='bbox 952 5125 1199 5180; x_wconf 87' lang='grc' dir='ltr'>ἀπόντων</span> <span class='ocrx_word' id='word_1_763' title='bbox 1229 5125 1338 5177; x_wconf 86' lang='grc' dir='ltr'><strong>τῶν</strong></span> <span class='ocrx_word' id='word_1_764' title='bbox 1372 5124 1540 5194; x_wconf 88' lang='grc' dir='ltr'>ἡδέων</span> <span class='ocrx_word' id='word_1_765' title='bbox 1559 5140 1573 5154; x_wconf 88' lang='grc'><strong>·</strong></span> <span class='ocrx_word' id='word_1_766' title='bbox 1607 5123 1742 5177; x_wconf 82' lang='grc' dir='ltr'>ἀλλὰ</span> <span class='ocrx_word' id='word_1_767' title='bbox 1774 5121 1944 5192; x_wconf 75' lang='grc' dir='ltr'>μηνύο</span> 
     </span>
    </p>
   </div>
   <div class='ocr_carea' id='block_1_105' title="bbox 289 5204 1948 5288">
    <p class='ocr_par' dir='ltr' id='par_1_105' title="bbox 289 5204 1948 5288">
     <span class='ocr_line' id='line_1_105' title="bbox 289 5204 1948 5288; baseline -0.002 -17"><span class='ocrx_word' id='word_1_768' title='bbox 289 5204 305 5219; x_wconf 74' lang='grc'><em>’</em></span> <span class='ocrx_word' id='word_1_769' title='bbox 371 5235 463 5271; x_wconf 90' lang='grc' dir='ltr'><strong>σαι</strong></span> <span class='ocrx_word' id='word_1_770' title='bbox 498 5216 800 5288; x_wconf 85' lang='grc' dir='ltr'>βουλομένη</span> <span class='ocrx_word' id='word_1_771' title='bbox 848 5217 950 5287; x_wconf 82' lang='grc' dir='ltr'>τὴν</span> <span class='ocrx_word' id='word_1_772' title='bbox 999 5217 1405 5288; x_wconf 87' lang='grc' dir='ltr'>προσεσομένην</span> <span class='ocrx_word' id='word_1_773' title='bbox 1450 5215 1633 5278; x_wconf 81' lang='grc' dir='ltr'>αὐτοῖς</span> <span class='ocrx_word' id='word_1_774' title='bbox 1663 5214 1854 5284; x_wconf 82' lang='grc' dir='ltr'>ἡδονὴν</span> <span class='ocrx_word' id='word_1_775' title='bbox 1883 5215 1948 5268; x_wconf 81' lang='grc' dir='ltr'>ὲκ</span> 
     </span>
    </p>
   </div>
   <div class='ocr_carea' id='block_1_106' title="bbox 369 5305 1948 5381">
    <p class='ocr_par' dir='ltr' id='par_1_106' title="bbox 369 5305 1948 5381">
     <span class='ocr_line' id='line_1_106' title="bbox 369 5305 1948 5381; baseline -0.013 -4"><span class='ocrx_word' id='word_1_776' title='bbox 369 5311 470 5381; x_wconf 81' lang='grc' dir='ltr'><strong>τῆς</strong></span> <span class='ocrx_word' id='word_1_777' title='bbox 491 5309 588 5363; x_wconf 71' lang='grc' dir='ltr'><strong>τοῦ</strong></span> <span class='ocrx_word' id='word_1_778' title='bbox 613 5308 919 5381; x_wconf 74' lang='grc' dir='ltr'>Ζοροϐάϐελ</span> <span class='ocrx_word' id='word_1_779' title='bbox 943 5309 1257 5380; x_wconf 83' lang='grc' dir='ltr'>ἡγεμονίας,</span> <span class='ocrx_word' id='word_1_780' title='bbox 1292 5307 1705 5380; x_wconf 84' lang='grc' dir='ltr'>προστακτικῶς</span> <span class='ocrx_word' id='word_1_781' title='bbox 1736 5305 1827 5358; x_wconf 89' lang='grc' dir='ltr'><strong>τοῦ</strong></span> <span class='ocrx_word' id='word_1_782' title='bbox 1859 5305 1948 5358; x_wconf 87' lang='grc' dir='ltr'>λό-</span> 
     </span>
    </p>
   </div>
   <div class='ocr_carea' id='block_1_107' title="bbox 371 5397 1942 5472">
    <p class='ocr_par' dir='ltr' id='par_1_107' title="bbox 371 5397 1942 5472">
     <span class='ocr_line' id='line_1_107' title="bbox 371 5397 1942 5472; baseline -0.004 -17"><span class='ocrx_word' id='word_1_783' title='bbox 371 5419 470 5468; x_wconf 88' lang='grc' dir='ltr'><strong>γου</strong></span> <span class='ocrx_word' id='word_1_784' title='bbox 492 5402 786 5472; x_wconf 89' lang='grc' dir='ltr'>πεποίηται</span> <span class='ocrx_word' id='word_1_785' title='bbox 808 5400 907 5472; x_wconf 81' lang='grc' dir='ltr'>τὴν</span> <span class='ocrx_word' id='word_1_786' title='bbox 930 5401 1126 5472; x_wconf 83' lang='grc' dir='ltr'>ἀρχήν.</span> <span class='ocrx_word' id='word_1_787' title='bbox 1163 5401 1239 5469; x_wconf 90' lang='lat' dir='ltr'><strong>(p.</strong></span> <span class='ocrx_word' id='word_1_788' title='bbox 1266 5398 1389 5467; x_wconf 80' lang='grc'><strong>510)</strong></span> <span class='ocrx_word' id='word_1_789' title='bbox 1426 5399 1534 5452; x_wconf 71' lang='grc' dir='ltr'><strong>Καὶ</strong></span> <span class='ocrx_word' id='word_1_790' title='bbox 1561 5397 1698 5468; x_wconf 89' lang='grc' dir='ltr'><strong>μετά</strong></span> <span class='ocrx_word' id='word_1_791' title='bbox 1723 5397 1942 5466; x_wconf 88' lang='grc' dir='ltr'>βραχέα·</span> 
     </span>
    </p>
   </div>
   <div class='ocr_carea' id='block_1_108' title="bbox 379 5487 1949 5565">
    <p class='ocr_par' dir='ltr' id='par_1_108' title="bbox 379 5487 1949 5565">
     <span class='ocr_line' id='line_1_108' title="bbox 379 5487 1949 5565; baseline -0.003 -21"><span class='ocrx_word' id='word_1_792' title='bbox 379 5510 401 5544; x_wconf 75' lang='grc' dir='ltr'><strong>ι</strong></span> <span class='ocrx_word' id='word_1_793' title='bbox 431 5493 643 5547; x_wconf 76' lang='grc' dir='ltr'>Αἰτεῖτε</span> <span class='ocrx_word' id='word_1_794' title='bbox 671 5494 826 5565; x_wconf 83' lang='grc' dir='ltr'>παρὰ</span> <span class='ocrx_word' id='word_1_795' title='bbox 852 5493 1056 5563; x_wconf 81' lang='grc' dir='ltr'>Κυρίου</span> <span class='ocrx_word' id='word_1_796' title='bbox 1088 5491 1240 5546; x_wconf 82' lang='grc' dir='ltr'>ὑετὸν</span> <span class='ocrx_word' id='word_1_797' title='bbox 1264 5490 1383 5543; x_wconf 91' lang='grc' dir='ltr'>καθ’</span> <span class='ocrx_word' id='word_1_798' title='bbox 1412 5488 1559 5559; x_wconf 83' lang='grc' dir='ltr'>ὥραν</span> <span class='ocrx_word' id='word_1_799' title='bbox 1589 5487 1833 5560; x_wconf 87' lang='grc' dir='ltr'>πρώῖμον</span> <span class='ocrx_word' id='word_1_800' title='bbox 1855 5489 1949 5540; x_wconf 77' lang='grc' dir='ltr'>καὶ</span> 
     </span>
    </p>
   </div>
   <div class='ocr_carea' id='block_1_109' title="bbox 374 5580 1954 5657">
    <p class='ocr_par' dir='ltr' id='par_1_109' title="bbox 374 5580 1954 5657">
     <span class='ocr_line' id='line_1_109' title="bbox 374 5580 1954 5657; baseline -0.004 -20"><span class='ocrx_word' id='word_1_801' title='bbox 374 5584 604 5655; x_wconf 63' lang='grc' dir='ltr'>ἃῷιμοψ</span> <span class='ocrx_word' id='word_1_802' title='bbox 643 5606 662 5638; x_wconf 75' lang='grc' dir='ltr'><strong>ι</strong></span> <span class='ocrx_word' id='word_1_803' title='bbox 705 5586 869 5657; x_wconf 82' lang='grc' dir='ltr'>δήλου</span> <span class='ocrx_word' id='word_1_804' title='bbox 904 5586 1001 5655; x_wconf 81' lang='grc' dir='ltr'>μὲν</span> <span class='ocrx_word' id='word_1_805' title='bbox 1033 5584 1182 5646; x_wconf 77' lang='grc' dir='ltr'>ὄντος</span> <span class='ocrx_word' id='word_1_806' title='bbox 1228 5584 1302 5644; x_wconf 84' lang='grc' dir='ltr'>ὡς</span> <span class='ocrx_word' id='word_1_807' title='bbox 1348 5583 1446 5635; x_wconf 85' lang='grc' dir='ltr'>οὐκ</span> <span class='ocrx_word' id='word_1_808' title='bbox 1477 5580 1542 5634; x_wconf 78' lang='grc' dir='ltr'>ἄν</span> <span class='ocrx_word' id='word_1_809' title='bbox 1573 5598 1655 5643; x_wconf 89' lang='grc' dir='ltr'><strong>τις</strong></span> <span class='ocrx_word' id='word_1_810' title='bbox 1695 5582 1752 5633; x_wconf 83' lang='grc' dir='ltr'>ἐν</span> <span class='ocrx_word' id='word_1_811' title='bbox 1797 5580 1954 5650; x_wconf 79' lang='grc' dir='ltr'>χρείᾳ</span> 
     </span>
    </p>
   </div>
   <div class='ocr_carea' id='block_1_110' title="bbox 378 5664 1951 5748">
    <p class='ocr_par' dir='ltr' id='par_1_110' title="bbox 378 5664 1951 5748">
     <span class='ocr_line' id='line_1_110' title="bbox 378 5664 1951 5748; baseline -0.004 -22"><span class='ocrx_word' id='word_1_812' title='bbox 378 5673 459 5729; x_wconf 75' lang='grc' dir='ltr'>ὢν</span> <span class='ocrx_word' id='word_1_813' title='bbox 505 5677 799 5748; x_wconf 80' lang='grc' dir='ltr'>παραλίποι</span> <span class='ocrx_word' id='word_1_814' title='bbox 850 5675 911 5728; x_wconf 83' lang='grc' dir='ltr'><strong>τὺ</strong></span> <span class='ocrx_word' id='word_1_815' title='bbox 960 5677 1165 5738; x_wconf 68' lang='grc' dir='ltr'>αἰτεῖν,</span> <span class='ocrx_word' id='word_1_816' title='bbox 1209 5672 1362 5741; x_wconf 76' lang='grc' dir='ltr'>εἴπερ</span> <span class='ocrx_word' id='word_1_817' title='bbox 1409 5664 1499 5723; x_wconf 72' lang='grc' dir='ltr'>οὖν</span> <span class='ocrx_word' id='word_1_818' title='bbox 1547 5672 1627 5723; x_wconf 78' lang='grc' dir='ltr'>ὅτι</span> <span class='ocrx_word' id='word_1_819' title='bbox 1671 5669 1951 5741; x_wconf 81' lang='grc' dir='ltr'>δοθήσεται</span> 
     </span>
    </p>
   </div>
   <div class='ocr_carea' id='block_1_111' title="bbox 2047 4937 3614 5016">
    <p class='ocr_par' dir='ltr' id='par_1_111' title="bbox 2047 4937 3614 5016">
     <span class='ocr_line' id='line_1_111' title="bbox 2047 4937 3614 5016; baseline -0.008 -16"><span class='ocrx_word' id='word_1_820' title='bbox 2047 4946 2167 5000; x_wconf 91' lang='lat' dir='ltr'><strong>titia</strong></span> <span class='ocrx_word' id='word_1_821' title='bbox 2196 4945 2451 5015; x_wconf 90' lang='lat' dir='ltr'><strong>imperari</strong></span> <span class='ocrx_word' id='word_1_822' title='bbox 2502 4946 2689 5016; x_wconf 88' lang='lat' dir='ltr'><strong>nequit</strong></span> <span class='ocrx_word' id='word_1_823' title='bbox 2715 4962 2728 5010; x_wconf 89' lang='lat'><strong>;</strong></span> <span class='ocrx_word' id='word_1_824' title='bbox 2777 4959 2904 4999; x_wconf 85' lang='lat' dir='ltr'><strong>nam</strong></span> <span class='ocrx_word' id='word_1_825' title='bbox 2933 4956 3109 5013; x_wconf 90' lang='lat' dir='ltr'><strong>neque</strong></span> <span class='ocrx_word' id='word_1_826' title='bbox 3140 4937 3309 4994; x_wconf 60' lang='lat' dir='ltr'><strong>laetari</strong></span> <span class='ocrx_word' id='word_1_827' title='bbox 3347 4953 3455 4992; x_wconf 92' lang='lat' dir='ltr'><strong>non</strong></span> <span class='ocrx_word' id='word_1_828' title='bbox 3486 4951 3614 5005; x_wconf 75' lang='lat' dir='ltr'><strong>pos-</strong></span> 
     </span>
    </p>
   </div>
   <div class='ocr_carea' id='block_1_112' title="bbox 2053 5027 3615 5106">
    <p class='ocr_par' dir='ltr' id='par_1_112' title="bbox 2053 5027 3615 5106">
     <span class='ocr_line' id='line_1_112' title="bbox 2053 5027 3615 5106; baseline -0.008 -14"><span class='ocrx_word' id='word_1_829' title='bbox 2053 5053 2243 5092; x_wconf 89' lang='lat' dir='ltr'><strong>sumus</strong></span> <span class='ocrx_word' id='word_1_830' title='bbox 2292 5036 2339 5090; x_wconf 91' lang='lat' dir='ltr'><strong>si</strong></span> <span class='ocrx_word' id='word_1_831' title='bbox 2378 5037 2620 5106; x_wconf 73' lang='lat' dir='ltr'><strong>jucunda</strong></span> <span class='ocrx_word' id='word_1_832' title='bbox 2669 5035 2881 5102; x_wconf 87' lang='lat' dir='ltr'><strong>adsint;</strong></span> <span class='ocrx_word' id='word_1_833' title='bbox 2940 5048 3117 5104; x_wconf 88' lang='lat' dir='ltr'><strong>neque</strong></span> <span class='ocrx_word' id='word_1_834' title='bbox 3154 5031 3394 5086; x_wconf 84' lang='lat' dir='ltr'><strong>vicissim</strong></span> <span class='ocrx_word' id='word_1_835' title='bbox 3447 5027 3615 5081; x_wconf 65' lang='lat' dir='ltr'><strong>laetari</strong></span> 
     </span>
    </p>
   </div>
   <div class='ocr_carea' id='block_1_113' title="bbox 2054 5120 3616 5198">
    <p class='ocr_par' dir='ltr' id='par_1_113' title="bbox 2054 5120 3616 5198">
     <span class='ocr_line' id='line_1_113' title="bbox 2054 5120 3616 5198; baseline -0.008 -15"><span class='ocrx_word' id='word_1_836' title='bbox 2054 5143 2346 5198; x_wconf 88' lang='lat' dir='ltr'><strong>possumus</strong></span> <span class='ocrx_word' id='word_1_837' title='bbox 2407 5127 2451 5181; x_wconf 92' lang='lat' dir='ltr'><strong>si</strong></span> <span class='ocrx_word' id='word_1_838' title='bbox 2505 5127 2688 5182; x_wconf 87' lang='lat' dir='ltr'><strong>absint</strong></span> <span class='ocrx_word' id='word_1_839' title='bbox 2732 5127 2999 5198; x_wconf 86' lang='lat' dir='ltr'><strong>jucunda.</strong></span> <span class='ocrx_word' id='word_1_840' title='bbox 3070 5123 3272 5179; x_wconf 79' lang='lat' dir='ltr'><strong>Verum</strong></span> <span class='ocrx_word' id='word_1_841' title='bbox 3335 5120 3616 5188; x_wconf 81' lang='lat' dir='ltr'><strong>Scriptura</strong></span> 
     </span>
    </p>
   </div>
   <div class='ocr_carea' id='block_1_114' title="bbox 2054 5210 3619 5286">
    <p class='ocr_par' dir='ltr' id='par_1_114' title="bbox 2054 5210 3619 5286">
     <span class='ocr_line' id='line_1_114' title="bbox 2054 5210 3619 5286; baseline -0.006 -15"><span class='ocrx_word' id='word_1_842' title='bbox 2054 5216 2361 5286; x_wconf 81' lang='lat' dir='ltr'><strong>significare</strong></span> <span class='ocrx_word' id='word_1_843' title='bbox 2393 5217 2580 5270; x_wconf 87' lang='lat' dir='ltr'><strong>volens</strong></span> <span class='ocrx_word' id='word_1_844' title='bbox 2612 5216 2856 5270; x_wconf 89' lang='lat' dir='ltr'><strong>futurum</strong></span> <span class='ocrx_word' id='word_1_845' title='bbox 2883 5215 3249 5270; x_wconf 83' lang='lat' dir='ltr'><strong>lsraelitarum</strong></span> <span class='ocrx_word' id='word_1_846' title='bbox 3273 5210 3526 5281; x_wconf 90' lang='lat' dir='ltr'><strong>gaudium</strong></span> <span class='ocrx_word' id='word_1_847' title='bbox 3550 5223 3619 5262; x_wconf 72' lang='lat' dir='ltr'><strong>ex</strong></span> 
     </span>
    </p>
   </div>
   <div class='ocr_carea' id='block_1_115' title="bbox 2055 5297 3616 5374">
    <p class='ocr_par' dir='ltr' id='par_1_115' title="bbox 2055 5297 3616 5374">
     <span class='ocr_line' id='line_1_115' title="bbox 2055 5297 3616 5374; baseline -0.006 -14"><span class='ocrx_word' id='word_1_848' title='bbox 2055 5304 2404 5360; x_wconf 88' lang='lat' dir='ltr'><strong>Zorobabelis</strong></span> <span class='ocrx_word' id='word_1_849' title='bbox 2453 5305 2780 5374; x_wconf 84' lang='lat' dir='ltr'><strong>principatu,</strong></span> <span class='ocrx_word' id='word_1_850' title='bbox 2845 5303 3166 5374; x_wconf 89' lang='lat' dir='ltr'><strong>imperative</strong></span> <span class='ocrx_word' id='word_1_851' title='bbox 3215 5301 3343 5355; x_wconf 87' lang='lat' dir='ltr'><strong>facit</strong></span> <span class='ocrx_word' id='word_1_852' title='bbox 3397 5297 3616 5353; x_wconf 75' lang='lat' dir='ltr'><strong>(licendi</strong></span> 
     </span>
    </p>
   </div>
   <div class='ocr_carea' id='block_1_116' title="bbox 2055 5387 3616 5462">
    <p class='ocr_par' dir='ltr' id='par_1_116' title="bbox 2055 5387 3616 5462">
     <span class='ocr_line' id='line_1_116' title="bbox 2055 5387 3616 5462; baseline -0.006 -12"><span class='ocrx_word' id='word_1_853' title='bbox 2055 5398 2288 5450; x_wconf 91' lang='lat' dir='ltr'><strong>initium.</strong></span> <span class='ocrx_word' id='word_1_854' title='bbox 2343 5394 2406 5447; x_wconf 82' lang='lat' dir='ltr'><strong>Et</strong></span> <span class='ocrx_word' id='word_1_855' title='bbox 2433 5394 2592 5462; x_wconf 91' lang='lat' dir='ltr'><strong>paulo</strong></span> <span class='ocrx_word' id='word_1_856' title='bbox 2616 5401 2764 5461; x_wconf 88' lang='lat' dir='ltr'><strong>post:</strong></span> <span class='ocrx_word' id='word_1_857' title='bbox 2811 5411 2830 5443; x_wconf 82' lang='grc' dir='ltr'><strong>ι</strong></span> <span class='ocrx_word' id='word_1_858' title='bbox 2863 5392 3036 5447; x_wconf 89' lang='lat' dir='ltr'><strong>Petite</strong></span> <span class='ocrx_word' id='word_1_859' title='bbox 3065 5407 3093 5444; x_wconf 90' lang='lat' dir='ltr'><strong>a</strong></span> <span class='ocrx_word' id='word_1_860' title='bbox 3127 5391 3355 5446; x_wconf 82' lang='lat' dir='ltr'><strong>Domino</strong></span> <span class='ocrx_word' id='word_1_861' title='bbox 3379 5387 3616 5459; x_wconf 87' lang='lat' dir='ltr'><strong>pluviam</strong></span> 
     </span>
    </p>
   </div>
   <div class='ocr_carea' id='block_1_117' title="bbox 2055 5480 3619 5555">
    <p class='ocr_par' dir='ltr' id='par_1_117' title="bbox 2055 5480 3619 5555">
     <span class='ocr_line' id='line_1_117' title="bbox 2055 5480 3619 5555; baseline -0.008 -15"><span class='ocrx_word' id='word_1_862' title='bbox 2055 5485 2449 5555; x_wconf 82' lang='lat' dir='ltr'><strong>tempestivam,</strong></span> <span class='ocrx_word' id='word_1_863' title='bbox 2478 5482 2798 5538; x_wconf 86' lang='lat' dir='ltr'><strong>matutinam</strong></span> <span class='ocrx_word' id='word_1_864' title='bbox 2824 5490 2877 5538; x_wconf 87' lang='lat' dir='ltr'><strong>et</strong></span> <span class='ocrx_word' id='word_1_865' title='bbox 2902 5483 3217 5538; x_wconf 84' lang='lat' dir='ltr'><strong>serotinam.</strong></span> <span class='ocrx_word' id='word_1_866' title='bbox 3242 5500 3260 5532; x_wconf 73' lang='grc' dir='ltr'><strong>ι</strong></span> <span class='ocrx_word' id='word_1_867' title='bbox 3301 5480 3464 5549; x_wconf 80' lang='lat' dir='ltr'><strong>Atqui</strong></span> <span class='ocrx_word' id='word_1_868' title='bbox 3496 5492 3619 5546; x_wconf 89' lang='lat' dir='ltr'><strong>per-</strong></span> 
     </span>
    </p>
   </div>
   <div class='ocr_carea' id='block_1_118' title="bbox 2061 5567 3618 5646">
    <p class='ocr_par' dir='ltr' id='par_1_118' title="bbox 2061 5567 3618 5646">
     <span class='ocr_line' id='line_1_118' title="bbox 2061 5567 3618 5646; baseline -0.003 -14"><span class='ocrx_word' id='word_1_869' title='bbox 2061 5578 2308 5646; x_wconf 87' lang='lat' dir='ltr'><strong>spicuum</strong></span> <span class='ocrx_word' id='word_1_870' title='bbox 2354 5587 2473 5631; x_wconf 89' lang='lat' dir='ltr'><strong>crat</strong></span> <span class='ocrx_word' id='word_1_871' title='bbox 2526 5577 2637 5630; x_wconf 84' lang='lat' dir='ltr'><strong>fore</strong></span> <span class='ocrx_word' id='word_1_872' title='bbox 2672 5583 2730 5628; x_wconf 92' lang='lat' dir='ltr'><strong>ut</strong></span> <span class='ocrx_word' id='word_1_873' title='bbox 2768 5590 2924 5631; x_wconf 87' lang='lat' dir='ltr'><strong>nemo</strong></span> <span class='ocrx_word' id='word_1_874' title='bbox 2964 5576 3143 5646; x_wconf 85' lang='lat' dir='ltr'><strong>pluvia</strong></span> <span class='ocrx_word' id='word_1_875' title='bbox 3173 5575 3423 5643; x_wconf 79' lang='lat' dir='ltr'><strong>indigens</strong></span> <span class='ocrx_word' id='word_1_876' title='bbox 3455 5567 3618 5640; x_wconf 62' lang='lat'><strong>353</strong></span> 
     </span>
    </p>
   </div>
   <div class='ocr_carea' id='block_1_119' title="bbox 2057 5664 3614 5739">
    <p class='ocr_par' dir='ltr' id='par_1_119' title="bbox 2057 5664 3614 5739">
     <span class='ocr_line' id='line_1_119' title="bbox 2057 5664 3614 5739; baseline -0.008 -15"><span class='ocrx_word' id='word_1_877' title='bbox 2057 5668 2329 5739; x_wconf 82' lang='lat' dir='ltr'><strong>postulare</strong></span> <span class='ocrx_word' id='word_1_878' title='bbox 2351 5669 2640 5736; x_wconf 85' lang='lat' dir='ltr'><strong>omitteret,</strong></span> <span class='ocrx_word' id='word_1_879' title='bbox 2673 5667 2718 5723; x_wconf 87' lang='lat' dir='ltr'><strong>si</strong></span> <span class='ocrx_word' id='word_1_880' title='bbox 2744 5679 2889 5725; x_wconf 87' lang='lat' dir='ltr'><strong>certe</strong></span> <span class='ocrx_word' id='word_1_881' title='bbox 2912 5685 2968 5724; x_wconf 90' lang='lat' dir='ltr'><strong>sc</strong></span> <span class='ocrx_word' id='word_1_882' title='bbox 2992 5669 3404 5738; x_wconf 80' lang='lat' dir='ltr'><strong>impetraturum</strong></span> <span class='ocrx_word' id='word_1_883' title='bbox 3428 5664 3614 5720; x_wconf 85' lang='lat' dir='ltr'><strong>sciret.</strong></span> 
     </span>
    </p>
   </div>
  </div>
