4022 6138
395 276 498 333 571

1579 273 1930 334 ΤΙΙΕΟῡΟΒΙ
1972 273 2456 334 MOPSUESTENI

3553 275 3655 335 57?

399 391 508 449 Sed
535 401 642 446 tam
657 410 714 450 an
742 395 926 451 dicere
962 397 1146 451 volens
1181 398 1401 465 copiose
1431 397 1536 450 illis
1564 413 1627 452 ac
1657 398 1974 466 tempestive

2089 396 2296 458 πάντως
2343 397 2508 468 εἰδείη
2535 415 2546 426 ·
2600 399 2715 450 ἀλλ’
2765 397 2917 466 ὅμως·
2959 394 3276 466 βουλόμενος
3331 395 3506 446 εἰπεῖν
3551 395 3656 457 ὅτι,

401 490 638 558 pluviam
664 490 826 544 Deum
854 506 1272 555 concessurum,
1313 493 1632 561 imperativo
1659 492 1820 546 modo
1847 507 1976 561 prae-

402 581 696 635 dictionem
730 580 896 633 futuri
925 580 988 632 l‘ai
1012 582 1071 634 it.
1113 581 1312 636 Eadem
1341 583 1551 637 ratione
1571 595 1715 636 nunc
1735 595 1974 651 quoque,

400 683 660 728 eventura
692 673 890 743 populo
917 676 1052 724 mala
1092 675 1416 742 imperativo
1443 675 1602 727 modo
1623 673 1973 734 vaticinatur,

400 767 589 819 dicens
625 764 904 818 videlicet:
933 764 1057 819 Haec
1085 779 1116 818 a
1145 781 1229 820 me
1263 766 1462 836 populo
1491 766 1759 826 evenient.
1785 781 1977 834 quem-

398 854 690 906 admodum
743 870 916 923 nuper
968 855 1122 920 dixi;
1179 866 1231 909 et
1279 857 1445 909 lamis
1493 856 1724 925 populus
1766 855 1977 910 fruetur

402 944 583 1005 bonis,
640 953 694 998 ct
745 945 1084 1000 Hierusalem
1135 947 1308 1016 copiis
1341 949 1567 1010 dillluet.
1624 959 1678 1004 et
1729 949 1976 1004 hostibus

401 1037 716 1104 superiores
747 1037 1002 1099 evadent.
1031 1055 1094 1094 ex
1121 1041 1321 1108 quibus
1351 1043 1549 1097 multas
1579 1042 1681 1096 sibi
1722 1043 1974 1113 colligent

405 1145 560 1198 opes.
583 1128 973 1183 Verumtamen
996 1133 1123 1199 quia
1143 1148 1248 1185 non
1281 1141 1426 1188 recte
1453 1133 1711 1188 felicitate
1730 1142 1974 1201 utentur,

399 1229 455 1272 et
485 1219 550 1270 ad
587 1219 743 1288 pejus
779 1221 1127 1288 spectabunt,
1168 1223 1273 1275 sub
1305 1222 1622 1291 pastoribus
1652 1223 1821 1278 futuri
1848 1235 1978 1280 sunt

403 1309 624 1373 talibus,
661 1324 690 1362 a
724 1311 927 1379 quibus
960 1313 1143 1364 ovium
1186 1313 1362 1366 instar
1395 1313 1459 1366 ad
1495 1316 1691 1368 caedem
1724 1321 1974 1385 agentur.

403 1399 576 1454 Sicuti
597 1411 680 1454 est
703 1402 842 1470 apud
864 1403 1078 1456 beatum
1106 1402 1395 1458 Davidem:
1438 1423 1455 1455 ι
1477 1402 1754 1460 Ᾱῐειὴιιιιιὶ
1790 1424 1978 1463 sumus

336 1509 341 1515 ·
401 1493 544 1547 sicut
603 1509 734 1547 oves
783 1495 1080 1548 occisionis
1106 1489 1370 1563 "pquod
1418 1497 1486 1550 de
1541 1497 1730 1552 iisdem
1775 1497 1978 1553 Judmis

402 1585 610 1639 dictum
653 1586 774 1639 fuit.
824 1585 1110 1656 Signiﬁcat
1157 1598 1335 1641 autem
1383 1589 1530 1643 nulla
1578 1608 1670 1644 cos
1719 1589 1810 1644 Dei
1847 1608 1979 1645 cura

403 1677 600 1746 dignos
630 1676 865 1740 futuros.
905 1678 999 1733 sed
1025 1678 1206 1731 omnia
1235 1679 1374 1733 mala
1405 1697 1688 1748 passuros,
1721 1689 1977 1750 tanquam

404 1769 540 1821 caedi
572 1769 952 1823 tantummodo
983 1769 1250 1824 addictos.
1281 1767 1485 1838 Reique
1517 1775 1735 1825 modum
1765 1772 1974 1826 dicens:

401 1858 787 1925 «Quas(0ves),
828 1857 1023 1925 inquit,
1063 1871 1410 1926 possessores
1441 1859 1524 1912 sui
1551 1859 1893 1928 jugulabant,
1926 1869 1981 1914 et

403 1963 513 2001 non
548 1964 642 2002 eos
689 1949 1360 2016 pmnitcbatnludteorum
1403 1951 1653 2005 videlicet
1694 1967 1848 2019 reges
1877 1953 1979 2006 do-

403 2039 560 2098 mini,
612 2039 752 2092 haud
786 2047 1046 2108 tanquam
1091 2043 1166 2094 rei
1215 2057 1328 2096 sua:
1363 2042 1681 2110 parcebant,
1749 2045 1840 2098 scd
1884 2060 1980 2100 eos

400 2131 563 2199 quasi
611 2131 793 2185 hostes
855 2133 1210 2186 inclementer
1263 2132 1680 2189 interlieiebant.
1732 2135 1788 2189 Id
1837 2137 1980 2191 enim

375 2211 591 2275 ~valet:
634 2221 697 2276 Et
748 2239 853 2277 non
903 2226 1225 2293 pcenitcbat.
1279 2245 1296 2276 ι
1319 2225 1384 2279 Et
1419 2227 1510 2296 qui
1546 2228 1854 2283 vendebant
1887 2245 1983 2284 eos

402 2313 694 2367 dicebant:
753 2313 1080 2372 Benedictus
1123 2315 1406 2384 Dominus,
1463 2319 1591 2389 quia
1619 2319 1816 2374 divites
1850 2320 1977 2373 facti

405 2417 619 2458 sumus.
645 2423 662 2455 ι
707 2403 808 2470 Qui
841 2405 1178 2461 tradiderant
1214 2409 1430 2476 regibus
1457 2417 1695 2477 gentem,
1723 2418 1778 2462 et
1815 2424 1981 2477 pecu-

406 2494 554 2547 niam
608 2496 735 2550 inde
766 2497 1157 2562 conﬂaverant,
1213 2508 1424 2553 tantum
1464 2501 1691 2555 aberant
1731 2512 1791 2553 ut
1820 2501 1980 2554 talem

408 2593 724 2655 tantamque
763 2588 1048 2641 avaritiam
1089 2587 1195 2644 sibi
1251 2589 1562 2657 ignominitr
1621 2588 1981 2650 ascriberent,

410 2685 469 2729 ut
493 2679 563 2732 ob
591 2678 902 2747 linjusmodi
927 2695 1058 2750 opes
1083 2684 1286 2751 gratias
1315 2681 1421 2736 Deo
1449 2682 1686 2753 agendas
1710 2690 1980 2751 putarent.

411 2784 431 2817 ι
458 2766 520 2820 Et
570 2784 755 2822 earum
800 2779 1053 2839 pastores
1102 2774 1311 2827 nullum
1348 2788 1474 2843 erga
1509 2789 1601 2828 eas
1643 2774 1986 2844 patiebantur

407 2856 684 2915 affectum.
712 2879 728 2912 ι
767 2861 978 2916 Traditi
1007 2863 1074 2916 ad
1109 2865 1406 2935 regendum
1449 2865 1670 2918 fuerunt
1699 2866 1856 2932 viris,
1891 2867 1981 2936 qui

409 2950 612 3003 nullam
647 2953 728 3006 eis
753 2953 1188 3008 misericordiam
1220 2953 1481 3009 exhibere
1511 2955 1794 3016 volebant.

480 3243 648 3298 Vens.
677 3243 723 3297 ϐ.
758 3275 824 3284 -
858 3265 874 3295 ι
899 3242 1024 3299 Ideo
1064 3260 1169 3298 non
1199 3262 1418 3316 parcam
1457 3247 1686 3300 ulterius
1717 3256 1874 3305 terra:
1902 3247 1986 3300 in-

405 3336 567 3395 colis,
629 3336 762 3389 dicit
823 3335 1146 3390 Dominus.»
1211 3335 1506 3407 Propterea
1561 3337 1662 3393 lios
1715 3338 1984 3400 deseram,

408 3430 669 3498 nullaque
702 3445 816 3482 mea
854 3430 1191 3499 providentia
1216 3430 1502 3500 dignabor.
1545 3450 1563 3481 ι
1586 3431 1653 3485 Et
1677 3447 1804 3486 ecce
1833 3433 1988 3485 trado

410 3522 684 3582 homines,
727 3537 1170 3592 unumquemque
1224 3523 1278 3576 in
1334 3538 1552 3576 manum
1591 3523 1822 3592 proximi
1879 3524 1986 3588 sui,

408 3625 466 3667 et.
498 3614 550 3667 in
591 3629 786 3666 manus
815 3615 961 3681 regis
1009 3614 1119 3678 sui,
1167 3625 1219 3666 et
1252 3614 1543 3668 concident
1585 3615 1639 3668 in
1671 3625 1816 3668 terra
1843 3615 1988 3669 Cha-

408 3722 575 3760 naan.
601 3724 618 3755 ι
658 3702 842 3758 Sinam
881 3705 1004 3759 illos
1041 3705 1149 3776 pati
1192 3706 1513 3776 gravissima
1539 3714 1651 3759 tum
1679 3721 1709 3759 a
1741 3707 1990 3761 scelestis

410 3798 556 3851 inter
594 3813 745 3856 suos.
783 3804 897 3850 tum
941 3811 969 3849 a
1004 3796 1223 3867 regibus
1259 3797 1398 3852 bello
1444 3813 1539 3853 cos
1587 3798 1989 3869 appetentibus,

409 3885 577 3958 3“
634 3884 1071 3955 quandoquidem
1123 3886 1487 3956 semetipsos,
1543 3901 1640 3954 per
1695 3886 1808 3940 haec
1871 3902 1993 3956 quae

416 3987 604 4048 agunt,
640 3977 835 4048 dignos
873 3977 1000 4029 talia
1034 3976 1144 4046 pati
1175 3977 1432 4031 eiliciunt.
1463 3974 1552 4030 Sic
1584 3993 1774 4031 omnes
1799 3993 1994 4047 prope-

418 4069 640 4124 modum
662 4068 860 4122 .ludeen:
876 4068 1067 4122 incolae
1087 4068 1502 4122 interﬁcientttr.
1522 4065 1610 4120 Sic
1629 4068 1773 4122 enim
1795 4075 1995 4122 sonant

421 4160 624 4214 verba:
680 4158 1020 4212 «Concident
1060 4155 1491 4223 terrampnullo
1537 4171 1566 4207 a
1617 4171 1703 4210 me
1751 4157 1995 4225 praestita

419 4251 491 4303 iis
530 4249 734 4302 auxilio
766 4263 874 4314 quo
905 4264 964 4303 se
995 4247 1234 4302 hostium
1265 4246 1568 4301 dominatui
1588 4247 1992 4301 subtraherent.

421 4341 734 4406 Ducamque
757 4353 853 4392 cos
883 4338 949 4391 ad
986 4337 1209 4401 caedem,
1249 4336 1336 4390 cui
1364 4337 1432 4390 ab
1459 4336 1719 4405 operibus
1760 4337 1994 4406 propriis

2093 485 2362 552 Ἀφθόνως
2415 487 2543 554 ὑμῖν
2596 489 2686 539 καὶ
2735 486 2852 540 καθ’
2905 484 3050 556 ὥραν
3090 485 3190 536 τὸν·
3227 481 3380 535 ὑετὸν
3431 481 3658 553 παρέξει

2077 575 2231 637 Θεὸς,
2264 575 2322 628 ἐν
2357 577 2592 646 σχήματι
2628 556 3010 648 π’ροστακτικῷ
3037 575 3133 645 τὴν
3167 575 3397 645 μήνυσιν
3427 574 3648 641 πεποίη-

2077 683 2169 718 ται
2199 665 2290 718 τοῦ
2319 667 2598 735 ἐσομένου.
2634 666 2735 720 Τὸν
2761 665 2921 720 αὑτὸν
2953 665 3016 736 δὴ
3051 665 3249 734 τρόπον
3284 662 3560 716 κάνταῦθα
3590 662 3659 716 τὰ

2079 758 2209 827 περὶ
2236 757 2326 810 τὸν
2364 757 2492 810 λαὸν
2517 758 2750 816 ἐσόμενα
2798 756 2943 809 κακὰ
2991 753 3377 826 προστακτικῷ
3414 753 3658 822 σχήματι

2080 849 2354 920 προλέγει,
2387 847 2599 904 τοιοῦτό
2637 867 2691 902 τι
2737 848 2938 916 λέγων,
2975 851 3055 902 ὅτι
3111 847 3192 898 Τὰ
3225 845 3322 916 μὲν
3357 846 3486 916 παρ’
3521 843 3657 914 ἐμοῦ

2079 943 2209 1011 περὶ
2243 941 2334 993 τὸν
2365 941 2490 994 λαὸν
2515 941 2666 993 ἔσται
2695 933 2890 1009 οἷάπερ
2919 937 3086 1008 ἔφθην
3114 934 3281 990 εἰπών
3301 953 3316 964 ·
3347 936 3441 987 καὶ
3470 934 3658 987 τοσού-

2078 1052 2186 1086 των
2237 1033 2335 1104 μὲν
2369 1032 2662 1086 ἀπολαύσει
2691 1032 2750 1085 τὸ
2779 1031 2927 1094 ἔθνος
2955 1029 3193 1098 ἀγαθῶν,
3241 1030 3298 1080 ἐν
3338 1027 3569 1096 τοσαύτῃ
3597 1026 3656 1078 δέ

2079 1128 2364 1196 γενήσεται
2396 1129 2428 1194 ὴ
2486 1123 2835 1194 Ἰερουσαλὴμ
2867 1121 3088 1191 εὐθηνίᾳ
3114 1161 3129 1185 ,
3183 1115 3655 1188 κατακρατήσουσί

2081 1236 2139 1272 τε
2189 1220 2296 1271 τῶν
2344 1217 2644 1285 πολεμίων,
2682 1217 2772 1284 ἀφ’
2797 1210 2870 1268 ὧν
2903 1216 2966 1286 δὴ
3003 1215 3094 1267 καὶ
3134 1214 3297 1266 πολὺν
3343 1212 3657 1282 ἀθροίσωσι.

2081 1307 2308 1361 πλοῦτον
2334 1324 2346 1336 ·
2399 1309 2497 1360 οὐκ
2543 1309 2623 1369 εἰς
2665 1306 2778 1359 δέον
2803 1305 2858 1358 δὲ
2885 1308 2952 1374 τῇ
2998 1303 3270 1374 εὐπραγίᾳ
3297 1303 3654 1373 χρησάμενοι,

2081 1399 2175 1451 καὶ
2200 1399 2261 1467 δὴ
2292 1399 2427 1469 προς
2453 1400 2510 1452 τὸ
2551 1401 2729 1468 χεῖρον
2775 1398 2990 1459 ἰδόντες,
3020 1394 3124 1447 ὑπὸ
3151 1395 3412 1463 ποιμένας
3444 1394 3655 1445 ἔσονται

2081 1489 2354 1554 τοιούτους
2382 1491 2520 1542 ὥστε
2549 1491 2701 1561 δίκην
2732 1489 3017 1559 προϐάτων
3060 1487 3289 1554 ἄγεσθαι
3338 1487 3427 1538 ὐπ’
3471 1486 3656 1548 αὐτοῖς

2082 1583 2160 1644 εἰς
2205 1581 2415 1652 σφαγὴν
2459 1582 2820 1650 ἐκκειμένων·
2873 1575 2982 1633 οἷόν
3015 1582 3128 1632 ἐστι
3157 1579 3248 1631 καὶ
3275 1577 3423 1646 παρὰ
3447 1576 3524 1644 τῷ
3555 1592 3659 1645 μα-

2084 1677 2258 1747 καρίῳ
2299 1672 2461 1727 Δαυῒδ
2489 1674 2568 1736 τὸ,
2624 1692 2642 1723 ι
2684 1671 3070 1742 Ἐλογίσθημεν
3103 1669 3176 1731 ὡς
3223 1670 3469 1738 πρόϐατα
3514 1683 3656 1734 σφα-

2081 1769 2204 1836 γῆς,
2237 1786 2256 1818 ι
2305 1767 2431 1836 περὶ
2473 1765 2579 1817 τῶν
2617 1763 2796 1817 αὐτῶν
2841 1761 3147 1833 εἰρημένον.
3192 1760 3445 1812 Βούλεται
3486 1758 3543 1810 δὲ
3577 1760 3657 1810 εἰ·

2082 1864 2223 1920 πεῖν,
2252 1859 2334 1912 ὅτι
2364 1858 2632 1929 Οὐδεμιᾶς
2672 1856 3064 1926 ἀξιωθήσονται
3107 1851 3440 1922 ἐπιμελείας,
3476 1850 3660 1902 πάντα

2081 1952 2136 2004 δὲ
2171 1950 2443 2003 πείσονται
2469 1949 2542 2012 ὡς
2565 1951 2643 2011 εἰς
2669 1947 2728 2001 τὸ
2761 1944 3088 2015 σφάττεσθαι
3113 1945 3272 2014 μόνον
3297 1942 3655 2011 ἐκδεδομένοι.

2082 2045 2191 2097 Καὶ
2220 2043 2310 2096 τὸν
2342 2043 2538 2112 τρόπον
2565 2041 2738 2110 λέγων
2759 2057 2770 2068 ⁸
2821 2059 2838 2090 ι
2856 2041 2923 2091 Ἀ
2947 2037 2995 2091 οἱ
3031 2035 3359 2104 κτησάμενοι
3389 2033 3658 2098 κατέστα-

2084 2137 2195 2200 ζον,
2229 2137 2324 2187 καὶ¹
2353 2137 2413 2188 οὐ
2460 2133 2835 2205 μετεμέλοντο.
2875 2150 2893 2182 ι
2949 2130 3010 2181 Ol
3050 2128 3146 2197 μὲν
3191 2126 3300 2196 γὰρ
3331 2123 3662 2196 κρατοῦντες

2085 2229 2264 2282 αὐτῶν
2289 2226 2523 2296 βασιλεῖς
2553 2226 2650 2295 οὐχ
2676 2224 2751 2287 ὡς
2781 2223 2926 2276 ἰδίων
2955 2219 3314 2290 ἐπεμελοῦντο
3340 2217 3656 2287 κτημάτων.

2083 2321 2158 2383 ὡς
2189 2320 2246 2373 δέ
2279 2318 2570 2388 πολεμίους
2599 2315 2831 2387 ἀνῄρουν
2873 2313 3112 2383 ἀνηλεῶς
3138 2329 3149 2342 ·
3185 2309 3342 2364 τοῦτο
3370 2309 3477 2380 γὰρ
3511 2307 3666 2377 δηλοῖ

2085 2414 2165 2474 τὸ,
2194 2416 2264 2467 οὐ
2285 2413 2704 2481 μετεμέλοντο.
2725 2427 2742 2458 ι
2767 2407 2873 2461 Καὶ
2898 2407 2945 2457 οἰ
2972 2403 3276 2466 πωλοῦντες
3298 2401 3437 2454 αὐτὰ
3455 2400 3660 2466 ἔλεγον,

2084 2505 2389 2574 Εὐλογητὸς
2421 2501 2642 2570 Κύριος,
2676 2499 2769 2552 καὶ
2798 2497 3271 2566 πεπλουτήκαμεν.
3299 2513 3317 2544 ι
3352 2493 3414 2546 Οί
3444 2492 3499 2544 δέ
3526 2492 3661 2542 ἁποο

2085 2598 2349 2667 διδόμενοι
2377 2597 2488 2657 τοῖς
2518 2592 2794 2664 βασιλεῦσι
2815 2590 2875 2644 τὸ
2905 2589 3074 2652 ἔθνος,
3111 2587 3203 2640 καὶ
3231 2586 3430 2656 πόρους
3451 2585 3513 2636 ἐκ
3535 2579 3662 2634 τού-

2084 2706 2178 2742 του
2214 2686 2559 2753 συλλέγοντες
2579 2723 2593 2746 ,
2638 2680 2890 2734 τοσοῦτον
2938 2679 3160 2745 ἀπεῖχον
3191 2675 3283 2728 τοῦ
3311 2672 3661 2743 αἰσχύνεσθαι

2089 2779 2182 2832 ἐπὶ
2213 2781 2278 2849 τῇ
2315 2775 2552 2844 τοσαύτῃ
2591 2769 2891 2839 πλεονεξίᾳ,
2939 2768 3011 2837 (p.
3041 2766 3166 2834 511)
3202 2764 3342 2818 ὥστε
3380 2765 3474 2816 καὶ
3503 2763 3663 2831 εὐχα-

2093 2867 2301 2941 ριστίας
2329 2865 2476 2931 ἄξιον
2502 2861 2755 2932 ἡγεῖσθαι
2788 2859 2885 2930 τὴν
2913 2857 3164 2927 τοιαύτην
3189 2854 3466 2925 εὐπορίαν.
3511 2874 3529 2902 ι
3554 2852 3665 2904 Καὶ

2087 2962 2134 3012 οἱ
2167 2959 2422 3028 ποιμένες
2457 2955 2636 3008 αὐτῶν
2667 2953 2767 3005 οὐκ
2810 2951 3045 3019 ἔπασχον
3073 2949 3223 3002 οὐδὲν
3271 2947 3355 2998 ἐπ’
3403 2946 3605 3006 αὐτοῖς.
3635 2962 3654 2994 ι

2010 3059 2052 3114 C
2101 3047 2475 3101 Ἐπιστεύοντο
2517 3045 2574 3097 δὲ
2621 3043 2798 3096 αὐτῶν
2832 3041 2926 3093 καί⁹
2963 3041 3062 3110 τὴν
3105 3037 3425 3092 ἐπιστασίαν
3471 3035 3663 3104 ἄνδρες

2092 3142 2280 3195 οὐδένα
2317 3139 2463 3192 ἔλεον
2493 3137 2672 3190 αὐτῶν
2707 3134 2974 3188 ποιεῖσθαι
3007 3132 3304 3192 ἐθέλοντες.

2160 3255 2308 3324 Στίχ.
2346 3260 2417 3318 ς’.
2468 3281 2536 3294 ——
2589 3270 2606 3302 ι
2635 3249 2734 3302 Διὰ
2761 3248 2918 3302 τοῦτο
2962 3248 3021 3299 οὐ
3054 3245 3312 3314 φείσομαι
3350 3242 3534 3296 οὐκέτι
3574 3241 3664 3293 ἐπὶ

2090 3345 2214 3406 τοὺς
2245 3343 2629 3403 κατοικοῦντας
2668 3340 2767 3410 τὴν
2813 3338 2918 3407 γῆν
2939 3377 2954 3400 ,
2997 3336 3144 3404 λέγει
3176 3334 3397 3405 Κύριος.
3429 3352 3446 3382 ι
3494 3331 3665 3400 ’Υπὲρ

2091 3436 2295 3488 τούτων
2320 3435 2514 3497 αὐτοὺς
2545 3433 2757 3501 ἀφήσω.
2795 3429 3065 3499 μηδεμιᾶς
3091 3425 3255 3489 ἀξιῶν
3278 3423 3534 3494 προνοίας
3565 3421 3665 3487 τῆς

2096 3528 2224 3599 παρ’
2252 3526 2406 3596 ἐμοῦ.
2439 3525 2578 3579 σΚαὶ
2611 3525 2716 3577 ἰδοὺ
2743 3522 2853 3590 ἐγὼ
2876 3520 3174 3589 ἀποδίδωμι
3200 3519 3324 3580 τοὺς
3347 3516 3442 3570 ἀνθ
3454 3516 3666 3588 ρώπους

2094 3621 2318 3672 ἕκαστον
2365 3619 2444 3680 εἰς
2474 3617 2570 3679 τὰς
2600 3618 2786 3686 χεῖρας
2826 3611 2921 3665 τοῦ
2971 3612 3194 3681 πλησίον
3241 3607 3430 3670 αὐτοῦ,
3463 3608 3557 3659 καὶ
3589 3608 3665 3668 εἰς

2095 3715 2281 3782 χεῖρας
2317 3708 2576 3778 βασιλέως
2605 3706 2807 3758 αὑτοῦ·
2860 3704 2954 3756 καὶ
3000 3699 3398 3767 κατακόνξιουσιν
3449 3698 3528 3758 εἰς
3571 3695 3666 3764 τὴν

2097 3805 2199 3873 γῆν
2233 3800 2472 3854 Χαναάν.
2508 3817 2527 3850 ι
2580 3795 2989 3865 Καταλιμπάνω
3028 3792 3086 3844 δέ
3133 3791 3327 3853 αὐτοὺς
3363 3788 3668 3856 πάσχοντας

2097 3897 2164 3948 τὰ
2191 3895 2464 3963 ἀνήκεστα
2515 3889 2666 3958 παρὰ
2695 3905 2755 3939 τε
2784 3886 2893 3939 τῶν
2937 3887 2995 3938 ἐν
3043 3887 3158 3946 τοῖς
3198 3881 3418 3942 οἰκείοις
3456 3878 3664 3949 μοχθη-

2101 3985 2228 4056 ρῶν,
2265 3983 2358 4036 καὶ
2404 3979 2552 4050 παρὰ
2590 3976 2696 4029 τῶν
2727 3974 2988 4044 βασιλέων
3021 3967 3516 4040 ἐπιστρατευόντων
3569 3965 3668 4016 αὐ·-

2097 4055 2230 4136 τοῖς,
2281 4072 2574 4141 ἐπειδήπερ
2617 4068 2840 4128 ἑαυτοὺς
2877 4064 2934 4130 ἐξ
2985 4057 3061 4118 ὧν
3105 4061 3425 4132 πράττουσι.
3467 4055 3669 4110 τούτων

2101 4167 2282 4231 ἀξίους
2314 4162 2634 4234 ἐργάζονται
2671 4177 2684 4191 ·
2731 4157 2875 4211 οὓτω
2915 4174 2973 4208 τε
3019 4155 3216 4215 πάντες
3257 4152 3354 4222 μὲν
3382 4147 3672 4220 ἀναιρεθή-

2103 4275 2284 4312 σονται
2317 4253 2513 4326 μικροῦ
2543 4255 2591 4305 οἰ
2621 4251 2718 4322 τὴν
2763 4248 3020 4302 Ἰουδαίαν
3047 4245 3321 4306 οἰκοῦντες
3341 4259 3354 4271 ·
3386 4243 3545 4294 τοῦτο
3565 4239 3672 4308 γὰρ

2099 4343 2266 4411 λέγει,
2293 4361 2311 4392 ι
2327 4325 2706 4408 Κατακόψουσι
2729 4337 2826 4407 τὴν
2853 4335 2976 4405 γῆν,
2999 4355 3016 4386 ι
3049 4333 3304 4401 οὐδεμιᾶς
3331 4331 3512 4392 αὐτοῖς
3542 4325 3670 4398 παρ’

413 4430 621 4484 addicti
651 4404 912 4487 luerunt.
965 4437 1019 4483 et
1049 4429 1266 4500 quidem
1302 4439 1362 4483 ut
1402 4404 1506 4499 par
1531 4439 1614 4484 cst
1648 4404 1775 4483 ante
1803 4404 1985 4485 σοιιίοε

2101 4404 2514 4503 ἐμοῦ-βοηθείας
2549 4404 2929 4500 παρεχομένης
2963 4427 3042 4486 εἰς
3070 4424 3131 4477 τὸ
3163 4425 3260 4493 τῆς
3284 4422 3391 4474 τῶν
3417 4419 3671 4474 ἐναντίων

416 4523 874 4576 (ΣΙιιιιιοιιαιοινιιιιι.
909 4519 1042 4575 Nam
1073 4521 1267 4574 verba:
1307 4539 1326 4571 ‹
1350 4520 1574 4575 Pascam
1611 4535 1741 4575 oves
1768 4520 1998 4576 occisio-

417 4614 530 4679 nis,
553 4633 569 4664 ›
609 4623 882 4683 ponuntur
914 4628 1032 4682 pro,
1064 4611 1257 4665 ducam
1290 4628 1383 4666 eas
1407 4612 1474 4665 ad
1499 4613 1855 4674 occisionem,
1882 4627 1995 4667 non

415 4703 566 4773 quod
597 4704 714 4772 ipse.
747 4701 1015 4762 occidam,
1048 4699 1141 4754 sed
1173 4699 1300 4768 quia
1335 4699 1610 4767 permitto.
1646 4698 1889 4769 Namque
1941 4706 1995 4754 et

418 4795 525 4850 hoc
551 4796 783 4864 positum
817 4801 901 4848 est
929 4792 985 4846 in
1011 4791 1208 4845 divinae
1242 4789 1539 4859 Scriptura:
1569 4798 1743 4856 more,”
1785 4801 1843 4843 ut
1871 4807 1996 4861 per-

417 4885 742 4941 missionem
769 4884 1008 4938 divinam
1038 4888 1295 4949 tanquam
1320 4895 1432 4934 rem
1451 4891 1624 4935 actam
1649 4879 1812 4936 dicat.
1839 4880 1997 4938 Velut

419 4975 584 5029 illud:
633 4973 963 5028 illeclinasti
1009 4970 1233 5026 semitas
1277 4979 1500 5024 nostras
1553 4985 1582 5023 a
1630 4971 1717 5024 via
1755 4979 1848 5026 tua
1873 4973 1989 5027 “:3

419 5085 529 5124 non
557 5068 697 5137 quod
733 5065 876 5120 Deus
919 5081 1013 5122 eas
1047 5064 1451 5128 declinavisset,
1492 5063 1587 5119 sed
1633 5064 1760 5134 quia
1793 5067 1996 5122 siverat

421 5159 574 5227 ipsos
609 5158 674 5213 iis
706 5155 1057 5227 passionibus
1107 5153 1334 5224 corripi,
1378 5169 1499 5223 quae
1531 5168 1560 5206 a
1618 5165 1762 5210 recto
1814 5156 1997 5212 ofﬁcio

419 5253 647 5306 eosdem
705 5249 993 5306 deﬂectere
1056 5249 1265 5305 idonea:
1325 5247 1620 5304 erant.tln
1669 5259 1813 5305 terra
1871 5264 1998 5304 vero

423 5343 709 5406 Chanaan,
731 5343 815 5397 »ἱά
849 5350 934 5400 est
963 5343 1016 5398 in
1055 5353 1352 5414 conspectu
1387 5343 1839 5414 alienigenarum.
1878 5341 1998 5398 Mo-

427 5432 625 5488 lestius
653 5433 1135 5500 cnimaccidebat,
1158 5435 1281 5491 illos
1309 5436 1402 5506 qui
1435 5443 1669 5492 veterem
1689 5431 2000 5490 Judazorum

526 5634 569 5664 7"
595 5629 742 5690 Ρωι.
785 5647 940 5698 mu,
979 5633 1066 5688 29..
1146 5637 1188 5667 "
1223 5633 1358 5689 Ibid.
1407 5636 1487 5690 l9.

2102 4523 2454 4595 ἐπικρατείας
2499 4518 2913 4586 ἀπαλλαγῆναι·
2971 4515 3083 4581 ἄξω
3125 4515 3183 4568 δὲ
3225 4513 3350 4574 τοὺς
3398 4511 3529 4581 πρὸς
3574 4510 3674 4578 τὴν

2105 4616 2319 4686 σφαγὴν
2351 4615 2416 4666 ἐκ
2443 4611 2549 4664 τῶν
2577 4608 2791 4663 οἰκείων
2823 4606 2999 4678 ἔργων
3030 4603 3400 4674 ἐκκειμένους,
3429 4600 3504 4664 ὡς
3530 4599 3674 4662 εἰκὸς

2104 4705 2332 4775 ἄγεσθαι
2360 4706 2486 4766 τοὺς
2519 4700 2791 4762 τοιούτους
2839 4698 2925 4750 ἐπ’
2973 4695 3126 4766 ὕψεσι
3170 4694 3279 4748 τῶν
3313 4692 3632 4746 Χαναναίων
3655 4706 3670 4720 ’

2104 4798 2164 4850 τὸ
2183 4797 2312 4866 γὰρ,
2336 4792 2625 4864 (Ποιμανῶ
2647 4791 2714 4844 τὰ
2734 4788 2981 4861 πρόϐατα
3008 4786 3108 4856 τῆς
3130 4783 3368 4853 σφαγῆς,
3391 4781 3504 4835 οἴνα
3519 4778 3671 4850 εἴπῃ,

2105 4890 2186 4942 ὅτι
2254 4885 2375 4939 Ἐπὶ
2417 4884 2518 4954 τὴν
2567 4881 2780 4952 σφαγὴν
2831 4877 3025 4939 αὐτοὺς
3077 4874 3210 4939 ἄξω,
3255 4873 3352 4941 οὐχ
3395 4871 3470 4933 ὡς
3514 4870 3677 4926 αὐτὸς

2105 4979 2298 5042 ποιῶν,
2333 4976 2470 5029 ἀλλὰ
2518 4973 2595 5044 τῷ
2636 4973 2853 5042 ἀφιέναι
2877 4989 2889 5001 ·
2940 4968 3063 5022 ἐπεὶ
3108 4967 3203 5020 καὶ
3244 4962 3402 5017 τοῦτο
3441 4961 3562 5024 έθος
3611 4962 3678 5030 τῇ

2108 5070 2227 5140 θεία
2254 5069 2444 5138 Γραφῇ
2466 5067 2525 5118 τὸ
2553 5065 2652 5136 τὴν
2680 5060 3026 5134 συγχώρησιν
3052 5062 3149 5130 τὴν
3172 5056 3320 5111 θείαν
3349 5056 3424 5117 ὡς
3445 5053 3679 5125 πρᾶγμα

2104 5160 2284 5228 λέγειν
2304 5174 2318 5189 ·
2348 5163 2422 5228 (p.
2442 5156 2566 5226 512)
2593 5151 2703 5208 οἷόν
2725 5157 2841 5207 ἐστι
2865 5153 2945 5216 τὸ,
2975 5170 2993 5203 ι
3017 5149 3325 5215 Ἐξέκλινας
3343 5145 3442 5210 τὰς
3459 5143 3680 5214 τρίϐους

2104 5252 2263 5324 ἡμῶν
2288 5251 2395 5305 ἀπὸ
2416 5249 2516 5319 τῆς
2541 5246 2658 5302 ὀδοῦ
2683 5263 2796 5300 σου⁶
2823 5265 2842 5300 ι
2869 5247 2966 5316 οὐχ
2987 5246 3070 5298 ὅτι
3092 5241 3224 5305 Θεὸς
3251 5237 3545 5305 ἐξέκλινεν,
3567 5232 3680 5324 an:

2232 5337 2570 5411 συνεχώρησε
2622 5337 2813 5392 παθεῖν
2865 5336 3008 5398 ἅπερ
3051 5332 3245 5394 αὐτοὺς
3275 5327 3534 5400 ἐκτρέψαι
3583 5321 3681 5377 τοῦ

2111 5432 2479 5504 προσήκοντος
2510 5425 2576 5501 ἦν
2601 5429 2778 5483 ἱκανά.
2799 5426 2870 5481 Τὸ
2895 5426 2972 5494 δὲ,
2996 5425 3119 5487 «Εἰς
3139 5421 3237 5490 τὴν
3266 5418 3370 5490 γῆν
3402 5417 3681 5480 Χαναὰν,ο
