4022 6138
341 264 448 335 επ

1258 262 1805 330 COMMENTARIUS
1838 270 1901 325 tu
1940 260 2309 328 ZACilARIAS
2336 272 2487 329 CAP.
2516 268 2610 329 ιι.

3493 275 3597 332 στι

342 393 615 448 τουτέστιν
653 393 740 446 ἐπ’
779 392 931 462 ὕψεσι
957 392 1063 448 τῶν
1105 393 1430 464 ἀλλοτρίων·
1484 395 1779 465 βαρύτερον
1811 392 1909 461 γὰρ

2024 391 2334 447 felicitatem
2389 398 2809 462 conspexerant,
2867 403 3013 445 nunc
3066 389 3251 445 subito
3283 389 3465 445 videre
3494 396 3595 444 nos

340 483 403 556 ἦν
432 484 495 538 τὸ
538 487 663 547 τοὺς
708 483 805 555 τὴν
852 484 1087 538 παλαιάν
1127 486 1646 558 αῦτῶνηεύπραγίαν
1690 487 1915 550 εἰδότας,

259 606 265 611 -
341 578 533 648 ἀθρόον
568 576 697 628 ἱδεῖν
724 580 782 629 ὲν
816 576 1073 640 τοιούτοις
1112 576 1539 646 ἐξεταζομένους
1570 581 1777 640 κακοῖς.

409 664 556 734 Στίχ.
588 664 655 727 ζ’,
679 670 752 734 η’.
781 693 844 704 -—
878 665 1017 718 «Καὶ
1040 664 1277 737 λήψομαι
1306 665 1528 736 ἐμαυτῷ
1554 665 1647 718 δύο
1669 665 1919 737 ρὰδδους,

339 759 436 827 τὴν
468 757 599 826 μίαν
627 757 865 809 ἐκάλεσα
898 757 1115 825 κάλλος,
1147 757 1242 810 καὶ
1278 757 1377 828 τὴν
1419 758 1675 828 δευτέραν
1715 759 1921 813 ἐπεκά-

340 848 467 900 λεσα
496 848 787 919 σχοίνισμα
808 866 822 881 ·
864 850 957 902 καὶ
986 848 1238 921 ποιμανῶ
1264 848 1332 902 τά
1358 849 1627 920 πρόϐατα.
1654 869 1674 902 ι
1716 852 1813 913 ’Δς
1836 848 1922 903 δέ-

337 941 483 994 δωκα
530 940 758 1005 αὐτοῖς,
812 939 1018 1009 φησὶν,
1071 942 1153 1003 είς
1205 939 1500 1012 ἡγεμονίαν
1563 939 1920 1003 συντελούσας

341 1030 533 1101 ἀρχάς,
569 1030 846 1100 βασιλείαν
887 1048 947 1084 τε
988 1031 1081 1083 καὶ
1124 1031 1439 1103 ἱερωσύνην,
1468 1027 1555 1094 αἷς
1590 1030 1653 1101 δὴ
1686 1029 1922 1100 μάλιστα

344 1122 662 1193 κοσμεῖσθαί
712 1140 772 1175 τε
820 1124 1017 1186 αὐτοὺς
1063 1124 1155 1177 καὶ
1201 1122 1624 1195 συγκρατεῖσθαι
1671 1122 1808 1193 πρὸς
1857 1121 1920 1174 τὸ

340 1217 455 1268 δέον
494 1216 683 1288 ἐχρῆν,
712 1215 934 1279 ταύτας,
967 1217 1152 1286 ἐπειδὴ
1185 1216 1446 1287 μοχθηροὶ
1473 1215 1565 1269 τὸν
1592 1215 1792 1287 τρόπον
1827 1231 1920 1282 γε·

342 1310 578 1377 γόνασιν,
623 1307 836 1376 ἀφελὼν
864 1307 923 1372 ὲξ
949 1307 1148 1372 αὐτῶν,
1186 1309 1461 1378 ἡγήσομαι
1506 1305 1680 1361 αὐτῶν
1720 1307 1812 1359 ἐπὶ
1839 1323 1918 1358 τι·

345 1401 520 1473 μωρίᾳ
549 1400 738 1454 λοιπόν
757 1416 768 1429 ·
819 1398 848 1453 ὃ
874 1400 981 1472 γὰρ
1009 1392 1161 1452 εἶπεν
1199 1386 1476 1471 ἀνωτέρω,
1523 1418 1539 1449 ι
1560 1398 1821 1469 Ποιμανῶ
1850 1397 1916 1451 τὰ

344 1492 591 1562 πρόϐατα
617 1493 718 1561 τῆς
750 1492 986 1562 σφαγῆς,
1017 1510 1037 1544 ι
1083 1489 1241 1544 τοῦτο
1277 1490 1440 1544 πάλιν
1476 1488 1709 1544 ἐνταῦθα
1735 1489 1917 1543 δευτε-

344 1583 451 1653 ρῶν
496 1578 643 1649 εἷπε,
685 1579 829 1636 «Καὶ
860 1581 1134 1654 ποιμαινῶ
1172 1580 1240 1635 τὰ
1289 1580 1554 1653 πρόϐατα.
1602 1580 1708 1634 Καὶ
1739 1579 1917 1653 ἑξαρῶ

342 1674 462 1737 τοὺς
491 1676 647 1744 τρεῖς
682 1673 943 1743 ποιμένας
970 1675 1029 1728 ὲν
1060 1673 1190 1744 μηνὶ
1215 1673 1316 1726 ἐνί.
1354 1692 1371 1725 ι
1415 1673 1552 1726 Οὐδὲ
1592 1671 1824 1726 ἐνταῦθα
1854 1672 1915 1726 τὸ

344 1765 495 1835 τρεῖς
525 1764 758 1835 ἀριθμὸν
792 1764 1040 1834 βούλεται
1079 1764 1254 1833 λέγειν
1274 1804 1288 1827 ,
1335 1763 1450 1817 ἀλλ’
1478 1764 1777 1836 ἐπειδήπερ
1807 1764 1915 1818 ἀπὸ

339 1855 524 1924 -Ἰησοῦ
551 1854 647 1906 τοῦ
683 1856 927 1907 Ἰωσεδὲκ
959 1854 1148 1926 μέχρις
1178 1854 1401 1907 ἐκείνων
1440 1853 1547 1907 τῶν
1577 1852 1783 1924 καιρῶν
1810 1853 1915 1906 ὑπὸ

342 1943 684 2016 ἀρχιερεῦσιν
708 1944 1081 2013 ἐποιμαίνοντο
1111 1942 1374 2012 δοκίμοις,
1391 1943 1694 2006 Ἀπαντας,
1728 1941 1912 2012 φησὶν,

339 2037 580 2098 ἐκείνους
631 2036 760 2097 τοὺς
806 2034 984 2105 ἱερέας
1036 2034 1163 2096 τοὺς
1241 2033 1498 2103 δοκίμους
1549 2033 1638 2100 ὑφ’
1686 2032 1768 2084 ἐνὶ
1834 2031 1915 2104 τῷ

343 2125 515 2199 καιρῷ
540 2118 755 2189 παύσω,
778 2125 867 2178 ὅτε
888 2122 950 2193 δὴ
980 2122 1114 2193 πρὸς
1139 2123 1199 2175 τὸ
1224 2125 1400 2194 χεῖρον
1422 2116 1566 2176 οὗτοι
1589 2120 1910 2193 τραπέντες,

341 2220 456 2272 ἀντὶ
483 2217 585 2286 τῆς
613 2217 917 2288 κρείττονος
951 2214 1250 2285 ἱερωσύνης
1278 2215 1370 2267 καὶ
1392 2213 1644 2284 νομίμου,
1678 2213 1778 2285 τὴν
1804 2213 1915 2282 χεί-

343 2329 467 2382 ρονα
511 2313 607 2365 καὶ
641 2310 954 2379 παράνομον
983 2309 1196 2369 ἑαυτοῖς
1227 2305 1582 2371 ὲπιλέξονται.
1628 2302 1913 2368 Είωθύτως

341 2405 446 2474 γάρ
475 2403 544 2455 τὰ
573 2400 936 2472 συμϐαίνοντα
983 2400 1164 2463 αὐτοῖς
1204 2397 1350 2452 κακά
1387 2396 1462 2468 τῷ
1501 2395 1777 2469 προσώπῳ
1817 2395 1912 2450 τοῦ

340 2489 475 2545 θεοῦ
519 2492 830 2562 περιάπτει,
880 2490 955 2553 ὡς
997 2489 1065 2543 ἂν
1094 2490 1153 2543 ὲν
1184 2490 1454 2561 τιμωρίας
1501 2488 1631 2541 εῖδει
1673 2488 1914 2557 φαίνοιτο

344 2585 516 2637 πάντα
548 2584 729 2645 αὐτοῖς
774 2579 1160 2654 περιγεγονότα
1200 2580 1269 2632 τά
1312 2579 1498 2650 χείρω.
1546 2578 1703 2633 Οῦτω
1747 2581 1842 2632 καὶ
1883 2580 1913 2631 ὁ

353 2674 614 2741 μακάριος
639 2672 782 2739 λέγει
807 2670 1037 2733 Παῦλος,
1085 2668 1161 2742 (p.
1196 2668 1324 2740 515)
1366 2667 1496 2721 ποτὲ
1525 2667 1645 2739 μὲν,
1702 2684 1721 2719 ι
1764 2666 1913 2737 Παρ-

354 2762 554 2814 έδωκεν
586 2761 772 2824 αὐτοὺς
790 2762 815 2813 ὁ
835 2761 967 2824 Θεὸς
995 2762 1075 2824 είς
1104 2760 1360 2830 ἀδόκιμον
1379 2759 1523 2822 νοῦν,
1557 2777 1577 2810 ι
1607 2759 1705 2828 οὐχ
1724 2758 1799 2822 ὡς
1817 2757 1910 2810 τοῦ

351 2853 483 2906 θεοῦ
521 2853 857 2924 παραδόντος,
895 2852 1011 2907 ἀλλ’
1040 2855 1096 2905 ἐν
1123 2851 1392 2923 τιμωρίας
1426 2850 1579 2921 μέρει
1602 2849 1789 2914 τιθεὶς,
1819 2849 1913 2903 καὶ

344 2946 439 3016 τὴν
462 2945 678 3016 χείρονα
710 2945 918 3017 αἵρεσιν
946 2943 1054 2997 τῶν
1082 2942 1216 3014 πρὸς
1248 2943 1405 2996 τοῦτο
1430 2942 1715 3006 νευόντων,
1740 2941 1815 3005 ὡς
1844 2941 1910 2995 ἂν

339 3038 444 3089 τῶν
474 3036 731 3090 τοιούτων
759 3034 1218 3107 ἀλλοτριουμένων
1267 3032 1365 3104 μὲν
1409 3034 1507 3104 τῆς
1558 3032 1707 3097 θείας
1752 3032 1911 3104 κηδε-

339 3128 549 3198 μονίας,
598 3126 743 3179 οὕτω
779 3126 835 3179 δὲ
878 3124 1289 3196 ἀμεταμέλητον
1333 3123 1431 3195 τὴν
1480 3126 1537 3178 ὲν
1582 3122 1661 3194 τῷ
1704 3123 1908 3195 χείρονι

336 3218 720 3290 λαμϐανόντων
747 3219 940 3289 ῥοπήν.
971 3215 1265 3269 Κάνταῦθα
1287 3211 1379 3268 οῦν
1410 3213 1567 3268 τοῦτό
1595 3232 1777 3284 φησιν,
1802 3215 1905 3279 ὅτι,

336 3309 681 3381 Παυθήσεται
714 3308 812 3378 μὲν
845 3308 933 3377 ὑφ’
960 3306 1037 3361 ἑνί
1061 3324 1163 3360 τινι
1188 3305 1363 3378 καιρῷ
1386 3323 1399 3335 ·
1439 3306 1598 3359 τοῦτο
1631 3306 1740 3378 γὰρ
1762 3306 1910 3375 λέγει

333 3402 419 3463 τὺ,
475 3401 565 3454 Ἐν
598 3402 727 3471 μηνὶ
760 3400 843 3454 ἑνὶ
872 3400 904 3470 ἡ
937 3398 1045 3453 τῶν
1085 3397 1249 3453 πάλαι
1298 3396 1481 3461 καλῶς
1516 3399 1909 3469 ποιμαινόντων

333 3493 530 3556 αὐτοὺς
572 3489 866 3545 ἐπιστασία
887 3508 902 3522 ·
947 3489 1156 3543 ἔσονται
1187 3489 1243 3543 δὲ
1282 3489 1385 3542 ὑπό
1421 3505 1573 3553 τινας
1605 3489 1911 3561 μοχθηροὺς

332 3584 426 3638 καὶ
463 3583 799 3655 παρανόΜ
844 3583 910 3651 τῇ
949 3582 1254 3651 προστασίᾳ
1295 3580 1466 3651 ταύτῃ
1516 3580 1907 3651 κεχρημένους.

336 3695 356 3728 ι
387 3675 501 3730 Καὶ
530 3673 929 3746 βαρυνθήσεται
955 3673 988 3743 ἠ
1013 3670 1158 3743 ψυχή
1192 3688 1293 3742 μου
1328 3672 1413 3724 ἐπ’
1449 3671 1665 3734 αὐτούς.
1692 3691 1710 3722 ι
1746 3671 1911 3725 Ὅθεν

329 3770 390 3841 δὴ
432 3769 676 3841 μάλιστα
740 3767 991 3845 μέγιστον
1052 3766 1172 3818 κατ’
1232 3761 1412 3817 αὐτῶν
1471 3761 1800 3833 ἀναδέχομαι
1850 3762 1912 3816 τὸ

333 3866 514 3934 μῖσος,
541 3860 687 3932 ὁρῶν
709 3859 903 3922 αὐτοὺς
922 3858 1044 3911 ἀντὶ
1070 3853 1324 3911 τοιούτων
1347 3855 1571 3909 τοιαῦτα
1599 3855 1908 3925 ἑλομένους,

331 3955 425 4008 καὶ
456 3951 608 4006 οῦτω
649 3948 1048 4019 ἐκϐεϐληκότας
1098 3947 1196 4018 μὲν
1225 3945 1294 4000 τὰ
1330 3946 1582 4018 κρείττω,
1626 3946 1911 4016 ἑλομένους

329 4046 383 4099 δὲ
414 4045 489 4099 τὰ
525 4044 715 4114 χείρω.
759 4042 869 4097 Καὶ
895 4041 1107 4103 δεικνὺς
1133 4041 1214 4092 ὅτι
1253 4028 1465 4093 δικαίαν
1496 4039 1677 4101 αὐτοῖς
1708 4039 1910 4109 ταύτην

331 4138 586 4209 ἐπήγαγε
619 4135 721 4205 τὴν
752 4133 1042 4205 τιμωρίαν,
1078 4130 1194 4184 ἀνθ’
1224 4126 1303 4184 ὧν
1330 4130 1485 4184 αὐτοὶ
1516 4130 1799 4198 γεγόνασιν
1832 4133 1913 4184 oi-

329 4230 453 4300 κείᾳ
501 4224 779 4297 μοχθηρία
825 4224 1002 4278 κακοί.
1049 4242 1068 4274 ι
1117 4223 1224 4275 Καὶ
1270 4222 1382 4295 γάρ
1430 4223 1486 4274 αἱ
1525 4223 1693 4293 ψυχαὶ
1733 4221 1910 4276 αὐτῶν

330 4318 647 4388 ἑπωρύοντο
668 4315 753 4369 ἐπ’
778 4314 897 4384 ἐμέ.
923 4333 942 4367 ι
973 4314 1208 4387 Τοιαύτῃ
1233 4312 1361 4385 γὰρ,
1389 4314 1568 4385 φησὶν,
1590 4315 1910 4385 ἐχρησάμην

2021 495 2099 542 tot
2130 487 2288 541 malis
2315 486 2610 542 exercitus.

2091 664 2256 724 Vens.
2294 669 2346 733 7,
2379 675 2432 723 8.
2463 697 2533 707 ——
2573 668 2676 722 :Et
2733 681 2948 724 sumam
3006 664 3137 720 mihi
3203 664 3338 720 duas
3386 663 3590 734 virgas,

2026 777 2188 817 unam
2218 761 2483 831 appellavi
2516 759 2792 821 decorem,
2834 766 2888 813 et
2917 758 3141 813 alteram
3175 756 3495 818 funiculum,
3536 764 3590 811 et

2023 866 2244 923 pascam
2270 864 2419 906 oves.
2445 869 2464 900 ι
2498 849 2645 915 Quas
2676 845 2796 901 dedi
2828 846 2909 901 eis
2944 845 3193 915 regimini
3226 851 3381 912 aptas
3417 843 3594 911 digni-

2022 952 2184 1005 tates,
2241 956 2469 1012 regnum
2508 954 2572 993 ac
2600 937 2991 997 sacerdotium,
3021 935 3220 1005 quibus
3249 933 3593 1004 potissimum

2021 1033 2206 1092 ornari
2257 1049 2351 1089 eos
2401 1040 2565 1102 atque
2617 1028 2684 1083 ad
2734 1037 2942 1083 rectum
3002 1042 3205 1083 morem
3256 1023 3589 1079 conformari

2022 1128 2329 1197 Oportebat,
2365 1124 2463 1179 bas
2493 1138 2593 1193 ego
2626 1129 2912 1191 postquam
2953 1134 3120 1188 pravo
3146 1132 3295 1171 more
3324 1130 3446 1170 esse
3471 1128 3590 1169 cm-

2022 1224 2223 1290 perunt
2276 1217 2467 1273 iisdem
2518 1213 2779 1283 eripiens,
2835 1210 3029 1264 ducam
3072 1224 3167 1262 eos
3217 1207 3472 1275 deinceps
3523 1203 3590 1259 ad

2021 1309 2371 1380 supplicium.
2425 1307 2562 1360 Nam
2613 1301 2756 1375 quod
2812 1301 3064 1371 superius
3113 1299 3269 1361 dixit,
3324 1297 3593 1352 «Pascam

2019 1418 2149 1458 oves
2173 1400 2502 1466 occisionis;
2528 1419 2545 1449 ι
2569 1414 2713 1453 nunc
2734 1398 2930 1453 iterum
2965 1395 3040 1449 ait
3065 1410 3079 1447 :
3129 1386 3331 1444 «Pasco
3349 1402 3499 1443 oves.
3528 1389 3591 1443 Et

2021 1491 2270 1548 auferam
2305 1500 2417 1546 tres
2454 1499 2704 1561 pastores
2730 1489 2788 1543 in
2818 1501 3004 1543 mense
3031 1499 3156 1540 uno.
3182 1501 3201 1535 ι
3237 1482 3311 1538 Ne
3337 1482 3439 1536 lioc
3471 1482 3594 1535 loco

2017 1584 2242 1656 quidem
2277 1582 2608 1638 vocabulum
2626 1576 3093 1651 ttresrsignilicat
3120 1588 3438 1638 numerum;
3494 1572 3587 1628 sed

2018 1677 2145 1748 quia
2172 1675 2272 1729 abs
2295 1672 2423 1728 Jesu
2445 1670 2695 1726 Josedeci
2725 1685 2899 1741 usque
2922 1669 2987 1723 ad
3016 1667 3106 1723 illa
3132 1674 3378 1736 tempora
3409 1678 3437 1716 a
3460 1678 3589 1733 pon-

2017 1765 2252 1820 tiﬁcibus
2288 1763 2473 1833 probis
2500 1760 2634 1815 recti
2662 1760 2897 1823 fuerunt,
2917 1764 3137 1820 Omnes,
3163 1757 3362 1824 inquit,
3387 1755 3589 1825 probos

2016 1856 2139 1912 illos
2181 1855 2467 1926 pontilices
2502 1867 2615 1907 uno
2657 1861 2897 1920 tempore
2938 1850 3189 1904 desinere
3223 1847 3440 1910 iaciam,
3473 1860 3584 1916 quo

2016 1945 2267 2004 videlicet
2323 1946 2414 2000 isti
2464 1944 2533 1998 ad
2573 1944 2814 1999 deterius
2862 1939 3139 2001 conversi.
3200 1952 3301 2008 pro
3368 1937 3591 1992 meliore

2015 2039 2365 2109 legitimoque
2435 2033 2765 2096 sacerdotio,
2835 2031 3074 2086 deterius
3132 2037 3185 2085 et
3245 2029 3587 2097 illegitimum

2014 2131 2238 2184 malent.
2271 2127 2419 2181 More
2443 2127 2587 2181 enim
2630 2122 2858 2179 solemni
2889 2120 3048 2193 345
3080 2135 3202 2186 suo,
3233 2132 3357 2190 quae
3382 2115 3588 2171 Iudaeis

2015 2220 2359 2284 eveniebant,
2400 2220 2454 2272 in
2492 2216 2587 2271 Dei
2621 2230 2906 2286 personam
2936 2211 3166 2275 confert,
3197 2220 3254 2266 ut
3292 2210 3395 2266 sub
3418 2223 3590 2280 [tanta

2015 2314 2197 2386 specie
2227 2315 2525 2382 appareant
2564 2321 2756 2362 omnes
2787 2320 2910 2376 qua:
2940 2305 3049 2359 illis
3078 2303 3405 2371 contingunt
3444 2300 3592 2353 cala-

2014 2407 2252 2462 mitates.
2279 2404 2373 2459 Sic
2399 2403 2562 2456 etiam
2597 2399 2790 2455 beatus
2826 2394 3030 2452 Paulus
3063 2395 3225 2449 modo
3259 2393 3367 2448 ait:
3406 2408 3426 2442 ι
3449 2388 3590 2444 Tra-

2013 2494 2152 2551 didit
2186 2495 2309 2549 illos
2352 2494 2496 2548 Deus
2534 2489 2881 2561 passionibus
2927 2484 3377 2557 iguaminiaa";a
3428 2482 3590 2534 modo

2014 2593 2236 2640 autem:
2278 2602 2302 2649 ,ι
2329 2579 2578 2637 Tradidit
2622 2579 2745 2633 illos
2794 2576 2934 2631 Deus
2975 2575 3207 2645 reprobo
3246 2573 3432 2629 sensui
3458 2570 3583 2636 πμ

2014 2692 2123 2732 non
2151 2675 2297 2746 quod
2340 2673 2483 2730 Deus
2509 2686 2700 2742 reapse
2740 2666 3044 2729 tradiderit,
3099 2679 3281 2720 verum
3315 2663 3369 2718 id
3415 2661 3590 2732 parum

2013 2771 2136 2825 loco
2158 2769 2332 2840 ponit,
2366 2772 2586 2836 pr0pter
2609 2763 2846 2833 pejorem
2884 2758 3208 2814 electionem
3236 2756 3454 2810 illorum
3491 2754 3585 2823 qui

2014 2860 2082 2916 ad
2107 2860 2297 2916 vitium
2328 2856 2680 2928 spectabant;
2715 2851 2872 2923 quasi
2904 2851 2941 2905 ii
2974 2864 3004 2903 a
3026 2849 3207 2903 divina
3230 2847 3395 2901 tutela
3425 2844 3588 2900 alieni

2013 2960 2221 3018 essent,
2257 2948 2514 3022 quoniam
2558 2947 2693 3002 adeo
2725 2952 3103 3000 contumacem
3156 2941 3222 2999 ad
3256 2941 3449 2996 vitium
3491 2954 3584 2993 ce-

1935 3046 1983 3115 c
2012 3054 2206 3117 perant
2235 3041 2660 3097 inclinationem.
2687 3037 2801 3094 Hoc
2826 3038 2988 3109 igitur
3010 3036 3172 3092 etiam
3199 3035 3318 3088 loco
3346 3033 3422 3086 ait
3447 3031 3585 3097 fore,

2013 3145 2074 3192 ut
2115 3151 2179 3193 ea
2233 3149 2415 3191 rerum
2456 3131 2696 3187 conditio
2739 3144 2849 3185 uno
2895 3124 3297 3199 quodammodo
3348 3132 3590 3193 tempore

2012 3226 2248 3285 desinat.
2287 3224 2377 3279 Sic
2417 3221 2562 3278 enim
2613 3219 2963 3291 intelligenda
3003 3225 3130 3272 sunt
3163 3216 3322 3270 verba
3356 3233 3370 3269 :
3406 3213 3590 3269 Mense

2013 3335 2123 3377 uno
2157 3317 2373 3373 desinet
2400 3315 2669 3371 bonorum
2704 3312 2846 3384 apud
2870 3326 2966 3366 eos
2998 3318 3278 3380 pastorum
3311 3305 3584 3376 dignitas;

2013 3421 2067 3466 et
2096 3409 2424 3482 quibusdam
2462 3406 2824 3478 subjicientur
2859 3402 3147 3472 improbis,
3180 3401 3273 3468 Qui
3306 3398 3588 3466 illegitime

2013 3518 2228 3559 sacrum
2253 3501 2402 3555 hunc
2429 3498 2805 3570 magistratum
2835 3493 3113 3549 tenebunt.
3152 3508 3171 3540 ι
3193 3487 3259 3543 Ει
3283 3502 3425 3557 aegre
3450 3486 3587 3542 feret

2014 3594 2136 3650 illos
2175 3593 2357 3647 anima
2383 3604 2523 3644 mea.
2553 3608 2571 3641 ι
2610 3586 2747 3641 Hinc
2776 3599 2877 3655 ego
2911 3584 3148 3637 maximo
3179 3595 3274 3635 eos
3301 3578 3427 3633 odio
3459 3593 3585 3648 pro-

2013 3698 2234 3754 sequar,
2263 3681 2452 3735 videns
2472 3693 2568 3734 eos
2595 3677 2720 3732 talia
2749 3687 2860 3745 pm
2886 3672 3086 3727 talibus
3112 3669 3397 3729 maleutes,
3423 3676 3585 3736 atque

2013 3776 2089 3829 ita
2118 3773 2347 3828 dimisso
2377 3768 2617 3824 melioris
2641 3766 2717 3821 rei
2757 3763 2963 3825 studio,
2996 3761 3181 3832 pejora
3227 3760 3403 3829 sequi.
3438 3758 3585 3811 Mox-

2013 3878 2119 3934 que
2174 3858 2415 3917 ostendit
2465 3874 2526 3914 se
2571 3857 2776 3927 justam
2831 3852 2941 3908 illis
2987 3850 3284 3906 adduxisse
3340 3863 3580 3919 pinnam,

2014 3957 2299 4024 propterea
2354 3948 2500 4020 quod
2557 3946 2663 4018 ipsi
2733 3953 3035 4016 spontanea
3087 3940 3294 3995 malitia
3350 3937 3581 4006 improbi

2012 4050 2317 4101 evaserant.
2346 4039 2653 4111 tSiquidem
2672 4037 2865 4094 anima:
2884 4049 3071 4091 eorum
3089 4030 3374 4103 rugiebant
3393 4035 3582 4083 contra

2012 4153 2153 4192 me.»
2199 4134 2590 4205 Hoc,inquam,
2616 4131 2796 4185 animo
2820 4127 2892 4182 l’ui
2922 4127 3183 4181 adversus
3211 4122 3356 4185 illos,
3375 4119 3499 4191 quia
3530 4124 3586 4172 et

2013 4229 2090 4284 illi
2124 4228 2359 4283 ferarum
2414 4225 2587 4280 instar
2627 4229 2816 4276 contra
2859 4233 2947 4274 me
2994 4217 3231 4273 furorem
3275 4226 3434 4267 suum
3485 4224 3584 4265 ex-

2014 4324 2433 4391 prompserunt:
2485 4329 2608 4369 nam
2636 4310 2896 4383 quidquid
2931 4316 3120 4364 contra
3160 4304 3364 4377 probos
3392 4316 3579 4357 sacer-

331 4408 528 4480 γνώμῃ
580 4407 707 4477 περὶ
755 4406 970 4468 αὐτοὺς.
1015 4405 1201 4474 ἐπειδὴ
1247 4404 1485 4458 κάκεῖνοι
1516 4405 1671 4475 δίκην
1704 4404 1908 4477 θηρίων

2013 4412 2166 4467 dotes
2195 4417 2447 4478 egerunt,
2501 4406 2768 4460 adversus
2816 4417 2902 4456 me
2943 4397 3230 4454 manifeste
3275 4395 3392 4449 ausi
3430 4397 3578 4448 sunt.

331 4502 451 4554 κατ’
483 4498 621 4570 ἐμοῦ
653 4498 747 4552 τὸν
782 4497 949 4568 θυμὸν
980 4497 1159 4553 αὐτῶν
1194 4494 1465 4560 ἐξέτειναν
1493 4512 1504 4525 ·
1552 4495 1736 4566 ἐπειδὴ
1766 4495 1906 4568 άπερ

328 4592 405 4655 είς
430 4593 562 4653 τοὺς
589 4589 845 4659 δοκίμους
869 4587 1134 4657 ἔπραττον
1160 4588 1359 4659 ἱερέας,
1388 4588 1468 4650 εἰς
1499 4586 1599 4657 ἐμὲ
1629 4586 1908 4657 προδήλως

330 4677 575 4747 ἐτόλμων
600 4693 614 4707 ο
666 4670 777 4728 οἷόν
819 4677 936 4729 ἐστι
976 4674 1038 4729 τὺ
1070 4675 1204 4748 πρὸς
1228 4674 1319 4729 τὸν
1349 4674 1624 4746 Σαμουὴλ,
1683 4693 1702 4725 ι
1734 4675 1808 4729 Οὐ
1848 4677 1908 4728 σὲ

330 4767 775 4835 ἑξοολδενώκασιν,
812 4764 927 4821 ἀλλ’
958 4766 1077 4836 ἐμέ.
1111 4785 1129 4814 ι

396 4855 549 4924 Στίχ.
577 4853 646 4917 θ’,
684 4859 733 4907 ι’.
761 4883 830 4895 --
861 4871 880 4907 ι
917 4854 1025 4908 Καὶ.
1075 4851 1249 4917 εἷπον,
1273 4856 1347 4909 Ού
1392 4856 1640 4926 ποιμανῶ
1677 4856 1839 4927 ὑμᾶς.
1883 4874 1902 4908 ι

343 4947 629 5001 Ἐντεῦθεν
658 4945 753 4999 τοῦ
784 4963 842 5000 τε
882 4947 1193 5018 ποιμαίνειν
1222 4947 1415 5011 αὐτοὺς
1442 4948 1684 5020 ἀπέστην
1703 4949 1792 5002 καὶ
1812 4949 1905 5004 τοῦ

335 5039 425 5109 τὴν
481 5040 871 5113 προσήκουσαν
922 5038 1102 5092 αὐτῶν
1144 5038 1457 5108 ἐπιμέλειαν
1509 5040 1584 5103 ὡς
1622 5040 1909 5111 προϐάτων

332 5131 548 5186 οἰκείων
602 5129 893 5185 ποιεῖσθαι.
938 5129 1146 5194 Ἐδειξε
1192 5130 1247 5183 δὲ
1280 5130 1362 5183 ὅτι
1391 5131 1447 5183 ἐν
1474 5134 1587 5195 τοῖς
1619 5132 1907 5203 ἀνωτέροις

334 5220 394 5274 τὸ
412 5240 431 5271 ι
459 5222 711 5293 ποιμανῶ
735 5242 753 5274 ι
773 5224 864 5275 ἐπὶ
882 5220 997 5287 τοῦ,
1024 5220 1335 5291 Παραδὼσω
1360 5223 1422 5291 τῇ
1448 5222 1705 5293 τιμωρίᾳ,
1736 5223 1904 5290 λέγει.

337 5312 411 5382 (p.
442 5312 570 5384 5M)
613 5312 880 5367 Ἐνταῦθα
912 5312 1041 5382 γοῦν
1066 5312 1249 5380 σαφῶς
1281 5311 1541 5377 τέθεικεν,
1567 5312 1627 5364 τὸ
1658 5331 1675 5362 ι
1703 5314 1762 5365 ού
1800 5331 1909 5366 ποι-

340 5404 512 5470 μανῶ,
535 5424 555 5458 ι
587 5404 647 5458 τδ
673 5406 790 5477 μετ’
809 5404 1125 5477 ἐπιμελείας
1155 5404 1461 5475 ποιμαίνειν
1495 5405 1793 5473 σημαίνων,
1819 5405 1908 5458 καὶ

338 5494 417 5549 ὅτι
443 5496 647 5568 ταύτην
674 5498 859 5562 αὐτοῖς
900 5500 997 5569 οὐχ
1027 5497 1135 5562 ἔξει
1166 5497 1264 5568 τὴν
1324 5494 1638 5567 θεραπείαν.
1684 5497 1907 5563 Ἐπάγει

409 5646 455 5681 ’⁸
489 5647 642 5711 Rom.
679 5667 717 5716 ι,
746 5650 835 5703 ‘26.
915 5649 957 5680 ⁷³
995 5648 1128 5703 Ibid.
1162 5649 1250 5703 ‘28.
1327 5649 1371 5680 "‘
1410 5648 1428 5703 Ι
1465 5649 1593 5721 Reg.
1627 5666 1741 5717 vm,
1784 5651 1829 5704 7.

2014 4500 2176 4555 Velut
2227 4496 2362 4552 illud
2418 4495 2486 4552 ad
2534 4493 2879 4551 Samuelcm:
2940 4489 3100 4546 «lion
3140 4500 3191 4545 te
3241 4493 3578 4559 spreverunt.

2013 4592 2108 4647 sed
2139 4605 2224 4645 me
2246 4590 2311 4642 ⁷⁸.
2336 4607 2356 4641 ι

2081 4864 2247 4921 Vens.
2272 4863 2326 4929 9,
2362 4862 2447 4919 l0.
2476 4891 2545 4902 -
2583 4856 2690 4913 «Et
2743 4857 2896 4913 dixi:
2955 4854 3077 4911 Non
3134 4867 3353 4923 pascam
3404 4867 3522 4907 vos.
3549 4867 3568 4903 ι

2010 4956 2222 5010 Abhinc
2254 4962 2355 5025 ego
2395 4953 2567 5009 desivi
2616 4966 2646 5006 a
2683 4949 2958 5022 pascendo
3006 4961 3125 5011 vos,
3159 4951 3232 5009 .et
3278 4956 3571 5013 congruam
3622 4982 3633 4994 .

2012 5061 2199 5102 curam
2238 5045 2394 5116 quasi
2443 5044 2637 5100 ovibus
2664 5041 2901 5113 propriis
2930 5034 3310 5110 impertiendo.
3347 5033 3574 5088 Demona

2012 5137 2205 5195 stravit
2251 5136 2474 5205 insuper
2508 5127 3248 5206 vocabulum,¢pascam,tin
3282 5122 3578 5196 superiori‘

2013 5229 2116 5283 bus
2154 5227 2358 5281 dictum
2407 5224 2579 5280 fuisse
2635 5238 2754 5293 pro,
2808 5220 3077 5291 supplicio
3124 5218 3358 5274 tradam.
3423 5212 3577 5268 Nunc

2010 5335 2144 5376 vero
2178 5318 2462 5372 manifeste
2499 5316 2683 5387 posuit
2714 5305 3192 5375 dictionem,tNon
3220 5305 3567 5379 pascam,isi-

2012 5407 2279 5480 gniﬁcans
2318 5405 2558 5476 regimen
2589 5418 2713 5458 cum
2743 5399 3041 5471 diligentia,
3088 5409 3135 5452 et
3167 5397 3311 5468 quod
3341 5395 3445 5448 hoc
3470 5392 3576 5446 illis

2016 5514 2123 5554 non
2145 5495 2417 5552 exhibebit
2443 5493 2696 5550 olllcium.
2719 5489 2885 5547 Addit
2909 5504 3068 5561 ergo:
3105 5506 3123 5539 ι
3142 5485 3297 5554 Quod
3320 5483 3571 5548 moritur,
