4022 6138
301 237 410 297 575

1503 222 1848 283 THEODOBI
1878 221 2107 281 MOPSU
2117 219 2367 279 ESTENI

3458 217 3561 276 57‘

304 351 606 416 moriatur;
657 355 713 405 et
754 346 898 417 quod
952 345 1157 409 delicit,
1202 343 1461 410 deficiat;
1507 344 1670 417 35.6
1697 352 1754 402 et
1785 341 1911 415 qui.

2012 340 2138 394 νοῦν·
2165 359 2183 392 ι
2208 340 2281 392 Τὸ
2298 336 2642 417 ἀποθνῆσκον
2665 332 3072 406 ἀποθνησκέτω,
3100 333 3195 386 καὶ
3223 330 3282 383 τὸ
3309 330 3561 384 ἐκλεῖπον

309 441 507 512 reliqui
537 438 740 494 fuerint
767 435 1055 491 concedant
1095 436 1474 507 unusquisque.
1506 450 1702 490 carnes
1754 448 1881 504 pro-

309 536 440 589 ximi
489 534 637 590 sui.»
675 529 883 593 Sinam,
934 528 1132 598 inquit,
1175 542 1620 597 unumquemque
1644 542 1710 581 ex
1758 540 1885 596 pro-

311 628 429 696 pria
456 624 657 678 malitia
694 621 976 693 percipere
1003 619 1365 690 punitionem,
1400 618 1632 672 invicem
1679 632 1883 671 consu-

313 715 584 772 mentibus
626 728 721 782 per
756 710 1155 773 contentiones,
1205 710 1605 774 dimicationes,
1655 718 1709 763 et
1754 708 1885 762 insi-

309 809 525 860 diarum
594 812 951 859 structuram.
1017 800 1123 855 «Et
1179 816 1389 855 sumam
1450 799 1653 871 virgam
1711 814 1884 852 meam

312 898 629 967 pulchram,
694 904 748 951 et
815 895 1102 965 projiciam
1163 908 1282 948 eam
1340 892 1409 949 ob
1465 891 1886 962 dispergendum

310 998 701 1045 testamentum
731 1003 936 1050 meum,
971 985 1117 1056 quod
1147 993 1444 1041 statueram
1484 997 1609 1038 cum
1633 982 1889 1037 onmihus

312 1091 473 1136 terrae
510 1066 789 1149 populis.»
829 1076 1089 1133 Auferam
1140 1076 1586 1147 probatissimum
1645 1080 1699 1128 et
1746 1075 1891 1145 opti-

316 1190 463 1229 mum
491 1173 884 1237 sacerdotium,
915 1171 1063 1225 humi
1093 1170 1205 1236 jam
1231 1177 1569 1241 prostratum
1599 1169 1668 1223 ab
1696 1167 1765 1224 iis
1796 1167 1890 1239 qui

316 1274 762 1337 oppugnaverant
798 1261 963 1319 illud:
999 1262 1130 1332 quin
1165 1270 1219 1316 et
1263 1271 1553 1316 extraneos
1584 1261 1651 1315 ab
1691 1274 1758 1317 eo
1790 1260 1890 1316 ab-

318 1358 585 1411 alienabo.
619 1353 752 1408 Nam
779 1353 1020 1409 extranei
1053 1353 1144 1423 qui
1174 1353 1344 1406 multo
1368 1360 1528 1405 antea
1555 1366 1681 1405 cum
1708 1351 1892 1407 studio

320 1448 387 1501 ad
425 1446 687 1516 templum
712 1459 891 1498 meum
925 1441 1274 1498 conﬂuebant
1309 1441 1379 1496 ob
1407 1440 1610 1495 rituum
1642 1456 1895 1496 reveren-

319 1540 450 1592 tiam
481 1537 572 1608 qui
614 1535 726 1592 illic
772 1524 1013 1604 legitime
1038 1532 1485 1603 perliciebantur,
1536 1531 1639 1603 ipsi
1674 1547 1893 1602 quoque

1985 408 2275 495 έκλιπέτω,
2302 429 2394 483 καὶ
2419 408 2811 489 τὰκατᾶλοιπα
2852 418 3181 499 κατεσθιέτω
3210 417 3438 483 ἕκαστος
3463 424 3563 483 τὰς

1987 522 2194 593 σάρκας
2215 518 2310 575 τοῦ
2343 516 2764 592 πλησίοναὺτοῦ.
2792 535 2813 569 ι
2850 514 3078 584 Ἀφίημι
3105 512 3183 577 δὲ,
3217 511 3405 582 φησιν,
3430 510 3555 563 Exa-

1986 630 2111 668 στον
2137 615 2205 666 ὲκ
2244 608 2341 683 τῆς
2371 608 2564 664 ἑαυτοῦ
2614 609 2813 671 κακίας
2851 605 3100 676 δέχεσθαι
3140 603 3238 671 τὴν
3262 599 3561 672 τιμωρίαν,

1985 701 2164 756 αὐτῶν
2192 700 2449 771 ἀλλήλους
2471 697 2884 762 ἀναλισκόντων,
2906 697 3028 758 ταῖς
3043 711 3100 746 τε
3135 692 3276 764 ἔρισι
3305 691 3400 743 καὶ⁵
3425 692 3551 751 ταῖς

1990 793 2194 864 μάχαις
2231 793 2325 846 καὶ
2351 795 2418 865 τῇ
2446 791 2546 864 τῆς
2582 787 2877 855 ἐπιϐουλῆς
2921 783 3207 857 ἐμμελείᾳ.
3246 801 3266 834 ι
3300 782 3412 836 Καὶ
3469 788 3567 853 λή-

1986 886 2160 956 ψομαι
2181 883 2280 954 τὴν
2303 881 2498 953 ῥάϐδον
2517 898 2620 952 μου
2648 880 2747 950 τὴν
2776 876 2947 946 καλὴν
2963 875 3055 930 καὶ
3083 873 3372 945 ἀπορρίψω
3393 872 3564 943 αὐτὴν

1989 974 2084 1029 τοῦ
2112 973 2461 1029 διασκεδάσαι
2490 973 2587 1042 τὴν
2607 968 2870 1039 διαθήκην
2890 984 3016 1039 μου,
3046 967 3112 1036 ἢν
3137 963 3393 1035 διεθέμην
3427 963 3563 1035 πρὸς

1989 1067 2198 1130 πάντας
2220 1067 2347 1128 τοὺς
2403 1063 2565 1126 λαοὺς
2602 1061 2702 1130 τῆς
2735 1060 2855 1132 γῆς.
2890 1079 2906 1110 ι
2958 1055 3171 1126 Ἅφελῶ
3203 1055 3271 1126 δὴ
3292 1056 3392 1124 τὴν
3416 1055 3569 1109 δοκι-

1995 1157 2248 1231 μωτάτην
2276 1153 2370 1211 καὶ
2400 1154 2633 1227 ἀρίστην
2655 1149 2973 1222 ἱερωσύνην,
3005 1147 3098 1201 καὶ
3127 1146 3298 1218 χαμαί
3326 1163 3428 1199 που
3450 1162 3570 1202 κει·

1995 1247 2163 1320 μένην
2192 1245 2298 1301 ὑπὸ
2353 1243 2462 1299 τῶν
2520 1239 2937 1297 καταϐαλόντων
2967 1235 3156 1308 αὐτὴν,
3182 1235 3274 1307 ἀφ’
3301 1231 3368 1309 ἧς
3401 1254 3572 1308 μετα-

1993 1342 2178 1410 στήσω
2214 1338 2309 1392 καὶ
2336 1337 2402 1391 τὰ
2425 1333 2531 1389 τῶν
2557 1333 2712 1396 ὲκτδς
2734 1330 2826 1386 τοῦ
2865 1331 3051 1394 ἔθνους
3077 1328 3215 1402 πρὸς
3236 1328 3569 1389 τούναντίον,

1994 1434 2058 1487 υἱ
2086 1431 2193 1502 γὰρ
2230 1433 2292 1483 ἐκ
2321 1427 2426 1483 τῶν
2473 1424 2768 1497 ἀλλοτρίων
2791 1423 2930 1496 μετὰ
2955 1421 3156 1490 πολλῆς
3184 1420 3448 1492 πρότερον
3466 1416 3567 1489 τῆς

1996 1516 2304 1591 προθυμίας
2362 1515 2455 1569 ἐπὶ
2502 1515 2593 1568 τὸν
2638 1513 2761 1567 ναὸν
2805 1511 3252 1582 κατατρέχοντες.
3285 1508 3374 1562 τὸν
3412 1508 3569 1577 ἐμὸν,

322 1648 352 1685 a
398 1631 579 1702 priore
604 1628 1003 1685 consuetudine
1034 1627 1287 1681 recedent
1321 1636 1543 1696 propter
1558 1600 1892 1695 regnantem

2012 1610 2139 1664 ιίδοῖ
2168 1608 2275 1663 τῶν
2308 1606 2493 1662 αὐτόθι
2514 1605 2759 1676 νομίμως
2779 1601 3200 1672 ὲκτελουμένων,
3233 1600 3577 1670 ἀποστήσον-

324 1722 436 1776 illic
464 1720 843 1777 confusionem
874 1732 939 1772 ac
966 1716 1459 1788 perturbationem,
1497 1731 1526 1769 a
1557 1715 1723 1771 solito
1760 1723 1896 1770 tem-

2012 1723 2085 1760 tat
2109 1704 2200 1759 καὶ
2227 1697 2368 1756 οὗτοι
2401 1697 2571 1753 ταῦτα
2602 1697 2740 1753 αὐτὰ
2776 1696 2948 1751 ποιεῖν
2978 1693 3082 1747 ὑπὸ
3121 1693 3223 1764 τῆς
3267 1692 3574 1763 κρατούσης

322 1816 397 1885 pii
442 1829 669 1870 accessu
708 1810 975 1868 deterriti.
1010 1808 1124 1864 Hoc
1165 1809 1312 1864 enim
1355 1808 1664 1879 signiﬁcant
1710 1808 1896 1875 verba,

258 1924 263 1941 ι
329 1908 666 1978 odispergere
693 1909 1078 1958 testamentum
1137 1914 1343 1964 meum,
1395 1899 1538 1969 quod
1599 1906 1898 1955 statueram

326 2016 341 2046 ι
362 2011 452 2049 um
477 1994 730 2048 omnibus
753 1999 910 2049 terra:
932 1991 1166 2063 populis.
1185 2007 1202 2039 ι
1217 1992 1354 2050 Dicit
1369 1989 1626 2045 nimirum
1645 2007 1658 2041 :
1679 1990 1899 2045 Curabo

331 2097 389 2139 ut
429 2085 663 2150 desinat,
709 2084 854 2155 quod
891 2085 959 2138 ab
1002 2082 1277 2138 extraneis
1314 2081 1476 2138 etiam
1512 2090 1669 2136 antea
1704 2080 1900 2149 liebat;

331 2173 562 2245 propria:
602 2173 810 2228 scilicet
849 2186 1093 2243 personae.
1135 2169 1590 2234 accommodans,
1639 2168 1784 2240 quod
1834 2185 1902 2224 ex

331 2266 559 2320 aliorum
611 2264 812 2318 malitia
842 2262 1209 2332 contingebat.
1260 2260 1624 2328 Quamobrem
1674 2260 1788 2325 irae,
1845 2269 1905 2317 ut

332 2357 647 2412 summatim
672 2357 871 2420 dicam,
901 2353 1138 2425 pessima
1179 2353 1335 2425 signa
1366 2354 1728 2424 apparebunt.

412 2622 581 2681 Vens.
608 2626 696 2690 ll,
722 2624 810 2679 12.
836 2655 908 2665 -
945 2622 1040 2679 «Et
1073 2623 1162 2680 liet
1197 2622 1470 2694 dispersio
1499 2622 1555 2678 in
1588 2623 1678 2679 die
1709 2623 1820 2690 illa,
1854 2632 1910 2680 et

336 2723 668 2787 cognoscent
696 2714 987 2770 Chananazi
1016 2729 1147 2771 oves
1173 2729 1294 2785 quae
1317 2730 1403 2770 me
1428 2714 1747 2781 observant,
1779 2716 1906 2786 quia

335 2820 516 2861 sermo
562 2803 774 2858 Domini
827 2814 974 2861 εει.»
1013 2803 1189 2871 Tunc,
1235 2805 1431 2875 inquit,
1477 2804 1687 2861 desinet
1719 2805 1912 2861 adver-

335 2894 607 2948 sariorum
630 2909 756 2963 erga
783 2895 1044 2964 templum
1067 2908 1247 2950 meum
1269 2894 1615 2966 obsequium,
1640 2896 1911 2951 dissoluto

1995 1796 2066 1851 τὰ
2096 1792 2284 1850 αὐτόθι
2330 1788 2642 1862 συγχύσεώς
2673 1807 2733 1843 τε
2766 1788 2861 1842 καὶ⁵
2886 1783 3173 1855 ἀκοσμίας,
3205 1783 3412 1837 ἀνιέναι
3448 1798 3574 1833 συν-

1999 1888 2144 1959 ήθως
2166 1888 2245 1949 είς
2266 1885 2356 1939 τὸν
2377 1884 2503 1937 ναὸν
2532 1880 2883 1952 κωλυόμενοι.
2909 1878 3078 1932 Τοῦτο
3104 1872 3194 1931 οὖν
3215 1875 3383 1942 λέγει,
3408 1892 3426 1924 ι
3451 1874 3574 1925 Δια-

2003 1979 2258 2033 σκεδόισαι
2287 1977 2385 2046 τὴν
2398 1973 2661 2044 διαθήκην
2692 1990 2815 2043 μου,
2846 1971 2910 2041 ἢν
2941 1968 3194 2039 διεθέμην
3211 1965 3349 2036 πρὸς
3368 1963 3576 2026 πάντας

2000 2074 2125 2134 τοὺς
2175 2067 2337 2131 λαοὺς
2390 2067 2489 2136 τῆς
2531 2064 2635 2134 γῆς
2658 2083 2671 2095 ι
2711 2083 2730 2116 ι
2758 2063 2846 2116 ἵνα
2886 2061 3038 2132 είπῃ,
3065 2059 3145 2112 ὅτι
3179 2054 3384 2111 Παύσω
3416 2051 3578 2107 τοῦτο

2001 2165 2304 2234 γινόμενον,
2335 2161 2363 2215 ὃ
2394 2160 2488 2214 καὶ
2512 2157 2664 2229 παρὰ
2694 2156 2802 2208 τῶν
2850 2152 3139 2225 ἀλλοτρίων
3167 2148 3411 2218 ἐγίγνετο
3443 2146 3580 2216 πρό-

2001 2271 2158 2327 τερον
2182 2270 2195 2284 ο
2232 2251 2307 2323 τῷ
2345 2250 2527 2320 οἰκείῳ
2566 2245 2841 2320 προσώπῳ
2888 2244 3049 2297 πάλιν
3105 2240 3400 2312 περιτιθεὶς
3429 2239 3490 2291 τὸ
3515 2240 3583 2290 ὲκ

2004 2347 2102 2418 τῆς
2132 2347 2332 2417 ἐτέρων
2360 2342 2652 2413 συμϐαῖνον
2708 2338 2906 2400 κακίας
2932 2353 2944 2364 ⁸
2975 2334 3115 2388 ὥστε
3157 2332 3324 2405 ὀργῆς
3358 2328 3579 2415 αὐτοὺς,

2008 2438 2287 2508 συντόμως
2334 2436 2528 2499 εἰπεῖν,
2571 2433 2785 2487 ἃπαντα
2832 2427 2900 2483 τὰ
2933 2426 3101 2498 χείρω
3143 2421 3429 2493 φαίνεσθαι
3484 2437 3584 2491 ση·

2082 2547 2155 2583 ια.

2010 2547 2230 2691 μεζῗτίχ.
2261 2617 2351 2681 ια’,
2387 2617 2470 2687 ιβ’.
2500 2648 2567 2657 --
2614 2634 2631 2664 ι
2666 2612 2776 2666 Καὶ
2830 2607 3344 2677 διασκεδασθήσεται
3399 2604 3457 2656 ὲν
3517 2604 3586 2672 τῇ

2010 2714 2197 2785 ἡμέραν
2226 2709 2429 2781 ἐκείνῃ,
2452 2707 2527 2777 (p.
2552 2704 2677 2775 5l5)
2704 2702 2798 2757 καὶ
2813 2699 3110 2771 γνώσονται
3135 2699 3183 2751 οἱ
3206 2695 3495 2749 Χαναναῖοι
3521 2691 3591 2744 τὰ

2010 2784 2259 2877 πρόϐατα
2286 2800 2355 2854 τὰ
2396 2794 2782 2869 φυλασσόμενά
2814 2809 2905 2864 με.
2945 2790 3077 2845 διότι
3126 2790 3154 2843 ό
3184 2784 3588 2877 λόγοςμκυρίου

2011 2874 2148 2947 ἐστί.
2181 2910 2201 2942 ι
2241 2889 2394 2953 Τότε,
2433 2887 2586 2958 φησι,
2627 2882 2891 2938 παύσεται
2930 2880 3086 2952 μὲνὴ
3119 2877 3269 2949 παρὰ
3303 2874 3412 2928 τῶν
3437 2876 3589 2927 ἐναν-

339 2986 420 3040 sic
450 2984 653 3039 foedere
678 2985 824 3054 quod
850 3000 975 3039 cum
1006 2985 1113 3042 illis
1147 2987 1490 3057 pepigeram:
1529 2986 1751 3057 notique
1780 2986 1909 3040 ﬁent

2012 2983 2142 3037 τίων
2173 2983 2252 3045 είς
2276 2981 2367 3034 τὸν
2395 2978 2522 3034 ναὸν
2540 2975 2799 3046 γινομένη
2834 2971 3120 3043 θεραπεία,
3147 2966 3594 3038 συγκαταλυομέ-

337 3073 504 3128 etiam
535 3074 808 3128 extraneis
832 3074 1056 3144 quinam
1084 3091 1212 3130 vere
1241 3076 1345 3131 mei
1372 3077 1503 3141 sint,
1537 3086 1592 3131 et
1616 3077 1911 3145 voluntatis

2014 3090 2112 3144 νης
2131 3073 2206 3136 ὡς
2232 3072 2377 3135 εἰκὸς
2402 3069 2577 3141 τούτῳ
2594 3070 2692 3137 τῆς
2712 3065 2974 3137 διαθήκης
3001 3064 3067 3134 ἣν
3096 3064 3232 3133 πρὸς
3253 3060 3449 3122 αὐτοὺς
3474 3057 3595 3112 ἑθέ-

340 3179 476 3219 mea:
512 3164 866 3220 observandae
919 3165 1053 3221 satis
1093 3166 1354 3222 solliciti:
1411 3177 1466 3222 et
1495 3169 1639 3239 quod
1671 3168 1913 3224 divinum

342 3254 623 3312 decretum
664 3257 925 3327 improbis
980 3259 1120 3313 mala
1175 3258 1455 3328 immittit;
1512 3261 1732 3315 virtutis
1786 3275 1919 3315 vero

342 3345 630 3406 studiosis,
662 3345 787 3399 licet
815 3347 1027 3415 paucis,
1059 3361 1246 3400 curam
1278 3347 1503 3401 multam
1528 3346 1825 3416 impendit;
1859 3352 1919 3400 ut

346 3449 473 3489 vere
514 3443 771 3505 appareat
819 3450 993 3489 meam
1049 3434 1185 3505 Ipsis
1227 3434 1522 3489 amicitiam
1568 3434 1724 3488 lucro
1757 3448 1917 3501 esse;

344 3533 617 3594 quatenus
656 3533 861 3579 tantam
902 3524 1007 3579 mei
1031 3524 1438 3595 .providentiam
1487 3526 1812 3591 sortiuntur,
1862 3531 1921 3578 ut

346 3615 679 3672 adversariis
705 3616 891 3672 multis
910 3624 1073 3686 atque
1097 3617 1409 3686 potentibus
1433 3615 1593 3671 facile
1618 3617 1916 3686 potiantur.

347 3707 553 3762 Deinde
605 3715 664 3760 ut
711 3707 964 3763 ostendat
1014 3706 1263 3779 egregios
1313 3722 1539 3763 suorum
1592 3712 1794 3773 meres,
1854 3707 1924 3764 de

350 3799 675 3855 Machabaeis
722 3799 936 3855 scilicet
983 3800 1238 3870 loquens,
1288 3799 1382 3870 qui
1415 3814 1516 3869 pro
1549 3807 1708 3870 gente
1738 3809 1794 3856 et
1825 3815 1923 3870 pro

349 3891 553 3947 divinis
601 3890 812 3963 legibus
863 3889 1062 3947 bellum
1116 3898 1309 3946 contra
1361 3891 1713 3948 Macedonum
1760 3891 1925 3965 34³1

351 3999 507 4055 reges
534 3992 846 4054 gesserunt,
894 3983 1084 4037 addit:
1142 4001 1161 4034 ι
1184 3981 1250 4037 Ει
1274 3982 1453 4037 dicam
1482 3984 1594 4039 eis:
1628 3982 1685 4038 Si
1724 3984 1923 4039 bonum

350 4085 437 4131 est
465 4073 519 4128 in
548 4081 847 4143 conspectu
874 4081 1080 4139 vestro,
1113 4072 1238 4129 date
1262 4075 1569 4129 mercedem
1602 4089 1803 4139 meam,
1832 4070 1939 4129 aut

356 4165 589 4221 renuite.
612 4184 631 4216 ι
674 4164 1003 4235 Tantopere,
1043 4162 1241 4235 inquit,
1281 4165 1437 4235 probi
1484 4173 1648 4221 erunt
1679 4180 1809 4237 erga
1840 4180 1929 4221 me

355 4257 626 4327 ﬁrmique,
686 4262 742 4309 ut
786 4271 888 4326 ego
933 4254 1258 4314 ﬁducialiter
1285 4257 1365 4313 eis
1392 4257 1573 4314 dicere
1599 4273 1831 4329 queam:
1870 4258 1928 4314 Si

2020 3182 2152 3236 μην·
2183 3164 2395 3216 ἔσονται
2418 3161 2473 3214 δὲ
2493 3159 2760 3231 γνώριμοι
2782 3157 2877 3212 καὶ
2903 3159 3014 3218 τοῖς
3030 3153 3330 3223 ἀλλοτρίοις
3360 3153 3411 3204 οί
3425 3151 3597 3214 ὅντως

2017 3254 2163 3325 ἐμοὶ,
2206 3256 2302 3308 καὶ
2358 3252 2556 3324 πολλὴν
2593 3251 2692 3319 τῆς
2723 3249 2832 3303 τῶν
2869 3246 2993 3317 ἐμοὶ
3021 3244 3321 3299 δοκούντων
3348 3239 3594 3312 φυλακῆς

2019 3344 2232 3416 ἔχοντες
2266 3343 2365 3412 τὴν
2412 3339 2695 3413 φροντίδα·
2723 3338 2816 3392 καὶ
2859 3337 2940 3389 ὅτι
2976 3335 3100 3406 ὅρος
3135 3332 3218 3395 τίς
3251 3334 3366 3385 ἐστι
3392 3330 3534 3391 θεῖος
3565 3329 3595 3380 ὁ

2020 3438 2149 3499 τοὺς
2179 3433 2275 3505 μὲν
2308 3432 2612 3504 μοχθηροὺς
2663 3415 2852 3494 ἐκδοὺς
2884 3429 2995 3491 τοῖς
3034 3425 3263 3498 χείροσι,
3299 3423 3407 3477 τῶν
3437 3422 3493 3505 δέ
3533 3422 3596 3474 τὸ

2020 3528 2138 3581 δέον
2181 3501 2538 3597 *ζητουμένων
2599 3521 2694 3576 καὶ
2748 3518 2945 3587 ὀλίγων
2993 3517 3161 3570 ὄντων
3214 3516 3357 3569 οὕτω
3395 3501 3597 3587 πολλὴν

2024 3617 2345 3688 ποιούμενος
2369 3614 2465 3685 τῆς
2494 3612 2634 3684 ἐμῆς
2659 3609 2986 3678 οίκειότητος
3011 3606 3193 3661 αὐτῶν
3226 3604 3474 3673 γίνεσθαι
3504 3600 3600 3672 δῆ-

2022 3710 2142 3763 λον·
2173 3708 2233 3776 ἐξ
2263 3699 2337 3762 ὧν
2375 3704 2642 3774 τοσαύτης
2699 3699 2974 3770 ἀξιοῦνται
3010 3698 3109 3770 τῆς
3134 3698 3260 3770 παρ’
3292 3695 3426 3768 ἐμοῦ
3460 3711 3599 3766 προσ

2023 3801 2191 3868 νοίας,
2245 3801 2322 3865 ὡς
2355 3800 2449 3854 καὶ
2494 3796 2606 3852 τῶν
2642 3796 2901 3851 ἐναντίων
2946 3792 3156 3847 πολλῶν
3188 3807 3247 3844 τε
3274 3789 3444 3845 ὄντων
3503 3788 3600 3842 καὶ

2023 3890 2262 3946 δυνατῶν
2302 3887 2499 3959 ῥᾳδίως
2551 3886 2792 3956 κρατεῖν.
2819 3882 2953 3937 Εἶτα
2985 3879 3308 3953 βουλόμενος
3337 3877 3505 3942 δεῖξαι
3537 3875 3600 3932 ὼ

2025 3982 2246 4053 δόκιμον
2267 3979 2362 4034 τοῦ
2393 3975 2596 4049 τρόπου
2640 3974 2750 4029 τῶν
2783 3975 3023 4039 οἰκείων,
3053 3972 3200 4040 λέγει
3226 3971 3284 4025 δὲ
3317 3970 3442 4032 τοὺς
3472 3967 3602 4043 περὶ

2025 4073 2135 4125 τῶν
2186 4067 2579 4130 Μακκαϐαίων,
2609 4065 2659 4119 οἲ
2707 4064 2799 4119 τὸν
2846 4064 2988 4135 ὑπὲρ
3020 4062 3114 4116 τοῦ
3149 4062 3333 4124 ἔθνους
3367 4060 3463 4112 καὶ
3492 4056 3604 4109 τῶν

2026 4165 2205 4235 νόμων
2232 4162 2338 4214 τῶν
2368 4158 2526 4213 θείων
2555 4158 2792 4228 πόλεμον
2820 4156 2956 4228 πρὸς
2981 4155 3106 4216 τοὺς
3131 4153 3239 4207 τῶν
3270 4150 3604 4207 Μακεδόνων

2029 4255 2233 4309 εἴλοντο
2276 4250 2551 4323 βασιλέας,
2586 4248 2800 4316 ἐπάγει·
2845 4265 2863 4299 ι
2902 4245 3014 4300 Καὶ
3049 4242 3162 4316 ὲρῶ
3198 4241 3335 4313 πρὸς
3371 4239 3599 4304 αὐτούς·

355 4347 514 4403 vobis
547 4347 724 4420 placet
747 4346 879 4402 mihi
922 4362 1047 4404 esse
1090 4349 1371 4420 subjectis,
1427 4357 1483 4406 et
1523 4328 1657 4405 meae
1700 4349 1911 4406 subesst

2030 4345 2096 4401 El
2129 4343 2286 4400 καλὸν
2335 4341 2563 4396 ἐνώπιον
2617 4338 2772 4411 ὑμῶν
2805 4338 2943 4403 ἐστι,
2969 4335 3087 4389 δότε
3115 4334 3206 4387 τὸν
3231 4331 3421 4405 μισθόν
3480 4348 3604 4403 μου,

358 4439 637 4509 potestati,
688 4438 875 4509 utique
918 4428 1154 4510 prabete
1204 4440 1335 4496 mihi
1369 4440 1759 4498 benevolentiae
1792 4442 1926 4497 obe-

359 4527 687 4599 dientimque
716 4537 909 4584 vestra:
935 4530 1454 4598 remunerationem.
1485 4527 1645 4595 Quod
1681 4529 1727 4585 si
1755 4529 1926 4583 mole-

360 4628 507 4676 stum
532 4622 691 4677 vobis
717 4630 823 4688 est,
854 4621 927 4678 ob
952 4629 1197 4678 vestrum
1224 4635 1354 4691 erga
1380 4635 1468 4676 me
1495 4620 1818 4690 obsequium
1847 4627 1928 4674 tot

359 4715 503 4769 mala
550 4715 828 4786 experiri,
881 4721 1018 4785 quot
1065 4728 1215 4769 nunc
1270 4712 1340 4768 ab
1384 4711 1636 4767 hostibus
1688 4710 1932 4781 perferre

358 4803 636 4875 cogimini,
674 4803 949 4875 publicam
977 4819 1008 4858 a
1052 4801 1336 4858 dominatu
1370 4815 1492 4856 meo
1525 4800 1688 4857 tacite
1716 4810 1936 4871 aposta-

360 4897 522 4955 siam.
564 4896 811 4968 Namque
859 4896 913 4952 id
955 4896 1134 4954 simile
1156 4906 1242 4952 est
1272 4891 1487 4951 Domini
1517 4894 1586 4949 ad
1636 4893 1938 4966 discipulos

329 4985 548 5044 'dicto:
607 4987 786 5043 «Num
837 5002 932 5044 vos
978 5001 1200 5058 quoque
1242 4986 1408 5043 vultis
1434 4985 1587 5043 abire
1607 4985 1734 5040 "is
1791 4983 1939 5056 quod

363 5095 497 5136 sane
527 5081 671 5137 haud
712 5095 810 5136 eos
837 5078 1120 5135 avertendi
1152 5092 1319 5134 causa
1348 5094 1379 5133 a
1425 5079 1703 5135 consortio
1734 5078 1936 5145 aiebat,

364 5174 459 5228 sed
488 5181 546 5228 ut
574 5174 679 5229 hoc
705 5173 853 5230 dicto
873 5171 1143 5229 ﬁrmiores
1162 5172 1416 5228 ediceret.
1448 5169 1575 5226 Pari
1605 5171 1768 5226 modo
1793 5185 1937 5226 nunc

365 5261 519 5329 dicit,
571 5278 633 5319 se
680 5261 1001 5319 ﬂducialitcr
1034 5263 1176 5319 hanc
1219 5262 1330 5319 illis
1382 5264 1657 5333 optionem
1706 5260 1938 5326 ollerre;

2031 4439 2066 4512 ἢ
2096 4435 2418 4493 ἀπείπασθε.
2446 4452 2464 4484 ι
2485 4431 2642 4488 Οὕτω
2656 4431 2783 4502 γὰρ,
2815 4429 3000 4501 φησιν,
3019 4426 3230 4480 ἔσονται
3244 4423 3455 4496 δόκιμοι
3478 4424 3609 4496 περὶ

2034 4530 2136 4605 ipe
2169 4530 2265 4586 καὶ
2319 4527 2547 4599 βέϐαιοι,
2594 4523 2736 4577 ὥστε
2775 4518 3082 4593 θαρροῦντά
3132 4512 3373 4588 μελπρδς
3410 4516 3609 4605 αὐτοὺς

2033 4603 2211 4691 λέγειν
2246 4621 2352 4685 ὅτι,
2378 4618 2443 4672 El
2472 4616 2571 4688 μὲν
2599 4612 2829 4685 ἀρεστὸν
2866 4611 2992 4681 ὑμῖν
3020 4609 3080 4663 τδ
3109 4608 3200 4661 ὑπ’
3226 4608 3362 4691 ’ἐμοί
3386 4625 3447 4661 τε
3470 4603 3610 4661 εἶναι

2035 4714 2130 4770 καὶ
2153 4713 2253 4783 τῆς
2280 4708 2596 4769 ἐπιστασίας
2624 4701 2902 4772 ἀξιοῦσθαι
2929 4701 3027 4770 τῆς
3059 4701 3218 4771 ἐμῆς,
3248 4700 3344 4754 καὶ
3369 4700 3433 4770 δὴ
3466 4715 3607 4768 παρ-

2035 4803 2188 4877 έχετέ
2219 4818 2308 4874 μοι
2332 4800 2431 4869 τῆς
2463 4795 2672 4858 εὐνοίας
2695 4793 2789 4848 καὶ
2816 4793 2913 4864 τῆς
2937 4790 3183 4862 ὑπακοῆς
3207 4789 3307 4860 τῆς
3339 4787 3609 4860 ὑμετέρας

2033 4895 2126 4949 τὸν
2161 4890 2350 4964 μισθόν
2369 4904 2384 4918 ·
2408 4890 2458 4942 εἰ
2511 4886 2568 4939 δὲ
2595 4883 2732 4956 βαρὺ
2756 4882 2817 4937 τὸ
2844 4881 2981 4953 πρὸς
3010 4880 3110 4952 ἐμὲ
3136 4879 3392 4945 νεύοντας
3426 4878 3614 4932 τοσού-

2034 5002 2143 5039 των
2172 4978 2466 5051 πειρᾶσθαι
2511 4974 2721 5039 κακῶν,
2755 4971 2927 5026 ὁπόσα
2968 4986 3073 5044 περ
3122 4969 3413 5040 ὑπομένειν
3447 4969 3618 5037 ἀναγ-

2038 5074 2270 5141 κάξεσθε
2294 5071 2391 5125 νῦν
2423 5067 2575 5141 παρὰ
2592 5065 2704 5120 τῶν
2747 5062 3041 5135 πολεμίων,
3067 5060 3307 5134 φανερὰν
3350 5060 3449 5133 τῆς
3475 5058 3616 5131 ὲμῆς

2041 5164 2362 5228 ἐπιστασίας
2432 5157 2733 5232 ποιήσασθε
2784 5154 2883 5227 τὴν
2933 5152 3285 5227 παραίτησιν.
3357 5151 3433 5222 (p.
3486 5148 3617 5211 516)

2043 5262 2268 5332 Ὅμοιον
2310 5256 2420 5327 γάρ
2468 5255 2583 5307 ἐστι
2637 5249 2717 5321 τῷ
2753 5247 2905 5321 παρὰ
2951 5246 3044 5301 τοῦ
3075 5243 3282 5316 Κυρίου
3325 5241 3459 5332 προς
3491 5241 3619 5303 τοὺς

368 5351 541 5420 probe
587 5352 769 5409 sciens
805 5353 920 5410 fore
949 5362 1010 5409 ut
1042 5354 1235 5410 malint
1261 5330 1489 5410 molesta
1517 5355 1747 5425 perpeti.
1777 5370 1911 5425 quan

2047 5330 2292 5423 μαθητὰς
2318 5346 2611 5420 εἰρημένῳ,
2641 5361 2658 5394 ι
2687 5342 2778 5414 Μὴ
2804 5339 2899 5395 καὶ
2921 5339 3077 5410 ὑμεῖς
3102 5335 3285 5425 θέλετε
3315 5330 3611 5425 bard-Te.th

372 5441 597 5499 meliore
620 5452 770 5499 sorte
790 5443 1038 5502 fruentes
1060 5455 1213 5503 extra
1238 5461 1421 5504 meum
1439 5445 1778 5504 dominatum
1800 5445 1937 5503 ﬁeri.

448 5615 494 5648 ⁷³
531 5615 689 5674 Joan.
732 5632 827 5684 vn,
868 5618 955 5673 68.

2042 5419 2306 5514 δπερόὑκ
2339 5419 2665 5508 ἀποτρέπων
2692 5428 2891 5493 αὐτοὺς
2915 5427 3154 5482 συνεῖναι
3186 5422 3356 5491 λέγει,
3378 5419 3513 5476 ἀλλὰ
3550 5422 3623 5492 τῇ
