4022 6138
379 276 480 331 577

1298 275 1848 334 COMMENTARIUS
1899 278 1969 333 IN
2008 279 2378 340 ZACHARIE
2419 285 2571 341 CAP.
2619 287 2710 340 XI.

3519 291 3624 347 Mli

377 394 526 464 φωνῇ
585 367 962 464 βεϐαιοτέρους
1007 392 1238 457 δεικνύς.
1291 395 1396 448 Τὸν
1442 397 1602 450 αὐτὸν
1647 396 1710 466 δὴ
1755 398 1934 468 τρόποι

2058 398 2254 456 Subdit
2283 417 2413 474 ergo
2437 445 2452 460 .
2499 425 2517 458 ι
2538 404 2604 458 Ει
2630 411 2938 459 statuerunt
2971 403 3269 460 mercedem
3307 420 3481 462 meam
3523 413 3624 462 tri-

373 484 654 538 κάνταῦθα
683 483 859 553 λέγει,
889 485 972 540 ὅτι
996 483 1225 558 Θαρρὦ
1258 487 1440 552 αὐτοῖς
1479 489 1742 559 προτείνω
1769 489 1945 555 τοῦτο,

2058 491 2206 563 ginta
2239 504 2547 566 argenteos.
2572 515 2590 548 ι
2623 494 2700 550 Ne
2724 495 2826 549 hoc
2856 495 3072 565 quidem
3099 496 3220 550 loco
3237 497 3366 551 dicit
3397 497 3622 568 triginta

372 574 527 637 είδὼς
555 575 636 627 ὅτι
662 575 903 641 δέξονται
939 576 1002 629 τὸ
1043 577 1111 630 δι’
1154 577 1254 648 ἐμὲ
1284 578 1512 649 πάσχειν
1541 581 1748 646 κακῶς,
1800 582 1834 651 ἢ
1890 584 1934 636 ἐι

2055 583 2212 653 quasi
2245 599 2552 650 numerum,
2596 583 2691 639 sed
2719 595 2778 638 ut
2805 571 2988 639 dicat:
3025 585 3245 640 Multam
3288 587 3419 641 mihi
3453 588 3622 644 bene-

370 663 666 717 ἀπολαύσει
695 663 804 716 τῶν
826 667 1150 734 κρειττόνων
1179 663 1322 721 εἶναι
1363 670 1463 740 τῆς
1491 671 1811 736 ἐπιστασίας
1844 670 1934 737 Eia

2057 673 2346 728 volentiam
2373 675 2758 746 rependerunt,
2783 692 3051 746 suumque
3074 687 3386 734 constanter
3419 681 3620 736 bonum

367 755 727 824 τυγχάνοντες
753 755 853 823 τῆς
881 755 1041 826 ἐμῆς.
1078 755 1307 826 Ἐπάγει
1339 760 1519 813 τοίνυν
1543 779 1558 794 ο
1590 779 1610 812 ι
1643 763 1754 815 Καὶ
1785 762 1948 834 ἐστη-

2056 764 2223 818 animi
2253 763 2502 819 aﬂ'ectum
2533 765 3066 820 demonstraverunt.

370 863 468 899 σαν
496 846 591 900 τὸν
626 845 817 917 μισθόν
849 866 950 918 μου
979 851 1273 919 τριάκοντα
1301 853 1586 924 ἀργυρίου.
1623 873 1642 906 ι
1673 856 1789 908 Οὐκ
1815 855 2047 926 ἀριθμὸν
2089 854 2208 909 οὐδὲ
2247 856 2479 910 ἐνταῦθα
2522 858 2694 925 λέγων
2742 857 2812 910 τὰ
2857 859 3166 928 τριάκοντα,
3212 859 3330 911 ἀλλ’
3370 858 3456 911 ἵνα
3493 859 3624 929 ετπῃ

367 939 467 1002 δτι,
500 939 710 1010 Πολλὴν
759 957 848 1010 μοι
893 941 994 1010 τὴν
1041 941 1254 998 εὔνοιαν
1291 945 1577 1001 ἀπέδωκαν
1620 947 1717 1018 τὴν
1756 948 1984 1013 οίκείαν,
2039 948 2131 1001 καὶ
2183 947 2456 1017 διέμειναν
2495 949 2594 1020 τὴν
2645 949 3062 1018 εὐγνωμοσύνην
3095 946 3489 1010 ἐπιδεικνύντες
3528 947 3622 1018 τὴν

367 1031 598 1088 ἑαυτῶν.

432 1126 582 1194 Στίχ.
606 1130 790 1193 ιγ’-ιε’.
809 1145 913 1178 -ι
951 1126 1061 1179 Καὶ
1089 1123 1208 1178 εἶπε
1232 1126 1434 1198 Κύριος
1462 1128 1596 1200 πρός
1634 1146 1732 1200 με·
1761 1129 1943 1194 Κάθες

249 1277 255 1282 _
364 1216 558 1279 αὐτοὺς
602 1219 681 1280 είς
722 1218 785 1270 τὸ
829 1217 1211 1288 χωνευτήριον,
1269 1219 1364 1271 καὶ
1393 1218 1585 1288 σκέψαι
1637 1220 1684 1272 εί
1722 1219 1943 1290 δόκιμόν

364 1307 532 1371 ἐστιν,
572 1307 632 1361 ὃν
673 1308 873 1380 τρόπον
905 1308 1269 1380 ἐδοκιμάσθην
1291 1307 1432 1380 ὑπὲρ
1460 1309 1637 1364 αὐτῶν
1656 1326 1669 1340 ·
1702 1312 1796 1364 καὶ
1824 1311 1942 1363 ἔλα-

363 1397 459 1449 ϐον
503 1397 798 1468 τριάκοντα
844 1399 1162 1471 ἀργυρίους,
1206 1400 1300 1454 καὶ
1335 1399 1587 1456 ἐνέϐαλον
1625 1402 1819 1466 αὐτοὺς
1862 1403 1942 1466 είς

364 1486 454 1540 τὸν
488 1483 637 1541 οἶκον
668 1489 872 1558 Κυρίου
901 1491 979 1554 είς
1011 1489 1072 1542 τὸ
1105 1491 1486 1562 χωνευτήριον.
1530 1512 1549 1545 ι
1586 1492 1841 1546 Βούλεται
1884 1493 1941 1544 δὲ

365 1580 569 1644 εἰπεῖν,
597 1577 678 1631 ὅτι
719 1580 931 1649 ’Ὠσπερ
981 1583 1181 1652 χωνείᾳ
1218 1583 1325 1635 τινί
1368 1582 1444 1652 τῷ
1501 1583 1792 1655 πειρασμῷ
1838 1584 1945 1636 τῶν

365 1668 554 1722 κακῶν
582 1668 954 1740 περιϐέϐληκα
976 1671 1151 1722 αὐτῶν
1180 1671 1277 1741 τὴν
1317 1673 1446 1740 περὶ
1473 1673 1572 1744 ἐμὲ
1606 1674 1942 1744 προαίρεσιν,

363 1759 505 1812 ὥστε
557 1777 625 1830 με
684 1761 811 1812 ἰδεῖν
863 1762 912 1813 εί
954 1760 1125 1825 οὕτως
1155 1763 1260 1814 εἰσὶ
1300 1762 1748 1833 δεδοκιμασμένοι
1811 1765 1942 1834 περὶ

364 1851 485 1921 ἐμὲ,
516 1851 704 1922 ὥσπερ
738 1850 848 1919 ἐγὼ
894 1853 1019 1924 περὶ
1049 1853 1248 1917 αὐτῶν,
1285 1853 1580 1915 τουτέστιν,
1606 1854 1656 1905 εί
1684 1853 1825 1907 οὕτω
1850 1854 1940 1925 βε-

363 1942 525 1997 ϐαίαν
553 1944 734 2014 ἔχουσι
765 1945 892 2016 περὶ
921 1946 1018 2015 ἐμὲ
1037 1947 1136 2016 τὴν
1152 1945 1385 2007 εὐνοιαν,
1403 1946 1476 2009 ὡς
1505 1945 1616 2012 ἐγὼ
1636 1945 1700 2018 δὴ
1719 1945 1942 2015 βεϐαίαν

362 2035 544 2099 αὐτοῖς
575 2035 674 2106 τὴν
693 2036 1011 2091 ἐπιστασίαν
1029 2037 1252 2108 παρέχω
1279 2037 1377 2107 τὴν
1401 2039 1560 2108 ἐμήν.
1600 2037 1942 2108 Ἐμϐέϐληκα

362 2127 542 2181 τοίνυν
567 2128 770 2191 αὐτοὺς
820 2130 900 2192 εἰς
926 2129 1015 2181 τὸν
1051 2125 1198 2182 οἷκον
1235 2129 1442 2200 Κυρίου
1471 2131 1550 2192 εἰς
1581 2130 1641 2182 τὺ
1669 2132 1942 2202 χωνευτή-

365 2237 476 2290 ριον
504 2237 518 2252 ·
556 2220 782 2282 εἰκότως
821 2219 882 2274 τὸ
920 2238 938 2269 ι
979 2223 1058 2283 εἰς
1093 2221 1184 2274 τὸν
1235 2216 1379 2274 οἷκον
1419 2239 1438 2271 ›
1477 2222 1665 2286 εἰπὼν,
1703 2223 1842 2292 ὑπὲρ
1878 2219 1940 2279 οὗ

363 2311 426 2381 δὴ
453 2309 673 2364 ἅπαντα
713 2311 804 2364 τδν
831 2309 1018 2379 ἀγῶνα
1059 2311 1416 2384 ὑϐριζομένου
1454 2312 1606 2384 παρὰ
1630 2313 1739 2366 τῶν
1787 2315 1942 2368 πολε-

368 2401 501 2472 μίων
555 2396 723 2471 εἶχον,
773 2402 861 2455 ἵνα
901 2400 1029 2473 εἴπῃ
1064 2402 1144 2455 ὅτι
1196 2405 1288 2456 καὶ
1318 2403 1404 2456 διὰ
1439 2403 1535 2474 τῆς
1573 2405 1801 2475 χωνείας
1831 2406 1940 2461 τῶν

364 2493 546 2547 κακῶν
597 2493 858 2565 ὤφθησαν
905 2495 1133 2567 δόκιμοι.
1170 2496 1246 2567 (p.
1283 2497 1408 2568 517)
1441 2491 1572 2551 Εἶτα
1607 2498 1705 2569 τὴν
1725 2499 1835 2553 τῶν
1864 2503 1940 2555 ol-

365 2585 524 2639 κείων
552 2584 764 2639 εὐνοιαν
792 2585 1050 2657 είρηκὼς,
1098 2587 1386 2642 ἀποδίδωσι
1420 2592 1533 2654 τοῖς
1563 2592 1847 2665 προτέροις
1877 2593 1938 2646 τὸ

367 2675 551 2728 λεῖπον
573 2692 587 2706 ·
619 2677 713 2728 καὶ
742 2676 1038 2746 ἐπειδήπερ
1086 2671 1237 2730 εἶπεν
1278 2678 1336 2730 ὲν
1363 2680 1474 2741 τοῖς
1507 2679 1823 2750 ἀνωτέροις,
1856 2684 1934 2737 ὅτι

379 2783 398 2815 ι
436 2764 666 2818 Ἔλαϐον
713 2764 804 2836 τὴν
850 2765 1044 2836 ῥάϐδον
1086 2785 1186 2837 μου
1223 2767 1320 2838 τὴν
1355 2768 1524 2837 καλὴν
1551 2769 1643 2822 καὶ
1666 2769 1936 2842 ἐπέρριψα

372 2857 558 2928 αὐτὴν,
589 2877 608 2908 ι
650 2857 866 2926 ἐπάγει-
896 2876 916 2910 ι
942 2859 1049 2911 Καὶ
1075 2859 1353 2930 ἀπέρῤιψα
1372 2860 1469 2931 τὴν
1497 2861 1689 2928 ῥάϐδον
1703 2861 1801 2931 τὴν
1817 2862 1937 2914 δευ-

361 2948 525 3017 τέραν
573 2947 634 3000 τὸ
688 2946 994 3017 σχοίνισμα,
1032 2947 1125 3000 τοῦ
1166 2948 1512 3002 διασκεδάσαι
1539 2950 1637 3019 τὴν
1674 2948 1934 3020 διαθήκην

2117 1130 2282 1186 Vsus.
2304 1130 2591 1185 15-15.--‹
2616 1126 2863 1196 Dixitque
2881 1125 3012 1180 mihi
3039 1125 3334 1182 Dominus:
3359 1126 3506 1184 Pone
3524 1145 3620 1186 eos

2045 1225 2100 1278 in
2129 1222 2469 1287 conﬂatorio,
2505 1230 2558 1277 et
2583 1221 2707 1275 vide
2738 1235 2867 1274 num
2905 1219 3194 1290 probatum
3229 1222 3318 1282 sit,
3351 1220 3494 1274 sicut
3517 1238 3621 1291 ego

2044 1313 2307 1385 probatus
2327 1328 2447 1368 sum
2469 1326 2596 1381 erga
2616 1326 2729 1366 eos.
2757 1309 2820 1363 Et
2844 1311 3027 1378 accepi
3062 1309 3283 1380 triginta
3308 1319 3616 1382 argenteos,

2043 1413 2096 1460 et
2135 1404 2296 1474 injeci
2329 1419 2424 1459 eos
2457 1403 2512 1457 in
2561 1401 2780 1456 domum
2817 1400 3028 1454 Domini
3065 1401 3119 1454 in
3168 1400 3566 1457 conﬂatorium.
3593 1423 3612 1449 ι

2044 1495 2236 1550 Dicere
2262 1496 2403 1549 vult:
2442 1493 2551 1564 Ego
2581 1508 2680 1547 ceu
2716 1490 3014 1545 coullatura
3046 1493 3282 1562 quadam
3315 1495 3618 1548 tentatioue

2046 1587 2313 1640 malorum
2347 1584 2623 1654 exploravi
2660 1583 2875 1636 illorum
2910 1597 3036 1652 erga
3063 1599 3146 1636 me
3167 1583 3522 1652 preposituiu,
3558 1594 3618 1637 ut

2044 1693 2433 1747 cognoscerem
2487 1692 2554 1729 an
2592 1677 2665 1729 ita
2699 1677 2808 1730 sint
2847 1689 2974 1745 erga
3011 1691 3095 1729 me
3142 1675 3387 1744 probati,
3423 1692 3616 1745 quem-

2047 1769 2339 1823 admodum
2388 1783 2486 1838 ego
2513 1767 2658 1831 illis;
2691 1765 2742 1819 id
2769 1775 2870 1830 est,
2913 1781 3040 1819 num
3072 1765 3207 1819 adeo
3244 1765 3451 1818 firmam
3486 1767 3615 1820 milii

2045 1869 2262 1916 servent
2289 1859 2749 1924 benevolentiam,
2784 1865 2843 1912 ut
2871 1872 2972 1926 ego
3007 1856 3074 1909 iis
3108 1864 3368 1911 constans
3402 1858 3614 1926 praebeo

2041 1950 2404 2020 patrocinium
2455 1965 2658 2006 meum.
2693 1947 2914 2017 Conjeci
2966 1961 3097 2015 ergo
3147 1961 3247 2001 eos
3294 1948 3347 2000 in
3390 1948 3613 2001 domum

2042 2037 2254 2092 Domini
2287 2039 2342 2092 in
2371 2038 2771 2093 conﬂatorium.
2804 2036 2994 2090 Merito
3021 2037 3156 2090 dixit
3176 2033 3256 2086 tiu
3277 2033 3497 2090 domum
3520 2039 3613 2091 Do-

2041 2129 2336 2199 mini,»pro
2358 2145 2465 2199 qua
2507 2131 2574 2182 ah
2614 2129 2863 2184 hostibus
2899 2129 3098 2181 violata
3137 2138 3412 2182 certamen
3452 2143 3612 2182 omne

2042 2227 2418 2290 susceperant.
2455 2221 2544 2274 Ait
2570 2220 2829 2274 nimirum
2860 2220 2984 2273 illos
3017 2219 3071 2272 in
3099 2219 3420 2273 caullatorio
3446 2221 3612 2273 malo-

2040 2327 2161 2366 rum
2191 2309 2354 2382 358
2379 2311 2525 2365 visos
2554 2327 2676 2366 esse
2709 2312 2990 2381 probatos.
3013 2309 3129 2364 Jam
3159 2318 3442 2379 postquam
3479 2325 3611 2364 suo-

2037 2418 2159 2458 rum
2207 2401 2638 2456 benevolentiam
2683 2403 3156 2465 commemoravit,
3200 2401 3406 2469 rcliqua
3447 2401 3609 2455 verba

2039 2493 2107 2548 ad
2140 2493 2370 2564 priores,
2406 2493 2457 2547 id
2487 2501 2571 2547 est
2599 2493 2667 2545 ad
2700 2501 3010 2554 extraneos,
3050 2490 3238 2546 refert.
3275 2490 3339 2545 Et
3370 2493 3495 2559 quia
3533 2506 3610 2543 re-

2035 2593 2122 2640 tro
2139 2584 2348 2639 dixerat
2363 2601 2375 2636 :
2389 2601 2407 2633 ι
2423 2581 2643 2655 Sumpsi
2661 2587 2866 2653 virgam
2888 2598 3062 2639 meam
3079 2582 3380 2652 pulchram,
3407 2592 3460 2638 et
3487 2599 3607 2637 eam

2036 2675 2260 2745 projeci,
2305 2673 2616 2731 iadditnEt
2651 2673 2853 2743 projeci
2885 2674 3090 2742 virgam
3128 2689 3300 2727 mi-am
3338 2676 3604 2740 alteram;

2037 2764 2362 2826 funiculum,
2399 2773 2457 2817 ut
2485 2763 2855 2832 dispergerem
2891 2760 3070 2816 fwdus
3106 2777 3284 2814 meum
3314 2778 3436 2814 cum
3467 2760 3607 2815 Juila

2035 2864 2089 2912 et
2121 2871 2244 2910 cum
2279 2853 2492 2908 Israele.
2523 2874 2542 2906 ι
2580 2853 2635 2909 Id
2669 2861 2773 2916 est,
2797 2855 3040 2924 Regnum
3073 2861 3126 2906 et
3161 2852 3326 2921 hujus
3365 2854 3506 2907 bona
3539 2854 3610 2907 iis

2035 2946 2210 3016 eripui
2250 2953 2472 3015 propter
2512 2959 2722 2998 morum
2770 2944 3193 3012 improbitatem.
3240 2942 3610 2997 Pulchritudi-

356 3037 453 3108 τὴν
474 3037 581 3091 ἀνὰ
614 3037 779 3108 μέσον
825 3037 998 3092 Ἰούδα
1033 3040 1127 3092 καὶ
1167 3040 1268 3092 ἀνὰ
1298 3040 1460 3111 μέσον
1497 3043 1733 3114 Ἰσραήλ.
1763 3061 1781 3095 ι
1819 3044 1934 3096 Ἵνα

2039 3051 2162 3091 nem
2211 3037 2355 3090 enim
2409 3035 2702 3105 appellavit
2751 3033 3138 3092 sacerdotium,
3186 3032 3330 3102 quod
3380 3033 3610 3088 decoros

356 3128 502 3202 εἴπῃ,
531 3131 614 3184 ὄτι
638 3129 752 3182 Καὶ
770 3129 871 3201 τὴν
896 3129 1170 3200 βασιλείαν
1205 3133 1298 3185 καὶ
1326 3132 1394 3186 τὰ
1428 3134 1491 3187 ἐκ
1522 3134 1725 3205 ταύτης
1756 3135 1934 3203 ἀγαθὰ

2040 3127 2408 3197 probatosque
2460 3127 2587 3180 facit
2638 3124 2746 3178 Deo
2792 3125 3073 3178 homines:
3127 3119 3428 3175 funiculum
3479 3137 3609 3174 vero

355 3218 624 3288 περιεῖλον
648 3219 828 3272 αὐτῶν
852 3219 939 3274 διὰ
970 3221 1066 3290 τὴν
1103 3221 1403 3294 μοχθηρίαν
1428 3226 1521 3278 τοῦ
1537 3225 1737 3294 τρόπου
1755 3243 1769 3258 ο
1806 3225 1934 3280 κάλ-

2039 3231 2286 3286 regnum,
2306 3214 2449 3284 quod
2481 3213 2762 3268 dimetitur
2794 3214 3086 3282 delinitque
3118 3212 3354 3267 subditis
3386 3227 3605 3280 :equum

351 3305 441 3371 λος
476 3308 577 3378 μὲν
615 3307 728 3380 γὰρ
779 3309 1010 3380 κέκληκε
1051 3312 1147 3381 τὴν
1176 3312 1492 3384 ἱερωσύνην,
1527 3315 1602 3378 ὡς
1640 3315 1934 3384 εὐπρεπεῖς

2036 3308 2146 3376 jus.
2179 3305 2359 3361 Veluti
2394 3313 2478 3360 est
2513 3304 2678 3359 illud:
2719 3323 2736 3354 ι
2778 3301 2899 3358 Tibi
2935 3305 3074 3358 dabo
3111 3311 3310 3355 terram
3345 3302 3604 3353 Chanaan

350 3399 446 3451 καὶ
469 3399 729 3470 δοκίμους
767 3400 1141 3473 ἐργαζομένην
1189 3403 1342 3475 026;)-
1389 3407 1672 3477 σχοίνισμα
1723 3407 1799 3472 δὲ,
1832 3408 1929 3480 τὴν

2039 3399 2336 3454 funiculum
2365 3397 2698 3452 haereditatis
2740 3395 3175 3462 vestrm";ipro,
3201 3393 3423 3446 Terram
3468 3394 3608 3446 Cha-

349 3488 650 3558 βασιλείαν,
718 3491 796 3555 ὼς
840 3491 1236 3563 διαμετροῢσαν
1281 3496 1377 3548 καὶ
1421 3497 1762 3569 διορίζουσαν
1817 3502 1929 3561 τοῖς

2036 3507 2196 3554 naau,
2231 3490 2384 3542 vobis
2409 3488 2746 3542 distribuens
2774 3496 2934 3553 atque
2979 3485 3075 3536 abs
3115 3483 3352 3550 qualibet
3387 3483 3606 3551 regione

347 3580 614 3653 ὑπηκόοις
634 3579 698 3638 τὸ
727 3581 957 3657 πρέπον.
978 3577 1114 3640 Didii
1145 3585 1261 3640 ἐστι
1287 3585 1349 3640 τὸ
1375 3585 1553 3656 λέγον,
1595 3596 1628 3640 (⁸
1647 3588 1739 3641 Σοὶ
1770 3588 1926 3640 δώσω

2031 3583 2437 3642 disterminans,
2468 3579 2623 3632 vobis
2653 3576 3036 3646 possidendam
3072 3574 3214 3628 dedi.

312 3755 315 3757 _
344 3680 446 3749 τὴν
468 3678 572 3748 γῆν
591 3677 817 3732 Χαναὰν
851 3680 1133 3751 σχοίνισμα
1163 3681 1524 3755 κληρονομίας
1555 3683 1732 3755 ὑμῶν,
1759 3702 1776 3734 ι
1807 3680 1930 3735 ἀντὶ
1957 3675 2049 3730 τοῦ
2075 3716 2089 3740 ,
2134 3673 2243 3744 Τὴν
2293 3674 2395 3742 γῆν
2441 3672 2659 3724 Χαναὰν
2703 3670 2831 3739 ὑμῖν
2875 3667 3060 3720 διελών
3095 3685 3153 3719 τε
3200 3667 3293 3721 καὶ
3340 3669 3604 3740 ἀφορίσας

343 3771 446 3839 τῆς
468 3769 575 3839 γῆς
606 3769 848 3840 ἀπάσης,
870 3770 1073 3825 δέδωκα
1095 3774 1174 3836 είς
1201 3773 1563 3847 κληρονομίαν
1578 3822 1593 3836 ,

413 3860 573 3929 Στίχ.
612 3867 694 3924 ιε’,
732 3867 825 3925 ις’.
845 3893 914 3902 -
934 3859 1065 3916 Εἶτα
1091 3865 1186 3917 καὶ
1211 3863 1424 3928 δεικνὺς
1451 3867 1532 3918 ὅτι
1558 3865 1649 3917 ἐπὶ
1681 3865 1931 3916 πλεῖστον

344 3955 400 4005 ἐν
428 3951 647 4015 τούτοις
698 3953 1101 4024 στραφήσονται
1129 3957 1243 4017 τοῖς
1270 3959 1479 4021 κακοῖς,
1514 3957 1728 4024 ἐπάγει·
1759 3974 1776 4005 ι
1821 3954 1930 4007 Καὶ

344 4040 472 4096 εἶπε
501 4043 709 4115 Κύριος
740 4046 879 4116 πρός
917 4062 1015 4110 με·
1052 4047 1174 4100 Ἔτι
1198 4047 1328 4102 λάϐε
1364 4047 1571 4117 σεαυτῷ
1606 4047 1773 4118 σκεύη
1808 4063 1927 4099 ποι-

346 4133 552 4203 μενικὰ
578 4134 835 4204 ποιμένος
895 4134 1152 4207 ἀπείρουο
1197 4136 1330 4190 διότι
1375 4136 1480 4188 ίδού
1539 4134 1648 4198 ἐγὼ
1692 4133 1928 4204 ἐξεγερῶ

2107 3851 2274 3904 νειιε.
2309 3843 2771 3911 15,16.-Ροειοιι
2804 3851 2864 3897 ιιι
2892 3843 3145 3896 ostendat
3174 3843 3266 3896 ditt
3288 3843 3410 3899 illos
3431 3845 3485 3899 in
3514 3845 3601 3902 his

2038 3943 2151 3997 fore
2177 3939 2354 4001 malis,
2391 3936 2569 3990 addit:
2595 3955 2612 3986 ι
2643 3933 2890 4003 Dixitque
2922 3933 3054 3985 mihi
3084 3933 3378 3989 Dominus:
3410 3935 3602 3990 Adhuc

2036 4048 2189 4090 sume
2223 4031 2317 4084 tibi
2347 4043 2474 4082 vasa
2520 4026 2812 4097 pastoralia
2865 4027 3104 4094 pastoris
3150 4025 3411 4095 imperiti.
3461 4026 3600 4093 Quia

2033 4141 2160 4180 ecce
2186 4138 2284 4193 ego
2315 4121 2591 4177 suscitabo
2635 4127 2909 4188 pastorem
2944 4117 3251 4185 imperitum
3283 4130 3448 4186 super
3484 4125 3598 4172 ter-

345 4224 588 4292 ποιμένσ.
616 4224 844 4296 ἄπειρον
870 4227 962 4278 ἐπὶ
1018 4228 1116 4298 τὴν
1140 4227 1243 4297 γῆν
1265 4245 1278 4258 ·
1314 4228 1372 4280 τὸ
1413 4228 1657 4280 ἐκλεῖπον
1678 4228 1777 4279 οὐκ
1807 4229 1926 4279 ἐπι-

2036 4233 2177 4270 ram:
2212 4213 2356 4284 quod
2388 4210 2568 4266 deﬁt-it
2603 4225 2711 4263 non
2747 4207 3007 4268 visitabit,
3038 4217 3092 4262 et
3133 4207 3440 4278 dispersum
3489 4224 3598 4265 non

345 4315 633 4383 σκέψεται,
680 4318 775 4370 καὶ
803 4317 864 4369 τὸ
917 4317 1341 4388 ὲσκορπισμένον
1366 4320 1426 4372 οὐ
1462 4320 1534 4389 μὴ
1569 4318 1798 4391 ζητήσῃ,
1831 4317 1926 4371 καὶ

343 4403 404 4456 τὸ
439 4405 904 4475 συντετριμμένον
952 4406 1013 4458 οὐ
1059 4407 1134 4478 μὴ
1172 4408 1504 4478 κατευθύνῃο
1556 4408 1622 4460 τὰ
1655 4408 1788 4479 κρέα
1817 4407 1924 4459 τῶν

346 4491 624 4546 ἐκλεκτῶν
645 4494 1041 4562 καταφάγεται,
1067 4496 1162 4550 καὶ
1188 4497 1314 4559 τοὺς
1342 4497 1718 4568 ἀστραγάλους
1745 4497 1925 4550 αὐτῶν

345 4579 664 4652 ἐκστρέψει.
703 4599 724 4632 ι
762 4581 1023 4636 Ἐνταῦθα
1052 4584 1215 4636 πάλιν
1243 4586 1300 4636 ἐν
1335 4581 1678 4653 προστατικῷ
1692 4584 1926 4652 σχήματι

345 4671 405 4723 τδ
460 4672 721 4741 ἐσόμενον
776 4672 944 4741 λέγει.
990 4674 1265 4745 Ἐπιμένει
1321 4675 1450 4744 γὰρ,
1511 4673 1694 4743 φησιν,
1739 4673 1926 4742 ἢπερ)¹

344 4760 438 4815 τὸν
463 4760 593 4815 λαὸν
623 4763 690 4815 ἐκ
719 4763 828 4816 τῶν
860 4763 1042 4828 κακῶς
1063 4765 1455 4836 ποιμαινόντων
1481 4764 1841 4834 ταλαιπωρία,
1876 4762 1926 4815 οἳ

253 4920 256 4924 Δ
351 4849 824 4921 μεταχειριοῦνται
884 4851 982 4922 τὴν
1007 4853 1303 4924 ἱερωσύνην
1348 4853 1561 4915 κακῶς·
1609 4851 1776 4921 σκεύη
1818 4852 1927 4922 γὰρ

349 4940 665 5012 ποιμενικὰ,
695 4942 966 5012 ἀνήκοντα
991 4947 1057 5016 τῇ
1076 4943 1311 5015 προϐολῇ
1343 4945 1441 5014 τῆς
1475 4943 1770 5016 ἱερωσύνης
1790 4943 1928 5013 ἔργα

347 5030 517 5104 δηλοῖ,
571 5032 638 5086 δι’
687 5028 764 5089 ὧν
799 5033 1003 5107 ταύτην
1037 5035 1156 5101 ἔθος
1183 5033 1514 5090 ἐκτελεῖσθαι
1556 5035 1654 5107 τὴν
1684 5035 1925 5105 λειτουρ-

349 5123 494 5191 γίαν.
545 5125 933 5198 Ἐπιλήψονται
955 5128 1151 5193 τοίνυν,
1185 5130 1260 5197 (p.
1292 5127 1416 5200 518)
1445 5129 1599 5200 φησι,
1633 5127 1734 5198 τῆς
1767 5129 1925 5197 ἱερω-

359 5213 519 5286 τύνης
572 5218 763 5289 ἄνδρες
807 5219 1061 5290 οὐδεμίαν
1120 5219 1212 5272 τοῦ
1275 5221 1596 5290 πράγματος
1634 5219 1923 5290 ἐμπειρίαν

353 5302 584 5375 ιχοντες,
648 5309 772 5362 οὐδέ
810 5327 864 5361 τι
909 5309 1168 5379 πράττειν
1215 5309 1322 5363 τῶν
1361 5309 1589 5363 δεόντων
1621 5310 1840 5373 εἰδότες,
1873 5309 1923 5362 οἳ

355 5390 475 5446 οὔτε
495 5394 560 5446 τὺ
586 5397 890 5469 ἡσθενηκὸς
936 5397 1377 5459 ἐπισκέπτονται,
1406 5395 1527 5450 οὕτε
1555 5396 1663 5450 τῶν
1691 5399 1923 5466 ἀφιστα-

359 5481 529 5552 μένων
550 5483 773 5558 ζήτησιν
800 5485 1098 5552 ποιοῦνται,
1126 5486 1420 5559 θεραπείαν
1445 5503 1504 5539 τε
1542 5487 1652 5551 τοῖς
1675 5502 1924 5540 κεκακω·

428 5655 476 5691 ’⁸
505 5657 642 5715 Psal.
680 5677 794 5728 cur,
837 5663 924 5716 Η.

2029 4308 2288 4378 requiret,
2311 4313 2362 4360 et
2386 4304 2722 4358 confractum
2745 4316 2851 4353 uou
2873 4301 3113 4355 sanabit:
3144 4317 3360 4358 carnem
3393 4304 3599 4357 electo--

2028 4416 2148 4454 rum
2196 4395 2438 4453 vorabit,
2472 4401 2524 4446 ct
2573 4393 2714 4445 talos
2748 4391 2962 4444 illorum
3000 4393 3296 4446 subvertet.
3323 4413 3340 4443 ι
3387 4393 3597 4449 Rursus

2033 4490 2119 4544 hic
2146 4486 2462 4555 imperativa
2493 4484 2660 4552 ﬁgura
2690 4496 2802 4534 rem
2835 4480 3070 4534 futuram
3090 4482 3595 4550 dicit.Perseverat,

2033 4580 2231 4649 inquit,
2270 4576 2487 4631 miseria
2526 4574 2729 4643 populi,
2757 4574 3022 4625 malorum
3070 4583 3348 4642 pastorum
3401 4588 3594 4635 causa,

2028 4671 2122 4740 qui
2155 4669 2311 4723 malis
2344 4667 2554 4720 artibus
2586 4664 2952 4719 sacerdotium
2987 4663 3266 4731 arripient.
3306 4662 3435 4716 Nam
3468 4680 3596 4718 vasa

2031 4761 2356 4832 pastoralia,
2401 4756 2781 4813 convenientia
2831 4755 3159 4809 sacerdotali
3211 4753 3386 4808 oliicio
3432 4770 3595 4825 opera

2028 4854 2314 4913 denotant,
2351 4851 2549 4919 quibus
2571 4847 2708 4901 solet
2747 4846 2965 4915 liturgia
2997 4845 3203 4915 peragi.
3239 4844 3596 4913 Occupabunt

2029 4944 2233 5012 itaque,
2267 4943 2363 5005 ait,
2415 4939 2781 4994 sacerdotium
2824 4937 2924 4988 viri
2979 4937 3182 4989 nullam
3227 4935 3302 4989 rei
3348 4937 3593 5004 peritiam

2029 5035 2313 5094 habentes,
2345 5033 2545 5086 bonum
2569 5029 2846 5099 quodlibet
2879 5027 3055 5082 facere
3078 5026 3275 5092 nescii;
3304 5026 3394 5094 qui
3423 5040 3598 5095 neque

2034 5121 2308 5176 inﬁrmum
2341 5119 2660 5184 visitabunt,
2681 5131 2857 5186 neque
2890 5116 3142 5170 absentes
3174 5117 3473 5184 requirent,
3500 5131 3596 5167 ne-

2030 5227 2137 5282 que
2170 5210 2434 5266 medelam
2463 5211 2622 5279 aegris
2650 5209 2817 5262 ullam
2845 5206 3068 5261 afferent
3091 5225 3103 5259 :
3125 5207 3218 5262 sed
3245 5222 3420 5274 neque
3448 5207 3597 5259 inco-

2031 5303 2258 5358 lumium
2291 5315 2422 5354 cura
2457 5301 2566 5355 illis
2613 5300 2737 5358 erit,
2774 5306 2834 5351 ut
2879 5301 2932 5352 iu
2967 5313 3066 5352 sua
3098 5297 3330 5351 sanitate
3369 5311 3596 5352 conscr-

2023 5403 2236 5450 ventur.
2269 5392 2469 5446 Contra
2500 5406 2629 5445 vero
2659 5391 2875 5443 illorum
2922 5389 3016 5458 qui
3059 5389 3335 5443 meliorem
3383 5386 3593 5458 frugem

2023 5493 2330 5547 sectantur,
2380 5497 2576 5537 carnes
2608 5482 2784 5550 ipsas,
2834 5479 2880 5536 si
2927 5481 3040 5535 ﬁeri
3085 5486 3295 5549 potest,
3345 5479 3594 5548 talosque
