4022 6138
301 275 407 334 579

1476 267 1831 327 THEODOBI
1868 268 2233 328 MOPSUEST
2244 269 2353 324 ΕΜ

3452 279 3556 336 580

303 392 617 457 comedunt,
645 388 1051 464 quomodolibet
1078 400 1172 441 eos
1206 391 1496 441 vexantes:
1524 393 1577 439 et
1609 385 1769 439 modo
1796 385 1876 455 ipv

1988 384 2162 454 μένοις
2191 385 2484 453 ἐπάγουσιν
2515 385 2767 453 οὐδεμίαν
2797 404 2808 415 ·
2840 386 2953 439 ἀλλ’
2981 385 3101 440 οὐδὲ
3124 385 3233 440 τῶν
3269 387 3437 454 ὑγιῶν
3464 392 3556 444 λό-

300 491 402 553 ais,
438 486 598 542 modo
632 481 946 540 eorumdem
984 479 1144 534 bonis
1198 484 1490 541 nocentes;
1539 477 1667 547 quia
1721 476 1873 529 malae

304 580 430 635 vita:
462 577 709 632 homines
738 572 902 644 349
933 571 1112 629 hostili
1139 571 1322 625 animo
1348 576 1477 624 sunt
1499 583 1625 637 erga
1654 566 1874 621 virtutis

305 676 594 725 amatores.
629 664 840 731 Quibus
889 663 1040 733 gravi
1088 676 1215 719 cum
1261 660 1548 717 stomacho
1592 659 1871 720 inclamat,

307 759 399 814 Dei
415 756 700 826 plurimam
725 753 797 807 ob
827 768 916 807 res
938 758 1088 805 actas
1105 749 1533 821 indignationem
1550 746 1871 805 declarans:

308 844 486 915 ιο(ιυί
508 843 732 915 pascitis
757 857 917 903 vana,
940 842 1032 912 qui
1061 838 1440 910 derelinquitis
1459 837 1621 891 oves!
1650 834 1875 890 Gladius

301 952 465 1005 super
489 934 773 990 brachium
795 932 938 1002 ejus,
962 940 1017 987 et
1038 945 1202 1001 super
1222 929 1445 984 oculum
1463 928 1583 997 ejus
1599 926 1872 981 dextrum.

301 1026 593 1081 Bracliium
624 1024 746 1094 ejus
784 1023 1038 1079 dextrum
1070 1036 1328 1076 arescens
1362 1020 1569 1080 areliet,
1601 1025 1654 1073 et
1682 1017 1875 1073 oculus

295 1117 420 1187 ejus
453 1115 643 1170 dexter
672 1121 979 1170 excaecatus
1009 1110 1389 1167 excacabitur.
1416 1128 1434 1159 ι
1460 1109 1530 1161 Αι
1559 1108 1703 1163 enim
1732 1105 1874 1160 haud

299 1207 568 1277 impunita
589 1205 724 1267 haec,
745 1205 946 1274 inquit,
966 1201 1118 1256 vobis
1145 1209 1327 1273 erunt,
1350 1198 1444 1270 qui
1478 1196 1735 1268 pastorali
1765 1193 1875 1249 οἰη-

298 1296 389 1351 cio
413 1296 478 1350 ad
516 1294 813 1366 nequitiam
848 1291 1086 1356 utimini,
1114 1297 1168 1345 et
1198 1287 1290 1343 Dei
1324 1289 1580 1360 populum
1609 1285 1877 1339 occisioni

300 1383 649 1439 contraditis.
688 1381 930 1450 Naiuque
969 1380 1023 1433 in
1071 1376 1314 1434 brachiis
1356 1375 1642 1444 oculisque
1685 1386 1878 1445 punias

300 1472 487 1535 luetis,
526 1471 634 1523 illis
665 1469 883 1540 quidem
915 1482 1143 1538 prorsus
1175 1463 1471 1526 enervatis,
1505 1463 1589 1516 his
1620 1476 1747 1515 vero
1780 1476 1875 1515 ex-

299 1562 537 1618 eaecatis.
588 1560 777 1615 Dicere
814 1573 979 1630 porro
1022 1558 1133 1612 vult
1183 1556 1328 1611 vires
1365 1556 1577 1608 illorum
1613 1566 1804 1607 omnes
1847 1566 1877 1604 a

299 1653 484 1708 divina
533 1652 813 1723 punitione
854 1648 1093 1705 deletum
1135 1647 1240 1711 iri,
1302 1660 1512 1700 necnon
1556 1640 1878 1714 inspiciendi

1975 490 2069 541 γος
2096 472 2277 536 αὐτοῖς
2298 515 2312 535 ,
2356 474 2501 536 ὅπως
2543 473 2607 525 ἂν
2654 475 2744 526 ἐπὶ
2788 475 2886 544 τῆς
2916 475 3121 539 οἰκείας
3150 474 3363 545 μένοιεν
3393 478 3559 548 εὐρω-

1978 563 2161 625 στίας·
2220 561 2527 617 τούναντίον
2587 563 2685 633 μὲν
2737 559 2831 617 οὖν
2874 564 2983 618 τῶν
3031 566 3166 636 πρὸς
3205 566 3266 619 τὸ
3310 571 3560 636 κρεῖττον

1972 650 2248 722 ὁρώντων,
2281 653 2492 716 καὶτὰς
2520 652 2728 724 σάρκας
2757 656 2804 708 εἰ
2836 650 2944 708 οἷόν
2969 673 3054 723 τε,
3081 658 3175 709 καὶ
3202 657 3328 720 τοὺς
3357 657 3560 727 ἀστρας-

1976 742 2178 805 γάλους
2208 741 2571 807 κατεσθίουσι,
2599 746 2761 799 παντὶ
2795 746 2980 816 τρόπῳ
3011 746 3196 810 κακῶς
3222 746 3416 811 αὐτοὺς
3448 748 3561 803 δια-

1975 832 2241 897 τιθέντες’
2275 834 2368 888 καὶ
2397 834 2464 888 τὰ
2501 836 2600 905 μὲν
2625 837 2829 901 αὐτοῖς,
2858 837 2927 890 τὰ
2959 837 3017 891 δὲ
3045 840 3157 901 τοῖς
3185 838 3558 908 προσήκουσιν

1977 924 2157 987 αὐτοῖς
2177 923 2578 994 λυμαινόμενοι,
2620 928 2806 999 ἐπειδὴ
2842 929 2976 999 πρὸς
3002 928 3064 982 τὸ
3094 930 3273 998 χεῖρον
3298 931 3564 1000 ῥέποντες

1976 1012 2127 1066 αὐτοὶ
2180 1013 2453 1085 πολεμίως
2497 1017 2679 1087 ἔχουσι
2732 1019 2866 1090 πρὸς
2896 1021 3021 1082 τοὺς
3060 1019 3154 1072 τοῦ
3186 1020 3394 1083 δέοντος
3426 1021 3558 1090 ἐραν

1978 1104 2136 1167 στάς·
2166 1100 2248 1167 οἷς
2273 1105 2450 1170 καλῶς
2471 1108 3113 1180 μετάάποδυσπετήσεως
3127 1111 3320 1177 ἐπάγει
3336 1109 3557 1179 πολλἧῆ

1978 1193 2258 1265 ἐμφαίνων
2316 1195 2410 1267 τὴν
2459 1199 2550 1251 ἐπὶ
2583 1202 2694 1263 τοῖς
2725 1201 3030 1270 γινομένοις
3059 1201 3429 1271 ἀγανάκτησιν
3463 1199 3559 1252 τοῦ

1977 1283 2113 1338 θεοῦ
2141 1286 2396 1357 πλείστην
2424 1285 2608 1345 οὖσαν.
2641 1311 2659 1342 ι
2691 1291 2755 1343 Ὢ
2775 1293 2825 1344 ot
2854 1292 3230 1363 ποιμαίνοντες
3246 1293 3314 1346 τὰ
3331 1292 3558 1362 μάταια,

1979 1373 2074 1430 καὶ
2103 1376 2549 1443 καταλελοιπότες
2597 1381 2666 1434 τὰ
2716 1381 2962 1452 πρόϐατα
2987 1399 2999 1411 ·
3050 1381 3293 1453 μάχαιρα
3342 1381 3435 1433 ἐπὶ
3462 1381 3559 1435 τοῦ

1981 1462 2261 1534 βραχίονος
2287 1467 2475 1532 αὐτοῦ,
2516 1471 2611 1525 καὶ
2642 1472 2732 1525 ἐπὶ
2788 1473 2879 1527 τὸν
2936 1472 3216 1541 ὀφθαλμὸν
3262 1472 3425 1526 αὑτοῦ
3464 1472 3561 1524 τὸν

1978 1551 2150 1617 δεξιόν
2169 1569 2182 1584 ’
2214 1559 2243 1608 ὁ
2267 1554 2507 1629 βραχίων
2537 1560 2703 1614 αὑτοῦ
2726 1560 3111 1633 ξηραινόμενος
3135 1562 3557 1634 ξηρανθήσεται,

1979 1643 2073 1695 καὶ
2097 1645 2125 1697 ό
2160 1646 2433 1721 ὀφθαλμὸς
2464 1652 2626 1709 αὐτοῦ
2665 1655 2693 1708 ό
2724 1654 2896 1719 δεξιὸς
2932 1654 3364 1725 ἐκτυφλούμενος
3398 1654 3567 1706 ἐκτυν

301 1754 527 1802 caeteros
566 1743 905 1801 facultatem.
937 1740 1031 1797 llis
1061 1740 1345 1810 subjungit
1374 1758 1386 1793 :

1988 1735 2338 1808 ρλωθήσεται.
2368 1760 2385 1792 ι
2408 1741 2685 1817 Ἀλλάγάρ
2712 1745 2812 1799 οὐκ
2839 1743 3160 1816 ἀτιμώρητα
3191 1724 3359 1799 ταῦτα
3380 1743 3558 1805 ἔσται,

300 1843 486 1913 φησιν,
517 1840 641 1912 ύμῖν
673 1840 785 1901 τοῖς
811 1836 902 1891 ἐπὶ
925 1835 1079 1906 κακῷ
1093 1838 1158 1906 τῇ
1189 1835 1457 1906 ποιμασίᾳ
1481 1830 1856 1905 κεχρημένοις,
1897 1828 1992 1882 καὶ
2032 1830 2169 1901 πρὸς
2224 1834 2435 1908 σφαγὴν
2487 1835 2812 1891 ἐκδεδωκόσι
2833 1837 2926 1892 τοῦ
2958 1838 3095 1892 Θεοῦ
3122 1839 3215 1892 τὸν
3257 1836 3418 1891 λαόν*
3476 1837 3561 1901 είς

310 1938 408 2007 γὰρ
441 1936 567 1998 τοὺς
591 1930 880 2003 βραχίονας
910 1929 1005 1983 καὶ
1038 1929 1164 1991 τοὺς
1185 1926 1497 1999 ὀφθαλμοὺς
1523 1925 1723 1980 δώσετε
1767 1918 1943 1990 δίκην,
1979 1921 2087 1975 τῶν
2135 1925 2233 1994 μὲν
2263 1931 2677 2000 μαραινομένων
2715 1932 3009 1995 παντελῶς,
3039 1931 3146 1986 τῶν
3176 1932 3232 1985 δὲ
3266 1931 3562 2000 ἐκτυφλους

302 2028 504 2101 μένων·
571 2023 817 2097 βούλεται
863 2022 919 2074 δὲ
973 2022 1147 2074 εἰπεῖν
1188 2022 1268 2073 δτι
1306 2019 1400 2071 καὶ
1432 2020 1464 2089 ἡ
1502 2018 1655 2087 ἰσχὺς
1694 2011 1873 2068 αὐτῶν
1901 2011 2052 2065 πᾶσα
2087 2013 2177 2069 διὰ
2222 2017 2319 2087 τῆς
2340 2022 2607 2092 τιμωρίας
2662 2023 3085 2096 ἀφαιρεθήσεται
3128 2023 3227 2094 τῆς
3258 2023 3428 2088 Θείας,
3462 2019 3563 2077 καὶ

303 2126 332 2196 ἢ
364 2121 579 2189 ἐξουσία
609 2117 703 2177 τοῦ
736 2117 909 2172 δοκεῖν
950 2117 1150 2187 ἐφορᾷν
1192 2115 1416 2186 ἑτέροις.
1449 2112 1665 2177 Τούτοις
1701 2107 1929 2177 ἐπάγει·

975 2207 1083 2263 AP.
1119 2206 1236 2263 XII.

370 2304 544 2361 Vna.
571 2302 689 2359 1-5.
708 2330 777 2342 —-
802 2320 820 2353 ι
840 2206 1329 2368 Δεὲιῖηριίιίζῗοὼἰ
1377 2290 1588 2351 Domini
1612 2308 1773 2365 super
1792 2293 1873 2348 ls-

305 2397 439 2452 rael.
462 2394 602 2450 Dicit
622 2392 880 2447 Dominus
894 2390 985 2461 qui
1007 2388 1251 2448 extendit
1276 2389 1496 2453 cmlum,
1518 2386 1879 2441 fundavitterv

2626 2211 2786 2265 ΚΕΦ.
2803 2211 2906 2267 IB'.

2052 2292 2199 2363 Στίχ.
2262 2302 2404 2365 lvi-7’.
2437 2329 2506 2345 -ρ
2540 2316 2560 2351 ι
2599 2300 2808 2373 Λῆμμα
2854 2300 3012 2371 λόγου
3056 2302 3260 2373 Κυρίου
3313 2299 3407 2354 ἐπὶ
3466 2300 3561 2353 τὸν

1994 2383 2240 2457 Ἰσραήλο
2294 2388 2438 2458 λέγει
2498 2391 2700 2462 Κύριος
2745 2393 3003 2447 ἐκτείνων
3042 2393 3136 2446 τὸν
3173 2392 3419 2463 οὐρανὸν,
3466 2391 3562 2447 καὶ

306 2505 447 2551 ram,
466 2495 518 2542 et
533 2485 686 2540 finxit
701 2482 955 2553 spiritum
971 2480 1208 2535 hominis
1221 2478 1277 2533 in
1291 2494 1412 2534 eo.)
1445 2476 1501 2530 Id
1518 2484 1622 2537 est,
1638 2471 1761 2530 Hatc
1784 2489 1880 2544 per

1988 2475 2247 2547 θεμελιῶν
2299 2480 2398 2552 τὴν
2456 2481 2582 2552 γῆν,
2638 2483 2893 2538 πλάσσων
2944 2482 3161 2556 πνεῦμα
3187 2483 3475 2555 ἀνθρώπου
3501 2484 3561 2534 ὲν

306 2579 694 2639 revelationem
722 2590 753 2629 a
780 2572 888 2628 Deo
920 2571 1050 2626 mihi
1077 2570 1348 2643 patefacta
1379 2568 1573 2633 recito,
1604 2566 1694 2636 qui
1727 2580 1881 2619 crea-

1988 2569 2150 2641 ιῦτῷ.
2194 2590 2213 2621 ι
2252 2573 2369 2628 Ἵνα
2397 2575 2548 2647 εἴπῃ,
2570 2575 2656 2646 (p.
2686 2575 2809 2646 519)
2841 2575 3026 2631 Ταῦτα
3049 2578 3191 2630 κατά
3219 2574 3562 2644 άποκὰλυψίν

305 2682 391 2727 tor
414 2685 597 2727 rerum
614 2667 854 2724 omnium
869 2672 976 2729 est,
999 2661 1251 2734 idemque
1268 2660 1541 2716 hominem
1565 2656 1875 2727 fecit,eiquc

1988 2683 2077 2738 μοι
2113 2665 2393 2736 δειχθέντα
2428 2666 2582 2740 παρά
2628 2666 2723 2721 τοῦ
2757 2668 2891 2723 Θεοῦ
2918 2667 3082 2737 λέγω,
3114 2667 3174 2731 ὃς
3206 2666 3436 2738 ποιητὴς
3459 2666 3563 2738 μὲν

309 2764 544 2819 animam
575 2767 630 2815 et
665 2755 1027 2813 ratiocinandi
1072 2755 1180 2808 vim
1229 2751 1538 2818 impertitus
1574 2760 1677 2804 est.
1712 2748 1879 2815 Quasi

1988 2757 2239 2812 ἁπάντων
2262 2757 2375 2811 ἐστὶ
2403 2756 2510 2812 τῶν
2531 2757 2722 2822 ὄντων,
2752 2758 2915 2821 αὐτὸς
2932 2758 2993 2813 δὲ
3019 2759 3117 2812 καὶ
3146 2756 3429 2828 ἄνθρωπον
3463 2775 3564 2812 πεπ-

308 2858 454 2910 dicat
503 2853 672 2907 Deum
713 2857 773 2904 ut
813 2848 983 2901 voluit
1015 2846 1464 2900 consensisse-ut
1490 2844 1608 2896 haec
1661 2839 1878 2903 tierent,

1988 2851 2204 2920 ποίηκε,
2231 2849 2405 2921 ψυχῆς
2442 2866 2500 2903 τε
2524 2849 2671 2921 αύτῷ
2700 2850 3117 2922 καιπροθέσεως
3142 2849 3366 2921 λογικῆς
3399 2867 3566 2921 μετα,

308 2946 404 3016 qui
447 2951 634 3013 utpote
678 2938 927 2995 omnium,
964 2936 1231 2990 Dominus
1258 2930 1507 2990 concedit
1546 2931 1882 2995 hominibus,

1988 2941 2133 3004 5025;“
2192 2941 2280 2994 ἵνα
2325 2939 2456 3013 εἴπῃ
2507 2941 2589 2994 ὅτι
2622 2941 2698 3005 ὼς
2732 2941 3008 3012 ἠϐουλήθη
3055 2939 3186 3005 θεὸς
3218 2938 3565 3011 συνεχώρησε

311 3050 437 3089 cum
462 3034 515 3089 ei
543 3031 784 3095 libuerit,
807 3027 953 3098 quod
984 3026 1256 3081 voluerint
1276 3026 1555 3095 perlicere.
1588 3022 1727 3088 Quid
1756 3037 1884 3093 ergo

1988 3031 2151 3086 ταῦτα
2171 3030 2443 3100 γενέσθαι,
2477 3031 2535 3096 ὃς
2567 3030 2662 3084 ἅτε
2684 3031 2900 3086 πάντων
2935 3030 3137 3102 Κύριος
3168 3034 3443 3102 συγχωρεῖ
3468 3031 3563 3084 καὶ

312 3130 423 3192 hic,
462 3125 617 3196 quid,
652 3125 891 3190 inquam,
926 3117 1223 3177 dieit‘hEn
1239 3130 1342 3184 ego
1372 3130 1515 3186 pono
1545 3113 1881 3170 Hierusalem

1988 3121 2289 3192 ἀνθρώποις
2317 3122 2465 3180 ὁπότ’
2495 3122 2561 3177 ἀν
2595 3121 2849 3179 ἐθέλοιτά
2876 3121 3135 3176 δοκοῦντα
3157 3124 3340 3185 uinci;
3368 3123 3561 3177 ποιεῖν.

315 3229 373 3279 ιιι
401 3216 671 3290 propylaea
696 3211 1087 3269 commovenda
1117 3209 1335 3269 cunctis
1365 3209 1419 3263 in
1453 3207 1687 3263 circuitu
1716 3222 1886 3280 p0pu-

315 3312 404 3374 lis,
437 3317 492 3364 et
518 3307 570 3362 in
600 3303 783 3362 Judaea
810 3298 1161 3357 erit.obsidio
1187 3297 1447 3363 adversus
1478 3297 1836 3353 Hierusalem.
1861 3316 1880 3348 ι

318 3401 427 3470 Ego
451 3399 653 3468 itaque,
681 3393 881 3463 inquit,
916 3397 1136 3460 propter
1168 3388 1473 3442 incolarum
1510 3386 1768 3440 malitiam
1799 3385 1885 3440 in-

317 3488 556 3543 firmitati
585 3483 784 3539 tradidi
814 3480 1061 3552 plurimae
1082 3478 1445 3543 Hierusalem,
1475 3486 1536 3531 ut
1556 3477 1772 3533 cunctis
1794 3491 1889 3531 vo-

315 3579 554 3635 lentibus
584 3576 737 3630 liceat
779 3576 950 3643 ipsam
979 3571 1198 3643 aggredi
1239 3582 1291 3625 et
1319 3578 1481 3640 prout
1508 3569 1728 3624 libuerit
1756 3583 1888 3623 con-

315 3676 502 3723 cutere
524 3685 541 3736 ;
564 3665 706 3721 unde
728 3666 890 3721 etiam
919 3679 946 3715 a
980 3662 1370 3718 Macedonibus
1392 3661 1611 3731 regibus
1639 3669 1887 3717 coortum

314 3757 478 3829 350
502 3763 586 3812 est
615 3755 837 3810 bellum.
881 3771 898 3804 ι
919 3754 985 3806 Ει
1010 3754 1115 3808 erit
1144 3752 1231 3807 die
1265 3752 1354 3805 illa
1396 3767 1593 3821 ponam
1630 3751 1890 3807 llierusa-

316 3849 420 3903 lem
449 3844 681 3915 lapidem
702 3842 1079 3898 conculcatum
1099 3841 1166 3896 ab
1186 3841 1445 3897 omnibus
1461 3841 1736 3911 gentibus.
1759 3840 1891 3907 Qui-

316 3951 532 4005 cunque
559 3933 965 3989 conculcaverit
988 3946 1131 3995 eam,
1164 3930 1398 3987 illudens
1436 3926 1648 3992 illudct,
1677 3940 1730 3987 et
1760 3946 1891 3986 eon-

317 4024 687 4096 gregabuntur
736 4022 997 4076 adversus
1043 4035 1162 4074 eam
1216 4034 1407 4075 omnes
1447 4029 1635 4092 gentes
1664 4027 1883 4076 terra.»

318 4113 459 4169 Hinc
468 4129 586 4170 eam
602 4111 858 4167 invadent
872 4110 1189 4181 alienigena:
1203 4128 1221 4177 ;
1235 4110 1562 4181 cunctisque
1590 4111 1891 4166 invadenti-

318 4208 423 4259 lus
467 4204 701 4259 facultas
736 4203 842 4258 erit
885 4200 1117 4256 faciendi
1168 4202 1218 4255 ei
1268 4201 1532 4271 quidquid
1581 4203 1888 4271 voluerint;

317 4311 447 4352 nam
478 4296 653 4359 multi,
688 4296 764 4350 rei
797 4294 962 4364 hujus
989 4307 1178 4357 causa,
1214 4304 1406 4349 contra
1437 4309 1558 4350 eam
1591 4295 1890 4367 congloba-

320 4389 544 4443 buntur.
590 4383 792 4441 Deinde
836 4384 1081 4442 recitatis
1130 4386 1558 4450 calamitatibus,
1609 4401 1732 4456 qua
1780 4385 1892 4441 Deo

1987 3212 2051 3264 Τί
2080 3207 2172 3285 οὖν
2203 3207 2387 3277 οὖτοςς
2414 3212 2466 3266 τί
2500 3228 2696 3282 φησιν;
2736 3231 2754 3263 ι
2806 3212 2937 3266 Ἰδοὺ
2975 3211 3085 3280 ἐγὼ
3117 3212 3307 3282 τίθημι
3333 3211 3432 3282 τὴν
3470 3211 3567 3262 Ἰε-

1987 3299 2270 3371 ρουσαλὴμ
2325 3300 2398 3364 ὡς
2452 3300 2701 3371 πρόθυρα
2742 3301 3074 3373 σαλευόμενα
3104 3302 3238 3353 πᾶσι
3271 3302 3382 3361 τοῖς
3415 3298 3567 3361 λαοῖς

1986 3390 2191 3461 κύκλῳ,
2223 3390 2315 3446 καὶ
2341 3392 2398 3444 ἐν
2423 3394 2490 3461 τῇ
2527 3391 2757 3463 Ἰουδαία
2808 3391 2960 3446 ἔσται
2992 3393 3219 3464 περιοχὴ
3243 3391 3334 3445 ἐπὶ
3369 3392 3567 3460 Ἱερουη

1987 3483 2187 3554 σαλήμ.
2234 3501 2252 3534 ι
2295 3481 2437 3550 Ἐγὼ
2462 3482 2667 3546 τοίνυν,
2713 3485 2863 3553 φησι,
2891 3485 2979 3536 διὰ
3010 3483 3107 3553 τὴν
3136 3484 3242 3537 τῶν
3273 3482 3567 3537 οἰκούντων

1987 3575 2183 3630 κακίαν
2217 3573 2467 3643 ἀσθενείᾳ
2506 3573 2861 3643 παραδέδωκα
2901 3575 3130 3647 πλείστῃ
3159 3573 3257 3645 τὴν
3298 3575 3568 3645 Ἰερουσαιρ

1987 3664 2118 3736 λὴμ,
2152 3664 2292 3717 ὥστε
2333 3668 2500 3719 πᾶσιν
2530 3666 2728 3732 ἐξεῖναι
2755 3668 2866 3729 τοῖς
2898 3664 3242 3734 βουλομένοις
3266 3665 3477 3718 ἐπιέναι
3504 3680 3564 3716 τε

1988 3758 2125 3826 αὐτῇ
2155 3758 2247 3810 καὶ
2275 3758 2517 3812 σαλεύειν
2542 3757 2617 3821 ὡς
2639 3757 2705 3811 ἂν
2743 3756 2995 3822 ἐθέλοιεν,
3014 3755 3137 3809 ὅθεν
3160 3756 3227 3827 δὴ
3256 3757 3350 3810 καὶ
3368 3754 3570 3828 ό-παρά

1985 3850 2095 3903 τῶν
2128 3848 2463 3912 Μακεδονίας
2514 3847 2776 3919 βασιλέων
2802 3846 2983 3909 αὐτοῖς
3013 3848 3380 3916 ἐπεγήγερται
3405 3844 3567 3898 πόλευ

1991 3957 2111 4014 μος.
2146 3959 2163 3990 ι
2201 3940 2310 3994 Καὶ
2363 3939 2512 3992 ἔσται
2546 3941 2603 3993 ἐν
2647 3941 2714 4010 τῇ
2754 3938 2936 4010 ἡμέρᾳ
2979 3938 3164 4010 ἐκείνῃ
3200 3936 3436 4008 θήσομαι
3464 3936 3570 4007 τὴν

2000 4030 2348 4103 Ἰερουσαλὴμ
2376 4029 2522 4082 λίθον
2561 4029 3041 4100 καταπατούμενον
3059 4029 3191 4082 πᾶσι
3225 4031 3336 4091 τοῖς
3358 4027 3563 4082 ἔθνεσιν

1989 4124 2096 4184 πᾶς
2136 4124 2164 4174 ό
2219 4119 2552 4176 καταπατῶν
2580 4120 2746 4190 αὐτὴν
2780 4118 3062 4191 ἐμπαίζων
3097 4118 3443 4191 ἐμπαίξεται,
3471 4117 3567 4172 καὶ
3603 4125 3617 4151 ⁶

1989 4209 2474 4281 ὲπισυναχθήσεται
2500 4208 2585 4259 ἐπ’
2618 4209 2786 4279 αὐτὴν
2811 4209 2987 4262 πάντα
3017 4208 3083 4261 τὰ
3113 4207 3241 4278 ἔθνη
3267 4207 3366 4278 τῆς
3390 4209 3510 4275 γῆς.
3539 4226 3560 4258 ι

2002 4299 2279 4353 Ἐντεῦθεν
2307 4297 2477 4369 αὐτὴν
2511 4299 2860 4369 ἐπιϐήσονται
2903 4298 3000 4368 μὲν
3026 4296 3318 4369 ἀλλότριοι,
3350 4299 3482 4350 πᾶσι
3508 4296 3570 4351 δὲ

1988 4394 2101 4454 τοῖς
2147 4389 2514 4449 ἐπιϐαίνουσιν
2573 4389 2726 4443 ἄδεια
2754 4392 3040 4460 γενήσεται
3079 4389 3173 4442 τοῦ
3202 4389 3460 4460 πράττειν
3488 4388 3570 4457 είς

319 4478 666 4549 permittente
686 4483 1000 4539 evenerant,
1023 4476 1156 4531 dicit
1183 4477 1421 4530 futuram
1453 4478 1507 4532 in
1534 4479 1733 4535 melius
1757 4493 1882 4535 con-

1994 4482 2163 4553 αὐτὴν
2198 4483 2337 4557 ἆπερ
2359 4480 2422 4536 ἂν
2452 4480 2706 4545 ἐθέλοιεν,
2739 4482 2832 4537 ἆτε
2861 4482 2955 4535 καὶ
2979 4480 3186 4536 πολλῶν
3212 4479 3567 4552 ἁθροισθησο-

321 4568 651 4629 versionem,
686 4581 849 4638 quam
881 4564 989 4621 Deo
1015 4566 1229 4621 volente
1259 4568 1637 4636 experientur.

1998 4575 2173 4647 μένων
2198 4574 2282 4626 ἐπ’
2310 4573 2501 4644 αὐτὴν,
2520 4574 2710 4627 τούτου
2740 4589 2801 4642 γε
2821 4573 3004 4627 ἕνεκεν
3023 4590 3036 4602 ·
3068 4568 3188 4625 εἶτα
3215 4572 3451 4644 εἰρηκὼς
3469 4578 3569 4635 τας

322 4655 605 4728 συμφορὰς
633 4622 720 4718 ὡς.
750 4654 891 4708 κατὰ
937 4650 1279 4725 συγχώρησιν
1318 4622 1411 4709 τοῦ
1450 4654 1584 4708 Θεοῦ
1622 4622 1945 4730 γενομένας,

320 4749 500 4815 ἕξουσι
517 4748 612 4803 τοῦ
643 4747 776 4801 Θεοῦ
803 4745 1170 4817 βουληθέντος.

400 4840 564 4899 Vsus.
583 4841 807 4909 4,5.--ι
835 4839 929 4894 Die.
949 4838 1060 4903 illa,
1077 4837 1212 4892 dicit
1228 4835 1492 4895 Dominus
1517 4842 1892 4913 omnipotens,

258 4988 261 4989 ,
320 4932 620 5006 percutiam
660 4945 877 4987 omnem
925 4942 1129 4997 equum
1166 4935 1411 4997 stupore,
1453 4937 1506 4984 et
1543 4945 1891 4992 αεοθηευηιιη

319 5028 442 5096 ejus
472 5024 728 5080 amentia.
777 5020 952 5092 Super
990 5020 1210 5075 domum
1245 5026 1425 5074 autem
1467 5019 1621 5079 Iudae
1650 5028 1891 5097 aperiam

320 5118 511 5174 oculos
533 5132 707 5181 meos,
737 5122 792 5171 et
822 5129 1013 5171 omnes
1040 5128 1210 5183 equos
1240 5114 1560 5184 populorum
1592 5121 1891 5187 percutiam

323 5212 588 5265 caecitate.
624 5207 687 5263 Et
719 5208 900 5263 dicent
927 5206 1131 5262 tribuni
1155 5202 1308 5260 Iudae
1332 5219 1523 5262 omnes
1553 5208 1608 5262 in
1634 5211 1893 5267 cordibus

325 5303 473 5353 suis:
508 5298 850 5354 Inveniemus
878 5298 1036 5353 nobis
1073 5294 1283 5353 incolas
1314 5292 1651 5352 Hierusalem
1686 5303 1740 5355 in
1783 5301 1891 5357 Do-

329 5390 475 5441 mino
526 5390 894 5458 omnipotente
949 5389 1057 5445 Deo
1107 5389 1375 5459 ipsorum.
1417 5407 1436 5440 ι
1509 5386 1892 5448 Verumtamen

329 5476 473 5530 haud
509 5494 681 5547 usque
708 5478 772 5533 ad
815 5480 1211 5532 extremitatem
1251 5476 1334 5533 eis
1363 5478 1631 5533 ntalorum
1673 5494 1893 5536 sensum

333 5563 537 5617 intendi
593 5565 788 5629 sinam,
824 5565 918 5620 sed
944 5567 1180 5620 subitum
1207 5566 1424 5621 cunctis
1453 5568 1704 5637 praebebo
1733 5571 1892 5624 auxi-

327 5652 499 5720 lium;
549 5668 739 5723 nempe
780 5669 874 5726 per
917 5654 1037 5711 illos
1065 5654 1157 5728 qui
1189 5668 1312 5710 meo
1346 5655 1624 5713 confidunt
1655 5660 1887 5725 auxilio,

2066 4845 2214 4916 Στίχ.
2243 4844 2288 4898 δ’
2295 4850 2385 4907 ,ε’.
2412 4871 2484 4883 ——
2514 4861 2533 4895 ι
2567 4845 2656 4898 Ἑν
2687 4845 2755 4915 τῇ
2775 4842 2958 4915 ἡμέρᾳ
2972 4843 3174 4917 ἐκείνῃ,
3191 4843 3339 4912 λέγει
3364 4842 3569 4916 Κύριος

1994 4934 2407 5007 παντοκράτωρ.
2442 4932 2664 4997 πατάξω
2698 4934 2873 4987 πάντα
2902 4933 3068 4987 ῐππον
3095 4936 3152 4987 ἐν
3176 4934 3448 4995 ἐκστάσει,
3475 4933 3569 4987 καὶ

1992 5026 2085 5081 τὸν
2117 5025 2394 5093 ἀναϐάτην
2443 5023 2606 5079 αὐτοῦ
2659 5026 2715 5077 ὲν
2772 5027 3221 5097 παραφρονήσειν
3259 5027 3352 5079 ἐπὶ
3395 5026 3568 5083 δὲτὸν

1993 5112 2140 5170 οἷκον
2173 5114 2342 5169 ’ἰούδα
2371 5114 2567 5181 ὰνοίξω
2593 5115 2716 5179 τοὺς
2738 5115 3052 5187 ὀφθαλμούς
3082 5134 3202 5187 μου,
3237 5118 3331 5173 καὶ
3363 5117 3568 5181 πάντας

1993 5209 2120 5271 τοὺς
2142 5207 2339 5268 ἵππους
2371 5204 2477 5259 τῶν
2500 5204 2642 5259 λαῶν
2673 5208 2897 5274 πατάξω
2941 5210 2999 5263 ἐν
3031 5207 3407 5278 άποτυφλώσει
3430 5224 3444 5238 ·
3475 5208 3569 5261 καὶ

1994 5279 2210 5369 ἐροῦσιν
2255 5299 2302 5350 οἱ
2348 5296 2614 5367 χιλίαρχοι
2654 5299 2822 5352 Ἰούδα
2850 5300 3051 5364 πάντες
3076 5303 3140 5354 ἐν
3163 5303 3279 5362 ταῖς
3318 5298 3567 5370 καρδίαις

1995 5389 2197 5453 αὐτῶν,
2228 5390 2303 5459 (p.
2327 5385 2785 5460 520)Εύρήσομεν
2800 5392 3006 5453 ἑαυτοῖς
3031 5392 3156 5450 τοὺς
3186 5388 3570 5449 κατοικοῦντας

2007 5480 2363 5552 Ἰερουσαλὴμ
2395 5482 2451 5533 ἐν
2480 5481 2670 5551 Κυρίῳ
2716 5482 3111 5553 παντοκράτορι
3152 5479 3272 5549 Θεῷ
3311 5479 3515 5533 αὐτῶν.
3546 5498 3565 5530 ι

2009 5573 2165 5626 Ἀλλά
2215 5572 2325 5643 γὰρ
2383 5573 2481 5626 οὐκ
2527 5575 2607 5635 είς
2634 5572 2783 5634 τέλος
2811 5574 2994 5639 αὐτοῖς
3021 5572 3380 5626 ἐπιτείνεσθαι
3422 5571 3572 5624 ἐάσω

1994 5661 2102 5715 τῶν
2138 5661 2323 5719 κακῶν
2374 5662 2471 5733 τὴν
2534 5664 2748 5735 πεῖραν,
2806 5662 3009 5737 ἀθρόαν
3055 5663 3109 5715 δὲ
3145 5662 3342 5718 ἅπασιν
3381 5658 3568 5727 αὐτοῖς
