4022 6138
368 296 471 354 58!

1332 287 1886 347 COMMENTARIUS
1921 289 1987 345 IN
2029 288 2403 347 ZACHARIE
2436 289 2590 345 CAP.
2627 290 2742 345 Xll.
2854 342 2875 358 ,

3525 302 3636 363 ειη

363 406 590 479 παρέξω
643 406 743 477 τὴν
789 403 1060 474 βοήθειαν,
1103 404 1198 457 καὶ
1228 403 1318 458 διὰ
1363 404 1474 457 τῶν
1504 404 1640 476 πρὸς
1666 405 1771 475 τὴν
1808 403 1949 476 ἐμὴν

2053 403 2303 474 intelligit
2331 412 2514 459 autem
2544 403 2903 466 Blachabazos.
2934 415 3190 463 cunctam
3235 408 3453 468 hostilis
3476 416 3633 484 equi-

360 497 614 570 ὁρώντων
672 497 931 567 βοήθειαν
988 494 1262 565 (βούλεται
1311 495 1368 550 δὲ
1406 494 1518 548 τῶν
1568 496 1947 551 Μακκαϐαίων

360 589 556 660 εἰπεῖν)
592 589 775 643 πᾶσαν
796 587 896 658 τὴν
933 585 1166 657 ἱππικὴν
1187 585 1298 641 τῶν
1323 588 1581 641 ἐναντίων
1614 586 1946 654 καταπλήξω

360 683 612 753 δύναμιν,
662 681 805 734 ὥστε
865 679 962 734 καὶ
1007 678 1138 743 τοὺς
1184 678 1582 751 ἐπιδεδηκότας
1627 680 1807 735 αὐτῶν
1864 681 1946 743 εἰς

361 775 595 845 παντελῆ
620 774 1053 845 παραφροσύνην
1079 771 1157 844 τῷ
1189 772 1407 844 μεγέθει
1433 772 1542 827 τῶν
1563 773 1747 827 κακῶν
1773 774 1947 844 ἐμπε-

362 869 495 921 σεῖν.
522 865 635 918 Καὶ
659 863 835 918 ταῦτα
859 865 956 934 μὲν
985 864 1115 936 περί
1136 864 1264 927 τοὺς
1293 865 1568 928 ἐναντίους
1598 865 1939 936 ὲργάσομαι’

356 960 466 1020 τοῖς
491 956 549 1010 δὲ
580 957 644 1010 ἐκ
674 956 773 1025 τῆς
814 954 984 1010 Ἰούδα
1036 954 1231 1025 φυλῆς,
1259 954 1318 1021 ιε
1345 948 1526 1028 ἧσπερ
1581 951 1722 1025 ἦσαν
1768 956 1862 1008 καὶ
1893 955 1944 1009 οἰ

355 1045 650 1117 ἡγούμενοι
684 1044 780 1098 τοῦ
814 1044 1052 1115 πολέμου
1087 1045 1458 1109 Μακκαϐαῖοι,
1490 1046 1589 1117 τήν
1625 1061 1685 1099 τε
1715 1045 1946 1117 ὲποψίαν

357 1138 448 1192 καὶ
471 1138 572 1209 τὴν
593 1136 925 1208 κηδεμονίαν
944 1136 1168 1210 παρέξω
1188 1137 1289 1208 τὴν
1311 1136 1470 1207 ἐμὴν,
1494 1137 1644 1192 ἅπαν
1671 1137 1780 1191 τῶν
1795 1140 1948 1192 ἐνανο

356 1229 483 1282 τίων
511 1229 574 1281 τὸ
602 1230 829 1283 ἱππικὸν
859 1229 934 1293 ὡς
950 1229 1015 1284 ἂν
1034 1229 1305 1299 τυφλώσει
1333 1232 1438 1284 τινὶ
1460 1230 1824 1301 περιϐάλλων,
1850 1232 1946 1287 καὶ

354 1317 524 1382 οὕτως
556 1320 845 1390 ἄπρακτον
870 1320 1015 1374 κατὰ
1031 1320 1139 1374 τῶν
1161 1322 1285 1391 ἐμοὶ
1312 1323 1699 1393 προσηκόντων
1722 1320 1894 1375 ποιῶν
1919 1338 1934 1354 ·

354 1410 472 1465 τότε
487 1409 552 1480 δὴ
578 1410 766 1464 λοιπὸν
794 1413 845 1464 ot
870 1410 1164 1483 ἡγούμενοι
1184 1412 1277 1467 τοῦ
1305 1413 1474 1467 Ἰούδα
1498 1414 1826 1486 ἡσθήσονται
1851 1413 1935 1469 ὅτι

356 1516 459 1571 περ
488 1502 674 1565 αὐτοῖς
694 1501 847 1556 ἄδεια
873 1501 1082 1558 δέδοται
1131 1503 1282 1574 παρὰ
1330 1504 1426 1558 τοῦ
1454 1504 1591 1557 Θεοῦ
1629 1502 1725 1558 τοῦ
1772 1503 1934 1558 πάλιν

2054 501 2201 550 tatus
2229 497 2526 564 potentiam
2556 497 2924 561 torrefaciam,
2946 500 3018 554 ita
3042 508 3103 553 ut
3123 502 3335 570 equites
3364 507 3632 561 omnium.

2052 586 2124 641 do
2154 594 2379 656 stupore
2401 587 2471 641 ob
2497 588 2765 642 malorum
2786 590 3217 659 magnitudinem
3244 597 3632 663 percellantur.

2053 687 2216 748 atque
2261 679 2375 732 haec
2402 680 2625 748 quidem
2657 679 2896 761 inimicis
2920 680 3152 736 faciam:
3191 683 3417 740 etJudae
3442 688 3632 756 tribui,
3678 740 3685 745 .

2045 786 2116 827 ex
2142 787 2251 841 qua
2280 769 2501 825 oriundi
2530 780 2685 824 erant
2704 772 2800 841 qui
2830 772 2999 827 duces
3017 774 3141 829 belli
3170 774 3390 832 fuerunt
3420 779 3639 835 Macha-

2053 859 2175 926 haai,
2203 860 2601 930 providentiam
2629 875 2928 931 curamque
2953 878 3124 919 meam
3156 866 3488 936 impendam.
3516 873 3637 925 uni-

2045 966 2265 1007 versum
2284 952 2524 1006 hostium
2544 953 2852 1021 equitatum
2873 955 3033 1023 quasi
3052 960 3296 1013 ea-citate
3313 961 3632 1015 ebstruens.

2042 1054 2209 1115 Itque
2237 1047 2313 1098 ita
2355 1043 2656 1098 invalidum
2692 1047 2957 1099 adversus
2989 1061 3142 1101 meos
3178 1048 3482 1105 familiares
3512 1051 3634 1105 elli-

2042 1134 2220 1189 eiens.
2252 1131 2410 1187 Tum:
2435 1148 2566 1187 vero
2593 1133 2767 1187 duces
2790 1131 2946 1188 ludat
2974 1135 3288 1204 gaudebunt
3313 1136 3497 1191 datam
3527 1138 3630 1194 sibi

2044 1243 2073 1279 a
2108 1224 2217 1281 Deo
2242 1224 2560 1279 facultatem
2599 1223 2863 1280 redeundi
2893 1225 3236 1283 Hierusalem
3270 1230 3630 1295 conﬁdenter,

2043 1318 2230 1387 ibique
2258 1334 2383 1372 cum
2414 1320 2599 1387 priore
2637 1319 3002 1389 prosperitate
3048 1321 3357 1385 habitandi,
3400 1324 3632 1377 servatis

2041 1411 2299 1465 omnibus
2327 1426 2449 1481 quae
2482 1410 2595 1465 illic
2632 1414 2840 1467 servari
2872 1412 3030 1469 decet
3071 1415 3295 1480 ciliciis,
3331 1418 3400 1471 ab
3433 1418 3501 1473 iis
3535 1417 3630 1487 qui

2040 1503 2156 1559 Deo
2183 1506 2295 1559 sint
2322 1504 2604 1576 plaeituri.
2636 1504 2834 1559 Postea
2864 1508 3252 1577 prosequitur:

352 1594 599 1647 ἀνελθεῖν
644 1608 708 1647 τε
735 1595 817 1657 εἰς
837 1593 938 1665 τὴν
968 1594 1322 1665 Ἰερουσαλὴμ
1374 1595 1511 1665 μετὰ
1552 1594 1867 1667 παρρησίας
1900 1592 1997 1648 καὶ
2040 1594 2183 1665 μετὰ
2226 1594 2324 1665 τῆς
2363 1593 2599 1664 πρόσθεν
2633 1594 2805 1665 αὐτὴν
2860 1596 3032 1649 οἰκεῖν
3062 1597 3337 1666 εὐθηνίας,
3375 1599 3631 1653 ἁπάντων

352 1687 778 1758 ιπιμελομένους
806 1681 884 1743 ὧν
930 1688 1208 1761 προσῆκόν
1246 1689 1395 1743 ἐστιν
1434 1687 1811 1760 ἐπιμελεῖσθαι
1851 1688 1979 1753 τοὺς
2016 1687 2300 1752 οἰκοῦντας
2339 1689 2549 1751 αὐτόθι,
2580 1689 2631 1742 εἰ
2666 1687 2731 1759 δὴ
2781 1689 3024 1760 μέλλοιεν
3066 1693 3321 1765 ἀρέσκειν
3352 1693 3493 1766 θεῷ.
3518 1693 3630 1748 Καὶ

353 1781 586 1850 καθεξῆς
618 1782 817 1850 ἐπάγει
840 1798 853 1811 ·

419 1873 567 1944 Στίχ.
604 1880 759 1944 ς’άην.
789 1902 859 1917 σ-ο
892 1875 1022 1929 t‘Ev
1040 1877 1108 1946 τῇ
1131 1877 1315 1949 ἡμέρᾳ
1335 1875 1520 1950 ἐκείνῃ
1547 1874 1784 1948 θήσομαι
1811 1875 1939 1938 τοὺς

2115 1870 2274 1944 351
2304 1868 2476 1923 Vens.
2520 1868 2644 1924 6-8.
2685 1898 2756 1911 —
2800 1867 2940 1924 «Die
2986 1868 3076 1922 illa
3127 1883 3325 1939 ponam
3375 1871 3630 1930 tribunos

349 1966 662 2040 χιλιάρχους
687 1966 860 2021 ’ἰούδα
883 1966 960 2031 ὡς
979 1965 1137 2022 δαλὸν
1159 1969 1331 2041 πυρὸς
1351 1970 1408 2024 tv
1428 1968 1650 2041 καλάμῃ
1672 1986 1685 1998 '
1716 1969 1811 2022 καὶ
1836 1985 1935 2022 κα-

349 2060 684 2130 ταφαγονται
709 2059 774 2112 ὲκ
801 2057 994 2124 δεξιῶν
1034 2059 1128 2114 καὶ
1158 2060 1219 2125 ἐξ
1246 2061 1543 2131 εὐωνύμων
1569 2060 1780 2124 πάντας
1808 2059 1935 2122 τοὺς

348 2152 508 2215 λαοὺς
530 2150 798 2206 κύκλοθεν
818 2166 832 2181 ·
859 2151 954 2206 καὶ
975 2152 1290 2224 κατοικήσει
1333 2151 1688 2225 Ἰερουσαλὴμ
1704 2151 1788 2203 ἔτι
1810 2149 1935 2204 καθ’

350 2241 548 2313 ἑαυτὴν
568 2243 628 2294 ἐν
671 2240 1033 2312 Ἰερουσαλήμ
1052 2259 1066 2273 θ
1105 2239 1195 2312 (p.
1230 2240 1327 2296 521
1356 2247 1376 2313 )
1410 2243 1504 2296 καὶ
1534 2240 1699 2295 σώσει
1727 2239 1933 2312 Κύριος

348 2336 416 2390 τὰ
467 2332 809 2405 σκηνώματα
846 2331 1014 2387 Ἰούδα
1059 2332 1243 2397 καθὼς
1283 2334 1383 2387 ἀπ’
1407 2333 1584 2405 ἀρχῆς
1608 2350 1621 2363 ’
1655 2336 1803 2398 ὅπως
1858 2332 1934 2405 μὴ

352 2424 720 2496 μεγαλύνηται
752 2419 1015 2493 καύχημα
1044 2421 1196 2475 οῐκου
1218 2418 1404 2488 Δαυῖδ,
1435 2421 1531 2475 καὶ
1565 2420 1797 2492 ἔπαρσις
1823 2418 1933 2472 τῶν

348 2512 749 2568 κατοικούντων
789 2511 1147 2584 Ἰερουσαλὴμ
1186 2511 1281 2566 ἐπὶ
1324 2512 1416 2567 τὸν
1464 2511 1685 2567 Ἰούδαν.
1727 2530 1748 2564 ι
1799 2510 1933 2565 Τότε

347 2606 435 2675 δὴ,
448 2606 636 2677 φησὶν,
654 2602 828 2667 οῦτως
850 2605 1104 2675 ἰσχυροὺς
1125 2604 1429 2675 ἐργάσομαι
1449 2604 1574 2667 τοὺς
1596 2602 1937 2673 ἡγουμένους

348 2696 453 2766 τῆς
496 2695 671 2749 Ἰούδα
697 2694 868 2766 φυλῆς
888 2693 1037 2749 κατά
1068 2694 1180 2749 τῶν
1210 2694 1487 2766 πολεμίων
1506 2734 1521 2758 ,
1550 2692 1692 2748 ὥστε
1722 2694 1934 2756 πάντας

355 2786 556 2848 αὐτοὺς
600 2787 719 2849 ταῖς
744 2786 977 2856 πληγαῖς
1006 2786 1102 2840 καὶ
1128 2785 1208 2858 τῷ
1240 2785 1386 2857 φόνῳ
1410 2786 1566 2859 δίκην
1605 2786 1778 2859 πυρὸς
1807 2786 1932 2839 ἔπι-

355 2878 618 2950 νέμεσθαι
654 2878 828 2945 ξύλοις
877 2877 1321 2942 ἐπιπεπτωκότος
1347 2878 1382 2950 ἢ
1432 2877 1663 2950 καλάμη
1686 2893 1701 2908 ⁸
1757 2877 1931 2942 οὕτως

347 2972 521 3027 πολὺν
553 2971 801 3026 ἐντεῦθέν
825 2988 886 3027 τε
906 2971 1162 3026 κάκεῖθεν
1190 2972 1285 3026 καὶ
1307 2971 1645 3044 πανταχόθεν
1669 2972 1933 3046 ἐργάσον-

344 3082 432 3119 ται
470 3065 631 3136 φόνον
655 3065 767 3119 τῶν
787 3064 1045 3120 ἐναντίων
1067 3078 1083 3094 ⁸
1116 3065 1533 3136 περιγενήσεται
1561 3064 1619 3119 δὲ
1645 3066 1712 3136 τῇ
1739 3063 1932 3135 Ἰερουο

346 3157 530 3227 σαλὴμ
552 3157 616 3211 τὺ
636 3158 698 3210 ὲν
723 3158 920 3229 εἰρήνῃ
948 3156 1157 3225 διάγειν
1178 3156 1382 3222 λοιπὸν,
1418 3155 1688 3228 μηδεμίαν
1708 3155 1931 3227 ὄχλησιν

2030 1962 2188 2029 ludat
2202 1965 2559 2018 sicuttorrem
2583 1962 2727 2033 ignis
2757 1962 2811 2016 in
2829 1961 3028 2032 stipula
3050 1977 3064 2026 ;
3092 1961 3433 2016 vorabantur
3449 1978 3477 2016 a
3495 1962 3629 2019 dex-

2036 2056 2137 2111 tris
2155 2064 2212 2110 et
2234 2070 2263 2108 a
2295 2053 2543 2110 sinistris
2564 2067 2756 2110 omnes
2780 2054 2925 2108 circa
2950 2053 3203 2124 populos.
3258 2052 3323 2107 Et
3357 2054 3629 2111 habitabit

2036 2145 2376 2202 lliemsalem
2428 2145 2606 2200 adhuc
2633 2162 2732 2216 per
2762 2161 2821 2201 se
2847 2147 2899 2200 in
2924 2144 3281 2213 Hierusalem,
3300 2149 3624 2205 etservahit

2037 2238 2305 2294 Dominus
2339 2238 2691 2293 tabernacula
2718 2237 2876 2293 Jud:e
2905 2241 3049 2294 sicut
3075 2240 3144 2294 ab
3166 2240 3323 2293 initio
3353 2281 3368 2305 ,
3396 2257 3463 2296 ne
3503 2256 3625 2296 am-

2036 2329 2594 2402 pliﬁceturjactantia
2630 2331 2830 2385 domus
2864 2329 3108 2395 Davidis,
3150 2339 3204 2384 et
3249 2333 3418 2386 elatio
3461 2333 3627 2389 habi-

2037 2432 2272 2479 tatorum
2302 2423 2643 2479 Hierusalem
2688 2438 2855 2493 super
2883 2421 3098 2479 ludam.
3127 2444 3145 2477 ι
3180 2422 3337 2480 Tunc
3362 2442 3516 2489 sane,
3545 2427 3628 2480 in-

2035 2516 2175 2586 quit,
2219 2526 2328 2570 tam
2377 2515 2591 2571 validos
2625 2513 2855 2571 cﬂiciam
2908 2517 3079 2572 duces
3120 2519 3300 2573 tribus
3333 2518 3487 2574 Judm
3521 2521 3625 2574 ad-

2035 2621 2230 2663 versus
2259 2606 2466 2670 hostes,
2491 2614 2552 2660 ut
2586 2606 2686 2660 hos
2714 2620 2907 2661 omnes
2932 2607 3252 2663 vulneribus
3273 2608 3627 2679 aedibusque.

2036 2703 2397 2762 consumant;
2430 2693 2664 2750 ﬂamma:
2698 2696 2874 2750 instar
2898 2710 3021 2766 quae
3054 2697 3108 2750 in
3146 2697 3290 2767 ligna
3320 2698 3402 2751 vel
3451 2700 3630 2766 stipu-

2036 2788 2145 2843 lam
2182 2787 2395 2842 incidit.
2428 2786 2577 2842 Adeo
2613 2786 2839 2841 multam
2866 2787 2995 2841 hinc
3028 2796 3084 2843 et
3115 2788 3265 2842 illinc
3288 2798 3343 2844 et
3387 2790 3628 2843 ubicun-

2035 2894 2143 2950 que
2172 2886 2410 2949 stragem
2439 2877 2965 2934 edentinimicorum
2989 2881 3003 2934 ί
3039 2878 3195 2934 Tunc
3220 2881 3340 2935 urbi
3360 2879 3629 2938 Hierusa-

2034 2971 2140 3024 lem
2168 2969 2225 3024 in
2250 2983 2385 3040 pace
2407 2968 2606 3040 degere
2635 2968 2843 3034 licebit,
2885 2971 3092 3024 nullam
3130 2973 3197 3024 ab
3228 2971 3482 3027 hostibus
3508 2985 3628 3027 mo-

2035 3061 2249 3117 lestiam
2279 3061 2551 3131 patienti;
2577 3074 2665 3113 me
2689 3060 2900 3116 scilicet
2924 3058 3078 3117 Iuda:
3111 3062 3315 3118 tribum
3350 3064 3512 3136 eique
3529 3064 3628 3118 ad-

2033 3150 2213 3208 dictos
2258 3152 2525 3215 salvante,
2581 3158 2637 3206 et
2689 3152 2743 3206 in
2792 3154 3034 3224 priorem
3084 3152 3403 3211 felicitatem
3445 3157 3626 3211 vindi-

342 3248 449 3303 ὑπὸ
478 3248 586 3302 τῶν
635 3248 898 3301 ἐναντίων
943 3247 1237 3322 δεχομένῃ,
1265 3246 1361 3302 ἅτε
1394 3248 1603 3311 πάντας
1634 3245 1770 3319 ἐμοῦ
1808 3248 1933 3310 τοὺς

2038 3253 2219 3299 caute.
2282 3242 2439 3299 Tunc
2489 3257 2620 3298 vero
2663 3245 2822 3299 bonis
2872 3245 2989 3301 suis
3046 3247 3356 3317 superbire,
3404 3246 3625 3305 Davidis

340 3335 445 3410 τῆς
472 3338 648 3394 Ἰούδα
695 3339 872 3411 φυλῆς
891 3379 906 3405 ,
942 3339 1070 3403 τούς
1097 3356 1157 3392 τε
1192 3340 1569 3411 προσήκοντας
1600 3340 1781 3402 αὐτοῖς
1826 3356 1928 3391 πε-

347 3429 666 3504 ρισὼζοντος
703 3431 797 3486 καὶ
821 3432 914 3485 ἐπὶ
940 3430 1039 3503 τὴν
1063 3429 1298 3501 πρόσθεν
1329 3430 1698 3500 ἐπανάγοντος
1719 3431 1928 3502 εὐπρα-

342 3522 497 3589 γίαν·
530 3520 657 3574 τότε
689 3520 748 3574 δὲ
777 3518 875 3574 τοῦ
912 3520 1011 3591 μὲν
1042 3518 1253 3591 μεγάλα
1285 3521 1502 3589 φρονεῖν
1539 3519 1632 3572 ἐπὶ
1655 3522 1767 3582 τοῖς
1799 3520 1928 3572 ἑαυ-

339 3612 455 3665 τῶν
480 3610 711 3680 ἀγαθοῖς
731 3652 747 3676 ,
774 3612 915 3665 οἵτε
944 3612 1007 3664 ὲκ
1049 3608 1144 3664 τοῦ
1182 3607 1346 3662 Δαυῖδ
1381 3608 1478 3663 καὶ
1512 3608 1713 3672 πάντες
1745 3610 1795 3661 οί
1828 3608 1931 3678 τὴν

350 3702 716 3773 Ἰερουσαλὴμ
767 3700 1043 3766 οἰκοῦντες
1079 3700 1321 3755 Ἰουδαῖοι
1364 3699 1662 3755 παύσονται
1687 3715 1702 3731 ο
1738 3697 1931 3768 αἰσθη-

343 3808 529 3845 σονται
565 3791 626 3845 δὲ
666 3791 728 3858 εξ
746 3790 926 3845 αὐτῶν
956 3791 1066 3845 τῶν
1088 3789 1428 3861 πραγμάτων
1455 3792 1539 3843 ὅτι
1575 3787 1841 3859 πρότερόν
1868 3802 1929 3842 τε

339 3885 403 3937 ὲν
437 3881 772 3953 εὐπραγίαις
799 3877 941 3954 ἦσαν
972 3880 1108 3954 ἐμοῦ
1155 3880 1478 3954 βουλομένου
1500 3923 1515 3947 ,
1545 3880 1704 3935 οὐθὲν
1734 3883 1798 3934 ὲκ
1828 3880 1930 3952 τῆς

337 3976 551 4039 οἰκείας
580 3976 799 4038 ἑαυτοῖς
850 3977 1153 4046 περιποιεῖν
1201 3976 1484 4046 δυνάμεως
1513 3970 1617 4028 οἷοί
1663 3989 1724 4027 τε
1753 3972 1926 4037 ὅντες,

338 4066 441 4120 καὶ
475 4067 575 4136 τῆς
601 4065 743 4136 ἐμῆς
772 4064 1168 4137 ἁποῦληθὲντες
1207 4066 1531 4139 κηδεμονίας
1556 4065 1644 4121 διὰ
1671 4065 1767 4137 τὴν
1802 4066 1930 4120 ἑαυ-

336 4158 453 4213 τῶν
479 4156 782 4230 μοχθηρίαν
805 4157 1151 4232 ἡλέγχθησαν
1169 4158 1550 4214 ἀσθενέστατοί
1575 4175 1634 4212 τε
1663 4158 1814 4223 ὄντες
1835 4157 1930 4212 καὶ

335 4249 607 4320 οὐδεμίαν
637 4250 848 4313 ἑαυτοῖς
894 4248 1143 4321 βοήθειαν
1172 4250 1433 4323 παρέχειν
1470 4249 1788 4321 δυνάμενοι·
1834 4250 1929 4304 καὶ

336 4342 497 4403 ὅπως
514 4338 680 4394 τοῦτο
701 4340 988 4411 γενήσεται
1012 4341 1207 4409 λέγων,
1245 4342 1384 4397 «Καὶ
1410 4341 1560 4395 ἔσται
1580 4344 1638 4395 ὲν
1657 4345 1723 4412 τῇ
1746 4341 1929 4413 ἡμέρᾳ

336 4432 530 4503 δκείνῃ
586 4431 920 4503 ὐπερασπιεῖ
948 4430 1154 4503 Κύριος
1204 4432 1345 4503 ὑπὲρ
1389 4433 1497 4487 τῶν
1532 4431 1928 4486 κατοικούντων

350 4519 721 4591 Ἰερουσαλήμ
751 4535 765 4551 ο
824 4520 919 4574 καὶ
964 4518 1119 4575 ἔσται
1165 4521 1196 4573 ὁ
1241 4519 1485 4575 ἀσθενῶν
1529 4521 1586 4574 ὲν
1634 4521 1818 4585 αὐτοῖς
1870 4521 1929 4572 ὲν

2034 3335 2243 3405 posteri
2302 3344 2357 3391 et
2413 3336 2608 3391 incolae
2656 3333 2998 3391 llierusalcm
3058 3336 3255 3405 Judm‘,
3312 3340 3620 3393 desinent:

2031 3427 2271 3482 sentient
2305 3429 2464 3497 enim~
2483 3441 2548 3482 ex
2592 3429 2756 3484 rebus
2793 3429 2951 3498 ipsis,
2993 3444 3052 3483 se
3083 3436 3241 3482 antra
3285 3446 3371 3482 tne
3405 3431 3624 3485 volente

2031 3516 2227 3573 felices
2259 3516 2454 3581 fuisse,
2503 3518 2641 3570 nihil
2674 3526 2859 3571 tamen
2902 3519 3119 3573 viribus
3167 3520 3402 3589 propriis
3437 3535 3496 3575 se
3527 3536 3621 3575 ac-

2030 3608 2540 3680 quirerepotuisse:
2572 3618 2628 3663 et
2644 3622 2815 3662 moxa
2842 3622 2960 3660 mea
3008 3609 3175 3662 tutela
3208 3608 3455 3665 desertos
3496 3625 3623 3679 pro-

2031 3706 2157 3770 pter
2184 3713 2338 3754 suam
2365 3699 2688 3768 nequitiam,
2711 3699 3116 3753 inﬁrmissimos
3145 3715 3268 3755 esse
3290 3713 3620 3773 compertos,

2031 3790 2357 3857 nullumque
2383 3787 2606 3844 sibimet
2648 3788 2959 3843 subsidium
3000 3788 3143 3845 ferre
3179 3792 3437 3846 valentes.
3475 3793 3622 3859 Quo-

2031 3880 2195 3934 modo
2223 3886 2406 3933 autem
2440 3877 2497 3933 id
2539 3880 2610 3934 sit
2661 3879 2909 3935 futurum
2970 3881 3180 3943 dicens,
3228 3901 3245 3933 ι
3272 3884 3337 3936 Ει
3377 3886 3502 3947 erit,
3534 3885 3621 3938 in-

2032 3973 2169 4042 quit,
2206 3972 2295 4027 die
2324 3971 2417 4025 illa
2443 3980 2691 4043 proteget
2730 3971 2997 4029 Dominus
3037 3975 3379 4032 habitatores
3422 3975 3620 4031 llicru-

2032 4062 2224 4118 salem.
2258 4060 2325 4116 Et
2354 4062 2458 4117 erit
2481 4062 2733 4118 inﬁrmus
2770 4064 2912 4119 inter
2962 4066 3089 4121 illos
3115 4073 3379 4136 tanquam
3418 4066 3613 4133 David,

2031 4163 2085 4207 et
2108 4153 2306 4210 domus
2326 4151 2548 4208 Davidis
2581 4162 2841 4226 tanquam
2877 4155 3076 4211 domus
3122 4156 3239 4221 Dei,
3289 4165 3349 4212 ut
3384 4158 3617 4229 angelus

2032 4243 2249 4300 Domini
2281 4260 2468 4300 coram
2504 4246 2646 4317 ipso.
2679 4268 2695 4300 ι
2755 4247 3006 4303 Sentient
3052 4258 3183 4304 tunc
3234 4250 3306 4304 ob
3353 4252 3616 4305 auxilium

2032 4351 2212 4392 meum
2238 4345 2522 4409 tantopere
2548 4354 2740 4395 omnes
2771 4356 2830 4395 se
2862 4341 3045 4396 valere
3080 4342 3348 4399 adversus
3405 4344 3614 4402 hostes.

2033 4436 2092 4481 ut
2126 4426 2219 4497 qui
2254 4435 2412 4482 antea
2454 4428 2655 4484 inﬁrmi
2705 4437 2885 4496 erant,
2915 4440 3129 4486 tantum
3178 4450 3323 4488 ltllth
3356 4443 3618 4488 exscrant

2030 4527 2221 4573 contra
2258 4519 2443 4574 hostes
2467 4520 2730 4590 vigorem,
2762 4533 3026 4592 quantum
3060 4524 3208 4578 visus
3227 4532 3309 4579 est
3333 4533 3492 4579 mtate
3517 4539 3616 4579 sua

337 4612 530 4685 ἐκείνῃ
555 4614 625 4683 τῇ
653 4610 840 4683 ἡμέρᾳ
866 4610 943 4675 ὡς
969 4610 1133 4666 Δαυῖδ
1149 4627 1165 4642 ⁸
1199 4612 1229 4666 ὁ
1253 4610 1310 4664 δὲ
1332 4606 1482 4675 οἶκος
1502 4608 1663 4663 Δαυῒδ
1681 4611 1756 4675 ὡς
1780 4606 1928 4672 οἶκος

2036 4610 2202 4666 David
2255 4611 2456 4667 habere
2504 4627 2535 4666 a
2580 4591 3096 4670 divino’instinctu.
3148 4615 3373 4686 Eritque
3416 4616 3617 4672 iterum

335 4702 479 4758 Θεοῦ
502 4744 518 4768 ,
564 4703 643 4767 ὡς
673 4702 903 4773 ἄγγελος
924 4702 1137 4776 Κυρίου
1182 4702 1412 4757 ἐνώπιον
1440 4702 1628 4756 αὐτοῦ.
1665 4721 1683 4752 ι
1727 4700 1928 4773 Δίσθή-

337 4813 529 4852 σονται
553 4795 669 4867 γὰρ
716 4796 839 4848 τάτε
869 4796 935 4866 τῇ
982 4797 1090 4868 ἐμῇ
1120 4794 1341 4867 βοηθείᾳ
1367 4793 1618 4849 τοσοῦτον
1652 4794 1793 4847 κατὰ
1820 4794 1930 4847 τῶν

336 4887 606 4941 ἐναντίων
642 4885 933 4956 δυνάμενοι
977 4885 1179 4950 πάντες
1202 4926 1218 4951 ,
1271 4887 1348 4957 (p.
1372 4884 1498 4957 522)
1534 4885 1610 4949 ὼς
1649 4884 1754 4957 πρὸ
1801 4884 1932 4959 βρα-

333 4978 480 5049 χέως
510 4975 785 5040 ἀσθενεῖς,
806 4977 864 5031 ὲν
893 4975 1130 5048 τοσαύτῃ
1146 4974 1506 5047 γνωρίζεσθαι
1536 4976 1759 5048 δυνάμει
1784 4974 1928 5029 κατά

331 5067 451 5122 τῶν
503 5068 786 5139 πολεμίων
809 5107 824 5132 ,
863 5069 922 5123 ὲν
954 5069 1054 5143 ὅσῃ
1101 5086 1206 5141 περ
1254 5064 1432 5124 ὦπται
1463 5067 1627 5122 Δαυῒδ
1659 5069 1801 5124 κατὰ
1835 5068 1927 5121 τὸν

331 5163 543 5215 οἰκεῖον
569 5161 850 5232 καιρὺντῇ
888 5164 1028 5235 ῥοπῇ
1064 5166 1132 5234 τῇ
1172 5162 1322 5236 θείᾳ·
1358 5162 1512 5215 ἔσται
1538 5178 1596 5215 τε
1628 5160 1866 5233 ζηλωτὸς
1900 5161 1927 5212 ὀ

333 5250 487 5318 οἶκος
519 5252 615 5307 τοῦ
640 5253 805 5308 Δαυῖδ
836 5253 1016 5317 πάλιν,
1044 5256 1138 5308 καὶ
1158 5252 1599 5325 θαυμαζόμενος,
1640 5254 1733 5322 ἀφ’
1769 5247 1843 5305 ὧν
1875 5254 1926 5304 oi

331 5347 552 5400 ἐκεῖθεν
589 5348 685 5400 καὶ
707 5346 806 5418 τῆς
832 5346 1040 5400 ἐκείνου
1075 5345 1245 5417 φυλῆς
1275 5344 1369 5400 τοῦ
1398 5345 1529 5400 λαοῦ
1564 5343 1925 5417 προεστῶτες,

336 5439 595 5493 τοσοῦτον
639 5436 905 5509 ὤφθησαν
952 5439 1230 5509 ἰσχύοντες
1263 5437 1402 5491 κατὰ
1453 5437 1561 5490 τῶν
1610 5437 1927 5509 ἀλλοτρίων,

337 5529 418 5594 ὡς
466 5530 718 5595 ἃπαντας
766 5529 1133 5599 καταφεύγειν
1167 5530 1251 5583 ἐπ’
1300 5529 1496 5591 αὐτοὺς
1547 5528 1620 5590 ὡς
1652 5529 1739 5581 ἐπ’
1782 5522 1929 5580 οἶκον

338 5619 500 5685 Θεοῦ,
532 5620 736 5692 πολλὴν
768 5624 882 5686 τοῖς
921 5620 1294 5689 καταφυγοῦσι
1326 5619 1634 5689 παρέχοντα
1678 5618 1776 5689 τὴν
1804 5617 1931 5689 βοή-

2031 4701 2290 4770 optabilis
2312 4701 2979 4773 admirabilisquedomns
3026 4705 3265 4773 Davidis,
3321 4708 3448 4777 quia
3490 4724 3617 4778 pus-

2033 4792 2134 4847 teri
2171 4791 2354 4862 hujus,
2395 4801 2449 4847 et
2491 4793 2585 4863 qui
2613 4793 2682 4849 de
2716 4792 2871 4849 Judaa
2914 4795 3056 4849 tribu
3092 4797 3292 4867 populo
3320 4806 3614 4866 praeerant,

2034 4891 2319 4954 tantopere
2372 4885 2623 4941 hostibus
2670 4888 2983 4958 superiores
3016 4887 3260 4954 fuerunt,
3300 4901 3358 4942 ul
3409 4891 3614 4956 passim

2033 4976 2284 5030 homines
2317 4976 2383 5031 ad
2416 4992 2512 5033 eos
2539 4980 2886 5035 accurrerint
2917 4992 3179 5052 tanquam
3204 4981 3367 5054 352
3415 4983 3480 5036 ad
3517 4981 3615 5037 do—

2036 5082 2186 5121 mum
2229 5066 2344 5132 Dei,
2408 5070 2632 5124 multam
2687 5071 3131 5143 confugientibus
3167 5073 3234 5128 ad
3278 5091 3338 5131 se
3388 5074 3612 5128 tutelam

2035 5157 2364 5229 praebentem
2394 5175 2409 5226 ;
2448 5159 2531 5213 vel
2564 5169 2822 5230 tanquam
2854 5162 2921 5217 ad
2950 5164 3238 5234 quemdam
3269 5163 3523 5234 angelum
3545 5163 3611 5217 ad

2033 5249 2235 5305 caedem
2299 5250 2537 5306 hostium
2594 5254 2847 5319 missum,
2910 5255 3372 5325 quemadmodum
3404 5255 3615 5311 scilicet

2032 5344 2275 5416 Assyriis
2312 5342 2657 5399 Hierusalem
2693 5345 3099 5405 obsidentibus,
3153 5347 3218 5400 ad
3264 5346 3358 5402 Dei
3386 5347 3610 5402 domum

2032 5449 2222 5489 omnes
2239 5434 2624 5506 confugerunt,
2641 5436 2929 5507 atqueillic
2950 5438 3178 5510 contigit
3201 5440 3451 5511 angelum
3478 5439 3612 5497 mis.

2035 5543 2153 5582 sum
2177 5534 2383 5582 tantam
2415 5529 2654 5584 hostium
2677 5530 3080 5586 multitudinem
3110 5535 3442 5591 interimere.
3466 5532 3631 5600 Quo-'

2037 5618 2197 5673 modo
2232 5631 2409 5674 autem
2448 5620 2501 5675 id
2539 5621 2768 5687 accidet,
2805 5638 2926 5677 uzox
2960 5624 3095 5678 dicit
3124 5644 3135 5678 :

337 5717 517 5787 θειαν,
546 5718 582 5790 ἢ
604 5716 795 5790 ὥσπερ
830 5717 925 5771 hri
944 5734 1064 5773 τινα
1100 5718 1326 5787 ἄγγελον
1346 5717 1445 5772 ἐπὶ
1481 5717 1661 5789 πληγῇ
1683 5715 2000 5786 πεμφθέντα
2040 5716 2147 5771 τῶν
2180 5718 2431 5772 ἐναντίων
2452 5734 2465 5749 ·
2497 5718 2665 5789 ὅνπερ
2692 5717 2754 5789 δὴ
2795 5718 2991 5790 τρόπον
3020 5719 3120 5789 ἤδη
3162 5719 3270 5773 τῶν
3317 5715 3612 5786 Ἀσσυρίων
