4022 6138
419 296 530 353 88$

1582 291 1936 348 THEODORI
1973 290 2345 348 HOPSUEST
2355 288 2465 344 EN!

3565 287 3667 346 58L

422 405 827 477 ἐπεληλυθότων
863 408 926 478 τῇ
967 405 1334 478 Ἰερουσαλὴμ,
1367 405 1460 460 ἐπὶ
1506 405 1599 460 τὸν
1652 401 1799 460 οἶκόν
1845 424 1904 460 τε
1937 407 2240 477 κατέφυγον
2277 408 2512 470 ἅπαντες
2546 403 2639 458 τοῦ
2670 404 2804 459 Θεοῦ
2825 445 2840 469 ,
2902 405 3151 459 κάκεῖθεν
3203 405 3385 468 αὐτοῖς
3449 408 3664 476 περιγέ-

422 515 548 566 γονε
601 500 664 554 τὺ
706 501 796 553 τὸν
837 499 1064 567 ἄγγελον
1117 499 1479 568 ὲπεληλυθότα
1529 500 1750 554 τοσοῦτο
1787 499 1988 571 πλῆθος
2031 503 2240 555 ἀνελεῖν
2279 504 2388 557 τῶν
2434 502 2723 571 πολεμίων.
2783 500 2893 554 Καὶ
2939 500 3059 552 τίνα
3085 499 3283 569 τρόπον
3317 498 3467 552 ἔσται
3511 499 3670 552 τοῦτο

422 589 596 656 λέγων
629 604 641 618 ·

492 676 657 734 Vens.
697 677 750 741 9,
787 678 872 733 ιο.
899 707 969 720 —-
994 697 1013 729 ι
1037 678 1099 733 Et
1129 680 1234 734 erit
1265 679 1354 735 die
1384 681 1476 736 illa
1506 695 1746 751 quaeram
1785 681 1990 736 auferre

2173 682 2320 752 Στίχ.
2354 681 2416 745 θ’,
2447 687 2498 734 ι’.
2523 711 2591 722 -—
2625 698 2643 730 ι
2663 681 2772 733 Καὶ
2797 678 2950 732 ἔσται
2974 679 3032 730 ὲν
3054 679 3120 748 τῇ
3150 675 3332 748 ἡμέρα
3363 677 3548 749 ἐκείνῃ
3575 679 3665 748 C1;-

347 746 357 754 I
419 784 612 825 omnes
653 776 841 838 gentes
874 785 996 840 quae
1025 771 1255 826 veniunt
1285 782 1478 827 contra
1512 773 1874 828 Hierusalem.
1928 773 1996 828 Et

417 859 689 915 effundam
719 877 887 931 super
917 862 1140 918 domum
1185 864 1376 928 David,
1423 874 1476 920 et
1518 882 1683 936 super
1725 867 1996 921 habitato-

418 964 507 1003 res
549 949 886 1004 Hierusalem
923 954 1178 1022 spiritum
1221 955 1410 1023 gratiae
1443 962 1497 1010 et
1530 956 1940 1012 misericordiae.
1968 976 1987 1011 ι

418 1036 576 1092 Tunc
617 1037 835 1106 quidem
871 1055 1062 1095 omnes
1091 1039 1432 1097 Hierusalem
1484 1058 1836 1114 aggressores
1871 1062 1996 1116 per-

418 1128 573 1184 dam.
623 1128 802 1200 Super
835 1130 1057 1185 domum
1093 1141 1272 1187 autem
1317 1133 1559 1200 Davidis,
1609 1135 1664 1189 id
1703 1145 1788 1193 est
1831 1153 1996 1208 super

415 1220 682 1275 oriundos
713 1222 839 1276 inde
862 1221 1030 1277 duces
1056 1224 1260 1293 papuli,
1291 1240 1592 1297 omnesque
1622 1227 1692 1281 ad
1729 1227 1991 1284 Hierusa-

417 1309 524 1364 lem
555 1312 821 1366 ditionem
874 1315 1231 1382 pertinentes,
1285 1317 1516 1371 multam
1552 1333 1729 1374 meam
1764 1321 1994 1390 gratiam

415 1417 483 1457 ac
515 1403 902 1475 benignitatem
950 1405 1247 1471 effundam,
1293 1423 1456 1464 omne
1498 1425 1671 1482 genus
1717 1412 1850 1481 ipsis
1886 1413 1994 1466 lar-

417 1497 571 1566 giens
617 1499 932 1566 patrocinii.
980 1498 1056 1554 Ex
1087 1515 1195 1568 quo
1247 1501 1378 1569 quid
1411 1503 1650 1557 accidet?
1701 1521 1720 1554 ‹
1746 1503 1812 1556 Ει
1849 1505 1996 1574 aspi-

417 1589 567 1644 cient
595 1592 659 1643 ad
691 1605 776 1644 me
798 1606 958 1660 quem
1003 1591 1418 1647 transﬁxerunt.
1443 1593 1508 1647 Et
1536 1596 1793 1666 plangant
1833 1611 1997 1666 super

415 1695 543 1735 cum
583 1681 803 1750 planctu
847 1697 1046 1752 magno
1082 1691 1345 1753 tanquam
1397 1701 1563 1754 super
1613 1688 1897 1748 dilectum.
1943 1697 1998 1744 et

417 1769 676 1825 dolebunt
699 1771 884 1826 dolore
911 1780 1168 1842 tanquam
1197 1788 1363 1844 super
1385 1777 1772 1848 primogenita.
1798 1797 1817 1828 ι
1842 1779 1997 1833 'l‘unc

415 1861 510 1930 qui
559 1873 718 1917 antea
762 1872 872 1917 tam
916 1865 1194 1919 contraria
1237 1867 1503 1922 voluntati
1552 1883 1685 1922 meae
1724 1867 1999 1924 factitave-

417 1962 564 2018 rant,
607 1961 868 2025 tantaque
915 1956 1146 2012 audacia
1183 1958 1446 2016 adversus
1495 1975 1583 2015 me
1623 1960 1710 2016 usi
1759 1960 1994 2024 fuerant,

417 2045 933 2102 inconsiderantiam
991 2064 1148 2104 suam
1195 2057 1250 2105 et
1278 2050 1625 2121 iniquitatem
1656 2062 1994 2123 agnoscent;

415 2135 556 2190 adeo
597 2142 657 2190 ut
698 2135 1028 2205 pmnitentes
1075 2139 1336 2208 grandem
1374 2141 1581 2196 luctum
1638 2143 1751 2198 sint
1795 2146 1993 2206 acturi,

415 2227 562 2296 quali
593 2228 800 2283 scilicet
855 2228 903 2284 is
939 2234 1183 2284 uteretur
1230 2231 1322 2300 qui
1376 2231 1795 2303 primogenitum
1835 2249 1995 2290 suum

416 2319 641 2389 lugeret.
695 2317 899 2374 Deinde
933 2319 1010 2372 ait
1037 2320 1236 2376 multos
1275 2319 1617 2378 Hierusalem
1661 2323 1997 2392 pmniteutes

414 2409 565 2464 cives
605 2410 858 2480 planctus
889 2409 1011 2478 ejus
1045 2409 1162 2465 fore
1208 2411 1527 2483 participes,
1589 2415 1682 2483 qui
1721 2415 1997 2470 contraria

415 2499 645 2556 honesto
677 2501 831 2570 prius
853 2499 1132 2567 fecerant;
1154 2500 1249 2557 sed
1275 2517 1423 2557 nunc
1441 2505 1616 2573 gentis
1642 2506 1709 2558 ad
1732 2505 1996 2561 virtutem

415 2589 834 2645 conversionem
873 2598 1184 2653 cernentes,
1236 2589 1562 2659 resipiscere
1595 2598 1656 2644 ut
1683 2606 1782 2661 par
1817 2601 1937 2650 erat
1965 2609 1997 2649 a

415 2680 534 2734 suis
564 2679 949 2748 iniquitatibus
979 2680 1180 2735 volent.
1199 2678 1386 2749 Pergit
1405 2694 1531 2734 mox
1554 2695 1881 2739 enumerare
1901 2685 1998 2739 tri-

414 2771 540 2833 bus,
568 2771 864 2827 ostendens
886 2787 1328 2844 unamquamque
1359 2771 1575 2826 illarum
1601 2771 1824 2828 inluctu
1856 2773 1995 2841 fore;

414 2864 730 2918 summatim
777 2880 909 2919 vero
930 2880 1122 2920 omnes
1159 2865 1252 2935 qui
1307 2863 1495 2935 pejora
1533 2865 1705 2919 secuti
1755 2863 1996 2931 fuerant,

413 2970 562 3009 nunc
599 2956 978 3024 paenitentiam
1019 2954 1420 3011 acturos.Nam
1452 2963 1658 3023 quanta
1697 2956 1877 3012 fuerat
1894 2973 1997 3012 an-

414 3053 502 3098 tea
536 3045 714 3112 gentis
747 3046 812 3100 ad
843 3046 1119 3100 deteriora
1147 3046 1464 3110 declinatio,
1491 3054 1643 3101 tanta
1677 3055 1863 3118 postea
1894 3049 2000 3106 sub

414 3134 848 3190 Machabaeorum
906 3138 1110 3191 ducatu
1151 3137 1207 3192 in
1261 3139 1458 3194 melius
1498 3141 1788 3195 conversio
1836 3141 1998 3212 353

423 3224 658 3284 exstitit,
689 3239 755 3279 ex
806 3240 918 3294 quo
963 3226 1208 3280 divinum
1266 3225 1446 3296 adepti
1497 3236 1656 3283 erant
1711 3230 1994 3284 auxilium.

2095 762 2244 843 τήσω
2263 772 2452 843 ἐξᾶραι
2483 773 2659 826 πάντα
2694 772 2762 825 τὰ
2793 771 2920 841 ἔθνη
2940 769 3012 823 τὰ
3047 769 3315 839 ἐρχόμενα
3339 770 3432 823 ἐπὶ
3473 769 3670 840 Ἰερου-

2097 863 2297 932 σαλὴμ,
2324 863 2415 915 καὶ
2446 863 2620 932 ἐκχεῶ
2649 862 2742 914 ἐπὶ
2773 860 2862 914 τὸν
2887 855 3037 913 οἷκον
3079 859 3256 912 Δαυῒδ·
3279 860 3375 913 καὶ
3412 859 3506 912 ἐπὶ
3543 860 3670 921 τοὺς

2094 954 2376 1017 οἰκοῦντας
2415 953 2767 1023 Ἰερουσαλὴμ
2800 949 3016 1020 πνεῦμα
3060 935 3282 1020 χάριτος
3329 949 3423 1002 καὶ
3469 951 3673 1019 οἰκτιρ.

2101 1044 2222 1116 μοῦ.
2247 1066 2265 1098 ι
2297 1045 2433 1099 Τότε
2461 1045 2570 1114 γὰρ
2601 1044 2665 1114 δὴ
2701 1043 2828 1106 τοὺς
2862 1043 2962 1113 μὲν
3004 1041 3148 1095 κατά
3178 1042 3280 1113 τῆς
3313 1041 3672 1113 Ἰερουσαλὴμ

2096 1136 2582 1208 ὲπικεχειρηκότας
2626 1135 2834 1197 πάντας
2863 1133 3110 1202 ἀφανιῶο
3145 1134 3238 1186 ἐπὶ
3293 1133 3352 1186 δὲ
3404 1133 3492 1186 τὸν
3523 1127 3677 1186 οἷκον

2096 1228 2260 1282 Δαυῒδ
2281 1268 2298 1289 ,
2343 1228 2428 1280 ἴνα
2462 1226 2594 1300 είπῃ
2616 1227 2742 1289 τοὺς
2780 1225 2989 1279 ἐκεῖθεν
3032 1225 3364 1296 ἡγουμένους
3393 1224 3488 1278 τοῦ
3517 1223 3651 1280 λαοῦ

2099 1317 2341 1382 ἅπαντάς
2369 1335 2429 1370 τε
2457 1318 2584 1381 τοὺς
2614 1319 2679 1388 τῇ
2719 1315 3074 1387 Ἰερουσαλὴμ
3107 1317 3484 1387 προσήκοντας
3507 1355 3523 1378 ,
3550 1314 3681 1369 πολ-

2097 1409 2195 1479 λὴν
2226 1410 2326 1480 τήν
2364 1426 2423 1461 τε
2454 1408 2614 1478 χάριν
2643 1407 2735 1460 καὶ
2765 1406 2864 1477 τὴν
2898 1406 3304 1476 φιλανθρωπίαν
3337 1405 3678 1474 ἐπιδείξομαι

2097 1501 2195 1570 τὴν
2223 1501 2380 1570 ἐμὴν,
2411 1501 2518 1553 πᾶν
2539 1494 2677 1560 εἶδος
2700 1499 2881 1560 αὐτοῖς
2910 1497 3164 1567 παρέχων
3190 1497 3547 1567 κηδεμονίας’
3575 1496 3674 1564 ἀφ’

2097 1588 2158 1646 οὗ
2178 1591 2242 1662 δὴ
2285 1591 2335 1645 τί
2366 1593 2682 1662 γενήσεταις
2719 1610 2738 1641 ι
2761 1589 2878 1641 Καὶ
2901 1588 3282 1658 ὲπιϐλέψονται
3316 1588 3452 1658 πρός
3485 1605 3552 1658 με
3591 1589 3678 1651 είς

2097 1683 2156 1735 ὃν
2187 1681 2544 1752 ἐξεκέντησαν
2565 1721 2581 1746 ,
2608 1681 2702 1734 καὶ
2730 1679 2984 1755 κόψονται
3029 1680 3116 1733 ἐπ’
3149 1679 3297 1750 αὐτῷ
3333 1679 3560 1732 κοπετὸν
3595 1679 3680 1742 ὡς

2099 1775 2192 1826 ἐπὶ
2215 1771 2502 1843 ἀγαπητῷ,
2529 1773 2622 1826 καὶ⁸
2649 1770 3065 1840 όδυνηθήσονται
3100 1770 3188 1823 ἐπ’
3205 1769 3352 1840 αύτῷ
3374 1769 3568 1840 ὀδύνην
3596 1769 3680 1834 ὼς

2099 1865 2191 1917 ἐπὶ
2224 1863 2572 1934 πρωτοτόκῳ.
2604 1882 2621 1914 ι
2657 1863 2789 1916 Τότε
2817 1862 2875 1916 δὲ
2910 1863 2959 1915 οἱ
3005 1861 3263 1915 τάναντία
3292 1862 3400 1915 τῶν
3439 1863 3567 1938 ἐμοὶ.
3589 1862 3682 1915 δο-

2100 1955 2338 2008 κούντων
2367 1954 2611 2024 ἑλόμενοι
2667 1953 2958 2025 πρότερον,
3003 1952 3082 2023 (p.
3115 1951 3242 2021 525)
3289 1953 3384 2006 καὶ
3431 1951 3683 2024 τοσαύτῃ

2098 2047 2266 2118 τόλμῃ
2295 2047 2634 2119 χρησάμενοι
2669 2047 2788 2099 κατ’
2820 2045 2954 2116 ἐμοῦ
2977 2087 2992 2110 ,
3032 2044 3134 2114 τῆς
3169 2043 3424 2108 ἀϐουλίας
3451 2045 3547 2098 καὶ
3573 2045 3683 2116 τῆς

2099 2138 2440 2209 παρανομίας
2469 2136 2815 2208 αἰσθήσονται
2841 2136 2940 2207 τῆς
2985 2135 3149 2198 ιδίαςο
3187 2134 3328 2188 ὥστε
3377 2135 3471 2189 καὶ
3503 2152 3682 2205 μετα-

2102 2229 2424 2301 μελομένους
2449 2230 2644 2292 αὐτοὺς
2673 2227 2891 2299 μεγάλῳ
2917 2226 3153 2300 χρῆσθαι
3175 2227 3408 2298 κοπετῷ,
3425 2227 3682 2299 καὶ-οἴῳ-

2101 2340 2204 2394 περ
2238 2324 2301 2377 ἀν
2328 2340 2410 2385 τις
2440 2323 2701 2393 χρήσαιτο
2727 2319 3058 2391 ὀδυνώμενος
3090 2320 3182 2374 ἐπὶ
3207 2320 3426 2390 τελευτῇ
3455 2337 3684 2391 πρωτο-

2100 2413 2277 2467 τόκου.
2307 2408 2444 2466 Εἶτα
2469 2412 2615 2480 λέγει
2649 2412 2746 2482 μὲν
2793 2411 2873 2464 ὃτι
2908 2411 3090 2465 πολλοὶ
3120 2411 3226 2465 τῶν
3259 2412 3357 2482 τῆς
3397 2411 3682 2482 Ἰερουσα-

2099 2504 2210 2575 λὴμ
2241 2503 2666 2574 μεταμελόμενοι
2708 2500 2803 2555 τοῦ
2843 2499 3075 2555 κοπετοῦ
3130 2500 3413 2572 μεθέξουσι
3454 2502 3682 2564 τούτου,

2098 2597 2148 2650 οἳ
2177 2594 2434 2650 τάναντία
2480 2595 2588 2647 τῶν
2619 2595 2846 2648 δεόντων
2878 2594 3188 2666 αἱρούμενοι
3229 2595 3491 2666 πρότερον
3516 2635 3530 2655 ,
3573 2597 3686 2664 τὴν

2098 2686 2190 2738 ἐπὶ
2221 2685 2282 2738 τὸ
2335 2687 2581 2756 κρεῖττον
2635 2681 2934 2752 μεταϐολὴν
2966 2681 3060 2734 τοῦ
3110 2681 3294 2745 ἔθνους
3324 2681 3684 2752 θεασάμενοι,

2102 2773 2499 2845 μεταμέλεσθαι
2529 2775 2607 2836 ὼς
2641 2772 2785 2835 εἰκὸς
2822 2772 2912 2825 ἐπὶ
2941 2772 3060 2834 ταῖς
3091 2772 3456 2842 παρανομίαις
3498 2773 3682 2842 ἠμελ-

2097 2865 2188 2920 λον
2221 2868 2341 2929 ταῖς
2371 2865 2548 2927 ἰδίαις.
2579 2863 2739 2932 Λέγει
2769 2863 2825 2916 δὲ
2853 2863 2946 2916 καὶ
2988 2862 3224 2933 καθεξῆς
3255 2863 3682 2936 ἀπαριθμούμε-

2098 2975 2187 3020 νος
2219 2955 2318 3018 τὰς
2351 2955 2523 3024 φυλὰς
2548 2995 2562 3018 ,
2604 2953 2777 3022 δηλῶν
2816 2954 2898 3006 ὅτι
2926 2952 3130 3024 ἑκάστη
3163 2951 3283 3006 καθ’
3313 2954 3512 3024 ἑαυτὴν
3537 2939 3706 3025 χρή(

2100 3064 2252 3101 σεται
2271 3045 2350 3116 τῷ
2387 3045 2590 3110 πένθει,
2621 3045 2707 3098 ἴνα
2741 3043 3017 3114 συντόμως
3038 3044 3168 3117 εἴπῃ
3197 3046 3280 3098 ὅτι
3310 3044 3519 3109 πάντας
3547 3048 3679 3110 τοὺς

2097 3139 2164 3192 τὰ
2190 3137 2408 3208 χείρονα
2454 3137 2737 3206 ἑλομένους
2793 3135 3121 3206 μεταμέλεια
3169 3136 3394 3207 λήψεται
3421 3155 3434 3169 ⁸
3486 3139 3678 3209 ἐπειδὴ

2097 3227 2205 3298 γὰρ
2231 3227 2396 3296 πολλὴ
2428 3227 2526 3298 μέν
2555 3245 2639 3290 τις
2661 3226 2921 3298 πρότερον
2954 3230 2987 3298 ἡ
3018 3228 3110 3280 ἐπὶ
3141 3227 3202 3280 τὸ
3225 3231 3404 3299 χεῖρον
3429 3229 3680 3298 ἐγεγόνει

413 3313 776 3379 Quamobrem
811 3325 865 3369 et
889 3316 1073 3372 hostes
1096 3331 1227 3372 suos
1260 3318 1664 3383 exstinxerunt,
1700 3328 1756 3374 et
1782 3319 1836 3374 in
1862 3321 1990 3375 urbe

2103 3318 2240 3390 ῥοπὴ
2275 3317 2367 3370 τοῦ
2397 3317 2582 3380 ἔθνους
2601 3357 2615 3380 ,
2645 3317 2816 3387 πολλὴ
2851 3316 3076 3388 ὕστερον
3106 3319 3138 3388 ὴ
3164 3319 3226 3370 ἐκ
3259 3319 3355 3388 τῆς
3374 3317 3481 3371 τῶν
3514 3319 3679 3375 Μακ-

426 3419 492 3460 ac
582 3405 675 3459 Dei
751 3408 952 3476 templo
1022 3407 1262 3477 legitima
1323 3422 1390 3464 ac
1459 3410 1801 3466 sacerdotale
1875 3410 2001 3465 ofﬁ-

413 3496 558 3550 cium
589 3499 816 3550 decente
851 3513 981 3552 cura
1014 3499 1236 3552 tractari
1271 3508 1594 3570 cmperunt;
1633 3517 1697 3556 ac
1729 3511 1847 3556 tum
1885 3501 1988 3558 de-

410 3602 561 3642 mum
595 3585 766 3642 Judmi
798 3592 1114 3646 necessario
1144 3593 1502 3662 resipuerunt
1543 3594 1615 3648 ab
1648 3609 1711 3650 ea
1746 3595 1802 3648 in
1832 3611 1998 3665 quam

413 3683 572 3730 antea
601 3677 943 3733 incurrerant
979 3680 1258 3750 impietate
1287 3696 1351 3736 ac
1383 3681 1562 3754 legum
1606 3682 1991 3738 inobedientia.

410 3764 531 3822 1am
568 3769 660 3837 qui
716 3770 994 3838 planctum
1041 3772 1254 3828 dixerat
1298 3780 1354 3829 et
1407 3773 1805 3844 paenitentiam,
1850 3774 1990 3829 idem

413 3860 825 3914 conversionem
877 3875 1095 3930 quoque
1139 3877 1326 3916 rerum
1374 3863 1429 3918 in
1460 3865 1657 3920 melius
1703 3880 1813 3919 non
1863 3866 1993 3920 reti-

411 3947 545 4011 cuit,
591 3963 714 4018 quae
754 3950 1013 4005 nimirum
1066 3961 1271 4007 tantam
1321 3953 1470 4008 illam
1520 3955 1898 4026 paenitentiam
1932 3955 1991 4009 in

411 4042 624 4094 cunctis
654 4051 1046 4098 commoverat.

2097 3410 2339 3464 καϐαίων
2363 3407 2694 3480 προστασίας
2731 3409 2823 3460 ἐπὶ
2854 3409 2914 3461 τὸ
2937 3411 3180 3480 κρεῖττον
3211 3407 3478 3480 μεταϐολὴ
3510 3426 3679 3463 τετυ·

2096 3502 2342 3573 χηκότων
2371 3501 2470 3570 τῆς
2505 3500 2656 3563 θείας
2679 3499 2851 3571 ῥοπῆς
2881 3516 2892 3529 ·
2926 3499 3001 3563 ὠς
3029 3500 3377 3570 ἀναιρεθῆναι
3415 3501 3514 3572 μὲν
3549 3503 3679 3565 τοὺς

2095 3593 2369 3667 ἐναντίους
2392 3593 2486 3645 ὑπ’
2519 3591 2722 3654 αὐτῶν,
2751 3591 3197 3661 ἀποκαταστῆναι
3217 3591 3271 3643 δὲ
3297 3594 3362 3662 τῇ
3394 3592 3550 3645 πόλει
3583 3592 3678 3646 καὶ

2094 3685 2171 3754 τῷ
2195 3685 2289 3738 τοῦ
2320 3685 2454 3737 Θεοῦ
2485 3684 2598 3754 ναῷ
2624 3683 2720 3754 τὴν
2754 3683 3076 3753 εὐκοσμίαν,
3100 3685 3227 3745 τοὺς
3260 3682 3455 3752 νόμους
3479 3699 3542 3734 τε
3575 3683 3679 3736 πά-

2095 3776 2179 3828 λιν
2211 3777 2335 3839 τοὺς
2363 3775 2538 3840 θείους
2565 3777 2662 3845 τήν
2689 3791 2750 3827 τε
2778 3776 2874 3844 τῆς
2906 3773 3200 3844 ἱερωσύνης
3225 3772 3543 3843 ἐπιμέλειαν
3573 3773 3676 3843 τῆς

2097 3867 2483 3937 προσηκούσης
2514 3866 2802 3935 τυγχάνειν
2833 3864 3069 3933 σπουδῆς
3091 3904 3106 3928 ,
3141 3862 3453 3931 ἀναγκαίως
3474 3863 3588 3930 ἄρα
3610 3864 3674 3915 ὲκ

2091 3959 2189 4028 τῆς
2220 3957 2521 4028 μεταϐολῆς
2553 3955 2906 4026 μετεμέλοντο
2929 3996 2943 4019 ,
2980 3956 3064 4024 ἐφ’
3092 3948 3172 4017 οἷς
3212 3952 3441 4023 πρόσθεν
3475 3954 3556 4015 εἰς
3587 3969 3675 4005 το-

2095 4047 2300 4111 σαύτας
2329 4048 2583 4111 ἀσεϐείας
2619 4063 2680 4100 τε
2712 4047 2804 4100 καὶ
2847 4046 3187 4117 παρανομίας
3217 4043 3526 4110 ἐξώκειλαν.
3561 4047 3673 4114 Δη-

410 4126 591 4191 λὼσας
634 4129 690 4182 δὲ
715 4130 806 4183 τὸν
849 4133 1076 4184 κοπετὸν
1120 4135 1214 4186 καὶ
1260 4133 1360 4204 τὴν
1397 4134 1762 4205 μεταμέλειαν
1785 4173 1800 4199 ,
1851 4133 1999 4203 λέγει
2031 4135 2130 4206 τὴν
2172 4136 2264 4188 ἐπὶ
2309 4136 2372 4189 τὸ
2400 4139 2643 4207 κρεῖττον
2690 4135 2991 4207 μεταϐολὴν
3013 4177 3029 4202 ,
3080 4136 3172 4204 ἀφ’
3210 4129 3277 4206 ἧς
3315 4134 3379 4206 δὴ
3433 4133 3673 4204 μάλιστα

411 4217 482 4272 τὰ
501 4219 597 4288 τῆς
623 4221 894 4290 τοσαύτης
931 4223 1291 4292 μεταμελείας
1323 4225 1594 4294 ἐνεγίνετο
1625 4228 1808 4279 πᾶσιν.

1035 4308 1187 4364 CAP.
1229 4309 1373 4365 XIII.

478 4392 651 4448 Vens.
700 4395 812 4451 1-7.
853 4425 922 4435 -
966 4415 983 4448 ι
1014 4397 1106 4451 Illa
1133 4400 1300 4464 enim,
1333 4401 1530 4470 inquit,
1571 4399 1661 4454 die
1698 4400 1880 4457 omnis
1908 4401 1988 4456 lo-

411 4503 510 4542 cus
541 4496 763 4556 apertus
787 4487 891 4542 erit
921 4487 1107 4543 domui
1145 4489 1389 4545 Davidis.
1427 4511 1446 4543 ι
1483 4489 1541 4547 Id
1570 4493 1879 4559 est,cuncti
1915 4493 1986 4546 li-

410 4580 604 4635 benter
630 4579 750 4634 illos
774 4579 943 4634 duces
968 4581 1259 4650 excipient,
1289 4598 1413 4636 cum
1459 4585 1606 4638 omni
1645 4584 1713 4638 ad
1743 4599 1840 4640 cos
1869 4586 1985 4637 ala-

411 4670 606 4723 critate
645 4669 1047 4740 confugientes,
1097 4679 1157 4724 ut
1189 4672 1308 4740 pios
1359 4681 1415 4727 et
1471 4673 1736 4730 adversus
1794 4676 1981 4731 hostes

409 4758 594 4813 divina
635 4759 807 4829 palam
851 4775 954 4829 cpe
994 4745 1237 4830 adjutos:
1267 4760 1472 4816 Deinde
1509 4765 1806 4820 ostendens
1837 4782 1981 4836 quo-

411 4850 575 4907 modo
610 4867 698 4906 res
731 4852 1005 4920 religiosa:
1039 4852 1107 4906 ad
1155 4861 1367 4907 rectum
1417 4861 1617 4908 statum
1648 4870 1747 4925 per
1775 4855 1987 4913 Macha-

411 4945 650 4998 bazorum
709 4942 1008 5012 potentiam
1063 4950 1429 5007 revertentur,
1507 4945 1827 5002 curantibus
1878 4948 1985 5005 illis

407 5036 604 5090 vitiosa
629 5035 813 5088 omnia
837 5033 1144 5098 destruere,
1167 5041 1222 5088 et
1254 5031 1364 5089 Deo
1397 5035 1596 5104 placita
1648 5037 1980 5106 instaurare,

414 5144 434 5176 σ
458 5127 524 5180 Et
549 5126 674 5190 erit,
701 5125 902 5195 inquit,
937 5124 1026 5180 die
1059 5125 1175 5189 illa,
1198 5125 1333 5180 dicit
1360 5123 1644 5192 Dominus,
1674 5128 1868 5185 delebo
1886 5144 1985 5184 no-

408 5213 555 5268 mina
582 5214 856 5270 idolorum
886 5215 955 5270 de
987 5222 1155 5278 terra,
1189 5229 1368 5286 neque
1407 5217 1640 5273 ulterius
1669 5221 1875 5274 mentio
1909 5221 1976 5275 il-

408 5304 583 5359 lorum
614 5306 739 5361 erit.
769 5307 837 5360 Et
865 5305 1380 5378 pseudoprophetas
1402 5321 1468 5361 ac
1503 5308 1759 5378 spiritum
1797 5311 1978 5379 impu-

406 5411 528 5448 rum
560 5397 628 5452 de
663 5404 806 5451 terra
856 5387 1120 5454 auferam.
1155 5417 1178 5454 ι
1214 5397 1370 5454 Tunc
1425 5413 1558 5455 sane
1604 5400 1711 5456 sub
1754 5401 1976 5456 illorum

408 5487 731 5556 pmfectura
789 5490 969 5545 omnis
1005 5491 1278 5545 idolorum
1338 5491 1520 5547 cultus
1565 5489 1868 5558 auferetur,
1922 5501 1976 5546 et

408 5577 590 5632 omnis
636 5578 1238 5646 pseudOprophetarum
1284 5579 1437 5636 fraus
1481 5582 1835 5644 dissolvetur,
1877 5598 1974 5638 ne-

408 5666 555 5724 mine
578 5664 814 5721 audente
837 5666 1127 5735 quidquam
1147 5669 1453 5749 hujusmodi
1487 5680 1776 5728 attentare.
1797 5673 1972 5744 Atque

2731 4310 2887 4365 ΚΕΦ.
2914 4311 3016 4366 II".

2160 4404 2309 4475 Στίχ.
2339 4403 2485 4467 α’-ζ’.
2520 4433 2590 4443 -
2629 4421 2646 4453 ι
2671 4405 2755 4456 Ἐν
2785 4405 2966 4474 ἐκείνῃ
3005 4403 3149 4474 γὰρ,
3187 4403 3317 4473 φησὶ
3341 4443 3354 4464 ,
3381 4405 3446 4473 τῇ
3480 4404 3669 4474 ἡμέρᾳ

2093 4498 2199 4560 πᾶς
2223 4496 2384 4559 τόπος
2419 4495 2568 4548 ἔσται
2596 4495 2993 4564 διανοιγόμενος
3015 4493 3093 4564 τῷ
3124 4495 3255 4563 οῐκῳ
3274 4495 3456 4549 Δαυῖδ.
3490 4513 3509 4545 ι
3548 4495 3668 4548 Ἵνα.

2089 4589 2219 4661 εἴπῃ
2247 4590 2330 4642 ὅτι
2369 4589 2567 4650 πάντες
2597 4586 2828 4657 ἑτοίμως
2867 4588 2943 4648 ὡς
2972 4587 3305 4657 ἡγουμένους
3339 4585 3665 4656 προσδέξον-

2087 4695 2197 4745 ται,
2231 4679 2442 4750 (μεὶῖί)
2483 4678 2618 4748 μετά
2642 4677 2822 4748 πάσης
2853 4677 3036 4740 αὐτοῖς
3059 4677 3362 4748 προθυμίας
3389 4677 3660 4748 προστρέ-

2085 4786 2300 4840 χοντες,
2336 4769 2412 4832 ὼς
2449 4768 2696 4822 εὐσεϐέσι
2746 4784 2804 4820 τε
2859 4767 2954 4820 καὶ
2985 4770 3222 4838 ἰσχυροῖς
3270 4770 3337 4837 τῇ
3371 4766 3491 4836 θείᾳ.
3519 4768 3660 4835 ῥοπῇ

2086 4857 2227 4912 κατά
2252 4857 2360 4910 τῶν
2384 4856 2641 4910 ἐναντίων
2680 4857 2945 4924 φανεῖσιν.
2978 4850 3110 4907 Εἶτα
3146 4853 3358 4917 δεικνὺς
3393 4854 3538 4916 ὅπως
3566 4851 3662 4904 καὶ

2083 4948 2153 5001 τὰ
2194 4948 2291 5018 τῆς
2320 4946 2625 5010 θεοσεϐείας
2663 4945 2757 4999 ἐπὶ
2800 4945 2861 4997 τὸ
2889 4945 3005 4998 δέον
3049 4944 3138 4998 διὰ
3163 4944 3262 5014 τῆς
3287 4945 3394 4998 τῶν
3429 4946 3662 4998 Μακκα-

2085 5037 2254 5091 ϐαίων
2283 5038 2636 5108 ἐπικρατείας
2669 5037 3067 5107 μεταστήσεται
3088 5077 3102 5099 ,
3131 5035 3661 5106 παρασκευαζόντων

2085 5127 2440 5196 ἀφανίζεσθαι
2467 5128 2566 5198 μὲν
2587 5128 2807 5182 ἅπαντα
2836 5127 2905 5181 τὰ
2929 5126 3114 5198 χείρω,
3144 5130 3364 5198 κρατεῖν
3391 5126 3447 5178 δὲ
3474 5123 3541 5176 τά
3578 5122 3659 5194 τῷ

2081 5219 2201 5288 Θεῷ
2223 5217 2501 5282 δοκοῦντα,
2544 5237 2563 5268 ι
2587 5219 2697 5272 Καὶ
2728 5218 2880 5271 ἔσται
2903 5220 2960 5270 ἐν
2986 5220 3053 5288 τῇ
3075 5218 3255 5288 ἡμέρᾳ
3276 5217 3477 5291 ἐκείνῃ,
3508 5215 3662 5283 λέγει

2083 5310 2284 5383 Κύριος
2318 5310 2567 5376 Σαϐαὼθ,
2591 5310 2956 5381 ἐξολοθρεύσω
2981 5309 3051 5362 τά
3077 5310 3317 5380 ὀνόματα
3343 5308 3452 5362 τῶν
3497 5305 3660 5360 εἰδώ-

2083 5401 2190 5454 λων
2213 5401 2321 5455 ἀπὺ
2351 5401 2452 5471 τῆς
2475 5402 2598 5472 γῆς,
2631 5401 2726 5454 καὶ
2746 5400 2925 5454 οὐκέτι
2954 5399 3105 5454 ἔσται
3132 5398 3312 5452 αὐτῶν
3335 5399 3492 5469 μνεία
3509 5411 3525 5427 ⁸
3556 5396 3659 5451 καὶ

2084 5493 2211 5556 τοὺς
2237 5493 2684 5564 ψευδοπροφήτας
2725 5493 2819 5546 καὶ
2867 5491 2928 5545 τὸ
2979 5489 3198 5562 πνεῦμα
3241 5489 3303 5544 τὸ
3345 5487 3658 5556 ἀκάθαρτον

2080 5584 2256 5654 ὲξαρῶ
2280 5586 2387 5640 ἀπὸ
2416 5586 2512 5656 τῆς
2540 5584 2663 5654 γῆς.
2691 5604 2708 5636 ι
2747 5584 2874 5637 Τότε
2903 5583 3012 5654 γὰρ
3049 5583 3113 5653 δὴ
3157 5582 3244 5636 διὰ
3291 5581 3390 5650 τῆς
3425 5577 3656 5634 ἐκείνων

2081 5677 2398 5741 ἐπιστασίας
2427 5681 2573 5730 πᾶσα
2602 5679 2701 5749 μὲν
2729 5680 2760 5748 ἡ
2795 5677 2900 5733 τῶν
2951 5678 3183 5734 εἰδώλων
3221 5675 3655 5748 άφαιρεθήσετμῑ
