4022 6138
306 269 422 334 τεο

1190 263 1818 326 COMMENTARIUSIN
1851 260 2219 320 ZACDARUE
2257 261 2412 322 CAP.
2442 260 2581 320 XIII.

3465 257 3570 329 58G

310 383 605 458 θεραπεία,
625 385 779 440 πᾶσα
818 385 875 440 δέ
898 383 1329 456 καταλυθήσεται
1372 383 1478 438 τῶν
1524 383 1888 454 ψευδοπροφητ

2004 391 2062 438 ιιι
2084 382 2428 455 demonstret
2450 394 2615 453 quam
2644 379 2753 435 late
2786 378 3046 435 honestas
3079 376 3432 432 dominatura
3473 375 3565 438 sit,

309 476 417 530 τῶν
449 477 483 547 ἡ
535 476 718 547 ἀπάτη
740 518 757 542 ,
799 476 1015 539 οὐδενὸς
1045 475 1444 546 ἐπιτολμῶντος
1493 475 1647 528 οὐδὲν
1701 476 1889 545 ἐπιτη-

308 566 487 619 δεύειν
526 567 759 619 τοιοῦτο.
796 567 909 619 Καὶ
942 565 1155 630 δεικνὺς
1194 565 1366 636 ὁπόση
1390 582 1472 628 τις
1499 566 1533 635 ὴ
1571 565 1891 636 ἐπικράτεια

308 658 600 730 γενήσεται
621 654 718 710 τοῦ
748 655 940 721 καλοῦ,
958 656 1123 727 φησὶν
1148 655 1228 710 ὅτι
1247 656 1297 709 εί
1318 655 1608 727 τολμήσειέ
1637 673 1721 719 τις
1747 673 1889 727 παρ-

312 749 483 802 ελθὼν
511 747 654 802 κατά
696 747 791 801 τὸν
827 746 1019 819 καιρὸν
1068 746 1274 800 ἐκεῖνον
1319 746 1790 817 προσποιήσασθαί
1837 765 1891 802 τι

311 840 418 894 τῶν
457 838 739 909 ἐσομένων
783 837 1010 909 μηνύειν
1056 840 1122 892 ἐκ
1155 836 1463 910 πνεύματος
1506 837 1891 911 ἐνεργούμενος

311 928 621 999 ἀλλοτρίου,
655 928 869 992 οὐδενὸς
906 927 999 981 ἐπὶ
1026 927 1106 998 τῷ
1147 927 1460 999 τολμήματι
1488 928 1663 999 τούτῳ
1688 928 1782 981 καὶ
1812 927 1891 1000 τῷ

312 1022 744 1094 παρανομήματι
762 1020 890 1074 οὐδὲ
918 1019 1068 1091 παρὰ
1119 1018 1230 1073 τῶν
1272 1018 1688 1091 γεννησαμένων
1727 1020 1892 1074 αὑτὸν

313 1115 646 1186 συγγνώμης
672 1113 706 1184 ἢ
739 1112 892 1168 ἐλέου
919 1111 1166 1177 τεύξεται
1205 1110 1287 1166 ἔτι
1304 1127 1318 1141 ο
1354 1110 1537 1176 αὐτοῖς
1562 1112 1671 1185 γὰρ
1696 1114 1890 1167 ἐκεῖνοι

316 1203 599 1276 μονονουχὶ
628 1203 985 1275 συνδήσαντες
1034 1202 1199 1256 αὑτὸν
1224 1240 1240 1267 ,
1292 1201 1435 1272 ὑπὲρ
1465 1200 1530 1273 δὴ
1578 1198 1769 1271 ψευδεῖ
1798 1202 1892 1256 καὶ

314 1295 710 1370 πεπλανημένη
737 1295 1046 1367 προφητείᾳ
1083 1295 1382 1367 κεχρῆσθαι
1409 1294 1602 1365 τολμᾷ,
1637 1294 1892 1367 παραδώς

315 1406 464 1443 σουσι
491 1388 738 1459 τιμωρίᾳ
758 1401 773 1415 ⁸
796 1386 969 1450 οὕτως
1004 1385 1235 1458 αἰσχύνῃ
1275 1386 1373 1457 μὲν
1406 1384 1891 1458 περιϐληθήσονται

316 1481 514 1544 πὶντες
562 1480 612 1532 oi
644 1476 947 1549 τηνικαῦτα
992 1475 1253 1541 τοιούτοις
1282 1472 1720 1549 ἐπιχειροῦντες,
1753 1476 1894 1548 πρὸς

317 1570 682 1644 μεταμέλειαν
708 1569 768 1624 δὲ
797 1568 1045 1624 νιύσουσι
1072 1568 1165 1623 καὶ
1194 1566 1386 1632 πένθος
1423 1569 1489 1621 ἐκ
1514 1566 1622 1623 τῶν
1649 1567 1890 1637 ἐπιγινο-

317 1664 491 1734 μένων
534 1662 721 1724 αὐτοῖς
751 1660 955 1715 κακῶν.
1004 1661 1081 1731 (p.
1107 1660 1235 1730 525)
1268 1660 1442 1714 Τοῦτο
1486 1658 1596 1732 γὰρ
1636 1659 1784 1727 λέγει
1808 1659 1893 1724 τὸ,

319 1771 337 1803 ι
357 1752 669 1806 ἐνδύσονται
691 1750 874 1822 δέῤῥιν
894 1749 1142 1821 τριχίνην
1158 1766 1173 1779 ·
1194 1768 1213 1802 ι
1239 1743 1351 1804 οἷόν
1375 1751 1491 1804 ἐστι
1506 1748 1658 1820 παρὰ
1683 1750 1761 1822 τῷ
1783 1767 1889 1822 μαο

315 1840 488 1910 καρίῳ
519 1837 684 1892 Δαυτδ
712 1836 797 1903 τὸ,
836 1854 854 1886 ι
875 1836 1179 1910 Διέρῤηξας
1204 1835 1261 1889 δὲ
1284 1836 1373 1890 τὸν
1394 1835 1596 1890 σάκκον
1623 1852 1724 1908 μου
1744 1876 1761 1902 ,
1793 1836 1891 1890 καὶ

314 1928 657 2001 περιέζωσάς
690 1944 760 1997 με
809 1925 1179 1998 εὐφροσύνην·
1216 1944 1235 1978 ι
1293 1924 1381 1980 ἵνα
1427 1926 1556 1998 είπη
1579 1965 1595 1990 ,
1653 1924 1730 1977 Τὸ
1759 1924 1889 1978 πέν-

315 2021 403 2084 θος
454 2015 729 2092 περιελὼν
779 2016 1117 2088 εὐφροσύνης
1296 2016 1686 2089 πεπλήρωκας.
1730 2016 1794 2069 Οἱ
1826 2014 1890 2086 δὴ

311 2109 565 2176 τοιοῦτοι,
596 2109 751 2180 φησὶ,
784 2107 921 2178 πρὸς
946 2103 1312 2179 μεταμέλειαν
1334 2107 1639 2173 νεύσαντες,
1658 2107 1748 2162 καὶ
1769 2124 1894 2162 πενο

314 2203 461 2257 θικὸν
489 2200 844 2273 περιθέμενοι
873 2200 1081 2272 σχῆμα,
1113 2198 1523 2271 ἀπαρνήσονται
1557 2199 1656 2272 τὴν
1678 2199 1894 2270 ἀπάτην

311 2296 409 2363 τὴν
434 2293 669 2358 οἰκείαν,
684 2291 954 2361 λέγοντες,
977 2291 1053 2354 ὡς
1074 2288 1197 2343 οὔτε
1225 2290 1370 2344 ίσασί
1399 2307 1474 2353 τι,
1506 2289 1628 2344 οὔτε
1660 2291 1893 2362 χρήσον-

312 2402 399 2439 ται
425 2385 518 2437 ἐπὶ
542 2383 797 2453 τοιούτῳ,
837 2380 1300 2453 ἀσχοληθήσονται
1345 2382 1403 2435 δὲ
1428 2382 1520 2435 τοῦ
1550 2380 1738 2434 λοιποῦ
1768 2381 1895 2454 περὶ

312 2475 409 2543 τὴν
439 2472 704 2543 ἐργασίαν
728 2471 828 2542 τῆς
862 2470 994 2540 γῆς,
1019 2470 1157 2542 ὅπερ
1194 2464 1285 2523 οὖν
1316 2469 1411 2523 καὶ
1440 2468 1777 2538 ἐπιτηδεύειν
1805 2467 1895 2521 εὑ-

314 2566 411 2628 θὺς
438 2567 504 2617 ἐκ
532 2563 756 2635 πρώτης
784 2560 984 2632 ἔμαθον
1011 2561 1222 2633 ἡμέρας
1249 2559 1399 2632 παρά
1421 2559 1528 2614 τῶν
1553 2562 1888 2633 γεννησαμέ-

313 2672 422 2711 νων
457 2653 674 2717 αὐτούς.
704 2651 822 2706 Κᾶν
855 2651 909 2703 εί
950 2665 1094 2712 τινες
1130 2648 1187 2701 δὲ
1218 2649 1414 2713 αὐτοὺς
1445 2648 1523 2703 ἐτι
1569 2650 1768 2721 νεαρὰς
1794 2649 1890 2719 φέ-

323 2762 517 2815 ροντας
555 2742 660 2795 τῶν
691 2741 1070 2812 ωπτησάντων
1115 2741 1313 2803 αὐτοὺς
1365 2740 1463 2804 τὰς
1496 2739 1707 2810 πληγὰς
1752 2742 1888 2812 ἐρω-

321 2836 482 2905 τῷεν,
516 2835 639 2889 ὅθεν
667 2834 726 2905 δὴ
756 2834 948 2897 ταύτας
978 2831 1323 2902 ἐπιφέροιντο
1346 2871 1361 2896 ,
1387 2831 1751 2900 ἐπαγγελοῦσι
1787 2849 1886 2885 σα-

1993 466 2392 538 Nemo,inquit,
2429 465 2524 523 illo
2549 477 2792 538 tempore
2821 464 3062 530 audebit,
3092 464 3147 521 in
3184 462 3422 520 medium
3440 477 3569 534 pro-

1991 560 2213 623 cedens,
2251 559 2511 616 simulare
2541 553 2762 630 aliquod
2805 558 3125 613 vaticinium
3160 558 3340 612 alieno
3371 555 3569 627 spiritu

1990 651 2323 720 instinctus;
2371 666 2550 721 neque
2585 653 2732 709 enim
2780 652 3073 722 quisquam
3136 650 3206 706 ob
3236 647 3291 705 id
3353 648 3569 705 facinus

1990 750 2155 814 atque
2179 747 2362 804 scelus
2391 748 2481 804 vel
2510 749 2580 805 ab
2609 747 2744 820 ipsis
2767 742 3085 818 parentibus
3117 742 3332 799 veniam
3364 748 3456 795 aut
3474 738 3568 794 mi-

1990 834 2346 890 sericordiam
2367 846 2815 910 consequeretur.
2853 834 2962 909 lpsi
2984 836 3127 890 enim
3153 834 3229 889 illi
3259 833 3407 887 hunc
3437 846 3565 902 pro.-

1989 926 2278 995 Ρεωοάιιιη
2307 928 2559 1001 ligantes,
2592 929 2729 984 falsa
2764 927 3217 996 fraudulentaque
3248 922 3413 994 355
3441 938 3567 993 pro-

1990 1016 2172 1087 phetia
2202 1018 2352 1075 abuti
2378 1034 2594 1087 ausum,
2612 1017 3191 1092 suppliciotiaderent.
3211 1015 3302 1070 Sic
3333 1012 3568 1086 ignoini.

1992 1104 2084 1160 nia
2120 1107 2342 1177 quidem
2382 1110 2688 1166 obruentur
2718 1124 2911 1165 omnes
2939 1106 3031 1179 qui
3057 1114 3190 1162 tunc
3210 1107 3325 1163 haec
3356 1105 3563 1161 scele:a

1990 1197 2314 1266 admiserint
2348 1220 2360 1256 :
2393 1202 2462 1259 de
2494 1202 2817 1273 paenitentia
2855 1207 3035 1255 alitem
3064 1199 3324 1268 luctuque
3357 1198 3565 1267 cogita-

1989 1287 2127 1345 bunt
2162 1299 2388 1362 propter
2422 1293 2741 1367 ingruentes
2772 1292 2904 1363 ipsis
2932 1290 3292 1347 calamitates.
3332 1284 3389 1341 ld
3416 1287 3561 1341 enim

1990 1380 2303 1457 significant
2332 1380 2498 1440 verba
2528 1404 2542 1440 :
2586 1403 2604 1437 ι
2627 1383 2922 1439 lnduentur
2953 1381 3090 1454 pelle
3127 1378 3363 1435 eilicina.
3391 1396 3409 1430 ι
3443 1374 3565 1433 Sic-

1990 1479 2052 1526 ut
2082 1480 2165 1528 est
2202 1474 2344 1544 apud
2384 1474 2602 1531 beatum
2655 1474 2912 1531 Daridem
2946 1492 2961 1529 :
2999 1492 3019 1526 ι
3052 1470 3381 1527 Conscidisti
3439 1482 3562 1522 sae-

1990 1575 2116 1617 cum
2157 1578 2360 1630 meum,
2398 1572 2455 1620 et
2483 1563 2895 1622 circumdedisti
2927 1577 3014 1617 me
3029 1555 3316 1620 latitia";
3342 1571 3360 1605 ι
3382 1547 3438 1607 id
3459 1557 3566 1615 est,

1990 1651 2143 1707 luctu
2194 1652 2444 1724 depulso,
2495 1655 2698 1727 gaudio
2741 1670 2829 1710 me
2856 1652 3218 1723 complevisti.
3253 1651 3322 1705 At
3362 1650 3440 1714 lii,
3480 1649 3564 1704 in-

1919 1731 1963 1787 Β
1990 1744 2130 1815 quit,
2165 1745 2232 1801 ad
2273 1747 2649 1816 pmnitentiam
2692 1747 2968 1809 conversi,
3016 1754 3075 1800 et
3113 1742 3332 1814 lugubri
3381 1734 3563 1797 induti

1985 1833 2202 1900 habitu,
2234 1835 2554 1906 imputatam
2578 1836 2683 1892 sibi
2719 1834 2964 1891 fraudem
2993 1834 3342 1904 denegabant
3373 1831 3565 1886 dicen-

1984 1921 2088 1994 tes,
2118 1941 2178 1982 se
2211 1925 2343 1980 nihil
2386 1925 2703 1996 bujusmodi
2745 1925 2911 1990 scire,
2955 1938 3133 1993 neque
3158 1921 3284 1977 talia
3321 1935 3563 1992 unquam

1985 2017 2402 2083 commissuros,
2438 2016 2531 2073 sed
2566 2016 2807 2072 colendae
2844 2016 3105 2085 deinceps
3136 2021 3296 2070 terra;
3339 2021 3563 2067 vacatu-

1988 2122 2081 2163 ros
2108 2123 2122 2173 ;
2154 2107 2297 2176 quod
2336 2108 2459 2163 vitae
2494 2124 2667 2179 genus
2702 2111 2888 2163 statim
2918 2122 2949 2161 a
2970 2105 3207 2177 pueritia
3234 2104 3334 2174 abs
3375 2118 3562 2173 paren-

1994 2197 2139 2252 tibus
2164 2197 2281 2253 suis
2302 2196 2628 2253 didicerant.
2659 2196 2813 2264 Quod
2859 2196 2906 2252 si
2939 2196 3063 2267 quis
3103 2194 3226 2251 illos
3255 2193 3435 2248 adhuc
3474 2209 3562 2247 re-

1992 2286 2249 2343 centibus
2279 2287 2453 2357 plagis
2479 2295 2755 2344 tumentes
2783 2289 3077 2358 rogaverit,
3107 2287 3253 2343 unde
3285 2302 3380 2343 eas
3415 2294 3564 2342 retu-

1992 2374 2219 2440 lissent,
2284 2375 2597 2433 fatebuntur
2649 2387 2834 2448 aperte
2866 2378 3000 2433 nihil
3058 2387 3344 2449 negantes,
3404 2374 3553 2450 quod

1992 2466 2229 2522 alienum
2264 2467 2367 2522 sibi
2412 2467 2646 2523 ollicium
2673 2478 3023 2539 usurpantes,
3064 2472 3282 2542 propria
3312 2470 3367 2525 in
3401 2471 3563 2526 domo

1993 2559 2216 2614 verbera
2248 2556 2337 2615 illa
2364 2561 2433 2615 ab
2465 2561 2534 2617 iis
2568 2563 2901 2632 acceperint,
2924 2563 3124 2634 quibus
3149 2563 3424 2634 praecipue
3442 2564 3562 2619 cari

1993 2666 2115 2707 esse
2138 2651 2481 2718 videbantur,
2507 2668 2605 2709 ceu
2632 2654 2788 2710 liberi
2830 2656 3173 2725 parentibus,
3207 2657 3302 2728 qui
3331 2672 3565 2729 peccan-

1993 2742 2142 2798 tibus
2179 2758 2288 2799 non
2318 2754 2706 2813 pepercerunt,
2752 2753 3041 2815 propterea
3092 2748 3237 2817 quod
3285 2747 3564 2819 religionis

1994 2848 2183 2888 curam
2220 2836 2456 2891 naturali
2491 2839 2861 2907 compassioni
2900 2839 3281 2909 praetulerunt.

319 2930 439 2999 φῶς
490 2929 645 2982 οὐδὲν
689 2928 1053 2999 ἀρνησάμενοι
1110 2926 1191 2979 ὅτι
1244 2923 1643 2996 ἐπιχειροῦντες
1699 2919 1780 2986 οἷς
1826 2924 1887 2976 οὐ
1937 2927 2210 2998 προσῆκον
2265 2924 2368 2998 ἦν,
2403 2928 2496 2982 ἐπὶ
2544 2931 2642 3001 τῆς
2691 2930 2865 2996 οἰκίας
2917 2931 3015 3003 τῆς
3057 2931 3263 2986 ἑαυτῶν
3318 2928 3426 2986 εἷεν
3477 2933 3563 2986 δε-

311 3022 563 3094 δεγμένοι
595 3023 693 3083 τὰς
743 3022 1018 3092 μάστιγας
1063 3020 1190 3091 παρ’
1231 3020 1454 3073 ἐκείνων
1491 3013 1573 3083 οἷς
1607 3019 1673 3091 δὴ
1718 3018 1949 3091 μάλιστα
1984 3021 2198 3076 πάντων
2236 3022 2510 3094 ἀγαπητοὶ
2551 3025 2840 3094 τυγχάνειν
2871 3025 3123 3093 ἐδόκουν,
3170 3028 3266 3082 ἅτε
3319 3030 3566 3098 γονεῦσιν

313 3115 450 3182 υίοὶ,
499 3114 553 3167 οἳ
598 3113 868 3185 μηδεμίαν
918 3111 1098 3166 αὐτῶν
1147 3110 1314 3181 φειδὼ
1360 3112 1680 3183 πεποίηνται
1730 3112 2170 3184 ἁμαρτανόντων,
2216 3114 2401 3187 ἐπειδὴ
2432 3116 2530 3188 τῆς
2572 3116 2851 3182 εὐσεόείας
2883 3117 2983 3189 τὴν
3023 3118 3337 3190 ἐπιμέλειαν
3363 3121 3566 3176 ἀνωτέ-

315 3222 413 3277 ραν
437 3206 539 3276 τῆς
567 3205 806 3276 φυσικῆς
835 3203 1019 3258 ἔθεντο
1053 3203 1411 3274 συμπαθείας.

381 3296 529 3366 Στίχ.
550 3299 618 3362 ζ’.
642 3294 844 3350 -Ἀλλά
864 3299 973 3367 γὰρ
1003 3297 1101 3367 τὴν
1127 3295 1217 3347 ἐπὶ
1239 3296 1299 3348 τὸ
1326 3297 1568 3365 κρεῖττον
1600 3292 1888 3367 μεταϐολὴν

2071 3286 2240 3347 Vens.
2287 3290 2336 3344 7.
2377 3319 2446 3329 —
2484 3287 2596 3360 Age
2632 3304 2760 3346 vero
2788 3298 2912 3361 post
2945 3292 3249 3347 nuntiatam
3284 3308 3470 3349 rerum
3506 3294 3562 3347 in

315 3388 419 3442 τῶν
436 3388 780 3459 πραγμάτων
801 3385 1038 3458 εἰρηκὼς
1063 3388 1090 3439 ό
1121 3390 1423 3457 προφήτης,
1441 3387 1585 3450 ὅπως
1612 3404 1670 3439 τε
1694 3390 1758 3457 τῇ
1781 3387 1890 3441 τῶν

315 3477 691 3532 Μακκαῦαίων
720 3478 1027 3548 προστασίᾳ
1078 3476 1457 3549 καθῃρέθησαν
1509 3480 1607 3548 μὲν
1649 3479 1698 3530 οἱ
1738 3480 1890 3531 ἐναν-

313 3570 436 3634 τίοι,
467 3570 662 3639 γέγονε
686 3570 743 3624 δὲ
777 3572 836 3623 ἐν
892 3569 1158 3638 εὐκοσμίᾳ
1201 3567 1262 3621 τὸ
1295 3568 1443 3632 ἔθνος
1491 3568 1657 3639 πολλῇ
1684 3608 1698 3630 ,
1747 3568 1887 3621 ὥστε

318 3664 495 3717 πᾶσαν
544 3662 650 3733 μὲν
692 3660 949 3715 ἀσέϐειαν
980 3659 1041 3722 ἐξ
1076 3659 1253 3713 αὐτῶν
1296 3661 1389 3713 καὶ
1419 3661 1758 3731 παρανομίαν
1792 3662 1887 3714 ἀνο

315 3752 551 3823 ῃρῆσθαι
572 3791 588 3816 ,
618 3752 842 3822 κρατεῖν
870 3749 927 3802 δὲ
957 3750 1131 3803 πάντα
1164 3766 1227 3817 γε
1273 3750 1444 3803 ὁπόσα
1474 3754 1575 3813 τοῖς
1606 3750 1765 3812 θείοις
1803 3751 1888 3803 νό-

318 3858 437 3909 μοις
466 3840 739 3893 ἀκόλουθα
769 3839 1077 3893 συνέὸιιινεν
1102 3834 1260 3903 εἶναι,
1279 3838 1464 3909 ὥσπερ
1490 3842 1553 3892 ἐκ
1582 3841 1677 3908 τῆς
1704 3842 1886 3894 τοιαύ-

315 3947 406 3998 της
440 3928 871 3999 ἀποκαλύψεως,
904 3929 970 3999 ἢν
1005 3931 1069 3982 ἐκ
1110 3929 1208 3999 τῆς
1249 3929 1342 3981 τοῦ
1383 3930 1537 3997 ἁγίου
1573 3931 1888 4001 Πνεύματος

313 4023 559 4077 ἐδέδεκτο
597 4023 879 4094 ἐνεργείας
901 4064 915 4089 ,
946 4022 1133 4085 ἔνθους
1160 4040 1218 4076 τε
1244 4022 1499 4090 γεγονὼς,
1532 4024 1625 4076 καὶ
1656 4024 1885 4077 κατιδὼν

314 4113 556 4185 ἀκριόὦς
589 4114 660 4167 τὰ
700 4113 938 4182 ἐσόμενα
967 4152 982 4177 ,
1014 4109 1102 4166 οἷά
1132 4130 1191 4165 τε
1242 4113 1299 4177 ἐξ
1331 4114 1453 4166 οἴων
1502 4115 1786 4185 γενήσεται
1818 4114 1886 4168 τὰ

326 4205 592 4258 Ἰουδαίων
621 4247 636 4271 ,
673 4205 768 4258 καὶ
812 4205 928 4256 οἵαν
979 4204 1077 4274 μὲν
1120 4205 1185 4257 ἐκ
1217 4205 1313 4274 τῆς
1359 4206 1464 4259 τῶν
1512 4206 1884 4258 Μακκαϐαίων

312 4296 647 4366 προστασίας
691 4294 975 4365 διόρθωσιν
1030 4294 1241 4361 δέξεται
1290 4296 1361 4349 τὰ
1414 4298 1533 4349 κατ’
1567 4298 1793 4360 αὐτοὺς,
1826 4298 1884 4351 ἐν

308 4388 410 4459 ὅσῃ
454 4387 512 4441 δὲ
564 4387 787 4455 γέγονεν
820 4387 1060 4457 ἀκοσμίᾳ.
1103 4394 1191 4457 (p,
1229 4387 1365 4457 526)
1417 4390 1480 4440 ἐκ
1518 4388 1613 4459 τῆς
1664 4390 1884 4441 ἐκείνων

312 4477 614 4548 μοχθηρίας
644 4478 693 4529 oi
725 4477 873 4548 παρὰ
902 4477 1009 4529 τῶν
1043 4477 1305 4546 βασιλέων
1332 4478 1481 4549 παρά
1506 4495 1563 4530 τε
1595 4478 1651 4530 τὸ
1678 4481 1884 4549 πρέπον

311 4568 402 4620 καὶ
424 4568 485 4619 τὸ
518 4570 633 4630 τοῖς
656 4567 839 4636 νόμοις
867 4566 1159 4620 ἀκόλουθον
1196 4570 1304 4631 τοῖς
1326 4567 1488 4629 θείοις
1514 4568 1612 4636 τήν
1640 4585 1697 4620 τε
1728 4570 1885 4638 ἱερωο

311 4656 476 4728 σύνην
490 4657 877 4728 ἀναδεχόμενοι
895 4659 989 4711 καὶ
1011 4658 1108 4729 τὴν
1128 4657 1222 4710 τοῦ
1241 4657 1369 4710 λαοῦ
1391 4659 1740 4727 προστασίαν,
1763 4676 1885 4726 συγ-

306 4747 517 4817 χύσεως
561 4748 828 4820 μεγίστης
873 4748 1296 4820 πεπληρώκασιν
1328 4750 1577 4812 ἅπαντα,
1625 4751 1884 4819 μεγίστην

308 4839 427 4891 τινὰ
454 4840 555 4909 τὴν
585 4839 962 4907 ἀγανάκτησιν
998 4840 1092 4892 ἐπὶ
1132 4843 1196 4909 τῇ
1229 4841 1499 4911 μοχθηρίᾳ
1532 4840 1638 4895 τῶν
1668 4839 1761 4893 τοῦ
1792 4857 1883 4893 το-

314 4927 498 4980 σούτου
530 4927 703 4980 κακοῦ
757 4928 1057 4996 γεγονότων
1109 4930 1293 4982 αἰτίων
1337 4929 1622 4997 ὃεξᾲμενος
1648 4972 1661 4993 ,
1709 4929 1885 4982 τοιάδε

310 5019 469 5087 φησίν
504 5035 516 5048 ·
573 5038 591 5069 ι
617 5018 914 5089 Ῥομφαία,
950 5019 1263 5090 ἐξεγέρθητι
1291 5012 1496 5073 ὲπ“ι’τὸν
1529 5021 1760 5089 ποιμένα
1792 5023 1887 5074 καί⁹

307 5110 394 5159 ἐπ’
427 5109 595 5177 ἄνδρα
648 5108 878 5176 πολίτην
912 5110 1075 5163 αὐτοῦ
1104 5150 1118 5171 ,
1164 5110 1309 5178 λέγει
1344 5112 1387 5162 Κ
1412 5112 1545 5177 Toto;
1580 5113 1884 5182 παντοκρά-

309 5211 439 5265 τωρ.
468 5215 486 5246 i
520 5194 945 5266 Προπακτικιῦς
1005 5196 1166 5248 πάλιν
1206 5197 1482 5249 κάνταῦυα
1518 5196 1577 5248 τὸ
1631 5197 1884 5265 ἐσόμενον

312 5287 537 5357 μηνύει-⁸
575 5288 669 5340 καὶ
703 5286 894 5356 ὥσπερ
936 5287 1069 5357 πρὸς
1104 5288 1234 5339 αὐτὸ
1274 5288 1331 5339 τὸ
1374 5287 1520 5355 ξίφος
1550 5289 1752 5357 τρέψας
1796 5289 1884 5339 τὸν

310 5377 482 5447 λόγον,
517 5379 787 5450 Κινὴθητι
816 5379 902 5449 δὴ,
935 5380 1119 5450 φησιν,
1150 5374 1193 5432 ὧ
1225 5379 1464 5450 μάχαιρα
1494 5381 1632 5433 κατά
1656 5398 1710 5431 τε
1741 5380 1885 5432 ἐκεί-

313 5486 414 5522 νων
439 5470 546 5522 τῶν
568 5468 712 5523 οὕτω
742 5469 929 5532 κακῶς
955 5472 1019 5538 τῇ
1054 5470 1355 5541 προστασίᾳ
1383 5470 1761 5541 χρησαμένων,
1794 5470 1886 5522 καὶ

381 5641 428 5678 ⁷⁸
462 5642 609 5700 Ρειιι.
650 5659 805 5709 xm,
850 5643 935 5695 19..

588 5738 861 5799 Ρηιιοι..
894 5735 1009 5798 Gn.
1047 5736 1264 5800 LXVI.

1995 3385 2191 3439 melius
2238 3383 2674 3445 conversionem,
2704 3389 2757 3436 et
2797 3382 3071 3451 quomodo
3098 3382 3155 3435 in
3198 3380 3565 3436 Macchabaeo-

1994 3490 2111 3530 rum
2140 3473 2449 3543 principatu
2484 3472 2647 3527 deleti
2674 3470 2877 3526 fuerint
2911 3472 3120 3535 hostes,
3168 3479 3224 3526 et
3261 3487 3394 3541 gens
3424 3472 3562 3527 bene

1993 3563 2286 3617 admodum
2317 3561 2644 3630 composita,
2699 3560 2908 3630 abiecta
2940 3560 3151 3615 scilicet
3185 3562 3332 3614 omni
3372 3561 3563 3631 impie-

1994 3660 2105 3707 tate
2134 3668 2199 3706 ac
2228 3652 2490 3720 nequitia,
2520 3659 2885 3720 revocatoque
2914 3651 3222 3705 divinarum
3247 3652 3424 3721 legum
3447 3659 3564 3708 stu-

1993 3744 2120 3809 dio;
2154 3758 2219 3797 ex
2252 3742 2567 3811 huiusmodi
2602 3742 2955 3807 revelatione,
3002 3758 3163 3812 quam
3198 3741 3404 3813 Spiritu
3434 3761 3563 3800 san-

1998 3845 2089 3889 eto
2123 3841 2386 3903 Operante
2415 3840 2723 3902 acceperat,
2764 3844 2944 3889 mente
2993 3835 3234 3905 percitus
3274 3826 3560 3908 propheta,

1993 3942 2057 3982 ac
2080 3926 2264 3980 futura
2298 3926 2577 3981 evidenter
2606 3942 2858 3992 cernens,
2886 3938 2939 3983 et
2968 3943 3215 3999 quaenam
3243 3939 3295 3985 et
3320 3946 3387 3985 ex
3426 3944 3563 4000 qua-

1991 4018 2136 4072 libus
2168 4034 2256 4072 res
2293 4016 2605 4072 Judmorum
2648 4018 2845 4083 forent,
2889 4028 2944 4075 et
2973 4029 3233 4090 quantam
3268 4022 3373 4077 sub
3410 4022 3561 4077 Mac-

1991 4107 2338 4162 chabaeorum
2369 4108 2675 4178 principatu
2706 4109 3139 4164 emendationem
3190 4121 3430 4166 nactum
3473 4128 3561 4167 es-

1992 4208 2480 4269 sent;quantaque
2508 4215 2702 4255 rursus
2750 4202 3085 4268 perturbatio
3123 4202 3306 4258 futura
3339 4206 3409 4260 ob
3448 4207 3561 4263 illo-

1991 4304 2111 4343 rum
2144 4290 2571 4358 improbitatem,
2601 4290 2693 4359 qui
2724 4305 2754 4343 a
2790 4293 3028 4360 regibus,
3076 4304 3270 4365 praeter
3317 4298 3399 4353 fas
3423 4300 3559 4367 legi-

1990 4382 2180 4433 timum
2200 4379 2542 4444 acdivinum,
2561 4390 2673 4433 tum
2690 4384 3072 4439 sacerdotalem
3087 4386 3423 4457 dignitatem,
3444 4400 3558 4443 tum

1988 4468 2151 4522 etiam
2189 4470 2369 4538 populi
2398 4469 2655 4524 ducatum
2688 4472 3039 4540 acr-ipientes,
3084 4478 3319 4529 maxima
3364 4479 3560 4531 confu-

1989 4561 2142 4616 sione
2158 4562 2336 4615 omnia
2362 4564 2734 4631 repleverunt;
2754 4579 2968 4619 summa
2986 4565 3352 4635 indignatione
3368 4567 3564 4622 advero

1990 4668 2085 4708 sus
2113 4652 2485 4723 355borum
2520 4655 2919 4724 improbitatem
2953 4666 3279 4721 commotus,
3310 4658 3401 4726 qui
3439 4666 3560 4709 tan-

1988 4752 2169 4798 torum
2211 4745 2476 4798 malorum
2501 4761 2665 4800 causa
2699 4746 2938 4812 fuerunt,
2974 4748 3027 4801 in
3061 4747 3173 4800 haec
3195 4747 3356 4831 verba
3383 4763 3562 4800 erum-

1988 4835 2103 4903 pit:
2129 4853 2146 4885 ι
2172 4834 2423 4899 Framea,
2459 4852 2723 4907 consurge
2756 4837 3022 4892 adversus
3058 4847 3350 4907 pastorem,
3385 4847 3437 4891 et
3466 4855 3561 4892 su-

1990 4940 2086 4994 per
2113 4927 2286 4978 virum
2318 4928 2489 4982 civem
2517 4928 2657 4997 ejus,
2681 4929 2814 4982 dicit
2846 4929 3111 4983 Dominus
3146 4928 3550 4997 omnipotens.»

1990 5012 2202 5068 Rursus
2232 5017 2333 5069 hoc
2384 5019 2546 5071 etiam
2597 5021 2715 5075 loco
2774 5022 3094 5090 it'spt‘l‘ﬂlch
3149 5036 3261 5073 rem
3319 5022 3558 5074 futuram

1985 5106 2363 5174 signiticat;et
2393 5110 2550 5177 quasi
2595 5112 2659 5164 ad
2693 5113 2863 5180 ipsum
2911 5114 3147 5181 gladium
3194 5113 3373 5167 verbis
3420 5127 3555 5164 eon-

1984 5198 2178 5261 versis,
2216 5198 2621 5265 Ccmmovctor,
2654 5203 2848 5271 inquit,
2891 5222 2922 5257 o
2950 5204 3146 5271 gladie,
3192 5212 3306 5257 tum
3355 5211 3552 5256 contra

1985 5286 2105 5341 illus
2137 5288 2229 5356 qui
2267 5296 2373 5340 tam
2400 5292 2538 5343 male
2572 5292 2878 5361 principatu
2912 5302 3167 5356 utuntur,
3225 5302 3340 5347 tum
3391 5294 3556 5346 etiam

1987 5390 2177 5433 contra
2208 5397 2398 5436 omnes
2428 5384 2521 5450 qui
2558 5387 2703 5451 genti
2752 5394 2951 5438 nostrae
2996 5386 3120 5452 jure
3151 5384 3434 5439 societatis
3471 5386 3559 5437 ad-

1986 5472 2138 5538 dieti,
2202 5472 2382 5528 favere
2424 5474 2637 5529 illorum
2691 5476 3023 5545 improbitati
3066 5488 3351 5533 curarunt.
3390 5477 3561 5531 «Per-

3255 5747 3325 5804 19
