3974 6146
452 276 558 334 L87

1619 266 1965 327 THEODORI
1997 262 2482 327 MOPSUESTENI

3602 268 3712 329 588

451 401 578 450 cute
604 397 899 463 pastorem,
930 393 983 441 et
1004 384 1388 456 dispergantur
1415 396 1566 441 oves.
1602 402 1620 435 ›
1653 384 1772 440 Tuo
1800 386 2024 441 verbere

2130 384 2269 440 κατὰ
2302 384 2517 438 πάντων
2553 380 2659 435 τῶν
2687 382 2800 435 ὅσοι
2833 380 2910 451 τῷ
2952 378 3095 436 ἔθνει
3147 378 3518 454 προσήκοντες
3573 398 3713 458 συμ.

448 497 635 539 necem
668 477 809 535 infer
854 477 1059 547 bisqui
1110 482 1220 530 tam
1265 476 1406 530 male
1440 476 1627 546 populi
1678 475 1879 530 ducatu
1937 476 2023 531 usi

448 568 682 636 fuerant,
723 575 1003 638 totumque
1046 562 1346 619 faventium
1395 564 1507 620 illis
1560 571 1785 629 acetum,
1834 564 2023 619 eodem

449 676 570 716 cum
625 658 736 713 illis
766 657 874 710 ictu
927 669 1199 725 poenaque
1240 654 1507 725 disperge.
1554 652 1654 711 “is
1708 654 2033 724 imperative

446 749 628 811 dictis,
678 747 742 800 ad
772 746 851 801 rei
892 745 1087 801 futurae
1140 746 1577 817 praedictionem,
1628 747 1802 817 pergit
1855 732 2031 817 loqui,

445 844 868 893 consentaneam
924 835 1269 907 przedictioni
1323 835 1553 891 formam
1617 836 1891 891 sermonis
1945 845 2025 892 te-

446 941 581 981 nens
609 943 662 979 ει
686 926 752 980 Εἰ
783 936 1098 982 convertam
1137 939 1360 981 manum
1396 941 1570 982 meam
1602 936 1799 982 contra
1844 927 2028 981 minu-

440 1025 529 1071 tos
553 1027 819 1084 pastores.
848 1035 865 1067 ι
901 1016 960 1071 Si
988 1017 1081 1087 qui
1113 1018 1219 1072 sub
1253 1018 1561 1087 principum
1597 1024 1872 1088 potestate
1907 1008 2028 1074 fue-

444 1108 573 1175 rint,
602 1116 656 1162 et
683 1108 848 1178 impio
877 1108 1092 1163 illorum
1125 1107 1359 1177 imperio
1404 1106 1585 1163 favere
1623 1108 1918 1173 voluerint,
1971 1114 2026 1164 et

444 1201 547 1271 ipsi
604 1214 822 1270 quoque
883 1208 1036 1270 parte
1081 1198 1265 1269 aliqua
1314 1197 1478 1253 oﬂicii
1528 1198 1633 1255 sibi
1680 1200 2022 1266 concredita,

442 1302 610 1358 prave
639 1303 698 1343 se
730 1302 917 1359 gerere
938 1287 1222 1357 coeperint,
1260 1287 1361 1342 lios
1396 1288 1524 1342 item
1564 1287 1810 1359 puniam.
1844 1286 2016 1343 Nam-

442 1391 550 1447 que
582 1377 680 1433 bos
718 1377 952 1448 appellat
980 1378 1219 1432 minutos
1249 1384 1523 1447 pastores.

2124 477 2382 550 πράττειν
2418 476 2596 529 αὐτῶν
2655 473 2915 527 ἔσπευδον
2950 476 3014 544 τῇ
3069 472 3359 545 μοχθηρίᾳ.
3415 495 3436 528 ι
3464 475 3711 541 Πάταξον

2124 568 2217 621 τὸν
2252 565 2506 637 ποιμένα,
2539 565 2633 618 καὶ
2663 563 3140 635 διασκορπισθήτω
3171 562 3240 616 τὰ
3268 563 3538 637 πρόϐατα.
3571 584 3591 617 ι
3626 567 3703 637 Τῇ

2126 658 2236 729 γὰρ
2265 658 2447 728 πληγῇ
2473 658 2542 727 τῇ
2561 654 2736 727 οἰκείᾳ
2764 654 2997 709 θάνατον
3027 656 3128 725 μὲν
3154 655 3401 724 ἐπάγαγε
3424 658 3537 720 τοῖς
3564 656 3705 711 οὕτω

2132 747 2317 813 κακῶς
2348 750 2415 819 τῇ
2457 747 2759 820 προστασίᾳ
2803 745 2897 799 τοῦ
2949 744 3083 799 λαοῦ
3133 746 3527 816 χρησαμένοις,
3562 748 3705 801 ἅπαν

2135 836 2193 894 δὲ
2224 838 2333 892 τῶν
2361 837 2821 909 συμπραττόντων
2865 836 3047 899 αὐτοῖς
3091 835 3153 889 rb
3181 835 3433 905 σύστημα
3481 836 3598 906 ἄμα

2125 929 2351 982 ἐκείνων
2372 927 2552 999 πληγῇ
2576 923 2926 982 διασκέδασον
2953 929 3018 997 τῇ
3042 924 3301 997 τιμωρίᾳ.
3327 925 3513 979 Ταῦτα
3533 941 3703 995 προσ-

2123 1018 2402 1083 τακτικῶς
2461 1018 2700 1090 εἰρηκὼς
2728 1021 2809 1083 είς
2842 1016 2941 1088 τὴν
2973 1016 3082 1070 τῶν
3128 1017 3403 1087 ἐσομένων
3448 1019 3701 1088 μήνυσιν,

2124 1109 2320 1180 ἐπάγει
2350 1111 2418 1165 τὰ
2465 1111 2595 1181 ἐξῆς
2621 1151 2635 1176 ,
2674 1108 2968 1165 ἀκόλουθον
3012 1106 3311 1177 ἐπαγαγὼν
3341 1110 3455 1173 τοῖς
3499 1125 3705 1179 μηνυοι-

2126 1201 2310 1272 μένοις
2337 1202 2432 1257 τοῦ
2478 1203 2639 1273 λόγου
2671 1203 2731 1256 rb
2783 1201 3003 1271 σχῆμαν
3043 1217 3063 1251 ι
3095 1198 3206 1252 Kal.
3243 1199 3556 1271 ἐπιστρέψω
3603 1201 3705 1272 τὴν

2122 1292 2280 1361 χεῖρά
2300 1310 2400 1364 μου
2431 1294 2526 1347 ἐπὶ
2544 1295 2676 1356 τοὺς
2707 1293 2937 1365 μιαροὺς
2961 1290 3246 1361 ποιμένας.
3268 1310 3286 1342 ι
3320 1292 3434 1345 Καὶ
3464 1291 3574 1362 γὰρ
3602 1292 3703 1346 καὶ

2123 1381 2177 1434 εἰ
2205 1400 2347 1447 τινες
2390 1384 2497 1439 ὑπὸ
2520 1386 2636 1447 τοῖς
2678 1382 3002 1455 ἡγουμένοις
3029 1377 3140 1436 εἷεν
3162 1423 3178 1447 ,
3211 1383 3590 1454 συμπράττειν
3642 1398 3704 1436 τε
3736 1388 3743 1393 ”

443 1462 621 1521 αὐτῶν
671 1471 736 1541 τῇ
777 1468 1026 1539 μοχθηρᾷ
1066 1468 1369 1539 προστασία
1420 1465 1763 1539 βουλόμενοι,
1804 1469 1900 1523 καὶ
1939 1469 2003 1541 δὴ
2050 1468 2144 1526 καί
2187 1474 2340 1529 αὐτοὶ
2382 1476 2526 1531 κατά
2568 1492 2692 1529 τινα
2730 1474 2883 1541 τάξιν
2929 1475 3028 1548 τὴν
3072 1472 3335 1531 δοκοῦσαν
3380 1475 3559 1536 αὐτοῖς
3601 1476 3705 1545 ἐμ-

443 1555 854 1623 πεπιστεὼοαι,
900 1555 1192 1628 κατάρχειν
1224 1556 1617 1621 ἐσπουδακότες
1652 1556 1747 1611 τοῦ
1783 1556 2044 1631 χείρονος,
2096 1566 2477 1638 τιμωρήσομαι
2511 1565 2814 1629 κάκείνους.
2876 1567 3120 1640 Μικροὺς
3145 1566 3255 1639 γὰρ
3285 1565 3549 1636 ποιμένας
3577 1566 3707 1629 τοὺς

444 1648 723 1711 τοιούτους
747 1645 922 1700 καλεῖ.

516 1738 682 1795 Vens.
712 1737 767 1804 8,
800 1738 854 1793 9.
889 1769 961 1783 --
985 1737 1181 1796 Postea
1225 1754 1398 1809 poenae
1444 1740 1754 1811 aequitatem
1798 1741 2029 1827 demon-

2200 1740 2355 1814 Στίχ,
2376 1739 2450 1813 η’,
2474 1741 2540 1796 θ’.
2564 1768 2631 1785 -ι
2653 1730 2792 1794 Εἶτα
2835 1740 3047 1803 δεικνὺς
3070 1738 3133 1794 τὸ
3173 1738 3275 1810 τῆς
3316 1737 3591 1811 τιμωρίας
3627 1738 3708 1793 δίο

446 1837 661 1895 stratis,
691 1847 711 1882 ι
738 1827 804 1884 Et
829 1828 953 1894 erit,
978 1828 1271 1900 inquit,die
1291 1830 1382 1885 illa
1415 1830 1471 1885 in
1501 1833 1649 1887 omni
1678 1841 1844 1900 terra,
1896 1833 2025 1891 dicit

2130 1851 2284 1891 καιον
2305 1850 2323 1867 '
2380 1852 2399 1888 t
2436 1830 2548 1890 Καὶ
2582 1833 2738 1889 ἔσται
2786 1834 2845 1887 ἐν
2871 1835 2938 1904 τῇ
2967 1832 3154 1904 ἡμέρᾳ
3205 1831 3425 1904 ἐκείνῃ,
3458 1832 3517 1883 ἐν
3549 1828 3708 1902 πάσῃ

448 1918 732 1985 Dominus,
760 1918 881 1973 dua:
902 1919 1076 1989 ipsius
1096 1931 1280 1991 partes
1305 1921 1560 1991 peribunt
1580 1931 1636 1979 et
1666 1925 1942 1994 deﬁcient,
1967 1934 2021 1983 et

447 2011 607 2065 tertia
638 2009 978 2081 relinquetur
1004 2011 1062 2065 in
1090 2027 1176 2068 ea.
1211 2010 1278 2066 Et
1316 2012 1597 2069 traducam
1651 2019 1865 2073 tertiam
1903 2033 2025 2090 par-

447 2109 554 2156 tem
579 2114 676 2171 per
698 2100 879 2171 ignem
901 2118 917 2168 ;
938 2111 994 2155 et
1022 2099 1372 2157 inﬂammabo
1403 2118 1498 2159 eos
1528 2119 1628 2160 ceu
1655 2105 2026 2164 inﬂammatur

447 2200 756 2262 argentum,
790 2200 844 2248 et
902 2193 1151 2265 probabo
1180 2207 1276 2249 eos
1303 2193 1447 2249 sicut
1494 2196 1758 2265 probatur
1807 2211 2020 2253 aurum.

449 2283 569 2354 Ipse
591 2283 865 2339 invocabit
892 2298 1090 2340 nomen
1126 2300 1327 2352 meum,
1359 2293 1412 2342 et
1435 2301 1535 2356 ego
1564 2289 1849 2345 exaudiam
1876 2304 2021 2346 eum.

450 2377 777 2448 Dicamque:
812 2375 1051 2448 Populus
1071 2391 1227 2433 meus
1253 2377 1346 2433 hic
1371 2385 1475 2433 est.
1509 2396 1530 2430 ι
1569 2379 1723 2445 Quod
1747 2382 1800 2435 bi
1818 2382 2024 2451 justam

448 2468 722 2538 patientur
777 2483 1016 2539 pinnam,
1064 2484 1155 2523 res
1194 2469 1314 2539 ipsa
1371 2467 1729 2539 demonstrat,
1768 2474 2025 2541 quoniam

446 2566 655 2614 tantam
707 2558 953 2615 fecerunt
1004 2560 1191 2630 populi
1219 2560 1285 2614 ad
1309 2560 1464 2631 pejus
1494 2560 1936 2629 declinationem,
1966 2572 2027 2619 ut

448 2651 569 2705 «tua:
621 2649 802 2721 populi
848 2660 1033 2721 partes
1084 2650 1152 2705 ad
1203 2651 1391 2707 vitium
1438 2654 1704 2725 prolapsa:
1759 2657 2027 2727 supplicio

447 2739 658 2795 tradita:
690 2738 821 2797 sint.
869 2739 1139 2796 Caeterum
1187 2739 1327 2797 duas
1355 2751 1539 2813 partes
1578 2743 1732 2811 dicit,
1778 2758 1877 2815 pro
1913 2747 2029 2816 plu-

448 2831 623 2886 rimis.
668 2830 1033 2886 Nihilominus
1088 2831 1235 2887 baud
1274 2833 1434 2904 pauci
1472 2833 1651 2889 adhuc
1701 2846 2027 2907 supererunt

449 2922 754 2978 honestatis
786 2921 951 2993 356
984 2929 1280 2988 amatores,
1314 2938 1627 2995 quanquam
1654 2926 1711 2981 hi
1740 2929 2028 2999 pauciores

448 3012 593 3067 illis:
624 3012 858 3067 idenim
888 3014 1177 3068 denotatur
1221 3021 1456 3075 artertia
1474 3029 1688 3089 parte»:
1738 3020 1833 3090 qui
1862 3022 2029 3078 veluti

450 3105 577 3176 igne
598 3105 859 3174 quodam,
891 3105 1222 3161 indictorum
1248 3107 1518 3163 malorum
1544 3112 1812 3181 gravitate
1839 3114 2032 3183 proba-

2123 1926 2190 2001 τῇ
2224 1931 2294 2000 γῇ
2313 1968 2328 1994 ,
2349 1927 2495 1996 λέγει
2528 1926 2733 1998 Κύριος
2755 1965 2770 1985 ,
2805 1923 2874 1998 τὰ
2901 1922 2994 1977 δύο
3022 1923 3188 1994 αὐτῆς
3214 1922 3356 1993 μὲρη
3386 1919 3706 1991 ἐξολοθρευο

2126 2020 2350 2091 θήσεται
2375 2017 2471 2072 καὶ
2517 2014 2785 2086 ἐκλείψει,
2819 2013 2915 2087 (p.
2945 2013 3088 2082 527)
3136 2014 3197 2067 rb
3241 2013 3299 2065 δὲ
3339 2012 3526 2082 τρίτον
3563 2011 3706 2064 ὑπο-

2124 2109 2474 2182 λειφθήσεται
2506 2112 2563 2162 ἐν
2589 2109 2723 2181 αὐτῇ
2741 2125 2756 2140 ⁸
2781 2106 2877 2160 καὶ
2898 2103 3066 2171 διάξω
3091 2105 3152 2158 rb
3179 2107 3360 2175 τρίτον
3387 2102 3475 2157 διὰ
3502 2102 3702 2173 πυρός·

2126 2199 2221 2253 καὶ
2250 2196 2488 2271 πυρώσω
2513 2196 2711 2261 αὐτοὺς
2760 2196 2836 2260 ὡς
2868 2195 3136 2267 πυροῦ-ται
3178 2193 3241 2246 τὸ
3273 2192 3535 2264 ἀργύριον
3557 2230 3572 2256 ,
3605 2191 3707 2245 καὶ

2125 2290 2333 2362 δοκιμῶ
2376 2291 2575 2353 αὐτοὺς
2606 2290 2681 2353 ὡς
2727 2286 3075 2358 δοκιμάζεται
3117 2284 3179 2338 rb
3233 2284 3484 2356 χρυσίον·
3534 2282 3707 2346 αὐτὸς

2126 2380 2509 2436 ἐπικαλέσεται
2557 2380 2620 2433 rb
2664 2377 2833 2449 δνομά
2862 2394 2961 2448 μου
2984 2414 3003 2442 ,
3031 2376 3126 2430 καὶ
3172 2373 3287 2444 ἐγὼ
3324 2375 3705 2443 ἐπακούσομαι

2126 2473 2272 2545 αὐτῷ
2289 2487 2306 2504 ·
2331 2474 2426 2527 καὶ
2445 2469 2574 2543 ἐρῶ,
2603 2470 2744 2533 Δαός
2770 2486 2871 2538 μου
2898 2463 3050 2531 οὗτός
3072 2469 3188 2520 ἐστι
3208 2482 3224 2498 ο
3254 2467 3346 2519 καὶ
3370 2465 3530 2527 αύτδς
3558 2466 3706 2535 ἐρεῖ,

2127 2564 2330 2637 Κύριος
2352 2566 2382 2618 ό
2410 2563 2543 2626 Θεός
2579 2578 2699 2633 μου.
2726 2578 2747 2614 ι
2780 2561 2902 2613 Ὀτι
2930 2560 3037 2630 γὰρ
3058 2598 3072 2622 ,
3115 2559 3247 2629 φησι
3267 2596 3283 2624 ,
3312 2556 3524 2609 δικαίαν
3567 2556 3708 2608 ὐπο-

2131 2655 2383 2728 μενοῦσιν
2426 2657 2476 2709 οἰ
2525 2654 2754 2707 τοιοῦτοι
2804 2653 2903 2723 τὴν
2953 2649 3241 2722 τιμωρίαν,
3281 2648 3412 2703 αὐτὸ
3463 2646 3613 2717 δηλοῖ
3645 2647 3708 2701 rb

2129 2746 2398 2817 πρᾶγμα,
2438 2744 2488 2798 οἳ
2520 2743 2787 2813 τοσαύτην
2840 2737 3103 2812 ἐποίησαν
3135 2739 3226 2793 ἐπὶ
3270 2736 3332 2791 rb
3375 2739 3558 2809 χεῖρον
3605 2737 3706 2791 τοῦ

2128 2836 2313 2900 ἔθνους
2341 2836 2438 2907 τὴν
2469 2835 2782 2906 ἐκτροπὴν,
2815 2832 2955 2886 ὥστε
2988 2830 3057 2886 τὰ
3097 2830 3190 2884 δύο
3214 2829 3375 2901 ’μέρη
3421 2828 3519 2882 τοῦ
3567 2827 3703 2881 λαοῦ

2132 2927 2371 2999 ῥέψαντα
2418 2925 2555 2996 πρὸς
2600 2924 2661 2978 rb
2712 2925 2893 2995 χεῖρον
2929 2920 3166 2993 τιμωρίᾳ
3201 2919 3571 2992 παραδοθῆναι
3592 2933 3607 2949 ⁸
3635 2916 3705 2972 τὰ

2128 3018 2187 3073 δὲ
2212 3018 2306 3073 δύο
2358 3018 2498 3089 μέρη
2529 3015 2691 3086 φησιν
2711 3057 2725 3081 ,
2766 3015 2852 3068 ἵνα
2878 3012 3008 3087 είπῃ
3033 3014 3158 3075 τοὺς
3186 3011 3498 3077 πλείστους.
3541 3010 3704 3064 Ἀλλὰ

2130 3110 2241 3181 γὰρ
2271 3108 2444 3173 οὕτως
2485 3106 2966 3178 ὑπολειφθήσονται
3004 3105 3106 3159 οὐκ
3136 3104 3305 3172 ὀλίγοι
3347 3102 3441 3156 τοῦ
3485 3101 3705 3164 δέοντος

451 3194 516 3261 ti,
547 3195 726 3264 majus
750 3196 967 3251 virtutis
994 3197 1235 3267 propriae
1276 3198 1550 3266 specimen
1583 3201 1868 3268 dederunt,
1900 3206 2023 3276 plu-

2130 3201 2390 3272 ἐρασταὶ,
2422 3202 2471 3254 εί
2509 3200 2604 3252 καὶ
2647 3198 2900 3261 ἐλάττους
2944 3196 3168 3250 ἐκείνων
3197 3189 3341 3249 οὗτοι
3366 3209 3379 3224 ·
3408 3191 3566 3247 τοῦτο
3596 3192 3704 3263 γὰρ

450 3286 589 3339 rima
621 3285 769 3354 passi
792 3282 954 3350 mala,
1001 3299 1178 3353 neque
1226 3284 1428 3341 idcirco
1483 3300 1513 3340 a
1544 3302 1667 3343 meo
1712 3289 2024 3350 deﬁcientes

2130 3292 2275 3361 λέγει
2311 3311 2332 3343 ι
2354 3290 2416 3344 rb
2434 3290 2612 3363 τρίτον
2634 3307 2689 3342 ’.ι
2724 3287 2773 3342 οἵ
2806 3288 2993 3359 ὥσπερ
3018 3286 3105 3341 διὰ
3133 3286 3303 3358 πυρός
3327 3303 3471 3348 τινος
3498 3284 3582 3355 τῷ
3608 3301 3705 3355 με·

450 3390 684 3433 amore:
722 3377 814 3447 qui
864 3378 930 3432 ad
970 3376 1229 3432 auxilium
1287 3380 1467 3434 meum
1530 3380 1904 3451 respicientes,
1958 3399 2024 3441 eo

2130 3383 2279 3455 γέθει
2322 3382 2429 3437 τῶν
2455 3380 2796 3452 ἐπαχθέντων
2824 3380 3005 3442 αὐτοῖς
3030 3378 3218 3432 κακῶν
3259 3375 3702 3447 δοκιμασθέντες,

453 3465 600 3537 digni
628 3465 869 3524 fuerunt.
912 3466 1023 3540 Ego
1085 3482 1213 3524 vero
1273 3482 1368 3524 eos
1422 3469 1477 3524 in
1505 3484 1737 3527 numero
1775 3488 2021 3530 meorum

2133 3470 2352 3543 μείζονα
2375 3470 2476 3539 τῆς
2499 3470 2698 3541 ἀρετῆς
2722 3467 2821 3537 τῆς
2848 3466 3051 3529 οἰκείας
3087 3466 3420 3538 παρέσχοντο
3438 3465 3538 3534 τὴν
3568 3462 3706 3518 ἁπόο

450 3557 731 3624 collocavi,
764 3571 940 3613 meam
991 3559 1266 3628 spondens
1296 3570 1515 3628 Curam;
1548 3561 1736 3632 illique
1778 3564 2024 3621 vicissim

2130 3559 2323 3627 δειξιν,
2370 3560 2593 3614 πλεῖστα
2630 3545 2729 3630 μὲν
2755 3558 2855 3611 ὅσα
2891 3556 3366 3627 ὑπομιμενηκότες
3394 3553 3576 3617 κακὰ,
3615 3553 3707 3607 οὐ·

451 3663 583 3703 suas
604 3663 693 3703 res
730 3662 920 3704 omnes
961 3647 1261 3703 dominatui
1301 3651 1715 3723 patrocinioque
1742 3668 1863 3709 meo
1895 3669 2027 3710 con-

450 3737 819 3794 crediderunt.
854 3735 993 3793 Exin
1016 3739 1197 3796 denuo
1222 3738 1437 3796 locutus
1461 3740 1529 3796 de
1562 3740 1879 3801 dominante
1908 3759 2024 3801 ma-

449 3826 589 3893 litia,
621 3829 780 3898 culpa
804 3843 995 3884 eorum
1048 3829 1143 3899 qui
1172 3830 1314 3886 male
1341 3829 1508 3886 rebus
1528 3842 1817 3901 praeerant,
1849 3843 1905 3891 et
1958 3836 2027 3892 de

450 3918 657 3974 inﬂicta
686 3918 891 3976 idcirco
938 3920 1047 3976 illis
1088 3935 1276 3991 poena,
1337 3930 1605 3978 memorat
1658 3925 1901 3983 vicissim
1940 3936 2026 3983 tu-

450 4010 612 4063 telam
647 4024 802 4065 suam
835 4024 996 4082 quam
1026 4008 1130 4067 sibi
1174 4008 1332 4066 ﬁrme
1358 4010 1758 4069 adhaerentibus
1797 4017 2028 4089 largitu-

450 4114 571 4155 rum
603 4101 947 4171 promiserat.

2121 3653 2293 3724 δαμοῦ
2327 3652 2384 3706 δὲ
2402 3651 2503 3721 τῆς
2527 3649 2654 3720 περὶ
2680 3649 2780 3719 ἐμὲ
2810 3647 3102 3710 ἐκστάντες
3138 3646 3350 3709 εὐνοίας
3371 3662 3387 3679 ν
3423 3642 3477 3698 οἶ
3515 3644 3580 3699 δι
3612 3643 3708 3699 καὶ

2124 3744 2261 3816 πρὸς
2296 3742 2394 3813 τὴν
2441 3740 2579 3813 ἐμὴν
2627 3740 2873 3811 βοήθειαν
2905 3734 3042 3791 εἶδον
3082 3736 3175 3790 καὶ
3198 3737 3532 3807 τετυχήκασι
3570 3734 3706 3789 ταύο

2122 3850 2222 3906 της
2240 3851 2254 3866 ⁸
2281 3832 2391 3903 ἐγώ
2427 3849 2485 3885 τε
2512 3832 2621 3902 γὰρ
2646 3831 2843 3893 αὐτοὺς
2867 3827 3098 3891 οἰκείους
3131 3826 3334 3898 ἐθέμην
3352 3870 3367 3894 ,
3392 3825 3494 3898 τὴν
3532 3826 3705 3897 κηδεο

2127 3925 2315 3998 μονίαν
2342 3924 2709 3993 ὑποσχόμενος
2739 3922 2836 3992 τὴν
2887 3920 3026 3992 ἐμὴν
3048 3959 3063 3985 ,
3099 3919 3339 3974 κάκεῖνοι
3372 3919 3432 3972 δέ
3464 3920 3524 3973 ἐν
3577 3918 3704 3989 ἐμοὶ

2128 4018 2190 4072 rb
2218 4019 2326 4071 πᾶν
2360 4015 2568 4079 ἔθεντο,
2598 4015 2663 4085 τῇ
2691 4030 2752 4066 τε
2785 4012 3070 4082 δεσποτεία
3102 4010 3196 4064 καὶ
3218 4013 3282 4080 τῇ
3314 4011 3622 4082 προστασίᾳ
3643 4009 3706 4063 rb

2132 4109 2241 4162 πᾶν
2273 4106 2656 4167 πιστεύσαντες
2687 4105 2753 4175 τῇ
2780 4104 2907 4174 ἐμῇ.
2944 4103 3055 4155 Kal.
3089 4100 3154 4173 δὴ
3197 4101 3357 4155 πάλιν
3388 4099 3559 4155 εἰπὼν
3602 4102 3707 4171 τήν

450 4209 511 4246 τε
548 4194 917 4264 γεγενημένην
971 4193 1328 4265 ἐπικράτειαν
1373 4191 1466 4248 τοῦ
1523 4194 1694 4250 κακοῦ
1716 4237 1731 4262 ,
1786 4199 1852 4270 τῇ
1899 4199 2007 4254 τῶν
2061 4199 2247 4263 κακῶς
2297 4196 2650 4270 προεστώτων
2696 4194 2966 4266 μοχθηρίᾳ
2988 4234 3004 4262 ,
3048 4192 3144 4246 καὶ
3178 4192 3278 4264 τὴν
3315 4192 3570 4249 ἐντεῦθεν
3606 4195 3707 4248 ἐπ-

452 4285 706 4354 αχθεῖσαν
751 4283 935 4346 αὐτοῖς
968 4284 1747 4358 τιμωρίαν,’ἀντιπαρατίθησι
1779 4288 1877 4361 τὴν
1935 4290 2266 4363 κηδεμονίαν
2305 4289 2372 4359 ἢν
2419 4288 2532 4351 τοῖς
2571 4287 2698 4358 περὶ
2735 4285 2864 4340 αὐτὸ
2904 4283 3238 4356 μεμενηκόσι
3288 4278 3520 4353 βεϐαίως
3562 4301 3705 4357 παρ·

451 4375 661 4447 ἔσχετο.

1074 4465 1227 4522 CAP.
1258 4464 1400 4522 XIV.

520 4542 828 4612 νεκεὶι-ι.
854 4588 925 4598 -
972 4575 991 4609 ι
1019 4556 1159 4615 Ecce
1183 4559 1300 4614 dies
1346 4557 1559 4614 Domini
1600 4558 1768 4624 venit,
1806 4566 1859 4613 et
1887 4556 2026 4614 divi-

452 4651 654 4703 dentur
670 4648 842 4720 spolia
866 4657 957 4703 tua
985 4649 1042 4703 in
1073 4657 1144 4705 te.
1176 4648 1242 4704 Et
1263 4649 1602 4721 congregabo
1623 4664 1813 4705 omnes
1831 4656 2022 4719 gentes

453 4740 718 4796 adversus
747 4739 1083 4796 Hierusalem
1109 4739 1177 4795 ad
1200 4740 1399 4795 bellum
1421 4757 1435 4805 ;
1456 4751 1507 4795 et
1537 4740 1783 4810 capietur
1804 4741 2017 4807 civitas,

453 4830 780 4901 diripientur
805 4831 1021 4898 domus,
1052 4838 1107 4887 et
1136 4829 1392 4887 mulieres
1412 4831 1722 4901 polluentur
1751 4848 1763 4884 :
1807 4840 1857 4885 et
1875 4845 2022 4901 egre-

455 4924 636 4980 dietur
675 4925 900 4980 dimidia
962 4937 1087 4994 pars
1136 4922 1376 4977 civitatis
1428 4922 1483 4976 in
1517 4921 1888 4991 captivitatem
1922 4940 1936 4975 :
1967 4928 2023 4978 et

452 5032 584 5087 pars
635 5017 841 5086 reliqua
895 5015 1080 5085 populi
1107 5015 1211 5069 mei
1259 5028 1367 5068 non
1396 5012 1597 5084 peribit
1620 5012 1686 5067 de
1728 4997 1967 5068 civitate.
2001 5034 2019 5067 ι

459 5105 647 5168 Adest,
675 5105 875 5175 inquit,
913 5114 1143 5174 tempus,
1186 5117 1295 5174 quo
1342 5104 1573 5175 plurima
1597 5103 2024 5174 alienigenarum

458 5188 753 5243 multitudo
774 5187 1173 5258 expeditionem
1198 5185 1359 5241 faciet
1381 5186 1644 5242 adversus
1666 5184 2026 5251 Hierusalem,

458 5285 739 5348 totamque
769 5278 913 5334 intus
942 5278 1271 5351 Spoliabunt.
1302 5276 1370 5331 Et
1416 5277 1531 5349 ipsa
1556 5277 1773 5349 quidem
1827 5277 1897 5332 ab
1932 5277 2030 5331 lio-

459 5366 635 5422 stibus
662 5369 929 5437 capietur,
959 5369 1283 5439 diripiantur
1307 5384 1434 5424 vero
1456 5370 1637 5424 omnia
1670 5383 1791 5439 quae
1816 5369 1871 5423 in
1900 5367 2031 5423 ardi-

456 5455 567 5510 ‘bus
592 5455 827 5521 fuerint;
859 5466 1116 5529 tantaque
1143 5461 1378 5516 victores
1404 5462 1766 5530 percellentur
1794 5460 2027 5524 insania,

463 5552 523 5598 ut
551 5560 620 5598 ne
640 5557 671 5597 a
699 5547 986 5600 mulierum
1017 5551 1232 5617 quidem
1250 5552 1568 5620 corporibus
1601 5549 1866 5604 violandis
1905 5550 2028 5604 abs-

466 5637 694 5700 tineant,
744 5636 1114 5706 plurimosque
1183 5641 1330 5694 cives
1421 5641 1699 5695 abducant
1750 5641 2015 5709 captivos.

2056 4470 2107 4528 D

2762 4458 2921 4522 ΚΕΦ.
2964 4467 3064 4520 1Δ’.

2202 4553 2350 4624 Στίχ.
2388 4551 2525 4607 α’-δ’.
2557 4582 2624 4593 --
2665 4550 2824 4607 «Ἰδοὺ
2861 4555 3044 4626 ἡμέρα
3075 4556 3292 4628 ἔρχεται
3326 4556 3570 4627 Κυρίου·
3608 4556 3701 4610 καί

2128 4641 2607 4714 διαμερισθήσεται
2634 4641 2703 4695 τὰ
2730 4641 2901 4697 σκῦλά
2929 4660 3022 4697 σου
3050 4646 3108 4698 ἐν
3138 4644 3242 4712 σοὶ,
3263 4644 3358 4698 καὶ
3388 4645 3701 4708 ἐπισυνάξω

2129 4735 2307 4788 πάντα
2352 4733 2421 4787 τὰ
2452 4732 2579 4805 ἔθνη
2614 4736 2706 4788 ἐπὶ
2746 4734 3099 4808 Ἰερουσαλὴμ
3150 4738 3231 4800 εἰς
3283 4736 3555 4808 πόλεμον,
3605 4738 3701 4791 καὶ

2128 4825 2392 4879 ἁλώσεται
2426 4828 2459 4897 ἡ
2493 4827 2674 4892 πόλις,
2710 4829 2785 4896 (p.
2830 4827 2956 4899 528)
3005 4829 3098 4881 καὶ
3133 4828 3599 4900 διαρπαγησονται
3645 4830 3703 4881 αἱ

2126 4916 2331 4980 οἰκίαι,
2361 4918 2457 4970 καὶ
2485 4919 2541 4971 αἰ
2578 4920 2834 4986 γυναῖκες
2874 4918 3292 4990 μολυνθήσονται
3317 4959 3331 4983 ,
3363 4919 3458 4972 καὶ
3488 4917 3703 4983 ἐξελεύη

2130 5022 2283 5060 σεται
2314 5007 2375 5059 rb
2396 5008 2565 5077 ἥμισυ
2595 5009 2695 5077 τῆς
2728 5008 2935 5071 πόλεως
2967 5010 3026 5061 ἐν
3050 5008 3413 5079 αἰχμαλωσίᾳ,
3446 5009 3495 5062 οί
3522 5008 3583 5059 δέ
3610 5024 3705 5060 κα-

2130 5096 2374 5150 τάλοιποι
2398 5098 2490 5151 τοῦ
2519 5097 2648 5150 λαοῦ
2681 5116 2783 5168 μου
2813 5098 2874 5151 οὐ
2905 5099 2981 5169 μὴ
3003 5098 3454 5169 ἐξολοθρευθῶσιν
3483 5099 3550 5150 ἐκ
3599 5098 3704 5165 τῆς

2130 5186 2357 5252 πόλεως.
2387 5206 2407 5240 ι
2462 5188 2836 5258 Παραγένεται
2883 5190 3024 5261 γὰρ,
3088 5190 3261 5260 φησί,
3314 5188 3500 5259 καιρὸς
3549 5189 3613 5241 ἐν
3656 5179 3710 5255 ᾧ

2128 5282 2367 5335 πλεῖστοι
2389 5281 2497 5335 τῶν
2518 5282 2811 5354 ἀλλοτρίων
2831 5283 3349 5353 ἐπιστρατεύσαντες
3379 5285 3448 5353 τῇ
3492 5282 3707 5353 Ἱερουσ

2130 5373 2330 5444 σαλὴμ,
2359 5372 2576 5427 ἃπασαν
2596 5374 2766 5445 αὐτὴν
2797 5372 3180 5445 σκυλεύσουσιν
3201 5372 3344 5427 ἔνδον
3364 5389 3379 5403 ο
3412 5372 3499 5426 καὶ
3530 5372 3564 5441 ἡ
3602 5370 3705 5441 μὲν

2127 5463 2236 5517 ὑπὸ
2291 5463 2399 5518 τῶν
2458 5464 2728 5536 πολεμίων
2772 5463 3145 5534 ληφθήσεται,
3179 5463 3610 5533 διαρπαγήσεται
3646 5460 3705 5513 δὲ

2136 5553 2312 5607 πάντα
2352 5555 2421 5608 τὰ
2445 5558 2563 5618 ταῖς
2598 5554 2794 5618 οἰκίαις
2825 5554 3011 5607 ἐνόντα
3037 5594 3051 5620 ,
3075 5552 3307 5623 τοσαύτῃ
3339 5568 3396 5603 τε
3429 5553 3475 5604 oi
3509 5549 3706 5603 ἐπεισ-

2133 5645 2445 5715 εληλυθότες
2470 5650 2536 5717 τῇ
2565 5647 2712 5701 πόλει
2736 5648 3022 5717 χρήσονται
3050 5648 3111 5716 τῇ
3138 5643 3411 5714 παροινίᾳ,
3433 5641 3507 5703 ὡς
3556 5640 3707 5710 μήτε
