3974 6146
275 324 382 392 589

1170 315 1712 380 COMMENTARIUS
1748 314 1814 371 IN
1845 306 2216 371 ZACHARIE
2251 312 2406 370 CAP.
2447 306 2589 370 XIV.

3451 308 3555 366 590

270 448 378 519 ei];
421 445 503 509 εἰς
535 444 604 499 τὰ
634 444 863 514 σώματα
908 445 1017 497 τῶν
1064 441 1340 511 γυναικῶν
1379 439 1591 509 ὕϐρεως
1631 432 1863 505 ἀποσχί-

1988 429 2066 487 iis
2089 430 2450 486 nihilominus
2481 430 2554 483 ita
2588 429 2826 501 peractis
2858 428 2927 484 ab
2950 426 3183 482 aliorum
3216 421 3424 478 malitia
3444 463 3462 491 ,
3499 424 3554 478 ἰιί

276 543 403 596 σθαι
427 578 444 605 ,
477 538 574 592 καὶ
597 536 884 599 πλείστους
919 536 1078 598 ὅσους
1103 533 1204 603 τῆς
1250 531 1460 593 πόλεως
1486 525 1863 599 αἰχμαλώτους

276 630 461 684 λαὸεῖν
482 644 498 659 '
537 627 677 681 ἀλλὰ
715 626 810 680 καί⁸
849 626 1056 679 τούτων
1088 623 1232 678 οὕτω
1276 620 1579 693 γινομένων
1630 616 1722 671 διὰ
1767 615 1866 686 τὴν

280 717 485 792 ἐτέρων
536 718 739 774 κακίαν
782 717 835 772 οἱ
881 716 982 787 τῆς
1030 716 1171 787 ἐμῆς
1220 714 1436 776 εὐνοίας
1490 709 1861 781 ἀντεχόμενοι,

280 812 538 875 ἀσλαόσῖς
578 811 673 863 επὶ
698 811 796 881 τῆς
834 807 1045 873 πόλεως
1066 808 1135 879 τῇ
1182 802 1478 878 κηδεμονίᾳ
1505 797 1865 870 διαφυλαχθη-

283 921 383 960 σαν
410 906 480 974 τῇ
511 904 645 974 δμῇ.
671 898 805 954 Εἶτα
831 896 1020 953 λοιπὸν
1063 896 1268 968 tota;
1310 895 1411 966 τὴν
1441 892 1691 965 βοήθειαν
1719 890 1867 959 λέγει

280 993 382 1064 τὴν
405 992 560 1046 θείαν
580 992 674 1061 ἀφ’
702 985 774 1062 ἧς
804 988 1024 1043 ἅπαντα
1047 988 1231 1050 αὐτοῖς
1260 985 1355 1039 ἐπὶ
1401 984 1464 1038 τὸ
1507 985 1754 1053 κρεῖττον
1795 981 1865 1051 τῇ

280 1082 394 1137 τῶν
425 1080 810 1138 Μαηασαίων
846 1078 1154 1151 προστασίᾳ
1183 1074 1416 1148 μετέστη
1435 1089 1451 1104 ·
1488 1073 1866 1146 Ηροηγήσεται

293 1174 388 1244 μὲν
418 1173 534 1244 γὰρ
557 1213 572 1234 .
603 1173 757 1245 φησί,
779 1170 888 1225 τῶν
920 1169 1139 1224 οἰκείων
1182 1170 1212 1221 ό
1235 1166 1367 1229 Θεὸς
1392 1166 1582 1236 ὥσπερ
1608 1165 1669 1217 δν
1696 1179 1869 1234 παρα-

289 1264 439 1329 τάξει
470 1264 708 1335 πολέμου
733 1262 904 1334 νόμῳ,
941 1258 1262 1343 στρατηγῶν
1304 1274 1364 1310 τε
1390 1256 1575 1319 αὐτοῖς
1605 1255 1697 1309 καὶ
1727 1254 1869 1309 κατὰ

288 1356 395 1410 τῶν
443 1354 706 1411 ἐναντίων
745 1352 1241 1424 παραταττόμενος.
1292 1348 1519 1411 Σταθεὶς
1566 1347 1624 1402 δὲ
1649 1390 1664 1414 ,
1710 1347 1865 1418 φησί,

288 1447 381 1498 ἐπὶ
406 1446 467 1498 τὸ
484 1442 597 1498 τῶν
631 1443 865 1496 Ἐλαιῶν
884 1441 1012 1513 ὅρος
1038 1440 1319 1495 κατέναντι
1356 1440 1454 1509 τῆς
1493 1437 1866 1509 Ἰερουσαλὴμ,

290 1538 544 1608 κλονήσει
579 1528 680 1606 μὶν
710 1531 771 1588 τὸ
808 1534 955 1605 ὅρος,
984 1534 1298 1603 συγκινήσει
1324 1531 1382 1587 δὲ
1421 1532 1636 1587 ἅπαντα
1665 1530 1734 1585 τα
1763 1528 1871 1602 πρὸ

288 1629 387 1700 τῆς
410 1627 624 1690 πόλεως
668 1627 764 1681 καὶ
818 1626 919 1695 τὴν
975 1625 1127 1678 πόλιν
1155 1615 1359 1693 αὐτὴν⁸
1392 1621 1533 1675 ὥστε
1561 1620 1737 1676 δοκεῖν
1772 1622 1870 1693 μὲν

293 1718 553 1782 ⁴ποικίλως
582 1716 968 1788 θιατέμνεσθαι
1000 1715 1059 1769 τὸ
1089 1714 1213 1786 ὅρος
1245 1713 1325 1784 τῷ
1346 1710 1497 1784 φόὸῳ
1521 1710 1614 1766 τοῦ
1636 1713 1869 1784 κινήμα-

1967 526 2146 576 tamen
2172 520 2347 590 quiin
2374 520 2482 575 mei
2528 534 2717 575 amore
2775 517 3199 591 permanserint,
3250 515 3556 571 incolumes

1965 609 2025 665 in
2051 609 2273 666 civitate
2301 609 2609 680 patrocinio
2628 623 2752 665 meo
2775 608 3177 663 custodientur.
3198 603 3405 659 Deinde
3426 617 3555 673 per-

1948 701 2045 773 egit
2063 701 2247 757 dicere
2270 701 2510 757 divinam
2548 715 2733 772 open),
2756 715 2868 772 qua
2898 699 3084 755 omnia
3113 698 3248 768 ipsis
3270 697 3327 750 in
3358 696 3556 751 melius

1968 793 2074 848 sub
2124 792 2595 848 Macchabaeorum
2643 793 2955 864 principatu
3005 804 3163 846 versa
3208 794 3358 843 sunt.
3393 783 3553 856 351

1968 880 2266 949 Praecedet,
2323 885 2522 955 inquit.
2554 886 2673 940 suis
2702 883 2847 939 Deus
2877 891 3140 953 tanquam
3174 880 3231 934 in
3262 879 3401 942 acie,
3440 877 3559 946 lege

1969 977 2117 1043 belli,
2167 979 2280 1034 dux
2335 977 2516 1033 factus
2589 984 2646 1033 et
2695 984 2888 1033 contra
2936 976 3123 1030 hostes
3185 972 3491 1027 instructus
3537 988 3554 1024 :

1969 1076 2256 1140 stansque,
2286 1069 2486 1141 inquit,
2514 1084 2680 1139 super
2705 1075 2894 1123 monte
2918 1065 3190 1136 ,Olearum
3221 1077 3289 1118 ex
3324 1060 3559 1117 adverso

1970 1156 2333 1227 Hierusalem,
2364 1162 2643 1217 concutiet
2700 1166 2965 1222 montem,
3026 1154 3397 1212 eommovebit
3436 1159 3560 1207 ante

1971 1249 2160 1305 urbem
2192 1249 2398 1318 omnia,
2454 1250 2743 1321 ipsamque
2796 1249 3019 1303 urbem:
3075 1247 3150 1300 ita
3204 1252 3266 1299 ut
3313 1242 3562 1298 videatur

1970 1341 2122 1396 varie
2139 1339 2413 1413 confringi
2446 1356 2606 1396 mons
2632 1348 2783 1395 motu
2810 1353 2876 1395 eo
2916 1335 3233 1409 pavefactus
3266 1346 3562 1402 rerumque

1973 1447 2161 1488 casum
2189 1432 2421 1489 similem
2447 1446 2569 1489 esse
2596 1440 2757 1488 terra:
2783 1430 2955 1485 motui
2990 1429 3087 1493 illi,
3112 1442 3273 1499 quem
3299 1427 3402 1482 sub
3427 1425 3561 1479 Ozia

1968 1536 2099 1595 rege
2119 1534 2151 1579 α
2176 1523 2363 1579 divina
2392 1524 2471 1579 ira
2500 1523 2766 1579 concitari
2789 1520 3040 1592 contigit.
3062 1518 3206 1573 Dicit
3225 1532 3356 1589 ergo
3376 1516 3562 1573 omnia

1972 1615 2344 1687 hyperbolice,
2379 1624 2439 1670 ut
2470 1616 2633 1681 solet,
2688 1621 2743 1668 et
2773 1613 2921 1684 quod
2953 1609 3326 1682 magnitudine
3373 1606 3564 1662 auxilii

1974 1708 2091 1762 suis
2119 1707 2333 1777 praebiti
2352 1746 2367 1771 ,
2395 1714 2450 1761 et
2492 1706 2758 1762 adversus
2790 1706 2976 1760 hostes
3022 1703 3415 1773 indignatione,
3442 1717 3562 1757 om-

288 1819 410 1874 τος,
434 1807 618 1860 δοκεῖν
664 1806 721 1859 δὲ
767 1806 838 1859 τὰ
865 1803 990 1858 τότε
1030 1805 1331 1876 πράγματα
1361 1801 1596 1857 ἑοικέναι
1639 1805 1752 1865 τοῖς
1779 1803 1874 1857 em.

1988 1796 2067 1851 nia
2090 1808 2258 1868 prope
2277 1810 2545 1867 quassare
2571 1796 2865 1852 videbitur.
2905 1794 3051 1852 Usus
3074 1802 3161 1850 est
3199 1804 3379 1850 autem
3417 1792 3567 1851 Ozias

290 1896 644 1968 τοῦσσισμοῦ
673 1896 953 1967 γεγονόσιν
976 1935 993 1962 ,
1020 1896 1080 1949 ὃν
1119 1895 1212 1949 ἐπὶ
1246 1895 1343 1965 τῆς
1386 1892 1562 1960 Ὀζίου
1603 1893 1875 1966 βασιλείας

1988 1889 2365 1955 similitudine,
2396 1888 2656 1959 quoniam
2708 1888 2800 1944 ille
2838 1902 3057 1958 quoque
3112 1888 3428 1943 nullatenus
3479 1902 3569 1943 sa-

291 1989 433 2044 κατά
456 1988 612 2044 θείαν
649 1985 821 2060 ὀργὴν
857 1986 1286 2057 ἀποτελεσθῆναι
1324 1985 1546 2057 συνέϐη.
1577 1987 1739 2055 Λέγει
1775 1987 1875 2058 μὲν

1988 1980 2209 2038 eerdotii
2255 1983 2551 2053 particeps,
2602 1982 2704 2035 hoc
2756 1996 3023 2052 usurpare
3056 1980 3267 2036 voluit:
3303 1980 3465 2050 cujus
3488 1982 3567 2035 rei

290 2080 386 2138 οὖν
415 2082 638 2137 ᾶπαντα
668 2079 1043 2153 ὑπερϐολικῶς
1065 2077 1140 2143 ὡς
1172 2078 1327 2132 εἰωθε
1356 2117 1372 2145 ,
1404 2078 1480 2150 (p.
1507 2078 1633 2149 529)
1667 2076 1764 2132 καὶ
1792 2078 1875 2131 ὅτι

1988 2082 2148 2128 causa
2172 2072 2318 2130 Deus
2344 2080 2684 2129 terrmmotus
2724 2070 3101 2145 magnitudine
3131 2070 3565 2143 indignationem

293 2172 370 2244 τῷ
400 2172 631 2245 μεγέθει
656 2173 759 2241 τῆς
790 2171 1039 2243 βοηθείας
1076 2170 1144 2239 ἦν
1188 2169 1490 2240 παρέχεται
1519 2171 1633 2232 τοῖς
1661 2166 1882 2234 οἰκείοις

1988 2179 2140 2221 suam
2172 2163 2489 2220 declaravit.
2527 2164 2652 2218 Pari
2701 2162 2865 2220 modo
2912 2176 3059 2219 nunc
3092 2176 3333 2235 quoque,
3366 2163 3567 2232 inquit,

292 2269 359 2339 τῇ
388 2283 449 2320 τε
485 2265 633 2320 κατὰ
675 2265 786 2318 τῶν
825 2264 1082 2318 ἐναντίων
1104 2262 1482 2332 ἀγανακτήσει
1508 2259 1752 2333 ὠσπερεί
1781 2276 1881 2315 σα-

1988 2264 2212 2328 propter
2254 2270 2352 2312 eos
2393 2255 2486 2326 qui
2524 2264 2708 2312 mente
2755 2254 2921 2327 impia
2972 2255 3273 2329 legitimum
3322 2256 3571 2311 ordinem

252 2355 269 2371 ’
292 2355 471 2410 λεύειν
501 2356 723 2410 ἅπαντα
745 2354 888 2420 δόξει
905 2371 919 2385 ·
950 2355 1221 2425 ἐχρήσατο
1243 2352 1302 2405 δὲ
1331 2354 1398 2423 τῇ
1422 2350 1561 2423 πρὸς
1583 2350 1675 2404 τὸν
1698 2349 1882 2414 Ὀζίαν

1988 2346 2535 2419 ρτίιιεγετοὰἱυηιυτ,
2586 2357 2641 2403 et
2670 2346 3045 2403 sacerdotium
3080 2354 3271 2403 contra
3300 2346 3384 2403 fas
3410 2362 3575 2403 usur-

290 2447 595 2517 ὁμοιότητι,
627 2444 819 2517 ἰπειδὴ
847 2445 1099 2507 κάκεῖνος
1142 2443 1300 2497 οὐθὲν
1320 2445 1387 2514 τῇ
1418 2440 1684 2513 ἱερωσύνῃ
1715 2452 1884 2513 προσ-

1992 2448 2145 2512 pant,
2181 2440 2409 2497 multam
2449 2438 2593 2496 Deus
2617 2441 2868 2497 ostendet
2916 2441 3346 2512 indignationem
3394 2455 3573 2503 suam,

293 2537 447 2607 ήκων
472 2577 490 2602 ,
533 2536 890 2607 ἐπεχείρησεν
941 2535 1114 2605 αὐτῆς
1168 2533 1556 2589 ἐπιλαϐέσθαιο
1614 2532 1699 2602 ἐφ’
1731 2525 1777 2601 ᾧ
1817 2532 1883 2605 δὴ

1993 2532 2261 2587 elementa
2324 2533 2508 2588 omnia
2543 2546 2896 2588 commovens
2946 2532 3012 2588 ad
3048 2532 3289 2589 hostium
3334 2546 3574 2604 pcenam.

295 2632 394 2681 καὶ
412 2627 494 2699 τῷ
522 2624 738 2698 μεγέθει
757 2625 850 2681 τοῦ
877 2626 1106 2697 σεισμοῦ
1134 2627 1233 2694 τὴν
1268 2626 1645 2695 ἀγανάκτησιν
1676 2624 1775 2695 τὴν
1802 2623 1884 2678 οἰ-

1995 2638 2221 2679 suorum
2249 2638 2381 2681 vero
2418 2625 2669 2681 salutem.
2697 2623 2795 2679 liis
2824 2624 3008 2680 addit:

299 2721 464 2773 κείαν
509 2719 543 2771 ὁ
573 2716 706 2782 Θεδς
746 2717 1072 2783 ὲπεδείξατο.
1115 2717 1219 2770 Τδν
1261 2716 1425 2771 αὐτὸν
1467 2717 1533 2788 δὴ
1575 2715 1775 2787 τρόπον
1821 2715 1914 2769 καὶ
1947 2714 2079 2781 νῦν,
2137 2716 2300 2789 φησιν
2325 2756 2340 2781 ,
2398 2716 2487 2770 διὰ
2535 2716 2661 2780 τοὺς
2708 2715 2896 2769 ἀσεϐεῖ
2926 2715 3117 2789 γνώμῃ
3150 2714 3579 2788 παρωσαμένους

309 2814 414 2884 μὲν
582 2809 803 2882 νομικὴν
834 2810 1119 2874 εὐταξίαν,
1175 2811 1243 2881 τῇ
1291 2808 1561 2882 ἱερωσύνῃ
1592 2808 1650 2861 δὲ
1700 2806 1854 2879 παρά
1893 2807 1956 2860 τὸ
2005 2806 2215 2879 πρέπον
2268 2806 2759 2880 ἐπικεχειρηκότας
2789 2844 2803 2872 ,
2861 2807 3060 2879 πολλὴν
3107 2806 3431 2872 ἐπιδείξεται
3480 2805 3582 2877 τὴν

305 2904 892 2976 ἀγανάκτησινόγθεὺς
914 2907 1013 2979 τὴν
1038 2904 1287 2972 οἰκείαν,
1339 2903 1605 2957 συσσείων
1652 2903 1901 2969 ἅπαντα,
1944 2900 2037 2957 ἐπὶ
2080 2904 2321 2977 τιμωρίᾳ
2362 2904 2461 2978 μὲν
2510 2906 2618 2959 τῶν
2658 2905 2937 2970 ἐναντίων,
2984 2905 3227 2979 σωτηρίᾳ
3269 2904 3327 2959 δὲ
3360 2902 3470 2957 τῶν
3502 2904 3582 2956 οἰ-

301 3006 364 3050 κε
373 2998 489 3054 ίων.
515 2992 612 3061 οἷς
633 2996 828 3067 ὲπάγει
847 3013 864 3029 ο

370 3091 524 3162 Στίχ.
552 3086 693 3154 ε’·ξ.
723 3088 803 3131 -—‘
824 3107 843 3141 ι
879 3086 983 3143 Kal.
1007 3088 1130 3160 ἥξει
1162 3084 1370 3160 Κύριος
1398 3084 1429 3141 ό
1454 3085 1588 3150 Θεός
1623 3100 1723 3156 μου
1743 3125 1759 3152 ,
1784 3085 1877 3139 καί

2056 3081 2221 3137 Vens.
2252 3078 2373 3137 5-7.
2406 3068 2525 3135 -έί
2566 3081 2632 3137 Et
2664 3084 2839 3140 veniet
2894 3083 3158 3140 Dominus
3208 3082 3353 3140 Deus
3404 3101 3579 3150 meus,
3641 3074 3647 3079 ’

299 3185 503 3248 πάντες
549 3184 599 3236 οἰ
632 3181 777 3251 ἅγιοι
825 3182 941 3252 μετ’
996 3179 1180 3235 αὑτοῦ.
1223 3197 1244 3231 ι
1289 3179 1410 3232 Ἀπ’
1467 3177 1632 3231 αὑτοῦ
1662 3177 1770 3250 γὰρ
1800 3175 1887 3248 δὴ,

302 3277 468 3347 φησι,
501 3272 602 3329 τοῦ
648 3271 916 3345 μεγέθους
960 3272 1069 3325 τῶν
1123 3270 1465 3342 πραγμάτων
1509 3268 1709 3323 ὡσανεί
1756 3269 1892 3341 πόρ-

304 3366 474 3439 ρωθέν
528 3362 699 3418 ποθεν
745 3363 825 3426 εἰς
876 3360 1132 3432 βοήθειαν
1176 3360 1333 3431 ἡμῶν
1382 3356 1654 3430 ἐληλυθὼς
1698 3360 1726 3411 ὁ
1758 3357 1890 3422 Θεὸς

304 3457 587 3524 φανεῖται,
641 3452 792 3522 ἄγων
838 3450 899 3506 τὸ
941 3453 1138 3506 οἰκεῖον
1182 3448 1544 3523 στρατόπεδον
1594 3451 1740 3504 ἅπαν
1794 3448 1891 3503 σὺν

305 3543 504 3614 ἑαυτιῖ).
556 3543 721 3610 Λέγει
773 3540 833 3595 δὲ
874 3540 975 3604 τὰς
1023 3539 1290 3611 ἀοράτους
1339 3537 1626 3608 δυνάμεις·
1684 3534 1892 3596 ταύτας

304 3637 411 3703 γὰρ
449 3633 611 3686 καλεῖ
654 3632 782 3694 τοὺς
834 3629 1060 3699 ἁγίους,
1107 3627 1166 3682 αἶ
1219 3628 1357 3699 πρὸς
1399 3626 1615 3680 ἅπαντα
1651 3622 1799 3693 αὐτῷ
1825 3622 1894 3676 τὰ

306 3723 572 3778 δοκοῦντα
602 3723 661 3775 ιν
702 3722 816 3785 τοῖς
863 3720 992 3791 περὶ
1031 3720 1156 3783 τοὺς
1210 3718 1528 3789 ἀνθρώπους
1582 3714 1891 3784 γινομένοις

308 3814 705 3888 ὑπηρετεῖσθαι
754 3812 1030 3867 εἰώθασιν.
1089 3831 1107 3862 ι
1166 3811 1276 3864 Ιίαί⁵
1325 3810 1559 3863 ἕσταιὲν
1598 3807 1782 3879 ἐκείνῃ
1824 3806 1892 3877 τῇ

307 3908 527 3979 ἡμέρᾳ,
558 3906 662 3959 οὐκ
694 3902 849 3958 ἔσται
882 3903 1020 3974 φῶς,
1050 3902 1188 3957 ἀλλὰ
1222 3898 1392 3973 ψύχος
1416 3900 1509 3954 καὶ
1541 3898 1716 3968 πάγος
1742 3897 1893 3950 ἔσται

314 4000 410 4072 μιᾷ
430 3998 703 4070 ἡμέρᾳ.)
754 3997 831 4050 οὐ
877 3994 994 4064 φῶς
1037 3994 1207 4057 ὅντως
1234 3993 1329 4045 καὶ
1356 3991 1528 4062 ψύχος
1579 3988 1676 4043 καὶ
1721 3987 1896 4054 πάγος

311 4092 480 4159 λέγει,
510 4087 630 4142 ἀλλ’
674 4085 864 4157 ὥσπερ
894 4083 1084 4138 εἴωθεν
1114 4083 1294 4152 λέγειν
1313 4122 1328 4147 ,
1362 4082 1444 4135 ὅτι
1482 4082 1511 4135 ό
1538 4079 1688 4152 ἥλιος
1719 4094 1896 4132 σκοτι-

316 4180 596 4250 σθήσεται,
624 4178 720 4233 καὶ
734 4177 952 4233 δύσεται
967 4173 1370 4244 αὑτοῖςὸἥλιος,
1400 4173 1494 4228 καὶ
1517 4173 1616 4226 ὅσα
1634 4168 1857 4224 τοιαῦτα
1878 4183 1890 4199 ο

313 4268 387 4332 ὡς
416 4267 530 4321 τῶν
564 4268 625 4322 ὲν
658 4268 969 4338 συμφοραῖς
999 4265 1175 4320 ὄντων
1213 4262 1469 4334 οὐδεμίαν
1519 4260 1770 4331 αἴσθησιν
1799 4256 1895 4311 τοῦ

311 4359 491 4427 φωτὸς
520 4357 931 4428 λαμϐανόντων,
979 4355 1094 4409 ἀλλ’
1131 4354 1321 4424 ὥσπερ
1346 4355 1404 4406 ὲν
1437 4352 1612 4421 σκότῳ
1642 4351 1746 4404 τινὶ
1775 4349 1894 4404 τότε

1993 3180 2051 3229 et
2076 3189 2267 3230 omnes
2283 3174 2463 3230 sancti
2496 3188 2620 3228 cum
2659 3190 2744 3230 eo.
2766 3192 2788 3227 ι
2823 3173 2899 3229 Ex
2930 3172 3330 3245 magnitudine,
3373 3174 3572 3246 inquit,

1990 3276 2175 3321 rerum
2205 3274 2506 3336 gestarum,
2543 3265 2610 3321 de
2654 3266 2954 3337 longinquo
2981 3268 3149 3321 veluti
3208 3267 3352 3334 loco,
3384 3268 3452 3321 ad
3482 3283 3583 3321 au-

1990 3358 2183 3413 xilium
2232 3366 2484 3413 nostrum
2534 3359 2763 3414 veniens
2811 3355 2954 3414 Deus
2988 3356 3293 3430 apparebit,
3322 3364 3581 3412 cunctum

1993 3464 2151 3506 suum
2183 3465 2369 3505 secum
2399 3464 2569 3521 agens
2594 3451 2920 3515 exercitum,
2949 3450 3000 3504 id
3030 3456 3115 3504 est
3155 3445 3455 3503 invisibiles
3482 3464 3582 3517 po-

1993 3548 2257 3607 teSIates;
2313 3540 2416 3595 bus
2476 3541 2622 3594 enim
2672 3547 2993 3595 sanctorum
3058 3540 3279 3594 nomine
3309 3540 3581 3609 appellat;

1994 3646 2114 3703 qua!
2155 3632 2222 3686 ad
2263 3646 2425 3686 omne
2455 3632 2576 3701 ejus
2612 3632 2853 3698 libitum,
2890 3633 2945 3683 in
2976 3630 3231 3686 humanis
3258 3630 3423 3686 rebus
3476 3635 3583 3686 mi-

1996 3723 2227 3776 nistrare
2260 3721 2458 3774 solent.
2499 3737 2518 3770 ι
2582 3719 2648 3773 Et
2678 3720 2781 3774 erit
2812 3719 2901 3775 die
2928 3719 3039 3786 illa,
3063 3736 3170 3774 non
3201 3721 3290 3776 lux
3323 3723 3448 3789 erit,
3489 3724 3584 3779 sed

1999 3813 2169 3882 frigus
2190 3817 2243 3865 et
2270 3811 2393 3880 gelu
2418 3811 2524 3864 erit
2563 3827 2672 3864 una
2702 3810 2811 3865 die.
2847 3829 2865 3863 ι
2896 3809 3052 3866 liaud
3090 3827 3280 3883 reapse
3304 3815 3475 3872 lucem
3503 3818 3587 3873 vei

1998 3900 2172 3971 frigus
2201 3900 2391 3971 geluve
2430 3899 2584 3963 dicit,
2635 3901 2729 3955 sed
2781 3901 2967 3969 potius
3007 3915 3157 3956 more
3208 3918 3332 3971 suo,
3380 3903 3497 3960 fore
3529 3914 3588 3960 ut

1997 3993 2079 4047 sol
2107 3991 2455 4054 obscuretur,
2487 3991 2571 4045 vel
2616 3992 2908 4045 occumbat
2942 3989 3070 4056 illis;
3106 3999 3200 4047 aut
3233 3994 3343 4048 alia
3398 3995 3589 4066 hujus-

1998 4080 2144 4139 modi
2166 4102 2178 4139 :
2204 4082 2359 4153 quasi
2386 4082 2633 4139 homines
2658 4084 2711 4138 in
2736 4084 3138 4140 calamitatibus
3164 4096 3446 4143 versantes
3470 4091 3589 4143 nul-

2000 4175 2109 4228 lum
2141 4173 2277 4228 lucis
2327 4189 2548 4229 sensum
2581 4158 2964 4239 babeantfsed
2998 4175 3324 4245 quibusdam
3351 4180 3591 4235 tenebris

1998 4264 2667 4332 circumseptividcantur.
2701 4264 2779 4318 ita
2812 4265 2901 4319 hic
2957 4266 3123 4320 etiam
3183 4268 3291 4324 ait:
3347 4269 3590 4324 Casuum

1998 4352 2371 4423 magnitudine
2425 4352 2755 4407 videbuntur
2794 4351 3043 4409 homines
3082 4371 3150 4410 ne
3202 4356 3384 4413 lucem
3426 4358 3595 4431 358

312 4445 452 4503 εἶναι
481 4448 806 4502 δοκούντων.
842 4447 1002 4501 Οὕτω
1032 4446 1313 4501 κάνταῦθά
1353 4460 1517 4515 φησν
1548 4443 1770 4509 Δόξουσι
1800 4443 1884 4512 μὲι

2002 4446 2219 4515 quidem
2239 4445 2505 4513 aspicere,
2541 4444 2635 4499 sed
2661 4440 2863 4515 frigore
2892 4449 3125 4520 geluque
3148 4451 3369 4520 pulsati,
3405 4450 3461 4504 in
3486 4459 3594 4507 tre-

311 4541 426 4610 γὰρ
470 4540 577 4593 ὑπὸ
621 4538 716 4591 τοῦ
751 4537 1016 4609 μεγέθους
1045 4536 1152 4590 τῶν
1186 4537 1489 4606 γινομένων
1518 4536 1567 4586 οἰ
1600 4532 1895 4602 ἄνθρωποι,

313 4634 480 4703 φησὶν
502 4671 518 4697 ,
545 4631 670 4685 οὐδὲ
699 4630 817 4699 φῶς
860 4631 1014 4700 όρᾲν,
1045 4628 1235 4699 ὥσπερ
1262 4628 1318 4681 δὲ
1345 4628 1402 4679 ὲν
1425 4626 1585 4696 ψύχει
1615 4626 1709 4678 καὶ
1738 4626 1898 4696 πάγῳ

309 4722 714 4793 ταραττόμενοι
740 4720 799 4772 ὲν
822 4719 1009 4789 τρόμῳ
1035 4730 1095 4770 τε
1133 4716 1225 4769 καὶ
1251 4715 1423 4784 κλόνῳ
1478 4712 1732 4784 μενοῦσι,
1770 4729 1900 4767 συν·

309 4815 645 4885 αρᾶττοντες
657 4812 787 4875 τοὺς
805 4808 1028 4873 ὀδόντας
1051 4808 1128 4880 τῷ
1155 4808 1373 4880 μεγέθει
1395 4806 1503 4860 τῶν
1518 4803 1897 4875 γενησομένων

309 4907 501 4961 κακῶν
534 4908 602 4959 ἐκ
644 4905 747 4975 τῆς
776 4901 1097 4971 ἐπιφανείας
1126 4901 1222 4970 τῆς
1260 4899 1406 4962 θείας
1433 4915 1445 4929 ·
1475 4897 1569 4969 (p.
1597 4896 1737 4966 550)
1783 4889 1898 4947 οἷόν

309 4998 431 5050 ἔστι
459 4996 633 5051 καὶτὸ
655 4995 810 5068 παρὰ
832 4990 925 5047 τοῦ
942 4993 1148 5065 Κυρίου
1168 4992 1480 5061 λεγόμενον,
1507 5006 1525 5039 ι
1573 4985 1719 5040 Ἐκεῖ
1744 4986 1898 5039 ἔσται

310 5093 340 5143 ό
359 5090 609 5161 βρυγμδς
624 5088 735 5142 τῶν
750 5087 1000 5141 ὀδόντων.
1025 5106 1045 5139 ι
1061 5114 1121 5126 --
1134 5106 1151 5137 ι
1172 5086 1282 5138 Kal.
1306 5085 1341 5155 ἠ
1357 5083 1537 5155 ἡμέρα
1558 5081 1740 5153 ἐκείνη
1757 5097 1899 5149 γνω-

311 5180 418 5251 στὴ
448 5181 527 5251 τῷ
552 5179 769 5253 Κυρίῳ.
804 5197 823 5230 ι
852 5176 966 5232 Ἵνα
991 5177 1119 5250 εἴπῃ
1147 5177 1228 5228 ὅτι
1257 5175 1399 5228 κατά
1423 5172 1646 5243 γνώμην
1662 5173 1797 5225 Θεοῦ
1822 5189 1905 5240 γε·

2005 4550 2155 4590 more
2171 4542 2225 4589 et
2247 4534 2608 4590 concussione
2645 4537 2963 4607 manebunt,
2990 4540 3252 4595 dentibus
3286 4541 3595 4596 infrenden-

2004 4637 2107 4691 tes,
2145 4626 2216 4679 oh
2254 4625 2621 4696 ingruentium
2655 4628 2923 4683 malorum
2948 4631 3376 4702 magnitudinem
3413 4632 3467 4686 in
3500 4630 3592 4687 Dei

2006 4717 2241 4772 adventu
2284 4716 2444 4786 juxta
2498 4714 2717 4772 Domini
2759 4719 3005 4775 dictum:
3061 4739 3079 4771 ι
3124 4722 3200 4775 ibi
3256 4723 3360 4775 erit
3394 4724 3595 4777 stridor

2006 4810 2253 4867 dentium
2285 4810 2353 4865 "'.
2396 4831 2415 4863 ι
2433 4840 2503 4852 —
2526 4831 2543 4863 ι
2569 4812 2637 4870 Ει
2665 4813 2785 4870 dies
2812 4811 2904 4868 illa
2930 4820 3059 4871 nota
3078 4812 3330 4870 Domino.
3360 4833 3376 4863 ι
3401 4813 3460 4868 Id
3479 4787 3613 4873 est.‘

1998 4905 2155 4974 juxta
2183 4906 2276 4963 Dei
2309 4906 2635 4962 sententiam
2679 4904 2811 4959 talia
2848 4903 2998 4967 lient,
3053 4904 3311 4971 quoniam
3348 4903 3396 4957 ei
3438 4903 3595 4958 libuit

2006 4999 2120 5053 haec
2143 5006 2274 5053 tunc
2303 5000 2542 5054 evenire.
2581 4996 2756 5053 Veluti
2790 4992 2922 5048 illud
2945 5011 2988 5046 ει
3021 4994 3180 5051 Novit
3208 4994 3471 5051 Dominus
3500 4998 3593 5067 qui

2008 5095 2137 5143 sunt
2184 5087 2304 5157 ejus
2325 5087 2370 5119 '°
2400 5107 2415 5154 ;
2445 5106 2463 5138 ι
2511 5088 2563 5141 id
2604 5088 3022 5150 est,l‘amiliares
3074 5103 3203 5143 suos
3245 5087 3391 5154 fecit,
3439 5095 3493 5142 et
3539 5088 3592 5142 in

2012 5177 2301 5231 charorum
2336 5190 2563 5231 numero
2598 5176 2906 5231 babuit.Sic
2943 5177 3378 5232 diemaitnotam
3411 5176 3597 5232 Domi-

261 5285 268 5291 '
308 5273 533 5343 νήσεται
552 5269 805 5333 τοιαῦτα,
832 5266 1063 5340 ἐπείπερ
1090 5265 1315 5339 ἀρεστὸν
1338 5265 1483 5335 αὐτῷ
1502 5263 1561 5317 τὸ
1576 5264 1717 5318 οὕτω
1733 5264 1884 5317 ταῦτε

2013 5280 2105 5331 no,
2149 5278 2341 5334 nempe
2370 5263 2473 5332 ipsi
2520 5271 2752 5334 gratam,
2802 5267 2929 5334 quia
2961 5281 3029 5319 cx
3061 5266 3180 5334 ejus
3206 5265 3473 5321 sententia
3505 5266 3595 5323 die

307 5365 436 5418 τότε
453 5364 733 5436 συμϐῆναι
753 5380 767 5393 ·
785 5356 899 5415 οἷόν
920 5361 1035 5414 ἐστι
1050 5361 1164 5424 τὺ,ι
1178 5359 1358 5427 Ἔγνω
1382 5357 1587 5428 Κύριος
1606 5357 1731 5420 τοὺς
1747 5356 1907 5418 ὄντας

311 5455 517 5510 αὐτοῦ·
557 5476 576 5510 ι
620 5456 746 5510 ἀντὶ
767 5454 889 5518 τοῦ,
934 5452 1260 5522 ’ῼκειὼσατο
1290 5450 1487 5511 αὐτοὺς
1524 5448 1617 5501 καὶ
1642 5447 1906 5517 ἀρεστοὺς

2014 5357 2105 5410 illa
2136 5356 2262 5411 iient
2299 5356 2447 5422 talia,
2478 5356 2544 5409 ad
2590 5357 2828 5410 hostium
2894 5356 3251 5426 punitioncm,
3296 5359 3592 5414 amicorum

2017 5458 2193 5504 autem
2223 5448 2475 5503 salutem.
2513 5467 2530 5499 ι
2567 5447 2632 5503 Et
2673 5464 2781 5503 non
2822 5449 2941 5504 dies
2985 5465 3159 5521 neque
3206 5467 3334 5516 nox,
3383 5459 3439 5508 et
3473 5462 3602 5523 post

315 5546 569 5617 ινόμισεν
595 5545 797 5618 ἐαυτῷ.
829 5543 986 5599 Οὕτω
1010 5543 1102 5596 καὶ
1133 5543 1232 5612 τὴν
1260 5540 1473 5612 ἡμέραν
1496 5539 1642 5609 λέγει
1664 5539 1884 5609 γνωστὴ

2018 5546 2298 5610 res-peram
2342 5540 2429 5595 lux
2466 5541 2589 5595 erit.
2644 5562 2661 5592 ι
2722 5541 3168 5601 incumbentibus
3213 5545 3392 5613 malis,
3431 5551 3598 5601 laniat

387 5726 432 5761 ⁷⁹
469 5729 656 5786 Matth.
706 5744 836 5793 vm,
884 5727 969 5783 19..
1048 5726 1092 5757 ⁸⁸
1131 5723 1169 5779 li
1211 5720 1349 5778 Tim.
1392 5739 1450 5788 ιι,
1495 5723 1575 5777 19.
