3974 6146
334 1724 341 1731 ’
440 1729 525 1783 ris
552 1730 807 1800 gentibus
836 1740 1143 1802 opportuna
1178 1733 1304 1800 erit,
1333 1748 1525 1789 verum
1554 1735 1721 1790 etiam
1768 1733 2023 1804 posteris.

453 258 547 316 561
1602 254 1955 313 THEODORI
1993 255 2220 315 MOPSU
2230 255 2472 313 ESTENI
3605 263 3705 323 me

451 376 707 432 omnibus
728 372 1076 431 oﬂ‘undemur
1117 373 1374 439 tenebrae,
1419 379 1480 429 ut
1515 372 1666 427 nulla
1691 373 1765 427 sit
1797 376 2014 429 noctis:

2131 374 2207 446 τῷ
2233 375 2437 448 Κυρίῳ,
2462 377 2538 440 ὼς
2570 377 2802 449 ἀρεστὴν
2834 377 3001 449 αὐτῷ,
3030 378 3106 449 τῷ
3129 379 3270 434 κατὰ
3293 378 3518 450 γνώμην
3545 382 3706 438 αὐτοῦ

451 468 540 524 die
559 469 875 524 distinctio:
902 469 1038 523 adeo
1058 467 1296 522 tenebrie
1308 473 1506 521 cuncta
1527 464 1880 535 occupabunt
1902 466 1915 518 !
1941 464 2014 518 lli:

2138 464 2205 517 τὰ
2233 463 2456 518 τοιαῦτα
2499 467 2556 520 ἐν
2580 466 2717 537 αὐτῇ
2757 466 3037 535 γενέσθαι,
3086 469 3179 521 ἐπὶ
3208 469 3449 542 τιμωρίᾳ
3481 471 3582 541 μὲν
3603 472 3707 525 τῶν

452 565 636 613 tamen
690 559 945 614 succedet
974 557 1051 627 (id
1085 557 1232 613 enim
1261 556 1660 612 innuitdictio:
1695 563 1818 626 post
1846 571 2014 626 vcspe

2134 557 2412 624 ἐναντίων,
2458 559 2702 630 σωτηρίᾳ
2750 558 2809 611 δὲ
2853 559 2963 611 τῶν
2986 559 3220 614 οἰκείων.
3269 560 3432 614 Ὅθεν
3477 562 3702 631 ἐπάγειε

452 668 565 707 ram
586 648 1348 722 i),succede,inquam,lux,id
1371 651 1710 706 estdivinuin
1734 650 1996 704 auxilium

2137 664 2157 698 ι
2196 647 2307 701 Καὶ
2351 649 2452 720 οὐχ
2493 647 2696 720 ἡμέρα,
2747 649 2842 702 καὶ
2882 649 2946 703 οὐ
2993 649 3109 716 νὺξ,
3163 650 3256 704 καὶ
3291 639 3434 723 πρὸς
3469 654 3707 725 ἑσπέραν

446 741 577 811 quia
626 753 823 795 cuncta
879 742 971 796 illa
1007 742 1142 796 liunt
1195 741 1263 797 ad
1292 742 1530 797 hostium
1560 741 1925 812 punitionem,
1978 755 2011 793 u

2133 735 2287 792 ἔσται
2329 738 2479 808 φῶς·
2516 757 2544 790 ν
2581 739 3022 809 ἐπικρατούντων
3071 743 3170 813 μὲν
3200 741 3309 812 γὰρ
3340 741 3449 795 τῶν
3490 741 3702 805 κακῶν,

449 844 579 885 suos
599 831 664 884 ad
697 845 757 884 se
790 830 1040 899 recipiat.
1062 830 1441 901 vPropterhaec
1462 832 1632 902 igitur
1660 830 1814 886 addit
1839 849 1853 884 :

2131 829 2351 883 τοσοῦτο
2375 830 2798 902 περιχυθήσεται
2825 833 3014 896 σκότος
3053 832 3279 898 ἅπασιν,
3310 832 3387 897 ὡς
3434 832 3704 904 μηδεμίαν

446 920 585 978 εἶναι
616 923 807 986 νυκτός
851 941 911 976 τε
948 924 1043 977 καὶ
1085 924 1296 996 ἡμέρας
1333 914 1625 996 διαφοράνο
1684 922 1825 977 οὕτω
1872 922 2062 984 σκότος
2111 919 2341 992 λήψεται
2388 921 2461 976 τὰ
2504 925 2712 977 πάντα’
2766 924 3120 996 ἀκολουθήσει
3159 925 3218 979 δὲ
3260 924 3471 989 τούτοις
3518 923 3705 995 (τοῦτο

446 1017 554 1087 γὰρ
592 1015 740 1083 λέγει
771 1033 790 1064 ι
829 1016 964 1085 πρὸς
991 1015 1230 1088 ἑσπέραν
1257 1012 1310 1082 ι)
1358 1015 1505 1086 φῶς,
1544 1013 1823 1068 τουτέστιν
1850 1015 1884 1085 ἡ
1923 1011 2205 1083 ἀντίληψις
2251 1014 2286 1084 ἡ
2327 1013 2477 1067 θεία*
2527 1014 2713 1086 ἐπειδὴ
2742 1016 2921 1071 πάντα
2974 1017 3158 1071 ἐκεῖνα
3193 1016 3580 1089 διαπράττεται
3613 1016 3705 1069 ἰπὶ

443 1106 684 1177 τιμωρίᾳ
713 1105 822 1160 τῶν
849 1106 1106 1161 ἐναντίων
1125 1149 1139 1174 ,
1169 1107 1245 1172 ὡς
1273 1109 1339 1161 ἂν
1371 1107 1498 1173 τοὺς
1523 1110 1763 1172 οἰκείους
1791 1106 1970 1178 ἐαυτῷ
1997 1108 2416 1178 περιποιήσειεν.
2446 1108 2545 1163 Διὰ
2575 1109 2778 1165 τούτων
2806 1111 3001 1181 ἐπάγει
3029 1110 3182 1181 γοῦν*
3680 1141 3687 1147 ο

519 1270 683 1326 Vens.
702 1271 790 1328 8-1
806 1271 823 1326 l
839 1311 854 1325 .
880 1300 948 1313 —--
973 1289 992 1323 ι
1027 1271 1093 1325 Ει
1113 1271 1200 1328 die
1217 1272 1309 1327 illa
1329 1273 1644 1343 egredietur
1667 1288 1809 1344 aqua
1840 1272 2014 1328 vivent

2176 1274 2348 1344 -Στίχ.
2382 1282 2557 1345 ηὀια’.
2586 1304 2656 1317 --
2693 1266 2846 1329 «Καὶ
2880 1277 2939 1329 ἐν
2969 1278 3036 1346 τῇ
3067 1275 3250 1347 ἡμέρᾳ
3281 1274 3466 1347 εκείνη
3496 1274 3704 1340 ὲξελεύυ

451 1377 517 1417 ex
551 1363 910 1419 llierusalem.
951 1383 971 1416 ι
993 1363 1172 1432 ldest,
1195 1372 1327 1420 tunc
1353 1380 1551 1436 purum
1582 1365 1948 1421 sacerdotium
1973 1365 2014 1419 ir

2130 1380 2281 1417 σεται
2330 1363 2471 1436 ὕδωρ
2500 1363 2610 1430 ζῶν
2640 1366 2701 1431 ἐξ
2754 1367 3125 1443 Ἰερουσαλήμ.
3166 1386 3186 1420 ι
3235 1366 3349 1419 Ἵνα
3388 1365 3539 1437 εἴπῃ,
3570 1366 3703 1419 Τότε

446 1455 582 1511 urbe
608 1454 949 1511 llierusalem
982 1458 1353 1513 constituetur
1369 1466 1534 1529 atque
1551 1459 1877 1530 legitimum,
1901 1472 2014 1513 nee-

2127 1454 2344 1528 καθαρὰ
2375 1456 2641 1530 ἱερωσύνη
2693 1459 2785 1512 ἐπὶ
2826 1459 2925 1528 τῆς
2968 1457 3325 1528 Ἰερουσαλὴμ
3351 1455 3705 1526 ἐπιτελεσθή-

443 1562 554 1602 non
587 1548 926 1619 principatus
986 1547 1096 1604 Deo
1142 1550 1384 1620 placens,
1439 1560 1493 1606 et
1542 1550 1797 1607 doctrina
1829 1549 2014 1607 divini:

2129 1563 2280 1600 σεται
2328 1549 2422 1601 καὶ
2475 1547 2736 1619 νόμιμος,
2797 1549 3102 1621 προστασία
3155 1566 3215 1602 τε
3264 1547 3573 1619 άρέσκουσα
3624 1549 3705 1617 τῷ

444 1638 657 1708 legibus
683 1649 1071 1707 consentanea,
1107 1656 1229 1711 quae
1256 1656 1366 1696 non
1398 1642 1547 1697 illius
1577 1649 1787 1697 tantum
1819 1650 2014 1710 tempo-

2127 1638 2247 1710 Θεῷ
2266 1680 2282 1705 ,
2339 1640 2434 1695 καὶ
2472 1639 2791 1694 διδασκαλία
2837 1643 2952 1705 τοῖς
3007 1640 3193 1711 νόμοις
3236 1639 3531 1703 ἀκόλουθος
3586 1641 3706 1703 τοῖς

2129 1728 2320 1795 θείοις,
2366 1732 2488 1802 ἥτις
2545 1733 2604 1785 οὐ
2635 1734 2749 1795 soi;
2793 1735 2913 1786 κατ’
2961 1732 3164 1787 ἐκεῖνον
3216 1730 3307 1785 τὸν
3374 1729 3559 1802 καιρὸν
3605 1728 3706 1782 τοῦ

440 1819 577 1875 Nam
611 1835 762 1875 mare
789 1822 1024 1889 primum
1046 1821 1258 1892 priores
1291 1823 1447 1887 dicit,
1480 1833 1814 1897 postremum
1843 1830 2014 1895 poste

2127 1821 2312 1887 ἔθνους
2350 1822 2634 1894 ἐπιτηδεία
2678 1823 2839 1895 μόνον
2866 1821 3053 1886 ἔσται,
3093 1821 3230 1876 ἀλλὰ
3277 1821 3370 1875 καὶ
3415 1822 3526 1884 τοῖς
3565 1819 3707 1890 μετὰ

437 1925 554 1965 ros.
575 1910 784 1976 Quibus
806 1908 977 1968 addit:
991 1911 1227 1971 «(Esmte
1240 1927 1297 1973 et
1320 1929 1488 1970 verno
1503 1924 1742 1984 tempore
1763 1914 1837 1968 ita
1858 1914 1982 1979 erit,
2002 1931 2014 1966 ι

2127 1910 2316 1965 ταῦτα.
2359 1911 2646 1966 Θάλασσαν
2678 1910 2776 1983 μὲν
2805 1908 2924 1982 γάρ’
2945 1910 3169 1983 πρώτην
3214 1911 3339 1975 τοὺς
3364 1910 3487 1965 τότε
3514 1910 3668 1978 λέγει
3689 1928 3701 1940 ·

442 2001 497 2054 id
531 2006 743 2070 est,per
775 2016 940 2056 omne
962 2009 1175 2072 tempus
1213 2001 1398 2059 divino
1423 2004 1733 2076 patrocinio
1777 2017 2014 2073 perseve

2127 2003 2362 2074 ἐσχάτην
2397 2002 2455 2057 δὲ
2506 2003 2631 2067 τοὺς
2690 2006 2804 2076 μετ’
2850 2003 3118 2067 ἐκείνους·
3174 1996 3259 2066 οἷς
3316 2001 3706 2072 προστέθεικεν

440 2091 585 2146 rabit
614 2091 976 2162 prosperitas.
1008 2091 1120 2160 Sic,
1142 2093 1340 2167 inquit,
1378 2096 1633 2152 universa
1671 2103 1819 2151 terra
1842 2110 2014 2166 regem

2124 2093 2207 2147 ὅτι
2235 2113 2255 2146 ι
2313 2094 2402 2148 Ἐν
2432 2094 2578 2170 θέρει
2616 2097 2710 2149 καὶ
2737 2096 2796 2150 ὲν
2827 2095 2947 2167 ἔαρι
2975 2094 3128 2149 ἔσται
3162 2092 3353 2158 οὕτως.
3390 2113 3409 2147 ι
3442 2092 3463 2164 (
3480 2110 3535 2165 p.
3562 2093 3705 2167 551)

438 2194 698 2253 agnoscet
722 2192 775 2240 et
804 2184 1154 2241 conﬁtebitur
1174 2203 1343 2243 unum
1364 2187 1536 2244 Deum
1568 2203 1751 2245 rerum
1777 2188 2024 2245 omnium

438 2281 740 2328 creatorem
773 2288 837 2330 ac
851 2270 1165 2328 Dominum.
1201 2272 1321 2344 Ipse
1344 2274 1489 2329 enim
1513 2290 1610 2346 per
1634 2290 1697 2330 ea
1720 2290 1840 2346 quae
1870 2274 2021 2339 facit,

438 2378 596 2419 suam
628 2352 973 2423 demonstrat
1004 2366 1404 2437 providentiam
1433 2382 1497 2422 ac
1523 2374 1844 2439 potestatem
1872 2382 1885 2420 :
1909 2380 2053 2436 per--

436 2469 545 2525 que
566 2464 767 2511 terram
797 2471 990 2513 omnes
1034 2457 1109 2529 (id
1139 2465 1222 2514 est
1246 2458 1422 2529 gentis
1461 2472 1575 2513 suae
1600 2457 1869 2528 homines)
1900 2472 2025 2528 per-

438 2553 694 2600 severant
718 2545 976 2617 deinceps
1002 2549 1153 2603 omni
1200 2563 1389 2604 errore
1413 2545 1578 2619 359
1629 2549 1804 2614 liberi,
1845 2549 2022 2603 solum

434 2636 613 2703 ipsum
667 2635 1006 2707 appellantes
1055 2637 1242 2694 Deum.
1277 2637 1414 2693 Exin
1445 2639 1693 2693 diversos
1723 2638 1872 2695 locos
1907 2654 2023 2694 me-

2127 2185 2246 2239 Ἵνα
2288 2185 2419 2261 εἴπῃ
2462 2187 2544 2241 ὅτι
2572 2186 2715 2243 κατὰ
2758 2186 2933 2241 πάντα
2963 2186 3155 2256 καιρὸν
3178 2185 3265 2239 διὰ
3295 2186 3397 2255 τῆς
3420 2184 3569 2248 θείας
3595 2202 3708 2256 κη-

2125 2274 2376 2346 δεμονίας
2421 2277 2781 2348 ἐπικρατήσει
2828 2276 2897 2330 τὰ
2944 2275 3210 2346 κρείττωο
3257 2273 3397 2327 οὕτω
3422 2289 3503 2338 τε,
3534 2275 3702 2343 φησὶ,

2125 2367 2266 2421 κατὰ
2292 2368 2472 2438 πάσης
2516 2368 2610 2440 τῆς
2654 2367 2760 2439 γῆς
2791 2367 2950 2423 ἔσται
2995 2366 3247 2437 βασιλεὺς
3293 2364 3706 2436 γνωριζόμενός

2123 2475 2181 2512 τε
2213 2459 2308 2512 καὶ
2347 2457 2774 2529 ὁμολογούμενος
2805 2460 2965 2529 μόνος
2991 2452 3130 2512 εἶναι
3159 2456 3290 2519 Θεὸς
3319 2458 3348 2509 ὁ
3372 2454 3463 2510 τοῦ
3494 2456 3705 2518 παν-τὶς

2123 2550 2354 2622 ποιητής
2383 2566 2443 2603 τε
2492 2550 2588 2603 καὶ
2617 2550 2847 2622 Κύριος’
2880 2549 3043 2611 αὑτός
3072 2566 3133 2601 τε
3169 2547 3276 2619 γὰρ
3304 2547 3372 2601 δι’
3402 2540 3479 2603 ὧν
3523 2549 3704 2609 ποιεῖ,

2122 2639 2219 2711 τὴν
2252 2638 2575 2710 κηδεμονίαν
2627 2640 2720 2693 καὶ
2764 2640 2863 2710 τὴν
2913 2638 3161 2705 ἐξουσίαν
3201 2636 3567 2705 ἐπιδείκνυται
3594 2635 3706 2707 ’τὴν

431 2733 632 2792 morat,
671 2727 860 2784 volens
887 2744 992 2800 per
1018 2729 1201 2785 omnia
1244 2729 1450 2795 dicere,
1509 2728 1627 2785 fore
1675 2737 1735 2785 nt
1782 2729 1836 2783 in
1869 2737 2014 2801 parte

2121 2729 2326 2785 οἰκείαν
2350 2747 2364 2760 ·
2413 2731 2508 2784 καὶ
2540 2729 2606 2795 δὴ
2651 2731 2743 2784 καὶ
2789 2730 2991 2797 πάντες
3020 2729 3069 2783 οἱ
3103 2728 3243 2781 κατὰ
3273 2727 3377 2798 γῆν
3410 2726 3533 2796 (ἵνα
3562 2727 3703 2801 εἴπῃ

433 2818 676 2889 qualibet
731 2827 932 2877 nostrae
977 2821 1187 2892 regioni
1245 2820 1476 2876 ﬁnitima
1511 2827 1831 2877 constanter
1878 2819 2014 2876 Deus

2120 2821 2245 2883 τοὺς
2281 2816 2376 2872 τοῦ
2425 2817 2643 2889 ἔθνους)
2688 2819 3000 2890 διαμένουσι
3050 2816 3238 2871 λοιπὸν
3278 2814 3700 2887 ἀπηλλαγμένοι

442 2925 777 2984 agnoscatur
823 2922 986 2986 atque
1047 2916 1329 2983 adoretur,
1386 2916 1578 2972 fraude
1647 2917 1799 2971 omni
1856 2922 2014 2986 atque

2123 2913 2222 2983 μὲν
2265 2911 2470 2983 πλάνης
2510 2912 2755 2981 ἀπάσης,
2803 2910 2901 2982 τὴν
2932 2907 3228 2979 ὀνομασίαν
3271 2906 3330 2960 δὲ
3380 2906 3554 2977 μόνην
3601 2907 3700 2975 τὴν

434 3002 717 3072 impietate
740 3003 986 3075 depulsa.
1016 3004 1155 3061 Cum
1189 3006 1311 3073 hac,
1352 3006 1551 3078 inquit,
1584 3005 1679 3063 Dei
1700 3007 1892 3063 notitia
1915 3007 2012 3064 ha-

2117 3003 2273 3059 αὐτοῦ
2298 3002 2589 3068 καλοῦντες
2616 3001 2691 3066 ὡς
2715 3001 2868 3057 Θεοῦ.
2902 2996 3040 3057 Εἶτα
3062 3000 3305 3071 καὶπερὶ
3329 2998 3509 3055 τόπων
3540 2999 3695 3068 λέγει

429 3092 687 3148 bitabunt
750 3095 1009 3167 deinceps
1060 3095 1402 3154 Hierusalem
1445 3106 1761 3156 constanter
1824 3113 2015 3163 omnes

433 3182 527 3252 qui
590 3184 739 3254 genti
786 3193 989 3241 nostrae
1017 3194 1146 3243 sunt
1172 3186 1375 3254 devoti,
1405 3203 1674 3258 nemoque
1725 3188 1782 3242 in
1814 3189 2015 3258 populo

316 3298 321 3305 ο
434 3273 773 3345 irreligiosus
800 3276 905 3331 erit
930 3284 1026 3331 aut
1082 3292 1114 3333 a
1141 3276 1252 3334 Deo
1278 3279 1512 3336 alienus.
1532 3277 1626 3334 Sic
1654 3276 1800 3335 enim
1832 3278 2015 3332 valent

432 3363 620 3426 verba,
633 3359 779 3415 «Non
796 3362 905 3418 erit
920 3364 1154 3420 ulterius
1166 3361 1473 3419 anathema.
1486 3365 1808 3435 iNempe,ut
1821 3365 2015 3422 beatus

433 3455 509 3509 ait
558 3452 905 3520 Paulus,¢Si
965 3458 1090 3527 quis
1150 3473 1261 3515 non
1284 3468 1433 3515 amat
1494 3459 1784 3517 Dominum
1824 3457 2013 3515 Jesum

432 3547 734 3615 Christum,
788 3549 1079 3605 anathema
1123 3549 1195 3605 sit
1226 3550 1294 3606 ".
1322 3566 1340 3600 ι
1363 3547 1537 3619 Igitur
1569 3551 1707 3604 nihil
1749 3549 2013 3620 ejusmodi

431 3636 685 3704 posthinc
740 3637 885 3703 erit;
954 3638 1080 3707 quia
1145 3654 1308 3695 nemo
1353 3640 1480 3695 item
1548 3639 1748 3694 abhinc
1802 3640 1908 3694 erit
1983 3652 2013 3692 a

431 3725 545 3781 Deo
564 3727 773 3783 alienus
815 3716 1136 3800 :cunctique
1166 3729 1492 3785 habitabunt
1536 3730 1790 3801 deinceps
1817 3729 2013 3785 Hieru-

434 3818 600 3872 salem
624 3818 791 3899 multa
814 3834 937 3875 cum
972 3819 1289 3886 securitate,
1319 3836 1482 3893 quam
1513 3822 1713 3877 civitas
1745 3837 1775 3875 a
1831 3820 2012 3875 divina

433 3909 601 3965 tutela
638 3921 959 3980 assequetur
994 3920 1221 3983 propter
1281 3928 1442 3969 suum
1486 3913 1715 3967 virtutis
1747 3911 2009 3968 studium.

431 3998 609 4070 Atque
639 4000 692 4055 in
727 4001 812 4057 his
843 4002 1006 4057 linem
1042 4001 1253 4059 facitde
1268 4002 1666 4059 Macchabaicis
1696 4004 1860 4058 rebus
1882 4016 2013 4072 pro-

425 4084 633 4161 phetia,
655 4094 708 4147 ct
724 4091 790 4147 de
813 4093 1028 4148 illorum
1051 4101 1357 4166 temporum
1377 4095 1622 4159 casibus,
1653 4106 1707 4150 et
1727 4094 1795 4150 de
1815 4094 2012 4149 futuris

431 4180 620 4251 populi
680 4184 938 4251 peccatis,
972 4193 1025 4240 et
1056 4185 1122 4240 de
1167 4187 1324 4241 malis
1355 4186 1794 4242 adversariorum
1847 4199 2011 4241 manu

433 4268 759 4345 inlligcndis,
796 4290 897 4330 nec
926 4290 1035 4330 non
1063 4278 1127 4332 de
1156 4292 1289 4332 cura
1341 4292 1504 4347 quam
1532 4277 1674 4333 Dens
1700 4278 1852 4349 circa
1886 4278 2010 4333 illos

2115 3095 2415 3169 διαφόρων,
2451 3093 2772 3166 βουλόμενος
2806 3092 2896 3147 διὰ
2927 3093 3142 3148 πάντων
3192 3091 3400 3156 εἰπεῖν,
3435 3090 3516 3145 ὃτι
3555 3091 3700 3146 κατὰ

2118 3184 2315 3250 παντὸς
2361 3185 2564 3258 μέρους
2608 3188 2975 3257 προσήκοντος
3006 3186 3072 3255 τῇ
3107 3184 3177 3257 τῇ
3208 3185 3274 3254 τῇ
3305 3181 3552 3253 ἡμετέρα
3584 3182 3699 3237 δια-

2118 3279 2269 3349 μενεῖ
2310 3276 2443 3341 Θεὸς
2468 3276 2893 3351 νγνωριζὸμενός
2939 3291 2998 3328 τε
3041 3276 3137 3329 καὶ
3184 3271 3699 3344 προσκυνούμενος,

2115 3365 2533 3438 ἀπεληλαμένης
2583 3368 2765 3437 πάσης
2816 3366 3024 3438 πλάνης
3071 3381 3131 3418 τε
3193 3365 3288 3419 καὶ
3337 3363 3600 3429 ἀσεϐείας
3638 3364 3702 3428 ἐξ

2098 3455 2293 3537 χημῶν.
2346 3456 2502 3511 Μετὰ
2556 3455 2764 3528 ταύτης
2829 3456 2927 3521 δὲ,
2959 3455 3116 3526 φησὶ,
3168 3454 3268 3525 τῆς
3312 3453 3572 3523 γνώσεως
3606 3454 3704 3509 καὶ

2116 3549 2392 3620 οἰκήσουσι
2442 3549 2540 3619 τὴν
2581 3548 2930 3619 Ἰερουσαλὴμ
2959 3548 3142 3602 λοιπὸν
3172 3548 3413 3611 ἅπαντες
3456 3547 3702 3618 βεϐαίως

2115 3640 2164 3692 oi.
2209 3639 2285 3709 τῷ
2315 3638 2458 3692 ἔθνει
2510 3641 2876 3711 προσήκοντες
2928 3638 3006 3709 τῷ
3040 3639 3323 3710 ἡμετέρῳ,
3370 3639 3466 3692 καὶ
3513 3639 3706 3701 οὐθεὶς

2116 3728 2267 3782 ἔσται
2291 3728 2473 3783 λοιπὸν
2497 3733 2554 3782 ἐν
2579 3729 2655 3800 τῷ
2680 3730 2824 3784 ἔθνει
2859 3729 3081 3800 ἀσεϐείᾳ
3112 3729 3337 3801 χαίρων,
3365 3729 3487 3782 οὐδὲ
3516 3728 3705 3800 ἀπηλ-

2115 3820 2474 3893 λοτριωμένος
2502 3821 2663 3876 Θεοῖν
2691 3820 2845 3875 τοῦτο
2874 3822 2982 3893 γὰρ
3012 3821 3192 3889 λέγει,
3237 3839 3257 3873 ε
3293 3820 3405 3874 Καὶ
3442 3821 3707 3891 ἀνάθεμα

2114 3914 2213 3966 οὐκ
2240 3912 2389 3966 ἔσται
2420 3912 2535 3967 ἔτι.
2574 3932 2594 3965 ο
2636 3913 2721 3977 Ὠς
2763 3912 2868 3984 γὰρ
2898 3914 2926 3965 ὁ
2977 3913 3241 3983 μακάριος
3280 3911 3425 3978 λέγει
3459 3911 3704 3977 Παῦλος,

2121 4024 2139 4056 ι
2177 4004 2243 4057 Εἴ
2271 4023 2354 4068 τις
2397 4005 2457 4056 οὐ
2489 4004 2632 4073 φιλεῖ
2667 4004 2757 4057 τὸν
2785 4002 2991 4074 Κύριον
3036 4001 3242 4073 Ἰησοῦν
3286 4003 3549 4072 Χριστὸν,
3582 4004 3703 4073 ἡτω

2114 4096 2396 4167 ἀνάθεμα·
2436 4115 2455 4148 ι
2499 4096 2601 4150 οὐκ
2640 4094 2791 4148 ἔσται
2834 4091 2959 4161 οὖν,
3008 4094 3206 4163 φησὶν,
3260 4092 3443 4146 οὐκέτι
3494 4093 3703 4146 τοῦτο’

2115 4188 2237 4241 ἐπεὶ
2273 4185 2408 4258 μηδέ
2438 4185 2551 4239 ὲστί
2584 4202 2666 4248 τις
2696 4185 2878 4239 λοιπὸν
2903 4181 3332 4254 ὴλλοτριωμένος
3373 4180 3510 4235 Θεοῦ
3531 4196 3547 4211 ⁸
3585 4181 3706 4235 δια-

2119 4279 2268 4351 μενεῖ
2293 4294 2352 4330 τε
2395 4276 2578 4331 λοιπὸν
2619 4276 2978 4346 οἱκουμένηή
3021 4272 3378 4345 Ἰερουσαλὴμ
3407 4260 3513 4325 ὑπὸ
3558 4273 3705 4325 πάν-

430 4365 701 4433 ostendct,
735 4365 949 4424 honesti
976 4368 1222 4426 videlicet
1248 4372 1475 4428 asseclis
1498 4385 1657 4426 suum
1688 4370 2010 4441 impendens

2117 4386 2220 4422 των
2257 4367 2395 4438 μετὰ
2424 4366 2623 4435 πολλῆς
2668 4367 2767 4436 τῆς
2798 4365 3129 4435 ἀσφαλείας,
3161 4365 3229 4435 ἢν
3264 4365 3369 4418 ὑπὸ
3405 4365 3506 4434 τῆς
3546 4365 3704 4428 θείας

431 4448 716 4510 auxilium.
773 4454 912 4512 Exin
961 4474 1091 4514 vero
1140 4461 1370 4516 resumit
1428 4476 1518 4516 res
1572 4468 1698 4515 ante
1765 4469 2015 4530 tempora

428 4544 809 4602 Macchabaica
838 4549 936 4606 abs
962 4565 1021 4606 se
1050 4550 1249 4615 dictas,
1297 4552 1388 4609 ubi
1418 4551 1741 4623 praestandis
1768 4566 1795 4603 a
1841 4550 2016 4605 Zoro-

426 4636 617 4693 liabcle
681 4639 827 4709 genti
879 4640 1118 4696 Iudaicae
1160 4641 1318 4696 bonis
1369 4642 1634 4706 recitatis,
1682 4641 2015 4708 adiunxerat

425 4730 765 4785 exercituum
808 4724 942 4802 Gogi
993 4730 1347 4787 occisionem.
1399 4729 1606 4784 Rerum
1656 4730 1847 4809 barum
1907 4731 2009 4786 hoc

426 4822 592 4877 etiam
626 4822 747 4878 loco
779 4822 1008 4877 resumit
1040 4821 1471 4894 praedictionem,
1507 4829 1695 4891 utpote
1725 4823 2005 4892 proxima-

427 4929 570 4981 rum;
609 4922 668 4969 ut
699 4914 808 4969 illis
833 4916 1001 4970 etiam
1033 4929 1155 4985 quae
1185 4921 1309 4985 post
1335 4914 1626 4984 plurimum
1659 4914 2005 4971 intervallum

426 5014 700 5061 eventurae
723 5013 898 5069 erant,
941 5002 1360 5067 Blaccliabaicis,
1396 5003 1638 5073 inquam,
1668 5003 1823 5058 tidem
1859 5003 2005 5059 face-

424 5105 548 5151 rent
571 5112 633 5151 ea
659 5111 778 5168 qua:
824 5112 995 5168 nuper
1026 5097 1171 5153 circa
1215 5095 1423 5168 Gogum
1452 5096 1764 5152 acciderant
1797 5114 1810 5150 :
1843 5107 2006 5165 atque

425 5187 497 5242 ita
524 5189 784 5259 propheta
812 5188 1126 5246 vaticinium
1174 5203 1334 5246 suum
1391 5188 1607 5244 utiliore
1653 5185 2006 5258 priedictione

423 5282 795 5337 concluderet.
832 5283 923 5337 Ait
953 5283 1152 5354 igitur:

2114 4460 2225 4527 ἕξει
2255 4460 2579 4530 κηδεμονίας
2619 4458 2705 4511 διὰ
2736 4459 2834 4528 τὴν
2874 4458 2968 4510 τοῦ
3011 4458 3317 4527 κρείττονος
3347 4456 3700 4527 ἐπιμέλειαν.

2127 4550 2212 4603 Ἐν
2249 4549 2347 4620 μὲν
2378 4548 2442 4619 δὴ
2492 4548 2703 4610 τούτοις
2748 4548 3081 4617 συνεπέρεινε
3120 4546 3230 4600 τῶν
3273 4547 3703 4601 Μακκαϐαῖκῶν

2111 4641 2208 4713 τὴν
2256 4638 2621 4712 προφητείαν,
2661 4639 2750 4690 καὶ
2803 4638 2872 4690 τὰ
2919 4639 3039 4690 κατ’
3070 4638 3276 4690 ἐκεῖνον
3319 4636 3559 4706 ἐσόμενα
3607 4638 3706 4689 τὸν

2113 4732 2322 4802 καιρὸν,
2363 4732 2432 4784 τά
2472 4746 2530 4782 τε
2561 4728 2688 4800 παρ’
2719 4729 2898 4782 αὐτῶν
2930 4728 3367 4798 πλημμελεῖσθαι
3394 4728 3733 4797 μέλλονταη

2114 4824 2205 4876 καὶ
2236 4821 2304 4876 τά
2338 4824 2463 4894 περὶ
2485 4823 2691 4884 αὐτοὺς
2717 4820 3056 4892 γενησόμενα
3088 4819 3235 4890 παρὰ
3271 4818 3379 4873 τῶν
3407 4821 3705 4883 ἐναντίων,

2115 4915 2204 4983 (p.
2235 4913 2373 4981 532)
2417 4913 2510 4966 καὶ
2559 4912 2667 4981 μὴν
2715 4911 2809 4964 καὶ
2844 4911 2979 4983 ὅσην
3024 4910 3145 4963 τινὰ
3193 4908 3289 4979 τὴν
3333 4908 3462 4978 περὶ
3492 4908 3710 4968 αὐτοὺς

2114 5002 2440 5067 ἐπιδείξεται
2468 5001 2793 5071 κηδεμονίαν
2825 5003 2854 5056 ὁ
2881 4999 3033 5064 Θεὸς,
3066 5004 3178 5065 τοῖς
3205 5000 3298 5054 τοῦ
3351 4997 3518 5053 καλοῦ
3558 5015 3707 5069 προς

2113 5092 2310 5151 εστῶσι
2344 5091 2441 5162 τὴν
2471 5091 2678 5144 οἰκείαν
2707 5093 2952 5161 παρέχων
2973 5091 3163 5161 ῥοπήν.
3183 5088 3457 5143 Ἐντεῦθεν
3471 5087 3527 5140 δὲ
3560 5089 3706 5141 ἀνα·

2113 5184 2377 5252 λαμϐάνει
2420 5181 2489 5235 τὰ
2534 5180 2639 5252 πρὸ
2670 5184 2767 5253 τῆς
2795 5181 2901 5234 τῶν
2942 5179 3351 5235 Μακκαϐαῖκῶν
3401 5177 3709 5249 μηνύσεως

2114 5275 2266 5346 αὐτῷ
2296 5272 2557 5347 ῥηθέντα⁸
2610 5275 2668 5326 ἐν
2705 5268 2785 5335 οἷς
2815 5273 2883 5326 τὰ
2927 5270 3015 5325 διὰ
3041 5271 3132 5324 τοῦ
3175 5269 3480 5341 Ζοροϐάϐελ
3511 5286 3705 5338 προσ-

422 5376 655 5446 εσὸμενα
686 5375 764 5445 τῷ
794 5374 933 5429 ἔθνει
960 5376 1096 5431 καλᾶ
1125 5375 1327 5446 λέγων,
1385 5375 1692 5448 προσέθηκε
1719 5373 1825 5428 τῶν
1872 5377 2003 5448 περὶΙ
2040 5377 2135 5431 τὸν
2166 5371 2291 5440 Γὼγ
2346 5369 2443 5439 τὴν
2483 5367 2778 5437 ἀναίρεσιν.
2854 5365 3071 5418 Τούτων
3102 5363 3166 5433 δὴ
3215 5361 3488 5417 κάνταῦθα
3522 5360 3708 5414 πάλιν

424 5462 793 5534 ἀναλαμϐάνει
830 5465 928 5536 τὴν
972 5468 1231 5538 μήνυσιν,
1310 5467 1404 5522 ἆτε
1451 5469 1544 5520 καὶ
1588 5466 1815 5535 ἐγγύθεν
1864 5467 2175 5539 ἐσομένων,
2240 5464 2315 5527 ὡς
2354 5462 2419 5516 ἂν
2466 5462 2574 5524 τοῖς
2639 5476 2691 5511 τε
2744 5457 2880 5530 μετὰ
2919 5455 3166 5510 πλεῖστον
3232 5453 3502 5524 γίγνεσθαι
3563 5454 3678 5522 μέλ
3709 5478 3737 5491 ’

498 5649 544 5683 ⁸⁸
586 5648 609 5707 Ι
646 5646 768 5704 Cor.
813 5664 923 5714 xw,
963 5647 1058 5703 22.
