3974 6146
305 332 415 389 595

1224 321 1773 384 COMMENTARIUS
1810 320 1878 375 IN
1917 319 2292 379 ZACHARIE
2331 320 2485 379 CAP.
2526 322 2664 378 XIV.

2506 162 2537 185 Ο

3477 324 3583 379 51η.

320 442 470 496 λουσι
520 439 613 495 τὸν
660 439 883 511 χρόνον,
940 438 1082 508 λέγω
1122 440 1184 494 δὲ
1242 444 1354 506 τοῖς
1404 440 1846 504 Μακκαόαἳκοϊς,
1900 437 2084 501 πίστις
2205 438 2273 493 τά
2309 439 2620 511 πρόσφατον
2663 437 2791 510 περὶ
2839 439 2931 492 τδν
2982 437 3104 508 Γὼγ
3146 440 3402 512 γινόμενα
3426 482 3439 507 ε
3494 442 3588 495 καὶ

321 533 403 604 τῷ
430 533 686 604 προφήτῃ
710 530 767 584 δὲ
796 532 1083 600 ἐγγένηται
1110 531 1210 602 τὴν
1239 532 1446 587 οἰκείαν
1488 530 1822 604 προφητείαν
1863 529 1944 591 εἰς
1982 531 2352 602 χρηστοτέραν
2390 532 2618 602 μήνυσιν
2649 532 3011 604 ωμπερᾶναι.
3046 531 3207 598 Λέγει
3242 533 3418 587 τοίνυν
3437 547 3453 563 ο

393 629 542 698 Στίχ.
575 625 763 696 tenter.
785 655 855 665 —
890 643 909 677 ι
947 627 1056 679 Καὶ
1102 625 1241 698 αὕτη
1292 626 1442 680 ἔσται
1464 670 1475 676 .
1498 630 1531 697 η
1584 627 1789 688 πτῶσις
1832 624 1900 695 ῆν

2078 622 2239 679 Vens.
2269 625 2452 679 12-19.
2495 654 2564 664 —
2598 644 2615 675 ι
2652 622 2716 677 Ει
2767 623 2882 678 ὕεια
2943 626 3047 679 erit
3070 624 3222 703 ruina
3257 639 3364 695 qua
3393 640 3584 695 pereu-

318 719 479 789 κόψει
506 716 711 787 Κύριος
735 717 942 779 πάντας
964 717 1091 781 τοὺς
1124 718 1304 783 λαοὺς,
1324 719 1438 771 ὅσοι
1461 717 1899 788 ἐπεστράτευσαν

322 809 415 862 ἐπὶ
453 804 835 877 Ἰερουσαλήμ.
877 824 898 858 3
941 804 1049 858 Τοῦ
1077 804 1188 876 γάρ
1218 805 1429 870 ἔθνους,
1469 807 1654 877 φησιν,
1689 792 1916 859 ἐκείνου⁶

322 899 415 951 τοῦ
463 897 725 968 μεγίστου
767 914 827 952 τε
880 898 972 950 καὶ
1021 897 1387 968 ἀμαχωτάτου
1432 899 1775 969 περιέσονται
1830 899 1898 968 τῇ

324 989 442 1059 θείᾳ
486 987 748 1057 δυνάμει·
782 988 861 1051 ὡς
902 986 1153 1047 ἑστώτων
1186 989 1286 1060 μὲν
1308 988 1491 1043 αὐτῶν
1523 991 1758 1060 τακῆναι
1799 989 1900 1053 τὰς

328 1080 557 1149 σάρκας,
592 1078 714 1132 οὐδὲ
754 1077 1068 1149 προδαίνειν
1092 1080 1186 1133 ἐπὶ
1217 1079 1309 1132 τὸν
1348 1079 1581 1149 πόλεμον
1612 1080 1899 1151 ἐωμένων.

324 1170 402 1242 τῷ
441 1170 668 1240 φθάνειν
711 1168 889 1222 αὐτῶν
927 1169 1026 1240 τὴν
1054 1171 1231 1240 ὁρμὴν
1254 1170 1344 1225 τὸν
1371 1171 1505 1225 Θεὸν
1531 1172 1620 1226 διά
1659 1172 1758 1243 τῆς
1805 1175 1901 1225 ἐπ-

308 1262 607 1333 ,αγομένης
640 1260 824 1323 αὐτοῖς
844 1260 1117 1331 τιμωρίας
1135 1277 1151 1291 ο
1177 1261 1601 1332 ἀφαιρεθήσεται
1634 1262 1692 1315 δὲ
1722 1261 1902 1316 αὐτῶν

328 1354 420 1408 καὶ
444 1356 481 1425 ἡ
524 1352 622 1411 τοῦ
667 1351 888 1424 βλέπειν
937 1353 1122 1423 ἰσχὺς,
1159 1354 1223 1406 ἐκ
1255 1353 1347 1406 τοῦ
1376 1352 1640 1424 μεγέθους
1660 1354 1773 1409 τῶν
1807 1372 1903 1409 κα-

322 1442 783 1514 ταλαμσανόντων
829 1441 1026 1505 αὐτοὺς
1059 1442 1277 1506 κακῶν,
1327 1442 1547 1513 μενοῦσί
1596 1460 1656 1498 τε
1700 1445 1902 1515 άφωνοι

326 1534 413 1587 διά
434 1533 536 1600 τὴν
559 1530 670 1586 τῶν
687 1533 1006 1603 συμϐάντων
1028 1535 1258 1606 ἀπορίαν
1276 1553 1290 1566 ·
1314 1538 1407 1590 καὶ
1424 1535 1722 1606 συντόμως,
1746 1539 1902 1608 φησὶ,

326 1625 563 1696 τοσαύτη
614 1627 813 1690 αὐτοὺς
850 1625 1023 1697 ἀθρόα
1063 1628 1205 1682 κατά
1236 1628 1385 1681 θείαν
1431 1629 1615 1700 ὀργῆν·
1646 1628 1906 1693 ἔκστασις

327 1716 590 1789 λήψεται,
642 1716 785 1770 ὥστε
828 1717 1057 1772 ἕκαστον
1104 1718 1198 1772 ἐπὶ
1228 1719 1318 1773 τὸν
1366 1720 1595 1790 πλησίον
1636 1721 1906 1791 τρέποντα

329 1809 424 1881 τὴν
446 1808 654 1862 οἰκείαν
684 1811 869 1880 χεῖρα,
919 1808 1051 1881 μηδὲ
1081 1810 1236 1864 τοῦτο
1266 1810 1464 1865 εἰδέναι
1485 1854 1499 1877 ,
1553 1811 1669 1865 ἀλλ’
1700 1811 1904 1864 οἴεσθαι

330 1900 629 1970 ἀλλοτρίων
683 1900 1056 1968 ἐφάπτεσθαι,
1112 1900 1188 1964 ὡς
1234 1901 1375 1955 κατά
1424 1918 1487 1970 γε
1541 1902 1604 1954 τὸ
1652 1901 1902 1956 πλεῖστον

329 1964 506 2060 ἔργον-
531 1964 738 2050 αὐτοὺς
772 1986 1016 2058 ἀλλήλων
1045 1987 1318 2057 γενέσθαι,
1356 1964 1604 2053 πλείονάς
1630 2007 1689 2043 τε
1720 1988 1901 2043 αὐτῶν
1931 1964 1976 2024 Β

331 2078 440 2132 ὑπὸ
462 2079 577 2131 τῶν
614 2077 831 2131 οίκείων
862 2078 895 2147 ἢ
929 2077 1033 2129 ὑπὸ
1060 2077 1166 2131 τῶν
1205 2078 1474 2132 Ἰουδαίων
1502 2079 1902 2151 πληττομένους

330 2173 537 2225 πεσεῖν.
581 2168 673 2240 (p.
706 2168 848 2237 535)
915 2168 1077 2221 Ἀλλά
1127 2168 1235 2239 γάρ
1288 2170 1349 2222 ἐν
1399 2170 1658 2235 τοιούτοις
1692 2174 1904 2236 ’κακοῖς

327 2260 741 2331 ἐξεταζομένων
769 2260 1014 2323 ἐκείνων,
1036 2261 1429 2331 παρατάξεται,
1461 2263 1617 2333 φησὶ,
1642 2263 1734 2316 καὶ
1773 2264 1904 2318 Ἰούο

327 2354 420 2417 δας
448 2355 509 2406 ἐν
562 2350 954 2422 Ἰερουσαλήμ·
997 2350 1083 2403 ἵνα
1114 2350 1265 2421 εἴπῃ,
1293 2352 1376 2405 ὅτι
1427 2351 1644 2423 θαρρῶν
1687 2353 1780 2407 ἐπὶ
1814 2354 1907 2409 τὸν

328 2442 452 2496 κατ’
478 2440 663 2496 αὐτῶν
701 2438 1041 2505 ἐξελεύσεται
1074 2438 1307 2510 πόλεμον
1339 2441 1459 2495 ὑπο
1491 2441 1571 2513 τῷ
1600 2443 1906 2515 Ζοροϐάϐελ

330 2530 840 2602 στρατηγούμενος,
882 2530 942 2593 ὃς
970 2533 1035 2584 ἐκ
1061 2530 1162 2601 τῆς
1201 2531 1295 2585 τοῦ
1337 2532 1508 2586 Ἰούδα
1548 2533 1722 2604 φυλῆς
1747 2533 1902 2605 βασι-

332 2623 466 2686 λεὺς
508 2622 686 2677 αὐτῶν
721 2622 861 2677 κατὰ
901 2621 1052 2676 θείαν
1100 2622 1471 2678 ἀναδέδεικται
1510 2625 1691 2694 κρίσιν
1710 2644 1725 2657 ο
1763 2627 1907 2681 οὕτω

338 2730 402 2766 τε
430 2713 763 2784 κρατήσουσι
784 2712 889 2767 τῶν
921 2713 1179 2766 ἐναντίων
1196 2752 1212 2776 ,
1232 2712 1374 2768 ὥστε
1401 2714 1582 2771 πάντα
1617 2715 1802 2790 αὐτοῖς
1837 2716 1914 2790 τὰρ

347 2804 651 2874 προσόντα,
688 2803 879 2875 χρυσόν
919 2821 980 2858 τε
1009 2807 1103 2859 καὶ
1136 2806 1379 2878 ἄργυρον
1414 2808 1508 2860 καὶ
1536 2807 1768 2878 ἐσθῆτα,
1811 2809 1906 2862 καὶ

343 2898 372 2949 ὅ
395 2893 454 2948 τί
480 2895 603 2948 ποτ’
633 2894 699 2949 ἀν
743 2895 915 2965 εχοιεν
950 2897 1080 2967 παρ’
1113 2897 1323 2962 ἑαυτοῖς
1370 2897 1574 2966 ἀγαθὸν
1592 2937 1607 2963 ,
1636 2898 1811 2954 ταῦτα
1839 2899 1904 2971 δὴ

338 2985 517 3040 πάντα
562 2985 930 3056 ἀφελομένους
973 2987 1067 3042 τὸν
1118 2988 1315 3042 οίκεῖον
1366 2987 1596 3060 αὐξῆσαι
1654 2990 1901 3046 πλοῦτον.

334 3076 504 3131 Τοῦτο
546 3077 657 3148 γὰρ
698 3074 822 3132 εἷπε
841 3117 855 3142 ,
892 3097 913 3132 ι
952 3080 1062 3133 Καὶ
1112 3079 1330 3147 συνάξει
1356 3080 1469 3152 ’τὴν
1496 3083 1649 3152 ἰσχὺν
1689 3084 1905 3138 πάντων

268 3220 269 3223 η
330 3168 439 3223 τῶν
466 3169 615 3223 λαῶν
645 3169 907 3224 κυκλόθεν
926 3188 940 3202 ο
981 3189 1001 3222 3
1037 3170 1190 3241 ἰσχὺν
1218 3171 1400 3228 αὐτῶν
1427 3172 1597 3227 είπὼν
1630 3174 1699 3228 τά
1730 3192 1903 3247 προσ-

2000 714 2095 769 tiet
2130 714 2392 771 Dominus
2440 712 2632 770 omnes
2673 715 2929 786 pepulos,
2969 715 3284 786 quicunque
3320 715 3584 771 militave-

2001 813 2330 861 runtcontra
2360 806 2723 863 Hierusalem.
2764 826 2782 859 3
2814 806 3003 862 Gentis
3052 807 3219 872 illius,
3252 807 3447 878 inquit,
3472 824 3587 862 mav-

2002 894 2161 950 xima:
2210 906 2265 952 et
2317 897 2755 970 inexpugnabilis
2822 899 3059 955 victores
3122 899 3354 955 evadent
3401 900 3584 955 divina

2001 987 2246 1044 virtute:
2286 997 2540 1061 tanquam
2577 991 2623 1046 si
2680 992 2942 1048 stantium
2992 991 3208 1047 illomm
3246 992 3588 1049 tabescerent

2002 1093 2219 1146 carnes,
2246 1096 2421 1152 neque
2444 1080 2607 1153 ξω
2625 1081 2690 1136 ad
2719 1097 2951 1154 pugnam
2983 1082 3278 1154 procedere
3323 1085 3588 1150 sinerent,

2005 1172 2115 1229 Deo
2149 1175 2393 1245 ipsorum
2430 1176 2693 1245 impetum
2730 1178 3091 1245 praeveniente
3139 1190 3311 1247 pinna:
3359 1175 3586 1247 imposi-

2003 1266 2169 1323 tione.
2218 1266 2514 1323 Auferetur
2543 1282 2763 1339 quoque
2825 1269 2959 1340 ipsis
2989 1267 3245 1324 cernendi
3299 1268 3380 1323 vis
3411 1282 3440 1321 a
3471 1283 3587 1322 ma-

2005 1359 2291 1432 gnitudine
2360 1359 2795 1415 incumbentium
2837 1360 3125 1423 maiorum,
3168 1360 3413 1431 mutique
3460 1359 3588 1414 fient

2005 1450 2076 1504 ob
2096 1458 2385 1505 eventuum
2421 1449 2730 1519 angustias.
2765 1450 2823 1503 in
2854 1463 3089 1513 summa,
3123 1456 3270 1503 tanta
3300 1449 3406 1504 illis
3432 1463 3461 1502 a
3493 1447 3586 1503 Dei

2007 1539 2087 1593 ira
2121 1540 2320 1595 mentis
2350 1539 2684 1610 perturbatio
2716 1538 2939 1603 incidet,
2988 1548 3047 1594 ut
3087 1539 3285 1610 singuli
3351 1538 3585 1594 invicem

2004 1641 2200 1685 manus
2216 1626 2521 1691 aﬂ‘erentes,
2549 1627 2693 1682 haud
2718 1629 2977 1693 sentiant,
3005 1628 3102 1684 sed
3142 1636 3433 1684 extraneos
3466 1630 3587 1699 pul-‘

2007 1732 2130 1773 sare
2157 1733 2218 1773 se
2244 1726 2456 1788 putent,
2491 1718 2730 1788 fiantque
2755 1729 2957 1774 mutuae
2982 1719 3145 1775 caedis
3171 1721 3443 1786 auctores,
3472 1736 3587 1773 ma-

2003 1807 2199 1879 jorque
2223 1808 2440 1862 illorum
2462 1822 2593 1877 pars
2634 1823 2663 1862 a
2691 1809 2808 1864 suis
2839 1825 3003 1879 quam
3040 1825 3069 1863 a
3095 1809 3298 1865 ludatis
3327 1825 3587 1880 percussa

2005 1896 2186 1953 cadat.
2215 1894 2416 1952 Verum
2452 1896 2581 1952 dum
2604 1896 2680 1950 illi
2719 1897 2802 1952 bis
2823 1897 2982 1952 malis
3018 1897 3388 1965 implicantur,
3438 1913 3589 1951 com-

2002 1988 2218 2058 parabit
2247 2003 2309 2043 se
2340 1987 2405 2042 ad
2430 1987 2682 2058 prmlium
2711 1986 2878 2043 Judas
2910 1988 2964 2041 in
2995 1987 3127 2042 urbe
3153 1985 3510 2051 Hierusalem,
3534 1987 3585 2039 id

2002 2086 2087 2135 est
2113 2072 2405 2140 ,audacter
2417 2071 2589 2127 exidit
2603 2074 2670 2129 ad
2696 2075 2935 2131 hostium
2968 2076 3426 2146 oppugnationem
3448 2074 3587 2129 duce

2003 2167 2360 2231 Zorobabele,
2388 2166 2484 2237 qui
2518 2182 2613 2223 rex
2643 2168 2780 2237 ipsis
2809 2168 2998 2223 divino
3023 2168 3230 2238 judicio
3255 2168 3586 2223 constitutus

2002 2266 2107 2316 est.
2137 2259 2315 2329 Atque
2341 2258 2418 2311 ita
2468 2257 2748 2327 potientur
2771 2258 3041 2325 hostibus,
3070 2266 3131 2313 ut
3164 2273 3355 2314 omnes
3397 2273 3584 2312 eorum

2003 2364 2158 2421 epes,
2209 2363 2427 2415 aurum,
2447 2355 2758 2419 argentum,
2787 2356 3016 2413 vestem,
3052 2359 3106 2405 et
3159 2349 3423 2420 quidquid
3462 2347 3585 2402 boni

2003 2456 2190 2499 secum
2220 2439 2535 2505 habuerint,
2588 2440 2915 2511 diripientes
2945 2441 3011 2495 ad
3042 2455 3263 2495 suarum
3304 2456 3465 2510 opum
3492 2455 3587 2493 cu-

2004 2536 2213 2592 mulum
2246 2534 2554 2591 conferant.
2577 2531 2672 2587 Sic
2683 2532 2832 2587 enim
2848 2531 3337 2603 signiﬁcanlvcrba
3360 2543 3371 2579 :
3398 2543 3415 2573 ι
3441 2527 3555 2585 Con
3572 2558 3587 2570 ο

2004 2627 2248 2700 gregabit
2267 2625 2647 2682 fortitudinem
2682 2624 3007 2695 populorum
3035 2623 3279 2677 omnium
3311 2621 3365 2674 in
3386 2618 3587 2674 circui-

2005 2727 2094 2785 tu,
2137 2737 2157 2771 3
2190 2716 2567 2773 fortitudinem
2610 2715 2826 2770 illorum
2881 2713 3070 2769 dicens
3117 2728 3261 2782 opcs-
3299 2725 3331 2764 a
3389 2710 3588 2779 quibus

2001 2810 2149 2866 vires
2178 2808 2542 2881 accipiebant.
2557 2801 2716 2870 Quod
2730 2804 3037 2867 declarans,
3056 2801 3131 2855 ait
3149 2819 3161 2852 :
3176 2820 3191 2848 ι
3204 2801 3518 2868 Λιιτυπιιμιο
3533 2816 3559 2851 (ξ
3572 2805 3611 2850 ι-

2002 2910 2295 2976 argentum
2346 2908 2402 2958 et
2451 2907 2658 2958 vestem
2711 2898 2869 2954 valde
2920 2892 3374 2967 plurimanmllis
3415 2890 3583 2949 addit,

2005 2997 2237 3053 multum
2258 2994 2379 3050 fore
2393 3006 2662 3065 equorum
2694 2990 3102 3054 detrimentum,
3130 2993 3185 3043 et
3217 2985 3511 3045 mulorum,
3534 2991 3589 3035 ct

2005 3087 2358 3153 camelorum,
2391 3091 2556 3156 atque
2590 3081 2893 3146 asinorum,
2925 3080 3285 3149 omniumque
3316 3073 3459 3146 apud
3490 3088 3586 3127 eos

2002 3179 2680 3250 jumentorum,quotquot
2732 3174 2875 3229 bello
2919 3171 3072 3227 utilia
3112 3170 3464 3229 aestimantes,
3496 3178 3588 3217 sc-

328 3262 461 3316 όντα
496 3261 593 3331 ἀφ’
632 3254 710 3317 ὧν
739 3257 891 3333 εἶχον
914 3262 980 3315 τὸ
1018 3262 1294 3317 δύνασθαι.
1323 3262 1487 3318 Ὅθεν
1538 3265 1633 3319 καὶ
1673 3267 1903 3338 σαφηνί-

2009 3283 2133 3323 cum
2158 3267 2522 3322 adducebant.
2549 3264 2615 3319 Et
2634 3263 2890 3320 interitus
2938 3262 3157 3333 quidem
3189 3260 3404 3314 illormn
3426 3262 3589 3359 atque

331 3350 439 3416 ζων
474 3351 645 3418 αὐτὸ,
677 3354 960 3425 ἐπήγαγε·
1009 3371 1028 3406 ι
1067 3355 1282 3426 Χρυσόν
1309 3371 1369 3408 τε
1401 3354 1497 3408 καὶ
1543 3356 1780 3427 ἄργυρον
1810 3357 1904 3412 καὶ

2009 3358 2233 3414 exitium
2284 3357 2392 3412 tale
2427 3356 2550 3412 erit.
2590 3354 2871 3425 Quotquot
2914 3359 3094 3407 autem
3137 3364 3199 3404 ex
3246 3349 3381 3417 ipsis
3451 3345 3593 3398 salvi

333 3445 630 3516 ἱματισμὸν
688 3446 770 3510 είς
823 3444 1025 3516 πλῆθος
1059 3445 1292 3518 σφόδρα.
1328 3464 1348 3497 3
1404 3446 1624 3511 Τούτοις
1687 3447 1904 3517 ἐπάγει,

329 3536 417 3591 δτι
461 3535 632 3608 πολλή
664 3553 749 3600 τις
791 3535 1036 3591 ἀπώλεια
1079 3538 1172 3591 καὶ
1213 3538 1398 3591 ἵππων
1433 3537 1586 3593 ἔσται
1627 3541 1721 3592 καὶ
1748 3541 1907 3610 ήμιόυ

331 3644 440 3682 νων
477 3627 579 3681 καὶ
605 3625 870 3697 καμήλων
918 3627 1012 3681 καὶ
1043 3628 1181 3683 όνων
1220 3629 1315 3685 καὶ
1347 3630 1565 3684 πάντων
1594 3630 1703 3684 τῶν
1736 3646 1907 3702 προσ-

328 3720 502 3772 όντων
560 3718 745 3783 αὐτοῖς
787 3719 1032 3789 κτηνῶν,
1082 3719 1255 3773 ὁπόσα
1301 3736 1410 3790 περ
1464 3721 1744 3793 ἐπιτήδειά
1791 3737 1906 3785 πως

328 3812 552 3875 ἑαυτοῖς
581 3812 664 3874 εἰς
683 3810 775 3865 τὸν
806 3810 1039 3882 πόλεμον
1067 3812 1387 3882 νομίσαντες
1412 3806 1553 3867 εἶναι
1573 3852 1588 3879 ,
1622 3812 1910 3867 συλλαὸόν-

327 3919 420 3966 τες
433 3898 576 3974 ἦγον
593 3900 712 3973 μεθ’
740 3901 967 3956 ἑαυτῶν.
997 3902 1056 3957 '0
1077 3902 1178 3975 μὲν
1199 3902 1265 3976 δὴ
1293 3903 1520 3968 θάνατος
1535 3904 1731 3973 αὐτῶν,
1753 3908 1907 3977 φησὶ,

329 3996 427 4048 καὶ
452 3995 489 4066 ἡ
511 3992 761 4047 ἀπώλεια
783 3993 1019 4064 τοσαύτη
1032 4008 1116 4058 τις
1137 3993 1287 4049 ἔσται
1310 3996 1406 4049 καὶ
1423 3996 1646 4068 τοιαύτη
1664 4016 1679 4030 ·
1722 3998 1909 4052 ὁπόσοι

325 4085 373 4139 δ’
392 4083 467 4140 ἀν
488 4083 673 4137 αὐτῶν
694 4086 1045 4156 περισωθεῖεν
1058 4126 1073 4153 ,
1097 4085 1410 4155 ἐπιγνόντες
1429 4086 1523 4141 τοῦ
1543 4089 1681 4143 Θεοῦ
1695 4089 1794 4160 τὴν
1819 4090 1910 4143 δύ-

326 4192 501 4246 ναμιν
531 4173 593 4241 ἐξ
613 4166 691 4229 ὧν
711 4175 1030 4241 πεπόνθασι,
1052 4177 1216 4247 νόμον
1242 4178 1492 4248 θήσονται
1513 4196 1587 4234 πα
1597 4181 1642 4251 ρ’
1673 4182 1908 4249 ἑαυτοῖς,

326 4265 601 4337 διηνεκῶς
620 4265 861 4328 ἀνιόντες
887 4265 978 4319 ἐπὶ
996 4265 1095 4337 τὴν
1138 4266 1490 4340 Ἰερουσαλὴμ
1514 4271 1614 4341 τὴν
1639 4271 1910 4343 καθήκουο

330 4373 436 4409 σαν
473 4355 830 4411 ἀποτιννύναι
858 4355 939 4427 τῷ
972 4354 1092 4428 Θεῷ
1121 4358 1511 4430 προσκύνησιν,
1554 4361 1818 4417 ἐπιτελεῖν
1852 4362 1909 4417 δέ

330 4447 429 4501 καὶ
442 4448 546 4517 τὴν
563 4447 761 4519 ἑορτὴν
770 4446 872 4517 τῆς
890 4449 1283 4520 σκηνοπηγίας,
1296 4450 1480 4523 ἐπειδὴ
1500 4454 1611 4516 τοῖς
1628 4453 1908 4525 πόρρωθεν

331 4537 802 4610 παραγινομένοις
822 4538 1121 4611 ἐπιτήδειος
1147 4541 1176 4593 ὁ
1191 4540 1378 4612 καιρὸς
1395 4541 1601 4613 θερινὸς
1616 4545 1873 4616 ὑπάρχων
1889 4565 1904 4578 ο

2009 3457 2354 3520 supererunt,
2385 3454 2744 3518 agnoscentes
2783 3445 2876 3500 Dei
2923 3442 3217 3513 potentiam
3263 3454 3329 3493 ex
3357 3436 3442 3491 bis
3470 3449 3590 3505 quae

2009 3548 2137 3595 sunt
2164 3539 2334 3608 passi,
2377 3537 2547 3606 legem
2596 3535 2816 3591 sibimet
2844 3526 3437 3588 statuentascendendi
3467 3540 3590 3595 per-

2010 3638 2173 3699 petuo
2200 3628 2267 3681 ad
2320 3627 2509 3681 urbem
2566 3624 2929 3689 Hierusalem,
2971 3622 3157 3690 ibique
3202 3617 3443 3673 debitum
3484 3614 3591 3669 Deo

2011 3718 2333 3787 obsequium
2388 3714 2756 3785 persolvendi,
2807 3727 2907 3767 nec
2953 3727 3059 3765 non
3116 3707 3589 3763 tabernaculorum

2013 3812 2216 3868 festum
2247 3807 2463 3880 agendi,
2490 3804 2927 3876 quandoquidem
2966 3802 3034 3858 iis
3069 3802 3161 3871 qui
3192 3799 3259 3854 de
3293 3798 3592 3869 longinquo

2012 3902 2240 3961 veniunt
2261 3913 2493 3956 vernum
2519 3904 2736 3967 tempus
2782 3896 3036 3951 idoneum
3066 3899 3167 3949 est.
3197 3890 3380 3946 Multis
3410 3897 3590 3944 autem

2013 3994 2250 4066 superbe
2278 3990 2397 4046 haec
2415 3987 2816 4059 negligentibus
2842 3999 3031 4054 [uenas
3074 3982 3324 4046 inferam,
3358 3981 3592 4050 pluviam

2011 4094 2067 4142 et
2131 4084 2433 4140 ubertatem
2488 4079 2708 4150 frugum
2762 4077 3031 4148 negando,
3082 4082 3141 4130 ut
3176 4081 3474 4145 agnoscant
3536 4087 3595 4126 se

2013 4174 2341 4234 universalis
2366 4171 2524 4244 361
2554 4168 2759 4225 domini
2803 4169 3062 4222 honorem
3113 4165 3433 4238 neglexisse.
3467 4164 3591 4217 Etsi

2012 4268 2232 4340 Aﬁgypti
2263 4266 2475 4330 incolae,
2501 4270 2555 4319 et
2585 4262 2633 4317 si
2658 4260 2878 4331 quidam
2928 4261 3017 4313 alii
3075 4259 3178 4313 bac
3217 4273 3381 4329 prava
3418 4263 3595 4311 tncnle

2012 4361 2234 4424 fuerint,
2269 4370 2486 4427 poenam
2529 4353 2760 4409 similem
2805 4350 3100 4421 perferent.
3138 4349 3266 4405 Vult
3307 4359 3485 4402 autem
3510 4346 3595 4399 di-

2011 4465 2157 4515 cere,
2183 4454 2478 4504 extraneos
2512 4445 2714 4499 multos
2747 4442 3124 4511 magnitudine
3174 4447 3462 4495 eventuum
3492 4448 3590 4489 ter-

2010 4543 2165 4605 ritos,
2197 4537 2366 4593 variis
2392 4552 2456 4591 ex
2506 4535 2643 4589 locis
2669 4534 2735 4588 ad
2764 4534 2951 4589 urbem
2973 4531 3324 4601 .Ilierusalem
3370 4543 3596 4593 concur:

332 4628 431 4681 καὶ
450 4626 672 4691 πολλοῖς
693 4627 753 4680 δέ
774 4627 885 4682 τῶν
909 4628 978 4682 δι’
1006 4629 1307 4701 ὑπεροψίαν
1330 4633 1432 4685 οὐκ
1458 4633 1673 4705 ἀποπλη
1682 4636 1908 4705 ρούντων

2023 4650 2205 4700 suros,
2236 4631 2477 4687 debitum
2510 4628 2622 4684 Deo
2666 4628 2989 4698 obsequium
3042 4626 3355 4689 oblaturos;
3408 4630 3459 4676 et
3488 4619 3595 4674 nisi

329 4719 547 4781 ταῦτα,
587 4719 860 4791 τιμωρίαν
906 4720 1127 4787 ἐπάξω,
1174 4722 1406 4794 ἀϐροχία
1443 4723 1536 4777 καὶ
1564 4727 1629 4797 τῇ
1669 4727 1916 4782 ἐντεῦθεν

2023 4725 2273 4790 fecerint,
2304 4737 2517 4792 pmnam
2543 4721 2835 4776 relaturos.
2861 4719 2956 4775 liis
2977 4718 3125 4773 addit
3158 4734 3171 4770 :

327 4810 591 4884 ductis
643 4810 1023 4875 καταδικάξων
1069 4812 1303 4879 αὐτοὺςο
1368 4816 1457 4885 (Ρ-
1513 4816 1649 4886 554)
1707 4819 1783 4884 ὡς
1834 4823 1902 4877 ἂν
1953 4824 2225 4880 αἴσθοιντο
2267 4814 2366 4885 τῆς
2408 4812 2502 4866 τοῦ
2545 4814 2761 4868 πάντων
2789 4811 2996 4882 Κυρίου
3041 4811 3205 4880 τιμῆς
3250 4806 3597 4878 ἀμελοῦντες.

331 4902 458 4955 Κᾶν
488 4903 540 4955 oi
571 4902 676 4971 τῆς
701 4901 976 4970 Αἰγύπτου
996 4901 1074 4968 δὲ,
1105 4903 1207 4957 κᾶν
1237 4903 1291 4956 εί
1306 4920 1445 4968 τινες
1473 4905 1536 4976 δή
1566 4923 1695 4960 ποτε
1718 4910 1922 4983 ταύτην
1945 4911 2306 4975 ἀναδέξωνται
2338 4905 2436 4975 τὴν
2454 4904 2698 4974 γνώμην,
2718 4902 2816 4973 τὴν
2846 4902 3014 4973 αὐτὴν
3041 4900 3268 4954 δώσουσι
3295 4899 3565 4969 τιμωρίαν
3583 4916 3596 4931 ·

332 4993 595 5063 βούλεται
618 4993 680 5047 δὲ
704 4995 879 5047 εἰπεῖν
907 4994 1010 5062 ὅτι,
1033 4995 1218 5048 πολλοὶ
1242 4995 1352 5050 τῶν
1374 4997 1668 5070 ἀλλοτρίων
1692 5003 2061 5075 ἐκπλαγέντες
2082 5005 2176 5057 ἐπὶ
2194 5000 2274 5070 τῷ
2311 4999 2529 5069 μεγέθει
2560 4997 2669 5050 τῶν
2696 4998 2997 5065 γεγονότων
3019 4994 3344 5064 πολλαχόθεν
3373 4995 3465 5045 ἐπὶ
3494 4993 3595 5061 τὴν

342 5086 712 5159 Ἰερουσαλὴμ
741 5084 1128 5158 ωρῤεύσουσι,
1159 5087 1257 5158 τὴν
1286 5091 1627 5162 καθήκουσαν
1655 5093 1736 5164 τῷ
1762 5095 1882 5169 Θεῷ
1908 5094 2285 5169 προσκύνησιν
2306 5090 2667 5154 ἀποδιδόντες,
2691 5088 2764 5153 ὡς
2793 5089 2886 5141 καὶ
2910 5087 3178 5158 τιμωρίαν
3201 5083 3595 5153 ἀπεκδέχεσθαι

332 5182 382 5234 εί
423 5180 506 5251 μὴ
547 5177 712 5243 τοῦτο
759 5182 982 5234 ποιοῖεν.
1017 5182 1240 5246 Τούτοις
1272 5185 1505 5254 ἐπάγει·

403 5271 560 5343 Στίχ.
591 5270 661 5324 κ’.
695 5301 765 5312 -
802 5289 821 5323 ι
874 5272 963 5326 Ἐν
989 5276 1056 5344 τῇ
1104 5275 1286 5347 ἡμέρᾳ.
1337 5276 1517 5350 ἐκείνῃ
1547 5280 1697 5335 ἕσται
1733 5283 1791 5335 τὸ
1825 5284 1919 5337 ἐπὶ

334 5364 430 5417 τὸν
454 5362 674 5433 χαλινδν
701 5362 796 5417 τοῦ
819 5364 985 5417 ἵππου
1011 5366 1163 5432 ἅγιον
1178 5366 1255 5435 τῷ
1280 5369 1469 5439 Κυρίῳ
1496 5373 1911 5443 παντοκράτοριο

337 5454 438 5508 καὶ
464 5453 677 5508 ἰσονται
700 5455 750 5508 οἱ
775 5453 999 5525 λέϐητες
1035 5457 1093 5508 ἐν
1117 5456 1196 5526 τῷ
1218 5458 1351 5529 οἴκῳ
1380 5461 1585 5532 Κυρίου
1617 5462 1693 5525 ὡς
1731 5464 1918 5531 φιάλαι

338 5546 454 5617 πρὺ
500 5545 796 5619 προσώπου
842 5546 940 5600 τοῦ
986 5548 1395 5621 θυσιαστηρίου.
1454 5571 1473 5605 3
1518 5554 1773 5607 Βούλει-αι
1824 5556 1919 5623 μὲν

337 5638 524 5690 εἰπεῖν
541 5639 625 5693 ὅτι
658 5639 831 5693 πολλὰ
862 5640 953 5693 καὶ
986 5640 1060 5710 τῷ
1086 5641 1204 5712 Θεῷ
1226 5644 1623 5713 ἀνατεθήσεται,
1641 5647 1790 5717 παρὰ
1816 5649 1920 5698 τῶν

352 5726 706 5801 Ἰσραηλιτῶν
733 5732 840 5789 ἀπὸ
862 5734 967 5786 τῶν
999 5733 1135 5803 λαφύ
1147 5752 1271 5802 οων,
1294 5737 1325 5790 ἃ
1350 5737 1490 5804 παρᾶ
1516 5737 1621 5792 τῶν
1653 5739 1921 5806 πολεμίων

2094 5282 2260 5337 Vens.
2297 5277 2387 5334 ΞΟ.
2418 5308 2485 5317 -—
2518 5296 2536 5328 ι
2575 5276 2671 5330 Die
2716 5276 2804 5327 illa
2848 5275 2952 5328 erit
2984 5272 3126 5343 quod
3176 5287 3341 5341 super
3381 5271 3596 5327 frenum

2023 5375 2147 5445 equi
2194 5380 2296 5437 est,
2346 5377 2595 5426 sanctum
2641 5367 2869 5420 Domino
2903 5364 3283 5435 omnipotenti.
3332 5364 3399 5417 Et
3435 5371 3595 5419 erunt

2024 5466 2225 5519 lebetes
2267 5463 2322 5516 in
2356 5461 2518 5516 domo
2553 5458 2766 5513 Domini
2809 5456 2951 5510 sicut
2998 5455 3190 5525 phiala:
3234 5460 3359 5510 ante
3400 5453 3592 5509 faciem

2025 5555 2230 5609 altaris.
2267 5572 2284 5603 ι
2322 5552 2460 5607 Fore
2487 5549 2638 5614 dicit,
2672 5556 2730 5602 ut
2758 5547 3037 5617 complura
3062 5546 3173 5601 Deo
3201 5545 3496 5601 oderantur
3526 5545 3594 5598 ab

2024 5640 2284 5697 Israclitis
2315 5640 2382 5694 de
2429 5638 2702 5693 manubiis
2750 5650 2955 5703 qmecx
2978 5635 3228 5689 hostibus
3285 5633 3589 5693 t'ctulcrint,

2026 5733 2191 5787 multa
2242 5748 2370 5789 sane
2430 5740 2480 5787 cl.
2533 5729 3174 5786 iumuim'nbiliu.Sicuti
3229 5727 3353 5783 fecit
3402 5726 3590 5780 beatus
