3974 6146
361 315 465 369 595

1516 309 1871 370 THEODORI
1908 315 2402 375 MOPSUESTEN!

3536 315 3641 372 595

357 417 532 479 David
565 416 952 492 postﬁoliatbi
994 417 1195 473 caedem
1233 419 1474 491 gladium
1521 420 1634 478 Deo
1664 423 1948 482 dedicans.

2070 432 2338 503 ιήψονται,
2373 429 2543 484 πολλά
2568 446 2625 482 τε
2658 428 2789 482 ὄντα
2821 445 2892 482 κα
2947 426 3179 499 ἀριθμὸν
3221 427 3458 482 νικῶντα
3480 445 3493 458 °
3527 425 3643 482 οἷον

360 511 507 565 Idem
530 510 620 564 hic
646 524 864 581 quoque
883 508 1040 572 dicit,
1076 522 1274 578 nempe
1294 508 1441 579 quod
1474 524 1740 581 equorum
1769 513 1954 573 frenos

360 604 706 674 interemptis
749 602 963 657 ablatos
1009 599 1120 656 Deo
1159 600 1406 658 oil’ercnt.
1449 601 1697 676 Namque
1730 623 1760 660 a
1799 606 1956 664 freno

359 706 623 766 tanquam
670 709 702 748 a
731 701 904 764 parte,
947 693 1159 764 reliqua
1206 709 1373 748 arma'
1390 701 1444 752 et
1487 697 1663 766 spolia
1708 697 1952 765 denotat,

363 804 486 859 quae
529 785 769 842 oblaturi
811 795 990 851 erant,
1038 787 1271 857 singulis
1304 802 1404 858 pro
1435 803 1536 845 suo
1565 791 1849 861 proposito
1886 809 1955 848 ex

360 878 641 934 manubiis
693 877 841 948 quod
900 876 1079 932 visum
1143 877 1308 932 fuerit
1365 877 1738 940 aﬂ‘erentibus.
1800 879 1954 939 Unde

359 970 532 1035 addit,
578 968 784 1024 lebetes
820 967 1092 1040 plurimos
1137 967 1434 1023 adductum
1482 969 1550 1024 iri
1594 984 1734 1039 quos
1763 970 1954 1029 hostes

360 1077 550 1117 secum
590 1061 917 1126 habuerant,
967 1067 1155 1130 utpote
1191 1059 1494 1131 coquendi:
1537 1049 1802 1118 carnibus
1835 1063 1955 1120 ido~

361 1167 519 1216 neos,
561 1166 795 1222 quorum
845 1149 1143 1204 multitudo
1184 1147 1490 1220 phialarum
1531 1151 1652 1207 vice
1699 1152 1957 1224 fungetur

361 1243 418 1296 in
447 1242 610 1296 domo
641 1239 737 1296 Dei
767 1241 1034 1310 exposita.
1073 1237 1200 1293 Vult
1227 1247 1409 1295 autem
1441 1239 1633 1306 frenis,
1667 1257 1949 1299 armorum

365 1334 704 1388 oblationem
733 1333 1062 1403 designare;
1092 1329 1385 1396 lebetibus,
1421 1331 1766 1400 divitiarum;
1806 1351 1958 1392 more

368 1424 676 1494 Scriptum
730 1430 1000 1478 consueto
1037 1436 1067 1476 a
1117 1429 1275 1492 parte
1325 1422 1738 1480 multitudinem
1791 1425 1961 1482 deno-

363 1517 538 1583 tandi,
584 1515 1024 1586 quotiescunque
1071 1529 1540 1585 supervacaneam
1579 1516 1793 1587 iudicat
1833 1532 1960 1589 par-

364 1609 501 1662 tium
549 1615 862 1662 accuratam
901 1607 1394 1663 enumerationem.
1435 1605 1599 1663 Certe
1628 1608 1721 1664 hic
1764 1624 1960 1679 super-

365 1703 536 1760 ﬂuum
582 1710 702 1758 erat
743 1714 1068 1758 enumerare
1107 1689 1426 1768 singillatim
1463 1699 1673 1765 hastas,
1718 1699 1955 1769 gladios,

2061 520 2363 590 πεποίηκεν
2392 519 2422 572 ὁ
2453 517 2723 589 μακάριος
2776 516 2940 570 Δαυῖδ
2994 515 3134 586 μετά
3183 515 3283 587 τὴν
3319 517 3414 570 τοῦ
3448 516 3642 571 Γολιάθ

2059 610 2340 680 ἀναίρεσιν
2367 608 2432 662 τὸ
2459 607 2611 678 ξίφος
2630 606 2850 671 ἀναθεὶς
2885 606 2964 678 τῷ
2988 606 3130 676 Θεῷ.
3147 606 3221 659 Τὸ
3245 608 3377 660 αὐτὸ
3409 607 3467 660 δὲ
3495 608 3642 676 λέγει

2058 701 2359 765 κάνταῦθα,
2383 702 2464 755 ὅτι
2498 700 2594 754 καὶ
2641 700 2894 772 χαλινοὺς
2926 699 3130 762 ἵππων,
3168 695 3261 761 οὒς
3280 698 3390 751 τῶν
3430 698 3645 768 ἀναιρε-

2061 791 2262 846 θέντων
2287 789 2588 860 ἀφείλοντο,
2611 789 2960 861 προσοίσουσι
2994 787 3115 841 τότε
3143 787 3222 858 τῷ
3245 787 3392 857 Θεῷο
3411 788 3520 841 ἀπὸ
3537 789 3643 858 γὰρ

2058 881 2152 936 τοῦ
2176 881 2392 953 χαλινοῦ
2419 881 2495 946 ὡς
2527 881 2638 935 ἀπὸ
2671 881 2871 952 μέρους
2904 879 3177 950 ἠϐουλήθη
3211 879 3282 933 τὰ
3310 879 3476 933 λοιπά
3507 879 3646 932 ὅπλα

2061 992 2120 1028 τε
2156 973 2254 1030 καὶ
2287 974 2506 1044 λάφυρα
2528 974 2722 1038 εἰπεῖν,
2749 971 2894 1042 άπερ
2921 965 3013 1026 οῦν
3042 970 3355 1026 ἀνατιθέναι
3389 969 3642 1041 ήμελλον,

2061 1064 2294 1119 ἑκάστου
2326 1062 2470 1118 κατά
2498 1061 2598 1134 τὴν
2631 1061 2838 1116 οἰκείαν
2883 1060 3141 1132 πρόθεσιν
3177 1060 3554 1132 προσάγοντος
3584 1062 3647 1114 τὸ

2059 1155 2251 1230 δοκοῦν
2277 1158 2341 1210 ἐκ
2369 1155 2479 1210 τῶν
2500 1153 2778 1226 λαφύρων.
2800 1153 2962 1208 Ὅθεν
2985 1153 3202 1222 ἐπάγει,
3229 1155 3312 1207 ὅτι
3341 1152 3584 1225 προσαχθ
3596 1154 3646 1224 ή-

2063 1263 2246 1302 σονται
2275 1247 2371 1300 καὶ
2410 1246 2635 1318 λέϐητες
2691 1245 2933 1299 πλεῖστοι
2972 1243 3067 1308 οὒς
3110 1245 3384 1316 ἐπήγοντο
3411 1245 3462 1298 οἱ
3489 1245 3646 1299 πολέ-

2065 1357 2199 1411 μιοι,
2245 1337 2585 1409 ἐπιτηδείους
2641 1338 2856 1401 ἑαυτοῖς
2905 1332 3044 1390 εἶναι
3079 1335 3397 1408 νομίζοντες
3434 1339 3514 1400 είς
3543 1337 3646 1408 τὴν

2061 1430 2258 1500 ἕψησιν
2290 1431 2400 1482 τῶν
2441 1429 2640 1501 κρεῶν,
2672 1427 2722 1482 οἳ
2751 1428 2839 1482 διὰ
2877 1428 2940 1482 τὸ
2967 1427 3198 1500 πλῆθος,
3230 1427 3436 1499 φιαλῶν
3465 1428 3642 1498 δίκην,

2061 1519 2276 1574 ἔσονται
2304 1519 2400 1575 τοῦ
2433 1518 2586 1574 οἴκου
2619 1519 2971 1590 προκείμενοι
2999 1517 3094 1573 τοῦ
3130 1518 3309 1572 Θείου.
3337 1518 3645 1591 Ἦϐουλήθη

2061 1613 2121 1667 δὲ
2150 1612 2260 1666 ἀπὸ
2289 1612 2387 1684 μὲν
2431 1610 2524 1665 τοῦ
2562 1611 2779 1682 χαλινοῦ
2811 1609 2880 1667 τά
2910 1609 3019 1664 ἀπὸ
3049 1609 3158 1664 τῶν
3185 1610 3365 1664 ὅπλων
3398 1609 3648 1663 ἀνατιθέ-

2066 1720 2204 1774 μενα
2253 1703 2448 1765 είπεῖν,
2478 1699 2554 1771 (p.
2589 1699 2714 1771 5⁸55)
2755 1699 2863 1754 ἀπὸ
2894 1699 2953 1758 δὲ
3005 1699 3114 1752 τῶν
3157 1698 3400 1769 λεϐήτων
3430 1699 3501 1752 τὰ
3539 1699 3649 1753 ἀπὸ

366 1796 593 1860 loricas,
646 1795 876 1858 lebetes,
934 1799 989 1847 et
1042 1790 1311 1862 quidquid
1361 1790 1428 1845 ad
1477 1806 1636 1847 usum
1685 1791 1963 1847 hominum

2070 1794 2178 1848 τῶν
2206 1794 2522 1865 κτημάτων,
2557 1793 2634 1856 ὡς
2672 1789 2864 1846 εἴωθεν
2909 1792 3018 1847 ἀπὸ
3059 1790 3261 1862 μέρους
3304 1790 3374 1844 τά
3421 1791 3647 1843 πλεῖστα

365 1896 470 1949 est,
504 1885 657 1940 verbi
706 1884 878 1953 gratia
915 1881 1148 1946 catinos,
1188 1882 1408 1952 pocula,
1445 1891 1499 1938 et
1551 1883 1596 1938 si
1631 1883 1762 1952 quid
1813 1882 1958 1938 aliud

368 1974 686 2045 bojusmodi
713 1981 817 2028 est.
847 1971 958 2028 Sed
983 1987 1026 2041 _a
1062 1982 1235 2041 parte,
1263 1979 1324 2029 ut
1356 1987 1532 2044 nuper
1567 1974 1706 2038 dixi,
1735 1981 1792 2030 et
1815 1990 1960 2046 saepe

369 2066 647 2131 adnotavi,
690 2080 750 2120 se
798 2070 972 2118 totum
1016 2061 1306 2133 designare
1349 2062 1860 2124 demonstratJam
1902 2074 1962 2122 ut

368 2157 620 2214 ostendat
649 2157 955 2212 oblatorum
981 2155 1216 2210 lebetum
1245 2170 1430 2220 usum,
1456 2155 1536 2212 sic
1569 2156 1956 2226 prosequitur;

2062 1884 2256 1956 δηλοῦν
2293 1888 2326 1956 ἡ
2381 1884 2502 1940 θεία
2549 1884 2762 1955 Γραφὴ,
2796 1884 2871 1937 ὅτ’
2909 1884 2978 1940 ἂν
3021 1882 3281 1953 περιττὴν
3305 1882 3510 1953 ἡγῆται
3548 1882 3648 1953 τὴν

2066 1976 2208 2032 κατά
2255 1976 2422 2046 μέρος
2470 1972 2852 2045 ἀκριϐολογίαν
2876 1989 2889 2003 °
2927 1972 3048 2025 ἐπεὶ
3077 1971 3355 2026 κάνταῦθα
3396 1971 3648 2042 περιττὸν

2064 2061 2133 2136 ἦν
2153 2064 2214 2117 τὸ
2242 2062 2496 2133 ἀριθμεῖν
2523 2061 2725 2132 δόρατα
2753 2061 2846 2116 καὶ
2879 2061 3008 2130 ξίφη
3050 2061 3148 2114 καὶ
3181 2059 3456 2130 θώρακας,
3491 2060 3651 2132 λέϐης

2067 2156 2166 2220 τάς
2208 2173 2266 2212 τε
2314 2156 2407 2213 καὶ
2446 2153 2517 2208 τὰ
2566 2155 2624 2208 ὲν
2659 2152 2964 2224 ἀνθρώπων
3013 2153 3241 2224 κείμενα
3276 2153 3493 2224 χρήσει,
3533 2147 3650 2208 οἷον

371 2252 544 2305 εἰπεῖν
594 2249 839 2313 πινάκια,
885 2249 1158 2320 ποτήρια,
1188 2248 1221 2317 ἢ
1253 2247 1348 2301 κοιλ¹
1387 2248 1440 2304 sl'
1482 2265 1536 2302 τι
1567 2248 1810 2304 τοιοῦτοο
1856 2251 1921 2302 ἐκ
1954 2249 2010 2302 δὲ
2046 2249 2140 2304 τοῦ
2185 2249 2404 2320 μέρους,
2433 2248 2508 2311 ὡς
2562 2243 2717 2300 εἶπόν
2761 2264 2821 2302 τε
2867 2245 3010 2316 ήδη,
3063 2246 3157 2298 καὶ
3212 2247 3651 2318 ὲπεσημηνάμην

370 2340 649 2406 πολλάκις,
677 2339 914 2411 ἐδήλωσε
951 2339 1010 2392 τὺ
1055 2340 1163 2392 πᾶν
1207 2339 1401 2393 εἰπεῖν.
1434 2343 1661 2403 Δεικνὺς
1707 2341 1815 2393 τῶν
1866 2339 2112 2413 λεϐήτων
2155 2341 2263 2396 τῶν
2286 2339 2688 2410 ἀνατιθεμένων
2717 2339 2816 2410 τὴν
2844 2339 3052 2411 χρείαν,
3081 2338 3310 2405 ἐπάγει·

441 2429 609 2488 Vens.
642 2431 734 2485 21.
763 2461 830 2471 -
873 2446 890 2479 ι
928 2420 1151 2500 Eritque
1177 2432 1358 2490 omnis
1397 2432 1546 2488 lebes
1576 2433 1633 2488 in
1667 2432 1803 2491 urbe
1832 2431 1960 2490 Hie-

371 2523 607 2578 rusalem
637 2530 692 2576 et
730 2521 874 2591 apud
915 2520 1112 2576 Judam
1164 2533 1391 2581 sanctus
1438 2523 1671 2580 Domino
1707 2526 1960 2597 omnipo—

371 2612 530 2667 tenti.
565 2611 728 2682 362
762 2610 829 2664 Et
869 2610 1089 2665 venient
1127 2612 1310 2666 cuncti
1361 2612 1732 2679 immolantes,
1778 2621 1831 2669 et
1872 2629 1962 2671 su-

370 2712 521 2760 ment
567 2702 714 2768 inde,
765 2709 820 2758 et
881 2710 1118 2772 coquent
1168 2701 1224 2756 in
1281 2702 1382 2758 eis.
1425 2722 1445 2754 ι
1509 2701 1688 2759 Oblati
1737 2703 1959 2775 quidem

372 2794 604 2858 lebetes,
659 2792 838 2848 sancti
892 2798 1078 2854 erunt,
1115 2798 1302 2862 utpote
1344 2791 1515 2846 oblati
1577 2793 1634 2846 in
1687 2801 1966 2863 posterum

376 2885 511 2940 Deo.
569 2882 942 2939 Commoditas
1009 2897 1140 2938 vero
1194 2883 1323 2937 hinc
1395 2883 1508 2938 erit
1565 2883 1969 2942 adducentibus

372 2976 651 3036 victimas.
682 2973 896 3044 copiam
939 2971 1173 3027 habendi
1210 2973 1300 3028 ubi
1332 2988 1574 3044 coquere
1599 2982 1874 3045 oporteat,
1914 2985 1968 3032 et

376 3065 650 3119 sacriﬁcia
670 3064 930 3118 decenter
962 3062 1246 3132 perlicere.
1285 3063 1479 3118 Nonne
1505 3064 1654 3118 enim
1695 3064 1751 3120 in
1786 3066 1967 3136 primo

2133 2435 2283 2506 Στίχ.
2293 2436 2478 2493 ια’.‹-ι
2489 2438 2600 2489 Καὶ
2611 2435 2764 2490 ἔσται
2777 2436 2886 2499 πᾶς
2897 2431 3097 2504 ὁλέϐης
3108 2433 3165 2484 ὲν
3182 2427 3537 2501 Ἰερουσαλὴμ
3555 2429 3648 2482 ml.

2065 2531 2126 2584 έν
2139 2527 2218 2598 τῷ
2241 2526 2410 2597 Ἰούδᾳ
2432 2526 2587 2595 ἅγιος
2600 2524 2679 2594 τῷ
2700 2524 2892 2596 Κυρίῳ
2907 2522 3327 2593 παντοκράτορι·
3350 2522 3446 2576 καὶ
3461 2520 3653 2591 ἥξουσι

2067 2618 2268 2680 πάντες
2297 2618 2346 2670 οἱ
2388 2615 2733 2678 θυσιάζοντες
2755 2653 2781 2678 ι
2803 2613 2895 2667 καὶ
2935 2612 3198 2684 λήψονται
3226 2611 3284 2678 ἐξ
3317 2611 3520 2674 αὐτῶν,
3551 2611 3648 2663 καὶ

2067 2708 2362 2778 ἑψήσουσιν
2386 2707 2446 2759 ιν
2476 2707 2679 2769 αὐτοῖς.
2723 2725 2742 2758 ι
2779 2705 2843 2758 Ol.
2871 2705 2970 2775 μὲν
3007 2703 3116 2775 γὰρ
3148 2701 3647 2774 προσκομισθέντες

2070 2798 2316 2869 λέϐητες,
2349 2795 2537 2867 φησὶν,
2566 2795 2711 2862 ἅγιοι
2731 2793 3068 2858 ἔσονται,ἆτε
3099 2792 3446 2860 ἀνακείμενοι
3467 2789 3654 2844 λοιπὸν

2066 2889 2147 2961 τῷ
2175 2888 2323 2960 Θεῷ·
2353 2887 2591 2958 ἀφθονία
2617 2887 2674 2941 δὲ
2708 2885 2961 2940 ἐντεῦθεν
2986 2884 3138 2938 ἔσται
3166 2886 3280 2948 τοῖς
3312 2883 3650 2954 προσάγουσι

2068 2980 2167 3044 τὰς
2213 2979 2513 3047 θυσιάσεις,
2545 2978 2622 3048 τῷ
2677 2977 2822 3048 ἔχειν
2863 2977 2986 3030 ὅποι
3020 2975 3298 3047 προσῆκεν
3343 2973 3658 3044 ἑψήσαντας

2066 3071 2137 3128 τὰ
2176 3071 2285 3127 τῶν
2327 3072 2527 3126 θυσιῶν
2576 3071 2864 3142 πληρῶσαι
2909 3069 2970 3122 τὸ
3018 3069 3228 3139 πρέπον
3259 3083 3273 3097 ο
3319 3067 3353 3137 ἢ
3404 3065 3515 3136 γὰρ
3555 3065 3658 3136 οὐχ

374 3157 688 3228 Regnorum
714 3155 796 3212 sic
821 3154 1062 3227 loquitur
1087 3155 1272 3210 divina
1320 3155 1628 3226 Scriptura,
1659 3155 1790 3211 dum
1837 3172 1963 3213 nar—

2070 3164 2243 3230 οὖτως
2266 3166 2326 3219 ὲν
2351 3167 2418 3236 τῇ
2448 3163 2637 3236 πρώτῃ
2658 3163 2764 3217 τῶν
2780 3160 3076 3216 Βασιλειῶν
3097 3160 3270 3231 ήθεία
3289 3159 3442 3228 λέγει
3458 3158 3502 3211 Γ
3507 3157 3657 3230 ραφὴ

374 3259 464 3306 rat
493 3249 734 3306 ﬁliorum
764 3247 884 3301 Heli
911 3247 1298 3316 iniquitatem?
1324 3263 1518 3318 nempe
1542 3249 1692 3319 quod
1717 3250 1972 3306 veniebat

377 3356 515 3414 puer
561 3337 889 3402 sacerdotis,
939 3335 1270 3392 fuscinulam
1324 3338 1619 3394 tridentem
1658 3339 1868 3396 habens
1914 3342 1973 3398 in

378 3445 544 3484 manu
580 3443 700 3495 sua,
735 3426 1093 3495 mittebatque
1130 3424 1463 3481 fuscinulam
1509 3426 1566 3481 in
1597 3426 1828 3483 lebetem
1870 3445 1968 3485 seu

378 3518 644 3578 eacabutn
708 3531 806 3573 seu
858 3515 1193 3582 caldariam;
1243 3524 1300 3572 et
1357 3532 1518 3574 omne
1558 3517 1706 3589 quod
1759 3519 1973 3576 levabat

379 3607 686 3672 fuscinula,
739 3607 962 3662 tollebat
989 3605 1250 3661 sacerdos
1295 3605 1399 3661 sibi
1423 3608 1492 3662 ⁸⁸.
1551 3606 1679 3662 Vult
1710 3624 1841 3680 ergo
1877 3608 1968 3664 di-

381 3717 525 3767 cere,
566 3699 1016 3756 convenientibus
1069 3697 1138 3752 ad
1179 3695 1275 3751 Dei
1321 3696 1530 3751 cultum
1567 3698 1635 3750 'in
1674 3692 1809 3753 urbe
1845 3698 1969 3755 Ilie-

380 3792 618 3850 rusalem
667 3791 881 3861 copiam
932 3789 1050 3845 fore
1111 3789 1374 3854 lehetum,
1429 3787 1632 3859 quibus
1679 3803 1818 3859 opus
1858 3798 1976 3845 erat

380 3885 516 3954 ipsis
541 3882 608 3937 ad
636 3882 964 3953 explendum
1012 3881 1412 3937 sacriﬁciorum
1439 3881 1627 3935 ritum.
1656 3877 1753 3935 His
1779 3879 1929 3935 addit
1953 3899 1971 3936 :

389 3995 408 4026 ι
441 3976 503 4030 Et
535 3990 641 4030 non
681 3975 786 4030 erit
823 3973 1174 4028 Chananaeus
1203 3973 1434 4028 ulterius
1463 3973 1520 4026 in
1563 3971 1726 4028 domo
1760 3969 1975 4026 Domini

382 4066 774 4136 omnipotentis
818 4065 906 4121 die
937 4065 1048 4120 illa.
1082 4085 1101 4117 ι
1145 4062 1286 4131 Quia
1313 4061 1548 4118 infames
1580 4068 1738 4116 erant
1771 4061 1981 4117 Chana.

384 4157 491 4212 naxi
556 4157 626 4212 ob
683 4157 1142 4226 irreligiositatem
1211 4167 1542 4223 morumque
1597 4152 1922 4222 pravitatem
1951 4191 1968 4217 ,

385 4247 566 4308 innuit
608 4247 687 4302 sic
729 4248 991 4316 propheta
1027 4248 1303 4303 desituros
1346 4247 1604 4317 deinceps
1640 4252 1874 4301 cunctos
1904 4247 1972 4302 de

383 4339 588 4411 populo
609 4336 910 4394 Israelitico
948 4339 1018 4394 ab
1044 4339 1326 4410 impietate
1354 4348 1449 4395 ant
1474 4339 1720 4411 qualibet
1755 4353 1969 4394 morum

388 4429 619 4497 malitia,
651 4430 936 4486 eventibus
975 4431 1110 4501 ipsis
1143 4431 1322 4487 edocti
1351 4438 1619 4501 quantum
1662 4432 1868 4486 bonum
1899 4431 1973 4486 sit

387 4522 563 4592 pietas
590 4529 645 4576 et
673 4520 888 4576 virtutis
922 4521 1186 4578 studium.
1245 4520 1335 4577 Sic
1375 4522 1542 4578 etiam
1574 4521 1768 4577 beatus
1797 4520 1968 4578 Oseas
2000 4507 2044 4563 Ῐ)

389 4613 465 4669 ait
501 4613 584 4668 "ut
612 4631 630 4664 ‹
658 4612 937 4672 Chanaan,
960 4609 1018 4668 in
1034 4626 1200 4668 manu
1235 4612 1357 4681 ejus
1395 4621 1599 4668 statera
1639 4611 1966 4683 iniquitatis,

311 4709 316 4715 ’
390 4706 703 4776 opprimere
743 4712 1107 4776 prmpotenter
1130 4704 1339 4760 dilexit.
1374 4702 1626 4774 Dixitque
1663 4703 1920 4774 Ephraim
1951 4725 1968 4763 :

397 4796 786 4854 Verumtamen
824 4797 977 4854 dives
1028 4797 1206 4852 factus
1254 4810 1399 4862 sum,
1438 4796 1621 4850 inveni
1660 4796 1792 4850 mihi
1829 4799 1971 4853 sola-

389 4893 560 4951 tium.
629 4911 650 4944 ι
709 4891 930 4951 Scilicet
980 4892 1415 4948 Chananazorum
1504 4887 1729 4944 nomine
1763 4887 1972 4945 Israeli-

390 4995 476 5042 tas
524 4987 648 5041 illos
688 4985 927 5056 appellat
966 4983 1063 5054 qui
1108 4981 1303 5036 illicita
1353 4982 1604 5055 agebant,
1643 4982 1970 5040 Chananzeo-

391 5093 512 5132 rum
541 5093 722 5133 mores
749 5077 1023 5132 imitantes
1037 5116 1055 5133 .

391 5169 762 5243 προσηγορίᾳ,
815 5169 942 5233 τοὺς
993 5165 1327 5240 Ἰσραηλίτας
1361 5167 1421 5221 τὸ
1474 5168 1547 5240 μὴ
1587 5167 1704 5223 δέον
1748 5166 2244 5240 διαπραττομένους
2295 5165 2563 5232 καλέσας,

398 5278 470 5333 μη
481 5261 700 5333 μένους.

471 5435 516 5472 ι’
543 5432 718 5508 lReg.
751 5451 813 5502 tt,
845 5437 932 5494 l3.
1013 5438 1057 5468 ”
1089 5436 1209 5494 Osc.
1232 5451 1332 5502 xu,
1370 5436 1418 5490 7.

2071 3255 2402 3329 διηγουμένη
2449 3255 2558 3309 τῶν
2585 3255 2716 3308 υίῶν
2764 3253 2881 3306 Ἠλὶ
2908 3253 3005 3324 τὴν
3039 3249 3418 3330 παρανομίανς
3443 3249 3529 3303 ὅτι
3556 3250 3659 3319 ήρ-

2073 3365 2200 3419 χετο
2216 3348 2278 3402 τὸ
2307 3348 2588 3420 παιδάριον
2619 3345 2712 3400 τοῦ
2749 3345 2937 3415 ἱερέως
2971 3345 3049 3408 ὡς
3073 3343 3139 3397 ἂν
3163 3341 3345 3414 ήψήθη
3378 3341 3441 3395 τὸ
3463 3341 3657 3411 κρέας,

2077 3442 2173 3497 καὶ
2216 3441 2466 3513 κρεάγρα
2501 3439 2744 3510 τριόδους
2768 3441 2827 3492 ὲν
2859 3439 2928 3508 τῇ
2959 3437 3103 3508 χειρὶ
3130 3433 3319 3498 αὑτοῦ,
3347 3433 3444 3489 καὶ
3473 3433 3659 3487 καθίει

2074 3531 2244 3603 αὐτὴν
2276 3533 2356 3596 εἰς
2388 3531 2482 3585 τὸν
2506 3530 2728 3600 λέϐητα,
2751 3528 2786 3598 ἢ
2835 3529 2915 3591 είς
2966 3528 3066 3597 τὴν
3118 3525 3348 3598 χύτραν,
3389 3524 3426 3595 ἢ
3485 3525 3567 3586 είς
3597 3523 3660 3576 τὺ

2074 3622 2298 3695 χαλκίον
2324 3639 2339 3654 ο
2361 3623 2596 3680 καὶπᾶν
2628 3619 2656 3672 ὃ
2692 3618 2974 3674 ἀνέϐαινεν
3010 3618 3068 3670 ὲν
3098 3619 3162 3688 τῇ
3203 3617 3455 3687 κρεάγρᾳ.
3494 3614 3663 3684 ἐλάμ-

2073 3714 2234 3774 ϐανεν
2287 3711 2468 3783 ἑαυτῷ
2516 3712 2544 3763 ὁ
2575 3709 2790 3780 legatie;
2827 3707 2997 3762 Τοῦτο
3031 3703 3125 3760 οὖν
3153 3707 3327 3760 εἰπεῖν
3355 3703 3661 3775 ἠϐουλήθη,

2073 3805 2158 3858 ὅτι
2192 3803 2420 3874 ἀφθονία
2445 3801 2632 3856 λοιπὸν
2661 3802 2778 3864 τοῖς
2830 3799 3016 3869 ἐπὶτῇ
3062 3795 3331 3865 θεραπεία
3376 3793 3472 3847 τοῦ
3517 3794 3661 3847 Θεοῦ

2078 3893 2318 3948 συνιοῦσι
2348 3893 2428 3956 είς
2454 3891 2556 3960 τὴν
2598 3887 2954 3960 Ἰερουσαλὴμ
2980 3887 3132 3940 ἔσται
3161 3885 3426 3956 λεϐήτων,
3467 3885 3529 3936 ὲν
3575 3878 3664 3946 οἷς

2076 3983 2355 4054 προσῆκεν
2381 3983 2576 4044 αὐτοὺς
2603 3982 2702 4053 τὴν
2728 3981 2822 4034 ἐπὶ
2850 3982 2968 4043 ταῖς
2993 3978 3205 4041 θυσίαις
3233 3976 3421 4047 χρείαν
3447 3974 3664 4029 ἑαυτῶν

2076 4072 2406 4145 ἐκπληροῦν.
2461 4072 2682 4136 Τούτοις
2715 4071 2912 4140 ἐπάγει
2937 4087 2950 4100 ·
2985 4087 3004 4122 ι
3033 4069 3145 4123 Καὶ
3180 4069 3280 4122 οὐκ
3325 4067 3442 4120 ἔστι
3475 4068 3665 4120 Χανα-

2077 4169 2222 4229 ναῖος
2253 4163 2333 4218 ἐτι
2352 4164 2410 4218 ἐν
2431 4162 2507 4234 τῷ
2530 4164 2663 4233 οἴκῳ
2687 4163 2893 4231 Κυρίου
2922 4159 3385 4232 παντοκράτορος,
3419 4158 3496 4228 (p.
3525 4156 3662 4226 536)

2077 4259 2136 4310 έν
2173 4259 2238 4327 τῇ
2273 4254 2458 4328 ἡμέρα
2485 4253 2688 4327 ἐκείνῃ.
2714 4271 2734 4306 ι
2780 4251 2999 4322 Ἐπειδὴ
3027 4249 3446 4319 ὲπιϐεϐλημένοι
3474 4248 3665 4300 Χανα-

2077 4350 2216 4403 ναῖοι
2248 4347 2338 4400 τὸν
2363 4347 2564 4418 τρόπον
2593 4341 2736 4416 ἦσαν
2772 4344 2864 4399 ἐπί
2898 4354 2959 4415 τε
2999 4340 3226 4412 ἀσεϐείᾳ
3266 4339 3359 4392 ὲπί
3396 4356 3455 4392 τε
3507 4337 3662 4408 ὴθῶν

2081 4435 2373 4506 μοχθηρίᾳ,
2401 4433 2561 4487 τοῦτο
2595 4433 2840 4503 βούλεται
2874 4431 3159 4496 είπεῖν,ὅτι
3194 4428 3495 4483 παύσονται
3523 4429 3662 4483 πάν-

2072 4544 2163 4591 τες
2181 4527 2366 4580 λοιπὸν
2398 4529 2448 4580 οἱ
2489 4526 2585 4580 τοῦ
2628 4524 2844 4598 Ἰσραὴλ
2869 4523 2965 4578 τοῦ
3006 4522 3140 4594 πρὸς
3185 4521 3441 4576 ἀσέϐειαν
3471 4521 3507 4592 ἧ
3539 4538 3663 4574 τινα

2078 4620 2384 4692 μοχθηρίαν
2430 4618 2606 4672 νεύειν
2648 4615 2816 4689 ἠθῶν,
2848 4615 2908 4682 ἐξ
2935 4614 3114 4669 αὐτῶν
3147 4612 3522 4682 δεδιδαγμένοι
3547 4611 3660 4666 τῶν

2075 4711 2419 4782 πραγμάτων
2457 4710 2642 4781 ήλίκον
2691 4708 2895 4778 ἀγαθὸν
2924 4705 3204 4768 εὐσεϐείας
3232 4721 3294 4757 τε
3328 4705 3423 4758 καὶ
3455 4704 3663 4774 ἀρετῆς

2078 4799 2559 4874 ὲπιμέλεια.οὖτω
2587 4801 2681 4854 καὶ
2709 4801 2737 4854 ὁ
2767 4800 3036 4871 μακάριος
3082 4795 3240 4866 Ὠσηὲ
3277 4794 3426 4863 λέγει
3446 4810 3459 4823 ·
3485 4811 3506 4844 ι
3545 4796 3664 4847 Xa.-

2077 4894 2208 4949 ναάν
2229 4933 2245 4957 ,
2266 4894 2324 4946 ὲν
2357 4895 2423 4963 τῇ
2476 4891 2618 4962 χειρὶ
2670 4888 2836 4944 αὐτοῦ
2884 4889 3046 4956 ζυγὸς
3086 4885 3319 4948 ἀδικίας,
3349 4883 3662 4938 καταδυνα-

2080 4984 2288 5038 στεύειν
2316 4983 2598 5054 ἠγάπησε·
2636 4983 2729 5037 καὶ⁸
2762 4977 2916 5036 εἶπεν
2957 4978 3218 5050 Ἐφραῒμ,
3247 4975 3396 5047 Πλὴν
3429 4974 3668 5028 πεπλού-

2079 5091 2244 5144 τηκα,
2283 5074 2496 5145 εὕρηκα
2533 5072 2816 5144 ἀναψυχὴν
2849 5068 3100 5142 ὲμαυτῷ’
3146 5087 3164 5121 ι
3199 5070 3264 5138 τῇ
3294 5066 3402 5119 τῶν
3435 5063 3665 5118 Χαναὰν

2625 5163 2700 5228 ῶς
2732 5164 2797 5217 ἂν
2821 5161 2910 5216 τὸν
2966 5157 3190 5215 ἐκείνων
3245 5156 3446 5230 τρόπον
3487 5171 3665 5228 μεμιο
