3974 6146
266 327 376 383 591
1197 327 1747 387 COMMENTARIUS
1786 328 1848 384 IN
1890 329 2271 393 ΜΑιΑωιιΑι
2310 332 2463 391 CAP.
2503 329 2549 388 Ι.
3434 332 3538 385 iiiis

3047 493 3080 504 υ.-

749 630 1314 724 ΕΡΜΗΝΕΙΛ
1398 634 1988 727 ΜΑΛΑΧΙΟΥ
2096 638 2323 725 ΤΟΥ
2413 640 3065 730 ΠΡΟΦΗΤΟΥ.

3084 492 3508 508 m

1892 896 1969 913 “

273 1079 1419 1211 COMMENTARIUS
1482 1093 1627 1210 1N
1692 1042 2545 1215 MALACHIAM
2611 1089 3529 1204 PROPHETAM.

1882 1341 1955 1352 ι..-

343 1456 466 1510 Τῶν
514 1457 803 1529 μακαρίων
833 1464 1128 1541 προφητῶν
1174 1465 1428 1537 ’Δγγαίου
1452 1486 1512 1522 τε
1545 1471 1639 1524 καὶ
1666 1473 1847 1541 Ζαχα-

2021 1470 2184 1543 383
2215 1468 2356 1526 Cum
2399 1468 2543 1525 beati
2575 1467 2852 1541 praphetre
2880 1467 3111 1537 Aggreus
3144 1478 3207 1519 ac
3247 1461 3539 1518 Zacharias

281 1543 392 1617 ρίου
445 1546 588 1617 μετὰ
642 1546 744 1619 τὴν
788 1548 898 1603 ἀπὸ
948 1553 1271 1622 Βαϐυλῶνος
1303 1558 1561 1615 ἐπάνοδον
1589 1562 1681 1615 τοῦ
1720 1560 1851 1615 λαοῦ

278 1635 416 1690 κατά
475 1637 627 1690 θείαν
691 1644 1189 1711 πρψητευσάντων
1243 1647 1523 1719 ἐνέργειαν
1543 1692 1557 1715 ,
1601 1651 1854 1719 Ἀγγαῖος

281 1727 377 1797 μὲν
401 1728 433 1781 6
454 1728 730 1800 μακάριος
773 1731 903 1802 περί
943 1750 1004 1787 τε
1041 1736 1141 1806 τῆς
1174 1737 1305 1792 ναοῦ
1336 1741 1626 1811 οἰκοδομῆς
1658 1741 1853 1796 διείλε-

278 1836 398 1873 κται
428 1820 510 1889 τῷ
540 1819 676 1890 λαῷ,
710 1822 808 1875 καὶ
840 1823 904 1896 δὴ
946 1827 1041 1879 καί
1067 1828 1176 1883 τῶν
1205 1823 1334 1903 περὶ
1377 1832 1472 1886 τὸν
1504 1833 1628 1903 Γὼγ
1662 1835 1854 1907 μηνύει

276 1911 372 1982 τὴν
395 1911 676 1968 ἀπώλειαν
697 1932 712 1947 ο
750 1918 781 1969 6
801 1915 861 1969 δὲ
892 1920 1161 1991 μακάριος
1188 1924 1463 1995 Ζαχαρίας
1481 1926 1652 1981 ταῦτά
1681 1945 1740 1981 τε
1763 1927 1855 1981 λέ-

276 2018 383 2070 γει,
420 2004 736 2076 προστιθεὶς
766 2007 864 2061 καὶ
904 2008 975 2063 τὰ
995 2010 1134 2065 κατά
1156 2014 1282 2077 τοὺς
1308 2015 1696 2081 Μακκαϐαίους
1719 2018 1857 2088 μετὰ

275 2094 446 2148 πολὺν
472 2096 740 2164 γεγονότα
770 2097 865 2151 τὸν
889 2100 1098 2172 χρόνον,
1131 2105 1225 2158 καὶ
1257 2103 1321 2175 δὴ
1363 2107 1458 2159 καὶ
1487 2107 1857 2179 ἀποκαλύψεις

276 2185 478 2250 πολλὰς
516 2190 614 2242 καὶ
651 2188 944 2260 διαφόρους
980 2193 1273 2260 ἐκτίθεται,
1304 2197 1372 2250 δι’
1400 2190 1475 2250 ὦν
1502 2199 1564 2251 τό
1589 2216 1649 2251 τε
1688 2199 1859 2253 ποικί-

275 2276 367 2331 λον
389 2280 491 2348 τῆς
535 2280 665 2350 περὶ
698 2282 898 2347 αὐτοὺς
926 2285 1246 2355 εὐεργεσίας
1280 2288 1517 2357 ἐδήλωσε
1550 2289 1646 2342 τοῦ
1700 2290 1854 2358 Θεοῦ,

279 2370 373 2423 καὶ
429 2370 787 2427 διδασκαλίαν
823 2376 1151 2447 παρέσχετο,
1196 2378 1477 2453 θεοσεϐείᾳ
1516 2398 1574 2435 τε
1606 2384 1701 2437 καὶ
1747 2384 1861 2439 ἐπι-

282 2458 474 2530 μελείᾳ
503 2458 621 2530 βίου
655 2464 957 2533 προσάγειν
986 2467 1183 2531 αὐτοὺς
1220 2468 1522 2543 δυναμένην
1549 2473 1857 2545 αὐτάρκως.

281 2549 360 2619 (p.
393 2550 527 2621 537)
577 2553 792 2626 Ἐπειδὴ
821 2555 878 2608 δέ
924 2558 1024 2627 τῆς
1064 2557 1217 2623 θείας
1250 2562 1507 2631 προνοίας
1541 2563 1861 2631 ἀξιωθέντες

294 2641 568 2705 Ἰουδαῖοι,
619 2645 712 2697 καὶ
758 2647 856 2717 τῆς
890 2649 1000 2702 ἀπὸ
1032 2650 1351 2716 Βαϐυλῶνος
1382 2654 1665 2722 ἐπανόδου,
1707 2655 1861 2711 πλεί-

288 2746 439 2786 στων
482 2749 544 2786 τε
581 2734 721 2787 ὅσων
771 2740 1129 2810 τετυχηκότες
1168 2742 1409 2811 ἀγαθῶν,
1441 2746 1532 2799 καὶ
1572 2746 1637 2819 δὴ
1669 2748 1765 2802 καὶ
1803 2749 1861 2802 ἐν

1954 1570 2078 1633 post
2100 1561 2286 1632 populi
2316 1559 2591 1631 Babylone
2629 1559 2863 1614 reditum
2894 1558 3081 1612 divino
3122 1555 3385 1610 instinctu
3419 1565 3548 1622 pro-

1955 1655 2263 1726 phetarent,
2297 1652 2719 1723 heatusquidem
2746 1652 2977 1722 Aggreus
3009 1646 3277 1717 detempli
3299 1643 3536 1700 aedifica-

1954 1747 2107 1802 tione
2134 1744 2399 1802 disseruit
2441 1756 2566 1798 cum
2605 1728 2827 1813 populo,
2858 1750 2913 1796 et
2950 1739 3086 1811 Gogi
3112 1739 3279 1793 etiam
3306 1736 3535 1792 exitium

1954 1836 2240 1908 praedixit;
2295 1836 2490 1890 beatus
2539 1841 2721 1888 autem
2775 1831 3074 1886 Zacharias
3141 1828 3335 1885 eadem
3379 1828 3539 1891 dixit,

1955 1927 2184 1998 adjectis
2230 1926 2396 1983 etiam
2454 1923 2922 1981 Macchabaeorum
2972 1922 3139 1977 rebus
3188 1935 3311 1992 quae
3366 1920 3538 1973 multo

1955 2030 2201 2089 tempore
2249 2024 2375 2089 post
2404 2025 2707 2073 evenerunt
2738 2034 2752 2070 ι
2787 2024 2900 2070 tum
2934 2020 2990 2070 et
3033 2012 3236 2068 multas
3264 2012 3539 2066 diversas-

1956 2127 2061 2181 que
2114 2103 2474 2165 revelationes
2526 2106 2755 2173 addidit,
2804 2107 3007 2178 quibus
3045 2114 3101 2161 et
3148 2102 3536 2160 beneiiciorum

1958 2203 2050 2259 Dei
2095 2216 2223 2272 erga
2270 2199 2490 2256 Iudaeos
2522 2201 2839 2255 varietatem
2871 2197 3192 2261 declaravit,
3235 2203 3292 2251 et
3332 2194 3537 2250 doctri-

1958 2307 2083 2348 nam
2145 2291 2370 2348 tradidit
2437 2290 2784 2347 admovendo
2838 2290 2966 2345 illos
3035 2287 3289 2343 idoneam
3353 2285 3541 2356 pietati

1960 2397 2284 2455 morumque
2331 2381 2614 2453 probitati.
2665 2379 2771 2437 Sed
2815 2380 2945 2452 quia
2978 2379 3219 2435 divinam
3259 2377 3542 2447 providen-

1957 2475 2093 2531 tiam
2144 2474 2328 2547 adepti
2358 2472 2531 2528 Judaei
2567 2486 2666 2528 nec
2715 2487 2827 2527 non
2871 2470 3151 2543 Bahyldne
3190 2469 3449 2535 reditum,
3485 2476 3543 2522 ct

1959 2568 2198 2640 plurima
2254 2566 2383 2622 dein
2431 2565 2572 2620 bona
2613 2564 2917 2629 consecuti,
2966 2563 3245 2634 muitaque
3300 2561 3544 2615 fruentes

1961 2658 2244 2725 felicitate,
2284 2656 2432 2713 haud
2473 2657 2613 2713 bene
2653 2656 2756 2711 hoc
2787 2654 2984 2711 solatio
3017 2662 3145 2710 sunt
3188 2655 3311 2721 usi;
3356 2668 3542 2709 sacer-

1963 2751 2185 2807 dotibus
2223 2749 2484 2805 nimirum
2529 2763 2593 2802 ac
2632 2748 2833 2818 populo
2869 2747 3128 2801 universo
3161 2748 3441 2816 peccante,
3469 2743 3543 2797 ita

290 2821 569 2893 εὐπραγίᾳ
617 2828 981 2893 καταστάντες
1028 2831 1219 2904 πολλῇ,
1260 2835 1360 2889 οὐκ
1416 2840 1496 2902 εἰς
1528 2837 1645 2891 δέον
1693 2838 1860 2910 ἐχρή-

1969 2849 2024 2899 ut
2054 2856 2122 2897 ne
2145 2846 2349 2897 statuta
2381 2838 2603 2910 quidem
2650 2836 2923 2893 sacriﬁcia
2956 2836 3348 2891 convenienter
3392 2834 3543 2886 iaee-

290 2928 457 2966 σαντο
487 2916 551 2985 τῇ
595 2915 794 2984 ἀνέσει,
831 2920 903 2973 τὰ
940 2921 1038 2990 μὲν
1066 2922 1175 2979 τῶν
1213 2925 1524 2997 ἱερέων,τά
1550 2927 1605 2983 δέ
1640 2929 1734 2983 κα)⁸
1763 2928 1857 2983 τοῦ

282 3002 414 3057 λαοῦ
442 3005 895 3078 πλημμελοῦντος
927 3014 1147 3082 παντὸς,
1184 3017 1259 3081 ὡς
1290 3018 1385 3071 καὶ
1413 3018 1510 3081 τὰς
1531 3019 1676 3074 κατά
1696 3021 1861 3091 νόμον

280 3094 596 3166 ὡρισμένας
616 3098 812 3165 θυσίας
831 3101 905 3173 μὴ
926 3106 1063 3175 μετά
1088 3106 1184 3161 τοῦ
1211 3111 1577 3181 προσήκοντος
1600 3112 1860 3179 ἐκτελεῖν,

281 3186 599 3256 ἀναγκαίως
636 3191 666 3243 6
713 3192 908 3264 παρὼν
959 3198 1142 3252 οὑτοσὶ
1190 3201 1476 3273 προφήτης
1524 3203 1665 3257 κατὰ
1711 3204 1862 3258 θείαν

282 3277 575 3348 ἐνέργειαν,
595 3283 690 3336 ἐπὶ
727 3282 887 3339 τοῦτο
914 3288 1262 3361 προϐληθεὶς,
1291 3291 1502 3363 ἐλέγχει
1540 3295 1638 3365 μὲν
1660 3295 1771 3349 τῶν
1803 3314 1862 3349 τε

282 3368 471 3439 ἱερέων
515 3371 618 3426 καὶ
650 3373 745 3426 τοῦ
790 3374 922 3430 λαοῦ
966 3379 1069 3443 τὰς
1113 3382 1511 3453 πλημμελείας,
1546 3385 1611 3449 ἃς
1662 3386 1864 3450 αἵτινές

278 3462 439 3527 εἰσιν,
465 3462 529 3529 ἐξ
553 3466 737 3520 αὐτῶν
756 3468 868 3523 τῶν
890 3474 1293 3544 γεγραμμένων
1334 3477 1556 3547 ἄμεινον
1588 3476 1750 3548 μάθοι
1778 3495 1863 3542 τις

279 3552 379 3607 ἄν’
426 3553 626 3629 μηνύει
669 3558 729 3613 δὲ
774 3561 867 3614 καί
916 3579 1039 3617 τινα
1073 3564 1180 3619 τῶν
1237 3567 1531 3638 ἐσομένων.
1571 3570 1781 3640 Ὀνομα
1806 3570 1862 3623 δὲ

277 3643 359 3713 τῷ
381 3646 662 3724 προφήτῃ,
690 3653 832 3707 κατά
864 3655 962 3725 μὲν
992 3655 1091 3728 τὴν
1129 3657 1394 3730 Ἑλλήνων
1440 3660 1708 3731 γλῶτταν,
1736 3663 1865 3732 Ἀγ-

1961 2940 2121 2989 rent:
2168 2930 2489 2987 necessario
2536 2931 2628 2987 hic
2656 2937 2843 2984 noster
2890 2926 3154 2999 propheta
3197 2924 3381 2980 divina
3412 2938 3545 2995 ope-

1962 3027 2178 3080 ratione
2234 3024 2302 3078 ad
2334 3023 2442 3078 hoc
2489 3022 2715 3086 electus,
2757 3020 3103 3077 sacerdotum
3142 3018 3350 3090 pariter
3382 3024 3545 3086 atquc

1966 3114 2151 3187 pepuli
2200 3123 2421 3185 peccata
2470 3113 2786 3185 redarguit:
2819 3127 2941 3183 quae
2982 3110 3293 3187 cuiusmodi
3321 3109 3547 3173 fuerint,

1967 3224 2033 3263 ex
2064 3206 2199 3279 ipsis
2239 3188 2459 3275 scriptis
2504 3206 2703 3261 melius
2741 3206 3014 3276 quispiam
3044 3208 3356 3274 cognoscet.
3388 3199 3548 3266 Quae-

1967 3295 2093 3351 dam
2132 3297 2295 3352 etiam
2334 3293 2516 3350 futura
2549 3294 2813 3369 praedicit.
2848 3293 3056 3349 Nomen
3102 3303 3289 3348 autem
3315 3292 3548 3361 prophe—

1968 3398 2036 3444 tae
2085 3396 2170 3444 est
2202 3388 2516 3443 Graecorum
2554 3387 2773 3455 quidem
2821 3386 3008 3456 lingua
3042 3383 3297 3453 angelus,
3347 3390 3401 3432 at
3444 3378 3549 3432 lle-

1967 3477 2239 3534 braeorum
2278 3478 2603 3541 Malachias;
2641 3477 2901 3546 quoniam
2951 3474 3204 3544 angelum
3253 3472 3327 3526 ita
3366 3470 3557 3524 dicere

1970 3572 2147 3627 solent
2186 3569 2421 3626 Hebraei.
2454 3568 2819 3634 Quamobrem
2864 3565 2919 3619 in
2949 3564 3264 3619 Graecorum
3300 3576 3552 3616 sermone

1972 3662 2195 3733 angelus
2245 3661 2550 3730 appellatur
2598 3674 2695 3729 pro
2728 3655 3015 3711 Malacliia.
3051 3652 3141 3708 Sic
3170 3660 3349 3707 autem
3380 3649 3548 3706 dicit:

278 3738 474 3806 γελος·
521 3742 667 3796 κατὰ
717 3745 775 3798 δὲ
822 3746 919 3817 τὴν
964 3748 1228 3821 Ἑϐραίων
1253 3792 1268 3817 ,
1303 3753 1628 3824 Μαλαχίαςο
1684 3753 1875 3825 ἐπειδὴ
1922 3755 2015 3809 τὸν
2038 3753 2268 3823 ἄγγελον
2319 3751 2461 3803 οὕτω
2516 3751 2702 3803 καλεῖν
2739 3747 3011 3819 Ἑϐραίοις
3067 3744 3219 3808 ἔθος·
3278 3741 3400 3797 ὅθεν
3458 3746 3550 3799 καὶ

282 3833 556 3906 μεταϐολῇ
605 3838 673 3908 τῇ
713 3839 793 3902 εἰς
820 3840 920 3912 τὴν
969 3841 1235 3914 Ἑλλήνων
1290 3844 1538 3914 γλῶτταν
1587 3845 1816 3917 ἄγγελος
1862 3847 2128 3919 κέκληται
2151 3845 2272 3900 ἀντὶ
2292 3843 2598 3913 Μαλαχίου.
2635 3844 2796 3910 Λέγει
2824 3840 2880 3894 δὲ
2906 3840 3109 3903 οὕτως·

949 3932 1105 3986 ΚΕΦ.
1137 3933 1214 3987 Α’.

2645 3927 2799 3984 CAP.
2841 3927 2881 3983 1.

347 4014 507 4086 Στίχ.
552 4023 623 4084 α’,
654 4016 719 4087 β’.
757 4050 825 4059 -
864 4040 884 4072 r
927 4021 1140 4094 Λῆμμα
1192 4025 1351 4094 λόγου
1405 4027 1612 4096 Κυρίου
1656 4027 1749 4081 ἐπὶ
1774 4027 1864 4081 τὸν

2041 4027 2211 4085 Vsus.
2258 4027 2310 4093 i,
2341 4028 2396 4082 2.
2427 4056 2495 4068 —-
2540 4044 2558 4078 ι
2593 4024 2913 4095 Assumptio
2951 4021 3104 4078 verbi
3142 4020 3353 4076 Domini
3393 4038 3551 4091 super

293 4106 516 4179 Ἰσραὴλ
544 4109 604 4161 ἐν
632 4110 777 4182 χειρὶ
807 4110 1038 4181 ἀγγέλου
1069 4114 1255 4169 αὐτοῦ.
1274 4137 1291 4170 ι
1320 4117 1438 4172 Ἵνα
1470 4119 1599 4194 εἴπῃ
1619 4121 1701 4174 ὄτι
1727 4118 1870 4173 κατά

282 4195 437 4252 θείαν
465 4198 755 4269 ἐνέργειαν
781 4203 1136 4277 ἐνεπιστεύθη
1178 4207 1239 4259 τὸ
1273 4210 1372 4273 τῆς
1407 4209 1740 4281 προφητείας
1780 4210 1869 4283 ἐρ-

280 4305 376 4358 γον
411 4292 444 4344 6
475 4290 712 4360 ἄγγελος
734 4295 814 4357 είς
841 4294 1057 4367 ἔλεγχον
1089 4297 1184 4352 τοῦ
1238 4297 1468 4371 Ἰσραὴλ,
1498 4300 1684 4371 ἐπειδὴ
1716 4304 1865 4373 κοινῇ

280 4381 457 4455 ταύτῃ
492 4387 841 4458 προσηγορίᾳ
884 4389 1009 4452 τούς
1055 4406 1115 4442 τε
1151 4390 1331 4461 ἱερέας
1373 4392 1468 4444 καὶ
1499 4393 1590 4445 τὸν
1620 4392 1749 4446 λαὸν
1780 4410 1871 4463 ση-

287 4474 506 4544 μαίνειν
532 4476 768 4548 ἤμελλεν
804 4494 818 4509 ι
862 4480 1190 4553 Ἰσραηλῖται
1222 4482 1333 4554 γὰρ
1364 4483 1597 4547 ἅπαντες
1626 4485 1873 4553 ἐλέγοντο

285 4567 518 4632 κοινῶς·
556 4564 677 4622 εἶτα
711 4570 849 4639 μετά
874 4571 970 4643 τὴν
1014 4573 1267 4629 εἰωθυῖαν
1313 4575 1516 4646 ταύτην
1549 4576 1871 4649 προγραφὴν

284 4660 395 4714 τῶν
427 4661 793 4733 προφητικῶν
837 4663 1076 4734 βιϐλίων,
1121 4667 1343 4738 ἄρχεται
1383 4667 1491 4721 τῶν
1529 4670 1744 4723 οἰκείων
1783 4670 1871 4723 λό-

285 4768 398 4819 γων
431 4754 463 4805 6
497 4754 788 4825 προφήτης
814 4754 1016 4819 οὕτως·
1060 4775 1077 4807 ι
1108 4756 1275 4810 Θέσθε
1300 4759 1355 4812 δέ
1390 4760 1481 4811 ἐπὶ
1515 4758 1613 4822 τὰς
1647 4759 1872 4830 καρδίας

286 4841 466 4912 ὑμῶν.
511 4862 531 4895 ι
566 4844 848 4897 Κόιλλιστα
891 4845 966 4908 ὡς
1011 4844 1093 4902 ἂν,
1121 4846 1573 4916 παραλελοιπόσιν
1618 4845 1746 4918 ἄχρι
1780 4847 1871 4900 τοῦ

286 4932 450 5005 δεῦρο
488 4931 525 4988 ἃ
572 4937 749 4988 ποιεῖν
795 4936 993 5000 αὐτοὺς
1043 4938 1320 5009 προσῆκον
1357 4932 1426 5011 ἦν
1465 4957 1478 4971 ·
1506 4938 1717 4993 κελεύει
1770 4940 1874 4994 ’νῦν

286 5022 347 5076 τὸ
378 5025 502 5081 δέον
557 5021 618 5080 εὖ
668 5024 1010 5095 λογίσασθαι,
1066 5028 1142 5100 (p.
1192 5030 1317 5103 558)
1362 5032 1456 5086 καὶ
1494 5033 1724 5087 συνιδεῖν
1778 5035 1875 5104 μὲν

289 5111 433 5185 ᾇπερ
469 5113 766 5186 ἔπραττον,
796 5117 1089 5189 δοκιμάσαι
1122 5121 1179 5173 δὲ
1230 5122 1427 5175 ὁπόσον
1458 5123 1734 5189 ἐξέϐαινον
1780 5124 1873 5177 τοῦ

290 5207 689 5280 προσήκοντος,
719 5207 795 5273 ὣς
825 5208 891 5263 ἄν
916 5227 1037 5265 τινα
1077 5211 1169 5265 καί
1197 5212 1482 5283 διόρθωσιν
1511 5217 1630 5278 ταῖς
1666 5215 1874 5270 ἐαυτῶν

291 5296 704 5366 προσαγάγοιεν
758 5295 1186 5369 πλημμελείαις.
1235 5297 1367 5355 Εἶτα
1419 5303 1556 5372 μετὰ
1590 5305 1690 5376 τὴν
1740 5323 1874 5378 προ-

291 5386 504 5456 τροπὴν
540 5391 637 5441 καὶ
683 5387 785 5458 τὴν
815 5390 1137 5458 παραίνεσιν
1169 5391 1290 5445 καθ’
1315 5393 1378 5463 ἢν
1418 5394 1873 5465 ἐπιμελεστέρους

293 5477 492 5541 αὐτοὺς
520 5480 652 5551 περὶ
684 5478 748 5532 τὸ
770 5480 886 5533 δέον
917 5483 1217 5552 εἰργάξετο,
1248 5485 1442 5554 ἐπάγει
1463 5502 1479 5517 ο
1516 5504 1533 5536 ι
1586 5488 1874 5558 ἸΙγάπησα

297 5566 464 5636 ὑμᾶς,
487 5569 637 5639 λέγει
664 5572 890 5641 Κύριος.
917 5592 933 5623 ι
970 5575 1164 5638 Καλῶς
1191 5576 1297 5646 γὰρ
1324 5581 1436 5640 τοῖς
1470 5578 1746 5649 ἁγνώμοσι
1771 5579 1875 5650 πρὸ

297 5651 518 5711 πάντων
547 5661 646 5730 τὴν
686 5662 910 5732 ἀγάπην
940 5662 1085 5732 λέγει
1115 5665 1209 5734 τὴν
1243 5667 1469 5730 οἰκείαν,
1514 5668 1710 5721 ὡσανεὶ
1742 5670 1873 5738 πρὶς

298 5747 505 5818 ταύτην
541 5750 815 5824 κρίνοιντο
849 5752 1079 5823 μάλιστα
1131 5756 1500 5827 ἐλεγχομένοις
1526 5761 1615 5813 ἐπὶ
1647 5764 1710 5831 τῇ
1738 5779 1872 5830 eam.

1968 4119 2223 4177 israelem
2259 4120 2316 4175 in
2356 4134 2519 4174 manu
2566 4117 2740 4190 angeli
2776 4116 2969 4187 ipsius.
3005 4134 3024 4166 ι
3079 4111 3137 4168 id
3169 4121 3253 4168 cst
3286 4110 3449 4184 364
3475 4113 3547 4166 di.

1974 4213 2099 4269 vina
2154 4211 2470 4283 Operatlone
2516 4208 2890 4265 concreditum
2932 4216 3017 4261 cst
3064 4205 3361 4275 pr0phetize
3416 4220 3555 4273 opus

1973 4306 2186 4376 angelo,
2239 4303 2306 4358 ad
2352 4302 2572 4358 lsraelis
2607 4298 3087 4370 reprehensionem
3120 4318 3133 4354 :
3171 4313 3406 4368 namque
3452 4297 3555 4351 hoc

1973 4396 2194 4451 nomine
2257 4394 2572 4450 sacerdotes
2643 4392 2807 4446 simul
2865 4398 2920 4446 et
2978 4390 3237 4463 populum
3296 4390 3557 4444 denotare

1977 4487 2230 4542 volebat:
2262 4485 2444 4539 cuncti
2496 4482 2820 4536 dicebantur
2860 4482 3225 4536 communiter
3270 4479 3551 4533 lsraelitze.

1980 4576 2188 4632 Deinde
2224 4583 2346 4646 post
2395 4575 2498 4629 hoc
2528 4574 2748 4641 solitum
2803 4572 3249 4644 propheticorum
3289 4571 3552 4624 librorum

1979 4667 2304 4741 prommium
2328 4681 2423 4722 seu
2456 4666 2699 4730 titulum,
2730 4666 2811 4719 sic
2843 4664 3059 4718 initium
3084 4662 3216 4716 facit
3242 4675 3554 4716 sermonum

1980 4774 2203 4814 suorum
2248 4757 2513 4828 propheta
2539 4774 2551 4809 :
2576 4774 2593 4807 ι
2629 4754 2824 4811 Ponite
2858 4754 2927 4808 in
2966 4753 3225 4807 cordibus
3273 4749 3490 4805 vestris.
3531 4767 3551 4799 ι

1978 4852 2204 4924 Egregie
2247 4851 2327 4907 sic
2387 4850 2686 4922 alloquitur
2732 4850 2854 4904 illos
2907 4847 3001 4918 qui
3054 4846 3321 4900 hactenus
3372 4842 3555 4897 debita

1982 4945 2155 4998 cilicia
2184 4944 2555 5014 neglexerant.
2581 4942 2746 4998 Juhet
2773 4955 2903 5012 ergo
2929 4954 3075 4994 nunc
3094 4937 3223 5007 quid
3249 4952 3387 5006 opus
3411 4935 3557 4987 iacto

1982 5037 2053 5091 sit
2083 5036 2344 5107 cogitare,
2383 5041 2436 5090 et
2469 5033 2599 5105 quid
2648 5037 2857 5105 egerint
2885 5031 3257 5095 considerare,
3296 5036 3349 5082 et
3384 5042 3557 5097 quan-

1984 5136 2094 5179 tum
2128 5140 2158 5178 τι
2195 5124 2521 5179 rectitudine
2567 5124 3018 5185 cxorbitaverint,
3055 5129 3113 5176 nt
3158 5121 3398 5190 aliquam
3433 5132 3558 5188 pec-

1983 5222 2231 5267 catorum
2272 5228 2496 5267 suorum
2528 5212 2967 5268 emendationem
3004 5217 3219 5265 curent.
3271 5207 3394 5262 Mox
3434 5214 3559 5276 post

1983 5308 2276 5377 impulsum
2308 5316 2359 5361 et
2396 5306 2852 5368 adhortationem,
2905 5318 3011 5373 qua
3049 5318 3145 5359 eos
3189 5302 3558 5372 diligentiores

1984 5398 2047 5451 ad
2109 5396 2340 5450 oilicium
2400 5395 2657 5461 reddidit,
2709 5396 3061 5464 prosequitur
3102 5413 3116 5448 :
3155 5413 3174 5445 ι
3207 5393 3378 5448 Dilexi
3436 5405 3555 5453 res,

1983 5482 2116 5544 dicit
2148 5488 2425 5543 Dominus.
2470 5507 2485 5537 ι
2526 5485 2672 5542 Bene
2714 5488 2941 5557 ingratis
2973 5496 3098 5542 ante
3124 5486 3308 5541 omnia
3349 5499 3556 5539 memo-

1983 5588 2066 5635 rat
2114 5595 2353 5634 amorcm
2395 5594 2575 5642 suum,
2614 5585 2672 5631 ut
2719 5579 3193 5650 indejudicentur,
3230 5579 3296 5632 dc
3331 5593 3553 5631 suorum

1986 5688 2195 5725 morum
2225 5672 2501 5741 pravitate
2556 5669 2814 5724 convicti.
2880 5691 2895 5722 ι
2928 5671 2990 5724 Et
3041 5672 3257 5726 dixistis
3293 5690 3304 5723 :
3334 5669 3389 5722 In
3448 5686 3557 5735 quo

1982 5762 2216 5818 dilexisti
2269 5764 2407 5819 nos?
2443 5783 2461 5815 ι
2496 5761 2660 5832 Atqui
2716 5765 2972 5820 omnibus
3023 5763 3361 5835 CXplUl'alulll
3415 5765 3552 5820 erat.
