3974 6146
476 301 579 355 599

1631 307 1978 367 THEODORI
2007 311 2487 369 MOPSUESTENI

3609 317 3707 374 600

473 422 800 484 quantorum
843 417 974 487 ipsis
1005 418 1272 474 bonorum
1329 430 1520 479 auctor
1553 429 1874 492 exstitisset,
1920 431 2036 484 sive

2152 430 2317 500 ιὸτητι
2348 431 2454 484 τῶν
2480 432 2693 500 τρόπων
2731 433 2838 486 τῶν
2876 430 3114 486 οξκείων.
3153 448 3171 482 ι
3213 430 3324 486 Καὶ
3366 433 3578 495 εῐπατε.
3623 436 3704 487 Ἑν

474 515 633 562 antea
665 509 853 577 gestis,
889 511 1003 564 sive
1042 520 1227 579 postea
1271 529 1411 585 smpe
1443 533 1688 586 numero,
1721 521 1835 574 sive
1873 523 2037 576 etiam

474 613 650 668 nuper
705 599 954 668 patratis.
1021 601 1130 658 Sed
1181 618 1300 660 mos
1351 615 1435 663 est
1491 609 1688 664 divinae
1748 609 2040 680 Scriptura:

476 701 658 754 vocem
705 702 807 756 pro
853 703 911 742 re
963 689 1244 758 adhibere,
1294 703 1348 750 et
1396 697 1685 773 hominum.
1724 708 1923 754 statum
1958 701 2039 756 vel

474 777 721 831 allectum
763 794 895 835 voce
927 781 1231 852 designare.
1267 785 1421 841 Velut
1475 789 1643 844 illud:
1675 809 1693 840 ι
1731 789 2033 846 Dixerunt:

473 868 608 936 Quis
634 870 836 926 videbit
858 889 954 930 eos
975 875 1059 928 “‘2
1081 896 1099 928 ι
1133 877 1188 932 id
1218 880 1416 944 est,ita
1444 896 1502 936 se
1523 883 1851 949 habuerunt,
1881 883 2038 952 quasi

471 975 566 1016 eos
609 977 768 1017 nemo
801 973 1089 1034 spectaret.
1138 968 1302 1039 Atqui
1356 973 1490 1026 nihil
1547 974 1855 1041 hujusmodi
1897 975 2041 1030 dixe-

473 1060 613 1108 rant.
677 1053 804 1108 ltem
855 1075 866 1111 :
917 1075 936 1108 ι
969 1057 1110 1113 Dixit
1179 1062 1326 1116 enim
1380 1062 1433 1115 in
1491 1063 1655 1118 corde
1720 1079 1819 1119 suo
1869 1065 2038 1120 :Non

472 1142 733 1196 movebor
803 1159 832 1197 a
891 1149 1239 1216 generatione
1296 1151 1349 1204 in
1408 1153 1854 1221 generationem,
1922 1153 2039 1207 sine

475 1233 708 1290 malo".
746 1255 763 1288 ι
827 1235 917 1290 Sic
964 1242 1105 1293 enim
1153 1255 1273 1295 sese
1327 1242 1632 1307 habebant,
1687 1244 1842 1312 quasi
1906 1245 2039 1298 nihil

474 1339 716 1394 unquam
770 1328 896 1382 mali
948 1341 1131 1385 essent
1174 1332 1412 1400 passuri.
1464 1332 1736 1402 Multaque
1773 1335 2039 1403 ejusmodi

473 1417 598 1484 quis
627 1417 883 1484 inveniet,
920 1437 1040 1491 quae
1075 1405 1403 1479 coacervare
1444 1440 1552 1478 non
1590 1426 1753 1494 hujus
1781 1428 2041 1496 temporis

473 1515 576 1564 est.
617 1508 709 1564 Sic
749 1527 878 1582 ergo
915 1530 1064 1569 nunc
1109 1515 1272 1569 etiam
1323 1516 1457 1571 dicit
1487 1535 1499 1571 :
1529 1535 1548 1568 ι
1583 1517 1646 1570 Et
1687 1517 1902 1572 dixistis
1944 1519 2041 1572 :ln

473 1615 582 1669 quo
609 1601 848 1660 dilexisti
877 1607 1014 1662 nos?
1053 1624 1077 1660 ι
1109 1608 1279 1672 Quasi
1321 1608 1471 1664 dicat
1501 1629 1513 1662 :
1549 1611 1593 1662 A
1633 1624 1718 1664 me
1747 1609 1952 1672 dilecti,
1989 1617 2042 1662 et

473 1691 754 1751 beneﬁciis
797 1711 940 1766 szepe
983 1696 1183 1763 aﬂ‘ecti,
1224 1699 1469 1768 improba
1505 1700 1821 1770 ingrataque
1863 1709 2042 1754 mente

2140 521 2242 572 τίνι
2269 520 2560 590 ἠγάπησας
2581 522 2729 590 ἡμᾶς
2759 538 2772 583 ;
2811 539 2828 570 ι
2872 520 3031 590 δήλου
3074 522 3223 589 παρὰ
3253 522 3387 574 πᾶσι
3417 521 3697 589 τυγχάνον-

2139 627 2230 673 τος
2263 613 2475 664 ὁπόσων
2527 612 2708 674 αὐτοῖς
2757 611 2976 680 ἀγαθῶν
3010 612 3177 675 αἴτιος
3220 612 3482 680 ἐγεγόνει,
3511 611 3621 666 εἴτε
3647 615 3706 666 ἐκ

2139 701 2245 753 τῶν
2305 701 2537 771 πρόσθεν
2587 701 2966 772 ὑπαρξάντων,
3023 704 3130 754 είτε
3183 703 3274 754 καὶ
3333 701 3436 754 τῶν
3484 700 3706 772 ὕστερον

2141 787 2418 852 πολλάκις,
2452 789 2546 841 καὶ
2588 788 2652 858 δὴ
2705 791 2797 840 καὶ
2839 789 2947 840 τῶν
2994 790 3306 859 πρόσφατον
3362 791 3666 857 γεγονότων
3691 809 3704 822 ι

2141 879 2272 932 ἀλλὰ
2304 879 2412 949 γὰρ
2460 879 2579 942 ἔθος
2606 883 2672 950 τῇ
2705 880 2822 949 θείᾳ
2849 881 3036 951 Γραφῇ
3071 881 3169 951 τὴν
3218 881 3400 951 φωνὴν
3439 883 3534 934 ἐπὶ
3568 883 3706 954 πρά-

2141 987 2344 1040 γματος
2370 971 2568 1038 λέγειν,
2611 970 2705 1022 καὶ
2740 970 2835 1040 τὴν
2865 970 2973 1023 τῶν
3017 987 3069 1023 τι
3120 971 3417 1024 ποιούντων
3469 973 3707 1028 διάθεσιν

2142 1065 2290 1132 φωνῇ
2323 1060 2636 1132 σημαίνειν·
2669 1057 2780 1114 οἷον
2807 1062 2868 1114 τό
2896 1077 2909 1092 °
2949 1079 2969 1112 ε
3002 1059 3168 1114 Εἶπον
3189 1077 3206 1094 ο
3235 1063 3336 1124 Τίς
3374 1063 3562 1131 ὄψεται
3606 1065 3706 1116 αὑ-

2140 1149 2297 1217 τούς;
2336 1169 2354 1201 ι
2381 1152 2510 1204 ἀντὶ
2535 1150 2934 1215 τοῦ,Διέκειντο
2964 1151 3036 1214 ώς
3068 1151 3280 1215 οὐδενὸς
3313 1153 3615 1222 ἐφορῶντος
3642 1154 3710 1205 τά

2142 1241 2426 1311 γινόμενα·
2458 1242 2518 1294 οὐ
2558 1243 2663 1314 γὰρ
2685 1242 2747 1311 δὴ
2777 1241 2958 1309 έλεγον
2983 1241 3153 1304 οὕτως
3179 1258 3192 1271 ·
3222 1243 3336 1306 καὶ,
3379 1261 3398 1292 ι
3439 1239 3572 1295 Εἷπε
3604 1244 3710 1312 γὰρ

2143 1337 2198 1386 ἐν
2221 1333 2416 1403 καρδία
2440 1332 2622 1394 αὑτοῦ,
2653 1334 2726 1385 Οὐ
2758 1333 2831 1402 μὴ
2870 1332 3110 1385 σαλευθῶ
3151 1333 3257 1387 άπὸ
3284 1335 3475 1400 γενεᾶς
3500 1335 3579 1395 εἰς
3614 1351 3708 1400 γε-

2142 1421 2265 1474 νεὰν
2295 1421 2421 1473 ἄνευ
2457 1420 2626 1473 κακοῦ
2645 1459 2657 1471 .
2695 1437 2713 1470 ι
2739 1420 3029 1484 Διέκειντο,
3059 1421 3187 1492 γάρ,
3229 1422 3415 1491 φησὶν,
3447 1421 3522 1482 ὡς
3551 1421 3709 1474 οὐθὲν

2144 1510 2536 1582 ὑπομενοῦντες
2562 1509 2780 1563 πώποτε
2803 1509 2998 1564 κακόν·
3040 1511 3136 1564 καὶ
3165 1511 3333 1565 πολλὰ
3370 1511 3590 1564 τοιαῦτα
3630 1512 3712 1562 εἴ·

2145 1619 2234 1654 ποι
2255 1619 2339 1665 τις
2369 1602 2456 1665 ἂν,
2482 1602 2520 1657 ἃ.
2543 1601 2616 1672 μὴ
2640 1600 2733 1654 τοῦ
2755 1602 3018 1671 παρόντος
3049 1602 3166 1654 ἐστὶ
3193 1602 3472 1669 συλλέγειν
3492 1601 3710 1672 καιροῦ·

2144 1693 2313 1755 οὕτως
2337 1687 2429 1744 οὖν
2458 1691 2732 1747 κάνταῦθα
2755 1692 2900 1760 λέγει
2933 1693 3013 1754 τὸ,
3046 1712 3063 1742 ι
3102 1694 3209 1746 Καὶ
3236 1693 3442 1756 εἴπατε,
3493 1693 3582 1745 Ἐν
3605 1692 3718 1744 τίνι-

495 1783 676 1848 uistis,
709 1763 999 1854 quasi-nec
1032 1803 1061 1840 a
1107 1801 1192 1843 me
1219 1763 1422 1851 dilecti,
1463 1763 1636 1858 neque
1668 1763 1778 1843 ullo
1803 1804 2038 1858 unquam

2152 1785 2434 1854 ἠγάπησας
2488 1785 2665 1852 ήμᾶς;
2717 1803 2735 1833 ι
2773 1785 2892 1837 ἀντὶ
2950 1784 3077 1850 τοῦ,
3121 1783 3520 1853 Ἀγαπηθέντες
3578 1783 3714 1852 παρ’

475 1873 736 1930 beneﬁcio
764 1877 972 1933 donati.
1019 1877 1150 1934 Dein
1198 1879 1340 1934 facta
1371 1881 1524 1946 dicit,
1558 1880 1698 1935 unde
1739 1881 1792 1934 hi
1835 1897 2038 1952 COgnO-

473 1973 626 2016 scere
653 1972 896 2032 possent,
929 1973 1132 2036 quanta
1163 1981 1191 2019 a
1229 1966 1336 2021 Deo
1367 1968 1507 2021 bona
1535 1968 1900 2036 accepissent.

2147 1880 2302 1950 ἐμοῦ,
2351 1880 2444 1933 καὶ
2492 1876 2550 1932 εὖ
2605 1880 2928 1944 πεπονθότες
2983 1881 3272 1946 πολλάκις,
3311 1880 3556 1950 μοχθηρᾷ
3617 1881 3718 1932 καὶ⁸

2147 1971 2420 2040 ἀγνώμονι
2461 1971 2786 2040 κεχρημένοι
2835 1976 2900 2042 τῇ
2942 1971 3147 2043 διανοίᾳ
3186 1971 3486 2034 διέκεισθε,
3534 1970 3609 2032 ὡς
3641 1971 3716 2022 ἂν

475 2047 606 2100 οὔτε
645 2048 1004 2116 ἠγαπημένοι
1042 2049 1177 2118 παρ’
1207 2049 1368 2118 ἐμοῦ,
1399 2049 1522 2104 οὔτε
1551 2053 1693 2113 τινὸς
1717 2054 2078 2124 τετυχηκότες
2121 2053 2345 2106 πώποτε
2371 2054 2605 2122 ἀγαθοῦ.
2646 2055 2726 2124 (p.
2757 2052 2879 2122 559)
2925 2048 3057 2105 Εἶτα
3116 2051 3260 2118 λέγει
3309 2051 3376 2102 τά
3417 2049 3729 2119 πράγματα

474 2145 508 2195 ά
534 2141 590 2208 φ’
619 2141 697 2197 ὧν
729 2145 858 2212 ἐξῆν
891 2147 1091 2208 αὐτοὺς
1117 2149 1349 2218 συνορᾷν
1381 2147 1584 2211 ἡλίκων
1613 2150 1799 2220 ἔτυχον
1833 2149 1982 2218 παρὰ
2011 2146 2137 2210 τοὺς
2157 2147 2349 2212 ἄλλους
2373 2150 2612 2218 ἀγαθῶν.

533 2237 696 2310 εδδ
730 2237 897 2296 Vens.
936 2239 1055 2296 5-5.
1095 2271 1165 2284 —
1207 2260 1227 2294 ι
1272 2240 1463 2299 Nonne
1500 2245 1670 2300 frater
1715 2251 1834 2298 erat
1866 2241 2036 2299 Jacob

471 2329 653 2386 Esau?
689 2329 824 2386 dicit
856 2331 1152 2401 Dominus;
1182 2341 1237 2389 et
1269 2344 1450 2390 tamen
1473 2333 1636 2390 dilexi
1669 2335 1858 2400 Jacob,
1893 2333 2034 2390 Esau

466 2433 646 2478 autem
681 2422 807 2480 odio
837 2423 1022 2480 habui.
1061 2426 1126 2480 Et
1154 2426 1318 2481 statui
1347 2425 1608 2481 terminos
1638 2426 1758 2496 ejus
1793 2426 1847 2480 in
1876 2425 2038 2480 deso-

471 2511 750 2576 lationem,
799 2519 854 2567 et
904 2511 1277 2568 hereditatem
1325 2513 1447 2584 ejus
1495 2515 1548 2569 in
1585 2513 1778 2569 domos
1812 2513 2037 2570 deserti.

471 2601 609 2667 Quia
639 2601 685 2657 si
717 2601 913 2657 dixerit
954 2621 969 2658 :
1006 2601 1238 2658 ldumaza
1266 2619 1455 2660 eversa
1493 2611 1597 2670 est,
1624 2613 1678 2659 et
1707 2611 2042 2660 revertemur

472 2699 636 2762 atque
669 2693 1065 2751 adilicabimus
1092 2695 1312 2752 deserta
1347 2695 1504 2764 ejus:
1538 2695 1652 2751 haec
1679 2694 1755 2748 ait
1783 2694 2042 2752 Dominus

471 2785 820 2855 omnipotens
847 2803 862 2841 :
894 2785 1002 2856 Ipsi
1027 2786 1404 2851 aediticabunt,
1431 2796 1485 2840 et
1511 2802 1612 2856 ego
1650 2787 1950 2842 destruam.
1979 2785 2045 2840 Et

469 2875 814 2932 vocabuntur
842 2877 981 2947 ipsis
1007 2877 1230 2933 termini
1264 2877 1589 2947 iniquitatis,
1617 2887 1669 2930 et
1692 2877 1926 2948 populus
1957 2876 2046 2931 ad-

471 2983 666 3024 versus
701 2983 862 3038 quem
892 2975 1002 3024 stat
1033 2970 1090 3022 in
1116 2967 1235 3023 acie
1262 2967 1529 3025 Dominus
1562 2982 1736 3037 usque
1780 2969 1835 3024 in
1861 2983 2037 3025 szecuo

2213 2247 2358 2316 Στίχ.
2375 2247 2515 2315 γὀεν.
2532 2279 2603 2289 -
2635 2268 2652 2299 ι
2676 2250 2786 2302 Οὐκ
2805 2249 3029 2316 ἀδελφὸς
3047 2245 3113 2319 ἦν
3136 2246 3304 2302 Ἡσαῦ
3333 2243 3424 2298 τοῦ
3463 2241 3655 2298 Ἰακώϐ
3701 2259 3717 2308 ;

2145 2335 2295 2402 λέγει
2343 2336 2581 2407 Κύριοςο
2630 2339 2721 2391 καὶ
2777 2337 3040 2407 ἠγάπησα
3092 2337 3182 2390 τὸν
3241 2335 3470 2399 Ἰακὼϐ,
3508 2332 3600 2384 τὸν
3646 2331 3717 2384 δὲ

2156 2424 2326 2479 Ἠσαῦ
2357 2427 2627 2497 ἐμίσησα⁹
2658 2426 2753 2480 κα)⁸
2782 2426 2945 2492 ἔταξα
2983 2427 3050 2480 τὰ
3082 2427 3205 2496 ὅρια
3261 2423 3422 2481 αὑτοῦ
3461 2423 3540 2483 είς
3563 2421 3719 2489 ἀφασ-

2143 2517 2352 2588 νισμὸν,
2387 2517 2480 2570 καὶ
2509 2519 2607 2588 τὴν
2643 2518 3002 2588 κληρονομίαν
3027 2516 3190 2570 αὐτοῦ
3225 2516 3304 2578 είς
3336 2513 3560 2582 δώματα
3584 2511 3722 2580 ἐρή-

2145 2625 2246 2678 μου
2284 2622 2298 2638 ·
2328 2607 2461 2660 διότι
2494 2606 2590 2661 ἐὰν
2603 2607 2753 2679 εἴπῃ,
2775 2599 3240 2678 Ἢ¹ιδουμαία(68)
3275 2603 3719 2673 κατέστραπται,

2143 2699 2236 2751 καὶ
2280 2697 2676 2768 ἐπιστρέψομεν
2712 2699 2807 2751 καὶ¹
2837 2696 3327 2766 άνοικοδομήσομεν
3352 2693 3451 2755 τὰς
3482 2695 3718 2762 ἡρημωρ

2147 2789 2310 2859 μένας
2353 2788 2542 2859 αὐτῆς,
2571 2785 2698 2841 τάδε
2735 2788 2882 2855 λέγει
2909 2788 3112 2858 Κύριος
3160 2783 3573 2855 παντοκράτωρ,
3607 2784 3717 2835 Αὐ-

2142 2881 2224 2933 τοὶ
2271 2879 2704 2951 οἰκοδομήσουσι,
2733 2878 2828 2932 καὶ
2873 2877 2984 2946 ἐγὼ
3025 2875 3417 2947 καταστρέψω³
3453 2875 3546 2926 καὶ
3592 2873 3720 2926 ἐπι-

2145 2968 2472 3040 κληθήσεται
2527 2969 2709 3031 αὐτοῖς
2752 2968 2877 3037 ὅρια
2932 2964 3180 3036 ἀνομίας,
3228 2963 3323 3020 καὶ
3367 2961 3492 3023 λαὸς
3539 2962 3626 3028 ἐφ’
3661 2961 3720 3012 ὃν

473 3059 607 3115 tum.
637 3058 701 3113 Et
732 3061 878 3116 oculi
905 3062 1072 3116 vestri
1099 3060 1398 3128 videbunt;
1431 3067 1485 3116 et
1517 3075 1616 3115 vos
1649 3062 1842 3116 dicetis
1870 3080 1882 3116 :
1924 3063 2033 3116 Ma-

2152 3060 2551 3132 παρατέτακται
2579 3059 2780 3130 Κύριος
2811 3059 2917 3122 ἓως
2967 3057 3192 3120 αἰῶνος·
3221 3054 3315 3108 καὶ
3361 3056 3410 3107 οί
3449 3052 3722 3122 ὀφθαλμοὶ

473 3147 766 3215 gniﬁcatus
808 3156 893 3204 est
921 3146 1192 3204 Dominus
1239 3163 1404 3218 super
1436 3149 1700 3204 terminos
1737 3147 1974 3206 lsraclid.
2016 3169 2035 3202 ›

473 3238 658 3308 Nuper
687 3237 902 3295 fuerant
932 3239 1152 3296 Idumaei
1193 3241 1392 3312 puniti,
1430 3249 1482 3296 et
1518 3241 1784 3311 plurimas
1831 3243 2042 3311 experti

474 3327 834 3394 calamitates,
865 3336 1090 3400 prepter
1121 3331 1263 3384 mala
1294 3328 1694 3400 quaalsraelitis
1722 3331 2040 3396 intulerant,

472 3433 584 3488 quo
621 3426 866 3490 tempore
913 3420 1124 3490 Assyrii
1171 3421 1403 3491 primum
1437 3429 1490 3476 et
1531 3428 1719 3491 postea
1762 3419 2043 3490 Babylonii

475 3512 660 3568 hostes
707 3519 1150 3582 supervenerant.
1192 3511 1420 3583 Jamque
1467 3513 1584 3568 hazc
1625 3511 1882 3582 praedicta
1927 3509 2046 3565 fue-

475 3609 604 3655 rant
637 3614 668 3654 a
703 3599 862 3657 beato
891 3601 1092 3658 Dnvide
1123 3603 1177 3657 in
1210 3602 1462 3666 Psalmis,
1499 3602 1591 3658 ubi
1623 3601 1740 3655 ait:
1781 3617 1799 3651 ‹
1838 3597 2046 3654 Memor

475 3699 616 3758 esto,
643 3690 892 3756 Domine,
923 3693 1157 3748 filiorum
1181 3692 1370 3759 Edom,
1397 3693 1454 3748 in
1483 3691 1571 3748 die
1599 3691 1923 3754 Jerusalem,
1951 3689 2043 3758 qui

477 3782 670 3837 dicunt
718 3801 731 3837 :
779 3782 1100 3852 Exiuanite,
1151 3785 1428 3840 exinanito
1475 3789 1662 3854 ﬁusque
1713 3781 1781 3836 ad
1847 3779 2044 3834 funda-

478 3881 662 3928 menta
707 3873 850 3944 ejus.
899 3873 1034 3929 Filia
1087 3875 1380 3946 Babylonis
1427 3875 1630 3930 misera
1662 3873 1739 3926 "l
1781 3891 1799 3923 ι
1835 3871 2046 3937 Quibus

394 3979 402 4026 ι
477 3965 658 4020 verbis
682 3966 941 4030 ostendit,
972 3966 1302 4038 Babylonios
1325 3981 1515 4037 poenas
1541 3965 1793 4030 daturos,
1823 3969 2048 4033 propter

388 4107 389 4110 η
478 4056 625 4109 illata
671 4057 930 4122 Israelitis
981 4057 1144 4113 mala.
1196 4057 1419 4112 idumaei
1465 4055 1629 4112 etiam
1672 4067 1797 4109 eum
1838 4053 1905 4112 iis
1943 4067 2048 4122 pu-

480 4145 721 4211 nientur,
761 4147 854 4217 qui
885 4149 938 4202 in
985 4149 1286 4220 atlligendis
1334 4147 1595 4208 lsraelitis
1639 4145 1774 4202 socii
1805 4146 2046 4215 ipsorum

482 4235 721 4290 fuerunt.
757 4236 902 4293 Idem
933 4245 1122 4308 postea
1153 4239 1482 4311 praedixerat
1514 4237 1678 4298 etiam
1711 4236 1903 4292 beatus
1935 4235 2048 4289 Ab-

480 4327 602 4382 dias
645 4327 936 4400 prepheta.
973 4328 1130 4386 Nunc
1165 4331 1294 4400 quia
1333 4330 1426 4384 illa
1466 4329 1673 4384 exitum
1725 4325 2046 4389 habuerant,

2148 3151 2301 3221 ὑμῶν
2341 3150 2581 3219 ὄψονται,
2627 3152 2721 3204 καὶ
2753 3150 2911 3220 ὑμεῖς
2948 3150 3141 3218 ἐρεῖτε,
3193 3143 3562 3215 Ἐμεγαλύνθη
3615 3144 3723 3195 Κῦ-

2151 3260 2263 3314 ριος
2301 3242 2554 3314 ὑπεράνω
2577 3241 2684 3297 τῶν
2729 3241 2890 3312 ὁρίων
2921 3238 3156 3309 Ἰσραήλ.
3183 3256 3202 3288 ι
3233 3235 3547 3310 ιιρόσφατον
3577 3228 3722 3304 ἦσαν

2163 3334 2443 3404 Ἰδουμαῖοι
2496 3332 2953 3404 τετιμωρημένοι,
3000 3330 3094 3383 καὶ
3132 3328 3399 3382 πλείστων
3455 3327 3594 3379 ὅσων
3667 3328 3723 3378 ἐν

2151 3425 2316 3498 πείρᾳ
2342 3426 2623 3495 γεγονότες
2651 3424 2835 3480 κακῶν
2855 3464 2869 3489 ,
2895 3423 3035 3493 ὑπὲρ
3061 3413 3136 3475 ὧν
3168 3418 3564 3475 διατεθείκεσαν
3591 3417 3725 3480 τοὺς

2163 3519 2497 3588 Ἰσραηλίτας
2528 3517 2668 3571 κατὰ
2695 3517 2784 3570 τὸν
2811 3513 3001 3584 καιρὸν
3029 3513 3236 3566 ἐκεῖνον
3283 3509 3403 3564 καθ’
3430 3509 3488 3562 ὃν
3525 3508 3723 3561 Ἀσσύ-

2153 3609 2256 3679 ριοί
2281 3625 2340 3665 τε
2377 3608 2558 3672 αὐτοῖς
2595 3607 2855 3678 πρότερον
2883 3607 2975 3659 καλΙ
3005 3601 3334 3656 Βαϐυλώνιοι
3375 3599 3514 3669 μετὰ
3566 3597 3727 3650 τοῦτο

2153 3699 2404 3770 ἐπῆλθον.
2423 3699 2610 3752 Ταῦτα
2641 3698 2698 3751 δὲ
2727 3695 3020 3769 προείρητο
3055 3693 3152 3762 μὲν
3176 3691 3254 3762 τῷ
3282 3689 3537 3761 μακαρίῳ
3562 3687 3729 3742 Δαυῖδ

2153 3792 2210 3843 ἐν
2257 3791 2502 3860 Ψαλμοῖς
2535 3807 2548 3821 ·
2584 3787 2730 3856 λέγει
2767 3786 2876 3859 γὰρ
2899 3828 2914 3849 ,
2954 3802 2975 3836 ι
3027 3781 3332 3852 Μνήσθητι,
3369 3779 3566 3851 Κύριε,
3618 3779 3732 3831 τῶν

2155 3882 2285 3935 υἱῶν
2323 3881 2500 3951 Ἐδὼμ
2523 3880 2620 3950 τὴν
2649 3879 2860 3950 ἡμέραν
2893 3875 3266 3949 Ἰερουσαλὴμ,
3292 3874 3402 3927 τῶν
3433 3871 3726 3938 λεγόντων,

2167 3971 2502 4037 Ἐκκενοῦτε,
2529 3971 2813 4025 ἐκκενοῦτε
2843 3969 2946 4032 ἕως
2977 3967 3083 4021 τῶν
3116 3965 3378 4037 θεμελίων
3403 3963 3580 4032 αὐτῆς
3597 3977 3612 3990 °
3639 3962 3728 4014 θυ-

2155 4064 2333 4135 γάτηρ
2391 4061 2708 4126 Βαϐυλῶνος
2740 4065 2774 4132 ή
2826 4060 3200 4131 ταλαίπωρος·
3232 4076 3252 4110 ι
3285 4057 3344 4110 ἐν
3398 4048 3481 4116 οἷς
3530 4051 3732 4118 ἔδειξεν

2155 4157 2236 4210 ὅτι
2268 4155 2362 4209 καὶ
2389 4153 2717 4209 Βαϐυλώνιοι
2761 4152 2991 4207 δώσουσι
3035 4151 3190 4214 δίκας
3244 4147 3384 4217 ὑπὲρ
3423 4137 3499 4199 ὧν
3529 4145 3731 4206 αὐτοὺς

2153 4247 2517 4301 διατεθείκασι
2565 4245 2752 4299 κακῶν
2792 4261 2806 4276 ·
2839 4244 2934 4298 καὶ
2982 4242 3268 4312 Ἰδουμαῖοι
3314 4237 3373 4291 δὲ
3413 4235 3733 4307 τιμωρηθή-

2158 4355 2337 4395 σονται
2364 4336 2782 4408 συμπράξαντες
2798 4336 2978 4398 αὐτοῖς
3000 4336 3059 4388 ἐν
3084 4333 3195 4396 τοῖς
3224 4328 3366 4386 κατὰ
3381 4327 3490 4382 τῶν
3518 4327 3734 4400 Ἰσρατγ

483 4429 838 4491 recentesque
883 4421 1029 4492 apud
1059 4436 1252 4478 omnes
1282 4429 1439 4478 erant
1474 4419 1694 4475 inﬂictae
1733 4417 1987 4477 ldumaais
2019 4431 2045 4470 a

2153 4428 2313 4484 λιτῶν
2353 4432 2561 4492 κακοῖς.
2597 4429 2832 4498 Προείπε
2865 4426 2922 4480 δὲ
2954 4426 3048 4480 καὶ
3089 4427 3117 4478 ὁ
3154 4423 3426 4495 μακάριος
3467 4420 3680 4474 ’Δὸδιοὺ
3704 4421 3732 4472 ὁ

483 4511 594 4568 Deo
625 4526 818 4582 paena},
861 4513 1053 4570 merito
1102 4529 1167 4571 ex
1207 4513 1617 4584 comparatione
1647 4526 1773 4567 cum
1809 4509 1917 4567 illis
1958 4509 2053 4564 de-

482 4612 753 4660 monstrat
781 4619 941 4660 suum
970 4619 1097 4676 erga
1131 4605 1406 4661 lsraelitas
1439 4619 1704 4667 amorem,
1742 4603 1811 4658 ab
1859 4602 2052 4656 horum

483 4697 925 4768 progenitoribus
984 4706 1150 4766 atque
1203 4697 1272 4751 ab
1314 4695 1562 4751 ldumaeis
1610 4703 1828 4763 sumpto
1877 4693 2051 4748 initio.

486 4787 611 4844 Erat
641 4791 788 4846 enim
817 4790 1032 4844 illorum
1059 4789 1370 4860 progenitor
1390 4785 1597 4852 Iacob;
1629 4786 1822 4840 horum
1849 4793 2053 4848 autem,

485 4879 650 4936 Esau.
697 4881 839 4936 Dicit
885 4895 1052 4951 ergo,
1101 4881 1289 4935 ambos
1338 4877 1506 4932 fuisse
1551 4877 1776 4943 fratres;
1823 4889 2057 4944 eumque

486 4983 697 5027 natura:
735 4972 820 5026 lex
863 4969 1176 5026 communia
1208 4969 1344 5038 ipsis
1394 4968 1576 5024 omnia
1611 4966 1838 5032 faceret,
1867 4981 2059 5036 proge-

487 5064 719 5120 nitorem
746 5062 965 5134 quidem
998 5069 1262 5124 vestrum,
1297 5059 1492 5130 inquit,
1529 5058 1721 5125 dilexi,
1752 5067 1807 5112 at
1840 5058 2056 5112 illorum

489 5156 580 5212 odi
607 5158 750 5212 Esau
780 5174 794 5210 :
837 5162 890 5211 et
920 5168 1094 5224 usque
1131 5153 1186 5207 in
1212 5152 1534 5207 hodiernum
1569 5149 1712 5203 diem
1746 5161 2060 5218 persevera-

487 5247 563 5310 vi,
595 5247 797 5303 amoris
834 5245 1000 5318 366
1027 5260 1154 5315 erga
1188 5258 1305 5310 vos,
1337 5242 1448 5297 odii
1480 5255 1610 5296 vero
1639 5254 1768 5310 erga
1817 5239 1938 5294 illos
1967 5254 2056 5292 ar-

491 5345 744 5406 gumenta
775 5337 1050 5392 exhibere.
1101 5335 1346 5405 Namque
1381 5333 1688 5388 universam
1726 5330 1939 5384 illorum
1975 5344 2060 5384 rc-

567 5463 613 5494 “
639 5469 783 5528 Psal.
807 5488 958 5538 unt,
996 5474 1050 5529 6.
1125 5472 1170 5505 ⁸³
1194 5471 1339 5527 Psal.
1376 5487 1428 5537 ξς,
1455 5469 1507 5523 6.
1584 5468 1629 5498 ⁸⁸
1655 5465 1799 5520 Psal.
1837 5480 2034 5529 cxxxv,

573 5609 684 5670 (08l
715 5608 899 5681 Variat
923 5612 1009 5665 hie
1038 5613 1404 5681 iuterpunctio
1435 5611 1577 5680 apud
1602 5609 1856 5677 antiquos
1887 5609 2054 5681 inter-

508 5687 714 5754 postea,
736 5677 856 5732 aliis
877 5691 1002 5738 ante
1049 5677 1499 5744 Idunimnn,aliis
1530 5688 1649 5752 post
1684 5679 2056 5748 pausautibus.

2154 4520 2438 4590 προφήτης
2475 4518 2611 4590 μετὰ
2647 4517 2835 4573 τοῦτο·
2869 4516 2984 4569 ἀλλ’
3025 4515 3212 4585 ἐπειδὴ
3245 4513 3340 4567 νῦν
3375 4512 3586 4584 εἰλήφει
3635 4511 3731 4580 τήν

2155 4608 2377 4662 ἔκϐασιν
2423 4611 2627 4674 ἐκεῖνα,
2653 4607 2746 4665 καὶ
2780 4605 2947 4676 νεαρὰ
2989 4605 3138 4676 παρὰ
3169 4605 3333 4659 πᾶσιν
3376 4598 3444 4674 ἦν
3471 4604 3504 4672 ή
3543 4603 3729 4672 μνήμη

2154 4699 2252 4769 τῆς
2285 4698 2676 4769 ἐπιγενομένης
2727 4697 2869 4750 κατὰ
2921 4695 3032 4749 τῶν
3071 4695 3382 4765 Ἰδουμαίων
3435 4693 3589 4764 παρά
3640 4690 3732 4744 τοῦ

2155 4787 2290 4841 Θεοῦ
2330 4788 2617 4859 τιμωρίας,
2643 4787 2718 4857 (p.
2742 4786 2866 4858 540)
2897 4785 3118 4848 εἰκότως
3157 4786 3222 4838 ἐκ
3256 4783 3608 4856 παραθέσεως
3636 4782 3731 4851 τῆς

2159 4877 2293 4947 πρὸς
2313 4876 2552 4940 ἐκείνους
2569 4877 2898 4930 ἐνδείκνυται
2913 4874 3009 4946 τὴν
3025 4874 3242 4944 ἀγάπην
3265 4872 3453 4931 ἐαυτοῦ
3476 4873 3575 4944 τὴν
3605 4870 3734 4939 περὶ

2156 4967 2409 5030 τούτους,
2441 4966 2549 5019 ἀπὸ
2587 4967 2694 5020 τῶν
2732 4965 3092 5036 προπατόρων
3133 4966 3344 5031 ,τούτων
3391 4981 3451 5016 τε
3485 4964 3580 5016 καὶ
3624 4960 3732 5013 τῶν

2171 5055 2484 5126 Ἰδουμαίων
2506 5057 2606 5127 τὴν
2633 5057 2808 5127 ἀρχὴν
2836 5056 3222 5126 ποιησάμενος.
3248 5050 3356 5108 Ἦν
3389 5052 3498 5123 γάρ
3527 5053 3734 5105 τούτων

2163 5148 2264 5216 μὲν
2326 5147 2540 5214 Ἰακὼϐ,
2591 5148 2760 5202 Ἠσαῦ
2809 5149 2868 5202 δὲ
2929 5150 3174 5202 ἐκείνων.
3215 5147 3377 5214 Λέγει
3408 5145 3606 5206 τοίνυν,
3649 5143 3735 5196 ὃτι

2163 5235 2408 5307 Ἀδελτοὶ
2441 5238 2538 5307 μὲν
2569 5233 2707 5309 ἦσαν
2740 5239 3066 5309 ἀμφότεροι·
3098 5236 3194 5290 τοῦ
3237 5238 3402 5307 νόμου
3432 5236 3489 5288 δὲ
3513 5236 3606 5304 τῆς
3633 5232 3736 5302 φύσ-

2170 5345 2306 5392 σεως
2355 5329 2505 5384 κοινὰ
2556 5331 2734 5385 πάντα
2769 5330 2950 5394 αὐτοῖς
2983 5328 3284 5397 ποιοῦντος,
3325 5328 3587 5399 ἠγάπησα
3634 5327 3734 5396 μὲν

2166 5609 2299 5728 Cultu
2325 5608 2513 5663 Grch
2543 5606 2812 5678 conspirat
2844 5603 3038 5671 Arabs,
3067 5618 3190 5659 cum
3224 5599 3486 5658 llebraico
3515 5599 3740 5658 Latith

2168 5695 2232 5728 \‘ll
2263 5687 2437 5728 gntus.

2168 5687 2437 5748 \‘ttlgattts.
