3974 6146
371 292 468 351 σοι

1278 299 1829 361 COMMENTARIUS
1865 300 1935 359 IN
1971 302 2351 362 ΜΑιΑίιΗΙΔε
2390 303 2544 364 CAP.
2585 309 2628 364 l.

3523 316 3630 372 δυο

368 414 461 467 τὸν
486 411 755 487 ὑμέτερον
786 418 1129 492 προπάτορα,
1153 420 1392 493 ἐμίσησα
1414 424 1472 476 δὲ
1496 423 1586 479 τὸν
1617 424 1842 479 ἐκείνων
1862 425 1952 481 τὸν

2074 425 2272 497 ςίοιιειη
2306 429 2476 484 vestri
2514 427 2690 499 gratia
2720 428 2984 493 desolavi,
3032 440 3226 498 pmnas
3261 428 3332 485 ab
3367 429 3435 485 iis
3475 447 3634 502 repo-

378 505 552 562 Ἦσαῦ
569 526 581 538 ο
607 509 702 562 καὶ
738 510 804 580 δὴ
831 511 1214 584 διαμεμένηκα
1249 515 1348 585 μὲν
1376 515 1503 588 ἄχρι
1531 516 1627 572 τοῦ
1656 517 1835 589 δεῦρο,
1854 519 1955 590 τῆς

371 614 430 651 τε
470 600 601 669 περὶ
629 599 776 670 ὑμᾶς
808 603 1049 674 ἀγάπης,
1084 605 1178 659 καὶ
1219 605 1311 661 τοῦ
1341 607 1472 677 περὶ
1498 608 1721 663 ἐκείνων
1769 609 1956 679 μίσους

368 690 465 762 τὴν
500 689 778 758 ἀπόδειξιν
831 694 1237 766 παρεχόμενοςθ
1268 699 1452 751 πᾶσαν
1487 699 1587 768 μὲν
1616 699 1726 771 γὰρ
1775 700 1956 755 αὐτῶν

376 777 475 844 τὴν
498 776 685 852 χώραν
715 779 956 850 ἠφάνισα
989 782 1055 836 δι’
1082 784 1250 854 ὑμᾶς,
1276 785 1432 849 δίκας
1468 787 1666 850 αὐτοὺς
1696 790 1958 859 εἰσπρατ-

376 869 599 938 τόμενος
633 865 710 924 ὦν
733 870 854 924 καθ’
878 871 1032 941 ὑμῶν
1068 874 1433 947 τετολμήκασι
1451 890 1467 907 ·
1491 876 1671 928 πᾶσαν
1696 876 1753 931 δὲ
1778 878 1956 931 αὐτῶν

372 958 468 1030 τὴν
516 961 711 1030 κτῆσιν
772 965 1078 1035 μετέστησα
1132 968 1212 1029 εἰς
1284 965 1558 1037 ἐρημίαν,
1588 966 1656 1036 ἣν
1686 967 1955 1039 τοσαύτην

374 1052 556 1118 αὐτοῖς
602 1055 881 1125 ἐπήγαγον
932 1059 1027 1111 καὶ
1073 1057 1217 1112 οὕτω
1265 1058 1543 1129 χαλεπὴν,
1572 1058 1712 1111 ὥστε
1751 1060 1856 1114 κᾶν
1906 1064 1955 1116 εί

378 1145 804 1217 μεταδαλόμενοί
834 1167 963 1204 ποτε
1001 1150 1317 1223 βουληθεῖεν
1360 1149 1758 1223 διορθώσασθαι
1785 1152 1856 1206 τὰ
1887 1155 1958 1207 ol-

376 1240 519 1300 κεῖα,
550 1240 646 1292 καὶ⁵
666 1241 1088 1313 ἀνοικοδομῆσαι
1120 1244 1216 1305 τὰς
1247 1246 1618 1317 ἠρημωμένας
1640 1245 1819 1300 αὐτῶν
1853 1244 1952 1298 πό»

373 1324 484 1391 λεις
501 1346 561 1385 τε
586 1330 682 1384 καὶ
714 1331 917 1403 χώρας,
950 1334 1119 1404 μηθὲν
1146 1334 1403 1391 δύνασθαι
1427 1338 1587 1392 τοῦτο
1614 1340 1786 1391 ποιεῖν
1806 1354 1820 1368 ·
1845 1338 1950 1391 άπ-

376 1419 659 1491 ειρηνάμην
680 1424 786 1493 γὰρ
824 1426 941 1478 κατ’
969 1425 1145 1480 αὐτῶν
1178 1428 1546 1498 ὲρημίαν,καὶ
1577 1427 1826 1498 οὐδαμῶς
1842 1422 1954 1480 οἶόν

374 1526 432 1562 τε
460 1513 726 1583 συστῆναι
768 1515 838 1568 τά
875 1516 1099 1570 ἐκείνων
1132 1518 1294 1571 πάλιν
1318 1536 1329 1547 ·
1365 1520 1555 1591 ἐπειδὴ
1594 1519 1697 1573 κᾶν
1750 1519 1955 1587 ἐπιχει-

378 1602 616 1673 ρήσωσιν
641 1605 1011 1694 οἰκοδομῆσαι,
1038 1611 1396 1681 καταστρέφω
1422 1611 1586 1664 πάλιν
1610 1628 1623 1642 ·
1649 1608 1789 1662 ὥστε
1816 1606 1958 1661 ὲκεί-

2052 531 2215 572 scens
2248 518 2319 572 ob
2345 532 2410 573 ea
2443 534 2565 588 qua:
2594 520 2649 575 in
2678 534 2778 575 vos
2811 520 2934 576 ausi
2969 527 3137 576 sunt:
3171 528 3285 576 tum
3324 529 3380 578 et
3414 523 3633 580 iilorum

2051 608 2255 677 prtedia
2292 611 2477 665 omnia
2507 611 2567 665 in
2614 611 2966 667 solitudinem
3002 613 3166 677 verti,
3215 628 3383 683 quam
3425 622 3634 670 tantam

2053 707 2276 770 tamque
2305 701 2584 756 horridam
2630 702 2698 757 iis
2734 702 2915 767 intuli,
2962 708 3025 756 ut
3067 703 3285 758 etiamsi
3325 702 3466 760 forte
3503 720 3636 759 con-

2053 791 2198 846 versi
2226 788 2500 846 voluerint
2536 793 2834 862 aliquando
2874 802 3050 849 semet
3092 795 3404 860 emendare,
3453 804 3507 851 et
3537 797 3637 851 de-

2062 889 2238 937 sertas
2268 882 2435 939 urbes
2481 884 2845 955 regionesque
2886 893 3219 951 restaurare,
3250 887 3385 940 nihil
3418 889 3526 943 sint
3554 887 3635 942 ef-

2062 970 2279 1026 fecturi.
2312 970 2536 1027 Decrevi
2566 974 2712 1028 enim
2753 974 2973 1029 illorum
3024 975 3271 1030 iocorum
3301 977 3637 1043 vastitatem,

2062 1075 2165 1115 nec
2187 1062 2414 1119 omnino
2442 1062 2556 1118 fleri
2590 1064 2789 1133 poterit
2816 1070 2875 1117 ut
2906 1078 2995 1119 res
3018 1064 3263 1134 ipsorum
3293 1074 3635 1134 reparentur.

2062 1150 2197 1205 Nam
2229 1152 2276 1206 si
2314 1152 2589 1208 aedificare
2618 1154 2939 1217 moliantur,
2971 1169 3071 1224 ego
3112 1168 3307 1210 rursus
3347 1162 3589 1210 evertam
3620 1173 3633 1207 ε

2059 1243 2135 1297 ita
2163 1252 2221 1297 ut
2266 1242 2335 1299 iis
2371 1244 2515 1300 locis
2537 1244 2828 1314 appellatio
2865 1243 3345 1310 hmreatﬂermini
3379 1246 3641 1315 iniquita-

2060 1334 2154 1397 tis,
2207 1342 2399 1404 utpote
2428 1332 2513 1390 "ab
2561 1334 2851 1405 iniquitate
2904 1335 3188 1392 desolatis.
3238 1336 3307 1390 At
3357 1336 3513 1391 vobis
3565 1337 3639 1389 ita

2063 1425 2203 1480 bene
2237 1424 2419 1481 facere
2461 1426 2746 1489 constitui,
2777 1434 2839 1480 ut
2882 1433 3222 1495 spectatores
3256 1426 3477 1496 ipsimet
3512 1425 3639 1479 facti

2061 1516 2329 1571 bonorum
2352 1517 2513 1573 vobis
2538 1517 2887 1582 collatorum,
2931 1516 3025 1571 Dei
3060 1517 3351 1587 potentiam
3380 1531 3642 1588 agnosca-

2063 1607 2159 1671 tis,
2191 1607 2287 1677 qui
2316 1609 2482 1663 tantis
2515 1609 2673 1663 bonis
2700 1610 2867 1662 vitam
2896 1617 3135 1663 vestram
3167 1608 3427 1664 hetiflcat.

377 1710 488 1757 νθις
531 1696 631 1764 μὲν
677 1695 849 1767 ὄνομα
900 1700 1290 1771 ἐπικεκλῆσθαι
1351 1702 1603 1771 Ἀνομίας
1647 1702 1820 1771 ὄριον,
1874 1698 1970 1752 ατε
2006 1696 2109 1750 ὑπὸ
2151 1697 2494 1768 παρανομίας
2537 1698 2955 1769 ὴρημωμένοις“
3008 1698 3136 1768 περὶ
3181 1698 3322 1768 ὑμᾶς
3369 1696 3423 1748 δὲ
3472 1696 3643 1759 οὕτως

380 1782 676 1854 ἐδοκίμασα
704 1788 813 1840 πᾶν
833 1788 862 1841 ὅ
887 1806 938 1841 τι
967 1790 1128 1844 καλὸν
1153 1792 1571 1862 διαπράξασθαι,
1599 1791 1741 1845 ὥστε
1770 1788 1965 1849 αὐτοὺς
2005 1788 2147 1857 ὑμᾶς
2175 1788 2370 1851 θεατὰς
2400 1791 2690 1857 γεγονότας
2714 1787 2822 1841 τῶν
2858 1788 3213 1859 δωρουμένων
3236 1788 3369 1857 ΰμῖν
3401 1784 3641 1854 ἀγαθῶν,

381 1871 672 1942 ἐπιγνῶναι
701 1877 796 1931 τοῦ
826 1879 958 1934 Θεοῦ
992 1882 1091 1952 τὴν
1117 1883 1343 1952 δύναμιν
1373 1886 1644 1947 τοσούτοις
1670 1882 2058 1954 φαιδρύναντος
2089 1880 2312 1947 ἀγαθοῖς
2330 1881 2396 1934 τὰ
2425 1881 2687 1951 ὑμέτεραι

370 2038 373 2041 _
445 1967 595 2039 Στίχ.
630 1976 706 2034 ς’.
736 2001 800 2011 -
852 1973 931 2042 (p.
958 1974 1084 2045 5M)
1120 1972 1251 2029 Εἶτα
1281 1977 1561 2032 ἐπιτείνων
1584 1978 1647 2031 τὸ
1671 1977 1954 2046 ἔγκλημα.

2134 1972 2299 2030 Vens.
2314 1973 2651 2029 6.-——Deinde
2668 1972 3166 2042 expostulationetn
3181 1971 3490 2033 intendens,
3514 1991 3531 2021 ι
3552 1964 3644 2023 Fi-

385 2076 406 2111 t
428 2059 557 2124 Υἱὸς
587 2061 803 2126 δοξάζει
846 2066 1078 2138 πατέρα,
1111 2070 1206 2122 καὶ
1233 2069 1418 2133 δοῦλος
1443 2070 1534 2125 τὸν
1577 2070 1766 2141 κύριον
1789 2071 1954 2124 αὑτοῦ

383 2149 749 2222 φοϐηθήσεται
782 2170 797 2185 ·
832 2156 926 2208 καὶ
959 2159 1006 2211 εὶ
1057 2160 1240 2231 πατήρ
1288 2163 1406 2231 εἰμι
1441 2160 1553 2229 ἐγὼ
1574 2202 1590 2226 ,
1620 2153 1722 2216 ποῦ
1752 2163 1898 2215 ἐστιν
1923 2164 1956 2232 ἡ

382 2241 505 2307 δόξα
536 2259 675 2310 μου;
708 2245 802 2297 καὶ
834 2246 885 2297 εί
911 2246 1113 2318 Κύριός
1142 2250 1257 2318 ειμι
1283 2249 1417 2318 ἐγὼ,
1436 2250 1539 2304 ποῦ
1561 2254 1709 2305 ἐστιν
1733 2254 1762 2305 ὀ
1794 2252 1958 2320 φόδος

388 2349 484 2403 μου
511 2349 527 2398 ;
558 2332 713 2401 λέγει
759 2335 964 2407 Κύριος
1014 2341 1434 2411 παντοκράτωρ.
1490 2361 1510 2394 ›
1549 2341 1693 2395 Υίῶν
1742 2343 1841 2411 μὲν
1865 2339 1959 2395 οὖν

386 2423 534 2488 ίδιον,
563 2426 718 2495 φησὶ,
743 2427 971 2483 τοιαῦτα
1016 2430 1446 2503 διαπράττεσθαι
1465 2472 1481 2496 ,
1513 2434 1607 2502 ἀφ’
1655 2427 1731 2488 ὧν
1757 2435 1959 2506 κόσμος

386 2530 467 2577 τις
502 2516 598 2567 καί
625 2516 946 2586 σεμνολογία
998 2520 1285 2592 περιέσται
1315 2526 1428 2588 τοῖς
1458 2526 1725 2594 πατράσι·
1757 2525 1959 2581 δούλων

391 2603 448 2654 δὲ
476 2603 538 2656 τὸ
567 2605 703 2672 μετὰ
731 2607 924 2661 πολλοῦ
964 2609 1059 2662 τοῦ
1106 2609 1263 2672 δέους
1306 2612 1696 2685 ὑπηρετεῖσθαι
1732 2616 1843 2678 τοῖς
1875 2616 1962 2669 δε-

401 2696 671 2759 σποτικοῖς
722 2697 1079 2771 ἐπιτάγμασιν
1118 2717 1131 2730 ·
1161 2702 1271 2770 ἐγὼ
1313 2704 1393 2767 δὲ,
1450 2706 1636 2774 φησὶν,
1689 2706 1804 2777 cliti.
1863 2708 1961 2776 μὲν

403 2783 554 2854 ὑμῶν
581 2785 795 2865 Κύριος,
818 2788 912 2842 ἆτε
934 2793 1002 2856 ἐκ
1028 2790 1124 2846 τοῦ
1163 2791 1239 2863 μὴ
1284 2792 1436 2856 ὄντος
1469 2795 1612 2864 ὑμᾶς
1636 2797 1717 2858 είς
1741 2795 1802 2848 τὸ
1821 2792 1957 2850 εἷνα⁹

401 2875 729 2945 παραγαγών
762 2894 776 2908 ο
799 2878 866 2931 δι’
892 2880 1339 2952 ὑπερὸάλλουσαν
1371 2883 1429 2936 δὲ
1468 2884 1874 2956 φιλανθρωπίαν
1902 2906 1960 2942 το

394 2965 486 3018 καὶ
512 2969 853 3040 χρηστότητα
882 2970 1247 3043 ᾡκειωσάμην
1295 2991 1355 3027 τε
1387 2975 1530 3045 ὑμᾶς
1574 2977 1669 3030 καὶ
1697 2977 1964 3049 ἐδεξάμην

390 3057 535 3120 υἱοὺς
563 3059 732 3129 ἐμοὺς
754 3060 1037 3117 καλεῖσθαι
1067 3081 1080 3095 ο
1109 3064 1457 3134 μεταδέδωκά
1490 3083 1550 3118 τε
1594 3068 1722 3137 ὑμῖν
1752 3070 1964 3139 παρρη-

391 3147 508 3210 σίας
532 3147 628 3201 τοῦ
657 3150 877 3222 πατέρα
905 3151 1061 3221 ὑμῶν
1091 3152 1379 3224 ὀνομάζειν
1419 3154 1519 3223 ἐμέ
1541 3170 1556 3184 ο
1590 3153 1700 3227 ὁρῶ
1732 3154 1789 3207 δὲ
1830 3154 1965 3226 πρὸς

388 3241 666 3315 οὐδέτερον
718 3245 865 3315 ὑμᾶς
902 3247 1377 3316 εὐγωμονοῦντας
1401 3265 1414 3280 ·
1446 3246 1571 3302 οὔτε
1615 3248 1725 3319 γὰρ
1753 3249 1829 3313 ὡς
1864 3265 1966 3303 πα-

387 3333 521 3405 τέρα
533 3338 602 3405 τῇ
618 3335 995 3408 καλοκαγαθίᾳ
1024 3337 1130 3392 τῶν
1153 3340 1598 3411 ἐπιτηδευμάτων
1625 3341 1733 3394 τῶν
1756 3341 1970 3396 οἰκείων

392 3424 675 3495 σεμνύνειν
700 3427 1093 3494 ἐσπουδάκατε,
1124 3428 1247 3483 οὒτε
1274 3430 1350 3493 ὡς
1376 3430 1652 3502 Δεσπότην
1679 3430 1972 3495 δεδοικότες

388 3515 501 3569 τῶν
554 3518 948 3590 ἐπιταγμάτων
997 3519 1311 3592 φροντίζετε
1359 3522 1469 3576 τῶν
1504 3522 1673 3593 ἐμῶν.
1709 3522 1871 3576 Οὕτω
1909 3523 1973 3594 δὴ

390 3608 569 3662 κοινὸν
596 3609 741 3665 κατὰ
770 3610 988 3666 πάντων
1022 3612 1114 3665 τὸν
1142 3611 1363 3684 ἔλεγχον
1390 3613 1776 3683 ποιησάμενος,
1804 3611 1974 3683 διορί-

390 3697 492 3781 ζειΔ
519 3701 617 3755 καὶ
644 3700 717 3756 τὰ
759 3702 1030 3774 πρόσωπα
1067 3705 1159 3757 καὶ
1186 3704 1254 3758 τὰ
1285 3705 1609 3775 πράγματα,
1648 3704 1742 3758 καὶ
1764 3703 1828 3776 δὴ
1856 3703 1976 3758 διας

388 3791 689 3865 λεγόμενος
715 3794 852 3866 πρὸς
898 3796 1026 3858 τοὺς
1059 3795 1239 3868 ἱερέας
1280 3796 1423 3849 οὔτω
1463 3795 1658 3867 φησίν·
1701 3815 1722 3848 ι
1766 3796 1973 3865 Ὑμεῖς,

387 3883 446 3941 οι
475 3884 665 3956 ἱερεῖς,
685 3886 736 3941 οὶ
770 3886 1119 3954 φαυλίζοντες
1146 3889 1208 3943 τὸ
1231 3889 1401 3959 ὄνομά
1439 3905 1563 3960 μου.
1584 3906 1603 3939 ι
1640 3887 1847 3957 Ὑμεῖς,
1871 3904 1977 3957 φη-

392 3976 505 4051 σὶν,
538 3978 590 4030 οὶ
626 3977 729 4050 τὴν
770 3977 1114 4053 λειτουργίαν
1159 3979 1658 4053 ἐμπεπιστευμένοι
1683 3979 1783 4051 τὴν
1803 3978 1976 4044 θείαν,

393 4069 496 4125 καὶ
521 4069 709 4142 ὁδηγοὶ
748 4073 863 4136 τοῖς
898 4072 1101 4138 λοιποῖς
1133 4074 1439 4144 ὀφείλοντες
1487 4070 1629 4128 εἶναι
1661 4072 1770 4127 τῶν
1801 4089 1980 4143 κρειτ-

393 4158 592 4227 τόνων,
620 4159 848 4217 τοιαῦτα
890 4162 1286 4237 διαπράττεσθε
1310 4164 1403 4233 ἀφ’
1445 4159 1523 4218 ὧν
1571 4162 1785 4226 οὐδενὸς
1827 4162 1981 4228 ἄξιον

392 4252 528 4312 εντα
563 4271 636 4325 με
663 4254 825 4324 λόγου
852 4256 1096 4310 δείκνυτε
1140 4259 1255 4321 τοῖς
1286 4256 1357 4311 τά
1388 4256 1522 4327 παρ’
1563 4254 1725 4326 ὑμῶν
1744 4253 1981 4324 πραττόο

398 4361 542 4416 μενα
566 4346 759 4419 δρῶσι.
791 4364 812 4399 ι
851 4349 961 4402 Καὶ
989 4348 1204 4414 εἴπατε,
1246 4350 1336 4404 Ἐν
1370 4347 1479 4402 τίνι
1521 4348 1899 4419 ἐφαυλίσαμεν-
1919 4346 1984 4401 es

395 4435 576 4506 ὄνομά
598 4453 693 4491 σου
721 4454 738 4504 ;
777 4456 802 4491 ι
848 4436 1081 4509 Ὁμοίως
1129 4437 1410 4493 κάνταῦθα
1455 4438 1629 4507 λέγων
1660 4437 1723 4492 τὸ
1752 4438 1981 4503 εἴπατε,

398 4527 492 4582 ἵνα
540 4529 675 4600 εἴπῃ
703 4528 809 4594 ὅτι,
844 4529 941 4584 Ἐκ
980 4530 1182 4602 πολλῆς
1230 4530 1328 4601 τῆς
1365 4528 1697 4601 ἀπροσεξίας
1734 4529 1855 4584 οὐδὲ
1899 4528 1986 4583 αι’·-

2058 2064 2188 2129 lius,
2224 2065 2422 2134 inquit,
2469 2064 2703 2119 honorat
2742 2071 2972 2133 patrem,
3020 2071 3075 2119 et
3122 2077 3316 2118 servus
3358 2061 3642 2116 dominum

2059 2170 2221 2210 suum
2251 2155 2483 2210 timebit.
2524 2155 2680 2221 Quod
2715 2158 2759 2211 si
2785 2164 2938 2224 pater
2958 2169 3060 2224 ego
3084 2168 3228 2216 sum,
3251 2153 3341 2208 ubi
3358 2161 3442 2208 est
3470 2154 3645 2205 honor

2060 2247 2251 2301 meus?
2274 2253 2331 2300 et
2361 2246 2409 2301 si
2432 2245 2698 2301 Dominus
2719 2260 2819 2317 ego
2847 2260 2993 2308 sum,
3019 2244 3112 2299 ubi
3140 2253 3226 2299 est
3255 2244 3421 2298 timor
3448 2243 3642 2296 meus?

2060 2341 2139 2392 ait
2175 2338 2440 2394 Dominus
2486 2341 2858 2409 omnipotens.
2902 2359 2920 2390 ι
2958 2337 3225 2393 Filiorum
3258 2337 3481 2406 quidem
3530 2334 3645 2389 offi-

2061 2430 2205 2485 cium
2230 2438 2337 2493 est,
2362 2431 2559 2499 inquit,
2590 2446 2654 2485 ea
2680 2445 2840 2500 agere
2874 2430 3023 2484 unde
3054 2437 3439 2483 ornamentum
3467 2426 3645 2497 quod-

2060 2518 2184 2574 dam
2215 2525 2271 2574 et
2297 2519 2473 2574 decus
2513 2520 2835 2589 parentibus
2878 2518 3146 2572 conﬂatur
3174 2534 3190 2571 :
3235 2530 3521 2571 servorum
3551 2528 3649 2567 au-

2058 2619 2168 2667 tem
2193 2611 2367 2665 multo
2398 2626 2522 2665 cum
2553 2619 2704 2664 metu
2733 2609 3000 2665 herilibus
3026 2608 3344 2665 subservire
3370 2605 3641 2677 jussihus.

2061 2702 2346 2773 Egotvero,
2377 2702 2577 2772 inquit,
2605 2701 2873 2757 Dominus
2912 2709 3097 2756 vester
3137 2715 3283 2765 sum,
3317 2712 3417 2753 ceu
3456 2699 3551 2767 qui
3581 2712 3649 2751 ex

2062 2792 2237 2847 nihilo
2264 2806 2361 2847 vos
2390 2792 2459 2847 ad
2490 2790 2868 2846 exsistendum
2900 2789 3166 2860 produxi;
3198 2796 3254 2843 et
3275 2802 3492 2843 summa
3529 2800 3649 2840 mea

2061 2882 2395 2954 benignitate
2424 2898 2490 2937 ac
2518 2883 2762 2939 bonitate
2790 2883 2847 2937 in
2878 2896 3057 2936 meam
3089 2879 3523 2934 familiaritatem
3565 2892 3651 2932 re-

2064 2975 2205 3044 cepi,
2250 2981 2305 3028 et
2354 2988 2505 3032 meos
2550 2972 2695 3028 ﬁlios
2746 2972 3021 3042 appellare
3050 2984 3149 3026 vos
3200 2983 3322 3024 sum
3370 2966 3648 3038 dignatus,

2064 3068 2431 3137 fiduciamque
2464 3063 2622 3119 vobis
2647 3063 2853 3120 indulsi
2914 3069 2975 3117 ut
3020 3060 3238 3116 Patrem
3284 3074 3373 3114 me
3426 3071 3653 3113 vocare-

2066 3163 2158 3219 tis.
2199 3161 2469 3217 Caeterum
2503 3173 2601 3215 vos
2638 3159 2793 3214 nulla
2844 3158 2900 3211 in
2950 3172 3011 3211 re
3058 3162 3246 3226 gratos
3273 3152 3476 3209 video:
3525 3162 3650 3204 nam

2071 3270 2249 3325 neque
2275 3264 2334 3308 ut
2364 3261 2598 3324 patrem,
2635 3257 2950 3323 vestrorum
2980 3256 3202 3303 actuum
3234 3246 3522 3303 honestate
3565 3253 3653 3294 me

2070 3347 2346 3402 honorare
2381 3343 2669 3415 satagiu's;
2703 3356 2883 3412 neque
2943 3349 3005 3394 ut
3037 3339 3327 3394 Dominum
3353 3340 3607 3390 verentes
3636 3370 3652 3394 ,

2073 3440 2328 3495 mandata
2358 3452 2478 3493 mea
2504 3436 2661 3507 pensi
2703 3434 2940 3489 habetis.
2984 3431 3077 3485 Sic
3119 3443 3253 3499 ergo
3289 3424 3657 3482 communiter

2073 3533 2292 3591 cunctis
2317 3531 2643 3601 objurgatis,
2670 3543 2796 3583 mox
2826 3538 3093 3596 personas
3115 3520 3436 3590 singillatim
3461 3516 3658 3572 distin-

2075 3625 2193 3695 guit
2216 3633 2272 3677 et
2295 3630 2488 3687 actus;
2531 3628 2588 3674 et
2621 3618 2938 3674 sacerdotes
2968 3614 3186 3683 quidem
3227 3610 3535 3678 alloquens,
3576 3605 3658 3662 sic

2077 3713 2191 3768 ait:
2234 3728 2253 3762 ι
2291 3707 2404 3765 Vos
2445 3702 2889 3772 sacerdotes,qui
2933 3697 3215 3770 despicitis
3255 3697 3416 3768 367
3458 3707 3658 3750 nomen

2077 3816 2283 3857 meum.
2328 3819 2351 3853 ι
2378 3798 2510 3865 Vos,
2555 3796 2757 3867 quibus
2800 3794 3046 3849 divinum
3095 3789 3466 3845 ministerium
3508 3801 3661 3843 com-

2078 3896 2307 3950 mlssum
2331 3897 2437 3955 est,
2478 3888 2686 3960 quique
2712 3888 2883 3944 duces
2909 3884 3123 3942 caeteris
3158 3883 3226 3939 ad
3250 3883 3503 3938 virtutem
3538 3892 3661 3935 esse

2078 3984 2314 4046 debetis,
2362 3982 2440 4037 ita
2483 3980 2689 4047 vivitis,
2740 3987 2802 4034 ut
2847 3977 2999 4035 nullo
3038 3989 3128 4029 me
3156 3973 3379 4043 dignum
3408 3975 3660 4040 respectu

2079 4072 2389 4131 ostendatis
2432 4068 2524 4135 iis,
2552 4068 2647 4138 qui
2703 4081 2887 4122 mores
2912 4070 3128 4120 vestros
3170 4061 3487 4117 observant.
3541 4075 3559 4109 ι
3598 4055 3663 4110 Et

2079 4166 2301 4223 dixistis
2323 4183 2341 4219 :
2374 4162 2435 4218 in
2461 4176 2572 4233 quo
2602 4158 2957 4230 despeximus
2993 4168 3193 4211 nomen
3221 4153 3411 4209 tuum?
3438 4171 3461 4205 ι
3497 4148 3667 4205 Simb-

2080 4259 2209 4315 liter
2238 4257 2345 4312 hoe
2376 4254 2542 4311 etiam
2593 4252 2715 4307 loco
2763 4250 2841 4306 ait
2872 4268 2893 4301 ι
2946 4247 3188 4312 dixistis,
3225 4265 3245 4299 ι
3288 4259 3410 4316 pro,
3432 4242 3519 4304 Ob
3541 4255 3666 4313 gra-

2083 4362 2202 4405 vem
2240 4345 2550 4404 socordiam
2581 4351 2843 4407 vestram,
2888 4356 2959 4397 ne
3002 4353 3226 4396 sensum
3270 4336 3491 4407 quidem
3530 4331 3664 4387 tanti

2085 4437 2295 4512 peccati
2340 4436 2576 4499 habetis,
2611 4434 2709 4490 sed
2752 4434 2831 4488 ita
2859 4433 3044 4487 animo
3084 4429 3270 4487 affecti
3301 4428 3459 4492 estis,
3504 4424 3665 4494 quasi

2086 4531 2222 4588 nihil
2280 4531 2645 4598 incongruum
2713 4523 3026 4596 gesseritis,
3088 4533 3405 4594 quanquam
3463 4522 3667 4570 tantam

402 4618 601 4692 σθησιν
633 4620 788 4692 ἔχετε
814 4622 908 4676 ἐπὶ
961 4622 1040 4694 τῷ
1086 4623 1326 4693 τοσούτῳ
1353 4621 1805 4693 πλημμελήματι,
1851 4621 1970 4676 ἀλλά

2090 4621 2264 4692 culpae
2286 4618 2483 4675 molem
2515 4616 2825 4674 sustinetis.

397 4712 669 4769 διέκεισθε
696 4714 774 4777 ὡς
797 4712 948 4767 οὐδὲν
976 4713 1172 4770 ἄτοπον
1194 4714 1649 4786 διαπραττόμενοι
1667 4752 1683 4777 ,
1708 4714 1882 4768 καίτοι
1919 4731 1986 4783 γε

400 4804 662 4860 τοσοῦτον
682 4804 1040 4876 ἐργαζόμενοι
1071 4808 1260 4862 κακόν.

472 4897 629 4968 Στίχ.
664 4896 731 4963 ς’.
765 4926 839 4939 ·-
863 4894 999 4952 Εἶτα
1019 4897 1169 4967 λέγει
1199 4897 1295 4953 καὶ
1319 4897 1381 4951 τὸ
1406 4896 1687 4968 γινόμενον
1706 4913 1720 4927 ·
1755 4914 1782 4949 ι
1809 4897 1987 4967 Προσ-

405 4990 635 5059 ἁιοντες
688 4989 828 5061 πρὸς
896 4991 959 5044 τὸ
1006 4989 1390 5061 θυσιαστήριον
1447 4990 1643 5060 ἄρτους
1692 4988 1991 5059 ὴλισγημέ-

406 5095 552 5142 νους.
588 5096 611 5133 ι
645 5080 722 5133 Οὐ
746 5079 857 5152 γὰρ
880 5081 1022 5135 κατά
1040 5080 1141 5151 τὴν
1169 5078 1271 5134 τοῦ
1290 5080 1455 5150 νόμου
1482 5078 1849 5142 διδασκαλίαν,
1872 5077 1994 5130 οὐδὲ

411 5172 555 5226 κατὰ
584 5172 688 5237 τὰς
717 5173 1023 5237 Μωσαῖκάς
1054 5173 1347 5240 διατάξεις,
1392 5173 1468 5243 (p.
1500 5172 1627 5242 542)
1676 5172 1772 5224 σὺν
1803 5171 1996 5240 ἐπιμε-

408 5261 532 5335 λείᾳ
568 5263 815 5317 ποιεῖσθε
842 5263 951 5318 τῶν
972 5264 1154 5336 ἄρτων
1177 5265 1277 5334 τὴν
1300 5263 1577 5333 πρόθεσιν,
1620 5261 1756 5316 ἀλλὰ
1787 5261 1996 5322 κοινοὺς

413 5354 509 5408 καὶ
529 5355 607 5418 ὥς
639 5355 834 5427 ἔτυχεν
868 5356 1162 5425 γεγονότας
1190 5355 1342 5427 παρὰ
1361 5354 1420 5408 τὸ
1443 5353 1863 5424 διατεταγμένον
1897 5352 1995 5405 λα·

414 5447 619 5515 δόντες,
645 5451 847 5514 αὐτοϋς
874 5451 1146 5504 ἐπιτίθετε
1171 5453 1237 5520 τῇ
1258 5449 1505 5521 τραπέζῃ
1528 5466 1541 5479 ·
1567 5448 1712 5515 λέγει
1734 5446 1790 5499 δὲ
1829 5463 1847 5496 ι
1883 5444 1998 5513 ἡλι-

418 5542 724 5611 σγημένους
754 5562 774 5595 ι
801 5543 926 5606 τοὺς
955 5542 1258 5611 ζυμωτοὺς,
1297 5541 1325 5593 ὃ
1356 5538 1633 5610 προδήλως
1671 5536 1907 5590 ἐναντίον
1929 5529 1996 5603 ἦν

418 5628 497 5701 τῷ
533 5631 689 5702 νόμῳ.
724 5630 970 5702 ἀζύμους
1020 5633 1112 5683 ἐπὶ
1146 5630 1236 5683 τοῦ
1291 5627 1675 5697 θυσιαστηρίου
1727 5626 1996 5680 κελεύοντι

424 5725 792 5793 προσάγεσθαι
834 5724 955 5787 τοὶς
980 5724 1193 5793 ἄρτους,
1223 5721 1466 5791 ζηλωτὸν
1496 5720 1550 5774 δὲ
1584 5718 1843 5790 μηδόλως.
1883 5717 1993 5769 Πᾶ-

2164 4899 2334 4954 Vsns.
2362 4899 2420 4951 7.
2452 4927 2524 4937 —
2546 4893 2671 4950 Mox
2701 4901 2757 4948 et
2783 4905 2897 4947 rem
2927 4893 3132 4961 gestam
3162 4890 3382 4939 narrat:
3408 4898 3427 4933 ι
3461 4878 3671 4935 Obtuli-

2096 4991 2199 5046 stis
2232 4990 2395 5044 altari
2444 5002 2568 5043 meo
2599 5000 2769 5055 panes
2810 4983 3073 5053 pollutos.
3119 4995 3140 5030 υ
3174 4974 3331 5031 Haud
3356 4973 3511 5044 juxta
3538 4970 3675 5042 legis

2093 5080 2423 5143 doctrinam,
2446 5092 2625 5148 neque
2639 5076 2796 5146 juxta
2818 5072 3090 5128 Mosaicas
3113 5065 3562 5124 constitutiones.
3584 5074 3676 5114 ae-

2096 5179 2283 5226 curate
2298 5167 2510 5224 fecistis
2530 5181 2733 5234 panum
2762 5161 3215 5235 propositionem,
3248 5155 3344 5213 sed
3361 5164 3678 5210 communes

2097 5266 2153 5314 et
2199 5263 2365 5327 prout
2411 5255 2569 5310 vobis
2604 5258 2966 5309 occurrerunt
3007 5256 3204 5319 praeter
3246 5246 3331 5302 fas
3375 5250 3676 5303 sumentes,

2099 5362 2303 5404 mensae
2332 5344 2697 5416 imposuistis.
2734 5341 2981 5396 Pollutos
3024 5349 3206 5392 autem
3249 5334 3487 5408 appellat
3510 5344 3677 5402 panes

2099 5441 2494 5505 fermentatos;
2527 5434 2817 5491 manifeste
2837 5433 2893 5488 id
2908 5433 3053 5489 enim
3077 5429 3414 5485 contrarium
3438 5427 3540 5497 legi
3563 5436 3680 5480 erat

2101 5546 2324 5604 azymos
2358 5529 2571 5600 jubenti
2618 5542 2790 5599 panes
2820 5525 3035 5589 offerre,
3082 5527 3465 5578 fermentatum
3518 5517 3672 5572 nihil

2102 5626 2327 5681 Omnem
2369 5623 2536 5686 enim,
2563 5621 2761 5692 inquit,
2795 5618 3123 5673 oblationem
3148 5628 3311 5685 quam
3343 5611 3453 5666 Deo
3491 5606 3680 5662 aﬂerc~

2110 5715 2335 5772 tis,sinc
2379 5729 2569 5786 ειη-1ης)
2605 5712 2842 5769 facit-tis.
2897 5709 3059 5777 Quod
3088 5724 3210 5762 cum
3244 5713 3352 5760 tam
3400 5696 3684 5773 perspin
