3974 6146
364 282 476 341 ’ϐθδ
1301 289 1852 350 COMMENTARIUS
1885 289 1949 346 IN
1983 289 2359 349 HALACHIxE
2399 291 2556 351 CAP.
2593 292 2633 349 l.
3430 250 3443 265 ρ
3542 299 3648 356 606
3704 358 3705 361 η

432 396 583 470 Στίχ.
620 397 879 469 ι’·ιβἏ-ι
903 399 1044 455 Διότι
1070 404 1164 456 καὶ
1183 402 1239 456 ἐν
1273 403 1400 475 ὑμῖν
1438 407 1923 480 συγκλεισθήσοντα

2028 458 2029 461 η
2128 404 2296 464 Vens.
2344 406 2526 464 10-12.
2583 435 2652 447 --
2693 424 2714 458 ι
2756 404 3025 473 Quoniam
3070 412 3126 464 et
3179 405 3236 464 in
3286 406 3443 466 vobis
3490 410 3648 466 clau-

364 489 547 562 θύραι,
570 492 667 547 καὶ
688 493 789 547 οὐκ
807 493 1045 564 auom
1062 495 1123 548 τὸ
1154 494 1538 570 θυσιαστήριόν
1563 517 1665 570 μου
1689 499 1918 572 δωρεάν.

2058 495 2256 553 dentur
2299 496 2460 564 ostia,
2497 512 2674 568 neque
2706 497 3054 555 suecendetis
3101 499 3275 555 altare
3309 514 3493 555 meum
3527 516 3646 572 gra-

362 585 437 643 οὐ
472 584 584 657 γὰρ
607 586 846 658 χαλεπόν
879 606 971 659 μοι
998 589 1092 643 καὶ
1116 589 1213 644 νῦν
1236 589 1435 645 ἄϐατον
1460 592 1589 663 ὑμῖν
1621 594 1843 665 ποιῆσαι
1865 593 1923 647 τὸ

2056 586 2150 641 tis.
2190 607 2210 640 ι
2245 586 2364 643 Νοη
2401 595 2488 650 est
2522 589 2668 644 enim
2700 587 2833 644 mihi
2866 589 3122 655 arduum,
3157 591 3414 661 templum
3460 607 3642 648 meum

360 676 490 734 ναὸν
515 676 608 731 τὸν
636 677 791 749 ἐμὸν,
820 679 916 734 καὶ
948 680 1153 737 παῦσαι
1188 682 1348 738 πάλιν
1370 683 1516 753 ὑμᾶς
1537 684 1631 741 τοῦ
1656 684 1735 756 τῷ
1771 685 1923 741 θυσια

2054 678 2211 734 vobis
2244 679 2589 738 inaccessum
2625 678 2860 746 efﬁcere,
2902 681 3165 751 vehisque
3212 682 3517 739 ministerio
3562 685 3644 736 al-

364 770 569 839 στηρίῳ
594 769 986 841 ὑπηρετεῖσθαι
1018 770 1098 841 τῷ
1135 770 1273 843 ὶμῷ,
1307 772 1808 845 διαπραττομένους
1839 792 1921 829 τοι

2054 766 2191 823 taris
2226 768 2335 823 mei
2374 768 2725 851 interdicere,
2757 770 2885 825 talia
2909 773 3234 842 agentibus:
3267 776 3413 844 quod
3444 789 3639 845 reapse

361 860 537 915 αὕτα·
567 861 706 933 ὅπερ
748 857 843 919 οὖν
879 863 983 933 ἠδη
1029 863 1328 934 πεποίηκα,
1372 865 1647 935 παραδοὺς
1689 866 1792 937 μὲν
1817 883 1923 937 πυρ

2048 856 2162 927 jam
2205 857 2332 923 feci,
2382 858 2496 928 igni
2546 860 2807 930 templum
2872 863 3155 930 tradendo,
3210 873 3498 934 postquam
3540 881 3640 921 vos

360 952 509 1015 ναὸν,
557 941 764 1023 ἐπειδῆ
779 952 1234 1024 πλημμελοῦντας
1273 955 1417 1025 ὑμᾶς
1456 956 1729 1026 ἀνήκεστα
1763 956 1923 1029 ἐώρωί

2051 948 2468 1005 intolerabiliter
2515 964 2744 1020 peccare
2780 950 2835 1006 in
2861 967 2926 1008 eo
2954 954 3336 1021 animadverti,
3386 970 3488 1010 nec
3523 970 3632 1009 non

360 1044 418 1096 ὲν
448 1043 636 1114 αὑτῷ·
676 1045 1025 1117 αἰχμαλωσίᾳ
1063 1045 1120 1099 δὲ
1150 1047 1293 1117 ὑμᾶς
1326 1048 1615 1119 παραδοὺς,
1664 1054 1721 1104 ὲν
1759 1043 1918 1125 ᾖκαθ

2053 1041 2109 1096 in
2140 1042 2521 1112 captivitatem
2545 1045 2909 1111 amandando,
2938 1046 2993 1101 in
3032 1063 3138 1118 qua
3169 1049 3454 1104 constituti
3494 1048 3632 1103 nihil

359 1134 616 1200 εστῶτες,
643 1135 797 1189 οὐδὲν
810 1135 918 1189 τῶν
942 1139 1022 1200 είς
1050 1138 1329 1209 ἱερατικὴν
1350 1139 1686 1210 λειτουργίαν
1707 1142 1923 1214 ήκόντω

2050 1134 2116 1189 ad
2163 1136 2504 1192 sacerdotale
2551 1137 2916 1194 ministerium
2950 1140 3237 1209 pertinens
3280 1154 3440 1211 agere
3483 1149 3633 1211 pote-

361 1226 537 1278 ποιείν
567 1220 672 1278 οἷοί
700 1242 762 1278 τε
790 1222 911 1298 ἦτε.
948 1246 967 1278 ι
1000 1228 1115 1281 υὺκ
1146 1229 1291 1282 ἔστιν
1329 1229 1544 1301 θέλημά
1572 1248 1675 1303 μου
1700 1232 1758 1286 ὲν
1793 1233 1923 1303 ὑμῖν

2048 1228 2203 1283 ratis.
2243 1245 2263 1280 ι
2297 1227 2415 1284 Non
2455 1237 2544 1286 est
2571 1230 2823 1288 voluntas
2854 1245 2974 1287 mea
3016 1231 3071 1286 in
3112 1232 3297 1299 vobis,
3343 1232 3479 1287 dicit
3526 1230 3631 1287 Do-

360 1317 509 1385 λέγει
542 1317 749 1388 Κύριος
798 1318 1216 1390 παντοκράτωρ,
1261 1321 1355 1375 καὶ
1394 1321 1585 1376 θυσίαν
1622 1323 1686 1376 οὐ
1719 1324 1923 1393 ιιιροσδιί⁴

2049 1316 2234 1374 minus
2270 1319 2664 1389 omnipotens;
2696 1337 2877 1393 neque
2916 1323 3194 1379 victimam
3256 1324 3522 1409 accipiam
3562 1324 3632 1380 de

361 1406 521 1477 ξομαι
552 1407 620 1460 ὲκ
639 1406 749 1460 τῶν
779 1408 976 1478 χειρῶν
1021 1408 1194 1479 ὑμῶν.
1240 1429 1259 1461 ι
1295 1405 1367 1464 Εὖ
1401 1410 1505 1482 γὰρ
1532 1412 1649 1467 ἴστε
1679 1413 1762 1469 ὅτι
1785 1413 1923 1485 ἄχρις

2046 1408 2301 1466 manibus
2333 1411 2554 1467 vestris.
2590 1431 2611 1466 ι
2645 1411 2823 1469 Probe
2873 1415 3093 1480 scitote,
3126 1430 3214 1470 me
3254 1405 3500 1486 quaridiu
3554 1415 3631 1470 ita

356 1495 425 1549 ἂν
454 1495 682 1550 τοιαῦτα
719 1497 1135 1569 διαπράττεσθε,
1174 1499 1592 1571 ἀποστρέφομαί
1623 1519 1685 1555 τε
1718 1502 1787 1557 τὰ
1812 1518 1923 1576 παρ

2045 1513 2145 1555 vos
2169 1500 2383 1571 geritis,
2425 1511 2814 1557 aversaturum
2849 1504 3115 1575 quidquid
3155 1507 3215 1559 ﬁt
3259 1520 3289 1559 a
3317 1506 3495 1569 vobis,
3535 1522 3631 1561 ne-

358 1587 515 1657 ὑμῶν
541 1587 822 1658 γινόμενα,
857 1589 951 1642 καὶ
987 1589 1083 1652 τὰς
1110 1589 1300 1654 θυσίας
1332 1591 1485 1661 ὑμῶν
1510 1592 1571 1646 οὑ
1612 1593 1923 1666 προσίεμαι

2044 1600 2151 1656 que
2182 1588 2453 1649 sacriﬁcia
2493 1599 2678 1646 vestra
2724 1592 3095 1648 admissurum
3126 1613 3141 1650 :
3174 1596 3531 1664 quamobrem
3562 1611 3632 1651 ne

355 1677 496 1732 ὥστε
530 1678 653 1731 οὑδὲ
682 1679 747 1731 τὸ
796 1679 987 1749 κέρδος
1020 1681 1334 1745 ἁποίσεσθε,
1369 1683 1443 1754 (p.
1476 1684 1606 1753 545)
1632 1680 1804 1759 οὗπερ
1847 1680 1923 1742 οὖπ

2043 1679 2471 1736 emolumentum
2517 1683 2738 1752 quidem
2774 1684 3161 1753 reportabitis,
3197 1690 3358 1754 cujus
3404 1702 3505 1757 spe
3544 1702 3631 1743 sa-

356 1768 531 1825 ἑλπίδι
558 1768 668 1822 τῶν
700 1769 903 1824 θυσιῶν
922 1771 1020 1842 τὴν
1046 1775 1415 1844 προσκομιδὴν
1444 1777 1702 1831 ποιεῖσθε.
1737 1757 1923 1833 σῖΔιόττ

2046 1768 2253 1825 criﬁcia
2303 1769 2599 1827 addueitis.
2635 1789 2656 1825 s
2688 1772 2959 1839 Quoniam
2998 1777 3067 1831 ab
3094 1784 3218 1833 ortu
3272 1778 3408 1834 solis
3454 1794 3630 1850 usque

355 1859 462 1912 ἀπὸ
482 1859 759 1914 ἀνατολῶν
789 1861 938 1932 ἡλίου
970 1862 1065 1916 καὶ
1094 1862 1200 1926 ἕως
1227 1864 1446 1935 δυσμῶν
1476 1868 1643 1922 αὑτοῦ
1675 1869 1734 1922 τὸ
1769 1870 1923 1942 ὄνομά

2044 1859 2115 1914 ad
2143 1874 2404 1917 occasum
2450 1861 2594 1932 ejus,
2642 1878 2842 1919 nomen
2888 1879 3070 1921 meum
3119 1866 3536 1936 honoriﬁcatur,
3573 1878 3628 1924 et

358 1965 457 2018 μου
484 1947 757 2016 δοξάσειεν
782 1952 893 2013 τοϊς
914 1950 1112 2016 ἔθνεσι,
1140 1955 1234 2007 καὶ
1258 1956 1315 2007 ἐν
1332 1958 1492 2010 παντὶ
1519 1959 1668 2031 τόπῳ
1686 1960 1923 2033 θυμίαμα

2045 1946 2102 2002 in
2152 1950 2300 2004 omni
2349 1950 2470 2005 loco
2514 1953 2798 2009 incensum
2843 1952 3070 2009 offertur
3114 1957 3324 2011 nomini
3374 1973 3518 2022 meo,
3572 1967 3628 2014 et

355 2038 689 2110 προσάγεται
712 2038 791 2109 τῷ
814 2041 1035 2111 ὀνόματί
1060 2059 1185 2112 μου,
1213 2046 1306 2097 καὶ
1333 2044 1491 2099 θυσία
1520 2047 1735 2118 καθαρά
1753 2066 1770 2082 ’
1799 2051 1937 2107 διότι

357 2131 500 2201 μέγα
530 2132 593 2185 τὸ
622 2132 797 2203 ὄνομα
819 2150 920 2203 μου
952 2133 1009 2186 ἐν
1037 2136 1148 2196 τοῖς
1169 2133 1367 2199 ἔθνεσι,
1397 2136 1546 2207 λέγει
1567 2139 1768 2211 Κύριος
1795 2160 1935 2198 παν-

351 2226 659 2297 τοκράτωρ.
710 2243 731 2277 ι
780 2226 1141 2296 ’Δπανταχοῦ,
1172 2229 1325 2298 φησὶ,
1358 2230 1462 2300 γῆς
1505 2232 1604 2302 τὴν
1639 2234 1935 2305 ὀνομασίαν

350 2317 449 2388 τὴν
469 2318 612 2388 ἐμὴν
641 2317 883 2381 ἅπαντες
903 2318 1189 2373 διώκουσιν
1216 2323 1264 2374 oi
1289 2325 1419 2376 ὅπου
1445 2324 1572 2376 ποτὲ
1595 2325 1934 2392 καθεστῶτες

348 2405 457 2460 τῶν
482 2405 787 2476 ἀνθρώπιον
805 2408 969 2461 ’Θεὸν
998 2408 1106 2481 γὰρ
1134 2412 1313 2465 σέϐειν
1346 2414 1679 2469 ἐσπούδακεν
1705 2416 1932 2484 ἕκαστος

352 2499 447 2552 καὶ
470 2499 570 2570 τὴν
598 2500 784 2554 τούτου
814 2502 1095 2572 περιέπειν
1120 2504 1432 2574 ὀνομασίαν,
1460 2508 1537 2570 ὼς
1564 2508 1636 2563 ἂν
1661 2512 1932 2569 Δεσπότου

354 2608 418 2644 τε
448 2593 546 2645 καὶ
585 2594 814 2664 Κυρίου·
846 2596 986 2664 ὅπερ
1030 2592 1124 2649 οὗν
1151 2598 1320 2661 ὅντως
1363 2601 1478 2669 εἰμὶ
1522 2601 1671 2669 ἐγώ·
1715 2603 1857 2658 ὥστε
1881 2607 1931 2659 εί

358 2681 459 2734 καὶ
519 2682 914 2754 πεπλανημένοι
958 2682 1039 2749 οἷς
1085 2688 1145 2740 οὑ
1191 2689 1434 2759 προσῆκε
1486 2692 1587 2762 τὴν
1635 2693 1931 2764 ὀνομασίαν

360 2772 696 2843 περιτιθέασι
738 2774 837 2847 τὴν
864 2778 1026 2850 ἐμὴν,
1074 2779 1209 2832 ἀλλὰ
1244 2782 1342 2851 τὴν
1372 2783 1511 2852 ἐμήν
1544 2799 1607 2850 γε
1634 2785 1783 2849 ὅπως
1828 2802 1930 2838 πε-

358 2863 637 2931 ριέπουσιν
691 2866 950 2933 ἅπαντες,
1000 2870 1092 2923 καὶ
1140 2873 1227 2925 ἐπ’
1274 2873 1495 2942 ὀνόματι
1548 2874 1627 2946 τῷ
1670 2876 1790 2948 ἒμῷ
1827 2876 1931 2942 τὰς

349 2952 539 3017 θυσίας
561 2956 893 3024 ἐπιτελοῦσι,
923 2961 1138 3014 πάντων
1185 2963 1436 3033 μέγιστον
1470 2967 1563 3018 καὶ
1590 2967 1808 3022 πάντων
1830 2968 1929 3023 ὑπι-

343 3045 535 3117 ερέχον
562 3047 894 3119 νομιζόντων
912 3053 976 3106 τὸ
999 3053 1155 3107 Θείον
1172 3071 1184 3084 ·
1215 3055 1371 3125 ὑμεῖς
1402 3056 1459 3109 δὲ
1493 3057 1552 3110 τὸ
1580 3059 1735 3129 παρὰ
1761 3063 1927 3116 πᾶσιν

341 3136 482 3191 οὕτω
518 3139 664 3209 μέγα
696 3159 755 3194 τε
793 3144 1144 3215 νομιζόμενον
1173 3147 1265 3200 καὶ
1312 3148 1506 3201 σεπτὸν
1551 3149 1924 3222 ἐξυϐρίζοντες
1950 3136 1975 3167 ι

341 3229 600 3296 φαίνεσθε
621 3246 636 3260 ο
663 3233 851 3304 ἐπειδὴ
877 3236 936 3287 ἐν
955 3237 1033 3306 τῷ
1056 3238 1152 3306 τὴν
1184 3238 1463 3307 τράπεζαν
1501 3241 1597 3313 τὴν
1637 3244 1776 3315 ἐμὴν
1805 3261 1923 3299 κοι-

339 3319 435 3391 νὴν
466 3323 745 3393 ἡγεῖσθαι,
776 3328 870 3381 καὶ
915 3330 1076 3398 μηδὲν
1106 3331 1336 3399 ἔχουσαν
1364 3333 1524 3385 πλέον
1560 3334 1669 3387 τῶν
1696 3335 1921 3404 λοιπῶν,

340 3414 408 3466 τά
440 3430 500 3466 τε
527 3415 884 3487 ἐπιτιθέμενα
919 3421 1185 3491 μηδεμιᾶς
1219 3423 1345 3487 ἄξια
1386 3427 1630 3494 νομίζειν
1664 3429 1920 3499 σπουδῆς,

338 3504 565 3559 τοιαῦτά
594 3508 655 3559 τέ
691 3526 782 3578 μοι
809 3513 1157 3582 προσφέρειν,
1183 3517 1280 3586 τὴν
1308 3517 1448 3586 ἐμὴν
1474 3518 1768 3589 ὀνομασίαν
1788 3537 1921 3591 προ-

338 3595 513 3664 δήλως
535 3599 935 3669 ὲνυὸρίζοντες,
976 3604 1228 3670 φαίνεσθε
1266 3607 1323 3658 ὲν
1354 3608 1565 3671 οὐδενὸς
1596 3609 1754 3680 μέρει
1780 3609 1922 3664 τιθέ-

342 3698 491 3751 μενοι
524 3685 588 3737 τὸ
620 3685 798 3750 Θείον,
822 3689 851 3741 ὃ
881 3692 1030 3761 παρὰ
1073 3695 1236 3745 πᾶσιν
1264 3695 1405 3747 οὕτω
1431 3714 1487 3749 τε
1535 3698 1679 3765 μέγα
1708 3701 1802 3752 καὶ
1829 3717 1923 3768 φο-

338 3772 497 3863 sepe»;
532 3777 865 3849 ὑπείληπται
911 3783 1002 3837 καὶ
1032 3785 1323 3855 σεϐάσμιον
1364 3789 1457 3843 καὶ
1500 3789 1715 3844 πάντων
1748 3791 1920 3863 vimp-

336 3860 457 3933 ἐχον
479 3863 727 3930 δικαίως.

405 3957 557 4028 Στίχ,
598 3959 686 4028 ιγ’,
721 3960 801 4014 ιδ’.
823 3991 895 4001 —
926 3982 945 4015 ι
980 3963 1087 4017 Καὶ
1116 3966 1323 4032 εἴπατε,
1360 3968 1543 4022 Ταῦτα
1568 3971 1631 4023 ὲκ
1673 3989 1922 4027 κακοπαο

337 4046 488 4113 θείας
517 4051 637 4104 ἐστί
660 4067 674 4081 ’
706 4055 798 4106 καὶ
828 4054 1136 4127 ἑξεφύσησα
1174 4060 1332 4123 αὑτὰ,
1369 4060 1514 4130 λέγει
1550 4063 1758 4133 Κύριος
1787 4082 1920 4120 παν-

335 4142 648 4215 τοκράτωρ.
686 4162 711 4196 ι
736 4141 873 4199 Εἶτα
893 4148 1050 4220 ὑμεῖς
1074 4149 1197 4220 μὲν,
1220 4152 1376 4222 φησι,
1405 4154 1733 4225 σεμνύνεσθε
1754 4157 1832 4221 ὡς
1854 4159 1919 4212 ἐκ

334 4232 500 4287 πόνου
546 4234 646 4290 καὶ
964 4239 1060 4293 καὶ
1100 4243 1471 4307 κακοπαθείας
1519 4248 1918 4320 προσφέροντες

334 4325 498 4391 ιδίας,
529 4326 605 4398 (p.
633 4317 764 4400 646)
793 4329 904 4398 ὲγὼ
925 4331 983 4384 δὲ
1015 4332 1156 4388 αὐτὰ
1195 4334 1494 4406 ἀπέρριψα,
1528 4317 1796 4410 τοσαύτην
1823 4334 1917 4392 οὖ-

332 4432 437 4471 σαν
460 4418 622 4488 ὑμῶν
655 4419 753 4490 τὴν
777 4422 837 4474 ἐν
876 4425 943 4493 τῇ
975 4426 1313 4496 προσκομιδῇ
1349 4429 1752 4499 καταφρόνησιν
1779 4430 1916 4486 θεω-

329 4508 467 4581 ρῶν.
509 4528 533 4563 s
568 4511 682 4567 Καὶ
704 4513 986 4586 εἰσφέρετε
1009 4517 1373 4587 ἁρπάγματα,
1405 4522 1499 4573 καὶ
1536 4521 1707 4591 χωλὰ,
1734 4524 1830 4577 καὶ
1850 4524 1920 4577 τὰ

328 4601 735 4673 ινοχλοὺμεναο
782 4607 878 4659 καὶ
921 4608 1257 4681 προσφέρετε
1305 4610 1444 4664 αὑτὰ
1481 4613 1562 4676 είς
1611 4611 1835 4667 θυσίαν·
1869 4615 1920 4670 εί

328 4693 703 4765 προσδέξομαι
735 4695 875 4750 αὑτὰ
899 4697 964 4751 ἐκ
989 4697 1097 4751 τῶν
1124 4700 1325 4770 χειρῶν
1345 4700 1518 4772 ὑμῶν,
1546 4703 1691 4771 λέγει
1717 4704 1920 4778 Κύριος

325 4787 784 4859 παντοκράτωρ.»
798 4789 1014 4861 Ἐπειδὴ
1036 4788 1097 4843 δὲ
1114 4792 1210 4845 καὶ
1237 4794 1297 4847 ἐν
1314 4797 1433 4858 ταῖς
1458 4795 1668 4859 θυσίαις
1690 4798 1918 4853 τοιαῦτα

327 4879 755 4950 προσ-κομίζετε,
812 4880 893 4934 ἔτι
949 4881 1149 4952 μᾶλλον
1198 4883 1341 4939 αὐτὰ
1387 4886 1798 4960 ἀπεπεμπόμην
1843 4890 1918 4956 ὡς

324 4968 515 5038 φαῦλα
548 4970 647 5024 καὶ
688 4970 755 5025 ὲκ
794 4972 1004 5043 φαύλης
1047 4976 1464 5047 προσφερόμενα
1493 4977 1738 5050 γνώμης.
1783 4975 1917 5036 Εἶτα

326 5062 425 5115 καὶ
450 5060 619 5130 νόμον
645 5061 834 5128 τιθεὶς,
870 5082 892 5115 ι
927 5065 1039 5118 Καὶ
1071 5066 1470 5136 ὲπικατάρατος
1503 5068 1562 5132 ὃς
1587 5064 1656 5141 ἢν
1694 5071 1917 5135 δυνατὸς

326 5152 424 5204 καὶ
449 5152 699 5224 ὑπῆρχεν
726 5152 785 5206 ἑν
811 5154 895 5225 τῷ
917 5156 1153 5227 ποιμνίῳ
1177 5156 1341 5211 αὑτοῦ
1376 5158 1543 5230 ἄρσεν
1563 5176 1578 5195 -
1605 5161 1699 5213 καὶ
1725 5163 1757 5231 ή
1781 5161 1913 5234 εὐχὴ

325 5238 494 5293 αὑτοῦ
529 5242 592 5294 ὲν
633 5241 813 5313 αὑτῷ·
839 5244 935 5298 καὶ
992 5243 1109 5298 θύει
1155 5245 1526 5319 διεφθαρμένα
1567 5248 1648 5320 τῷ
1687 5250 1911 5324 Κυρίῳο

324 5330 464 5384 διότι
500 5331 757 5402 βασιλεὺς
801 5335 976 5405 μέγας
1014 5335 1126 5405 ἐγώ
1169 5340 1304 5408 εἰμι,
1343 5339 1489 5408 λέγει
1525 5343 1729 5414 Κύριος
1778 5361 1914 5399 παν-

325 5423 651 5495 τοκράτωρι
708 5424 806 5479 καὶ
868 5424 930 5480 τὸ
987 5428 1160 5498 ὄνομά
1226 5446 1326 5499 μου
1379 5432 1640 5501 ἐπιφανὲς
1694 5434 1752 5487 ἐν
1802 5438 1913 5499 τοῖς

326 5510 529 5568 ἔθνεσι.
565 5533 587 5567 s
622 5517 740 5581 Πᾶς
766 5514 839 5586 δὴ
861 5553 877 5579 ,
896 5519 1080 5589 φησὶν,
1120 5521 1283 5591 εὑχὴν
1303 5522 1394 5576 ἐπὶ
1424 5522 1583 5593 Boot;
1620 5529 1912 5598 πεποιημέ.

328 5618 440 5673 νος,
468 5605 593 5662 εἶτα
620 5609 874 5684 εὐπορῶν
903 5612 994 5663 καὶ
1035 5612 1331 5683 δυνάμενος
1364 5616 1427 5668 ἐκ
1456 5617 1563 5667 τῶν
1603 5619 1911 5689 προσόντων

330 5698 480 5774 αὐτῷ
517 5705 785 5776 ποιμνίων
834 5709 1199 5775 προσαγαγεῖν
1247 5707 1411 5779 ἄρσεν
1459 5726 1513 5760 τε
1552 5712 1643 5763 καὶ
1688 5713 1907 5791 δόκιμον

2044 2040 2311 2095 mundum
2363 2042 2720 2100 sacriﬁcium.
2781 2046 2920 2112 Quia
2970 2062 3229 2119 magnum
3285 2058 3371 2105 est
3425 2065 3625 2107 nomen

2042 2144 2224 2186 meum
2275 2132 2331 2187 in
2383 2133 2660 2203 gentibus,
2700 2135 2836 2190 dicit
2882 2135 3149 2195 Dominus
3196 2141 3562 2210 omnipotens.
3597 2162 3619 2196 ι

2044 2220 2279 2294 Ubique,
2307 2224 2506 2297 inquit,
2539 2235 2809 2284 terrarum
2840 2246 3038 2288 nomen
3077 2250 3258 2290 meum
3303 2238 3487 2292 cuncti
3531 2253 3621 2293 se-

2042 2322 2265 2372 ctantur
2331 2319 2599 2390 cujusque
2661 2321 2901 2392 regionis
2966 2324 3179 2382 incolae.
3239 2326 3373 2382 Nam
3418 2329 3620 2399 singuli

2044 2402 2216 2463 Deum
2279 2409 2461 2466 colere
2513 2417 2790 2481 satagunt,
2847 2413 3077 2486 ejusque
3116 2432 3317 2472 nomen
3366 2420 3619 2474 venerari

2044 2509 2146 2552 ceu
2195 2496 2456 2568 principis
2520 2511 2685 2572 atque
2733 2502 3386 2577 domini:cujuscemodi
3432 2524 3622 2564 revera

2038 2602 2140 2659 ego
2178 2603 2305 2645 sum
2339 2589 2523 2647 :adeo
2559 2598 2638 2659 ut,
2697 2596 2910 2652 etiamsi
2955 2612 3143 2653 errore
3171 2599 3382 2669 decepti
3420 2614 3621 2655 nomen

2038 2677 2109 2735 iis
2147 2684 2291 2751 (νιος
2318 2695 2447 2749 ,ηοη
2488 2681 2643 2739 decet
2674 2685 2985 2756 ianponunt,
3020 2689 3377 2746 nihilominus
3421 2706 3619 2746 nomen

2039 2768 2218 2825 adhuc
2278 2786 2460 2827 meum
2519 2775 2926 2845 quodammodo
2978 2778 3252 2835 honorant
3301 2797 3515 2845 omnes,
3563 2792 3621 2837 et

2030 2859 2099 2939 in
2132 2863 2361 2919 nomine
2397 2880 2521 2920 meo
2557 2867 2825 2924 sacriﬁcia
2870 2869 3178 2939 perﬁciunt,
3210 2873 3340 2926 dum
3373 2874 3617 2928 omnium

2032 2966 2218 3011 rerum
2262 2954 2557 3010 maximam
2593 2966 2648 3013 et
2683 2959 3198 3015 excellentissimam
3231 2962 3485 3033 judicant
3535 2965 3619 3020 di~

2037 3042 2338 3099 vinitatem.
2378 3043 2484 3102 Vos
2520 3053 2701 3103 tamen
2740 3064 2852 3104 rem
2897 3051 3145 3106 omnium
3193 3054 3453 3123 Opinione
3499 3070 3615 3111 ma—

2028 3143 2193 3199 gnam
2245 3148 2311 3189 ac
2360 3138 2726 3193 venerabilem
2774 3143 3105 3198 contumelia
3160 3147 3421 3216 prosequi
3452 3147 3608 3201 vide-

2030 3224 2188 3293 mini,
2215 3226 2342 3297 quia
2370 3227 2500 3283 dum
2538 3245 2785 3288 mensam
2828 3249 3004 3290 meam
3052 3236 3385 3293 existimatis
3428 3238 3614 3308 profa-

2028 3330 2181 3384 nam,
2225 3325 2279 3373 et
2336 3319 2510 3375 nihilo
2566 3322 2739 3392 pluris
2780 3337 2945 3393 quam
3006 3327 3166 3391 alias,
3220 3336 3274 3383 et
3324 3343 3447 3397 quae
3504 3332 3615 3385 illic

2029 3406 2312 3478 imponitis
2358 3410 2508 3465 nullo
2551 3409 2767 3468 delectu
2813 3413 3159 3483 dignamini,
3200 3424 3258 3471 et
3307 3416 3424 3470 haec
3479 3418 3613 3471 mihi

2029 3496 2319 3553 offerentes
2355 3501 2565 3561 nomini
2590 3516 2711 3556 meo
2728 3503 3013 3560 manifeste
3043 3504 3232 3572 injurii
3262 3507 3416 3567 estis,
3451 3505 3607 3569 hinc,

2028 3586 2276 3658 inquam,
2310 3588 2480 3643 Deum
2508 3590 2675 3660 370
2718 3590 2873 3649 ﬂocci
2906 3592 3023 3648 ﬁeri
3058 3608 3090 3648 a
3146 3593 3302 3649 vobis
3354 3605 3595 3659 eonstat,

2010 3681 2126 3746 .qui
2172 3682 2414 3735 omnium
2455 3682 2666 3750 judicio
2714 3698 2943 3753 magnus
2999 3692 3088 3740 est
3140 3693 3197 3740 et
3249 3687 3512 3744 terribiiis
3556 3696 3611 3743 et

2032 3777 2298 3841 augustos
2336 3779 2392 3826 et
2416 3786 2505 3826 res
2535 3786 2727 3828 omnes
2761 3774 2958 3829 merito
2980 3775 3272 3833 excedens.

2099 3985 2266 4043 Vens.
2307 3988 2393 4052 15,
2426 3987 2510 4041 14.
2548 4018 2620 4029 --
2656 4007 2675 4040 ι
2713 3987 2779 4042 Et
2806 3988 3023 4046 dixistis
3060 4009 3073 4046 :
3115 3990 3240 4048 llaec
3273 3992 3340 4048 ab
3367 4008 3610 4050 mrumna

2024 4086 2176 4133 sunt.
2210 4079 2277 4134 Et
2305 4079 2588 4135 exsufﬂavi
2619 4095 2706 4146 ea,
2737 4080 2870 4136 dicit
2899 4080 3161 4140 Dominus
3190 4085 3554 4157 omnipotens.
3585 4107 3602 4138 ι

2022 4167 2238 4226 Deinde
2293 4186 2412 4240 vos,
2459 4173 2659 4243 inquit,
2721 4173 3028 4243 gloriamini
3078 4176 3235 4246 quasi
3288 4191 3353 4233 ex
3401 4178 3607 4244 labore,

2024 4261 2344 4329 sudoribus,
2377 4278 2729 4335 aerumnaque
2752 4265 2974 4335 prepria
3010 4266 3338 4337 offerentes;
3369 4278 3607 4325 attamen

2028 4365 2131 4423 ego
2174 4353 2291 4409 haec
2322 4355 2509 4425 rejeei,
2552 4345 2761 4411 tantum
2789 4366 3033 4413 vestrum
3082 4360 3136 4414 in
3162 4358 3440 4417 oﬂ'erendo
3477 4379 3609 4417 con-

1950 4462 1994 4519 ο
2029 4449 2296 4513 templum
2319 4446 2532 4502 videns.
2560 4465 2578 4499 ι
2606 4444 2672 4502 Et
2704 4447 3023 4506 inferebatis
3049 4452 3290 4521 rapinas,
3315 4460 3368 4507 et
3391 4454 3606 4519 clauda,

2021 4543 2078 4590 et
2105 4535 2388 4605 languida,
2429 4545 2483 4591 et
2507 4551 2571 4592 ea
2607 4538 2861 4594 sacriﬁcii
2902 4538 3025 4595 loco
3061 4541 3296 4596 dabatis.
3329 4540 3467 4595 Num
3505 4558 3607 4614 ego

2019 4642 2082 4682 ea
2137 4629 2396 4699 recipiam
2456 4629 2524 4684 de
2578 4631 2834 4686 manibus
2874 4629 3121 4688 vestris?
3153 4633 3288 4687 dicit
3338 4632 3606 4689 Dominus

2021 4720 2395 4791 Omnipotens.
2442 4738 2461 4773 ι
2492 4718 2762 4788 Quoniam
2812 4722 2931 4777 luce
2976 4722 3213 4776 victima:
3260 4735 3429 4779 causa
3478 4721 3606 4779 affe-

2019 4810 2247 4877 rebatis,
2280 4809 2535 4881 equidem
2586 4818 2647 4866 ut
2677 4811 2805 4867 vilia
2850 4810 3053 4883 vilique
3086 4826 3154 4866 ex
3205 4819 3389 4869 mente
3421 4812 3605 4866 oblata

2017 4902 2366 4971 respuebam.
2422 4901 2545 4958 Mox
2616 4913 2672 4959 et
2726 4904 2901 4975 legem
2968 4905 3210 4960 recitans
3260 4922 3280 4958 ι
3334 4900 3606 4983 «Maledi—

2018 4999 2163 5057 etus,
2201 5012 2222 5044 ι
2285 4992 2497 5062 inquit,
2558 5010 2577 5044 ι
2613 4993 2707 5064 qui
2751 4994 2903 5049 dives
2951 5000 3101 5060 erat,
3157 4991 3497 5061 habebatque
3547 4992 3610 5045 in

2017 5097 2181 5152 grege
2225 5096 2328 5137 suo
2375 5084 2682 5138 masculum
2736 5102 2751 5140 :
2804 5093 2858 5140 et
2906 5087 3086 5139 oratio
3130 5083 3259 5153 ejus
3312 5085 3368 5139 in
3413 5083 3534 5154 ipso
3585 5103 3596 5139 :

2016 5177 2071 5225 et
2123 5171 2397 5226 sacriﬁcat
2438 5181 2699 5242 corrupta
2744 5169 2999 5228 Domino.
3046 5173 3183 5238 Quia
3233 5188 3329 5229 rex
3367 5188 3613 5245 magnus.

2017 5277 2117 5333 ego
2159 5278 2302 5328 sum,
2360 5266 2494 5319 dicit
2549 5265 2815 5320 Dominus
2865 5265 3236 5335 omnipotens,
3294 5282 3602 5338 nomenque

2015 5371 2195 5410 meum
2242 5356 2454 5412 illustre
2504 5358 2557 5411 in
2602 5357 2874 5427 gentibus.
2916 5375 2935 5409 ι
2992 5357 3357 5429 Quicumque,
3397 5359 3602 5430 inquit,

2014 5462 2228 5516 precem
2263 5448 2394 5504 facit
2424 5450 2782 5505 sacriﬁcando
2804 5491 2818 5515 ,
2860 5457 2913 5506 et
2949 5467 3072 5506 eum
3103 5453 3174 5508 sit
3205 5452 3358 5509 dives
3396 5458 3599 5524 possit-

2015 5553 2120 5607 que
2157 5553 2222 5593 οι
2257 5538 2372 5594 suis
2413 5540 2670 5612 gregibus
2706 5540 2901 5596 offerre
2948 5543 3271 5610 masculum,
3312 5552 3366 5599 et
3397 5545 3597 5614 proba~

2015 5637 2151 5691 tum,
2186 5637 2240 5684 ct
2273 5633 2417 5701 quod
2461 5630 2569 5688 Deo
2615 5631 2877 5688 offeratur
2917 5633 3180 5705 dignum;
3231 5637 3276 5691 si
3314 5635 3364 5690 id
3411 5644 3601 5691 tamen

2014 5721 2237 5779 minime
2273 5723 2482 5789 offerat,
2518 5725 2611 5782 sed
2653 5725 2755 5781 vile
2793 5726 2992 5800 aliquid
3028 5735 3082 5783 et
3126 5736 3453 5798 corruptum
3473 5729 3583 5783 Dec
