3974 6146
364 281 482 336 -607

1537 285 1893 346 THEODOBI‘
1914 248 2403 347 mansuesrenr

3520 292 3625 349 608

377 394 675 457 sacriﬁcet,
718 396 785 462 is,
835 396 1074 465 inquam,
1125 410 1338 451 summa
1394 398 1592 469 dignus
1625 416 1786 471 poena
1816 412 1946 459 est:

2063 404 2149 457 καὶ
2176 398 2288 457 οἷον
2327 401 2696 475 προσάγεσθαι
2742 403 2948 475 πρέπον
2986 403 3137 474 Θιῷ’
3182 400 3278 458 καὶ
3322 406 3478 458 τοῦτο
3526 408 3625 475 μὲν

376 486 508 557 quia
551 485 659 541 Deo
693 488 933 541 omnium
963 485 1316 553 dominatori,
1364 497 1421 544 et
1449 495 1665 547 cunctis
1710 494 1950 549 homini-

379 575 486 631 bus
536 576 606 631 ob
660 576 888 645 pr0prim
931 581 1144 630 natura!
1199 581 1628 649 magnitudinem
1689 584 1948 654 cognito,

379 666 591 736 copiam
623 666 700 721 rei
724 666 903 736 dignae
936 665 1167 734 habens,
1203 667 1528 726 deteriorem
1558 672 1738 729 oﬂ'ert.

1034 995 1190 1051 CAP.
1232 997 1297 1051 ii.

446 1123 614 1181 Vens.
653 1127 698 1189 Ι,
729 1126 784 1180 2.
819 1158 885 1170 —-
919 1147 938 1179 ι
978 1128 1042 1183 Et
1075 1145 1223 1185 nunc
1255 1132 1569 1186 mandatum
1599 1133 1705 1189 hoc
1736 1136 1805 1190 ad
1832 1151 1948 1202 vos,

381 1229 416 1270 ο
455 1218 814 1275 sacerdotes:
847 1219 963 1276 Nisi
998 1222 1303 1285 audieritis,
1354 1233 1407 1278 et
1434 1225 1541 1280 nisi
1577 1229 1868 1296 posueritis
1897 1230 1951 1284 in

377 1308 545 1363 corde
572 1317 752 1383 vestro
783 1312 911 1367 dare
952 1314 1178 1383 gloriam
1222 1316 1430 1369 nomini
1468 1333 1610 1379 meo,
1654 1321 1728 1372 ait
1770 1319 1954 1375 Domi-

380 1412 485 1452 nus
522 1382 899 1469 omnipotens,
934 1382 1145 1456 mittam
1177 1419 1344 1472 super
1370 1421 1466 1461 vos
1493 1408 1949 1475 maledictionem,

378 1494 434 1539 et
465 1488 785 1541 maledicam
807 1490 1177 1545 benedictioni
1208 1503 1418 1557 vestrae,
1447 1506 1499 1549 et
1522 1498 1838 1553 mali-dicam
1870 1501 1950 1555 ei:

380 1584 433 1630 et
459 1578 617 1647 371
650 1579 935 1650 dissipabo
976 1582 1413 1640 benedictionem
1447 1596 1707 1655 vestram,
1752 1598 1805 1645 et
1845 1606 1951 1647 non

382 1669 489 1723 erit
530 1669 584 1723 in
631 1672 806 1737 vobis,
842 1673 969 1743 quia
1013 1690 1111 1730 vos
1163 1692 1269 1729 non
1304 1678 1507 1746 ponitis
1561 1680 1613 1733 in
1661 1682 1828 1737 corde
1857 1700 1948 1738 ve-

382 1767 519 1814 stro.
562 1778 583 1812 »
622 1759 697 1814 En
727 1777 827 1833 ego
855 1763 970 1817 haec
998 1763 1066 1818 de
1101 1766 1254 1820 vobis
1284 1767 1541 1830 decerno,
1573 1769 1666 1838 qui
1697 1772 1951 1826 sacerdo-

387 1852 480 1904 tali
526 1852 833 1907 ministerio
880 1854 1200 1926 fungimini;
1250 1858 1395 1926 quod
1438 1859 1542 1912 nisi
1586 1876 1733 1915 nunc
1775 1863 1953 1919 velitis

385 1942 576 1996 sedulo
618 1943 780 1999 dictis
826 1947 961 1999 meis
998 1948 1300 2011 attendere,
1342 1958 1397 2003 et
1429 1952 1718 2006 ministerii
1752 1953 1954 2008 seduli-

385 2039 498 2087 tate
517 2033 754 2088 debitam
777 2041 1300 2109 convenientemque
1322 2038 1431 2096 Deo
1453 2043 1682 2111 gloriam
1706 2045 1952 2111 reddere,

386 2124 678 2178 maximam
702 2125 858 2180 vobis
886 2140 1101 2195 ptenam
1136 2128 1365 2183 inferam
1395 2148 1409 2196 ;
1434 2140 1487 2184 et
1517 2132 1664 2188 hunc
1692 2135 1953 2192 honorem

384 2227 496 2282 quo
534 2214 752 2270 interim
798 2216 1068 2283 fruimini,
1114 2221 1168 2272 in
1225 2219 1467 2277 dedecus
1503 2234 1556 2278 et
1587 2236 1955 2282 aerumnarum

384 2309 816 2377 experimentum
841 2318 1158 2365 convertam
1183 2331 1199 2380 ;
1228 2312 1493 2384 vobisque
1519 2330 1739 2374 omnem
1768 2336 1954 2376 sacer-

387 2399 622 2453 dotalem
662 2400 944 2455 detraham
985 2402 1274 2468 honorem,
1311 2406 1387 2459 ita
1431 2414 1493 2460 ut
1523 2422 1685 2463 nemo
1713 2390 1955 2465 vestrum

385 2489 636 2559 dignitati
669 2492 798 2547 huic
838 2493 1115 2547 succedat.
1144 2493 1301 2550 Patet
1342 2496 1487 2551 enim
1522 2498 1957 2555 maledictionem

386 2579 497 2634 diei
525 2596 625 2650 pro
654 2596 813 2652 prona
856 2590 911 2639 et
939 2600 1311 2643 arrumnarum
1349 2588 1720 2657 experimento
1751 2609 1765 2645 :
1795 2591 1957 2647 benev-

386 2671 682 2729 dictionem
732 2689 884 2740 vero,
943 2691 1045 2746 pro
1105 2676 1375 2733 bonorum
1423 2677 1702 2735 fruitione.
1758 2681 1960 2748 Quam-

387 2762 578 2817 obrem
613 2764 695 2820 sic
717 2767 1085 2822 sacerdotium
1117 2782 1338 2839 quoque
1360 2770 1616 2840 appellat,
1647 2786 1747 2827 ceu
1788 2772 1961 2829 bono-

391 2867 513 2906 rum
542 2855 842 2910 multorum
868 2872 1090 2912 causam
1122 2866 1238 2912 tum
1269 2859 1354 2916 his
1375 2861 1469 2930 qui
1495 2860 1626 2916 illud
1657 2864 1958 2935 possident,

389 2949 507 2996 tum
547 2945 715 3000 etlam
767 2947 879 3004 illis
926 2962 1161 3018 quorum
1212 2950 1389 3021 gratia
1430 2949 1486 3005 id
1537 2956 1779 3011 exerceri
1827 2972 1965 3014 con-

390 3036 578 3108 tingit.

460 3214 631 3273 Vens.
663 3217 719 3282 3,
751 3218 806 3274 ι.
834 3247 906 3260 -
937 3217 1142 3277 Deinde
1173 3221 1245 3278 ob
1272 3224 1448 3296 magis
1475 3225 1961 3286 demonstrandam

392 3307 821 3378 indignatione
878 3326 1057 3378 suam,
1093 3330 1113 3365 ι
1151 3312 1291 3369 Ecce
1347 3330 1470 3386 ego,
1526 3317 1623 3386 ait,
1672 3320 1963 3391 projiciam

392 3396 716 3462 humerum,
775 3406 832 3455 et
870 3399 1179 3475 dispergam
1241 3406 1606 3462 ventriculum
1675 3410 1731 3464 in
1791 3409 1965 3468 facies

393 3496 627 3557 vestras,
647 3498 703 3545 et
729 3491 1027 3563 suscipiam
1064 3509 1162 3549 vos
1187 3494 1242 3550 in
1267 3496 1320 3552 id
1354 3497 1559 3568 ipsum.
1596 3519 1616 3554 ι
1649 3501 1965 3559 Mandatum

389 3587 510 3633 erat
537 3595 571 3634 a
596 3580 734 3652 lege,
775 3590 834 3638 ut
872 3583 1030 3653 quasi
1071 3585 1307 3642 electum
1335 3589 1579 3661 aliquod,
1612 3604 1965 3665 separaretur

392 3668 506 3727 Deo
536 3671 818 3730 humerus.
862 3673 1023 3731 Haud
1065 3676 1211 3731 uitra
1254 3678 1420 3750 igitur
1451 3697 1522 3738 ne
1545 3683 1652 3739 hoe
1683 3685 1903 3756 quidem
1932 3700 1964 3742 a

394 3762 551 3819 vobis
609 3765 910 3837 recipiam;
967 3769 1170 3824 etenim
1226 3771 1381 3828 nulla
1432 3787 1493 3829 re
1537 3788 1639 3846 ego
1688 3775 1962 3847 indigens,

393 3856 651 3915 utilitatis
684 3868 882 3917 vestrm
911 3865 1086 3934 gratia
1111 3866 1193 3923 sic
1223 3865 1340 3923 ﬁeri
1370 3867 1782 3924 constitueram.
1805 3867 1965 3924 Nunc

393 3956 577 4006 autem
605 3951 734 4022 quia
759 3961 973 4009 tantum
1001 3956 1108 4013 mei
1147 3965 1523 4028 contemptum
1563 3958 1876 4026 ostenditis,
1906 3968 1968 4015 ut

393 4056 483 4098 me
521 4057 586 4100 re
638 4044 735 4100 tali
786 4045 1057 4103 honorare
1097 4050 1325 4119 putetis,
1372 4049 1662 4106 humerum
1704 4051 1965 4105 nimirum

394 4133 532 4188 mihi
573 4133 868 4202 atterendo,
910 4138 1068 4195 vobis
1109 4140 1259 4196 hunc
1299 4147 1573 4212 retroago,
1611 4147 1673 4196 ut
1717 4140 1970 4211 indigna-

395 4223 564 4281 tionis
603 4239 738 4281 mete
787 4236 1172 4297 argumentum
1226 4230 1381 4287 vobis
1419 4231 1729 4288 exhibeam.
1777 4229 1967 4287 Sinam

395 4327 528 4370 vero
559 4329 657 4371 vos
686 4315 790 4372 hoc
814 4316 980 4373 etiam
1004 4320 1154 4377 vesci
1186 4336 1311 4377 cum
1342 4321 1660 4377 animalium
1691 4329 1967 4391 stercore;

2051 502 2113 554 οὐ
2149 500 2460 573 προσάγων,
2500 498 2701 568 φαῦλον
2731 499 2790 552 δέ
2828 518 2880 553 τι
2925 499 3017 554 καὶ
3048 497 3443 570 διεφθαρμένον
3481 498 3624 553 θύων

2052 593 2132 664 τῷ
2163 592 2301 663 Θεῷ,
2339 592 2441 661 τῆς
2484 592 2718 662 ἐσχάτης
2758 591 2906 656 ἄξιός
2949 593 3064 644 ἐστι
3107 592 3403 662 τιμωρίαςν
3434 593 3622 663 ἐπειδὴ

2051 684 2170 753 Θεῷ
2203 684 2421 737 πάντων
2451 682 2803 753 βασιλεύοντι,
2837 682 2929 735 καὶ
2958 681 3106 751 παρὰ
3126 682 3290 734 πᾶσιν
3317 678 3624 750 ἀνθρώποις

2054 774 2256 845 ὁμοίως
2304 773 2397 826 ἐπὶ
2425 773 2503 843 τῷ
2534 771 2752 842 μεγέθει
2784 772 2882 842 τῆς
2922 773 3126 836 οἰκείας
3152 771 3494 842 »ἐγνωσμένῳ
3522 773 3624 842 φύ-

2057 880 2192 927 σεως
2210 911 2231 938 ,
2249 862 2493 933 εὐπορῶν
2523 856 2604 916 ὧν
2633 863 2731 928 δεῐ,
2772 862 3035 930 προσάγει
3067 862 3136 916 τά
3167 861 3243 942 μή
3273 861 3519 917 τοιαῦτα.

2678 999 2836 1053 ΚΕΦ.
2877 999 2952 1052 Β¹.

2129 1131 2281 1201 Στίχ.
2324 1139 2395 1195 α’,
2428 1131 2492 1202 β’.
2523 1158 2592 1172 --
2633 1148 2653 1181 ι
2693 1129 2803 1184 Καὶ
2849 1127 2944 1183 νῦν
2989 1129 3023 1199 ή
3064 1126 3257 1199 ἐντολὴ
3301 1126 3439 1198 αῦτη
3490 1129 3626 1200 πρὸς

2057 1225 2201 1295 ὑμᾶς
2222 1263 2237 1289 ,
2256 1223 2306 1276 οί
2319 1220 2503 1293 ἱερεῖς’
2521 1219 2648 1277 Ἐὰν
2661 1221 2736 1293 μὴ
2746 1217 3119 1288 ἀκούσητεκαὶ
3134 1215 3229 1271 ὲάν
3247 1214 3321 1286 μὴ
3362 1218 3521 1273 θέσθε
3545 1220 3625 1281 εἰς

2052 1315 2152 1385 τὴν
2185 1313 2413 1386 καρδίαν
2457 1313 2613 1383 ὑμῶν
2650 1311 2714 1365 τὸ
2744 1309 2927 1366 δοῦναι
2953 1309 3111 1377 δόξαν
3134 1309 3213 1380 τῷ
3247 1309 3470 1380 ὀνόματί
3499 1325 3622 1379 μου,

2053 1408 2200 1476 λέγει
2255 1406 2460 1477 Κύριος
2522 1403 2942 1475 παντοκράτωρ·
2998 1402 3092 1455 καὶ
3142 1401 3486 1468 ἐξαποστελῶ
3538 1402 3623 1470 ἐφ’

2055 1499 2200 1568 ὑμᾶς
2238 1495 2341 1567 τὴν
2385 1496 2649 1565 κατάραν,
2693 1495 2787 1547 καὶ
2834 1493 3302 1563 ὲπικαταράσομαι
3344 1488 3443 1561 τὴν
3473 1489 3624 1542 εὐλο-

2054 1590 2178 1659 γίαν
2205 1588 2378 1659 ὑμῶν,
2411 1587 2502 1641 καὶ⁸
2532 1585 2911 1658 καταράσομαι
2940 1583 3130 1653 αὐτὴν,
3159 1585 3254 1637 καὶ
3290 1581 3625 1635 διασκεδάσω

2055 1684 2154 1751 τὴν
2185 1680 2436 1748 εὐλογίαν
2460 1679 2612 1750 ὑμῶν
2634 1695 2649 1711 ·
2676 1678 2771 1730 καὶ
2803 1678 2903 1730 οὐκ
2923 1676 3073 1729 ἔσται
3093 1677 3151 1728 ὲν
3173 1674 3324 1744 ὑμῖν,
3356 1674 3439 1727 ὅτι
3467 1674 3625 1743 ὑμεῖς

1982 1738 2024 1792 Β
2055 1738 2123 1823 οῦ
2150 1738 2361 1822 τίθεσθε
2392 1738 2741 1838 ἐπίκαρδίας
2780 1766 2952 1835 ὑμῶν.
2995 1784 3023 1817 ιν
3049 1770 3125 1835 (p.
3161 1738 3284 1834 δίη
3312 1738 3626 1832 νἈλλάτγάρ

2059 1859 2168 1912 ίδοὺ
2218 1858 2392 1912 ταῦτα
2435 1859 2560 1927 περὶ
2609 1856 2762 1927 ὑμῶν
2815 1855 3180 1925 ἀποφαίνομαι
3224 1853 3333 1906 τῶν
3386 1853 3480 1904 ἐπὶ
3525 1852 3626 1921 τῆς

2057 1947 2339 2018 ἱερατικῆς
2389 1944 2743 2000 καθεστώτων
2796 1944 3169 2014 λειτουργίαςο
3204 1943 3285 1995 ὅτι
3324 1942 3370 1993 εί
3408 1939 3483 2011 μὴ
3531 1939 3627 1992 νῦν

2055 2039 2187 2107 γοῦν
2219 2038 2561 2109 βουληθείητε
2593 2037 2794 2107 σπουδῇ
2840 2039 2948 2099 τοῖς
2991 2036 3120 2105 παρ’
3147 2032 3281 2104 ὲμοῦ
3317 2031 3627 2101 λεγομένοις

2057 2131 2365 2201 προσέχειν,
2396 2129 2490 2182 καὶ
2542 2131 2609 2199 τῇ
2653 2129 2751 2197 τῆς
2792 2125 3129 2198 λειτουργίας
3188 2122 3475 2192 ἐπιμελείᾳ
3529 2121 3627 2191 τὴν

2057 2220 2435 2291 προσήκουσαν
2483 2236 2542 2271 τε
2576 2219 2670 2272 καὶ
2713 2216 3067 2287 ὀφειλομένην
3109 2215 3367 2268 ἀποτῖσαι
3395 2212 3483 2281 τῷ
3509 2212 3627 2281 Θεῷ

2057 2312 2233 2376 δόξαν,
2271 2311 2530 2382 μεγίστην
2554 2311 2681 2381 ὑμῖν
2701 2309 2891 2375 ἐπάξω
2903 2308 3191 2379 τιμωρίαν,
3218 2307 3312 2358 καὶ
3345 2305 3444 2376 τὴν
3463 2305 3627 2374 τιμὴν

2057 2403 2116 2455 δὲ
2149 2401 2355 2473 ταύτην
2399 2396 2465 2473 ἧς
2516 2400 2817 2454 ἀπολαύετε
2855 2399 2972 2465 νῦν,
3018 2400 3104 2462 τίς
3151 2398 3377 2468 ἀτιμίαν
3422 2414 3483 2450 τε
3534 2398 3633 2450 καὶ

2059 2496 2255 2566 πεῖραν
2291 2494 2614 2565 μεταστήσω
2646 2495 2854 2557 κακῶν,
2890 2489 3075 2546 πᾶσάν
3092 2507 3153 2544 τε
3184 2489 3337 2560 ὑμῶν
3365 2490 3467 2560 τὴν
3490 2490 3630 2560 ἱερα-

2058 2588 2216 2657 τικὴν
2239 2585 2425 2655 ἀφελῶ
2453 2586 2640 2657 τιμὴν,
2664 2584 2740 2648 ὡς
2774 2583 2978 2654 μηδένα
3009 2582 3068 2648 ἐξ
3095 2582 3250 2655 ὑμῶν
3281 2582 3360 2636 ἔτι
3390 2582 3631 2653 διάδοχον

2059 2679 2158 2750 τῆς
2193 2676 2349 2742 ἀξίας
2380 2676 2632 2745 γενέσθαι
2663 2674 2866 2744 ταύτης
2891 2690 2906 2705 ο
2937 2672 3158 2745 εὔδηλον
3213 2672 3323 2746 γὰρ
3360 2674 3445 2727 ὅτι
3499 2689 3632 2727 κατ-

2059 2770 2196 2841 άραν
2214 2768 2314 2839 μὲν
2337 2766 2434 2839 τὴν
2457 2765 2727 2837 τιμωρίαν
2756 2764 2923 2834 λέγει,
2941 2765 3035 2819 καὶ
3060 2764 3159 2836 τὴν
3181 2767 3374 2835 πεῖραν
3400 2765 3508 2818 τῶν
3533 2779 3632 2818 και

2061 2859 2171 2915 κῶν
2187 2876 2202 2891 ο
2240 2859 2488 2928 εὐλογίαν
2514 2859 2595 2926 δὲ,
2628 2856 2739 2911 τῶν
2764 2855 2996 2926 ἀγαθῶν
3022 2856 3122 2927 τὴν
3150 2856 3448 2911 ἀπόλαυσιν
3465 2871 3482 2888 ο
3508 2855 3633 2909 ὅθεν

2060 2949 2202 3007 οῦτω
2228 2951 2325 3006 καὶ
2353 2950 2453 3022 τὴν
2486 2947 2784 3020 ἱερωσύνην
2823 2947 3100 3018 ὀνομάζει,
3130 2947 3208 3012 ὡς
3238 2945 3451 3001 πολλῶν
3489 2938 3623 3014 ἀγα-

1988 3071 2033 3132 c
2064 3045 2173 3101 θῶν
2198 3045 2378 3099 αἰτίαν
2406 3046 2519 3108 τοῖς
2549 3059 2610 3096 τε
2628 3041 2811 3112 ἔχουσι
2842 3042 2936 3096 καὶ
2964 3043 3077 3106 τοῖς
3102 3040 3245 3112 ὑπὲρ
3265 3034 3351 3097 ὧν
3370 3039 3634 3095 ἐπιτελεῖ-

2066 3137 2189 3192 σθαι
2219 3136 2532 3208 συμὸέεηκε
2559 3134 2782 3207 ταύτην.

2134 3227 2284 3297 Στίχ.
2311 3225 2383 3295 γ’,
2401 3226 2550 3280 δ’.-
2575 3219 2711 3279 Εἷτα
2741 3224 2822 3288 είς
2854 3223 3073 3294 μείζονα
3097 3221 3319 3288 ἔνδειξιν
3339 3222 3438 3292 τῆς
3464 3223 3635 3290 ἀγαν-

2064 3319 2346 3390 ακτήσεως
2374 3318 2473 3388 τῆς
2501 3316 2706 3381 οἰκείας
2724 3333 2769 3368 ἰ
2807 3315 2941 3370 Ἰδοὺ
2988 3312 3099 3384 ἐγὼ
3118 3315 3367 3385 ἀφορίζω
3390 3315 3518 3386 ὑμῖν
3543 3313 3636 3369 τὺν

2064 3403 2237 3480 ὦμον,
2266 3408 2365 3463 καὶ
2386 3406 2632 3479 σκορπιῶ
2660 3406 2918 3480 ένυστρον
2941 3406 3036 3459 ἐπὶ
3067 3397 3134 3461 τά
3164 3405 3433 3476 πρόσωπα
3460 3404 3634 3475 ὑμῶν,

2064 3501 2161 3554 καὶ
2175 3499 2418 3571 λήψομαι
2434 3499 2582 3570 ὑμᾶς
2608 3499 2689 3562 είς
2703 3496 2767 3552 τδ
2790 3496 2942 3551 αὑτό.
2969 3515 2989 3548 ι
3010 3495 3450 3566 Κεκελευσμένον
3479 3491 3549 3565 ἦν
3580 3496 3640 3547 ὲν

2064 3591 2145 3663 τῷ
2177 3592 2327 3663 νόμῳ
2349 3589 2424 3655 ὥς
2455 3607 2509 3644 τι
2538 3590 2813 3661 ἐξαίρετον
2842 3590 2909 3642 ὲκ
2932 3589 3039 3643 τῶν
3059 3587 3261 3641 θυσιῶν
3286 3584 3642 3658 ἀφαιρεῖσθαι

2066 3682 2144 3754 τῷ
2157 3681 2278 3755 Θεῷ
2290 3683 2382 3737 τὸν
2398 3676 2569 3754 ὦμον
2585 3680 2783 3735 Οὐκέτι
2793 3677 3095 3751 οὖν,φησ”ιν,
3113 3677 3234 3731 οὐδὲ
3253 3675 3643 3746 τοῦτοδέξομαι

2066 3776 2197 3846 παρ’
2214 3774 2387 3845 ὑμῶν,
2400 3773 2526 3826 ἐπεὶ
2545 3771 2708 3844 μηδὲν
2721 3770 2971 3842 δεόμενος
2989 3771 3070 3833 είς
3085 3767 3352 3839 ὠφέλειαν
3368 3765 3645 3837 ὑμετέραν

2065 3864 2397 3936 διεταξάμην
2442 3862 2588 3916 οῦτω
2628 3860 2903 3929 γίνεσθαιο
2944 3859 3130 3931 ἐπειδὴ
3158 3857 3217 3911 δὲ
3252 3857 3312 3911 ὲν
3364 3854 3644 3916 τοσούτοις

2065 3956 2167 4027 τὴν
2191 3957 2320 4026 περὶ
2354 3954 2456 4024 ἐμὲ
2484 3952 2792 4015 δεικνύντες
2836 3951 3115 4023 ἀμέλειαν,
3144 3940 3323 4018 τούτῳ
3352 3964 3423 4015 με
3460 3943 3644 3999 οἴεσθε

2066 4047 2255 4117 τιμᾷν,
2281 4044 2362 4115 τῷ
2393 4043 2488 4099 τὸν
2514 4035 2666 4113 ὦμον
2701 4043 2958 4114 ἀφαιρεῖν
2992 4058 3102 4112 μοι,
3134 4040 3273 4110 ὑμῖν
3302 4038 3465 4093 αὑτὸν
3501 4038 3643 4091 ἀπο-

2069 4136 2306 4207 στρέφοι,
2332 4135 2433 4205 τῆς
2452 4134 2881 4206 ἀγανακτήσεως
2901 4132 3128 4204 ἔλεγχον
3149 4129 3519 4201 παρεχόμενος
3542 4128 3645 4199 τῆς

2068 4227 2234 4298 ἐμῆς·
2269 4224 2415 4280 ἐάσω
2448 4225 2505 4279 δὲ
2533 4225 2678 4296 ὑμᾶς
2706 4222 3048 4295 καρποῦσθαι
3078 4222 3173 4275 καὶ
3194 4219 3353 4274 τοῦτο
3380 4218 3523 4289 μετά
3541 4218 3646 4287 τῆς

2069 4319 2274 4389 κόπρου
2294 4316 2409 4371 ’τῶν
2435 4314 2591 4380 ζώων
2607 4330 2621 4345 ·
2655 4315 2842 4385 ἐπειδὴ
2867 4312 3025 4369 τοῦτο
3045 4314 3173 4382 ὑμῖν
3198 4302 3277 4365 ἐν’
3290 4313 3411 4374 ταῖς
3429 4311 3644 4379 ἑορταῖς

397 4408 658 4479 quoniam
716 4408 821 4464 hoc
866 4423 899 4464 a
950 4409 1111 4467 vobis
1171 4410 1232 4466 in
1292 4411 1732 4471 solemnitatibus
1789 4411 1961 4469 oﬂerrl

2077 4407 2445 4481 προσάγεσθαι
2470 4406 2698 4479 πρέπον,
2721 4406 2798 4479 (p.
2823 4405 2949 4477 5L8)
2968 4404 3035 4469 ἀς
3057 4406 3124 4475 τῇ
3149 4402 3319 4474 κακία
3335 4400 3446 4455 τιῖιν
3470 4416 3644 4472 πρατο

395 4499 625 4570 dignum
643 4509 751 4566 est,
781 4515 923 4572 quas
945 4502 1190 4573 nequitia
1210 4503 1456 4574 polluitis
1475 4522 1491 4573 ;
1512 4519 1969 4577 communemque

352 4578 469 4657 iob
517 4602 583 4644 ea
638 4604 764 4660 qua
799 4590 995 4661 egistis
1044 4606 1261 4661 ptenam
1297 4591 1588 4648 adducam.
1622 4591 1680 4648 ld
1709 4593 1855 4649 enim
1894 4592 1969 4648 si-

396 4677 658 4750 gniﬁcant
704 4681 945 4747 τοι-δεμ
975 4683 1272 4753 suscipiam
1332 4698 1432 4741 vos
1480 4683 1538 4738 in
1589 4683 1895 4754 id.ipsum.
1935 4703 1957 4737 ι

404 4788 426 4823 ι
460 4771 523 4825 Et
572 4770 779 4838 scietis,
813 4771 965 4843 quod
1005 4786 1109 4843 ego
1157 4770 1423 4827 Dominus
1467 4771 1711 4828 miserim
1767 4772 1837 4827 ad
1874 4788 1971 4830 vos

399 4872 730 4936 [inceptum
774 4864 898 4930 hoc,
939 4873 1005 4920 ut
1048 4871 1198 4920 esset
1250 4869 1643 4919 testamentum
1685 4878 1867 4920 meum
1903 4866 1971 4920 ad

401 4956 613 5022 levitas,
646 4955 782 5012 dicit
812 4955 1077 5012 Dominus
1102 4955 1474 5024 omnipotens.
1514 4974 1533 5007 ι
1567 4954 1720 5011 Tunc
1748 4972 1815 5013 ex
1846 4972 1973 5012 cor-

400 5045 632 5116 ripiente
644 5047 816 5118 373
840 5062 937 5104 vos
969 5046 1267 5117 ignominia
1306 5060 1577 5117 poenaque
1600 5056 1859 5103 accurate
1885 5062 1977 5102 eo-

402 5138 679 5207 gnoscetis
700 5145 1041 5210 potentatum
1072 5137 1439 5207 virtutemque
1480 5153 1689 5204 meam;
1734 5148 1790 5194 et
1824 5137 1973 5209 quod

404 5242 504 5297 ego
529 5228 669 5286 bene
707 5229 940 5286 faciendi
977 5229 1134 5286 vobis
1164 5243 1330 5285 causa
1368 5228 1480 5298 jam
1528 5227 1652 5284 inde
1700 5229 1770 5284 ab
1815 5228 1973 5285 initio

407 5317 476 5370 ad
506 5317 902 5373 sacerdotalem
943 5320 1117 5375 extuli
1139 5317 1496 5391 dignitatem;
1541 5318 1658 5373 haec
1691 5319 1972 5375 vobiscum

410 5404 616 5461 foedera
661 5419 1019 5476 componens.
1073 5419 1131 5464 ut
1180 5424 1446 5466 concesso
1503 5424 1533 5464 a
1588 5426 1675 5466 me
1732 5409 1976 5468 fruentes

411 5493 643 5556 honore,
672 5500 871 5547 cuncta
901 5492 969 5548 ad
1000 5496 1291 5551 utilitatem
1329 5496 1563 5567 ageretis
1603 5497 1822 5553 illorum
1849 5512 1975 5567 pro-

412 5590 532 5655 pter
569 5595 708 5651 quos
754 5582 1122 5639 sacerdotium
1163 5587 1379 5642 tenetis.
1439 5585 1548 5642 Vos
1595 5602 1725 5643 vero
1773 5588 1975 5643 nullius

412 5674 530 5731 haec
567 5671 723 5747 pensi
756 5670 1045 5746 habuistis,
1075 5678 1168 5733 sed
1201 5678 1386 5731 datum
1419 5678 1569 5734 vobis
1614 5678 1977 5735 conculcastis

2067 4500 2309 4570 τομένων
2340 4497 2618 4571 μολύνετε,
2652 4498 2838 4567 κοινήν
2867 4514 2931 4550 τε
2965 4496 3168 4550 ἅπασιν
3201 4494 3330 4564 ὑμῖν
3361 4492 3460 4563 τὴν
3501 4490 3643 4561 ὑπὲρ

2068 4592 2178 4646 τῶν
2205 4590 2596 4663 πραττομένων
2640 4588 2827 4654 ὶπάξω
2854 4587 3152 4659 τιμωρίανο
3187 4584 3345 4639 τοῦτο
3387 4583 3497 4655 γάρ
3525 4584 3642 4636 ἐστι

2070 4681 2181 4746 τδ,ι
2210 4680 2450 4753 λήψομαι
2476 4681 2621 4751 ὑμᾶς
2637 4680 2718 4743 είς
2740 4679 2803 4732 τὸ
2830 4678 2980 4734 αὑτό.
3003 4697 3022 4730 ι
3036 4695 3127 4728 -ι
3149 4675 3259 4731 Καὶ
3275 4672 3642 4742 ἐπιγνώσεσθε

2070 4770 2203 4825 διότι
2233 4769 2346 4840 ἐγὼ
2379 4769 2582 4842 Κύριος
2628 4768 3006 4834 ὲξαπέσταλκα
3039 4767 3172 4838 πρὸς
3201 4767 3347 4836 ὑμᾶς
3371 4764 3472 4835 τὴν
3494 4765 3644 4816 ιντο-

2072 4861 2169 4932 λὴν
2196 4861 2417 4932 ταύτην,
2451 4860 2549 4914 τοῦ
2586 4857 2862 4929 εἶναιτὴν
2906 4857 3169 4928 διαθήκην
3200 4872 3302 4925 μου
3340 4854 3477 4925 πρὸς
3516 4853 3640 4913 τοὺς

2073 4952 2319 5017 Αευῒτας,
2353 4951 2502 5020 λέγει
2534 4950 2738 5022 Κύριος
2764 4949 3178 5020 παντοκράτωρ.
3211 4966 3231 4997 ι
3273 4945 3407 4998 Τότε
3446 4945 3515 4999 ἐκ
3544 4942 3642 5010 τῆς

2074 5046 2491 5115 περαινομένης
2522 5045 2650 5117 ὑμῖν
2683 5043 2907 5115 ἀτιμίας
2932 5059 2993 5097 τε
3032 5039 3127 5094 καὶ
3153 5037 3421 5108 τιμωρίας
3451 5034 3643 5102 αἰσθή-

2077 5134 2232 5187 σεσθε
2259 5133 2500 5205 ἀκριϐῶς
2524 5136 2622 5204 τῆς
2639 5151 2699 5188 τε
2720 5134 2967 5199 ἐξουσίας
2997 5132 3092 5187 καὶ
3114 5131 3210 5201 τῆς
3235 5129 3517 5199 δυνάμεως
3545 5126 3641 5193 τῆς

2075 5229 2239 5297 ἐμῆς·
2274 5227 2369 5280 καὶ
2387 5227 2472 5280 ὅτι
2510 5225 2621 5294 ἐγὼ
2653 5226 2750 5296 μὲν
2784 5225 3022 5280 εὐωιεῖν
3062 5224 3207 5293 ὑμᾶς
3239 5221 3553 5292 βουλόμενος
3583 5217 3641 5282 ἐξ

2074 5318 2246 5388 ἀρχῆς
2282 5318 2362 5380 είς
2391 5316 2490 5387 τὴν
2524 5316 2799 5387 ἱερατικὴν
2831 5315 3150 5387 παρήγαγον
3178 5312 3355 5376 ἀξίαν.
3390 5309 3639 5369 τοιαύτας

2076 5408 2225 5470 τινάς
2253 5406 2475 5477 θέμενος
2503 5406 2638 5477 πρὸς
2665 5406 2808 5476 ὑμᾶς
2830 5406 2931 5470 τάς
2961 5404 3251 5475 συνθήκας,
3280 5402 3367 5453 ἵνα
3390 5399 3486 5469 τῆς
3511 5397 3638 5464 παρ’

2076 5497 2213 5567 ἐμοῦ
2243 5497 2486 5566 δοθείσης
2516 5495 2872 5561 ἀπολαύοντες
2909 5496 3093 5567 τιμῆς,
3128 5495 3342 5548 ἅπαντα
3374 5489 3509 5561 πρὸς
3541 5485 3639 5555 τὴν

2078 5589 2299 5643 ἐκείνων
2327 5590 2592 5658 ὠφέλειαν
2632 5590 2816 5657 ποιῆτε
2855 5586 2992 5655 ὑπὲρ
3022 5581 3099 5639 ὧν
3134 5584 3317 5654 μέτιτε
3342 5581 3440 5651 τὴν
3483 5579 3641 5647 ἱερω-

2082 5678 2270 5750 σύνην·
2309 5679 2464 5749 ὑμεῖς
2512 5678 2565 5732 δὲ
2604 5676 2793 5732 οὐδένα
2843 5676 3038 5731 τούτων
3090 5671 3412 5745 ἐποιήσασθε
3464 5662 3639 5731 λόγον.
