3974 6146
343 285 448 341 οιδ

1538 263 1890 320 TllEODORl
1921 252 2408 320 MOPSUESTENI

3498 245 3604 304 616

338 400 606 465 dimissa,
665 405 776 450 tam
837 391 1079 463 legitime
1128 385 1228 440 tibi
1289 381 1582 453 copulata,
1638 379 1706 434 ad
1759 375 1922 432 aliam

2057 376 2184 448 ’ἀρᾷ
2225 376 2320 428 καὶ
2369 370 2522 426 κοινὰ
2553 369 2770 442 ἡγοῖσθε
2807 364 2875 421 τὰ
2909 362 3175 437 ἀλλήλων.
3229 359 3365 419 Εἶτα
3403 361 3604 435 ταύτην

342 493 576 550 libidine
608 487 925 546 stimulante
964 478 1228 534 transilis.
1275 474 1460 545 Neque
1493 471 1628 526 illud
1665 479 1885 540 reputas
1906 508 1921 532 ,

297 585 570 656 enuptias
625 577 695 636 ob
756 574 973 648 generis
1036 567 1449 626 successionem
1512 569 1810 623 constare,
1866 567 1927 614 ut

345 653 519 746 stirps
593 673 868 729 humana,
901 678 1023 733 quae
1049 669 1228 715 morte
1267 653 1670 726 exstinguitur,
1721 653 1928 706 libero-

349 740 472 819 ruin
532 757 786 828 genitura
846 757 1226 807 conservetur.
1287 744 1662 813 Quamobrem
1721 740 1929 811 nuptiae

347 846 719 909 successionis
745 843 1249 898 machinamentum
1281 853 1313 892 a
1349 837 1461 892 Deo
1488 837 1726 890 inventa:
1753 838 1925 887 sunt:

350 945 403 998 id
431 942 576 998 enim
611 939 768 993 aiunt
796 937 963 991 verba
986 953 1006 986 ι
1030 931 1276 1002 reliquiae
1307 929 1536 1000 spiritus
1567 925 1650 980 tui
1671 943 1718 994 ,ι
1742 924 1799 979 id
1819 935 1924 989 est,

349 1047 474 1088 cum
523 1029 812 1101 praesentis
867 1024 1132 1095 temporis
1185 1023 1353 1076 vitam
1401 1017 1678 1087 deponere
1728 1015 1932 1070 debeas

351 1127 369 1196 (
399 1130 563 1196 prout
593 1122 802 1177 dictum
840 1127 978 1180 est,i
1003 1113 1175 1170 exibit
1206 1111 1434 1182 spiritus
1462 1108 1583 1179 ejus
1607 1147 1623 1172 ,
1659 1114 1717 1161 et
1747 1120 1931 1160 rever—

351 1226 499 1272 tetur
528 1214 693 1268 homo
727 1211 780 1265 in
820 1208 1096 1280 pulverem
1131 1217 1290 1259 suum
1317 1201 1363 1233 ⁸⁸
1392 1218 1412 1250 ι
1435 1197 1536 1270 )ne
1556 1205 1707 1253 totus
1749 1197 1932 1267 perire

351 1306 628 1370 videaris,
673 1300 901 1372 reliquit
948 1297 1048 1352 tibi
1093 1295 1238 1350 Deus
1271 1289 1679 1348 successionem
1726 1301 1934 1342 memo-

351 1400 450 1456 ria:
476 1397 674 1459 instar,
705 1402 759 1449 et
792 1389 1077 1447 residuum
1103 1383 1428 1442 substantiae
1457 1394 1775 1451 personaeve
1801 1385 1930 1432 tuae.

353 1491 434 1545 Ea
471 1497 698 1559 propter
727 1482 1110 1554 respicientem
1146 1486 1198 1532 te
1231 1475 1299 1530 ad
1329 1472 1641 1542 nuptiarum
1671 1482 1895 1524 causam
1917 1505 1935 1532 ,

353 1579 644 1652 oportebat
671 1575 836 1647 377
870 1588 985 1628 rem
1022 1571 1166 1625 hanc
1190 1563 1429 1622 revereri
1451 1603 1466 1626 ,
1493 1575 1671 1631 neque
1705 1573 1937 1630 peccare

354 1648 551 1727 contra
584 1669 734 1738 leges
763 1666 833 1720 de
863 1665 949 1719 his
981 1677 1013 1715 a
1045 1659 1156 1714 Deo
1193 1655 1502 1725 antiquitus
1547 1651 1784 1722 positas,
1838 1648 1937 1706 sed

359 1776 459 1816 eas
494 1758 790 1815 inviolatae
835 1750 1151 1813 custodire,
1187 1755 1242 1802 et
1274 1745 1331 1800 in
1381 1742 1628 1813 priorum
1681 1738 1939 1810 coniugio

361 1865 740 1924 perseverare,
762 1861 904 1918 quas
927 1842 1216 1914 praedictas
1248 1837 1320 1892 ob
1351 1847 1553 1890 causas
1581 1830 1820 1887 duxistis
1839 1871 1853 1896 ,
1884 1837 1941 1886 et

359 1923 472 2004 non
508 1945 696 2016 potius
729 1941 995 1998 suadente
1029 1934 1294 1999 libidine,
1323 1927 1573 1986 dimissis
1606 1924 1830 1998 primis,
1871 1923 1941 1979 ad

361 2040 636 2095 secundas
672 2033 932 2089 transire.

437 2221 575 2276 Tum
606 2217 929 2274 mirabiliter
957 2212 1253 2269 admodum
1280 2208 1559 2266 addiditu
1591 2205 1656 2259 Et
1683 2202 1903 2258 dixistis
1930 2219 1944 2255 :

366 2314 638 2381 Quidnam
673 2309 870 2380 quaerit
901 2305 1058 2377 Deus
1088 2303 1239 2358 aliud
1280 2316 1446 2372 quam
1483 2297 1710 2355 semen?
1745 2317 1763 2348 ι
1798 2293 1950 2360 Quo-

367 2407 516 2461 niam
590 2402 921 2457 videbantur
970 2413 1036 2452 ex
1101 2394 1397 2466 illegitimis
1453 2391 1621 2447 etiam
1683 2387 1949 2442 uxoribus

369 2499 571 2553 liberos
599 2494 903 2565 suscipere,
948 2489 1196 2557 Hoc,ait,
1221 2487 1416 2551 facitis,
1466 2499 1577 2536 non
1599 2482 1729 2551 quia
1761 2494 1951 2536 sacras

369 2586 698 2644 reveremini
732 2585 880 2653 leges
905 2581 971 2635 de
995 2579 1204 2648 nuptiis
1234 2591 1264 2630 a
1298 2575 1410 2630 Deo
1433 2574 1666 2645 positas,
1703 2571 1799 2626 sed
1822 2571 1951 2653 quia

371 2693 524 2733 more
564 2675 836 2744 pecudum
879 2671 947 2725 ad
1003 2671 1212 2724 coitum
1261 2643 1642 2720 tantummodo
1683 2643 1846 2733 atque
1884 2663 1952 2716 ad

377 2767 709 2840 gignendum
771 2762 1138 2828 incuinbitis;
1202 2767 1258 2814 ct
1311 2768 1569 2826 tanquam
1618 2771 1648 2808 a
1708 2753 1817 2808 Deo
1874 2755 1953 2808 sic

371 2859 701 2931 comparati,
750 2858 823 2911 ita
855 2857 1072 2926 priores
1103 2867 1303 2907 uxores
1331 2846 1630 2912 dimittitis,
1680 2857 1843 2916 atque
1887 2847 1955 2900 ad

376 2956 579 3010 alteras
622 2951 899 3013 transitis,
953 2947 1090 3000 nihil
1143 2945 1414 2998 interesse
1462 2948 1720 3011 putantes
1771 2947 1954 2992 utrum

376 3060 445 3099 ex
479 3044 564 3106 his
602 3043 805 3095 liberos
842 3035 1164 3105 suscipiatis
1207 3049 1274 3087 an
1319 3032 1388 3087 ex
1448 3032 1558 3085 illis
1595 3048 1607 3082 :
1643 3047 1765 3085 cum
1812 3031 1955 3086 scire

379 3133 678 3194 deberetis,
725 3131 953 3183 liberam
1005 3125 1416 3194 propagationis
1460 3122 1736 3176 licentiam
1776 3122 1954 3177 brutis

382 3223 714 3286 convenire;
746 3218 1112 3273 rationalibus
1145 3230 1295 3277 vero,
1327 3215 1642 3284 nuptiarum
1671 3214 1826 3283 juxta
1856 3211 1952 3269 Dei

383 3317 530 3385 leges
577 3309 879 3374 vinculum,
913 3313 1077 3376 atque
1106 3320 1173 3359 ex
1215 3305 1301 3360 bis
1333 3305 1473 3359 velle
1503 3303 1606 3359 sibi
1652 3303 1956 3358 successio-

381 3419 505 3457 nem
555 3410 898 3467 comparare.
919 3397 1134 3453 Etenim
1149 3401 1252 3453 hoc
1263 3399 1428 3454 etiam
1441 3397 1562 3450 loco
1577 3397 1827 3460 verbum,
1843 3396 1954 3450 «di-

381 3489 554 3556 xistis,
579 3484 756 3541 »ἰηιιά
819 3503 1007 3542 vocem
1035 3486 1289 3552 denotat;
1320 3501 1443 3538 nam
1472 3501 1572 3540 nec
1595 3486 1713 3539 ﬁeri
1745 3472 1957 3555 poterat

377 3587 438 3633 ut
475 3580 748 3642 dicerent,
801 3577 970 3632 Deum
1013 3576 1149 3630 nihil
1181 3574 1330 3627 aliud
1369 3590 1535 3643 quam
1585 3589 1772 3632 semen
1809 3592 1956 3645 quae-

382 3682 522 3730 rere,
575 3668 668 3722 sed
716 3666 1022 3736 improbam
1074 3666 1278 3719 mentis
1315 3664 1661 3720 affectionem
1714 3667 1829 3720 vult
1870 3667 1960 3722 de-

383 3765 734 3822 monstrare;
771 3767 825 3811 et
859 3756 1004 3826 quod
1037 3755 1221 3809 omnia
1259 3763 1503 3825 agerent,
1544 3771 1654 3811 non
1699 3765 1958 3826 tanquam

383 3847 631 3904 homines
692 3849 1026 3913 rationales,
1091 3847 1184 3916 qui
1243 3846 1456 3915 legibus
1511 3847 1710 3901 debent
1757 3847 1960 3904 divinis

383 3943 595 4003 vivere,
647 3939 742 3995 sed
800 3955 950 3993 more
1000 3937 1272 4006 pecudum
1322 3937 1525 3990 coitum
1583 3939 1960 3993 tantummodo

383 4041 432 4084 et
467 4031 910 4100 propagationem
940 4028 1278 4083 al‘fectarent.
1317 4026 1520 4081 Deinde
1541 4027 1712 4097 legem
1743 4044 1962 4098 quoque

385 4127 534 4193 ρο.ιί
571 4143 584 4177 :
619 4141 638 4174 ι
670 4122 733 4174 Et
763 4120 1038 4176 custodite
1069 4119 1124 4172 in
1163 4119 1360 4188 spiritu
1399 4126 1615 4184 vestro;
1658 4128 1713 4174 et
1739 4135 1961 4174 uxorem

384 4214 684 4284 juventutis
735 4221 838 4266 tuae
873 4229 942 4266 ne
979 4211 1222 4266 deseras.
1257 4231 1276 4262 ι
1308 4210 1471 4266 Omni
1523 4212 1707 4282 itaque
1759 4213 1963 4266 seduli-

389 4315 498 4360 tate
551 4306 676 4358 date
737 4304 791 4356 in
836 4312 1114 4373 posterum
1175 4319 1421 4372 operam,
1475 4314 1534 4359 ut
1595 4321 1705 4360 non
1757 4307 1962 4375 abSque

2022 471 2181 538 ἀφεὶς
2204 467 2303 539 τὴν
2328 467 2421 519 ἐπὶ
2442 464 2705 526 τοιούτοις
2739 478 2822 514 σοι
2861 459 3244 527 συναφθετσαν,
3288 456 3374 528 ἐφ’
3417 454 3608 525 ἑτέραν

2013 559 2250 630 ,μετῄεις
2277 557 2335 624 ἐξ
2365 553 2690 617 ἀκολασίας·
2744 551 2868 604 οὐδὲ
2915 553 3092 604 έκεῖνο
3127 547 3482 616 λογισάμενος
3524 544 3605 596 ὅτι

2027 651 2121 704 ἐπὶ
2156 649 2373 720 διαδοχῇ
2413 647 2603 717 γένους
2638 646 2666 697 6
2712 644 2892 714 γάμος
2959 641 3315 710 συνέστηκεν,
3353 637 3431 706 (p.
3478 631 3605 703 555)

2028 745 2116 797 ἵνα
2152 743 2369 812 θανάτῳ
2413 737 2868 809 διαφθειρόμενον
2900 733 2962 786 τὸ
2991 731 3146 802 γένος
3167 727 3514 796 ἀνασώζηται
3545 728 3610 796 τῇ

2026 834 2370 906 τεκνογονία·
2407 833 2548 886 ὥστε
2587 833 2616 884 6
2664 831 2844 899 γάμος
2889 825 3188 898 μηχάνημα
3225 819 3324 894 τῆς
3364 815 3612 890 διαδοχῆς

2027 929 2258 1000 εὓρηται
2290 923 2443 996 παρὰ
2467 922 2564 977 τοῦ
2596 921 2764 975 Θεοῦ’
2791 917 2950 973 τοῦτο
2988 916 3100 988 γὰρ
3135 914 3282 983 λέγει
3319 913 3379 966 τὸ
3416 931 3436 966 ‹
3482 911 3615 964 ὑπόο

2029 1018 2237 1089 λειμμα
2266 1014 2576 1085 πνεύματός
2606 1029 2723 1075 σου,
2773 1030 2792 1064 ι
2829 1009 2952 1063 ἀντὶ
2982 1007 3101 1072 τοῦ,
3162 1003 3383 1075 Ἐπειδὴ
3423 1002 3613 1058 ἀποτί-

2031 1085 2223 1167 θεσθαι
2277 1109 2492 1180 μέλλεις
2544 1104 2641 1160 τοῦ
2688 1103 2958 1175 παρόντος
3005 1099 3121 1172 βίου
3155 1098 3254 1169 τὴν
3292 1097 3459 1169 ζωὴν,
3505 1085 3618 1150 οἷόν

2032 1205 2148 1256 ἐστι
2183 1201 2264 1263 τὸ,
2300 1218 2320 1251 ι
2380 1197 2751 1262 Ἐξελεύσεται
2797 1193 2861 1247 τὸ
2910 1191 3128 1263 πνεῦμα
3173 1188 3337 1244 αὐτοῦ
3375 1187 3472 1241 καὶ
3502 1183 3622 1240 ἑπι-

2033 1293 2255 1365 στρέψει
2291 1293 2370 1354 είς
2416 1290 2508 1344 τὸν
2543 1287 2676 1360 χοῦν
2711 1285 2898 1352 αὐτοῦ,
2943 1304 2962 1334 ι
2999 1283 3076 1347 ὡς
3118 1282 3184 1337 ἂν
3226 1280 3302 1353 μὴ
3340 1277 3625 1340 παντελῶς

2034 1383 2368 1440 ἀπόλλυσθαι
2416 1381 2666 1450 δοκοίης,
2725 1377 3023 1433 ὑπελίπετό
3078 1390 3162 1428 σοι
3212 1374 3314 1442 τὴν
3373 1366 3626 1441 διαδοχὴν

2039 1475 2380 1548 μνημόσυνον
2406 1475 2435 1526 6
2453 1471 2608 1538 Θεὸς,
2651 1471 2748 1524 καὶ
2778 1468 3032 1537 λείψανον
3057 1467 3156 1538 τῆς
3179 1482 3238 1518 τε
3273 1463 3628 1522 ὑποστάσεως

2035 1567 2137 1639 τῆς
2159 1555 2299 1636 σῆς·
2329 1563 2469 1618 ὥστε
2503 1561 2596 1616 καὶ
2620 1562 2757 1633 πρὸς
2799 1561 2900 1629 τὴν
2928 1557 3106 1612 αἰτίαν
3158 1554 3371 1627 ὁρῶντα
3401 1551 3495 1606 τοῦ
3527 1550 3631 1620 γά-

2043 1676 2166 1732 μου,
2199 1655 2529 1712 δεδίττεσθαι
2562 1654 2624 1708 τὸ
2657 1653 2887 1725 πρᾶγμα
2920 1646 3107 1723 ἐχρῆν,
3137 1649 3233 1704 καὶ
3263 1646 3338 1720 μὴ
3367 1645 3632 1716 πλημμε-

1970 1725 2013 1781 B
2041 1725 2154 1804 λεῐν
2211 1751 2292 1812 είς
2337 1749 2463 1812 τοὺς
2492 1745 2622 1818 περὶ
2652 1740 2841 1798 τούτου
2883 1741 3138 1805 τεθέντας
3181 1740 3383 1810 νόμους
3420 1734 3633 1791 ἄνωθεν

2044 1841 2196 1914 παρὰ
2232 1839 2328 1894 τοῦ
2356 1839 2514 1904 Θεοῦ,
2559 1837 2850 1907 φυλάττειν
2883 1833 2940 1889 δὲ
2986 1834 3184 1896 αὐτοὺς
3223 1831 3518 1904 ἀκεραίους
3551 1827 3636 1898 τῷ

2047 1935 2230 2006 μένειν
2257 1933 2348 1986 ἐπὶ
2375 1932 2484 1984 τῶν
2513 1928 2814 2001 προτέρων,
2841 1923 2906 1990 ἀς
2928 1924 3070 1979 οῦτω
3090 1943 3148 1978 τε
3172 1924 3267 1978 καὶ
3294 1924 3387 1977 ἐπὶ
3417 1921 3638 1982 τούτοις

2045 2005 2344 2096 ἦγάγεσθε,
2392 2022 2468 2093 μὴ
2504 2021 2610 2093 μὴν
2658 2019 2718 2085 ἐξ
2763 2018 3061 2081 ἀκολασίας
3109 2016 3328 2086 ἀφιέναι
3384 2014 3482 2084 μὲν
3531 2005 3640 2074 τὰς

2048 2116 2290 2190 πρώτας,
2337 2111 2694 2186 μεθίστασθαι
2727 2109 2783 2164 δὲ
2813 2113 2896 2179 ἐφ’
2927 2110 3140 2181 ἑτέρας.

2118 2209 2226 2263 Καὶ
2265 2204 3017 2277 θαυμασιώτατα-ἐπήγαγε·
3076 2219 3095 2251 ι
3141 2199 3252 2253 Καὶ
3298 2197 3511 2261 εἴπατε,
3566 2191 3642 2248 Τί

2050 2300 2177 2355 ἄλλο
2218 2299 2371 2369 ζητεῖ
2416 2299 2443 2351 ὁ
2499 2295 2720 2367 Θεὸς,ἢ
2773 2295 3024 2364 σπέρμα;
3082 2311 3100 2344 ι
3146 2289 3365 2360 Ἐπειδὴ
3414 2287 3643 2341 ἐδόκουν

2053 2391 2146 2444 καὶ
2202 2391 2266 2442 ἐκ
2325 2387 2432 2440 τῶν
2489 2386 2824 2458 παρανόμως
2887 2380 3309 2450 συναπτομένων
3359 2375 3644 2447 γυναικῶν

2054 2479 2504 2543 παιδοποιεῖσθαι,
2545 2477 2735 2540 Τοῦτο,
2775 2475 2960 2544 φησὶν,
3010 2473 3110 2542 οὐχ
3161 2472 3235 2535 ὡς
3300 2470 3499 2540 νόμους
3550 2470 3645 2520 αἰ-

2053 2571 2227 2626 δεῖσθε
2273 2569 2449 2634 θείους
2486 2567 2612 2632 τοὺς
2654 2567 2782 2638 περὶ
2815 2566 2910 2621 τοῦ
2952 2566 3130 2636 γάμου
3175 2561 3432 2625 τεθέντας
3486 2561 3650 2631 παρὰ

2055 2664 2148 2718 τοῦ
2188 2662 2346 2728 Θεοῦ,
2391 2660 2505 2715 ἀλλ’
2540 2660 2614 2722 ὡς
2659 2659 2815 2727 δίκην
2878 2654 3088 2724 ἀλόγων
3133 2655 3213 2716 εἰς
3258 2651 3547 2705 συνουσίαν
3579 2667 3649 2704 ’τε

2057 2755 2151 2809 καὶ
2177 2753 2254 2824 τῷ
2290 2752 2493 2805 τίκτειν
2540 2750 2697 2820 μόνον
2742 2747 3074 2816 ἐκκείμενον
3106 2743 3199 2798 καὶ
3224 2744 3316 2796 ἐπὶ
3341 2742 3516 2811 τούτῳ
3550 2759 3649 2810 γε·

2057 2847 2274 2915 γονὸτες
2324 2843 2476 2915 παρὰ
2520 2841 2614 2894 τοῦ
2663 2836 2822 2902 Θεοῦ,
2862 2837 3003 2890 οὕτω
3047 2823 3146 2899 τὰς
3207 2836 3304 2906 μὲν
3362 2834 3647 2905 προτέρας

2059 2938 2270 3006 ἀφίετε,
2310 2937 2394 3004 ἐφ’
2430 2933 2622 3002 ἑτέρας
2655 2931 2711 2984 δὲ
2758 2929 3026 3006 ἔρχεσθε,
3055 2925 3312 2996 οὐδεμίαν
3371 2919 3651 2994 διαφορὰν

1983 3068 2025 3127 C
2059 3028 2196 3084 εἶναι
2221 3030 2550 3100 νομίζοντες,
2583 3026 2614 3093 ἦ
2653 3024 2711 3089 ἐξ
2742 3023 2966 3075 ἐκείνων
2994 3020 3331 3086 τεκνογονεῖν
3363 3017 3396 3088 ἢ
3432 3019 3495 3068 ὲκ
3523 3013 3649 3067 τού·-

2256 3121 2275 3127 Α
2295 3121 2304 3127 .
2458 3119 2500 3127 ,Α
2519 3118 2528 3127 ι
2694 3116 2716 3127 κ
2847 3112 2860 3127 \
2965 3112 2979 3127 1
3081 3113 3092 3127 9
3109 3110 3134 3127 θ
3169 3111 3181 3127 \
3286 3109 3310 3120 ’ν
3395 3107 3418 3127 ᾗ
3471 3107 3555 3127 ,6_,
3589 3104 3613 3118 ⁴
3636 3125 3649 3127 _

2059 3139 2198 3176 των.
2251 3121 2369 3174 δέον
2424 3118 2642 3178 εἰδέναι,
2691 3112 2873 3167 ὅτιτὸ
2925 3112 3020 3183 μὲν
3070 3110 3223 3173 ἀδεὲς
3251 3109 3352 3179 τῆς
3391 3104 3649 3177 διαδοχῆς
3707 3155 3719 3167 ο

2059 3214 2272 3282 ἀλόγοις
2309 3211 2598 3282 ἁρμόττον,
2647 3209 2723 3277 (p.
2767 3207 2893 3273 556)
2943 3208 3052 3268 τοῖς
3089 3204 3146 3256 δὲ
3190 3202 3349 3269 λόγου
3394 3199 3652 3270 μετειλη-

2061 3307 2186 3376 φόσι
2220 3305 2428 3376 πρέπον
2453 3303 2516 3355 τὸ
2549 3300 2687 3372 μετά
2713 3299 2822 3351 τῶν
2857 3298 3036 3367 νόμων
3068 3296 3173 3348 τῶν
3209 3294 3367 3347 θείων
3402 3291 3650 3362 μετιέναι

2055 3415 2117 3451 τε
2138 3398 2264 3459 τοὺς
2282 3395 2514 3465 γάμους,
2546 3393 2639 3445 καὶ
2669 3392 2765 3463 τὴν
2797 3387 3052 3443 ἐντεῦθεν
3084 3387 3335 3457 στέργειν
3360 3382 3614 3452 διαδοχήν
3635 3399 3647 3411 ο

2059 3487 2333 3543 κάνταῦθα
2384 3484 2490 3556 γὰρ
2536 3485 2596 3537 τὸ
2629 3503 2648 3534 ι
2693 3484 2902 3543 εἴπατε,
2942 3501 2959 3531 ι
2998 3480 3057 3532 οὐ
3094 3478 3275 3547 φωνὴν
3317 3475 3484 3544 λέγει,
3529 3476 3655 3526 ἐπεὶ

2064 3575 2198 3649 μηδὲ
2232 3571 2343 3629 οἷόν
2372 3591 2430 3626 τε
2487 3569 2555 3644 ἦν
2590 3572 2784 3634 αὐτοὺς
2819 3569 2973 3622 τοῦτο
2999 3569 3190 3631 εἰπεῖν,
3226 3568 3306 3619 ὅτι
3343 3564 3496 3617 οὐδὲν
3525 3562 3656 3616 ἄλλο

2061 3669 2214 3739 ζητεῖ
2258 3666 2389 3732 Θεὸς
2437 3663 2551 3716 ἀλλ’
2602 3663 2635 3733 ἢ
2687 3662 2928 3731 σπέρμα,
2967 3661 3079 3714 ἀλλ’
3125 3659 3212 3712 ἵνα
3263 3659 3362 3729 τὴν
3411 3657 3656 3710 διάθεσιν

2062 3758 2192 3829 εἴπῃ
2229 3757 2327 3826 τῆς
2380 3753 2616 3816 διανοίας
2675 3750 2954 3822 μοχθηρὰν
2999 3746 3194 3804 οὗσαψ
3247 3750 3340 3801 καὶ
3386 3749 3466 3801 ὅτι
3509 3747 3657 3800 οὕτω

2061 3851 2239 3902 πάντα
2292 3846 2580 3918 ἔπραττον,
2631 3845 2729 3913 οὐχ
2771 3845 2845 3906 ὡς
2893 3842 3167 3920 ᾅνθρωποι
3219 3839 3426 3908 λογικοὶ
3469 3839 3658 3908 νόμοις

2065 3945 2161 4014 ζῇν
2190 3941 2493 4009 ὀφείλοντες
2543 3936 2726 3997 θείοις,
2774 3934 2888 3987 ἀλλ’
2939 3933 3014 3996 ὡς
3065 3933 3220 4000 δίκην
3271 3931 3479 3998 ἀλόγων
3517 3929 3660 4000 πρὸς

2063 4036 2160 4103 τὴν
2192 4030 2334 4103 μίξιν
2365 4031 2523 4100 μόνον
2549 4028 2640 4080 καὶ
2668 4026 2765 4096 τὴν
2793 4025 3039 4094 διαδοχὴν
3070 4022 3348 4076 ἐκκεῖσθαι
3367 4037 3381 4052 °
3415 4018 3533 4074 εἶτα
3567 4019 3660 4074 καὶ

2064 4124 2225 4193 νόμον
2252 4121 2438 4183 τιθεὶς,
2471 4137 2489 4169 ι
2528 4117 2640 4170 Καὶ
2663 4114 2968 4186 φυλάξασθε
2995 4116 3051 4166 ἐν
3081 4113 3156 4183 τῷ
3183 4116 3453 4184 πνεύματι
3477 4105 3656 4182 ὑμῶν,

2067 4212 2158 4266 καὶ
2179 4211 2419 4279 ’γυναῖκα
2447 4207 2698 4276 νεότητός
2727 4222 2819 4257 σου
2857 4205 2930 4274 μὴ
2960 4203 3352 4273 έγκαταλίπῃς.
3389 4222 3407 4254 ›
3429 4204 3662 4273 Τοιγαρ-

2066 4303 2156 4356 οῦν
2213 4302 2395 4354 πᾶσαν
2449 4297 2765 4367 ἐπιμέλειαν
2827 4295 3124 4366 ποιήσασθε
3176 4293 3270 4346 τοῦ
3323 4293 3510 4346 λοιποῦ
3567 4291 3659 4347 τοῦ

390 4400 617 4460 decente
655 4395 852 4450 allecti:
909 4410 1032 4450 cum
1072 4397 1341 4451 uxoribus
1408 4397 1604 4450 vivatis
1651 4412 1788 4466 quas
1832 4397 1950 4452 oliui

2073 4395 2210 4466 μετὰ
2241 4394 2340 4463 τῆς
2379 4389 2693 4462 πρεπούσης
2725 4389 3018 4450 διαθέσεως
3059 4389 3179 4449 ταῖς
3230 4387 3494 4456 γαμεταῖς
3528 4403 3658 4438 συν-

388 4491 644 4551 duxistis,
683 4489 1026 4544 nedum‘lias
1060 4487 1372 4542 dimittatis.
1404 4487 1470 4542 Et
1501 4490 1629 4557 quia
1673 4490 1787 4558 ipse
1819 4488 1963 4545 Deus

391 4600 486 4654 per
521 4582 760 4652 Moysem
793 4580 1035 4635 libellum
1071 4579 1284 4648 repudii
1325 4579 1443 4633 dari
1477 4580 1644 4648 jussit
1674 4582 1961 4643 uxoribus,

391 4685 594 4744 quanta
617 4673 690 4726 sit
719 4673 860 4726 inter
891 4679 1184 4740 utramque
1213 4685 1330 4725 rem
1371 4670 1679 4726 differentia
1725 4673 1968 4726 ostendit

390 4767 578 4820 dicens
615 4783 627 4818 :
1793 4743 1800 4750 ’

461 4857 630 4910 Vens.
661 4855 747 4909 16.
768 4886 840 4896 —
861 4873 880 4906 ι
903 4853 1011 4909 Sed
1037 4854 1082 4907 si
1109 4852 1236 4906 odio
1256 4852 1537 4916 habueris,
1571 4852 1804 4919 dimitte,
1838 4855 1972 4910 dicit

379 4948 656 5004 Dominus
683 4946 1026 5001 Deuslsrael.
1045 4945 1129 4997 »ὃί
1156 4942 1380 5010 quando
1403 4957 1468 4996 ex
1484 4943 1651 5012 378
1671 4947 1972 4999 acerbitate

393 5041 638 5094 mulieris
657 5079 671 5101 ,
699 5047 786 5091 aut
815 5053 984 5107 pravo
1012 5036 1230 5104 ingenio
1249 5074 1263 5095 ,
1295 5043 1388 5086 aut
1413 5034 1546 5090 vitio
1573 5035 1816 5106 quolibet
1843 5053 1962 5091 eam

394 5135 519 5187 odio
543 5133 761 5202 dignam
806 5132 1061 5193 faciente,
1096 5129 1148 5181 in
1195 5128 1508 5196 lmjusmodi
1541 5130 1608 5184 de
1653 5144 1714 5183 ea
1747 5138 1968 5184 senten-

396 5226 525 5279 tiam
554 5225 824 5280 adductus
851 5224 1044 5278 fueris.
1077 5231 1209 5275 tunc
1244 5236 1362 5275 eam
1394 5221 1667 5276 dimittere
1691 5223 1969 5290 mandavi,

395 5316 539 5370 baud
574 5315 824 5382 equidem
860 5315 1158 5383 nuptialem
1208 5314 1378 5383 legem
1415 5313 1740 5378 dissolvens,
1777 5315 1872 5369 set!
1907 5330 1971 5368 cx

402 5407 475 5460 rci
512 5406 798 5476 praesentis
843 5407 1142 5475 adjtmctis,
1196 5419 1302 5458 non
1338 5412 1447 5458 tam
1486 5405 1556 5460 ob
1581 5413 1730 5460 tuam
1777 5421 1978 5475 quere-

400 5496 507 5551 lam
546 5495 864 5565 pcrmittens
905 5511 1022 5549 eam
1063 5497 1356 5561 dimittere,
1386 5512 1551 5566 quam
1600 5505 1658 5553 ut
1700 5511 1768 5552 nc
1799 5497 1975 5566 quoti-

481 5665 524 5698 "
543 5665 730 5726 Eccic.
763 5682 855 5729 ιιι,
890 5669 958 5736 7;
1037 5668 1161 5740 Sep.
1197 5686 1309 5735 XVI,
1338 5672 1420 5727 ii.

2074 4490 2232 4550 εἶναι,
2265 4483 2331 4548 ἃς
2362 4482 2565 4538 ἄνωθεν
2601 4481 2878 4550 εἰλήφατε,
2919 4481 2992 4550 μὴ
3031 4479 3134 4549 μὴν
3177 4477 3394 4545 ἀφιέναι
3426 4478 3659 4541 ταύτας-

2075 4579 2168 4631 καὶ
2199 4575 2387 4645 ἐπειδὴ
2421 4573 2582 4636 αὐτὸς
2626 4571 2713 4624 διὰ
2760 4572 3038 4632 Μωῦσέως
3085 4568 3284 4638 βιϐλίον
3329 4568 3661 4620 ἀποστασίου

2077 4669 2375 4742 προσέταξε
2405 4670 2640 4723 δίδοσθαι
2670 4670 2786 4730 ταῖς
2809 4663 3041 4733 γυναιξὶ,
3079 4665 3293 4727 δεικνὺς
3323 4662 3515 4715 ὁπόσον
3547 4659 3662 4712 ἐστὶ

2077 4763 2138 4815 τὸ
2165 4763 2438 4834 διάφορον,
2472 4761 2664 4828 ἐπάγει
2685 4775 2699 4790 ⁶
3447 4817 3450 4820 .

2144 4856 2291 4924 Στίχ.
2324 4854 2420 4920 ις’.
2459 4885 2527 4894 -
2555 4871 2572 4903 ι
2622 4850 2760 4903 Ἀλλ’
2817 4850 2910 4902 ἐὰν
2957 4849 3211 4920 μισιξσῃς,
3259 4844 3660 4912 ὲξαπόστειλον,

2072 4949 2218 5014 λέγει
2244 4947 2448 5015 Κύριος
2480 4946 2507 4997 6
2536 4945 2670 5006 Θεὸς
2711 4942 2805 4994 τοῦ
2852 4940 3088 5012 Ἰσραήλ.
3128 4959 3144 4991 ι
3185 4938 3302 4991 ”Οτ’
3335 4940 3397 4992 ἂν
3433 4939 3527 5008 μὲν
3559 4937 3667 5005 γὰρ

2078 5041 2141 5092 ἐκ
2182 5039 2464 5100 δυσκολίας
2506 5036 2781 5104 γυναικὸς,
2829 5037 2861 5105 ἦ
2910 5052 3050 5095 τινος
3099 5031 3396 5102 μοχθηρᾶς,
3447 5031 3478 5100 ἣ
3530 5030 3667 5090 ὅλως

2080 5130 2279 5200 ἑτέρων
2305 5128 2462 5180 τινῶν
2491 5127 2598 5179 τῶν
2626 5125 2778 5187 ἀξίαν
2810 5126 2976 5195 αὐτὴν
3003 5123 3096 5175 τοῦ
3127 5122 3398 5192 μισεῖσθαι
3424 5118 3667 5171 δεικνύν-

2080 5237 2206 5281 των,
2253 5220 2332 5280 εἰς
2372 5218 2429 5270 τὸ
2476 5216 2725 5285 τοιαύτην
2767 5217 2908 5285 ἔχειν
2940 5217 3037 5284 τὴν
3079 5212 3300 5284 γνώμην
3339 5213 3467 5282 περὶ
3501 5210 3670 5274 αὐτὴν

2082 5315 2379 5384 καταστῇς,
2406 5313 2660 5365 ἀπολύειν
2693 5314 2860 5382 αὐτὴν
2893 5310 3152 5362 ἐκέλευσα
3181 5309 3322 5371 τότε,
3354 5306 3413 5357 οὐ
3446 5305 3533 5355 τὸν
3566 5318 3667 5367 γα-

2088 5407 2242 5476 μικὸν
2271 5405 2412 5458 λύων
2445 5406 2626 5475 νόμον,
2662 5407 2724 5456 ἐκ
2753 5403 2806 5455 δὲ
2841 5403 2946 5454 τῶν
2975 5400 3398 5470 συμϐαινόντων,
3430 5397 3488 5448 οὐ
3521 5389 3668 5457 παρὰ

2082 5500 2179 5569 τὴν
2210 5500 2305 5568 σὴν
2334 5498 2512 5552 αἰτίαν
2545 5497 2849 5567 ἐπιτρέπων
2881 5511 2960 5548 σοι
2994 5492 3191 5564 μᾶλλον
3227 5489 3396 5561 αὐτὴν
3427 5484 3668 5557 ἀφιέναι,
