  <div class='ocr_page' id='page_1' title='image "/cluster/home/n/w/nwhite01/storage/ocr_20150623/66/mdp.39015008467477/316.png"; bbox 0 0 3974 6146; ppageno 0'>
   <div class='ocr_carea' id='block_1_1' title="bbox 287 285 394 339">
    <p class='ocr_par' dir='ltr' id='par_1_1' title="bbox 287 285 394 339">
     <span class='ocr_line' id='line_1_1' title="bbox 287 285 394 339; baseline -0.009 0"><span class='ocrx_word' id='word_1_1' title='bbox 287 285 394 339; x_wconf 73' lang='grc'><strong>617</strong></span> 
     </span>
    </p>
   </div>
   <div class='ocr_carea' id='block_1_2' title="bbox 1227 280 2572 345">
    <p class='ocr_par' dir='ltr' id='par_1_2' title="bbox 1227 280 2572 345">
     <span class='ocr_line' id='line_1_2' title="bbox 1227 280 2572 345; baseline -0.006 0"><span class='ocrx_word' id='word_1_2' title='bbox 1227 282 1776 345; x_wconf 73' lang='lat' dir='ltr'><strong>COMMENTARIUS</strong></span> <span class='ocrx_word' id='word_1_3' title='bbox 1803 280 1870 337; x_wconf 80' lang='lat' dir='ltr'><strong>1N</strong></span> <span class='ocrx_word' id='word_1_4' title='bbox 1907 281 2283 338; x_wconf 64' lang='lat' dir='ltr'><strong>MALACHIAS</strong></span> <span class='ocrx_word' id='word_1_5' title='bbox 2324 283 2477 340; x_wconf 81' lang='lat' dir='ltr'><strong>CAP.</strong></span> <span class='ocrx_word' id='word_1_6' title='bbox 2511 284 2572 338; x_wconf 91' lang='lat' dir='ltr'><strong>ll.</strong></span> 
     </span>
    </p>
   </div>
   <div class='ocr_carea' id='block_1_3' title="bbox 3456 278 3560 333">
    <p class='ocr_par' dir='ltr' id='par_1_3' title="bbox 3456 278 3560 333">
     <span class='ocr_line' id='line_1_3' title="bbox 3456 278 3560 333; baseline -0.029 0"><span class='ocrx_word' id='word_1_7' title='bbox 3456 278 3560 333; x_wconf 72' lang='lat' dir='ltr'><strong>MS</strong></span> 
     </span>
    </p>
   </div>
   <div class='ocr_carea' id='block_1_4' title="bbox 289 402 1891 497">
    <p class='ocr_par' dir='ltr' id='par_1_4' title="bbox 289 406 1880 497">
     <span class='ocr_line' id='line_1_4' title="bbox 289 406 1880 497; baseline -0.011 -21"><span class='ocrx_word' id='word_1_8' title='bbox 289 425 321 497; x_wconf 78' lang='grc' dir='ltr'>ἢ</span> <span class='ocrx_word' id='word_1_9' title='bbox 374 424 455 486; x_wconf 82' lang='grc' dir='ltr'><strong>είς</strong></span> <span class='ocrx_word' id='word_1_10' title='bbox 509 415 912 490; x_wconf 74' lang='grc' dir='ltr'>καθημερινοὺς</span> <span class='ocrx_word' id='word_1_11' title='bbox 967 410 1327 467; x_wconf 66' lang='grc' dir='ltr'><strong>καθίστασθαι</strong></span> <span class='ocrx_word' id='word_1_12' title='bbox 1375 410 1513 484; x_wconf 73' lang='grc' dir='ltr'>πρὸς</span> <span class='ocrx_word' id='word_1_13' title='bbox 1563 408 1731 480; x_wconf 80' lang='grc' dir='ltr'>αὐτὴν</span> <span class='ocrx_word' id='word_1_14' title='bbox 1767 406 1880 460; x_wconf 85' lang='grc' dir='ltr'>δια-</span> 
     </span>
    </p>
   </div>
   <div class='ocr_carea' id='block_1_5' title="bbox 1993 402 3565 497">
    <p class='ocr_par' dir='ltr' id='par_1_5' title="bbox 1993 402 3565 478">
     <span class='ocr_line' id='line_1_5' title="bbox 1993 402 3565 478; baseline 0.002 -20"><span class='ocrx_word' id='word_1_15' title='bbox 1993 402 2164 462; x_wconf 85' lang='lat' dir='ltr'><strong>dianis</strong></span> <span class='ocrx_word' id='word_1_16' title='bbox 2206 405 2408 476; x_wconf 85' lang='lat' dir='ltr'><strong>jurgiis</strong></span> <span class='ocrx_word' id='word_1_17' title='bbox 2436 420 2560 461; x_wconf 92' lang='lat' dir='ltr'><strong>cum</strong></span> <span class='ocrx_word' id='word_1_18' title='bbox 2596 419 2659 461; x_wconf 88' lang='lat' dir='ltr'><strong>ea</strong></span> <span class='ocrx_word' id='word_1_19' title='bbox 2707 403 3089 470; x_wconf 82' lang='lat' dir='ltr'><strong>contenderes,</strong></span> <span class='ocrx_word' id='word_1_20' title='bbox 3139 410 3192 460; x_wconf 85' lang='lat' dir='ltr'><strong>et</strong></span> <span class='ocrx_word' id='word_1_21' title='bbox 3241 420 3309 460; x_wconf 88' lang='lat' dir='ltr'><strong>ne</strong></span> <span class='ocrx_word' id='word_1_22' title='bbox 3339 406 3565 478; x_wconf 77' lang='lat' dir='ltr'><strong>gravius</strong></span> 
     </span>
    </p>
   </div>
   <div class='ocr_carea' id='block_1_6' title="bbox 291 499 1882 585">
    <p class='ocr_par' dir='ltr' id='par_1_6' title="bbox 291 499 1882 585">
     <span class='ocr_line' id='line_1_6' title="bbox 291 499 1882 585; baseline -0.012 -17"><span class='ocrx_word' id='word_1_23' title='bbox 291 511 688 585; x_wconf 82' lang='grc' dir='ltr'>πληκτισμοὺς,</span> <span class='ocrx_word' id='word_1_24' title='bbox 726 508 806 579; x_wconf 81' lang='lat' dir='ltr'><strong>(p.</strong></span> <span class='ocrx_word' id='word_1_25' title='bbox 837 504 964 574; x_wconf 81' lang='lat'><strong>557)</strong></span> <span class='ocrx_word' id='word_1_26' title='bbox 1007 501 1216 575; x_wconf 86' lang='grc' dir='ltr'>μήποτέ</span> <span class='ocrx_word' id='word_1_27' title='bbox 1257 519 1310 554; x_wconf 84' lang='grc' dir='ltr'><strong>τι</strong></span> <span class='ocrx_word' id='word_1_28' title='bbox 1347 501 1443 555; x_wconf 77' lang='grc' dir='ltr'>καὶ</span> <span class='ocrx_word' id='word_1_29' title='bbox 1487 501 1668 571; x_wconf 80' lang='grc' dir='ltr'>χεῖρον</span> <span class='ocrx_word' id='word_1_30' title='bbox 1702 499 1732 551; x_wconf 86' lang='grc' dir='ltr'>ὁ</span> <span class='ocrx_word' id='word_1_31' title='bbox 1779 514 1882 568; x_wconf 85' lang='grc' dir='ltr'>μα-</span> 
     </span>
    </p>
   </div>
   <div class='ocr_carea' id='block_1_7' title="bbox 288 588 1883 678">
    <p class='ocr_par' dir='ltr' id='par_1_7' title="bbox 288 588 1883 678">
     <span class='ocr_line' id='line_1_7' title="bbox 288 588 1883 678; baseline -0.012 -18"><span class='ocrx_word' id='word_1_32' title='bbox 288 606 418 678; x_wconf 76' lang='grc' dir='ltr'>κρὸς</span> <span class='ocrx_word' id='word_1_33' title='bbox 473 603 778 674; x_wconf 67' lang='grc' dir='ltr'>ἐργάσηται</span> <span class='ocrx_word' id='word_1_34' title='bbox 830 597 1045 670; x_wconf 81' lang='grc' dir='ltr'><strong>χρόνος,</strong></span> <span class='ocrx_word' id='word_1_35' title='bbox 1099 593 1194 649; x_wconf 90' lang='grc' dir='ltr'><strong>καί</strong></span> <span class='ocrx_word' id='word_1_36' title='bbox 1248 610 1352 646; x_wconf 87' lang='grc' dir='ltr'><strong>που</strong></span> <span class='ocrx_word' id='word_1_37' title='bbox 1403 592 1498 645; x_wconf 72' lang='grc' dir='ltr'>καὶ</span> <span class='ocrx_word' id='word_1_38' title='bbox 1549 590 1684 661; x_wconf 81' lang='grc' dir='ltr'>πρὸς</span> <span class='ocrx_word' id='word_1_39' title='bbox 1725 588 1883 658; x_wconf 82' lang='grc' dir='ltr'>φόνον</span> 
     </span>
    </p>
   </div>
   <div class='ocr_carea' id='block_1_8' title="bbox 285 680 1885 767">
    <p class='ocr_par' dir='ltr' id='par_1_8' title="bbox 285 680 1885 767">
     <span class='ocr_line' id='line_1_8' title="bbox 285 680 1885 767; baseline -0.013 -15"><span class='ocrx_word' id='word_1_40' title='bbox 285 697 552 767; x_wconf 75' lang='grc' dir='ltr'>ὁπλισθῇς</span> <span class='ocrx_word' id='word_1_41' title='bbox 576 694 676 765; x_wconf 81' lang='grc' dir='ltr'>τῆς</span> <span class='ocrx_word' id='word_1_42' title='bbox 708 688 988 760; x_wconf 86' lang='grc' dir='ltr'>γυναικός.</span> <span class='ocrx_word' id='word_1_43' title='bbox 1029 686 1185 744; x_wconf 82' lang='grc' dir='ltr'>Οὖτω</span> <span class='ocrx_word' id='word_1_44' title='bbox 1216 684 1325 757; x_wconf 87' lang='grc' dir='ltr'><strong>γὰρ</strong></span> <span class='ocrx_word' id='word_1_45' title='bbox 1358 682 1454 737; x_wconf 72' lang='grc' dir='ltr'>καὶ</span> <span class='ocrx_word' id='word_1_46' title='bbox 1497 683 1528 735; x_wconf 84' lang='grc' dir='ltr'>ὀ</span> <span class='ocrx_word' id='word_1_47' title='bbox 1579 680 1780 754; x_wconf 81' lang='grc' dir='ltr'>Κύριος</span> <span class='ocrx_word' id='word_1_48' title='bbox 1824 681 1885 733; x_wconf 80' lang='grc' dir='ltr'>ὲν</span> 
     </span>
    </p>
   </div>
   <div class='ocr_carea' id='block_1_9' title="bbox 285 774 1884 855">
    <p class='ocr_par' dir='ltr' id='par_1_9' title="bbox 285 774 1884 855">
     <span class='ocr_line' id='line_1_9' title="bbox 285 774 1884 855; baseline -0.013 -11"><span class='ocrx_word' id='word_1_49' title='bbox 285 793 400 854; x_wconf 80' lang='grc' dir='ltr'>τοῖς</span> <span class='ocrx_word' id='word_1_50' title='bbox 465 784 820 855; x_wconf 83' lang='grc' dir='ltr'>Εὐαγγελίοις</span> <span class='ocrx_word' id='word_1_51' title='bbox 882 781 1018 852; x_wconf 83' lang='grc' dir='ltr'>πρὸς</span> <span class='ocrx_word' id='word_1_52' title='bbox 1075 777 1400 849; x_wconf 75' lang='grc' dir='ltr'><strong>Φαρισαίους</strong></span> <span class='ocrx_word' id='word_1_53' title='bbox 1466 774 1884 847; x_wconf 80' lang='grc' dir='ltr'>ἑρωτήσαντας,</span> 
     </span>
    </p>
   </div>
   <div class='ocr_carea' id='block_1_10' title="bbox 293 867 1882 946">
    <p class='ocr_par' dir='ltr' id='par_1_10' title="bbox 293 867 1882 946">
     <span class='ocr_line' id='line_1_10' title="bbox 293 867 1882 946; baseline -0.012 -10"><span class='ocrx_word' id='word_1_54' title='bbox 293 904 312 935; x_wconf 79' lang='grc' dir='ltr'><strong>ι</strong></span> <span class='ocrx_word' id='word_1_55' title='bbox 355 881 424 936; x_wconf 90' lang='grc' dir='ltr'>Τί</span> <span class='ocrx_word' id='word_1_56' title='bbox 460 874 554 934; x_wconf 78' lang='grc' dir='ltr'>οὖν</span> <span class='ocrx_word' id='word_1_57' title='bbox 583 877 830 946; x_wconf 85' lang='grc' dir='ltr'><strong>Μωῦσῆς</strong></span> <span class='ocrx_word' id='word_1_58' title='bbox 864 874 1030 928; x_wconf 74' lang='grc' dir='ltr'>ἔδωκε</span> <span class='ocrx_word' id='word_1_59' title='bbox 1064 869 1267 942; x_wconf 87' lang='grc' dir='ltr'>βιϐλίον</span> <span class='ocrx_word' id='word_1_60' title='bbox 1308 867 1681 930; x_wconf 83' lang='grc' dir='ltr'>ἀποστασίου;</span> <span class='ocrx_word' id='word_1_61' title='bbox 1719 885 1740 918; x_wconf 76' lang='grc' dir='ltr'><strong>ι</strong></span> <span class='ocrx_word' id='word_1_62' title='bbox 1782 867 1882 918; x_wconf 71' lang='grc' dir='ltr'>έπ-</span> 
     </span>
    </p>
   </div>
   <div class='ocr_carea' id='block_1_11' title="bbox 289 956 1885 1047">
    <p class='ocr_par' dir='ltr' id='par_1_11' title="bbox 289 956 1885 1047">
     <span class='ocr_line' id='line_1_11' title="bbox 289 956 1885 1047; baseline -0.014 -16"><span class='ocrx_word' id='word_1_63' title='bbox 289 978 486 1047; x_wconf 75' lang='grc' dir='ltr'>ήγαγε,</span> <span class='ocrx_word' id='word_1_64' title='bbox 523 990 542 1023; x_wconf 77' lang='grc' dir='ltr'><strong>ι</strong></span> <span class='ocrx_word' id='word_1_65' title='bbox 576 969 723 1042; x_wconf 72' lang='grc' dir='ltr'>Πρὸς</span> <span class='ocrx_word' id='word_1_66' title='bbox 757 967 858 1037; x_wconf 69' lang='grc' dir='ltr'>τὴν</span> <span class='ocrx_word' id='word_1_67' title='bbox 911 961 1342 1034; x_wconf 78' lang='grc' dir='ltr'><strong>σκληροκαρδίαν</strong></span> <span class='ocrx_word' id='word_1_68' title='bbox 1387 958 1540 1030; x_wconf 79' lang='grc' dir='ltr'>ὑμῶν</span> <span class='ocrx_word' id='word_1_69' title='bbox 1585 956 1885 1028; x_wconf 71' lang='grc' dir='ltr'><strong>ἐπέτρεψεν</strong></span> 
     </span>
    </p>
   </div>
   <div class='ocr_carea' id='block_1_12' title="bbox 288 1047 1886 1132">
    <p class='ocr_par' dir='ltr' id='par_1_12' title="bbox 288 1047 1886 1132">
     <span class='ocr_line' id='line_1_12' title="bbox 288 1047 1886 1132; baseline -0.014 -10"><span class='ocrx_word' id='word_1_70' title='bbox 288 1067 431 1122; x_wconf 80' lang='grc' dir='ltr'>οὓτω</span> <span class='ocrx_word' id='word_1_71' title='bbox 474 1061 735 1132; x_wconf 83' lang='grc' dir='ltr'>Μωῡσῆς,</span> <span class='ocrx_word' id='word_1_72' title='bbox 788 1059 882 1113; x_wconf 83' lang='grc' dir='ltr'><strong>ἀπ’</strong></span> <span class='ocrx_word' id='word_1_73' title='bbox 928 1055 1104 1128; x_wconf 83' lang='grc' dir='ltr'>ἀρχῆς</span> <span class='ocrx_word' id='word_1_74' title='bbox 1150 1054 1208 1107; x_wconf 82' lang='grc' dir='ltr'>δὲ</span> <span class='ocrx_word' id='word_1_75' title='bbox 1254 1053 1317 1107; x_wconf 82' lang='grc' dir='ltr'><strong>ού</strong></span> <span class='ocrx_word' id='word_1_76' title='bbox 1353 1053 1575 1122; x_wconf 82' lang='grc' dir='ltr'>γέγονεν</span> <span class='ocrx_word' id='word_1_77' title='bbox 1618 1047 1790 1112; x_wconf 77' lang='grc' dir='ltr'>οὕτως</span> <span class='ocrx_word' id='word_1_78' title='bbox 1810 1065 1823 1078; x_wconf 81' lang='grc'><em>’</em></span> <span class='ocrx_word' id='word_1_79' title='bbox 1856 1048 1886 1100; x_wconf 82' lang='grc' dir='ltr'><strong>ό</strong></span> 
     </span>
    </p>
   </div>
   <div class='ocr_carea' id='block_1_13' title="bbox 290 1139 1884 1227">
    <p class='ocr_par' dir='ltr' id='par_1_13' title="bbox 290 1139 1884 1227">
     <span class='ocr_line' id='line_1_13' title="bbox 290 1139 1884 1227; baseline -0.013 -17"><span class='ocrx_word' id='word_1_80' title='bbox 290 1157 397 1227; x_wconf 83' lang='grc' dir='ltr'>γὰρ</span> <span class='ocrx_word' id='word_1_81' title='bbox 427 1155 663 1223; x_wconf 83' lang='grc' dir='ltr'>ποιήσας</span> <span class='ocrx_word' id='word_1_82' title='bbox 694 1149 754 1214; x_wconf 77' lang='grc' dir='ltr'>ἐξ</span> <span class='ocrx_word' id='word_1_83' title='bbox 781 1147 980 1220; x_wconf 80' lang='grc' dir='ltr'>ἀρχῆς,</span> <span class='ocrx_word' id='word_1_84' title='bbox 1013 1145 1178 1216; x_wconf 77' lang='grc' dir='ltr'>ἄρσεν</span> <span class='ocrx_word' id='word_1_85' title='bbox 1203 1144 1296 1197; x_wconf 71' lang='grc' dir='ltr'>καὶ</span> <span class='ocrx_word' id='word_1_86' title='bbox 1329 1141 1462 1214; x_wconf 77' lang='grc' dir='ltr'>θῆλυ</span> <span class='ocrx_word' id='word_1_87' title='bbox 1493 1140 1748 1211; x_wconf 78' lang='grc' dir='ltr'>ἐποίησεν</span> <span class='ocrx_word' id='word_1_88' title='bbox 1784 1139 1884 1193; x_wconf 81' lang='grc' dir='ltr'>αύ-</span> 
     </span>
    </p>
   </div>
   <div class='ocr_carea' id='block_1_14' title="bbox 291 1230 1887 1312">
    <p class='ocr_par' dir='ltr' id='par_1_14' title="bbox 291 1230 1887 1312">
     <span class='ocr_line' id='line_1_14' title="bbox 291 1230 1887 1312; baseline -0.013 -9"><span class='ocrx_word' id='word_1_89' title='bbox 291 1249 441 1312; x_wconf 89' lang='grc' dir='ltr'>τούς·</span> <span class='ocrx_word' id='word_1_90' title='bbox 470 1246 565 1299; x_wconf 74' lang='grc' dir='ltr'>καὶ</span> <span class='ocrx_word' id='word_1_91' title='bbox 584 1239 766 1297; x_wconf 76' lang='grc' dir='ltr'>εἶπεν·</span> <span class='ocrx_word' id='word_1_92' title='bbox 835 1241 1062 1293; x_wconf 83' lang='grc' dir='ltr'>Ἕνεκεν</span> <span class='ocrx_word' id='word_1_93' title='bbox 1085 1237 1276 1291; x_wconf 88' lang='grc' dir='ltr'>τούτου</span> <span class='ocrx_word' id='word_1_94' title='bbox 1321 1232 1637 1302; x_wconf 76' lang='grc' dir='ltr'>καταλείψει</span> <span class='ocrx_word' id='word_1_95' title='bbox 1678 1230 1887 1303; x_wconf 76' lang='grc' dir='ltr'>ἄνθρω-</span> 
     </span>
    </p>
   </div>
   <div class='ocr_carea' id='block_1_15' title="bbox 294 1323 1889 1404">
    <p class='ocr_par' dir='ltr' id='par_1_15' title="bbox 294 1323 1889 1404">
     <span class='ocr_line' id='line_1_15' title="bbox 294 1323 1889 1404; baseline -0.009 -11"><span class='ocrx_word' id='word_1_96' title='bbox 294 1359 392 1404; x_wconf 83' lang='grc' dir='ltr'><strong>πος</strong></span> <span class='ocrx_word' id='word_1_97' title='bbox 423 1339 518 1392; x_wconf 83' lang='grc' dir='ltr'>τὸν</span> <span class='ocrx_word' id='word_1_98' title='bbox 568 1335 780 1404; x_wconf 83' lang='grc' dir='ltr'>πατέρα</span> <span class='ocrx_word' id='word_1_99' title='bbox 829 1331 994 1387; x_wconf 76' lang='grc' dir='ltr'>αὐτοῦ</span> <span class='ocrx_word' id='word_1_100' title='bbox 1046 1332 1139 1386; x_wconf 78' lang='grc' dir='ltr'>καὶ</span> <span class='ocrx_word' id='word_1_101' title='bbox 1186 1329 1282 1401; x_wconf 81' lang='grc' dir='ltr'>τὴν</span> <span class='ocrx_word' id='word_1_102' title='bbox 1322 1326 1534 1399; x_wconf 85' lang='grc' dir='ltr'>μητέρα</span> <span class='ocrx_word' id='word_1_103' title='bbox 1575 1323 1762 1390; x_wconf 81' lang='grc' dir='ltr'>αὑτοῦ,</span> <span class='ocrx_word' id='word_1_104' title='bbox 1792 1323 1889 1378; x_wconf 58' lang='grc' dir='ltr'>καὶ</span> 
     </span>
    </p>
   </div>
   <div class='ocr_carea' id='block_1_16' title="bbox 295 1416 1886 1502">
    <p class='ocr_par' dir='ltr' id='par_1_16' title="bbox 295 1416 1886 1502">
     <span class='ocr_line' id='line_1_16' title="bbox 295 1416 1886 1502; baseline -0.01 -17"><span class='ocrx_word' id='word_1_105' title='bbox 295 1429 827 1502; x_wconf 76' lang='grc' dir='ltr'>προσκολληθήσεται</span> <span class='ocrx_word' id='word_1_106' title='bbox 891 1423 1026 1495; x_wconf 84' lang='grc' dir='ltr'>πρὸς</span> <span class='ocrx_word' id='word_1_107' title='bbox 1090 1422 1190 1494; x_wconf 79' lang='grc' dir='ltr'>τὴν</span> <span class='ocrx_word' id='word_1_108' title='bbox 1247 1422 1479 1489; x_wconf 82' lang='grc' dir='ltr'>γυναῖκα</span> <span class='ocrx_word' id='word_1_109' title='bbox 1536 1416 1702 1471; x_wconf 78' lang='grc' dir='ltr'>αὐτοῦ</span> <span class='ocrx_word' id='word_1_110' title='bbox 1724 1457 1738 1482; x_wconf 91' lang='grc'><strong>,</strong></span> <span class='ocrx_word' id='word_1_111' title='bbox 1792 1416 1886 1470; x_wconf 79' lang='grc' dir='ltr'>καὶ</span> 
     </span>
    </p>
   </div>
   <div class='ocr_carea' id='block_1_17' title="bbox 295 1506 1888 1585">
    <p class='ocr_par' dir='ltr' id='par_1_17' title="bbox 295 1506 1888 1585">
     <span class='ocr_line' id='line_1_17' title="bbox 295 1506 1888 1585; baseline -0.009 -11"><span class='ocrx_word' id='word_1_112' title='bbox 295 1521 508 1574; x_wconf 68' lang='grc' dir='ltr'>ἔσονται</span> <span class='ocrx_word' id='word_1_113' title='bbox 535 1523 583 1572; x_wconf 89' lang='grc' dir='ltr'>οἱ</span> <span class='ocrx_word' id='word_1_114' title='bbox 613 1519 707 1572; x_wconf 89' lang='grc' dir='ltr'><strong>δύο</strong></span> <span class='ocrx_word' id='word_1_115' title='bbox 744 1519 823 1580; x_wconf 82' lang='grc' dir='ltr'><strong>είς</strong></span> <span class='ocrx_word' id='word_1_116' title='bbox 859 1515 1038 1585; x_wconf 84' lang='grc' dir='ltr'>σάρκα</span> <span class='ocrx_word' id='word_1_117' title='bbox 1066 1513 1213 1584; x_wconf 89' lang='grc' dir='ltr'>μίαν.</span> <span class='ocrx_word' id='word_1_118' title='bbox 1257 1531 1276 1564; x_wconf 75' lang='grc' dir='ltr'><strong>ι</strong></span> <span class='ocrx_word' id='word_1_119' title='bbox 1311 1511 1481 1564; x_wconf 80' lang='grc' dir='ltr'>Τοῦτο</span> <span class='ocrx_word' id='word_1_120' title='bbox 1511 1509 1683 1578; x_wconf 85' lang='grc' dir='ltr'>λέγει,</span> <span class='ocrx_word' id='word_1_121' title='bbox 1717 1509 1798 1562; x_wconf 79' lang='grc' dir='ltr'>ὅτι</span> <span class='ocrx_word' id='word_1_122' title='bbox 1825 1506 1888 1560; x_wconf 80' lang='grc' dir='ltr'>τὸ</span> 
     </span>
    </p>
   </div>
   <div class='ocr_carea' id='block_1_18' title="bbox 300 1599 1887 1682">
    <p class='ocr_par' dir='ltr' id='par_1_18' title="bbox 300 1599 1887 1682">
     <span class='ocr_line' id='line_1_18' title="bbox 300 1599 1887 1682; baseline -0.008 -18"><span class='ocrx_word' id='word_1_123' title='bbox 300 1611 396 1682; x_wconf 81' lang='grc' dir='ltr'>μὲν</span> <span class='ocrx_word' id='word_1_124' title='bbox 425 1610 711 1664; x_wconf 75' lang='grc' dir='ltr'>κάλλιπον</span> <span class='ocrx_word' id='word_1_125' title='bbox 752 1603 822 1679; x_wconf 77' lang='grc' dir='ltr'>ἦν</span> <span class='ocrx_word' id='word_1_126' title='bbox 872 1605 1014 1659; x_wconf 77' lang='grc' dir='ltr'>κατὰ</span> <span class='ocrx_word' id='word_1_127' title='bbox 1053 1603 1142 1658; x_wconf 84' lang='grc' dir='ltr'>τὸν</span> <span class='ocrx_word' id='word_1_128' title='bbox 1189 1601 1396 1657; x_wconf 78' lang='grc' dir='ltr'>ἄνωθεν</span> <span class='ocrx_word' id='word_1_129' title='bbox 1427 1600 1564 1672; x_wconf 75' lang='grc' dir='ltr'>μετὰ</span> <span class='ocrx_word' id='word_1_130' title='bbox 1592 1599 1688 1654; x_wconf 84' lang='grc' dir='ltr'><strong>τοῦ</strong></span> <span class='ocrx_word' id='word_1_131' title='bbox 1720 1616 1887 1671; x_wconf 77' lang='grc' dir='ltr'>προσο</span> 
     </span>
    </p>
   </div>
   <div class='ocr_carea' id='block_1_19' title="bbox 298 1692 1886 1774">
    <p class='ocr_par' dir='ltr' id='par_1_19' title="bbox 298 1692 1886 1774">
     <span class='ocr_line' id='line_1_19' title="bbox 298 1692 1886 1774; baseline -0.008 -17"><span class='ocrx_word' id='word_1_132' title='bbox 298 1705 519 1774; x_wconf 79' lang='grc' dir='ltr'>ήκοντος</span> <span class='ocrx_word' id='word_1_133' title='bbox 546 1700 842 1771; x_wconf 85' lang='grc' dir='ltr'>διαμένειν,</span> <span class='ocrx_word' id='word_1_134' title='bbox 875 1695 1126 1768; x_wconf 76' lang='grc' dir='ltr'>ἀλλήλοις</span> <span class='ocrx_word' id='word_1_135' title='bbox 1177 1694 1452 1756; x_wconf 88' lang='grc' dir='ltr'>συνόντας,</span> <span class='ocrx_word' id='word_1_136' title='bbox 1500 1693 1668 1764; x_wconf 77' lang='grc' dir='ltr'>ἄνδρα</span> <span class='ocrx_word' id='word_1_137' title='bbox 1706 1709 1766 1746; x_wconf 86' lang='grc' dir='ltr'><strong>τε</strong></span> <span class='ocrx_word' id='word_1_138' title='bbox 1793 1692 1886 1746; x_wconf 71' lang='grc' dir='ltr'>καὶ</span> 
     </span>
    </p>
   </div>
   <div class='ocr_carea' id='block_1_20' title="bbox 297 1749 1962 1863">
    <p class='ocr_par' dir='ltr' id='par_1_20' title="bbox 297 1749 1962 1863">
     <span class='ocr_line' id='line_1_20' title="bbox 297 1749 1962 1863; baseline -0.008 -14"><span class='ocrx_word' id='word_1_139' title='bbox 1081 1749 1179 1852; x_wconf 59' lang='grc' dir='ltr'><strong>τάς</strong></span> <span class='ocrx_word' id='word_1_140' title='bbox 1219 1786 1388 1859; x_wconf 81' lang='grc' dir='ltr'>ὀργὰς</span> <span class='ocrx_word' id='word_1_141' title='bbox 1411 1749 1747 1849; x_wconf 63' lang='grc' dir='ltr'>άκαθέκτους</span> <span class='ocrx_word' id='word_1_142' title='bbox 1790 1783 1882 1838; x_wconf 76' lang='grc' dir='ltr'><strong>οὗ·</strong></span> <span class='ocrx_word' id='word_1_143' title='bbox 1919 1749 1962 1805; x_wconf 70' lang='grc' dir='ltr'><strong>Β</strong></span> 
     </span>
    </p>
   </div>
   <div class='ocr_carea' id='block_1_21' title="bbox 300 1877 1882 1953">
    <p class='ocr_par' dir='ltr' id='par_1_21' title="bbox 300 1877 1882 1953">
     <span class='ocr_line' id='line_1_21' title="bbox 300 1877 1882 1953; baseline -0.005 -13"><span class='ocrx_word' id='word_1_144' title='bbox 300 1904 418 1953; x_wconf 86' lang='grc' dir='ltr'>σας,</span> <span class='ocrx_word' id='word_1_145' title='bbox 452 1885 757 1946; x_wconf 71' lang='grc' dir='ltr'>ἐκέλευσεν,</span> <span class='ocrx_word' id='word_1_146' title='bbox 799 1883 848 1936; x_wconf 89' lang='grc' dir='ltr'><strong>εί</strong></span> <span class='ocrx_word' id='word_1_147' title='bbox 889 1883 946 1937; x_wconf 88' lang='grc' dir='ltr'><strong>αί</strong></span> <span class='ocrx_word' id='word_1_148' title='bbox 991 1881 1254 1952; x_wconf 76' lang='grc' dir='ltr'>φυόμεναι</span> <span class='ocrx_word' id='word_1_149' title='bbox 1297 1881 1356 1933; x_wconf 77' lang='grc' dir='ltr'>ὲν</span> <span class='ocrx_word' id='word_1_150' title='bbox 1404 1880 1533 1950; x_wconf 84' lang='grc' dir='ltr'>ὑμῖν</span> <span class='ocrx_word' id='word_1_151' title='bbox 1579 1879 1749 1933; x_wconf 78' lang='grc' dir='ltr'>αἰτίαι</span> <span class='ocrx_word' id='word_1_152' title='bbox 1794 1877 1882 1932; x_wconf 84' lang='grc' dir='ltr'>δο-</span> 
     </span>
    </p>
   </div>
   <div class='ocr_carea' id='block_1_22' title="bbox 297 1971 1884 2049">
    <p class='ocr_par' dir='ltr' id='par_1_22' title="bbox 297 1971 1884 2049">
     <span class='ocr_line' id='line_1_22' title="bbox 297 1971 1884 2049; baseline -0.006 -17"><span class='ocrx_word' id='word_1_153' title='bbox 297 1982 442 2032; x_wconf 82' lang='grc' dir='ltr'>κοῖεν</span> <span class='ocrx_word' id='word_1_154' title='bbox 496 1976 845 2049; x_wconf 83' lang='grc' dir='ltr'>παροξυσμόν</span> <span class='ocrx_word' id='word_1_155' title='bbox 890 1991 1012 2030; x_wconf 88' lang='grc' dir='ltr'>τινα</span> <span class='ocrx_word' id='word_1_156' title='bbox 1076 1973 1370 2045; x_wconf 87' lang='grc' dir='ltr'>παρέχειν,</span> <span class='ocrx_word' id='word_1_157' title='bbox 1423 1971 1622 2042; x_wconf 81' lang='grc' dir='ltr'>μᾶλλον</span> <span class='ocrx_word' id='word_1_158' title='bbox 1665 1971 1884 2040; x_wconf 76' lang='grc' dir='ltr'>ἀφιέναι</span> 
     </span>
    </p>
   </div>
   <div class='ocr_carea' id='block_1_23' title="bbox 296 2060 1885 2141">
    <p class='ocr_par' dir='ltr' id='par_1_23' title="bbox 296 2060 1885 2141">
     <span class='ocr_line' id='line_1_23' title="bbox 296 2060 1885 2141; baseline -0.006 -17"><span class='ocrx_word' id='word_1_159' title='bbox 296 2070 393 2141; x_wconf 75' lang='grc' dir='ltr'>τὴν</span> <span class='ocrx_word' id='word_1_160' title='bbox 419 2071 653 2138; x_wconf 83' lang='grc' dir='ltr'>γυναῖκα</span> <span class='ocrx_word' id='word_1_161' title='bbox 693 2067 724 2137; x_wconf 77' lang='grc' dir='ltr'>ἢ</span> <span class='ocrx_word' id='word_1_162' title='bbox 774 2069 838 2119; x_wconf 82' lang='grc' dir='ltr'>ὲκ</span> <span class='ocrx_word' id='word_1_163' title='bbox 889 2064 1079 2137; x_wconf 81' lang='grc' dir='ltr'>μίσους</span> <span class='ocrx_word' id='word_1_164' title='bbox 1126 2062 1264 2134; x_wconf 82' lang='grc' dir='ltr'>πρὸς</span> <span class='ocrx_word' id='word_1_165' title='bbox 1303 2060 1594 2132; x_wconf 75' lang='grc' dir='ltr'>ἐπιϐουλὴν</span> <span class='ocrx_word' id='word_1_166' title='bbox 1626 2061 1885 2116; x_wconf 83' lang='grc' dir='ltr'>καθίστα-</span> 
     </span>
    </p>
   </div>
   <div class='ocr_carea' id='block_1_24' title="bbox 300 2154 1888 2231">
    <p class='ocr_par' dir='ltr' id='par_1_24' title="bbox 300 2154 1888 2231">
     <span class='ocr_line' id='line_1_24' title="bbox 300 2154 1888 2231; baseline -0.005 -16"><span class='ocrx_word' id='word_1_167' title='bbox 300 2161 422 2216; x_wconf 87' lang='grc' dir='ltr'>σθαι</span> <span class='ocrx_word' id='word_1_168' title='bbox 462 2162 646 2231; x_wconf 85' lang='grc' dir='ltr'>φόνου.</span> <span class='ocrx_word' id='word_1_169' title='bbox 697 2155 832 2214; x_wconf 77' lang='grc' dir='ltr'>Εἶτα</span> <span class='ocrx_word' id='word_1_170' title='bbox 877 2157 1064 2228; x_wconf 73' lang='grc' dir='ltr'>ἐπειδὴ</span> <span class='ocrx_word' id='word_1_171' title='bbox 1092 2157 1218 2228; x_wconf 75' lang='grc' dir='ltr'>ἐνῆν</span> <span class='ocrx_word' id='word_1_172' title='bbox 1249 2154 1423 2208; x_wconf 87' lang='grc' dir='ltr'>αίτίαν</span> <span class='ocrx_word' id='word_1_173' title='bbox 1451 2155 1512 2208; x_wconf 87' lang='grc' dir='ltr'>οὑ</span> <span class='ocrx_word' id='word_1_174' title='bbox 1543 2154 1888 2227; x_wconf 85' lang='grc' dir='ltr'>παρεχούσης</span> 
     </span>
    </p>
   </div>
   <div class='ocr_carea' id='block_1_25' title="bbox 297 2244 1888 2324">
    <p class='ocr_par' dir='ltr' id='par_1_25' title="bbox 297 2244 1888 2324">
     <span class='ocr_line' id='line_1_25' title="bbox 297 2244 1888 2324; baseline -0.007 -19"><span class='ocrx_word' id='word_1_175' title='bbox 297 2255 394 2324; x_wconf 77' lang='grc' dir='ltr'>τῆς</span> <span class='ocrx_word' id='word_1_176' title='bbox 429 2251 708 2321; x_wconf 78' lang='grc' dir='ltr'>γυναικὸς,</span> <span class='ocrx_word' id='word_1_177' title='bbox 758 2253 822 2304; x_wconf 86' lang='grc' dir='ltr'>ὲκ</span> <span class='ocrx_word' id='word_1_178' title='bbox 875 2248 974 2318; x_wconf 77' lang='grc' dir='ltr'>τῆς</span> <span class='ocrx_word' id='word_1_179' title='bbox 1029 2246 1166 2318; x_wconf 79' lang='grc' dir='ltr'>πρὸς</span> <span class='ocrx_word' id='word_1_180' title='bbox 1219 2245 1412 2316; x_wconf 80' lang='grc' dir='ltr'>ἑτέραν</span> <span class='ocrx_word' id='word_1_181' title='bbox 1466 2244 1672 2315; x_wconf 79' lang='grc' dir='ltr'>ῥοπῆς,</span> <span class='ocrx_word' id='word_1_182' title='bbox 1732 2246 1888 2314; x_wconf 81' lang='grc' dir='ltr'>μῖσος</span> 
     </span>
    </p>
   </div>
   <div class='ocr_carea' id='block_1_26' title="bbox 300 2335 1890 2416">
    <p class='ocr_par' dir='ltr' id='par_1_26' title="bbox 300 2335 1890 2416">
     <span class='ocr_line' id='line_1_26' title="bbox 300 2335 1890 2416; baseline -0.009 -13"><span class='ocrx_word' id='word_1_183' title='bbox 300 2348 550 2403; x_wconf 78' lang='grc' dir='ltr'>πλάττειν</span> <span class='ocrx_word' id='word_1_184' title='bbox 578 2343 756 2416; x_wconf 74' lang='grc' dir='ltr'>ἑαυτῷ</span> <span class='ocrx_word' id='word_1_185' title='bbox 778 2343 839 2396; x_wconf 79' lang='grc' dir='ltr'>τὸ</span> <span class='ocrx_word' id='word_1_186' title='bbox 868 2341 944 2413; x_wconf 83' lang='grc' dir='ltr'>μὴ</span> <span class='ocrx_word' id='word_1_187' title='bbox 965 2341 1191 2404; x_wconf 88' lang='grc' dir='ltr'>δίκαιον,</span> <span class='ocrx_word' id='word_1_188' title='bbox 1221 2359 1239 2390; x_wconf 77' lang='grc' dir='ltr'><strong>ι</strong></span> <span class='ocrx_word' id='word_1_189' title='bbox 1276 2336 1638 2407; x_wconf 73' lang='grc' dir='ltr'>Ἀποκαλύψει</span> <span class='ocrx_word' id='word_1_190' title='bbox 1665 2335 1890 2390; x_wconf 82' lang='grc' dir='ltr'>ἀσέϐεια</span> 
     </span>
    </p>
   </div>
   <div class='ocr_carea' id='block_1_27' title="bbox 299 2429 1881 2510">
    <p class='ocr_par' dir='ltr' id='par_1_27' title="bbox 299 2429 1881 2510">
     <span class='ocr_line' id='line_1_27' title="bbox 299 2429 1881 2510; baseline -0.009 -16"><span class='ocrx_word' id='word_1_191' title='bbox 299 2441 366 2493; x_wconf 80' lang='grc' dir='ltr'><strong>τὰ</strong></span> <span class='ocrx_word' id='word_1_192' title='bbox 395 2440 755 2510; x_wconf 67' lang='grc' dir='ltr'>ἐνθυμήματα</span> <span class='ocrx_word' id='word_1_193' title='bbox 783 2435 962 2505; x_wconf 83' lang='grc' dir='ltr'>ὑμῶν,</span> <span class='ocrx_word' id='word_1_194' title='bbox 993 2432 1139 2500; x_wconf 84' lang='grc' dir='ltr'>λέγει</span> <span class='ocrx_word' id='word_1_195' title='bbox 1165 2431 1368 2502; x_wconf 87' lang='grc' dir='ltr'>Κύριος</span> <span class='ocrx_word' id='word_1_196' title='bbox 1402 2429 1817 2501; x_wconf 86' lang='grc' dir='ltr'>παντοκράτωρ.</span> <span class='ocrx_word' id='word_1_197' title='bbox 1862 2445 1881 2480; x_wconf 85' lang='grc'>›</span> 
     </span>
    </p>
   </div>
   <div class='ocr_carea' id='block_1_28' title="bbox 301 2521 1888 2601">
    <p class='ocr_par' dir='ltr' id='par_1_28' title="bbox 301 2521 1888 2601">
     <span class='ocr_line' id='line_1_28' title="bbox 301 2521 1888 2601; baseline -0.009 -15"><span class='ocrx_word' id='word_1_198' title='bbox 301 2534 366 2586; x_wconf 82' lang='lat' dir='ltr'><strong>El</strong></span> <span class='ocrx_word' id='word_1_199' title='bbox 395 2533 506 2601; x_wconf 85' lang='grc' dir='ltr'>γὰρ</span> <span class='ocrx_word' id='word_1_200' title='bbox 548 2530 624 2600; x_wconf 79' lang='grc' dir='ltr'>μὴ</span> <span class='ocrx_word' id='word_1_201' title='bbox 670 2527 866 2581; x_wconf 84' lang='grc' dir='ltr'>τούτων</span> <span class='ocrx_word' id='word_1_202' title='bbox 894 2524 1068 2588; x_wconf 76' lang='grc' dir='ltr'>οὕτως</span> <span class='ocrx_word' id='word_1_203' title='bbox 1109 2524 1365 2594; x_wconf 79' lang='grc' dir='ltr'>ἐχόντων,</span> <span class='ocrx_word' id='word_1_204' title='bbox 1402 2521 1758 2591; x_wconf 80' lang='grc' dir='ltr'>πλαττόμενοι</span> <span class='ocrx_word' id='word_1_205' title='bbox 1791 2521 1888 2591; x_wconf 80' lang='grc' dir='ltr'>τὴν</span> 
     </span>
    </p>
   </div>
   <div class='ocr_carea' id='block_1_29' title="bbox 308 2611 1889 2690">
    <p class='ocr_par' dir='ltr' id='par_1_29' title="bbox 308 2611 1889 2690">
     <span class='ocr_line' id='line_1_29' title="bbox 308 2611 1889 2690; baseline -0.007 -12"><span class='ocrx_word' id='word_1_206' title='bbox 308 2624 490 2678; x_wconf 73' lang='grc' dir='ltr'>αἰτίαν</span> <span class='ocrx_word' id='word_1_207' title='bbox 519 2617 920 2690; x_wconf 75' lang='grc' dir='ltr'>ἁποπέμποισθε</span> <span class='ocrx_word' id='word_1_208' title='bbox 966 2617 1065 2679; x_wconf 73' lang='grc' dir='ltr'><strong>τὰς</strong></span> <span class='ocrx_word' id='word_1_209' title='bbox 1106 2615 1312 2670; x_wconf 84' lang='grc' dir='ltr'>ἄνωθεν</span> <span class='ocrx_word' id='word_1_210' title='bbox 1358 2615 1489 2682; x_wconf 79' lang='grc' dir='ltr'>ὑμῖν</span> <span class='ocrx_word' id='word_1_211' title='bbox 1522 2611 1889 2682; x_wconf 80' lang='grc' dir='ltr'>συναφθείσας</span> 
     </span>
    </p>
   </div>
   <div class='ocr_carea' id='block_1_30' title="bbox 309 2705 1890 2783">
    <p class='ocr_par' dir='ltr' id='par_1_30' title="bbox 309 2705 1890 2783">
     <span class='ocr_line' id='line_1_30' title="bbox 309 2705 1890 2783; baseline -0.009 -12"><span class='ocrx_word' id='word_1_212' title='bbox 309 2717 608 2783; x_wconf 86' lang='grc' dir='ltr'>γυναῖκας,</span> <span class='ocrx_word' id='word_1_213' title='bbox 655 2711 794 2764; x_wconf 76' lang='grc' dir='ltr'>ἐστὶν</span> <span class='ocrx_word' id='word_1_214' title='bbox 839 2712 867 2763; x_wconf 86' lang='grc' dir='ltr'>ὁ</span> <span class='ocrx_word' id='word_1_215' title='bbox 927 2709 1035 2764; x_wconf 84' lang='grc' dir='ltr'><strong>τῶν</strong></span> <span class='ocrx_word' id='word_1_216' title='bbox 1081 2706 1346 2761; x_wconf 82' lang='grc' dir='ltr'>ἀσεϐειῶν</span> <span class='ocrx_word' id='word_1_217' title='bbox 1393 2706 1548 2777; x_wconf 82' lang='grc' dir='ltr'>ὑμῶν</span> <span class='ocrx_word' id='word_1_218' title='bbox 1596 2705 1890 2772; x_wconf 76' lang='grc' dir='ltr'>ἐξεταστὴς</span> 
     </span>
    </p>
   </div>
   <div class='ocr_carea' id='block_1_31' title="bbox 314 2797 1888 2872">
    <p class='ocr_par' dir='ltr' id='par_1_31' title="bbox 314 2797 1888 2872">
     <span class='ocr_line' id='line_1_31' title="bbox 314 2797 1888 2872; baseline -0.007 -11"><span class='ocrx_word' id='word_1_219' title='bbox 314 2807 460 2870; x_wconf 87' lang='grc' dir='ltr'>Θεός.</span> <span class='ocrx_word' id='word_1_220' title='bbox 487 2799 580 2868; x_wconf 70' lang='lat' dir='ltr'><strong>Di;</strong></span> <span class='ocrx_word' id='word_1_221' title='bbox 621 2802 794 2866; x_wconf 83' lang='grc' dir='ltr'>καλῶς</span> <span class='ocrx_word' id='word_1_222' title='bbox 835 2802 1117 2872; x_wconf 81' lang='grc' dir='ltr'>ἐπήγαγε·</span> <span class='ocrx_word' id='word_1_223' title='bbox 1149 2819 1169 2850; x_wconf 75' lang='grc' dir='ltr'><strong>ι</strong></span> <span class='ocrx_word' id='word_1_224' title='bbox 1213 2798 1326 2854; x_wconf 74' lang='grc' dir='ltr'><strong>Καὶ</strong></span> <span class='ocrx_word' id='word_1_225' title='bbox 1368 2797 1676 2866; x_wconf 81' lang='grc' dir='ltr'>φυλάξασθε</span> <span class='ocrx_word' id='word_1_226' title='bbox 1715 2798 1774 2851; x_wconf 74' lang='grc' dir='ltr'>ὲν</span> <span class='ocrx_word' id='word_1_227' title='bbox 1811 2797 1888 2870; x_wconf 82' lang='grc' dir='ltr'>τῷ</span> 
     </span>
    </p>
   </div>
   <div class='ocr_carea' id='block_1_32' title="bbox 310 2889 1877 2968">
    <p class='ocr_par' dir='ltr' id='par_1_32' title="bbox 310 2889 1877 2968">
     <span class='ocr_line' id='line_1_32' title="bbox 310 2889 1877 2968; baseline -0.005 -17"><span class='ocrx_word' id='word_1_228' title='bbox 310 2897 573 2968; x_wconf 80' lang='grc' dir='ltr'>πνεύματι</span> <span class='ocrx_word' id='word_1_229' title='bbox 595 2896 764 2966; x_wconf 69' lang='grc' dir='ltr'>ὑμῶν,</span> <span class='ocrx_word' id='word_1_230' title='bbox 790 2894 884 2948; x_wconf 80' lang='grc' dir='ltr'>καὶ</span> <span class='ocrx_word' id='word_1_231' title='bbox 908 2894 982 2963; x_wconf 84' lang='grc' dir='ltr'>μὴ</span> <span class='ocrx_word' id='word_1_232' title='bbox 1004 2891 1405 2964; x_wconf 78' lang='grc' dir='ltr'>ἐγκαταλίπητε</span> <span class='ocrx_word' id='word_1_233' title='bbox 1433 2889 1530 2962; x_wconf 83' lang='grc' dir='ltr'>τὴν</span> <span class='ocrx_word' id='word_1_234' title='bbox 1552 2891 1844 2963; x_wconf 76' lang='grc' dir='ltr'>συνθήκηνο</span> <span class='ocrx_word' id='word_1_235' title='bbox 1860 2911 1877 2942; x_wconf 78' lang='grc' dir='ltr'><strong>ι</strong></span> 
     </span>
    </p>
   </div>
   <div class='ocr_carea' id='block_1_33' title="bbox 1985 495 3562 568">
    <p class='ocr_par' dir='ltr' id='par_1_33' title="bbox 1985 495 3562 568">
     <span class='ocr_line' id='line_1_33' title="bbox 1985 495 3562 568; baseline 0 -18"><span class='ocrx_word' id='word_1_236' title='bbox 1985 495 2191 566; x_wconf 85' lang='lat' dir='ltr'><strong>aliquid</strong></span> <span class='ocrx_word' id='word_1_237' title='bbox 2221 497 2442 567; x_wconf 84' lang='lat' dir='ltr'><strong>longum</strong></span> <span class='ocrx_word' id='word_1_238' title='bbox 2467 503 2682 568; x_wconf 94' lang='lat' dir='ltr'><strong>tempus</strong></span> <span class='ocrx_word' id='word_1_239' title='bbox 2716 495 3034 562; x_wconf 76' lang='lat' dir='ltr'><strong>adduceret,</strong></span> <span class='ocrx_word' id='word_1_240' title='bbox 3055 505 3111 551; x_wconf 90' lang='lat' dir='ltr'><strong>et</strong></span> <span class='ocrx_word' id='word_1_241' title='bbox 3145 495 3379 552; x_wconf 79' lang='lat' dir='ltr'><strong>fortasse</strong></span> <span class='ocrx_word' id='word_1_242' title='bbox 3401 497 3562 550; x_wconf 88' lang='lat' dir='ltr'><strong>etiam</strong></span> 
     </span>
    </p>
   </div>
   <div class='ocr_carea' id='block_1_34' title="bbox 1985 586 3563 645">
    <p class='ocr_par' dir='ltr' id='par_1_34' title="bbox 1985 586 3563 645">
     <span class='ocr_line' id='line_1_34' title="bbox 1985 586 3563 645; baseline -0.001 -3"><span class='ocrx_word' id='word_1_243' title='bbox 1985 587 2051 643; x_wconf 88' lang='lat' dir='ltr'><strong>ad</strong></span> <span class='ocrx_word' id='word_1_244' title='bbox 2084 587 2272 644; x_wconf 86' lang='lat' dir='ltr'><strong>uxoris</strong></span> <span class='ocrx_word' id='word_1_245' title='bbox 2297 587 2498 644; x_wconf 67' lang='lat' dir='ltr'><strong>caedem</strong></span> <span class='ocrx_word' id='word_1_246' title='bbox 2531 602 2757 643; x_wconf 89' lang='lat' dir='ltr'><strong>manum</strong></span> <span class='ocrx_word' id='word_1_247' title='bbox 2792 602 3058 645; x_wconf 89' lang='lat' dir='ltr'><strong>armares.</strong></span> <span class='ocrx_word' id='word_1_248' title='bbox 3098 587 3190 642; x_wconf 88' lang='lat' dir='ltr'><strong>Sic</strong></span> <span class='ocrx_word' id='word_1_249' title='bbox 3216 587 3363 644; x_wconf 91' lang='lat' dir='ltr'><strong>enim</strong></span> <span class='ocrx_word' id='word_1_250' title='bbox 3397 586 3563 642; x_wconf 89' lang='lat' dir='ltr'><strong>etiam</strong></span> 
     </span>
    </p>
   </div>
   <div class='ocr_carea' id='block_1_35' title="bbox 1986 676 3564 751">
    <p class='ocr_par' dir='ltr' id='par_1_35' title="bbox 1986 676 3564 751">
     <span class='ocr_line' id='line_1_35' title="bbox 1986 676 3564 751; baseline 0.001 -21"><span class='ocrx_word' id='word_1_251' title='bbox 1986 676 2254 735; x_wconf 82' lang='lat' dir='ltr'><strong>Dominus</strong></span> <span class='ocrx_word' id='word_1_252' title='bbox 2296 678 2353 732; x_wconf 89' lang='lat' dir='ltr'><strong>in</strong></span> <span class='ocrx_word' id='word_1_253' title='bbox 2397 677 2733 751; x_wconf 83' lang='lat' dir='ltr'><strong>Evangeliis,</strong></span> <span class='ocrx_word' id='word_1_254' title='bbox 2775 677 3070 736; x_wconf 73' lang='lat' dir='ltr'><strong>Pharisaais</strong></span> <span class='ocrx_word' id='word_1_255' title='bbox 3126 677 3564 739; x_wconf 81' lang='lat' dir='ltr'><strong>sciscitantibus,</strong></span> 
     </span>
    </p>
   </div>
   <div class='ocr_carea' id='block_1_36' title="bbox 1989 772 3554 845">
    <p class='ocr_par' dir='ltr' id='par_1_36' title="bbox 1989 772 3554 845">
     <span class='ocr_line' id='line_1_36' title="bbox 1989 772 3554 845; baseline 0.001 -18"><span class='ocrx_word' id='word_1_256' title='bbox 1989 794 2009 827; x_wconf 79' lang='grc' dir='ltr'><strong>ι</strong></span> <span class='ocrx_word' id='word_1_257' title='bbox 2025 774 2134 831; x_wconf 87' lang='lat' dir='ltr'><strong>Cur</strong></span> <span class='ocrx_word' id='word_1_258' title='bbox 2149 788 2276 845; x_wconf 88' lang='lat' dir='ltr'><strong>ergo</strong></span> <span class='ocrx_word' id='word_1_259' title='bbox 2293 772 2500 843; x_wconf 79' lang='lat' dir='ltr'><strong>Moyses</strong></span> <span class='ocrx_word' id='word_1_260' title='bbox 2516 773 2728 842; x_wconf 84' lang='lat' dir='ltr'><strong>repudii</strong></span> <span class='ocrx_word' id='word_1_261' title='bbox 2748 773 2986 832; x_wconf 89' lang='lat' dir='ltr'><strong>libellum</strong></span> <span class='ocrx_word' id='word_1_262' title='bbox 3000 774 3185 830; x_wconf 81' lang='lat' dir='ltr'><strong>dedit?</strong></span> <span class='ocrx_word' id='word_1_263' title='bbox 3205 793 3223 826; x_wconf 76' lang='grc' dir='ltr'><strong>ι</strong></span> <span class='ocrx_word' id='word_1_264' title='bbox 3245 773 3523 845; x_wconf 77' lang='lat' dir='ltr'><strong>reapondit</strong></span> <span class='ocrx_word' id='word_1_265' title='bbox 3539 791 3554 828; x_wconf 92' lang='lat'>:</span> 
     </span>
    </p>
   </div>
   <div class='ocr_carea' id='block_1_37' title="bbox 1989 864 3556 937">
    <p class='ocr_par' dir='ltr' id='par_1_37' title="bbox 1989 864 3556 937">
     <span class='ocr_line' id='line_1_37' title="bbox 1989 864 3556 937; baseline 0.001 -18"><span class='ocrx_word' id='word_1_266' title='bbox 1989 886 2011 919; x_wconf 75' lang='grc' dir='ltr'><strong>ε</strong></span> <span class='ocrx_word' id='word_1_267' title='bbox 2040 865 2123 922; x_wconf 89' lang='lat' dir='ltr'><strong>0b</strong></span> <span class='ocrx_word' id='word_1_268' title='bbox 2165 864 2419 920; x_wconf 80' lang='lat' dir='ltr'><strong>duritiam</strong></span> <span class='ocrx_word' id='word_1_269' title='bbox 2469 864 2647 920; x_wconf 83' lang='lat' dir='ltr'><strong>cordis</strong></span> <span class='ocrx_word' id='word_1_270' title='bbox 2689 866 2855 921; x_wconf 85' lang='lat' dir='ltr'><strong>vestri</strong></span> <span class='ocrx_word' id='word_1_271' title='bbox 2899 866 3146 936; x_wconf 89' lang='lat' dir='ltr'><strong>permisit</strong></span> <span class='ocrx_word' id='word_1_272' title='bbox 3188 866 3258 921; x_wconf 89' lang='lat' dir='ltr'><strong>ita</strong></span> <span class='ocrx_word' id='word_1_273' title='bbox 3299 867 3556 937; x_wconf 78' lang='lat' dir='ltr'><strong>Moyses:</strong></span> 
     </span>
    </p>
   </div>
   <div class='ocr_carea' id='block_1_38' title="bbox 1989 957 3564 1028">
    <p class='ocr_par' dir='ltr' id='par_1_38' title="bbox 1989 957 3564 1028">
     <span class='ocr_line' id='line_1_38' title="bbox 1989 957 3564 1028; baseline 0.001 -16"><span class='ocrx_word' id='word_1_274' title='bbox 1989 959 2058 1013; x_wconf 85' lang='lat' dir='ltr'><strong>ab</strong></span> <span class='ocrx_word' id='word_1_275' title='bbox 2109 957 2267 1012; x_wconf 90' lang='lat' dir='ltr'><strong>initio</strong></span> <span class='ocrx_word' id='word_1_276' title='bbox 2305 965 2487 1011; x_wconf 88' lang='lat' dir='ltr'><strong>autem</strong></span> <span class='ocrx_word' id='word_1_277' title='bbox 2531 972 2642 1011; x_wconf 91' lang='lat' dir='ltr'><strong>non</strong></span> <span class='ocrx_word' id='word_1_278' title='bbox 2699 957 2803 1012; x_wconf 83' lang='lat' dir='ltr'><strong>fuit</strong></span> <span class='ocrx_word' id='word_1_279' title='bbox 2840 958 2939 1014; x_wconf 87' lang='lat' dir='ltr'><strong>sic.</strong></span> <span class='ocrx_word' id='word_1_280' title='bbox 2988 959 3121 1013; x_wconf 88' lang='lat' dir='ltr'><strong>Nam</strong></span> <span class='ocrx_word' id='word_1_281' title='bbox 3160 960 3253 1028; x_wconf 89' lang='lat' dir='ltr'><strong>qui</strong></span> <span class='ocrx_word' id='word_1_282' title='bbox 3307 957 3376 1012; x_wconf 86' lang='lat' dir='ltr'><strong>ab</strong></span> <span class='ocrx_word' id='word_1_283' title='bbox 3409 957 3564 1013; x_wconf 88' lang='lat' dir='ltr'><strong>initio</strong></span> 
     </span>
    </p>
   </div>
   <div class='ocr_carea' id='block_1_39' title="bbox 1989 1047 3561 1123">
    <p class='ocr_par' dir='ltr' id='par_1_39' title="bbox 1989 1047 3561 1123">
     <span class='ocr_line' id='line_1_39' title="bbox 1989 1047 3561 1123; baseline -0.002 -18"><span class='ocrx_word' id='word_1_284' title='bbox 1989 1049 2218 1112; x_wconf 86' lang='lat' dir='ltr'><strong>creavit,</strong></span> <span class='ocrx_word' id='word_1_285' title='bbox 2258 1047 2557 1103; x_wconf 82' lang='lat' dir='ltr'><strong>masculum</strong></span> <span class='ocrx_word' id='word_1_286' title='bbox 2597 1055 2654 1104; x_wconf 90' lang='lat' dir='ltr'><strong>et</strong></span> <span class='ocrx_word' id='word_1_287' title='bbox 2696 1049 2953 1106; x_wconf 81' lang='lat' dir='ltr'><strong>feminam</strong></span> <span class='ocrx_word' id='word_1_288' title='bbox 2986 1051 3116 1106; x_wconf 83' lang='lat' dir='ltr'><strong>fecit</strong></span> <span class='ocrx_word' id='word_1_289' title='bbox 3141 1065 3257 1111; x_wconf 88' lang='lat' dir='ltr'><strong>eos,</strong></span> <span class='ocrx_word' id='word_1_290' title='bbox 3291 1050 3561 1123; x_wconf 74' lang='lat' dir='ltr'><strong>dixitque:</strong></span> 
     </span>
    </p>
   </div>
   <div class='ocr_carea' id='block_1_40' title="bbox 1990 1140 3569 1214">
    <p class='ocr_par' dir='ltr' id='par_1_40' title="bbox 1990 1140 3569 1214">
     <span class='ocr_line' id='line_1_40' title="bbox 1990 1140 3569 1214; baseline 0 -18"><span class='ocrx_word' id='word_1_291' title='bbox 1990 1140 2217 1213; x_wconf 89' lang='lat' dir='ltr'><strong>Propter</strong></span> <span class='ocrx_word' id='word_1_292' title='bbox 2268 1142 2371 1196; x_wconf 90' lang='lat' dir='ltr'><strong>hoc</strong></span> <span class='ocrx_word' id='word_1_293' title='bbox 2413 1140 2752 1211; x_wconf 88' lang='lat' dir='ltr'><strong>derelinquet</strong></span> <span class='ocrx_word' id='word_1_294' title='bbox 2811 1142 2976 1198; x_wconf 88' lang='lat' dir='ltr'><strong>homo</strong></span> <span class='ocrx_word' id='word_1_295' title='bbox 3029 1151 3236 1214; x_wconf 85' lang='lat' dir='ltr'><strong>patrem</strong></span> <span class='ocrx_word' id='word_1_296' title='bbox 3291 1157 3448 1196; x_wconf 91' lang='lat' dir='ltr'><strong>suum</strong></span> <span class='ocrx_word' id='word_1_297' title='bbox 3502 1157 3569 1196; x_wconf 80' lang='lat' dir='ltr'><strong>ac</strong></span> 
     </span>
    </p>
   </div>
   <div class='ocr_carea' id='block_1_41' title="bbox 1987 1231 3568 1298">
    <p class='ocr_par' dir='ltr' id='par_1_41' title="bbox 1987 1231 3568 1298">
     <span class='ocr_line' id='line_1_41' title="bbox 1987 1231 3568 1298; baseline 0.002 -14"><span class='ocrx_word' id='word_1_298' title='bbox 1987 1238 2222 1286; x_wconf 86' lang='lat' dir='ltr'><strong>matrem</strong></span> <span class='ocrx_word' id='word_1_299' title='bbox 2264 1245 2447 1298; x_wconf 82' lang='lat' dir='ltr'><strong>suam,</strong></span> <span class='ocrx_word' id='word_1_300' title='bbox 2495 1238 2550 1286; x_wconf 89' lang='lat' dir='ltr'><strong>et</strong></span> <span class='ocrx_word' id='word_1_301' title='bbox 2589 1231 2891 1288; x_wconf 65' lang='lat' dir='ltr'><strong>adherebit</strong></span> <span class='ocrx_word' id='word_1_302' title='bbox 2922 1233 3088 1288; x_wconf 74' lang='lat' dir='ltr'><strong>uxori</strong></span> <span class='ocrx_word' id='word_1_303' title='bbox 3131 1245 3262 1297; x_wconf 67' lang='lat' dir='ltr'><strong>suae,</strong></span> <span class='ocrx_word' id='word_1_304' title='bbox 3297 1241 3352 1290; x_wconf 91' lang='lat' dir='ltr'><strong>et</strong></span> <span class='ocrx_word' id='word_1_305' title='bbox 3401 1241 3568 1288; x_wconf 89' lang='lat' dir='ltr'><strong>erunt</strong></span> 
     </span>
    </p>
   </div>
   <div class='ocr_carea' id='block_1_42' title="bbox 1987 1322 3566 1396">
    <p class='ocr_par' dir='ltr' id='par_1_42' title="bbox 1987 1322 3566 1396">
     <span class='ocr_line' id='line_1_42' title="bbox 1987 1322 3566 1396; baseline -0.001 -17"><span class='ocrx_word' id='word_1_306' title='bbox 1987 1323 2099 1379; x_wconf 88' lang='lat' dir='ltr'><strong>duo</strong></span> <span class='ocrx_word' id='word_1_307' title='bbox 2125 1323 2182 1379; x_wconf 89' lang='lat' dir='ltr'><strong>in</strong></span> <span class='ocrx_word' id='word_1_308' title='bbox 2207 1338 2374 1380; x_wconf 91' lang='lat' dir='ltr'><strong>carne</strong></span> <span class='ocrx_word' id='word_1_309' title='bbox 2399 1340 2528 1380; x_wconf 89' lang='lat' dir='ltr'><strong>una.</strong></span> <span class='ocrx_word' id='word_1_310' title='bbox 2559 1342 2580 1378; x_wconf 75' lang='grc' dir='ltr'><strong>ι</strong></span> <span class='ocrx_word' id='word_1_311' title='bbox 2615 1322 2730 1378; x_wconf 85' lang='lat' dir='ltr'><strong>Hoc</strong></span> <span class='ocrx_word' id='word_1_312' title='bbox 2755 1339 2949 1396; x_wconf 86' lang='lat' dir='ltr'><strong>nempe</strong></span> <span class='ocrx_word' id='word_1_313' title='bbox 2981 1324 3058 1380; x_wconf 87' lang='lat' dir='ltr'><strong>ait</strong></span> <span class='ocrx_word' id='word_1_314' title='bbox 3089 1323 3566 1380; x_wconf 83' lang='lat' dir='ltr'><strong>:Pulcherrimum</strong></span> 
     </span>
    </p>
   </div>
   <div class='ocr_carea' id='block_1_43' title="bbox 1989 1416 3570 1490">
    <p class='ocr_par' dir='ltr' id='par_1_43' title="bbox 1989 1416 3570 1490">
     <span class='ocr_line' id='line_1_43' title="bbox 1989 1416 3570 1490; baseline 0.001 -19"><span class='ocrx_word' id='word_1_315' title='bbox 1989 1416 2239 1488; x_wconf 75' lang='lat' dir='ltr'><strong>profecto</strong></span> <span class='ocrx_word' id='word_1_316' title='bbox 2263 1423 2381 1473; x_wconf 90' lang='lat' dir='ltr'><strong>erat</strong></span> <span class='ocrx_word' id='word_1_317' title='bbox 2411 1419 2566 1488; x_wconf 80' lang='lat' dir='ltr'><strong>juxta</strong></span> <span class='ocrx_word' id='word_1_318' title='bbox 2597 1418 2836 1488; x_wconf 85' lang='lat' dir='ltr'><strong>priscam</strong></span> <span class='ocrx_word' id='word_1_319' title='bbox 2870 1419 3042 1490; x_wconf 89' lang='lat' dir='ltr'><strong>legem</strong></span> <span class='ocrx_word' id='word_1_320' title='bbox 3073 1417 3128 1473; x_wconf 93' lang='lat' dir='ltr'><strong>in</strong></span> <span class='ocrx_word' id='word_1_321' title='bbox 3171 1417 3355 1474; x_wconf 91' lang='lat' dir='ltr'><strong>debito</strong></span> <span class='ocrx_word' id='word_1_322' title='bbox 3388 1417 3570 1473; x_wconf 75' lang='lat' dir='ltr'><strong>cilicio</strong></span> 
     </span>
    </p>
   </div>
   <div class='ocr_carea' id='block_1_44' title="bbox 1989 1511 3565 1583">
    <p class='ocr_par' dir='ltr' id='par_1_44' title="bbox 1989 1511 3565 1583">
     <span class='ocr_line' id='line_1_44' title="bbox 1989 1511 3565 1583; baseline -0.001 -17"><span class='ocrx_word' id='word_1_323' title='bbox 1989 1527 2336 1582; x_wconf 83' lang='lat' dir='ltr'><strong>permanere,</strong></span> <span class='ocrx_word' id='word_1_324' title='bbox 2361 1511 2618 1567; x_wconf 87' lang='lat' dir='ltr'><strong>convictu</strong></span> <span class='ocrx_word' id='word_1_325' title='bbox 2653 1512 2878 1583; x_wconf 83' lang='lat' dir='ltr'><strong>junctos</strong></span> <span class='ocrx_word' id='word_1_326' title='bbox 2906 1513 3084 1567; x_wconf 89' lang='lat' dir='ltr'><strong>virum</strong></span> <span class='ocrx_word' id='word_1_327' title='bbox 3111 1521 3273 1582; x_wconf 90' lang='lat' dir='ltr'><strong>atque</strong></span> <span class='ocrx_word' id='word_1_328' title='bbox 3303 1525 3565 1574; x_wconf 84' lang='lat' dir='ltr'><strong>uxorem;</strong></span> 
     </span>
    </p>
   </div>
   <div class='ocr_carea' id='block_1_45' title="bbox 1989 1601 3571 1673">
    <p class='ocr_par' dir='ltr' id='par_1_45' title="bbox 1989 1601 3571 1673">
     <span class='ocr_line' id='line_1_45' title="bbox 1989 1601 3571 1673; baseline 0.001 -17"><span class='ocrx_word' id='word_1_329' title='bbox 1989 1612 2367 1659; x_wconf 76' lang='lat' dir='ltr'><strong>verumtamen</strong></span> <span class='ocrx_word' id='word_1_330' title='bbox 2425 1605 2539 1659; x_wconf 89' lang='lat' dir='ltr'><strong>iras</strong></span> <span class='ocrx_word' id='word_1_331' title='bbox 2577 1611 2791 1659; x_wconf 82' lang='lat' dir='ltr'><strong>vestras</strong></span> <span class='ocrx_word' id='word_1_332' title='bbox 2849 1603 3143 1660; x_wconf 74' lang='lat' dir='ltr'><strong>eth-enatus</strong></span> <span class='ocrx_word' id='word_1_333' title='bbox 3181 1601 3392 1672; x_wconf 86' lang='lat' dir='ltr'><strong>videns,</strong></span> <span class='ocrx_word' id='word_1_334' title='bbox 3432 1618 3571 1673; x_wconf 69' lang='lat' dir='ltr'><strong>pra:-</strong></span> 
     </span>
    </p>
   </div>
   <div class='ocr_carea' id='block_1_46' title="bbox 1989 1692 3574 1766">
    <p class='ocr_par' dir='ltr' id='par_1_46' title="bbox 1989 1692 3574 1766">
     <span class='ocr_line' id='line_1_46' title="bbox 1989 1692 3574 1766; baseline 0.001 -20"><span class='ocrx_word' id='word_1_335' title='bbox 1989 1693 2134 1764; x_wconf 89' lang='lat' dir='ltr'><strong>cepit</strong></span> <span class='ocrx_word' id='word_1_336' title='bbox 2181 1701 2242 1747; x_wconf 89' lang='lat' dir='ltr'><strong>ut</strong></span> <span class='ocrx_word' id='word_1_337' title='bbox 2277 1693 2322 1749; x_wconf 91' lang='lat' dir='ltr'><strong>si</strong></span> <span class='ocrx_word' id='word_1_338' title='bbox 2373 1692 2514 1750; x_wconf 79' lang='lat' dir='ltr'><strong>forte</strong></span> <span class='ocrx_word' id='word_1_339' title='bbox 2547 1703 2692 1750; x_wconf 86' lang='lat' dir='ltr'><strong>natae</strong></span> <span class='ocrx_word' id='word_1_340' title='bbox 2732 1695 2877 1750; x_wconf 89' lang='lat' dir='ltr'><strong>inter</strong></span> <span class='ocrx_word' id='word_1_341' title='bbox 2909 1711 3007 1751; x_wconf 91' lang='lat' dir='ltr'><strong>vos</strong></span> <span class='ocrx_word' id='word_1_342' title='bbox 3047 1695 3282 1766; x_wconf 68' lang='lat' dir='ltr'><strong>querelae</strong></span> <span class='ocrx_word' id='word_1_343' title='bbox 3317 1693 3574 1766; x_wconf 82' lang='lat' dir='ltr'><strong>graviore</strong></span> 
     </span>
    </p>
   </div>
   <div class='ocr_carea' id='block_1_47' title="bbox 1989 1785 3570 1858">
    <p class='ocr_par' dir='ltr' id='par_1_47' title="bbox 1989 1785 3570 1858">
     <span class='ocr_line' id='line_1_47' title="bbox 1989 1785 3570 1858; baseline 0.001 -18"><span class='ocrx_word' id='word_1_344' title='bbox 1989 1785 2408 1841; x_wconf 87' lang='lat' dir='ltr'><strong>exacerbatione</strong></span> <span class='ocrx_word' id='word_1_345' title='bbox 2459 1786 2682 1852; x_wconf 84' lang='lat' dir='ltr'><strong>tierent,</strong></span> <span class='ocrx_word' id='word_1_346' title='bbox 2739 1802 2880 1843; x_wconf 82' lang='lat' dir='ltr'><strong>uxor</strong></span> <span class='ocrx_word' id='word_1_347' title='bbox 2926 1788 3112 1858; x_wconf 83' lang='lat' dir='ltr'><strong>potius</strong></span> <span class='ocrx_word' id='word_1_348' title='bbox 3163 1787 3570 1848; x_wconf 86' lang='lat' dir='ltr'><strong>dimitteretur.</strong></span> 
     </span>
    </p>
   </div>
   <div class='ocr_carea' id='block_1_48' title="bbox 1991 1878 3574 1946">
    <p class='ocr_par' dir='ltr' id='par_1_48' title="bbox 1991 1878 3574 1946">
     <span class='ocr_line' id='line_1_48' title="bbox 1991 1878 3574 1946; baseline 0.002 -17"><span class='ocrx_word' id='word_1_349' title='bbox 1991 1891 2156 1946; x_wconf 85' lang='lat' dir='ltr'><strong>quam</strong></span> <span class='ocrx_word' id='word_1_350' title='bbox 2209 1891 2276 1933; x_wconf 85' lang='lat' dir='ltr'><strong>ex</strong></span> <span class='ocrx_word' id='word_1_351' title='bbox 2318 1878 2449 1933; x_wconf 90' lang='lat' dir='ltr'><strong>odio</strong></span> <span class='ocrx_word' id='word_1_352' title='bbox 2493 1879 2560 1933; x_wconf 85' lang='lat' dir='ltr'><strong>ad</strong></span> <span class='ocrx_word' id='word_1_353' title='bbox 2609 1878 2907 1935; x_wconf 75' lang='lat' dir='ltr'><strong>inferendae</strong></span> <span class='ocrx_word' id='word_1_354' title='bbox 2945 1880 3096 1935; x_wconf 91' lang='lat' dir='ltr'><strong>necis</strong></span> <span class='ocrx_word' id='word_1_355' title='bbox 3146 1880 3438 1936; x_wconf 83' lang='lat' dir='ltr'><strong>consilium</strong></span> <span class='ocrx_word' id='word_1_356' title='bbox 3489 1878 3574 1933; x_wconf 77' lang='lat' dir='ltr'><strong>vir</strong></span> 
     </span>
    </p>
   </div>
   <div class='ocr_carea' id='block_1_49' title="bbox 1991 1967 3571 2042">
    <p class='ocr_par' dir='ltr' id='par_1_49' title="bbox 1991 1967 3571 2042">
     <span class='ocr_line' id='line_1_49' title="bbox 1991 1967 3571 2042; baseline 0.003 -23"><span class='ocrx_word' id='word_1_357' title='bbox 1991 1967 2335 2038; x_wconf 81' lang='lat' dir='ltr'><strong>procederet.</strong></span> <span class='ocrx_word' id='word_1_358' title='bbox 2386 1967 2594 2026; x_wconf 81' lang='lat' dir='ltr'><strong>Deinde</strong></span> <span class='ocrx_word' id='word_1_359' title='bbox 2635 1970 2765 2042; x_wconf 85' lang='lat' dir='ltr'><strong>quia</strong></span> <span class='ocrx_word' id='word_1_360' title='bbox 2799 1971 2915 2026; x_wconf 81' lang='lat' dir='ltr'><strong>ﬁeri</strong></span> <span class='ocrx_word' id='word_1_361' title='bbox 2963 1978 3196 2042; x_wconf 83' lang='lat' dir='ltr'><strong>poterat,</strong></span> <span class='ocrx_word' id='word_1_362' title='bbox 3252 1978 3311 2026; x_wconf 91' lang='lat' dir='ltr'><strong>ut</strong></span> <span class='ocrx_word' id='word_1_363' title='bbox 3347 1985 3571 2027; x_wconf 87' lang='lat' dir='ltr'><strong>causam</strong></span> 
     </span>
    </p>
   </div>
   <div class='ocr_carea' id='block_1_50' title="bbox 1993 2063 3574 2136">
    <p class='ocr_par' dir='ltr' id='par_1_50' title="bbox 1993 2063 3574 2136">
     <span class='ocr_line' id='line_1_50' title="bbox 1993 2063 3574 2136; baseline 0.003 -21"><span class='ocrx_word' id='word_1_364' title='bbox 1993 2075 2102 2116; x_wconf 90' lang='lat' dir='ltr'><strong>non</strong></span> <span class='ocrx_word' id='word_1_365' title='bbox 2153 2063 2426 2132; x_wconf 67' lang='lat' dir='ltr'><strong>praebente</strong></span> <span class='ocrx_word' id='word_1_366' title='bbox 2464 2079 2655 2130; x_wconf 82' lang='lat' dir='ltr'><strong>uxore,</strong></span> <span class='ocrx_word' id='word_1_367' title='bbox 2703 2065 3002 2136; x_wconf 83' lang='lat' dir='ltr'><strong>cupiditate</strong></span> <span class='ocrx_word' id='word_1_368' title='bbox 3048 2066 3276 2128; x_wconf 85' lang='lat' dir='ltr'><strong>alterius</strong></span> <span class='ocrx_word' id='word_1_369' title='bbox 3321 2065 3574 2120; x_wconf 82' lang='lat' dir='ltr'><strong>mulieris</strong></span> 
     </span>
    </p>
   </div>
   <div class='ocr_carea' id='block_1_51' title="bbox 1991 2152 3574 2225">
    <p class='ocr_par' dir='ltr' id='par_1_51' title="bbox 1991 2152 3574 2225">
     <span class='ocr_line' id='line_1_51' title="bbox 1991 2152 3574 2225; baseline 0.003 -18"><span class='ocrx_word' id='word_1_370' title='bbox 1991 2152 2179 2208; x_wconf 87' lang='lat' dir='ltr'><strong>odium</strong></span> <span class='ocrx_word' id='word_1_371' title='bbox 2208 2154 2474 2225; x_wconf 87' lang='lat' dir='ltr'><strong>injustum</strong></span> <span class='ocrx_word' id='word_1_372' title='bbox 2509 2156 2796 2212; x_wconf 83' lang='lat' dir='ltr'><strong>simularet</strong></span> <span class='ocrx_word' id='word_1_373' title='bbox 2830 2158 3084 2223; x_wconf 86' lang='lat' dir='ltr'><strong>maritus,</strong></span> <span class='ocrx_word' id='word_1_374' title='bbox 3111 2179 3130 2212; x_wconf 80' lang='grc' dir='ltr'><strong>ι</strong></span> <span class='ocrx_word' id='word_1_375' title='bbox 3153 2156 3452 2222; x_wconf 79' lang='lat' dir='ltr'><strong>Revelabit,</strong></span> <span class='ocrx_word' id='word_1_376' title='bbox 3485 2158 3574 2212; x_wconf 83' lang='lat' dir='ltr'><strong>in-</strong></span> 
     </span>
    </p>
   </div>
   <div class='ocr_carea' id='block_1_52' title="bbox 1992 2246 3576 2320">
    <p class='ocr_par' dir='ltr' id='par_1_52' title="bbox 1992 2246 3576 2320">
     <span class='ocr_line' id='line_1_52' title="bbox 1992 2246 3576 2320; baseline 0.003 -20"><span class='ocrx_word' id='word_1_377' title='bbox 1992 2246 2134 2314; x_wconf 85' lang='lat' dir='ltr'><strong>quit,</strong></span> <span class='ocrx_word' id='word_1_378' title='bbox 2169 2247 2434 2318; x_wconf 81' lang='lat' dir='ltr'><strong>iniquitas</strong></span> <span class='ocrx_word' id='word_1_379' title='bbox 2457 2247 2819 2319; x_wconf 83' lang='lat' dir='ltr'><strong>c0gitationes</strong></span> <span class='ocrx_word' id='word_1_380' title='bbox 2844 2259 3072 2306; x_wconf 73' lang='lat' dir='ltr'><strong>vestras.</strong></span> <span class='ocrx_word' id='word_1_381' title='bbox 3109 2269 3129 2302; x_wconf 73' lang='grc' dir='ltr'><strong>ι</strong></span> <span class='ocrx_word' id='word_1_382' title='bbox 3167 2249 3223 2304; x_wconf 91' lang='lat' dir='ltr'><strong>Si</strong></span> <span class='ocrx_word' id='word_1_383' title='bbox 3250 2265 3378 2320; x_wconf 76' lang='lat' dir='ltr'><strong>ergo</strong></span> <span class='ocrx_word' id='word_1_384' title='bbox 3410 2250 3576 2307; x_wconf 83' lang='lat' dir='ltr'><strong>rebus</strong></span> 
     </span>
    </p>
   </div>
   <div class='ocr_carea' id='block_1_53' title="bbox 1994 2337 3577 2414">
    <p class='ocr_par' dir='ltr' id='par_1_53' title="bbox 1994 2337 3577 2414">
     <span class='ocr_line' id='line_1_53' title="bbox 1994 2337 3577 2414; baseline 0.004 -24"><span class='ocrx_word' id='word_1_385' title='bbox 1994 2337 2070 2392; x_wconf 86' lang='lat' dir='ltr'><strong>ita</strong></span> <span class='ocrx_word' id='word_1_386' title='bbox 2113 2353 2173 2394; x_wconf 90' lang='lat' dir='ltr'><strong>se</strong></span> <span class='ocrx_word' id='word_1_387' title='bbox 2226 2339 2579 2405; x_wconf 82' lang='lat' dir='ltr'><strong>habentibus,</strong></span> <span class='ocrx_word' id='word_1_388' title='bbox 2633 2341 2893 2396; x_wconf 85' lang='lat' dir='ltr'><strong>simulata</strong></span> <span class='ocrx_word' id='word_1_389' title='bbox 2942 2357 3109 2398; x_wconf 83' lang='lat' dir='ltr'><strong>causa</strong></span> <span class='ocrx_word' id='word_1_390' title='bbox 3153 2342 3577 2414; x_wconf 83' lang='lat' dir='ltr'><strong>repudiaveritis</strong></span> 
     </span>
    </p>
   </div>
   <div class='ocr_carea' id='block_1_54' title="bbox 1992 2429 3578 2500">
    <p class='ocr_par' dir='ltr' id='par_1_54' title="bbox 1992 2429 3578 2500">
     <span class='ocr_line' id='line_1_54' title="bbox 1992 2429 3578 2500; baseline 0.002 -16"><span class='ocrx_word' id='word_1_391' title='bbox 1992 2429 2280 2500; x_wconf 88' lang='lat' dir='ltr'><strong>copulatas</strong></span> <span class='ocrx_word' id='word_1_392' title='bbox 2326 2432 2484 2488; x_wconf 88' lang='lat' dir='ltr'><strong>vobis</strong></span> <span class='ocrx_word' id='word_1_393' title='bbox 2537 2435 2669 2489; x_wconf 88' lang='lat' dir='ltr'><strong>olim</strong></span> <span class='ocrx_word' id='word_1_394' title='bbox 2717 2449 2937 2500; x_wconf 91' lang='lat' dir='ltr'><strong>uxorcs,</strong></span> <span class='ocrx_word' id='word_1_395' title='bbox 2982 2445 3066 2492; x_wconf 91' lang='lat' dir='ltr'><strong>est</strong></span> <span class='ocrx_word' id='word_1_396' title='bbox 3112 2444 3423 2491; x_wconf 83' lang='lat' dir='ltr'><strong>vestrarum</strong></span> <span class='ocrx_word' id='word_1_397' title='bbox 3467 2434 3578 2488; x_wconf 87' lang='lat' dir='ltr'><strong>ini-</strong></span> 
     </span>
    </p>
   </div>
   <div class='ocr_carea' id='block_1_55' title="bbox 1995 2523 3578 2595">
    <p class='ocr_par' dir='ltr' id='par_1_55' title="bbox 1995 2523 3578 2595">
     <span class='ocr_line' id='line_1_55' title="bbox 1995 2523 3578 2595; baseline 0.003 -19"><span class='ocrx_word' id='word_1_398' title='bbox 1995 2523 2272 2593; x_wconf 89' lang='lat' dir='ltr'><strong>quitatum</strong></span> <span class='ocrx_word' id='word_1_399' title='bbox 2300 2525 2597 2595; x_wconf 88' lang='lat' dir='ltr'><strong>inquisitor</strong></span> <span class='ocrx_word' id='word_1_400' title='bbox 2619 2525 2784 2583; x_wconf 88' lang='lat' dir='ltr'><strong>Deus.</strong></span> <span class='ocrx_word' id='word_1_401' title='bbox 2823 2527 2964 2582; x_wconf 87' lang='lat' dir='ltr'><strong>Tum</strong></span> <span class='ocrx_word' id='word_1_402' title='bbox 2999 2529 3137 2584; x_wconf 84' lang='lat' dir='ltr'><strong>bene</strong></span> <span class='ocrx_word' id='word_1_403' title='bbox 3169 2526 3377 2582; x_wconf 86' lang='lat' dir='ltr'><strong>addidit</strong></span> <span class='ocrx_word' id='word_1_404' title='bbox 3408 2545 3422 2581; x_wconf 91' lang='lat'>:</span> <span class='ocrx_word' id='word_1_405' title='bbox 3461 2544 3481 2578; x_wconf 77' lang='grc' dir='ltr'><strong>ι</strong></span> <span class='ocrx_word' id='word_1_406' title='bbox 3511 2525 3578 2580; x_wconf 84' lang='lat' dir='ltr'><strong>Et</strong></span> 
     </span>
    </p>
   </div>
   <div class='ocr_carea' id='block_1_56' title="bbox 1993 2615 3572 2691">
    <p class='ocr_par' dir='ltr' id='par_1_56' title="bbox 1993 2615 3572 2691">
     <span class='ocr_line' id='line_1_56' title="bbox 1993 2615 3572 2691; baseline 0.001 -21"><span class='ocrx_word' id='word_1_407' title='bbox 1993 2615 2271 2674; x_wconf 88' lang='lat' dir='ltr'><strong>custodite</strong></span> <span class='ocrx_word' id='word_1_408' title='bbox 2295 2617 2349 2672; x_wconf 89' lang='lat' dir='ltr'><strong>in</strong></span> <span class='ocrx_word' id='word_1_409' title='bbox 2375 2619 2570 2688; x_wconf 89' lang='lat' dir='ltr'><strong>spiritu</strong></span> <span class='ocrx_word' id='word_1_410' title='bbox 2603 2630 2806 2685; x_wconf 83' lang='lat' dir='ltr'><strong>vestro,</strong></span> <span class='ocrx_word' id='word_1_411' title='bbox 2828 2637 3004 2691; x_wconf 88' lang='lat' dir='ltr'><strong>neque</strong></span> <span class='ocrx_word' id='word_1_412' title='bbox 3031 2621 3210 2676; x_wconf 78' lang='lat' dir='ltr'><strong>lmdus</strong></span> <span class='ocrx_word' id='word_1_413' title='bbox 3232 2619 3519 2676; x_wconf 88' lang='lat' dir='ltr'><strong>deseratis.</strong></span> <span class='ocrx_word' id='word_1_414' title='bbox 3552 2638 3572 2671; x_wconf 70' lang='grc' dir='ltr'><strong>ι</strong></span> 
     </span>
    </p>
   </div>
   <div class='ocr_carea' id='block_1_57' title="bbox 1992 2706 3577 2784">
    <p class='ocr_par' dir='ltr' id='par_1_57' title="bbox 1992 2706 3577 2784">
     <span class='ocr_line' id='line_1_57' title="bbox 1992 2706 3577 2784; baseline 0.003 -23"><span class='ocrx_word' id='word_1_415' title='bbox 1992 2706 2130 2763; x_wconf 87' lang='lat' dir='ltr'><strong>Tota</strong></span> <span class='ocrx_word' id='word_1_416' title='bbox 2193 2720 2374 2766; x_wconf 85' lang='lat' dir='ltr'><strong>mente</strong></span> <span class='ocrx_word' id='word_1_417' title='bbox 2433 2711 2728 2782; x_wconf 83' lang='lat' dir='ltr'><strong>debitaque</strong></span> <span class='ocrx_word' id='word_1_418' title='bbox 2784 2714 2952 2768; x_wconf 85' lang='lat' dir='ltr'><strong>animi</strong></span> <span class='ocrx_word' id='word_1_419' title='bbox 3024 2712 3219 2768; x_wconf 76' lang='lat' dir='ltr'><strong>aﬂ&#39;ectu</strong></span> <span class='ocrx_word' id='word_1_420' title='bbox 3275 2712 3577 2784; x_wconf 88' lang='lat' dir='ltr'><strong>nuptialem</strong></span> 
     </span>
    </p>
   </div>
   <div class='ocr_carea' id='block_1_58' title="bbox 1992 2800 3580 2875">
    <p class='ocr_par' dir='ltr' id='par_1_58' title="bbox 1992 2800 3580 2875">
     <span class='ocr_line' id='line_1_58' title="bbox 1992 2800 3580 2875; baseline 0.001 -20"><span class='ocrx_word' id='word_1_421' title='bbox 1992 2800 2269 2857; x_wconf 86' lang='lat' dir='ltr'><strong>custodite</strong></span> <span class='ocrx_word' id='word_1_422' title='bbox 2316 2803 2512 2874; x_wconf 89' lang='lat' dir='ltr'><strong>legem,</strong></span> <span class='ocrx_word' id='word_1_423' title='bbox 2558 2811 2613 2860; x_wconf 89' lang='lat' dir='ltr'><strong>et</strong></span> <span class='ocrx_word' id='word_1_424' title='bbox 2665 2815 2825 2875; x_wconf 88' lang='lat' dir='ltr'><strong>pacta</strong></span> <span class='ocrx_word' id='word_1_425' title='bbox 2871 2805 3133 2860; x_wconf 86' lang='lat' dir='ltr'><strong>inviolata</strong></span> <span class='ocrx_word' id='word_1_426' title='bbox 3171 2811 3411 2870; x_wconf 85' lang='lat' dir='ltr'><strong>servate,</strong></span> <span class='ocrx_word' id='word_1_427' title='bbox 3452 2803 3580 2873; x_wconf 82' lang='lat' dir='ltr'><strong>qui-</strong></span> 
     </span>
    </p>
   </div>
   <div class='ocr_carea' id='block_1_59' title="bbox 1991 2895 3577 2968">
    <p class='ocr_par' dir='ltr' id='par_1_59' title="bbox 1991 2895 3577 2968">
     <span class='ocr_line' id='line_1_59' title="bbox 1991 2895 3577 2968; baseline -0.003 -16"><span class='ocrx_word' id='word_1_428' title='bbox 1991 2895 2226 2953; x_wconf 87' lang='lat' dir='ltr'><strong>buscum</strong></span> <span class='ocrx_word' id='word_1_429' title='bbox 2264 2897 2393 2952; x_wconf 90' lang='lat' dir='ltr'><strong>olim</strong></span> <span class='ocrx_word' id='word_1_430' title='bbox 2439 2898 2508 2954; x_wconf 89' lang='lat' dir='ltr'><strong>ad</strong></span> <span class='ocrx_word' id='word_1_431' title='bbox 2557 2898 2859 2968; x_wconf 78' lang='lat' dir='ltr'><strong>nuptialem</strong></span> <span class='ocrx_word' id='word_1_432' title='bbox 2892 2897 3205 2952; x_wconf 68' lang='lat' dir='ltr'><strong>convictuum</strong></span> <span class='ocrx_word' id='word_1_433' title='bbox 3241 2895 3577 2952; x_wconf 80' lang='lat' dir='ltr'><strong>accessistis.</strong></span> 
     </span>
    </p>
   </div>
   <div class='ocr_carea' id='block_1_60' title="bbox 301 2986 3580 3072">
    <p class='ocr_par' dir='ltr' id='par_1_60' title="bbox 301 2986 3580 3072">
     <span class='ocr_line' id='line_1_60' title="bbox 301 2986 3580 3072; baseline 0 -27"><span class='ocrx_word' id='word_1_434' title='bbox 301 2993 460 3057; x_wconf 82' lang='grc' dir='ltr'>ὥστε,</span> <span class='ocrx_word' id='word_1_435' title='bbox 524 2991 706 3062; x_wconf 79' lang='grc' dir='ltr'>φησὶν,</span> <span class='ocrx_word' id='word_1_436' title='bbox 750 2989 827 3060; x_wconf 88' lang='lat' dir='ltr'><strong>(p.</strong></span> <span class='ocrx_word' id='word_1_437' title='bbox 873 2987 1000 3059; x_wconf 75' lang='lat'><strong>558)</strong></span> <span class='ocrx_word' id='word_1_438' title='bbox 1047 2986 1146 3059; x_wconf 80' lang='grc' dir='ltr'><strong>ὅλῃ</strong></span> <span class='ocrx_word' id='word_1_439' title='bbox 1189 2987 1398 3072; x_wconf 47' lang='grc' dir='ltr'>διανοίᾳ</span> <span class='ocrx_word' id='word_1_440' title='bbox 1441 2987 1533 3040; x_wconf 59' lang='grc' dir='ltr'><strong>καὶ</strong></span> <span class='ocrx_word' id='word_1_441' title='bbox 1573 2986 1808 3041; x_wconf 77' lang='grc' dir='ltr'>διαθέσει</span> <span class='ocrx_word' id='word_1_442' title='bbox 1856 2992 1922 3061; x_wconf 75' lang='grc' dir='ltr'><strong>τῇ</strong></span> <span class='ocrx_word' id='word_1_443' title='bbox 1965 2995 2315 3067; x_wconf 78' lang='grc' dir='ltr'>προσηκούσῃ</span> <span class='ocrx_word' id='word_1_444' title='bbox 2372 2994 2510 3065; x_wconf 79' lang='grc' dir='ltr'>μετὰ</span> <span class='ocrx_word' id='word_1_445' title='bbox 2532 2995 2631 3065; x_wconf 79' lang='grc' dir='ltr'>τῆς</span> <span class='ocrx_word' id='word_1_446' title='bbox 2659 2995 2881 3066; x_wconf 75' lang='grc' dir='ltr'>δεούσης</span> <span class='ocrx_word' id='word_1_447' title='bbox 2909 2994 3329 3066; x_wconf 76' lang='grc' dir='ltr'>εὐγνωμοσύνης</span> <span class='ocrx_word' id='word_1_448' title='bbox 3355 2994 3448 3048; x_wconf 82' lang='grc' dir='ltr'>τὸν</span> <span class='ocrx_word' id='word_1_449' title='bbox 3475 3010 3580 3062; x_wconf 86' lang='grc' dir='ltr'>γα-</span> 
     </span>
    </p>
   </div>
   <div class='ocr_carea' id='block_1_61' title="bbox 301 3081 3580 3163">
    <p class='ocr_par' dir='ltr' id='par_1_61' title="bbox 301 3081 3580 3163">
     <span class='ocr_line' id='line_1_61' title="bbox 301 3081 3580 3163; baseline 0.002 -23"><span class='ocrx_word' id='word_1_450' title='bbox 301 3086 453 3158; x_wconf 81' lang='grc' dir='ltr'>μικὸν</span> <span class='ocrx_word' id='word_1_451' title='bbox 527 3084 823 3154; x_wconf 76' lang='grc' dir='ltr'>φυλάττετε</span> <span class='ocrx_word' id='word_1_452' title='bbox 892 3083 1076 3154; x_wconf 83' lang='grc' dir='ltr'>νόμον,</span> <span class='ocrx_word' id='word_1_453' title='bbox 1131 3082 1227 3136; x_wconf 71' lang='grc' dir='ltr'>καὶ</span> <span class='ocrx_word' id='word_1_454' title='bbox 1294 3081 1394 3146; x_wconf 81' lang='grc' dir='ltr'>τὰς</span> <span class='ocrx_word' id='word_1_455' title='bbox 1449 3081 1719 3154; x_wconf 80' lang='grc' dir='ltr'>συνθήκας</span> <span class='ocrx_word' id='word_1_456' title='bbox 1799 3087 2148 3156; x_wconf 77' lang='grc' dir='ltr'>παραϐάτους</span> <span class='ocrx_word' id='word_1_457' title='bbox 2221 3095 2437 3162; x_wconf 81' lang='grc' dir='ltr'>τηρεῖτε</span> <span class='ocrx_word' id='word_1_458' title='bbox 2490 3089 2608 3163; x_wconf 72' lang='grc' dir='ltr'>μεθ’</span> <span class='ocrx_word' id='word_1_459' title='bbox 2659 3086 2732 3146; x_wconf 82' lang='grc' dir='ltr'>ὧν</span> <span class='ocrx_word' id='word_1_460' title='bbox 2780 3092 2985 3146; x_wconf 78' lang='grc' dir='ltr'>ἄνωθεν</span> <span class='ocrx_word' id='word_1_461' title='bbox 3037 3095 3116 3156; x_wconf 77' lang='grc' dir='ltr'><strong>εἰς</strong></span> <span class='ocrx_word' id='word_1_462' title='bbox 3172 3093 3274 3162; x_wconf 78' lang='grc' dir='ltr'>τὴν</span> <span class='ocrx_word' id='word_1_463' title='bbox 3336 3090 3580 3163; x_wconf 80' lang='grc' dir='ltr'>γαμικὴν</span> 
     </span>
    </p>
   </div>
   <div class='ocr_carea' id='block_1_62' title="bbox 303 3177 940 3252">
    <p class='ocr_par' dir='ltr' id='par_1_62' title="bbox 303 3177 940 3252">
     <span class='ocr_line' id='line_1_62' title="bbox 303 3177 940 3252; baseline -0.008 -17"><span class='ocrx_word' id='word_1_464' title='bbox 303 3179 600 3252; x_wconf 75' lang='grc' dir='ltr'>ἐληλύθατε</span> <span class='ocrx_word' id='word_1_465' title='bbox 627 3177 940 3232; x_wconf 86' lang='grc' dir='ltr'>κοινωνίαν.</span> 
     </span>
    </p>
   </div>
   <div class='ocr_carea' id='block_1_63' title="bbox 369 3359 1891 3432">
    <p class='ocr_par' dir='ltr' id='par_1_63' title="bbox 369 3359 1891 3432">
     <span class='ocr_line' id='line_1_63' title="bbox 369 3359 1891 3432; baseline 0 -19"><span class='ocrx_word' id='word_1_466' title='bbox 369 3361 517 3432; x_wconf 82' lang='grc' dir='ltr'>Στίχ.</span> <span class='ocrx_word' id='word_1_467' title='bbox 539 3359 702 3424; x_wconf 78' lang='grc' dir='ltr'><strong>ιζ’.--</strong></span> <span class='ocrx_word' id='word_1_468' title='bbox 723 3361 1088 3432; x_wconf 84' lang='grc' dir='ltr'>Συμπεράνας</span> <span class='ocrx_word' id='word_1_469' title='bbox 1109 3360 1175 3431; x_wconf 84' lang='grc' dir='ltr'>δὴ</span> <span class='ocrx_word' id='word_1_470' title='bbox 1199 3359 1269 3414; x_wconf 86' lang='grc' dir='ltr'>τὰ</span> <span class='ocrx_word' id='word_1_471' title='bbox 1287 3359 1395 3414; x_wconf 83' lang='grc' dir='ltr'><strong>τῶν</strong></span> <span class='ocrx_word' id='word_1_472' title='bbox 1415 3361 1688 3430; x_wconf 82' lang='grc' dir='ltr'>γυναικῶν</span> <span class='ocrx_word' id='word_1_473' title='bbox 1709 3363 1767 3415; x_wconf 81' lang='grc' dir='ltr'>ἐν</span> <span class='ocrx_word' id='word_1_474' title='bbox 1781 3359 1891 3415; x_wconf 81' lang='grc' dir='ltr'>τού-</span> 
     </span>
    </p>
   </div>
   <div class='ocr_carea' id='block_1_64' title="bbox 1993 3359 3576 3432">
    <p class='ocr_par' dir='ltr' id='par_1_64' title="bbox 2073 3361 3576 3427">
     <span class='ocr_line' id='line_1_64' title="bbox 2073 3361 3576 3427; baseline 0.001 -11"><span class='ocrx_word' id='word_1_475' title='bbox 2073 3361 2237 3419; x_wconf 75' lang='lat' dir='ltr'><strong>Vens.</strong></span> <span class='ocrx_word' id='word_1_476' title='bbox 2282 3363 2370 3417; x_wconf 82' lang='lat' dir='ltr'><strong>l7.</strong></span> <span class='ocrx_word' id='word_1_477' title='bbox 2408 3388 2473 3403; x_wconf 81' lang='lat'><strong>-—</strong></span> <span class='ocrx_word' id='word_1_478' title='bbox 2504 3363 2596 3418; x_wconf 92' lang='lat' dir='ltr'><strong>Sic</strong></span> <span class='ocrx_word' id='word_1_479' title='bbox 2626 3364 2880 3421; x_wconf 85' lang='lat' dir='ltr'><strong>absoluto</strong></span> <span class='ocrx_word' id='word_1_480' title='bbox 2916 3363 2984 3421; x_wconf 90' lang='lat' dir='ltr'><strong>de</strong></span> <span class='ocrx_word' id='word_1_481' title='bbox 3013 3363 3276 3419; x_wconf 79' lang='lat' dir='ltr'><strong>uxoribus</strong></span> <span class='ocrx_word' id='word_1_482' title='bbox 3300 3377 3576 3427; x_wconf 87' lang='lat' dir='ltr'><strong>sermone,</strong></span> 
     </span>
    </p>
   </div>
   <div class='ocr_carea' id='block_1_65' title="bbox 297 3452 1893 3524">
    <p class='ocr_par' dir='ltr' id='par_1_65' title="bbox 297 3452 1893 3524">
     <span class='ocr_line' id='line_1_65' title="bbox 297 3452 1893 3524; baseline -0.001 -18"><span class='ocrx_word' id='word_1_483' title='bbox 297 3469 432 3518; x_wconf 86' lang='grc' dir='ltr'>τοις,</span> <span class='ocrx_word' id='word_1_484' title='bbox 451 3453 604 3520; x_wconf 80' lang='grc' dir='ltr'>λέγει</span> <span class='ocrx_word' id='word_1_485' title='bbox 637 3452 733 3506; x_wconf 70' lang='grc' dir='ltr'>καὶ</span> <span class='ocrx_word' id='word_1_486' title='bbox 760 3452 956 3524; x_wconf 79' lang='grc' dir='ltr'>ἑτέραν</span> <span class='ocrx_word' id='word_1_487' title='bbox 983 3452 1162 3506; x_wconf 80' lang='grc' dir='ltr'>αὐτῶν</span> <span class='ocrx_word' id='word_1_488' title='bbox 1193 3453 1253 3506; x_wconf 81' lang='grc' dir='ltr'>οὐ</span> <span class='ocrx_word' id='word_1_489' title='bbox 1281 3452 1659 3523; x_wconf 82' lang='grc' dir='ltr'>πλημμέλειαν</span> <span class='ocrx_word' id='word_1_490' title='bbox 1685 3452 1893 3516; x_wconf 81' lang='grc' dir='ltr'>ἁπλῶς,</span> 
     </span>
    </p>
   </div>
   <div class='ocr_carea' id='block_1_66' title="bbox 299 3538 1898 3613">
    <p class='ocr_par' dir='ltr' id='par_1_66' title="bbox 299 3538 1898 3613">
     <span class='ocr_line' id='line_1_66' title="bbox 299 3538 1898 3613; baseline -0.004 -14"><span class='ocrx_word' id='word_1_491' title='bbox 299 3545 414 3599; x_wconf 79' lang='grc' dir='ltr'>ἀλλ’</span> <span class='ocrx_word' id='word_1_492' title='bbox 438 3543 698 3598; x_wconf 82' lang='grc' dir='ltr'>ἀσέϐειαν</span> <span class='ocrx_word' id='word_1_493' title='bbox 716 3560 730 3574; x_wconf 91' lang='grc'><strong>·</strong></span> <span class='ocrx_word' id='word_1_494' title='bbox 763 3542 947 3596; x_wconf 79' lang='grc' dir='ltr'>πολλοὶ</span> <span class='ocrx_word' id='word_1_495' title='bbox 973 3543 1080 3613; x_wconf 87' lang='grc' dir='ltr'>γὰρ</span> <span class='ocrx_word' id='word_1_496' title='bbox 1103 3542 1210 3597; x_wconf 79' lang='grc' dir='ltr'><strong>τῶν</strong></span> <span class='ocrx_word' id='word_1_497' title='bbox 1237 3542 1332 3597; x_wconf 86' lang='grc' dir='ltr'>ἀνθ</span> <span class='ocrx_word' id='word_1_498' title='bbox 1341 3542 1538 3613; x_wconf 85' lang='grc' dir='ltr'>ρώπων</span> <span class='ocrx_word' id='word_1_499' title='bbox 1564 3542 1632 3598; x_wconf 83' lang='grc' dir='ltr'>τὰ</span> <span class='ocrx_word' id='word_1_500' title='bbox 1652 3541 1747 3610; x_wconf 82' lang='grc' dir='ltr'>μὲν</span> <span class='ocrx_word' id='word_1_501' title='bbox 1763 3538 1898 3610; x_wconf 86' lang='grc' dir='ltr'>παρ’</span> 
     </span>
    </p>
   </div>
   <div class='ocr_carea' id='block_1_67' title="bbox 297 3634 1899 3708">
    <p class='ocr_par' dir='ltr' id='par_1_67' title="bbox 297 3634 1899 3708">
     <span class='ocr_line' id='line_1_67' title="bbox 297 3634 1899 3708; baseline -0.004 -15"><span class='ocrx_word' id='word_1_502' title='bbox 297 3637 481 3693; x_wconf 75' lang='grc' dir='ltr'>αὐτῶν</span> <span class='ocrx_word' id='word_1_503' title='bbox 517 3636 946 3708; x_wconf 80' lang='grc' dir='ltr'>ἁμαρτανόμενα</span> <span class='ocrx_word' id='word_1_504' title='bbox 976 3637 1110 3708; x_wconf 85' lang='grc' dir='ltr'>όρᾷν</span> <span class='ocrx_word' id='word_1_505' title='bbox 1161 3635 1262 3689; x_wconf 83' lang='grc' dir='ltr'>οὐκ</span> <span class='ocrx_word' id='word_1_506' title='bbox 1308 3634 1603 3700; x_wconf 73' lang='grc' dir='ltr'>ἐθέλουσιν,</span> <span class='ocrx_word' id='word_1_507' title='bbox 1633 3636 1747 3689; x_wconf 82' lang='grc' dir='ltr'>ἀλλ’</span> <span class='ocrx_word' id='word_1_508' title='bbox 1776 3635 1899 3689; x_wconf 79' lang='grc' dir='ltr'>οὐδέ</span> 
     </span>
    </p>
   </div>
   <div class='ocr_carea' id='block_1_68' title="bbox 296 3721 1898 3800">
    <p class='ocr_par' dir='ltr' id='par_1_68' title="bbox 296 3721 1898 3800">
     <span class='ocr_line' id='line_1_68' title="bbox 296 3721 1898 3800; baseline -0.004 -15"><span class='ocrx_word' id='word_1_509' title='bbox 296 3749 344 3785; x_wconf 86' lang='grc' dir='ltr'><strong>τι</strong></span> <span class='ocrx_word' id='word_1_510' title='bbox 375 3731 612 3800; x_wconf 82' lang='grc' dir='ltr'>πάσχειν</span> <span class='ocrx_word' id='word_1_511' title='bbox 642 3728 785 3798; x_wconf 83' lang='grc' dir='ltr'>ὑπὲρ</span> <span class='ocrx_word' id='word_1_512' title='bbox 811 3726 1016 3780; x_wconf 88' lang='grc' dir='ltr'>τούτων</span> <span class='ocrx_word' id='word_1_513' title='bbox 1052 3727 1297 3798; x_wconf 74' lang='grc' dir='ltr'>ἔχονταιο</span> <span class='ocrx_word' id='word_1_514' title='bbox 1332 3726 1642 3780; x_wconf 80' lang='grc' dir='ltr'>τούναντίον</span> <span class='ocrx_word' id='word_1_515' title='bbox 1678 3727 1778 3796; x_wconf 78' lang='grc' dir='ltr'>μὲν</span> <span class='ocrx_word' id='word_1_516' title='bbox 1805 3721 1898 3780; x_wconf 77' lang='grc' dir='ltr'>οὖν</span> 
     </span>
    </p>
   </div>
   <div class='ocr_carea' id='block_1_69' title="bbox 295 3815 1896 3890">
    <p class='ocr_par' dir='ltr' id='par_1_69' title="bbox 295 3815 1896 3890">
     <span class='ocr_line' id='line_1_69' title="bbox 295 3815 1896 3890; baseline -0.001 -17"><span class='ocrx_word' id='word_1_517' title='bbox 295 3823 393 3876; x_wconf 72' lang='grc' dir='ltr'>καὶ</span> <span class='ocrx_word' id='word_1_518' title='bbox 418 3819 866 3890; x_wconf 76' lang='grc' dir='ltr'>δυσχεραίνουσιν</span> <span class='ocrx_word' id='word_1_519' title='bbox 907 3817 966 3870; x_wconf 81' lang='grc' dir='ltr'>ὲν</span> <span class='ocrx_word' id='word_1_520' title='bbox 991 3817 1157 3889; x_wconf 73' lang='grc' dir='ltr'>πείρᾳ</span> <span class='ocrx_word' id='word_1_521' title='bbox 1190 3815 1579 3887; x_wconf 82' lang='grc' dir='ltr'>καθιστάμενοι</span> <span class='ocrx_word' id='word_1_522' title='bbox 1619 3815 1896 3888; x_wconf 72' lang='grc' dir='ltr'>λυπηρῶν,</span> 
     </span>
    </p>
   </div>
   <div class='ocr_carea' id='block_1_70' title="bbox 293 3907 1901 3982">
    <p class='ocr_par' dir='ltr' id='par_1_70' title="bbox 293 3907 1901 3982">
     <span class='ocr_line' id='line_1_70' title="bbox 293 3907 1901 3982; baseline -0.005 -14"><span class='ocrx_word' id='word_1_523' title='bbox 293 3915 393 3968; x_wconf 73' lang='grc' dir='ltr'>καὶ</span> <span class='ocrx_word' id='word_1_524' title='bbox 417 3913 594 3967; x_wconf 82' lang='grc' dir='ltr'>ταῦτα</span> <span class='ocrx_word' id='word_1_525' title='bbox 617 3907 780 3982; x_wconf 81' lang='grc' dir='ltr'>ἦττον</span> <span class='ocrx_word' id='word_1_526' title='bbox 810 3909 1070 3973; x_wconf 86' lang='grc' dir='ltr'>πολλάκις</span> <span class='ocrx_word' id='word_1_527' title='bbox 1111 3909 1411 3979; x_wconf 82' lang='grc' dir='ltr'>πάσχοντες</span> <span class='ocrx_word' id='word_1_528' title='bbox 1438 3909 1537 3979; x_wconf 84' lang='grc' dir='ltr'>τῆς</span> <span class='ocrx_word' id='word_1_529' title='bbox 1563 3907 1739 3973; x_wconf 76' lang='grc' dir='ltr'>ἀξίαςο</span> <span class='ocrx_word' id='word_1_530' title='bbox 1759 3907 1901 3976; x_wconf 81' lang='grc' dir='ltr'>ὑπὲρ</span> 
     </span>
    </p>
   </div>
   <div class='ocr_carea' id='block_1_71' title="bbox 293 4000 1899 4079">
    <p class='ocr_par' dir='ltr' id='par_1_71' title="bbox 293 4000 1899 4079">
     <span class='ocr_line' id='line_1_71' title="bbox 293 4000 1899 4079; baseline -0.007 -18"><span class='ocrx_word' id='word_1_531' title='bbox 293 4008 504 4079; x_wconf 80' lang='grc' dir='ltr'>ἑτέρων</span> <span class='ocrx_word' id='word_1_532' title='bbox 527 4005 584 4058; x_wconf 78' lang='grc' dir='ltr'>δὲ</span> <span class='ocrx_word' id='word_1_533' title='bbox 612 4004 914 4074; x_wconf 82' lang='grc' dir='ltr'>μέμφονται</span> <span class='ocrx_word' id='word_1_534' title='bbox 940 4002 1018 4073; x_wconf 82' lang='grc' dir='ltr'>τῷ</span> <span class='ocrx_word' id='word_1_535' title='bbox 1041 4001 1160 4073; x_wconf 86' lang='grc' dir='ltr'>Θεῷ</span> <span class='ocrx_word' id='word_1_536' title='bbox 1198 4001 1524 4073; x_wconf 87' lang='grc' dir='ltr'>προχείρως,</span> <span class='ocrx_word' id='word_1_537' title='bbox 1551 4000 1626 4064; x_wconf 86' lang='grc' dir='ltr'>ὡς</span> <span class='ocrx_word' id='word_1_538' title='bbox 1648 4001 1899 4070; x_wconf 60' lang='grc' dir='ltr'>ἁμαρτω</span> 
     </span>
    </p>
   </div>
   <div class='ocr_carea' id='block_1_72' title="bbox 290 4092 1899 4168">
    <p class='ocr_par' dir='ltr' id='par_1_72' title="bbox 290 4092 1899 4168">
     <span class='ocr_line' id='line_1_72' title="bbox 290 4092 1899 4168; baseline -0.007 -13"><span class='ocrx_word' id='word_1_539' title='bbox 290 4102 501 4155; x_wconf 84' lang='grc' dir='ltr'>νόντων</span> <span class='ocrx_word' id='word_1_540' title='bbox 540 4097 640 4168; x_wconf 79' lang='grc' dir='ltr'>μὲν</span> <span class='ocrx_word' id='word_1_541' title='bbox 691 4097 938 4158; x_wconf 87' lang='grc' dir='ltr'>πλεῖστα,</span> <span class='ocrx_word' id='word_1_542' title='bbox 989 4095 1143 4158; x_wconf 82' lang='grc' dir='ltr'>δίκας</span> <span class='ocrx_word' id='word_1_543' title='bbox 1188 4095 1244 4148; x_wconf 81' lang='grc' dir='ltr'>δὲ</span> <span class='ocrx_word' id='word_1_544' title='bbox 1292 4095 1352 4147; x_wconf 79' lang='grc' dir='ltr'><strong>ού</strong></span> <span class='ocrx_word' id='word_1_545' title='bbox 1399 4094 1672 4148; x_wconf 88' lang='grc' dir='ltr'>διδόντων.</span> <span class='ocrx_word' id='word_1_546' title='bbox 1729 4092 1899 4147; x_wconf 82' lang='grc' dir='ltr'>Τοῦτο</span> 
     </span>
    </p>
   </div>
   <div class='ocr_carea' id='block_1_73' title="bbox 289 4185 1898 4266">
    <p class='ocr_par' dir='ltr' id='par_1_73' title="bbox 289 4185 1898 4266">
     <span class='ocr_line' id='line_1_73' title="bbox 289 4185 1898 4266; baseline -0.006 -19"><span class='ocrx_word' id='word_1_547' title='bbox 289 4193 356 4266; x_wconf 75' lang='grc' dir='ltr'>δὴ</span> <span class='ocrx_word' id='word_1_548' title='bbox 389 4193 490 4246; x_wconf 78' lang='grc' dir='ltr'>καὶ</span> <span class='ocrx_word' id='word_1_549' title='bbox 524 4190 654 4259; x_wconf 83' lang='grc' dir='ltr'>παρ’</span> <span class='ocrx_word' id='word_1_550' title='bbox 681 4187 840 4242; x_wconf 66' lang='grc' dir='ltr'>ἐνίων</span> <span class='ocrx_word' id='word_1_551' title='bbox 887 4187 995 4242; x_wconf 82' lang='grc' dir='ltr'>τῶν</span> <span class='ocrx_word' id='word_1_552' title='bbox 1030 4188 1087 4240; x_wconf 81' lang='grc' dir='ltr'>ὲν</span> <span class='ocrx_word' id='word_1_553' title='bbox 1115 4189 1229 4249; x_wconf 87' lang='grc' dir='ltr'>τοῖς</span> <span class='ocrx_word' id='word_1_554' title='bbox 1270 4185 1628 4258; x_wconf 83' lang='grc' dir='ltr'>Ἰσραηλίταις</span> <span class='ocrx_word' id='word_1_555' title='bbox 1653 4187 1769 4240; x_wconf 85' lang='grc' dir='ltr'>τότε</span> <span class='ocrx_word' id='word_1_556' title='bbox 1810 4202 1898 4253; x_wconf 89' lang='grc' dir='ltr'>γι-</span> 
     </span>
    </p>
   </div>
   <div class='ocr_carea' id='block_1_74' title="bbox 288 4277 1900 4356">
    <p class='ocr_par' dir='ltr' id='par_1_74' title="bbox 288 4277 1900 4356">
     <span class='ocr_line' id='line_1_74' title="bbox 288 4277 1900 4356; baseline -0.006 -17"><span class='ocrx_word' id='word_1_557' title='bbox 288 4286 549 4356; x_wconf 84' lang='grc' dir='ltr'>νόμενον,</span> <span class='ocrx_word' id='word_1_558' title='bbox 595 4281 656 4333; x_wconf 81' lang='grc' dir='ltr'>ὲν</span> <span class='ocrx_word' id='word_1_559' title='bbox 698 4278 909 4342; x_wconf 86' lang='grc' dir='ltr'>τούτοις</span> <span class='ocrx_word' id='word_1_560' title='bbox 959 4277 1286 4349; x_wconf 82' lang='grc' dir='ltr'>αἰτιώμενος</span> <span class='ocrx_word' id='word_1_561' title='bbox 1335 4281 1365 4331; x_wconf 79' lang='grc' dir='ltr'><strong>ὁ</strong></span> <span class='ocrx_word' id='word_1_562' title='bbox 1419 4278 1704 4347; x_wconf 83' lang='grc' dir='ltr'>προφήτης</span> <span class='ocrx_word' id='word_1_563' title='bbox 1757 4277 1900 4331; x_wconf 77' lang='grc' dir='ltr'>οὕτω</span> 
     </span>
    </p>
   </div>
   <div class='ocr_carea' id='block_1_75' title="bbox 292 4367 1902 4447">
    <p class='ocr_par' dir='ltr' id='par_1_75' title="bbox 292 4367 1902 4447">
     <span class='ocr_line' id='line_1_75' title="bbox 292 4367 1902 4447; baseline -0.007 -16"><span class='ocrx_word' id='word_1_564' title='bbox 292 4378 468 4447; x_wconf 81' lang='grc' dir='ltr'>φησίν</span> <span class='ocrx_word' id='word_1_565' title='bbox 493 4391 506 4406; x_wconf 94' lang='grc'><strong>·</strong></span> <span class='ocrx_word' id='word_1_566' title='bbox 542 4393 563 4426; x_wconf 78' lang='grc' dir='ltr'><strong>ι</strong></span> <span class='ocrx_word' id='word_1_567' title='bbox 604 4373 668 4429; x_wconf 79' lang='grc' dir='ltr'><strong>οι</strong></span> <span class='ocrx_word' id='word_1_568' title='bbox 721 4372 1116 4444; x_wconf 80' lang='grc' dir='ltr'>παροξύνοντες</span> <span class='ocrx_word' id='word_1_569' title='bbox 1159 4369 1250 4423; x_wconf 77' lang='grc' dir='ltr'>τὸν</span> <span class='ocrx_word' id='word_1_570' title='bbox 1296 4369 1428 4423; x_wconf 85' lang='grc' dir='ltr'>Θεὸν</span> <span class='ocrx_word' id='word_1_571' title='bbox 1475 4371 1533 4422; x_wconf 73' lang='grc' dir='ltr'>ἐν</span> <span class='ocrx_word' id='word_1_572' title='bbox 1571 4371 1684 4431; x_wconf 87' lang='grc' dir='ltr'>τοῖς</span> <span class='ocrx_word' id='word_1_573' title='bbox 1721 4367 1902 4436; x_wconf 86' lang='grc' dir='ltr'>λόγοις</span> 
     </span>
    </p>
   </div>
   <div class='ocr_carea' id='block_1_76' title="bbox 288 4459 1898 4538">
    <p class='ocr_par' dir='ltr' id='par_1_76' title="bbox 288 4459 1898 4538">
     <span class='ocr_line' id='line_1_76' title="bbox 288 4459 1898 4538; baseline -0.005 -18"><span class='ocrx_word' id='word_1_574' title='bbox 288 4469 488 4538; x_wconf 86' lang='grc' dir='ltr'>ὑμῶν·</span> <span class='ocrx_word' id='word_1_575' title='bbox 523 4469 617 4521; x_wconf 77' lang='grc' dir='ltr'>καὶ</span> <span class='ocrx_word' id='word_1_576' title='bbox 646 4469 857 4526; x_wconf 76' lang='grc' dir='ltr'>εἴπατε.</span> <span class='ocrx_word' id='word_1_577' title='bbox 897 4465 986 4518; x_wconf 89' lang='grc' dir='ltr'>Ἐν</span> <span class='ocrx_word' id='word_1_578' title='bbox 1007 4462 1114 4515; x_wconf 91' lang='grc' dir='ltr'>τίνι</span> <span class='ocrx_word' id='word_1_579' title='bbox 1149 4460 1548 4532; x_wconf 80' lang='grc' dir='ltr'>παρωξύναμεν</span> <span class='ocrx_word' id='word_1_580' title='bbox 1579 4459 1775 4524; x_wconf 86' lang='grc' dir='ltr'>αὐτόν;</span> <span class='ocrx_word' id='word_1_581' title='bbox 1811 4460 1898 4512; x_wconf 88' lang='grc' dir='ltr'><strong>Ἐν</strong></span> 
     </span>
    </p>
   </div>
   <div class='ocr_carea' id='block_1_77' title="bbox 295 4548 1898 4629">
    <p class='ocr_par' dir='ltr' id='par_1_77' title="bbox 295 4548 1898 4629">
     <span class='ocr_line' id='line_1_77' title="bbox 295 4548 1898 4629; baseline -0.005 -19"><span class='ocrx_word' id='word_1_582' title='bbox 295 4559 371 4629; x_wconf 81' lang='grc' dir='ltr'>τῷ</span> <span class='ocrx_word' id='word_1_583' title='bbox 406 4559 592 4628; x_wconf 83' lang='grc' dir='ltr'>λέγειν</span> <span class='ocrx_word' id='word_1_584' title='bbox 621 4559 788 4629; x_wconf 77' lang='grc' dir='ltr'>ὑμᾶς,</span> <span class='ocrx_word' id='word_1_585' title='bbox 820 4557 934 4620; x_wconf 78' lang='grc' dir='ltr'><strong>Πᾶς</strong></span> <span class='ocrx_word' id='word_1_586' title='bbox 983 4554 1152 4608; x_wconf 84' lang='grc' dir='ltr'>ποιῶν</span> <span class='ocrx_word' id='word_1_587' title='bbox 1185 4553 1419 4622; x_wconf 79' lang='grc' dir='ltr'>πονηρὰ,</span> <span class='ocrx_word' id='word_1_588' title='bbox 1463 4550 1626 4603; x_wconf 77' lang='grc' dir='ltr'>καλὸν</span> <span class='ocrx_word' id='word_1_589' title='bbox 1671 4548 1898 4603; x_wconf 79' lang='grc' dir='ltr'>ἐνώπιον</span> 
     </span>
    </p>
   </div>
   <div class='ocr_carea' id='block_1_78' title="bbox 291 4641 1897 4722">
    <p class='ocr_par' dir='ltr' id='par_1_78' title="bbox 291 4641 1897 4722">
     <span class='ocr_line' id='line_1_78' title="bbox 291 4641 1897 4722; baseline -0.007 -18"><span class='ocrx_word' id='word_1_590' title='bbox 291 4652 531 4722; x_wconf 80' lang='grc' dir='ltr'>Κυρίου,</span> <span class='ocrx_word' id='word_1_591' title='bbox 562 4653 660 4705; x_wconf 78' lang='grc' dir='ltr'>καὶ</span> <span class='ocrx_word' id='word_1_592' title='bbox 685 4652 746 4703; x_wconf 79' lang='grc' dir='ltr'>ὲν</span> <span class='ocrx_word' id='word_1_593' title='bbox 773 4650 954 4710; x_wconf 82' lang='grc' dir='ltr'>αὐτοῖς</span> <span class='ocrx_word' id='word_1_594' title='bbox 977 4646 1138 4710; x_wconf 81' lang='grc' dir='ltr'>αὐτὸς</span> <span class='ocrx_word' id='word_1_595' title='bbox 1163 4644 1431 4716; x_wconf 76' lang='grc' dir='ltr'>ηὑδόκησε</span> <span class='ocrx_word' id='word_1_596' title='bbox 1453 4661 1468 4673; x_wconf 75' lang='grc' dir='ltr'><strong>ο</strong></span> <span class='ocrx_word' id='word_1_597' title='bbox 1497 4642 1591 4696; x_wconf 78' lang='grc' dir='ltr'>καὶ</span> <span class='ocrx_word' id='word_1_598' title='bbox 1625 4641 1726 4694; x_wconf 79' lang='grc' dir='ltr'>ποῦ</span> <span class='ocrx_word' id='word_1_599' title='bbox 1750 4644 1897 4694; x_wconf 81' lang='grc' dir='ltr'>ἐστιν</span> 
     </span>
    </p>
   </div>
   <div class='ocr_carea' id='block_1_79' title="bbox 1999 3453 3580 3526">
    <p class='ocr_par' dir='ltr' id='par_1_79' title="bbox 1999 3453 3580 3526">
     <span class='ocr_line' id='line_1_79' title="bbox 1999 3453 3580 3526; baseline 0 -18"><span class='ocrx_word' id='word_1_600' title='bbox 1999 3453 2131 3510; x_wconf 89' lang='lat' dir='ltr'><strong>dicit</strong></span> <span class='ocrx_word' id='word_1_601' title='bbox 2148 3464 2203 3512; x_wconf 88' lang='lat' dir='ltr'><strong>et</strong></span> <span class='ocrx_word' id='word_1_602' title='bbox 2231 3455 2392 3509; x_wconf 89' lang='lat' dir='ltr'><strong>aliam</strong></span> <span class='ocrx_word' id='word_1_603' title='bbox 2419 3453 2787 3511; x_wconf 84' lang='lat' dir='ltr'><strong>lsraelitarum</strong></span> <span class='ocrx_word' id='word_1_604' title='bbox 2813 3471 2922 3510; x_wconf 92' lang='lat' dir='ltr'><strong>non</strong></span> <span class='ocrx_word' id='word_1_605' title='bbox 2953 3456 3249 3526; x_wconf 86' lang='lat' dir='ltr'><strong>nequitiam</strong></span> <span class='ocrx_word' id='word_1_606' title='bbox 3268 3453 3434 3524; x_wconf 80' lang='lat'><strong>379</strong></span> <span class='ocrx_word' id='word_1_607' title='bbox 3456 3461 3580 3509; x_wconf 83' lang='lat' dir='ltr'><strong>tan-</strong></span> 
     </span>
    </p>
   </div>
   <div class='ocr_carea' id='block_1_80' title="bbox 2001 3545 3578 3617">
    <p class='ocr_par' dir='ltr' id='par_1_80' title="bbox 2001 3545 3578 3617">
     <span class='ocr_line' id='line_1_80' title="bbox 2001 3545 3578 3617; baseline -0.003 -15"><span class='ocrx_word' id='word_1_608' title='bbox 2001 3546 2284 3603; x_wconf 86' lang='lat' dir='ltr'><strong>tummodo</strong></span> <span class='ocrx_word' id='word_1_609' title='bbox 2337 3545 2433 3602; x_wconf 90' lang='lat' dir='ltr'><strong>sed</strong></span> <span class='ocrx_word' id='word_1_610' title='bbox 2502 3547 2863 3617; x_wconf 88' lang='lat' dir='ltr'><strong>impietatem.</strong></span> <span class='ocrx_word' id='word_1_611' title='bbox 2912 3546 3067 3601; x_wconf 81' lang='lat' dir='ltr'><strong>Multi</strong></span> <span class='ocrx_word' id='word_1_612' title='bbox 3125 3547 3268 3600; x_wconf 88' lang='lat' dir='ltr'><strong>enim</strong></span> <span class='ocrx_word' id='word_1_613' title='bbox 3327 3545 3578 3601; x_wconf 87' lang='lat' dir='ltr'><strong>homines</strong></span> 
     </span>
    </p>
   </div>
   <div class='ocr_carea' id='block_1_81' title="bbox 2000 3635 3580 3709">
    <p class='ocr_par' dir='ltr' id='par_1_81' title="bbox 2000 3635 3580 3709">
     <span class='ocr_line' id='line_1_81' title="bbox 2000 3635 3580 3709; baseline -0.003 -15"><span class='ocrx_word' id='word_1_614' title='bbox 2000 3649 2224 3709; x_wconf 86' lang='lat' dir='ltr'><strong>peccata</strong></span> <span class='ocrx_word' id='word_1_615' title='bbox 2253 3653 2350 3692; x_wconf 88' lang='lat' dir='ltr'><strong>sua</strong></span> <span class='ocrx_word' id='word_1_616' title='bbox 2387 3647 2640 3707; x_wconf 87' lang='lat' dir='ltr'><strong>spectare</strong></span> <span class='ocrx_word' id='word_1_617' title='bbox 2669 3639 2887 3702; x_wconf 90' lang='lat' dir='ltr'><strong>nolunt,</strong></span> <span class='ocrx_word' id='word_1_618' title='bbox 2923 3635 3019 3692; x_wconf 88' lang='lat' dir='ltr'><strong>sed</strong></span> <span class='ocrx_word' id='word_1_619' title='bbox 3052 3650 3152 3691; x_wconf 89' lang='lat' dir='ltr'><strong>nec</strong></span> <span class='ocrx_word' id='word_1_620' title='bbox 3176 3635 3475 3707; x_wconf 86' lang='lat' dir='ltr'><strong>quidquam</strong></span> <span class='ocrx_word' id='word_1_621' title='bbox 3508 3638 3580 3691; x_wconf 86' lang='lat' dir='ltr'><strong>ob</strong></span> 
     </span>
    </p>
   </div>
   <div class='ocr_carea' id='block_1_82' title="bbox 2001 3728 3580 3801">
    <p class='ocr_par' dir='ltr' id='par_1_82' title="bbox 2001 3728 3580 3801">
     <span class='ocr_line' id='line_1_82' title="bbox 2001 3728 3580 3801; baseline -0.003 -15"><span class='ocrx_word' id='word_1_622' title='bbox 2001 3732 2114 3786; x_wconf 68' lang='lat' dir='ltr'><strong>haec</strong></span> <span class='ocrx_word' id='word_1_623' title='bbox 2147 3730 2461 3801; x_wconf 86' lang='lat' dir='ltr'><strong>patiendum</strong></span> <span class='ocrx_word' id='word_1_624' title='bbox 2521 3729 2623 3784; x_wconf 90' lang='lat' dir='ltr'><strong>sibi</strong></span> <span class='ocrx_word' id='word_1_625' title='bbox 2681 3737 2895 3800; x_wconf 88' lang='lat' dir='ltr'><strong>putant.</strong></span> <span class='ocrx_word' id='word_1_626' title='bbox 2932 3728 3136 3782; x_wconf 88' lang='lat' dir='ltr'><strong>Contra</strong></span> <span class='ocrx_word' id='word_1_627' title='bbox 3194 3728 3400 3799; x_wconf 85' lang='lat' dir='ltr'><strong>potius,</strong></span> <span class='ocrx_word' id='word_1_628' title='bbox 3437 3744 3580 3799; x_wconf 67' lang='lat' dir='ltr'><strong>a&#39;gre</strong></span> 
     </span>
    </p>
   </div>
   <div class='ocr_carea' id='block_1_83' title="bbox 2000 3815 3577 3892">
    <p class='ocr_par' dir='ltr' id='par_1_83' title="bbox 2000 3815 3577 3892">
     <span class='ocr_line' id='line_1_83' title="bbox 2000 3815 3577 3892; baseline -0.003 -15"><span class='ocrx_word' id='word_1_629' title='bbox 2000 3823 2184 3879; x_wconf 78' lang='lat' dir='ltr'><strong>ferunt</strong></span> <span class='ocrx_word' id='word_1_630' title='bbox 2235 3822 2282 3877; x_wconf 88' lang='lat' dir='ltr'><strong>si</strong></span> <span class='ocrx_word' id='word_1_631' title='bbox 2335 3815 2465 3892; x_wconf 88' lang='lat' dir='ltr'><strong>quid</strong></span> <span class='ocrx_word' id='word_1_632' title='bbox 2511 3822 2804 3876; x_wconf 91' lang='lat' dir='ltr'><strong>molestum</strong></span> <span class='ocrx_word' id='word_1_633' title='bbox 2843 3821 2926 3878; x_wconf 87' lang='lat' dir='ltr'><strong>eis</strong></span> <span class='ocrx_word' id='word_1_634' title='bbox 2978 3820 3214 3889; x_wconf 86' lang='lat' dir='ltr'><strong>accidat,</strong></span> <span class='ocrx_word' id='word_1_635' title='bbox 3257 3822 3472 3876; x_wconf 89' lang='lat' dir='ltr'><strong>etiamsi</strong></span> <span class='ocrx_word' id='word_1_636' title='bbox 3523 3820 3577 3874; x_wconf 90' lang='lat' dir='ltr'><strong>id</strong></span> 
     </span>
    </p>
   </div>
   <div class='ocr_carea' id='block_1_84' title="bbox 2000 3908 3578 3983">
    <p class='ocr_par' dir='ltr' id='par_1_84' title="bbox 2000 3908 3578 3983">
     <span class='ocr_line' id='line_1_84' title="bbox 2000 3908 3578 3983; baseline -0.003 -14"><span class='ocrx_word' id='word_1_637' title='bbox 2000 3913 2143 3969; x_wconf 62' lang='lat' dir='ltr'><strong>intra</strong></span> <span class='ocrx_word' id='word_1_638' title='bbox 2193 3912 2440 3983; x_wconf 89' lang='lat' dir='ltr'><strong>ipsorum</strong></span> <span class='ocrx_word' id='word_1_639' title='bbox 2473 3913 2730 3967; x_wconf 88' lang='lat' dir='ltr'><strong>meritum</strong></span> <span class='ocrx_word' id='word_1_640' title='bbox 2763 3926 2906 3983; x_wconf 89' lang='lat' dir='ltr'><strong>saepe</strong></span> <span class='ocrx_word' id='word_1_641' title='bbox 2953 3912 3046 3968; x_wconf 82' lang='lat' dir='ltr'><strong>sit.</strong></span> <span class='ocrx_word' id='word_1_642' title='bbox 3078 3908 3281 3968; x_wconf 83' lang='lat' dir='ltr'><strong>Verum</strong></span> <span class='ocrx_word' id='word_1_643' title='bbox 3331 3911 3398 3966; x_wconf 88' lang='lat' dir='ltr'><strong>ad</strong></span> <span class='ocrx_word' id='word_1_644' title='bbox 3441 3911 3578 3965; x_wconf 85' lang='lat' dir='ltr'><strong>alios</strong></span> 
     </span>
    </p>
   </div>
   <div class='ocr_carea' id='block_1_85' title="bbox 1998 4001 3579 4076">
    <p class='ocr_par' dir='ltr' id='par_1_85' title="bbox 1998 4001 3579 4076">
     <span class='ocr_line' id='line_1_85' title="bbox 1998 4001 3579 4076; baseline -0.003 -16"><span class='ocrx_word' id='word_1_645' title='bbox 1998 4005 2144 4076; x_wconf 85' lang='lat' dir='ltr'><strong>quod</strong></span> <span class='ocrx_word' id='word_1_646' title='bbox 2179 4004 2398 4070; x_wconf 86' lang='lat' dir='ltr'><strong>attinet,</strong></span> <span class='ocrx_word' id='word_1_647' title='bbox 2430 4003 2753 4059; x_wconf 83' lang='lat' dir='ltr'><strong>irascuntur</strong></span> <span class='ocrx_word' id='word_1_648' title='bbox 2784 4003 2946 4058; x_wconf 81' lang='lat' dir='ltr'><strong>facile</strong></span> <span class='ocrx_word' id='word_1_649' title='bbox 2978 4001 3109 4066; x_wconf 89' lang='lat' dir='ltr'><strong>Deo,</strong></span> <span class='ocrx_word' id='word_1_650' title='bbox 3139 4001 3289 4074; x_wconf 88' lang='lat' dir='ltr'><strong>quod</strong></span> <span class='ocrx_word' id='word_1_651' title='bbox 3331 4002 3367 4056; x_wconf 93' lang='lat' dir='ltr'><strong>ii</strong></span> <span class='ocrx_word' id='word_1_652' title='bbox 3409 4001 3579 4072; x_wconf 84' lang='lat' dir='ltr'><strong>pluri-</strong></span> 
     </span>
    </p>
   </div>
   <div class='ocr_carea' id='block_1_86' title="bbox 1999 4092 3579 4171">
    <p class='ocr_par' dir='ltr' id='par_1_86' title="bbox 1999 4092 3579 4171">
     <span class='ocr_line' id='line_1_86' title="bbox 1999 4092 3579 4171; baseline -0.006 -15"><span class='ocrx_word' id='word_1_653' title='bbox 1999 4117 2146 4156; x_wconf 90' lang='lat' dir='ltr'><strong>mum</strong></span> <span class='ocrx_word' id='word_1_654' title='bbox 2179 4103 2432 4171; x_wconf 85' lang='lat' dir='ltr'><strong>peccent,</strong></span> <span class='ocrx_word' id='word_1_655' title='bbox 2482 4115 2584 4156; x_wconf 88' lang='lat' dir='ltr'><strong>nec</strong></span> <span class='ocrx_word' id='word_1_656' title='bbox 2636 4115 2829 4170; x_wconf 75' lang='lat' dir='ltr'><strong>pmnas</strong></span> <span class='ocrx_word' id='word_1_657' title='bbox 2857 4099 3033 4152; x_wconf 86' lang='lat' dir='ltr'><strong>luant.</strong></span> <span class='ocrx_word' id='word_1_658' title='bbox 3079 4095 3236 4162; x_wconf 84' lang='lat' dir='ltr'><strong>Quod</strong></span> <span class='ocrx_word' id='word_1_659' title='bbox 3272 4108 3394 4150; x_wconf 91' lang='lat' dir='ltr'><strong>cum</strong></span> <span class='ocrx_word' id='word_1_660' title='bbox 3433 4092 3579 4164; x_wconf 90' lang='lat' dir='ltr'><strong>apud</strong></span> 
     </span>
    </p>
   </div>
   <div class='ocr_carea' id='block_1_87' title="bbox 1997 4187 3578 4264">
    <p class='ocr_par' dir='ltr' id='par_1_87' title="bbox 1997 4187 3578 4264">
     <span class='ocr_line' id='line_1_87' title="bbox 1997 4187 3578 4264; baseline -0.005 -17"><span class='ocrx_word' id='word_1_661' title='bbox 1997 4193 2292 4248; x_wconf 87' lang='lat' dir='ltr'><strong>nonnullos</strong></span> <span class='ocrx_word' id='word_1_662' title='bbox 2331 4207 2553 4264; x_wconf 90' lang='lat' dir='ltr'><strong>quoque</strong></span> <span class='ocrx_word' id='word_1_663' title='bbox 2583 4192 2858 4248; x_wconf 87' lang='lat' dir='ltr'><strong>lsraelitas</strong></span> <span class='ocrx_word' id='word_1_664' title='bbox 2885 4199 3015 4245; x_wconf 90' lang='lat' dir='ltr'><strong>tunc</strong></span> <span class='ocrx_word' id='word_1_665' title='bbox 3062 4189 3427 4259; x_wconf 89' lang='lat' dir='ltr'><strong>contingeret,</strong></span> <span class='ocrx_word' id='word_1_666' title='bbox 3475 4187 3578 4240; x_wconf 84' lang='lat' dir='ltr'><strong>hoc</strong></span> 
     </span>
    </p>
   </div>
   <div class='ocr_carea' id='block_1_88' title="bbox 1999 4281 3578 4354">
    <p class='ocr_par' dir='ltr' id='par_1_88' title="bbox 1999 4281 3578 4354">
     <span class='ocr_line' id='line_1_88' title="bbox 1999 4281 3578 4354; baseline -0.003 -16"><span class='ocrx_word' id='word_1_667' title='bbox 1999 4285 2401 4352; x_wconf 89' lang='lat' dir='ltr'><strong>reprehendens</strong></span> <span class='ocrx_word' id='word_1_668' title='bbox 2447 4283 2714 4354; x_wconf 79' lang='lat' dir='ltr'><strong>prapheta</strong></span> <span class='ocrx_word' id='word_1_669' title='bbox 2767 4281 2848 4338; x_wconf 91' lang='lat' dir='ltr'><strong>sic</strong></span> <span class='ocrx_word' id='word_1_670' title='bbox 2890 4282 2966 4336; x_wconf 89' lang='lat' dir='ltr'><strong>ait</strong></span> <span class='ocrx_word' id='word_1_671' title='bbox 3001 4301 3014 4336; x_wconf 93' lang='lat'>:</span> <span class='ocrx_word' id='word_1_672' title='bbox 3068 4299 3087 4333; x_wconf 83' lang='grc' dir='ltr'><strong>ι</strong></span> <span class='ocrx_word' id='word_1_673' title='bbox 3121 4281 3224 4350; x_wconf 88' lang='lat' dir='ltr'><strong>Qui</strong></span> <span class='ocrx_word' id='word_1_674' title='bbox 3264 4281 3578 4352; x_wconf 89' lang='lat' dir='ltr'><strong>provocatis</strong></span> 
     </span>
    </p>
   </div>
   <div class='ocr_carea' id='block_1_89' title="bbox 1997 4372 3578 4443">
    <p class='ocr_par' dir='ltr' id='par_1_89' title="bbox 1997 4372 3578 4443">
     <span class='ocr_line' id='line_1_89' title="bbox 1997 4372 3578 4443; baseline -0.001 -16"><span class='ocrx_word' id='word_1_675' title='bbox 1997 4373 2166 4429; x_wconf 89' lang='lat' dir='ltr'><strong>Deum</strong></span> <span class='ocrx_word' id='word_1_676' title='bbox 2207 4375 2261 4429; x_wconf 91' lang='lat' dir='ltr'><strong>in</strong></span> <span class='ocrx_word' id='word_1_677' title='bbox 2315 4373 2666 4430; x_wconf 90' lang='lat' dir='ltr'><strong>sermonibus</strong></span> <span class='ocrx_word' id='word_1_678' title='bbox 2699 4374 2918 4431; x_wconf 80' lang='lat' dir='ltr'><strong>vestris.</strong></span> <span class='ocrx_word' id='word_1_679' title='bbox 2968 4373 3040 4428; x_wconf 87' lang='lat' dir='ltr'><strong>Et</strong></span> <span class='ocrx_word' id='word_1_680' title='bbox 3087 4373 3306 4431; x_wconf 74' lang='lat' dir='ltr'><strong>dixistis</strong></span> <span class='ocrx_word' id='word_1_681' title='bbox 3335 4387 3348 4428; x_wconf 87' lang='lat'><strong>:</strong></span> <span class='ocrx_word' id='word_1_682' title='bbox 3377 4372 3433 4427; x_wconf 92' lang='lat' dir='ltr'><strong>ln</strong></span> <span class='ocrx_word' id='word_1_683' title='bbox 3466 4387 3578 4443; x_wconf 88' lang='lat' dir='ltr'><strong>quo</strong></span> 
     </span>
    </p>
   </div>
   <div class='ocr_carea' id='block_1_90' title="bbox 1997 4464 3574 4536">
    <p class='ocr_par' dir='ltr' id='par_1_90' title="bbox 1997 4464 3574 4536">
     <span class='ocr_line' id='line_1_90' title="bbox 1997 4464 3574 4536; baseline -0.003 -16"><span class='ocrx_word' id='word_1_684' title='bbox 1997 4467 2415 4535; x_wconf 79' lang='lat' dir='ltr'><strong>provocavimus</strong></span> <span class='ocrx_word' id='word_1_685' title='bbox 2444 4480 2568 4520; x_wconf 90' lang='lat' dir='ltr'><strong>eum</strong></span> <span class='ocrx_word' id='word_1_686' title='bbox 2592 4466 2616 4518; x_wconf 81' lang='lat'><strong>?</strong></span> <span class='ocrx_word' id='word_1_687' title='bbox 2643 4464 2701 4520; x_wconf 95' lang='lat' dir='ltr'><strong>ln</strong></span> <span class='ocrx_word' id='word_1_688' title='bbox 2728 4481 2793 4522; x_wconf 91' lang='lat' dir='ltr'><strong>eo</strong></span> <span class='ocrx_word' id='word_1_689' title='bbox 2819 4480 3014 4536; x_wconf 88' lang='lat' dir='ltr'><strong>nempe</strong></span> <span class='ocrx_word' id='word_1_690' title='bbox 3040 4467 3187 4536; x_wconf 92' lang='lat' dir='ltr'><strong>quod</strong></span> <span class='ocrx_word' id='word_1_691' title='bbox 3220 4480 3318 4521; x_wconf 91' lang='lat' dir='ltr'><strong>vos</strong></span> <span class='ocrx_word' id='word_1_692' title='bbox 3341 4465 3525 4519; x_wconf 84' lang='lat' dir='ltr'><strong>dicitis</strong></span> <span class='ocrx_word' id='word_1_693' title='bbox 3558 4477 3574 4515; x_wconf 90' lang='lat'><strong>:</strong></span> 
     </span>
    </p>
   </div>
   <div class='ocr_carea' id='block_1_91' title="bbox 1997 4554 3577 4628">
    <p class='ocr_par' dir='ltr' id='par_1_91' title="bbox 1997 4554 3577 4628">
     <span class='ocr_line' id='line_1_91' title="bbox 1997 4554 3577 4628; baseline -0.003 -16"><span class='ocrx_word' id='word_1_694' title='bbox 1997 4557 2188 4613; x_wconf 87' lang='lat' dir='ltr'><strong>Omnis</strong></span> <span class='ocrx_word' id='word_1_695' title='bbox 2213 4557 2305 4628; x_wconf 89' lang='lat' dir='ltr'><strong>qui</strong></span> <span class='ocrx_word' id='word_1_696' title='bbox 2335 4557 2474 4611; x_wconf 87' lang='lat' dir='ltr'><strong>male</strong></span> <span class='ocrx_word' id='word_1_697' title='bbox 2506 4557 2660 4621; x_wconf 82' lang='lat' dir='ltr'><strong>facit,</strong></span> <span class='ocrx_word' id='word_1_698' title='bbox 2685 4559 2889 4612; x_wconf 90' lang='lat' dir='ltr'><strong>bonum</strong></span> <span class='ocrx_word' id='word_1_699' title='bbox 2917 4565 3000 4612; x_wconf 89' lang='lat' dir='ltr'><strong>est</strong></span> <span class='ocrx_word' id='word_1_700' title='bbox 3022 4571 3207 4611; x_wconf 86' lang='lat' dir='ltr'><strong>coram</strong></span> <span class='ocrx_word' id='word_1_701' title='bbox 3239 4554 3492 4617; x_wconf 90' lang='lat' dir='ltr'><strong>Domino,</strong></span> <span class='ocrx_word' id='word_1_702' title='bbox 3522 4563 3577 4609; x_wconf 89' lang='lat' dir='ltr'><strong>et</strong></span> 
     </span>
    </p>
   </div>
   <div class='ocr_carea' id='block_1_92' title="bbox 1997 4646 3578 4720">
    <p class='ocr_par' dir='ltr' id='par_1_92' title="bbox 1997 4646 3578 4720">
     <span class='ocr_line' id='line_1_92' title="bbox 1997 4646 3578 4720; baseline -0.002 -16"><span class='ocrx_word' id='word_1_703' title='bbox 1997 4652 2052 4705; x_wconf 92' lang='lat' dir='ltr'><strong>in</strong></span> <span class='ocrx_word' id='word_1_704' title='bbox 2104 4651 2189 4705; x_wconf 88' lang='lat' dir='ltr'><strong>his</strong></span> <span class='ocrx_word' id='word_1_705' title='bbox 2220 4650 2336 4720; x_wconf 88' lang='lat' dir='ltr'><strong>ipse</strong></span> <span class='ocrx_word' id='word_1_706' title='bbox 2365 4650 2716 4720; x_wconf 90' lang='lat' dir='ltr'><strong>complacuit.</strong></span> <span class='ocrx_word' id='word_1_707' title='bbox 2768 4649 2836 4704; x_wconf 89' lang='lat' dir='ltr'><strong>Et</strong></span> <span class='ocrx_word' id='word_1_708' title='bbox 2873 4650 3093 4704; x_wconf 87' lang='lat' dir='ltr'><strong>ubinam</strong></span> <span class='ocrx_word' id='word_1_709' title='bbox 3125 4655 3211 4704; x_wconf 86' lang='lat' dir='ltr'><strong>est</strong></span> <span class='ocrx_word' id='word_1_710' title='bbox 3243 4646 3388 4704; x_wconf 90' lang='lat' dir='ltr'><strong>Deus</strong></span> <span class='ocrx_word' id='word_1_711' title='bbox 3412 4647 3578 4718; x_wconf 84' lang='lat' dir='ltr'><strong>justi-</strong></span> 
     </span>
    </p>
   </div>
   <div class='ocr_carea' id='block_1_93' title="bbox 290 4725 1891 4814">
    <p class='ocr_par' dir='ltr' id='par_1_93' title="bbox 290 4733 1890 4814">
     <span class='ocr_line' id='line_1_93' title="bbox 290 4733 1890 4814; baseline -0.005 -20"><span class='ocrx_word' id='word_1_712' title='bbox 290 4745 317 4794; x_wconf 71' lang='lat'><strong>5</strong></span> <span class='ocrx_word' id='word_1_713' title='bbox 354 4744 500 4806; x_wconf 86' lang='grc' dir='ltr'>Θεὸς</span> <span class='ocrx_word' id='word_1_714' title='bbox 532 4743 633 4814; x_wconf 84' lang='grc' dir='ltr'>τῆς</span> <span class='ocrx_word' id='word_1_715' title='bbox 682 4740 1058 4810; x_wconf 86' lang='grc' dir='ltr'>δικαιοσύνης;</span> <span class='ocrx_word' id='word_1_716' title='bbox 1101 4757 1120 4789; x_wconf 77' lang='grc' dir='ltr'><strong>ι</strong></span> <span class='ocrx_word' id='word_1_717' title='bbox 1163 4736 1323 4790; x_wconf 78' lang='grc' dir='ltr'>Ἀλλὰ</span> <span class='ocrx_word' id='word_1_718' title='bbox 1368 4735 1476 4805; x_wconf 82' lang='grc' dir='ltr'>γὰρ</span> <span class='ocrx_word' id='word_1_719' title='bbox 1514 4733 1633 4787; x_wconf 74' lang='grc' dir='ltr'>οὐδὲ</span> <span class='ocrx_word' id='word_1_720' title='bbox 1677 4733 1890 4804; x_wconf 65' lang='grc' dir='ltr'>εκείνην</span> 
     </span>
    </p>
   </div>
   <div class='ocr_carea' id='block_1_94' title="bbox 1993 4725 3575 4814">
    <p class='ocr_par' dir='ltr' id='par_1_94' title="bbox 1997 4741 3575 4814">
     <span class='ocr_line' id='line_1_94' title="bbox 1997 4741 3575 4814; baseline -0.001 -17"><span class='ocrx_word' id='word_1_721' title='bbox 1997 4744 2122 4798; x_wconf 83' lang='lat' dir='ltr'><strong>tiae?</strong></span> <span class='ocrx_word' id='word_1_722' title='bbox 2158 4763 2175 4795; x_wconf 78' lang='grc' dir='ltr'><strong>ι</strong></span> <span class='ocrx_word' id='word_1_723' title='bbox 2215 4742 2323 4798; x_wconf 89' lang='lat' dir='ltr'><strong>Sed</strong></span> <span class='ocrx_word' id='word_1_724' title='bbox 2371 4758 2437 4798; x_wconf 88' lang='lat' dir='ltr'><strong>ne</strong></span> <span class='ocrx_word' id='word_1_725' title='bbox 2492 4742 2638 4796; x_wconf 86' lang='lat' dir='ltr'><strong>illam</strong></span> <span class='ocrx_word' id='word_1_726' title='bbox 2668 4743 2889 4813; x_wconf 88' lang='lat' dir='ltr'><strong>quidem</strong></span> <span class='ocrx_word' id='word_1_727' title='bbox 2922 4741 3338 4814; x_wconf 84' lang='lat' dir='ltr'><strong>praetermittam</strong></span> <span class='ocrx_word' id='word_1_728' title='bbox 3377 4741 3575 4811; x_wconf 82' lang='lat' dir='ltr'><strong>impie-</strong></span> 
     </span>
    </p>
   </div>
   <div class='ocr_carea' id='block_1_95' title="bbox 292 4822 1896 4905">
    <p class='ocr_par' dir='ltr' id='par_1_95' title="bbox 292 4822 1896 4905">
     <span class='ocr_line' id='line_1_95' title="bbox 292 4822 1896 4905; baseline -0.007 -17"><span class='ocrx_word' id='word_1_729' title='bbox 292 4835 456 4905; x_wconf 75' lang='grc' dir='ltr'><strong>ὗμῶν</strong></span> <span class='ocrx_word' id='word_1_730' title='bbox 492 4835 732 4905; x_wconf 79' lang='grc' dir='ltr'>παρήσω</span> <span class='ocrx_word' id='word_1_731' title='bbox 752 4832 850 4904; x_wconf 84' lang='grc' dir='ltr'>τὴν</span> <span class='ocrx_word' id='word_1_732' title='bbox 875 4831 1150 4894; x_wconf 83' lang='grc' dir='ltr'>ἀσέϐειαν,</span> <span class='ocrx_word' id='word_1_733' title='bbox 1177 4830 1262 4897; x_wconf 75' lang='grc' dir='ltr'><strong>ἐφ’</strong></span> <span class='ocrx_word' id='word_1_734' title='bbox 1291 4822 1436 4898; x_wconf 84' lang='grc' dir='ltr'>ᾗπερ</span> <span class='ocrx_word' id='word_1_735' title='bbox 1476 4828 1555 4889; x_wconf 80' lang='grc' dir='ltr'><strong>είς</strong></span> <span class='ocrx_word' id='word_1_736' title='bbox 1583 4825 1896 4896; x_wconf 80' lang='grc' dir='ltr'>ἀγανάκτη-</span> 
     </span>
    </p>
   </div>
   <div class='ocr_carea' id='block_1_96' title="bbox 290 4918 1893 4985">
    <p class='ocr_par' dir='ltr' id='par_1_96' title="bbox 290 4918 1893 4985">
     <span class='ocr_line' id='line_1_96' title="bbox 290 4918 1893 4985; baseline -0.007 -3"><span class='ocrx_word' id='word_1_737' title='bbox 290 4944 380 4982; x_wconf 71' lang='grc' dir='ltr'>ςιν</span> <span class='ocrx_word' id='word_1_738' title='bbox 410 4925 540 4980; x_wconf 83' lang='grc' dir='ltr'>καθ’</span> <span class='ocrx_word' id='word_1_739' title='bbox 567 4923 779 4980; x_wconf 73' lang='grc' dir='ltr'>ἑαυτῶν</span> <span class='ocrx_word' id='word_1_740' title='bbox 816 4922 1096 4985; x_wconf 82' lang='grc' dir='ltr'>κινοῦντες</span> <span class='ocrx_word' id='word_1_741' title='bbox 1124 4920 1214 4974; x_wconf 83' lang='grc' dir='ltr'><strong>τὸν</strong></span> <span class='ocrx_word' id='word_1_742' title='bbox 1247 4920 1381 4974; x_wconf 82' lang='grc' dir='ltr'>Θεὸν</span> <span class='ocrx_word' id='word_1_743' title='bbox 1406 4919 1506 4973; x_wconf 83' lang='grc' dir='ltr'>οὐκ</span> <span class='ocrx_word' id='word_1_744' title='bbox 1541 4918 1859 4973; x_wconf 82' lang='grc' dir='ltr'>αἰσθάνεσθε</span> <span class='ocrx_word' id='word_1_745' title='bbox 1879 4936 1893 4948; x_wconf 75' lang='grc' dir='ltr'><strong><em>ο</em></strong></span> 
     </span>
    </p>
   </div>
   <div class='ocr_carea' id='block_1_97' title="bbox 294 5008 1886 5088">
    <p class='ocr_par' dir='ltr' id='par_1_97' title="bbox 294 5008 1886 5088">
     <span class='ocr_line' id='line_1_97' title="bbox 294 5008 1886 5088; baseline -0.007 -16"><span class='ocrx_word' id='word_1_746' title='bbox 294 5020 361 5072; x_wconf 79' lang='grc' dir='ltr'>τὸ</span> <span class='ocrx_word' id='word_1_747' title='bbox 409 5019 546 5088; x_wconf 82' lang='grc' dir='ltr'>γάρ,</span> <span class='ocrx_word' id='word_1_748' title='bbox 603 5036 624 5070; x_wconf 74' lang='grc' dir='ltr'><strong>ι</strong></span> <span class='ocrx_word' id='word_1_749' title='bbox 673 5017 785 5070; x_wconf 81' lang='grc' dir='ltr'><strong>Καί</strong></span> <span class='ocrx_word' id='word_1_750' title='bbox 837 5017 1046 5079; x_wconf 76' lang='grc' dir='ltr'>εἴπατε,</span> <span class='ocrx_word' id='word_1_751' title='bbox 1094 5015 1182 5066; x_wconf 88' lang='grc' dir='ltr'>Ἐν</span> <span class='ocrx_word' id='word_1_752' title='bbox 1214 5013 1318 5066; x_wconf 88' lang='grc' dir='ltr'>τίνι</span> <span class='ocrx_word' id='word_1_753' title='bbox 1353 5009 1748 5082; x_wconf 76' lang='grc' dir='ltr'>παρωξύναμεν</span> <span class='ocrx_word' id='word_1_754' title='bbox 1783 5008 1886 5062; x_wconf 75' lang='grc' dir='ltr'><strong>αὐο</strong></span> 
     </span>
    </p>
   </div>
   <div class='ocr_carea' id='block_1_98' title="bbox 294 5097 1891 5175">
    <p class='ocr_par' dir='ltr' id='par_1_98' title="bbox 294 5097 1891 5175">
     <span class='ocr_line' id='line_1_98' title="bbox 294 5097 1891 5175; baseline -0.009 -11"><span class='ocrx_word' id='word_1_755' title='bbox 294 5112 397 5164; x_wconf 84' lang='grc' dir='ltr'><strong>τόν</strong></span> <span class='ocrx_word' id='word_1_756' title='bbox 419 5128 436 5175; x_wconf 88' lang='lat'><strong>;</strong></span> <span class='ocrx_word' id='word_1_757' title='bbox 479 5127 498 5160; x_wconf 77' lang='grc' dir='ltr'><strong>ι</strong></span> <span class='ocrx_word' id='word_1_758' title='bbox 523 5107 805 5162; x_wconf 75' lang='grc' dir='ltr'>κάνταῦθα</span> <span class='ocrx_word' id='word_1_759' title='bbox 833 5107 926 5158; x_wconf 75' lang='grc' dir='ltr'><strong>ἐπὶ</strong></span> <span class='ocrx_word' id='word_1_760' title='bbox 943 5106 1042 5173; x_wconf 80' lang='grc' dir='ltr'>τῆς</span> <span class='ocrx_word' id='word_1_761' title='bbox 1061 5103 1350 5163; x_wconf 84' lang='grc' dir='ltr'>διαθέσεως</span> <span class='ocrx_word' id='word_1_762' title='bbox 1371 5100 1691 5168; x_wconf 78' lang='grc' dir='ltr'>αἰτιώμενος</span> <span class='ocrx_word' id='word_1_763' title='bbox 1721 5097 1891 5165; x_wconf 75' lang='grc' dir='ltr'>λέγει,</span> 
     </span>
    </p>
   </div>
   <div class='ocr_carea' id='block_1_99' title="bbox 298 5185 1897 5270">
    <p class='ocr_par' dir='ltr' id='par_1_99' title="bbox 298 5185 1897 5270">
     <span class='ocr_line' id='line_1_99' title="bbox 298 5185 1897 5270; baseline -0.009 -17"><span class='ocrx_word' id='word_1_764' title='bbox 298 5202 398 5270; x_wconf 86' lang='lat' dir='ltr'><strong>(p.</strong></span> <span class='ocrx_word' id='word_1_765' title='bbox 439 5197 578 5266; x_wconf 85' lang='lat'><strong>559)</strong></span> <span class='ocrx_word' id='word_1_766' title='bbox 609 5197 686 5258; x_wconf 83' lang='grc' dir='ltr'>ὡς</span> <span class='ocrx_word' id='word_1_767' title='bbox 715 5195 836 5248; x_wconf 72' lang='grc' dir='ltr'>οὐδὲ</span> <span class='ocrx_word' id='word_1_768' title='bbox 859 5192 954 5246; x_wconf 77' lang='grc' dir='ltr'><strong>τοῦ</strong></span> <span class='ocrx_word' id='word_1_769' title='bbox 985 5192 1201 5244; x_wconf 76' lang='grc' dir='ltr'>ἀσεϐεῖν</span> <span class='ocrx_word' id='word_1_770' title='bbox 1244 5191 1336 5242; x_wconf 75' lang='grc' dir='ltr'><strong>ἐπὶ</strong></span> <span class='ocrx_word' id='word_1_771' title='bbox 1363 5188 1620 5249; x_wconf 83' lang='grc' dir='ltr'>τοιούτοις</span> <span class='ocrx_word' id='word_1_772' title='bbox 1649 5185 1897 5255; x_wconf 81' lang='grc' dir='ltr'>αίσθησιν</span> 
     </span>
    </p>
   </div>
   <div class='ocr_carea' id='block_1_100' title="bbox 299 5279 1896 5361">
    <p class='ocr_par' dir='ltr' id='par_1_100' title="bbox 299 5279 1896 5361">
     <span class='ocr_line' id='line_1_100' title="bbox 299 5279 1896 5361; baseline -0.01 -17"><span class='ocrx_word' id='word_1_773' title='bbox 299 5293 554 5361; x_wconf 71' lang='grc' dir='ltr'>ἔχοντες.</span> <span class='ocrx_word' id='word_1_774' title='bbox 590 5286 658 5339; x_wconf 85' lang='grc' dir='ltr'>Τί</span> <span class='ocrx_word' id='word_1_775' title='bbox 687 5287 746 5338; x_wconf 79' lang='grc' dir='ltr'>δὲ</span> <span class='ocrx_word' id='word_1_776' title='bbox 789 5282 856 5355; x_wconf 77' lang='grc' dir='ltr'>ἦν</span> <span class='ocrx_word' id='word_1_777' title='bbox 885 5285 946 5336; x_wconf 84' lang='grc' dir='ltr'><strong>τὺ</strong></span> <span class='ocrx_word' id='word_1_778' title='bbox 989 5282 1246 5353; x_wconf 85' lang='grc' dir='ltr'>ἀσέϐημα</span> <span class='ocrx_word' id='word_1_779' title='bbox 1291 5280 1486 5350; x_wconf 82' lang='grc' dir='ltr'>δηλῶν,</span> <span class='ocrx_word' id='word_1_780' title='bbox 1516 5279 1676 5343; x_wconf 78' lang='grc' dir='ltr'>Φατὲ,</span> <span class='ocrx_word' id='word_1_781' title='bbox 1714 5279 1896 5348; x_wconf 72' lang='grc' dir='ltr'>φησὶν,</span> 
     </span>
    </p>
   </div>
   <div class='ocr_carea' id='block_1_101' title="bbox 298 5371 1900 5452">
    <p class='ocr_par' dir='ltr' id='par_1_101' title="bbox 298 5371 1900 5452">
     <span class='ocr_line' id='line_1_101' title="bbox 298 5371 1900 5452; baseline -0.011 -14"><span class='ocrx_word' id='word_1_782' title='bbox 298 5387 390 5438; x_wconf 76' lang='grc' dir='ltr'>ὅτι</span> <span class='ocrx_word' id='word_1_783' title='bbox 432 5383 610 5436; x_wconf 76' lang='grc' dir='ltr'>ἔοικεν</span> <span class='ocrx_word' id='word_1_784' title='bbox 640 5379 972 5452; x_wconf 72' lang='grc' dir='ltr'>ἀρέσκεσθαι</span> <span class='ocrx_word' id='word_1_785' title='bbox 1000 5378 1113 5438; x_wconf 83' lang='grc' dir='ltr'>τοῖς</span> <span class='ocrx_word' id='word_1_786' title='bbox 1141 5375 1209 5428; x_wconf 82' lang='grc' dir='ltr'>τὰ</span> <span class='ocrx_word' id='word_1_787' title='bbox 1243 5375 1386 5428; x_wconf 75' lang='grc' dir='ltr'>κακὰ</span> <span class='ocrx_word' id='word_1_788' title='bbox 1417 5371 1900 5442; x_wconf 83' lang='grc' dir='ltr'>διαπραττομένοις</span> 
     </span>
    </p>
   </div>
   <div class='ocr_carea' id='block_1_102' title="bbox 301 5458 1906 5538">
    <p class='ocr_par' dir='ltr' id='par_1_102' title="bbox 301 5458 1906 5538">
     <span class='ocr_line' id='line_1_102' title="bbox 301 5458 1906 5538; baseline -0.009 -12"><span class='ocrx_word' id='word_1_789' title='bbox 301 5477 331 5526; x_wconf 87' lang='grc' dir='ltr'>ὁ</span> <span class='ocrx_word' id='word_1_790' title='bbox 361 5472 538 5535; x_wconf 72' lang='grc' dir='ltr'>Θεόςσ</span> <span class='ocrx_word' id='word_1_791' title='bbox 577 5472 674 5524; x_wconf 87' lang='grc' dir='ltr'>καὶ</span> <span class='ocrx_word' id='word_1_792' title='bbox 703 5469 865 5522; x_wconf 73' lang='grc' dir='ltr'>τοῦτο</span> <span class='ocrx_word' id='word_1_793' title='bbox 892 5467 1049 5538; x_wconf 82' lang='grc' dir='ltr'>δῆλον</span> <span class='ocrx_word' id='word_1_794' title='bbox 1086 5466 1145 5532; x_wconf 74' lang='grc' dir='ltr'>ἐξ</span> <span class='ocrx_word' id='word_1_795' title='bbox 1185 5458 1264 5518; x_wconf 78' lang='grc' dir='ltr'>ὧν</span> <span class='ocrx_word' id='word_1_796' title='bbox 1307 5465 1399 5516; x_wconf 71' lang='grc' dir='ltr'><strong>ἐπὶ</strong></span> <span class='ocrx_word' id='word_1_797' title='bbox 1424 5462 1696 5522; x_wconf 80' lang='grc' dir='ltr'>τοιαύταις</span> <span class='ocrx_word' id='word_1_798' title='bbox 1728 5460 1906 5529; x_wconf 79' lang='grc' dir='ltr'>πλημ-</span> 
     </span>
    </p>
   </div>
   <div class='ocr_carea' id='block_1_103' title="bbox 1994 4832 3576 4906">
    <p class='ocr_par' dir='ltr' id='par_1_103' title="bbox 1994 4832 3576 4906">
     <span class='ocr_line' id='line_1_103' title="bbox 1994 4832 3576 4906; baseline -0.002 -17"><span class='ocrx_word' id='word_1_799' title='bbox 1994 4844 2159 4891; x_wconf 85' lang='lat' dir='ltr'><strong>tatem</strong></span> <span class='ocrx_word' id='word_1_800' title='bbox 2195 4845 2455 4900; x_wconf 87' lang='lat' dir='ltr'><strong>vestram,</strong></span> <span class='ocrx_word' id='word_1_801' title='bbox 2489 4851 2596 4906; x_wconf 87' lang='lat' dir='ltr'><strong>qua</strong></span> <span class='ocrx_word' id='word_1_802' title='bbox 2635 4850 2734 4891; x_wconf 90' lang='lat' dir='ltr'><strong>vos</strong></span> <span class='ocrx_word' id='word_1_803' title='bbox 2777 4836 3004 4892; x_wconf 90' lang='lat' dir='ltr'><strong>nescitis</strong></span> <span class='ocrx_word' id='word_1_804' title='bbox 3033 4844 3370 4905; x_wconf 82' lang='lat' dir='ltr'><strong>quantopere</strong></span> <span class='ocrx_word' id='word_1_805' title='bbox 3404 4832 3576 4888; x_wconf 90' lang='lat' dir='ltr'><strong>Deum</strong></span> 
     </span>
    </p>
   </div>
   <div class='ocr_carea' id='block_1_104' title="bbox 1995 4925 3573 4996">
    <p class='ocr_par' dir='ltr' id='par_1_104' title="bbox 1995 4925 3573 4996">
     <span class='ocr_line' id='line_1_104' title="bbox 1995 4925 3573 4996; baseline -0.003 -15"><span class='ocrx_word' id='word_1_806' title='bbox 1995 4928 2357 4996; x_wconf 83' lang='lat' dir='ltr'><strong>exasperetis.</strong></span> <span class='ocrx_word' id='word_1_807' title='bbox 2385 4925 2518 4980; x_wconf 80' lang='lat' dir='ltr'><strong>Nam</strong></span> <span class='ocrx_word' id='word_1_808' title='bbox 2552 4928 2792 4993; x_wconf 72' lang='lat' dir='ltr'><strong>verbis,c</strong></span> <span class='ocrx_word' id='word_1_809' title='bbox 2824 4927 2890 4981; x_wconf 89' lang='lat' dir='ltr'><strong>Et</strong></span> <span class='ocrx_word' id='word_1_810' title='bbox 2923 4926 3142 4983; x_wconf 80' lang='lat' dir='ltr'><strong>dixistis</strong></span> <span class='ocrx_word' id='word_1_811' title='bbox 3171 4943 3185 4980; x_wconf 87' lang='lat'><strong>:</strong></span> <span class='ocrx_word' id='word_1_812' title='bbox 3219 4927 3276 4980; x_wconf 91' lang='lat' dir='ltr'><strong>ln</strong></span> <span class='ocrx_word' id='word_1_813' title='bbox 3308 4940 3420 4995; x_wconf 90' lang='lat' dir='ltr'><strong>quo</strong></span> <span class='ocrx_word' id='word_1_814' title='bbox 3446 4939 3573 4979; x_wconf 92' lang='lat' dir='ltr'><strong>eum</strong></span> 
     </span>
    </p>
   </div>
   <div class='ocr_carea' id='block_1_105' title="bbox 1997 5015 3577 5086">
    <p class='ocr_par' dir='ltr' id='par_1_105' title="bbox 1997 5015 3577 5086">
     <span class='ocr_line' id='line_1_105' title="bbox 1997 5015 3577 5086; baseline -0.001 -18"><span class='ocrx_word' id='word_1_815' title='bbox 1997 5016 2450 5086; x_wconf 88' lang='lat' dir='ltr'><strong>provocavimus?</strong></span> <span class='ocrx_word' id='word_1_816' title='bbox 2480 5034 2500 5067; x_wconf 76' lang='grc' dir='ltr'><strong>ι</strong></span> <span class='ocrx_word' id='word_1_817' title='bbox 2536 5015 2624 5071; x_wconf 90' lang='lat' dir='ltr'><strong>hic</strong></span> <span class='ocrx_word' id='word_1_818' title='bbox 2659 5019 2866 5085; x_wconf 89' lang='lat' dir='ltr'><strong>pariter</strong></span> <span class='ocrx_word' id='word_1_819' title='bbox 2895 5017 3114 5072; x_wconf 87' lang='lat' dir='ltr'><strong>illorum</strong></span> <span class='ocrx_word' id='word_1_820' title='bbox 3147 5016 3392 5070; x_wconf 89' lang='lat' dir='ltr'><strong>animum</strong></span> <span class='ocrx_word' id='word_1_821' title='bbox 3417 5029 3577 5068; x_wconf 85' lang='lat' dir='ltr'><strong>accu-</strong></span> 
     </span>
    </p>
   </div>
   <div class='ocr_carea' id='block_1_106' title="bbox 1999 5107 3574 5179">
    <p class='ocr_par' dir='ltr' id='par_1_106' title="bbox 1999 5107 3574 5179">
     <span class='ocr_line' id='line_1_106' title="bbox 1999 5107 3574 5179; baseline -0.001 -18"><span class='ocrx_word' id='word_1_822' title='bbox 1999 5118 2105 5173; x_wconf 90' lang='lat' dir='ltr'><strong>sat,</strong></span> <span class='ocrx_word' id='word_1_823' title='bbox 2157 5123 2256 5161; x_wconf 89' lang='lat' dir='ltr'><strong>ceu</strong></span> <span class='ocrx_word' id='word_1_824' title='bbox 2306 5107 2398 5177; x_wconf 90' lang='lat' dir='ltr'><strong>qui</strong></span> <span class='ocrx_word' id='word_1_825' title='bbox 2451 5108 2532 5162; x_wconf 88' lang='lat' dir='ltr'><strong>sic</strong></span> <span class='ocrx_word' id='word_1_826' title='bbox 2584 5108 2876 5178; x_wconf 87' lang='lat' dir='ltr'><strong>loquendo,</strong></span> <span class='ocrx_word' id='word_1_827' title='bbox 2932 5108 3131 5179; x_wconf 89' lang='lat' dir='ltr'><strong>impios</strong></span> <span class='ocrx_word' id='word_1_828' title='bbox 3181 5122 3242 5163; x_wconf 87' lang='lat' dir='ltr'><strong>se</strong></span> <span class='ocrx_word' id='word_1_829' title='bbox 3297 5121 3419 5162; x_wconf 88' lang='lat' dir='ltr'><strong>esse</strong></span> <span class='ocrx_word' id='word_1_830' title='bbox 3465 5121 3574 5161; x_wconf 91' lang='lat' dir='ltr'><strong>non</strong></span> 
     </span>
    </p>
   </div>
   <div class='ocr_carea' id='block_1_107' title="bbox 1995 5198 3572 5271">
    <p class='ocr_par' dir='ltr' id='par_1_107' title="bbox 1995 5198 3572 5271">
     <span class='ocr_line' id='line_1_107' title="bbox 1995 5198 3572 5271; baseline -0.001 -16"><span class='ocrx_word' id='word_1_831' title='bbox 1995 5201 2279 5255; x_wconf 87' lang='lat' dir='ltr'><strong>sentirent.</strong></span> <span class='ocrx_word' id='word_1_832' title='bbox 2340 5198 2404 5252; x_wconf 86' lang='lat' dir='ltr'><strong>Et</strong></span> <span class='ocrx_word' id='word_1_833' title='bbox 2439 5214 2688 5269; x_wconf 83' lang='lat' dir='ltr'><strong>quaenam</strong></span> <span class='ocrx_word' id='word_1_834' title='bbox 2735 5210 2884 5255; x_wconf 87' lang='lat' dir='ltr'><strong>esset</strong></span> <span class='ocrx_word' id='word_1_835' title='bbox 2919 5201 3194 5271; x_wconf 84' lang='lat' dir='ltr'><strong>impietas,</strong></span> <span class='ocrx_word' id='word_1_836' title='bbox 3247 5199 3572 5254; x_wconf 87' lang='lat' dir='ltr'><strong>declarans:</strong></span> 
     </span>
    </p>
   </div>
   <div class='ocr_carea' id='block_1_108' title="bbox 1996 5287 3577 5361">
    <p class='ocr_par' dir='ltr' id='par_1_108' title="bbox 1996 5287 3577 5361">
     <span class='ocr_line' id='line_1_108' title="bbox 1996 5287 3577 5361; baseline 0 -19"><span class='ocrx_word' id='word_1_837' title='bbox 1996 5289 2210 5352; x_wconf 86' lang='lat' dir='ltr'><strong>Dicitis,</strong></span> <span class='ocrx_word' id='word_1_838' title='bbox 2244 5289 2441 5359; x_wconf 90' lang='lat' dir='ltr'><strong>inquit,</strong></span> <span class='ocrx_word' id='word_1_839' title='bbox 2475 5291 2648 5344; x_wconf 89' lang='lat' dir='ltr'><strong>videri</strong></span> <span class='ocrx_word' id='word_1_840' title='bbox 2689 5287 2858 5343; x_wconf 91' lang='lat' dir='ltr'><strong>Deum</strong></span> <span class='ocrx_word' id='word_1_841' title='bbox 2892 5289 3152 5345; x_wconf 87' lang='lat' dir='ltr'><strong>delectari</strong></span> <span class='ocrx_word' id='word_1_842' title='bbox 3189 5290 3329 5345; x_wconf 82' lang='lat' dir='ltr'><strong>male</strong></span> <span class='ocrx_word' id='word_1_843' title='bbox 3362 5288 3577 5361; x_wconf 82' lang='lat' dir='ltr'><strong>agenti-</strong></span> 
     </span>
    </p>
   </div>
   <div class='ocr_carea' id='block_1_109' title="bbox 1996 5379 3576 5453">
    <p class='ocr_par' dir='ltr' id='par_1_109' title="bbox 1996 5379 3576 5453">
     <span class='ocr_line' id='line_1_109' title="bbox 1996 5379 3576 5453; baseline 0 -19"><span class='ocrx_word' id='word_1_844' title='bbox 1996 5381 2135 5446; x_wconf 88' lang='lat' dir='ltr'><strong>bus;</strong></span> <span class='ocrx_word' id='word_1_845' title='bbox 2186 5380 2351 5448; x_wconf 91' lang='lat' dir='ltr'><strong>idque</strong></span> <span class='ocrx_word' id='word_1_846' title='bbox 2380 5379 2508 5435; x_wconf 87' lang='lat' dir='ltr'><strong>inde</strong></span> <span class='ocrx_word' id='word_1_847' title='bbox 2552 5394 2836 5450; x_wconf 87' lang='lat' dir='ltr'><strong>apparere,</strong></span> <span class='ocrx_word' id='word_1_848' title='bbox 2877 5379 3025 5450; x_wconf 92' lang='lat' dir='ltr'><strong>quod</strong></span> <span class='ocrx_word' id='word_1_849' title='bbox 3073 5381 3144 5436; x_wconf 91' lang='lat' dir='ltr'><strong>ob</strong></span> <span class='ocrx_word' id='word_1_850' title='bbox 3185 5381 3312 5434; x_wconf 87' lang='lat' dir='ltr'><strong>talia</strong></span> <span class='ocrx_word' id='word_1_851' title='bbox 3347 5389 3576 5453; x_wconf 81' lang='lat' dir='ltr'><strong>peccata</strong></span> 
     </span>
    </p>
   </div>
   <div class='ocr_carea' id='block_1_110' title="bbox 1997 5471 3574 5543">
    <p class='ocr_par' dir='ltr' id='par_1_110' title="bbox 1997 5471 3574 5543">
     <span class='ocr_line' id='line_1_110' title="bbox 1997 5471 3574 5543; baseline 0 -17"><span class='ocrx_word' id='word_1_852' title='bbox 1997 5485 2188 5540; x_wconf 77' lang='lat' dir='ltr'><strong>poenas</strong></span> <span class='ocrx_word' id='word_1_853' title='bbox 2216 5471 2465 5525; x_wconf 83' lang='lat' dir='ltr'><strong>homines</strong></span> <span class='ocrx_word' id='word_1_854' title='bbox 2495 5487 2600 5525; x_wconf 91' lang='lat' dir='ltr'><strong>non</strong></span> <span class='ocrx_word' id='word_1_855' title='bbox 2631 5472 2966 5542; x_wconf 85' lang='lat' dir='ltr'><strong>persolvant.</strong></span> <span class='ocrx_word' id='word_1_856' title='bbox 2993 5471 3147 5540; x_wconf 83' lang='lat' dir='ltr'><strong>Quod</strong></span> <span class='ocrx_word' id='word_1_857' title='bbox 3181 5473 3226 5527; x_wconf 91' lang='lat' dir='ltr'><strong>si</strong></span> <span class='ocrx_word' id='word_1_858' title='bbox 3259 5472 3400 5528; x_wconf 81' lang='lat' dir='ltr'><strong>Deus</strong></span> <span class='ocrx_word' id='word_1_859' title='bbox 3429 5472 3574 5543; x_wconf 83' lang='lat' dir='ltr'><strong>juris</strong></span> 
     </span>
    </p>
   </div>
   <div class='ocr_carea' id='block_1_111' title="bbox 307 5547 1908 5636">
    <p class='ocr_par' dir='ltr' id='par_1_111' title="bbox 307 5547 1908 5636">
     <span class='ocr_line' id='line_1_111' title="bbox 307 5547 1908 5636; baseline -0.011 -18"><span class='ocrx_word' id='word_1_860' title='bbox 307 5564 568 5636; x_wconf 81' lang='grc' dir='ltr'>μελείαις</span> <span class='ocrx_word' id='word_1_861' title='bbox 601 5562 663 5615; x_wconf 84' lang='grc' dir='ltr'>οὐ</span> <span class='ocrx_word' id='word_1_862' title='bbox 712 5560 952 5614; x_wconf 88' lang='grc' dir='ltr'>διδόασιν</span> <span class='ocrx_word' id='word_1_863' title='bbox 987 5557 1262 5628; x_wconf 78' lang='grc' dir='ltr'>ἂνθρωποι</span> <span class='ocrx_word' id='word_1_864' title='bbox 1308 5556 1463 5615; x_wconf 86' lang='grc' dir='ltr'>δίκας</span> <span class='ocrx_word' id='word_1_865' title='bbox 1486 5570 1498 5582; x_wconf 85' lang='grc'><strong>·</strong></span> <span class='ocrx_word' id='word_1_866' title='bbox 1544 5551 1717 5605; x_wconf 81' lang='grc' dir='ltr'>καίτοι</span> <span class='ocrx_word' id='word_1_867' title='bbox 1747 5566 1811 5619; x_wconf 86' lang='grc' dir='ltr'><strong>γε</strong></span> <span class='ocrx_word' id='word_1_868' title='bbox 1855 5547 1908 5602; x_wconf 84' lang='grc' dir='ltr'><strong>εί</strong></span> 
     </span>
    </p>
   </div>
   <div class='ocr_carea' id='block_1_112' title="bbox 305 5641 1911 5722">
    <p class='ocr_par' dir='ltr' id='par_1_112' title="bbox 305 5641 1911 5722">
     <span class='ocr_line' id='line_1_112' title="bbox 305 5641 1911 5722; baseline -0.009 -12"><span class='ocrx_word' id='word_1_869' title='bbox 305 5673 400 5719; x_wconf 86' lang='grc' dir='ltr'><strong>τις</strong></span> <span class='ocrx_word' id='word_1_870' title='bbox 447 5654 604 5722; x_wconf 71' lang='grc' dir='ltr'>λόγος</span> <span class='ocrx_word' id='word_1_871' title='bbox 641 5650 738 5705; x_wconf 80' lang='grc' dir='ltr'>τοῦ</span> <span class='ocrx_word' id='word_1_872' title='bbox 781 5650 992 5703; x_wconf 88' lang='grc' dir='ltr'>δικαίου</span> <span class='ocrx_word' id='word_1_873' title='bbox 1021 5648 1097 5718; x_wconf 84' lang='grc' dir='ltr'><strong>τῷ</strong></span> <span class='ocrx_word' id='word_1_874' title='bbox 1127 5647 1264 5716; x_wconf 81' lang='grc' dir='ltr'>Θεῷ,</span> <span class='ocrx_word' id='word_1_875' title='bbox 1299 5644 1682 5716; x_wconf 87' lang='grc' dir='ltr'>προσηκόντως</span> <span class='ocrx_word' id='word_1_876' title='bbox 1712 5643 1776 5694; x_wconf 80' lang='grc' dir='ltr'>ἂν</span> <span class='ocrx_word' id='word_1_877' title='bbox 1810 5641 1911 5697; x_wconf 80' lang='grc' dir='ltr'><strong>αὺ-</strong></span> 
     </span>
    </p>
   </div>
   <div class='ocr_carea' id='block_1_113' title="bbox 306 5729 1719 5811">
    <p class='ocr_par' dir='ltr' id='par_1_113' title="bbox 306 5729 1719 5811">
     <span class='ocr_line' id='line_1_113' title="bbox 306 5729 1719 5811; baseline -0.013 -8"><span class='ocrx_word' id='word_1_878' title='bbox 306 5751 438 5811; x_wconf 72' lang='grc' dir='ltr'>τοῖς</span> <span class='ocrx_word' id='word_1_879' title='bbox 477 5747 696 5800; x_wconf 80' lang='grc' dir='ltr'>κόλασιν</span> <span class='ocrx_word' id='word_1_880' title='bbox 725 5741 1073 5810; x_wconf 77' lang='grc' dir='ltr'>ὑπαγαγόντι</span> <span class='ocrx_word' id='word_1_881' title='bbox 1103 5741 1200 5808; x_wconf 75' lang='grc' dir='ltr'>τὴν</span> <span class='ocrx_word' id='word_1_882' title='bbox 1224 5741 1476 5807; x_wconf 77' lang='grc' dir='ltr'>ἐσχάτην.</span> <span class='ocrx_word' id='word_1_883' title='bbox 1507 5735 1569 5788; x_wconf 79' lang='grc' dir='ltr'>Τί</span> <span class='ocrx_word' id='word_1_884' title='bbox 1596 5729 1719 5801; x_wconf 78' lang='grc' dir='ltr'>οὖν;</span> 
     </span>
    </p>
   </div>
   <div class='ocr_carea' id='block_1_114' title="bbox 651 5839 1891 5916">
    <p class='ocr_par' dir='ltr' id='par_1_114' title="bbox 651 5850 1337 5916">
     <span class='ocr_line' id='line_1_114' title="bbox 651 5850 1337 5916; baseline -0.009 -1"><span class='ocrx_word' id='word_1_885' title='bbox 651 5858 927 5916; x_wconf 58' lang='grc' dir='ltr'>Ριιτιιοιι.</span> <span class='ocrx_word' id='word_1_886' title='bbox 979 5853 1093 5912; x_wconf 79' lang='lat' dir='ltr'><strong>Gn.</strong></span> <span class='ocrx_word' id='word_1_887' title='bbox 1140 5850 1337 5914; x_wconf 68' lang='lat' dir='ltr'><strong>LXVI.</strong></span> 
     </span>
    </p>
   </div>
   <div class='ocr_carea' id='block_1_115' title="bbox 1993 5839 3376 5916">
    <p class='ocr_par' dir='ltr' id='par_1_115' title="bbox 2720 5839 3376 5899">
     <span class='ocr_line' id='line_1_115' title="bbox 2720 5839 3376 5899; baseline -0.006 0"><span class='ocrx_word' id='word_1_888' title='bbox 2720 5883 2734 5899; x_wconf 94' lang='lat'><strong>.</strong></span> <span class='ocrx_word' id='word_1_889' title='bbox 3298 5839 3376 5895; x_wconf 80' lang='lat'><strong>20</strong></span> 
     </span>
    </p>
   </div>
   <div class='ocr_carea' id='block_1_116' title="bbox 1998 5562 3576 5638">
    <p class='ocr_par' dir='ltr' id='par_1_116' title="bbox 1998 5562 3576 5638">
     <span class='ocr_line' id='line_1_116' title="bbox 1998 5562 3576 5638; baseline 0.001 -21"><span class='ocrx_word' id='word_1_890' title='bbox 1998 5564 2264 5618; x_wconf 82' lang='lat' dir='ltr'><strong>rationem</strong></span> <span class='ocrx_word' id='word_1_891' title='bbox 2307 5562 2555 5626; x_wconf 87' lang='lat' dir='ltr'><strong>haberet,</strong></span> <span class='ocrx_word' id='word_1_892' title='bbox 2603 5564 2802 5620; x_wconf 86' lang='lat' dir='ltr'><strong>merito</strong></span> <span class='ocrx_word' id='word_1_893' title='bbox 2833 5565 2942 5622; x_wconf 88' lang='lat' dir='ltr'><strong>illis</strong></span> <span class='ocrx_word' id='word_1_894' title='bbox 2989 5580 3306 5638; x_wconf 87' lang='lat' dir='ltr'><strong>supremum</strong></span> <span class='ocrx_word' id='word_1_895' title='bbox 3356 5564 3576 5637; x_wconf 87' lang='lat' dir='ltr'><strong>suppli-</strong></span> 
     </span>
    </p>
   </div>
   <div class='ocr_carea' id='block_1_117' title="bbox 1997 5656 2916 5730">
    <p class='ocr_par' dir='ltr' id='par_1_117' title="bbox 1997 5656 2916 5730">
     <span class='ocr_line' id='line_1_117' title="bbox 1997 5656 2916 5730; baseline 0.002 -18"><span class='ocrx_word' id='word_1_896' title='bbox 1997 5659 2141 5714; x_wconf 89' lang='lat' dir='ltr'><strong>cium</strong></span> <span class='ocrx_word' id='word_1_897' title='bbox 2189 5656 2525 5714; x_wconf 83' lang='lat' dir='ltr'><strong>deccrnerct.</strong></span> <span class='ocrx_word' id='word_1_898' title='bbox 2569 5657 2709 5724; x_wconf 87' lang='lat' dir='ltr'><strong>Quid</strong></span> <span class='ocrx_word' id='word_1_899' title='bbox 2748 5660 2916 5730; x_wconf 75' lang='lat' dir='ltr'><strong>ergo?</strong></span> 
     </span>
    </p>
   </div>
  </div>
