3974 6146
388 280 492 334 629

1041 405 1193 461 CAP.
1237 403 1325 460 Ill.

467 504 632 560 Vens.
676 503 726 557 ἰ.
751 531 820 543 -
849 519 866 552 t
888 499 1029 555 Ecce
1061 512 1162 571 ego
1198 498 1357 552 mitto
1389 495 1642 567 angelum
1677 513 1881 563 meum,
1919 507 1974 554 et

393 599 647 670 inspiciet
679 597 820 653 viam
853 601 980 650 ante
1027 592 1223 648 faciem
1254 606 1456 654 meam,
1491 599 1544 646 et
1578 591 1763 648 statim
1793 593 1975 649 veniet

392 691 458 744 ad
509 689 767 758 templum
804 701 964 742 suum
998 684 1260 740 Dominus
1299 698 1460 754 quem
1493 698 1590 738 vos
1622 684 1887 754 quaeritis,
1919 691 1973 738 et

392 779 702 838 testamenti
749 777 979 848 angelus
1023 791 1187 846 quem
1226 790 1322 832 vos
1351 776 1540 831 vultis.
1565 794 1582 827 ι
1622 774 1764 842 Quia
1808 777 1975 846 igitur

393 823 702 838 ..,.,-_...-..-.
749 823 817 833 η..
861 823 978 833 --.η
1025 823 1187 846 πη..-
1235 823 1322 832 η-
1365 823 1578 831 ._------
1632 823 1764 842 νη
1808 823 1961 846 τη-.

361 823 504 928 ’hzec
536 872 739 937 dicitis,
777 823 1086 941 ctojustitiaa
1112 883 1302 924 curam
1338 875 1398 923 ut
1437 868 1648 940 punitio
1684 868 1794 934 ﬁat,
1830 884 1858 922 a
1889 885 1975 924 me

388 965 699 1035 exquiritis,
731 963 943 1018 mittam
976 962 1230 1034 angelum
1267 959 1356 1031 qui
1379 958 1584 1030 placitis
1603 959 1738 1014 meis
1758 958 1975 1015 subser—

393 1057 518 1112 viat.
535 1055 668 1111 Nam
684 1051 867 1116 verba,
889 1049 1166 1121 «inspiciet
1184 1049 1327 1105 viam.
1345 1059 1471 1103 ante
1511 1047 1706 1105 faciem
1738 1065 1968 1116 meam,»

391 1149 494 1204 hoc
527 1147 748 1210 dicunt;
785 1145 834 1198 id
872 1152 977 1207 est,
1002 1143 1107 1198 iste
1137 1141 1288 1197 dabit
1318 1157 1566 1212 operam,
1614 1157 1714 1197 ceu
1748 1143 1970 1213 quidam

387 1251 717 1308 pra’cursor,
752 1235 920 1306 380
952 1243 1011 1288 ut
1041 1233 1378 1288 voluntatem
1413 1247 1588 1288 meam
1623 1241 1972 1304 exsequatur.

390 1331 634 1402 Repente
661 1335 843 1382 autem
879 1327 1046 1381 adero
1079 1323 1154 1378 illi
1181 1339 1282 1396 ego
1310 1338 1554 1394 quoque,
1577 1324 1838 1393 operibus
1861 1339 1972 1379 me-

391 1430 501 1477 met
529 1419 891 1476 manifestans
919 1417 974 1471 in
999 1417 1202 1486 templo
1238 1433 1252 1468 :
1284 1416 1724 1486 quandoquidem
1754 1415 1810 1470 in
1845 1431 1974 1470 cun-

389 1513 491 1570 ctis
524 1525 645 1581 quae
680 1509 772 1562 Dei
794 1507 1015 1562 decreto
1046 1506 1206 1570 ﬁunt,
1237 1505 1604 1559 ministerium
1636 1505 1856 1573 quidem
1879 1520 1974 1560 an-

391 1606 632 1676 gelorum
664 1600 1007 1670 intelligitur,
1045 1597 1141 1654 sed
1176 1595 1320 1652 Deus
1353 1596 1409 1651 in
1440 1596 1578 1666 ipsis
1607 1613 1844 1666 operans
1873 1613 1974 1668 per

388 1713 450 1751 ea
485 1711 605 1766 qua:
649 1693 767 1748 fieri
802 1691 1066 1761 praecipit.
1107 1688 1200 1743 Sic
1229 1689 1394 1743 etiam
1431 1703 1632 1743 manna
1661 1689 1846 1744 cibum
1871 1705 1974 1744 an-

1606 291 1956 352 TliEODORl
1995 293 2479 353 MOPSUESTENI

3555 296 3658 351 620

2737 409 2896 464 ΚΕΦ.
2937 409 3010 462 Γθ.

2146 501 2294 571 Στίχ.
2335 509 2405 556 α’.
2441 531 2513 543 --
2558 520 2577 554 ι
2617 502 2745 556 Ἰδοὺ
2779 501 2891 572 ἐγὼ
2929 501 3275 568 ἐξαποστελῶ
3301 503 3393 557 τὸν
3429 504 3660 576 ἄγγελόν

2077 609 2200 664 μου,
2231 595 2323 649 καὶ
2361 593 2717 665 ὲπιϐλέψεται
2751 596 2868 648 ὁδὸν
2902 595 3010 667 πρὸ
3040 595 3334 667 προσώπου
3371 614 3474 669 μου
3498 617 3512 630 ·
3566 601 3660 654 καὶ

2074 685 2334 758 ἐξαίφνης
2361 687 2481 755 ἥξει
2521 687 2601 750 εἰς
2629 687 2720 740 τὸν
2751 689 2874 741 ναὸν
2902 688 3097 746 ἑαυτοῦ
3142 690 3368 762 Κύριος,
3409 691 3468 744 ὃν
3503 692 3659 764 ὑμεῖς

2075 773 2309 844 ζητεῖτε,
2329 777 2422 831 καὶ
2449 781 2478 832 6
2499 779 2730 848 ἄγγελος
2748 779 2850 850 τῆς
2870 779 3134 852 διαθήκης
3154 781 3214 836 ὃν
3237 783 3396 854 ὑμεῖς
3417 783 3619 838 θέλετε.
3635 803 3656 837 ›

2088 866 2304 938 Ἐπειδὴ
2327 869 2504 922 τοίνυν
2532 869 2756 923 τοιαῦτά
2782 887 2939 939 φατε,
2965 873 3060 925 καὶ
3083 871 3178 944 τὴν
3206 875 3335 945 περὶ
3361 875 3424 928 τὸ
3449 875 3663 931 δίκαιον

2074 958 2386 1029 ἐπιμέλειαν
2418 959 2506 1014 διὰ
2543 961 2644 1030 τῆς
2668 964 2938 1034 τιμωρίας
2968 964 3276 1034 ἐπιζητεῖτε
3321 967 3450 1038 παρ’
3500 967 3656 1039 ἐμοῦ,

2073 1047 2356 1101 ἀποστελῶ
2407 1049 2505 1119 μὲν
2553 1051 2784 1120 ἄγγελον
2831 1054 3310 1126 ὑπηρετησόμενον
3360 1060 3477 1122 τοῖς
3536 1060 3661 1130 ἐμοὶ

2071 1138 2323 1192 δοκοῦσι⁹
2365 1140 2428 1193 τὸ
2455 1141 2620 1209 γὰρ,‹
2665 1143 3046 1214 Ἐπιϐλέψεται
3073 1145 3190 1200 ὁδὸν
3226 1147 3334 1218 πρὸ
3363 1149 3663 1222 προσώπου

2077 1246 2200 1299 μου,
2236 1249 2254 1283 ι
2293 1228 2453 1285 τοῦτο
2478 1232 2654 1301 λέγει*
2690 1234 2810 1287 ἀντὶ
2855 1234 2972 1298 τοῦ,
3010 1236 3108 1300 ’ος
3143 1239 3377 1310 σπουδὴν
3409 1239 3658 1313 θήσεται,

2073 1319 2260 1391 ὥσπερ
2305 1337 2390 1383 τις
2459 1321 2802 1394 πρόδρομος,
2856 1323 3259 1395 διαπράξασθαι
3311 1328 3380 1382 τὰ
3422 1331 3545 1400 ἐμοί
3594 1348 3661 1400 γε

2073 1406 2334 1462 δοκοῦντα
2356 1423 2373 1438 ⁸
2419 1410 2730 1481 παρέσομαι
2777 1410 2835 1464 δὲ
2887 1412 3081 1484 ἀθρόον
3129 1416 3187 1468 ὲν
3215 1416 3365 1486 αὐτῷ
3391 1417 3548 1487 κάγὼ
3573 1419 3665 1473 διά

2072 1499 2181 1553 τῶν
2211 1499 2388 1571 ἔργων
2418 1502 2654 1572 ἐμαυτὸν
2682 1503 2893 1567 δεικνὺς
2922 1505 2982 1557 ὲν
3008 1504 3088 1575 τῷ
3124 1505 3238 1572 ναῷ
3259 1525 3270 1536 ·
3314 1508 3438 1562 ἐπεὶ
3479 1512 3576 1564 καὶ
3601 1513 3665 1565 ἑν

2075 1591 2249 1645 ἆπασι
2288 1595 2402 1656 τοῖς
2449 1593 2789 1663 γιγνομένοις
2840 1594 2950 1666 ὅρῳ
2995 1595 3200 1669 Θεοῦή
3251 1599 3350 1668 μὲν
3390 1601 3666 1672 ὑπουργία

2074 1685 2272 1738 νοεῖται
2316 1685 2427 1738 τῶν
2474 1685 2742 1754 ἀγγέλων,
2782 1685 2914 1750 Θεὸς
2952 1686 3010 1740 δὲ
3055 1689 3084 1742 6
3120 1689 3176 1742 ὲν
3204 1691 3386 1756 αὐτοῖς
3428 1691 3665 1763 ἐργαζό-

389 1755 634 1861 gelorum
665 1800 767 1841 ceu
804 1783 1178 1839 ministrorum
1213 1779 1374 1835 dicit:
1420 1798 1439 1830 ι
1466 1779 1688 1844 Panem,
1713 1799 1731 1833 ι
1768 1781 1966 1852 inquit,

2075 1791 2234 1846 μενος
2264 1775 2330 1829 δι’
2367 1769 2443 1831 ὧν
2481 1776 2756 1830 ἐπιτάττει
2781 1777 3062 1846 γίγνεσθαι
3081 1795 3095 1812 ο
3129 1778 3273 1833 οὑτω
3300 1782 3396 1834 καὶ
3427 1783 3529 1851 τὴν
3561 1781 3666 1836 τοῦ

395 1898 414 1933 ι
437 1880 754 1951 angelorum
789 1873 1138 1930 manducavit
1164 1872 1425 1939 homo";
1453 1886 1473 1920 ι
1524 1871 1619 1927 Dei
1651 1879 1830 1927 autem
1867 1888 1969 1929 ceu

393 1973 510 2028 dari
537 1971 815 2041 jubentis:
847 1984 867 2016 t
890 1964 1167 2021 Mandavit
1187 1964 1333 2019 enim
1365 1963 1603 2018 nubibus
1633 1965 1891 2035 desuper,
1916 1972 1972 2022 et

388 2065 586 2134 januas
614 2061 736 2117 caeli
767 2058 1002 2129 aperuit,
1033 2064 1087 2112 et
1117 2055 1255 2125 pluit
1278 2055 1388 2110 illis
1416 2069 1618 2110 manna
1645 2056 1716 2112 ad
1742 2056 1973 2112 mandu-

391 2154 696 2211 candum”.
730 2165 749 2198 ι
789 2148 962 2205 Porro
993 2147 1216 2204 verbum
1254 2164 1273 2198 ι
1298 2147 1478 2202 veniet
1498 2166 1516 2200 ι
1544 2155 1806 2203 consuete
1837 2147 1972 2202 dicit

392 2256 652 2318 tanquam
679 2243 736 2299 in
770 2242 936 2297 rebus
960 2239 1134 2310 angeli
1162 2237 1468 2292 ministerio
1493 2239 1653 2306 actis,
1686 2237 1798 2293 Deo
1827 2237 1972 2293 facto

391 2339 692 2409 conspicuo
722 2334 816 2407 qui
852 2332 1056 2404 negotii
1089 2331 1294 2402 peracti
1330 2344 1497 2384 causa
1531 2340 1637 2386 est.
1673 2328 1855 2386 Veluti
1887 2339 1972 2386 est

393 2431 538 2503 apud
562 2432 782 2486 beatum
805 2425 1058 2480 Davidem
1080 2441 1094 2477 :
1119 2441 1136 2473 t
1157 2420 1444 2478 lnclinavit
1461 2422 1652 2486 caelos,
1672 2429 1726 2476 et
1740 2421 1974 2478 descen-

392 2524 506 2590 dit;
531 2529 585 2578 et
605 2520 779 2590 caligo
810 2517 914 2572 sub
946 2513 1174 2586 pedibus
1205 2511 1399 2582 ejus”.
1435 2529 1456 2565 ι
1495 2508 1553 2566 ld
1584 2518 1668 2566 est
1699 2510 1873 2582 ipsius
1901 2510 1971 2566 ad

393 2615 658 2670 auxilium
681 2618 930 2666 nostrum
957 2605 1262 2672 venientis,
1309 2619 1378 2658 ex
1429 2604 1690 2675 Operibus
1745 2619 1968 2660 sensum

393 2708 660 2778 capimus.
677 2702 860 2770 Quare
882 2708 1173 2771 postquam
1193 2696 1330 2752 dixit
1350 2713 1393 2750 ει
1410 2693 1600 2752 Veniet
1629 2697 1684 2750 in
1703 2697 1968 2765 templum

393 2815 552 2856 suum
589 2796 852 2852 Dominus
879 2808 1042 2864 quem
1070 2790 1372 2862 quaeritis,»
1408 2787 1636 2852 addidit,
1687 2787 1781 2842 «Et
1805 2795 1971 2844 testa-

395 2891 564 2946 menti
613 2887 838 2958 angelus
880 2897 1043 2954 quem
1089 2896 1189 2936 vos
1234 2879 1442 2934 vultis:
1476 2897 1495 2931 ι
1550 2877 1966 2942 demonstrans,

394 2980 540 3051 quod
557 2979 611 3033 in
643 2979 807 3033 rebus
827 2974 1133 3030 ministerio
1155 2971 1332 3042 angeli
1357 2968 1585 3029 effectis,
1623 2969 1968 3038 praesentiam

394 3087 554 3130 suam
603 3069 746 3124 Deus
785 3067 1054 3124 ostendet.
1104 3065 1216 3136 Ego
1255 3063 1420 3134 igitur
1463 3061 1709 3124 veniam,
1763 3061 1968 3130 inquit,

395 3179 554 3235 quem
576 3167 925 3232 peccatorum
951 3156 1221 3211 vindicem
1243 3153 1553 3224 exquiritis.
1589 3151 1779 3208 Aderit
1803 3153 1968 3208 simul

398 3249 628 3320 angelus
670 3245 970 3303 foederibus
1003 3243 1333 3309 inserviens,
1367 3258 1487 3312 quae
1517 3258 1660 3312 saepe
1683 3243 1968 3296 vobiscum

397 3341 604 3410 pepigi;
628 3353 787 3408 quem
811 3341 1140 3405 quaerentes,
1165 3333 1396 3388 ultorem
1420 3333 1769 3402 comperietis
1793 3345 1970 3390 trans-

395 3427 954 3502 gressionisillorum.
989 3422 1117 3478 Haec
1150 3430 1516 3477 consentanea
1566 3423 1840 3491 prioribus
1884 3423 1970 3476 di-

395 3519 473 3570 xit
494 3513 778 3586 propheta.
811 3510 964 3567 Hanc
992 3520 1175 3565 autem
1197 3510 1263 3564 de
1290 3510 1432 3565 beati
1464 3507 1692 3565 Joannis
1711 3510 1970 3582 Baptista:

393 3608 627 3663 adventu
678 3605 1084 3676 pronuntiatam
1143 3601 1318 3657 fuisse
1363 3603 1695 3658 locutionem
1763 3603 1836 3667 ",
1863 3619 1971 3660 non

391 3705 477 3754 est
523 3696 852 3760 mirandum,
898 3696 1024 3766 quia
1055 3709 1125 3748 ex
1157 3695 1321 3749 rebus
1375 3708 1556 3748 verum
1611 3704 1740 3749 tunc
1798 3695 1976 3750 evasit

392 3791 634 3854 ell'atutn,
715 3798 1070 3860 posteaquam
1144 3800 1454 3856 praecursor
1504 3794 1668 3857 atque
1721 3787 1974 3865 minister

392 3879 740 3934 decretorum
772 3875 868 3930 Dei
914 3875 1136 3929 advenit
1175 3875 1368 3930 beatus
1406 3873 1679 3943 Joannes;
1715 3893 1840 3932 cum
1876 3894 1969 3936 eo-

390 3988 496 4044 que
534 3969 787 4041 apparuit
837 3969 1003 4023 etiam
1048 3967 1168 4032 ille,
1219 3967 1309 4021 cui
1359 3968 1734 4023 testimonium
1781 3970 1966 4037 dabat,

392 4063 645 4117 Christus
677 4059 960 4127 Dominus,
989 4060 1044 4114 in
1073 4072 1183 4129 quo
1210 4059 1456 4113 omnium
1488 4059 1769 4115 hominum
1803 4063 1969 4132 perfi-

391 4153 586 4210 cienda
612 4153 760 4209 salus
789 4159 929 4206 erat.

2074 1867 2250 1937 μάννα
2302 1869 2511 1940 τροφὴν
2577 1868 2829 1938 ἀγγέλων
2887 1868 2984 1940 μὲν
3027 1869 3102 1934 ὡς
3153 1870 3668 1943 ὑπηρετησαμένων

2071 1957 2220 2028 λέγει
2245 1973 2258 1987 ·
2301 1977 2320 2008 t
2355 1960 2554 2030 ’Δρτον
2578 1959 2709 2032 γάρ.
2734 1961 2920 2032 φησὶν,
2948 1961 3193 2031 ἀγγέλων
3222 1962 3426 2033 ἔφαγεν
3450 1964 3670 2036 ἀνθρω-

2072 2069 2206 2116 πος·
2241 2069 2260 2103 ι
2295 2051 2432 2106 Θεοῦ
2466 2051 2543 2118 δὲ,
2581 2053 2659 2117 ὡς
2687 2052 3044 2118 κελεύσαντος
3079 2055 3294 2125 δοθῆναι
3315 2073 3329 2086 ο
3371 2075 3390 2108 t
3427 2056 3672 2112 Ἐνετειο-

2071 2143 2202 2198 λατο
2237 2143 2346 2216 γὰρ
2388 2144 2641 2213 νεφέλαις
2670 2145 3040 2216 ὑπεράνωθεν,
3083 2147 3177 2201 καὶ
3220 2147 3393 2218 θύρας
3427 2148 3672 2220 ούρανοῦ

2073 2234 2300 2305 ἀνέῳξε,
2331 2235 2426 2290 καὶ
2463 2233 2684 2306 ἔϐρεξεν
2731 2236 2914 2301 αὐτοῖς
2951 2237 3124 2308 μάννα
3161 2241 3376 2307 φαγεῖν.
3415 2258 3434 2292 ι
3493 2240 3566 2293 Τὸ
3604 2239 3676 2294 δὲ

2073 2325 2223 2393 ἥξει,
2253 2325 2496 2398 συνήθως
2522 2325 2670 2397 λέγει
2698 2326 2773 2390 ὡς
2803 2327 2870 2381 ἂν
2904 2329 2961 2382 ἐν
2990 2330 3104 2392 τοῖς
3130 2329 3402 2400 ὑπουργία
3434 2330 3529 2384 τοῦ
3561 2332 3633 2398 ἀγ
3653 2359 3676 2374 ο

2074 2417 2238 2485 γέλου
2277 2417 2620 2489 γιγνομένοις
2653 2418 2788 2473 Θεοῦ
2825 2420 3242 2491 διαφαινομένου
3269 2421 3363 2474 τοῦ
3392 2422 3499 2476 τῶν
3527 2423 3668 2478 ἀπο-

2071 2508 2407 2580 τελουμένων
2435 2510 2608 2564 αἰτίου
2629 2525 2643 2539 ·
2689 2510 2766 2580 (ι).
2792 2510 2917 2583 560)
2962 2504 3074 2565 οἷόν
3103 2512 3218 2566 ἐστι
3261 2514 3354 2568 καί
3401 2515 3553 2584 παρὰ
3587 2515 3674 2586 τῷ

2076 2601 2331 2672 μακαρίῳ
2360 2601 2522 2656 Δαυῒδ
2545 2603 2624 2668 τὸ,
2667 2622 2685 2655 t
2717 2604 2964 2658 Ἐκλινεν
2995 2605 3276 2675 οὐρανοὺς,
3303 2607 3398 2660 καὶ
3429 2608 3670 2681 κατέὄη,

2072 2692 2167 2745 καὶ
2195 2693 2388 2761 γνόφος
2422 2693 2526 2747 ὑπὸ
2555 2695 2681 2758 τοὺς
2724 2695 2890 2758 πόδας
2922 2696 3084 2749 αὑτοῦ
3105 2713 3118 2725 “
3151 2715 3170 2749 ι
3229 2696 3315 2751 ἵνα
3363 2697 3495 2772 εἴπῃ
3515 2740 3530 2762 ,
3583 2701 3670 2755 ὃτι

2081 2785 2523 2855 Παραγεγονότος
2547 2789 2626 2850 εἰς
2655 2786 2906 2857 βοήθειαν
2935 2786 3232 2858 ἡμετέραν,
3259 2790 3324 2842 ὲκ
3351 2790 3460 2844 τῶν
3485 2790 3672 2861 ἔργων

2072 2877 2340 2947 ἐλάϐομεν
2374 2878 2645 2949 αἴσθησιν.
2685 2880 2847 2934 Ὅθεν
2880 2880 3074 2949 εἰπὼν,
3105 2884 3186 2938 ὅτι
3214 2899 3246 2959 με
3276 2880 3436 2948 Ἥξει
3465 2885 3546 2948 εἰς
3574 2884 3671 2938 τὸν

2071 2970 2197 3023 ναὸν
2226 2969 2420 3024 ἑαυτοῦ
2455 2973 2661 3043 Κύριος
2696 2971 2754 3026 ὃν
2793 2973 2950 3044 ὑμεῖς
2979 2973 3242 3043 ἐζητεῖτε,
3274 2993 3294 3028 ι
3355 2977 3667 3046 ἐπήγαγεν.

2079 3080 2100 3118 t
2129 3063 2240 3114 Kal.
2283 3065 2312 3116 6
2359 3062 2590 3132 ἄγγελος
2624 3066 2723 3135 τῆς
2766 3063 3032 3136 διαθήκης
3081 3065 3140 3119 ὃν
3188 3067 3346 3136 ὑμεῖς
3393 3066 3605 3121 θέλετε·
3645 3089 3664 3122 ι

2073 3153 2287 3217 δεικνὺς
2331 3155 2411 3206 ὅτι
2450 3155 2508 3209 ὲν
2548 3157 2658 3219 τοῖς
2700 3157 2973 3228 ὑπουργία
3004 3157 3098 3211 τοῦ
3141 3159 3370 3228 ἀγγέλου
3400 3162 3669 3232 γιγνομι.

2074 3263 2187 3308 νοις
2228 3247 2326 3317 τὴν
2356 3248 2659 3315 παρουσίαν
2715 3248 3008 3314 ἐνδείξεται
3055 3250 3154 3320 τὴν
3204 3250 3412 3304 οἰκείαν
3442 3253 3470 3305 6
3504 3252 3664 3315 Θεός.

2089 3341 2231 3409 Ἐγώ
2258 3358 2318 3395 τε
2360 3337 2475 3405 οὖν,
2509 3343 2692 3412 φησὶν,
2729 3343 3042 3415 ιλεύσομαι,
3087 3345 3147 3399 ὃν
3179 3345 3421 3416 τιμωρὸν
3462 3345 3667 3418 ἐπιζη-

2076 3436 2218 3487 τεῖτε
2246 3434 2354 3487 τῶν
2385 3433 2490 3505 πλη
2501 3434 2704 3505 μμελου
2714 3436 2890 3505 μένων
2915 3453 2929 3467 °
2983 3437 3251 3508 παρέσται
3289 3437 3345 3490 δὲ
3379 3437 3474 3492 καὶ
3502 3439 3529 3491 6
3557 3437 3668 3506 ἆγ-

2075 3523 2230 3591 τελος
2256 3527 2285 3577 6
2311 3527 2428 3586 ταῖς
2455 3524 2747 3595 συνθήκαις
2772 3525 3251 3599 ὑπηρετησάμενος
3273 3520 3360 3586 αἶς
3384 3525 3669 3596 πεποίηκα

2077 3614 2216 3685 πρὸς
2245 3615 2391 3686 ὑμᾶς
2426 3617 2684 3680 πολλάκις
2707 3633 2720 3648 ·
2758 3616 2817 3670 ὃν
2851 3617 3234 3686 ἐπιζητοῦντες
3262 3616 3524 3688 εὑρήσετε
3553 3617 3670 3671 τῶν

2077 3705 2214 3778 πρὸς
2260 3707 2362 3776 ἐμὲ
2402 3706 2682 3778 συνθηκῶν
2727 3707 2880 3777 ὑμῶν
2906 3707 3312 3780 τιμωρούμενον
3346 3709 3442 3778 τὴν
3475 3710 3666 3779 παρά-

2077 3795 2256 3851 6ασιν.
2309 3797 2495 3852 Ταῦτα
2532 3798 2630 3868 μὲν
2658 3797 2723 3869 δὴ
2771 3800 2885 3862 τοῖς
2918 3799 3306 3870 προρρηθεῖσιν
3348 3799 3668 3864 ἀκολούθως

2077 3887 2297 3960 εἴρηκεν
2344 3891 2373 3942 6
2411 3892 2694 3962 προφήτης
2722 3906 2735 3920 ·
2791 3889 2854 3943 τὸ
2895 3890 2952 3942 δὲ
2995 3891 3089 3943 ἐπὶ
3113 3891 3214 3960 τῆς
3255 3889 3350 3944 τοῦ
3382 3891 3666 3960 μακαρίου

2088 3980 2334 4035 Ἰωάννου
2363 3979 2455 4034 τοῦ
2484 3979 2788 4035 Βαπτιστοῦ
2819 3981 3120 4053 παρουσίας
3149 3981 3250 4052 τὴν
3289 3980 3471 4050 φωνὴν
3504 3983 3668 4053 εἰρῆ-

2077 4070 2200 4124 σθαι
2227 4070 2451 4142 ταύτην,
2476 4071 2538 4124 οὑ
2565 4071 2895 4143 θαυμαστὸν,
2939 4074 3004 4127 ὲκ
3042 4073 3150 4126 τῶν
3186 4075 3528 4144 πραγμάτοιν
3553 4077 3667 4128 ἐπ-

2073 4161 2446 4234 αληθευούσης
2474 4163 2595 4216 τότε
2624 4163 2723 4233 τῆς
2749 4165 2954 4234 φωνῆς,
2999 4164 3079 4236 τῷ
3120 4165 3516 4236 παραγίνεσθαι
3554 4167 3666 4236 μὲν

393 4247 696 4319 πρόδρομον
726 4243 821 4298 καὶ
853 4241 1130 4314 ὑπηρέτην
1170 4241 1278 4295 τῶν
1337 4240 1660 4314 ὡρισμένων
1723 4243 1814 4297 τὸν
1881 4250 2152 4324 μακάριον
2224 4255 2510 4327 Ἰωάννην,
2546 4255 2662 4327 ἅμα
2694 4255 2753 4310 δὲ
2803 4255 2954 4326 αὑτῷ
2995 4257 3239 4328 παρόντα
3273 4259 3506 4330 φανῆναι
3559 4261 3667 4316 καὶ

391 4341 485 4394 τὸν
511 4339 602 4391 ὑπ’
632 4335 795 4390 αὑτοῦ
828 4333 1272 4407 μαρτυρούμενον
1313 4335 1590 4406 Δεσπότην
1624 4335 1878 4407 Χριστὸν,
1939 4343 1998 4396 ὲν
2071 4338 2226 4418 ᾧπερ
2274 4349 2308 4419 ή
2363 4348 2580 4403 πάντων
2624 4347 2926 4420 ἀνθρώπων
2977 4348 3210 4419 ἤμελλεν
3253 4352 3667 4421 οἰκονομεῖσθαι

393 4426 657 4500 σωτηρία.

465 4541 633 4596 Vsus.
661 4539 716 4594 2.
740 4567 809 4578 -
828 4537 952 4594 Mox
983 4537 1089 4594 sibi
1112 4547 1530 4599 consentaneus.
1547 4541 1812 4612 propheta
1839 4559 1970 4616 pro-

2144 4545 2294 4619 Στίχ.
2338 4547 2405 4619 β’.
2451 4576 2524 4590 -
2585 4548 2917 4604 ’Δκολουθῶν
2955 4550 3140 4620 μέντοι
3183 4568 3246 4620 γε
3297 4555 3327 4608 6
3369 4554 3666 4625 προφήτης

392 4635 642 4706 sequitur
660 4651 716 4688 με(
741 4631 882 4688 Ecce
910 4633 1080 4701 venit,
1111 4633 1189 4688 ait
1218 4632 1486 4689 Dominus
1514 4635 1887 4705 omnipotens.
1908 4636 1975 4693 Et

392 4727 518 4800 quis
555 4726 850 4783 sustinebit
879 4724 1024 4780 diem
1054 4725 1314 4781 introitus
1359 4724 1520 4794 ejus?
1549 4724 1656 4780 Aut
1675 4727 1800 4796 quis
1829 4727 1975 4786 ferre

394 4821 597 4894 poterit
622 4827 902 4892 aspectum
929 4817 1088 4889 381
1125 4816 1313 4887 ejus?»
1335 4815 1472 4870 Cum
1503 4817 1738 4882 venerit,
1772 4819 1970 4890 inquit,

395 4914 539 4970 Deus
574 4911 824 4984 publicus
872 4907 1014 4962 haud
1048 4912 1197 4962 recte
1230 4904 1499 4960 factorum
1533 4904 1766 4970 vindex,
1812 4923 1974 4965 nemo

389 5012 636 5062 vestrum
660 5001 751 5073 qui
779 5001 894 5054 haec
919 4998 1102 5053 dicere
1131 5011 1277 5052 nunc
1303 4995 1489 5061 audet,
1521 4997 1822 5066 punitionis
1849 5015 1974 5071 gra-

397 5099 620 5151 vitatem
653 5092 968 5150 sustinebit.
1000 5087 1294 5145 Evidenter
1313 5098 1493 5144 autem
1523 5089 1608 5144 bis
1639 5092 1821 5148 verbis
1833 5108 1973 5163 pra-

392 5187 526 5242 dicit
574 5186 683 5242 illis
727 5199 791 5240 ea
827 5197 948 5255 quae
989 5181 1094 5238 sub
1140 5179 1498 5237 Macchabaais
1533 5190 1798 5239 eventura
1831 5186 1973 5239 mala

389 5287 580 5344 erant,
624 5293 746 5348 quae
794 5276 1003 5332 scilicet
1051 5273 1121 5330 ob
1175 5287 1332 5328 suam
1387 5273 1622 5344 populus
1667 5276 1970 5344 nequitiam

395 5371 638 5440 pertulit.
680 5369 808 5424 ideo
836 5367 928 5438 qui
965 5367 1107 5422 hanc
1137 5366 1433 5420 dictionem
1464 5366 1762 5420 convenire
1781 5367 1974 5421 existi-

390 5472 507 5517 mat
537 5462 758 5518 Christo
787 5459 1038 5524 Domino,
1071 5475 1173 5516 nec
1204 5458 1274 5514 de
1306 5458 1414 5526 alio
1445 5471 1609 5528 quam
1649 5457 1717 5512 de
1745 5474 1810 5512 eo
1845 5474 1971 5528 pro-

393 5555 720 5618 nuntiatam,
757 5551 975 5608 videtur
1004 5553 1256 5624 ignorare
1288 5566 1474 5616 rerum
1510 5551 1599 5606 hic
1633 5551 1968 5621 scriptarum

2073 4638 2271 4710 ἑαυτῷ,
2301 4640 2498 4709 ἐπάγει
2518 4656 2534 4672 σ
2558 4657 2578 4692 ι
2621 4640 2752 4694 Ἰδοὺ
2790 4640 3030 4712 ἔρχεται,
3057 4642 3205 4712 λέγει
3227 4643 3432 4716 Κύριος
3457 4662 3667 4700 παντο-

2071 4733 2295 4804 κράτωρ
2315 4748 2328 4762 ·
2348 4733 2444 4786 καὶ
2462 4733 2545 4796 τίς
2562 4732 2824 4803 ὑπομενεῖ
2844 4734 3056 4804 ἡμέραν
3077 4735 3280 4788 εἰσόδου
3295 4735 3490 4801 αύτοῦ;
3515 4735 3546 4807 ἢ
3571 4737 3666 4803 τίς

2069 4824 2433 4895 ὑποστήσεται
2461 4824 2518 4877 ἑν
2550 4827 2616 4894 τῇ
2641 4825 2877 4896 ὀπτασίᾳ
2910 4825 3114 4891 αὑτοῦ;
3146 4846 3165 4880 ι
3201 4828 3276 4898 (p.
3307 4826 3431 4899 561)
3473 4829 3666 4883 Ἐπει-

2069 4917 2166 4972 δὰν
2192 4916 2304 4986 γὰρ
2347 4916 2736 4986 παραγίνηται,
2773 4921 2971 4988 φησὶν,
3017 4921 3046 4973 6
3097 4919 3229 4984 Θεὸς
3258 4921 3499 4992 τιμωρὸς
3533 4923 3669 4976 ἐπιμ-

2074 5008 2397 5079 φαινόμενος
2429 5008 2539 5060 τῶν
2578 5010 2638 5060 οὺ
2677 5009 2902 5073 δεόντως
2942 5012 3264 5083 γινομένων,
3298 5013 3472 5076 οὐδεὶς
3500 5013 3668 5082 ὑμῶν

2072 5098 2179 5154 τῶν
2210 5097 2385 5152 ταῦτα
2431 5095 2526 5150 νῦν
2559 5097 2736 5164 λέγειν
2783 5101 3106 5172 τολμώντων
3155 5105 3519 5175 ὑποστήσεται
3555 5107 3669 5176 τῆς

2071 5187 2344 5258 τιμωρίας
2393 5186 2451 5240 τὺ
2487 5187 2716 5256 μέγεθος
2736 5204 2751 5220 ο
2803 5191 2958 5261 δῆλος
2985 5193 3045 5246 δέ
3088 5195 3235 5246 ἐστιν
3260 5197 3318 5247 ὲν
3345 5195 3556 5258 τούτοις
3588 5195 3670 5250 τά

2074 5279 2167 5330 ἐπὶ
2198 5277 2304 5332 τῶν
2332 5278 2707 5333 Μακκαϐαίων
2736 5282 2917 5344 αὐτοῖς
2949 5283 3169 5354 μηνύων
3195 5287 3360 5349 κακὰ,
3389 5285 3534 5356 ἅπερ
3557 5287 3669 5357 τῆς

2075 5371 2282 5427 ἑαυτῶν
2320 5372 2506 5427 ἕνεκεν
2539 5373 2988 5446 ὑπομεμενήκασι
3026 5379 3260 5442 κακίας·
3303 5380 3379 5444 ὼς
3405 5381 3434 5433 ὃ
3463 5395 3524 5447 γε
3557 5381 3671 5432 αὑ-

2070 5466 2169 5536 τὴν
2227 5466 2326 5535 τὴν
2390 5465 2572 5536 φωνὴν
2622 5468 2911 5538 ἁρμόττειν
2962 5470 3210 5539 οἰόμενος
3272 5470 3353 5542 τῷ
3405 5471 3670 5542 Δεσπότῃ

2069 5557 2292 5627 Χριστῷ
2330 5557 2406 5620 ὡς
2458 5556 2523 5610 ἂν
2551 5559 2678 5630 περὶ
2706 5559 2871 5612 αὑτοῦ
2925 5562 3020 5615 καὶ
3048 5563 3146 5633 οὐχ
3187 5565 3373 5635 ἑτέρου
3419 5581 3512 5618 του
3551 5565 3668 5636 ρη-

463 5739 507 5772 ἰ
548 5736 691 5792 Psal.
722 5735 1044 5798 szvtt,‘25.
1117 5737 1163 5769 "
1193 5737 1322 5792 ibid.
1356 5738 1446 5791 25.
1520 5738 1568 5771 ’³
1609 5739 1754 5795 Psal.
1795 5755 1927 5808 xvtt,
1959 5739 2044 5797 ἰθ.
2155 5743 2202 5776 ’⁸
2235 5743 2429 5800 Matth.
2455 5761 2530 5811 xl,
2563 5746 2852 5815 10;Marc.
2889 5764 2925 5815 ι,
2951 5748 3018 5817 2;
3055 5748 3187 5805 Luc.
3228 5765 3263 5816 ι,
3298 5750 3392 5817 t7;
3430 5763 3524 5816 vn,
3556 5745 3664 5802 27.
