3974 6146
371 329 463 382 ιιξι
1300 331 1939 395 COMMENTARIUSIN
1980 336 2364 394 MALACHL‘E
2405 337 2556 394 CAP.
2595 335 2684 393 Ill.
3521 343 3620 395 622

371 450 556 504 θεῖσαν
589 448 727 522 (70),
759 449 936 504 ἔοικεν
963 452 1174 520 ἀγνοεῖν
1206 455 1266 508 τὺ
1294 455 1547 530 διάφορον
1575 459 1683 514 τῶν
1716 460 1950 516 ἐνταῦθά

2057 458 2416 515 differentiam
2448 460 2516 514 ab
2545 459 2653 514 illis
2684 473 2806 530 qua:
2837 459 2891 513 in
2913 457 3115 514 Christi
3151 451 3361 513 Domini
3393 459 3628 514 adventu

370 557 429 594 τε
456 540 882 611 γεγραμμένων,
915 541 1137 596 καὶτῶν
1167 545 1258 599 ἐπὶ
1286 545 1386 617 τῆς
1415 549 1718 619 παρουσίας
1741 550 1948 604 οἰκονο-

2057 565 2150 621 per
2181 550 2646 620 dispensationem
2679 557 2814 604 actae
2845 556 3010 605 sunt:
3043 551 3135 620 qui
3166 549 3417 620 quamvis
3454 546 3632 602 cilicio

375 630 652 703 μηθὲντων
696 632 791 686 τοῦ
841 634 1110 687 Δεσπότου
1157 637 1413 708 Χριστοῦ,
1443 638 1502 702 ὃς
1541 641 1588 693 εί
1627 641 1721 694 καὶ
1760 641 1948 713 κριτοῦ

2057 641 2250 713 iudicis
2278 641 2535 698 discrevit
2564 639 2877 698 Iudaeorum
2913 641 3190 714 improbos
3227 657 3257 696 a
3290 640 3630 702 melioribus,

372 722 526 791 δίκην
564 721 831 792 διέκρινεν
879 723 938 777 ὲν
976 723 1246 788 Ἰουδαίοις
1279 727 1403 792 τοὺς
1438 727 1673 798 φαύλους
1708 730 1815 784 ἀπὸ
1841 730 1950 786 τῶν

2057 736 2340 792 credentes
2363 737 2467 792 sibi
2493 737 2559 791 ad
2583 738 2860 792 meliorem
2888 735 3093 805 frugem
3117 735 3427 799 traducens,
3455 734 3633 789 incre-

373 814 728 885 κρειττόνων,
773 816 900 878 τοὺς
949 815 1050 885 μὲν
1082 817 1168 868 ἐπ’
1200 820 1361 871 αὐτὸν
1394 821 1823 886 πεπιστευκότας
1857 824 1950 876 ἐπὶ

2057 827 2210 883 dulos
2243 842 2402 898 pmna
2424 827 2697 883 alliciens:
2725 836 2962 883 attamen
2989 829 3330 898 exploratum
3355 834 3458 889 est,
3486 824 3634 894 quod

371 905 431 957 τὸ
457 909 704 976 κρεῖττον
737 911 1098 978 μεταστήσας,
1129 910 1254 973 τοὺς
1284 911 1653 981 ὴπιστηκότας
1680 913 1736 966 δὲ
1766 932 1946 987 παρα-

370 996 494 1058 δοὺς
523 996 784 1066 τιμωρίᾳ,
824 997 940 1050 ἀλλ’
969 997 1187 1070 εὔδηλον
1219 1001 1299 1053 ὅτι
1333 1002 1410 1072 τῷ
1448 1003 1612 1076 κοινῷ
1647 1004 1791 1076 λόγῳ
1824 1022 1948 1060 σκο-

373 1086 472 1139 πὸν
503 1087 604 1158 τῆς
633 1088 841 1152 οἰκείας
888 1088 1088 1160 ἔσχηκε
1140 1093 1470 1162 παρουσίας,
1511 1093 1570 1150 ὃν
1611 1097 1640 1149 ὁ
1681 1099 1948 1168 μακάριος

387 1178 637 1247 Ἰωάννης
660 1178 962 1251 δεδήλωκεν
989 1181 1178 1246 εἰπὼν,
1220 1202 1238 1235 ι
1255 1185 1359 1238 Ἴδε
1384 1186 1411 1237 ’5
1441 1186 1610 1256 ἀμνὸς
1631 1187 1724 1242 τοῦ
1759 1188 1894 1244 Θεοῦ
1919 1191 1949 1243 ό

370 1271 544 1339 αῖρων
572 1269 671 1339 τὴν
695 1270 970 1341 ἁμαρτίαν
1001 1272 1094 1326 τοῦ
1121 1275 1325 1346 κόσμου
1349 1291 1363 1305 ⁸
1395 1295 1415 1330 ι
1453 1278 1547 1332 καὶ
1573 1277 1642 1333 τὰ
1666 1281 1862 1352 ἐφεξῆς
1889 1283 1946 1336 δὲ

371 1360 450 1413 ἔτι
481 1361 681 1431 μᾶλλον
707 1363 947 1423 δείκνυσι
971 1364 1081 1417 τῶν
1115 1368 1375 1438 ῥημάτων
1407 1371 1499 1423 τὸν
1525 1373 1743 1426 σκοπόν.
1786 1375 1951 1428 Ἐπά-

372 1467 455 1517 re:
488 1451 636 1521 γάρ·

440 1541 589 1611 Στίχ.
627 1547 700 1610 γ’,
725 1541 793 1601 δ’.
813 1574 885 1584 —
917 1563 937 1597 ι
961 1545 1104 1600 Διότι
1132 1547 1293 1614 αὐτὸς
1325 1551 1702 1622 εὶσπορεύεται
1731 1552 1806 1619 ὡς
1836 1553 1947 1626 πῦρ

372 1631 758 1702 χωνευτηρίου,
789 1634 885 1688 καὶ
920 1634 996 1700 ὡς
1038 1637 1144 1692 πόα
1174 1637 1481 1694 πλυνόντων
1505 1655 1518 1670 °
1560 1643 1652 1695 καὶ
1681 1644 1946 1698 καθιεῖται

2053 919 2291 992 generali
2329 919 2542 974 ratione
2575 919 3354 991 scopumhabueritadventns
3374 917 3457 972 sui
3481 916 3631 969 illum

2053 1026 2214 1080 quem
2233 1011 2426 1067 beatus
2441 1009 2682 1066 Joannes
2703 1010 3002 1065 declaravit
3017 1010 3208 1066 dicens
3230 1009 3424 1064 ειΕροο
3441 1008 3629 1078 Agnus

2054 1102 2147 1158 Dei
2179 1103 2268 1174 qui
2301 1104 2442 1158 tollit
2472 1112 2754 1174 peccatum
2785 1103 3053 1158 mundi".
3093 1121 3110 1153 ι
3144 1101 3280 1156 Tum
3316 1101 3371 1157 in
3402 1116 3637 1172 sequen-

2052 1195 2199 1251 tibus
2242 1197 2507 1266 propheta
2551 1196 2725 1267 magis
2759 1195 2936 1250 adhuc
2973 1195 3148 1265 aperit
3177 1195 3464 1250 verborum
3506 1210 3639 1251 suo-

2055 1302 2174 1341 rum
2211 1302 2457 1358 scopnm.
2495 1287 2658 1342 Addit
2685 1287 2856 1343 enim:

2130 1556 2293 1614 Vens.
2335 1557 2448 1620 δή,
2474 1589 2540 1596 --
2567 1575 2587 1609 ι
2613 1557 2747 1624 Quia
2797 1557 2913 1628 ipse
2959 1556 3258 1628 ingreditur
3297 1558 3453 1629 quasi
3494 1557 3634 1630 ignis

2053 1649 2390 1714 conflatm-ii,
2435 1656 2490 1705 ct
2537 1652 2697 1721 quasi
2746 1649 2917 1705 herba
2963 1649 3252 1704 fullonum.
3313 1648 3377 1703 Et
3424 1651 3636 1706 sedebit

372 1720 624 1788 χωνεύων
688 1723 783 1776 καὶ
840 1724 1149 1797 καθαρίζων
1203 1728 1284 1792 ὡς
1333 1730 1394 1783 τὸ
1441 1731 1701 1804 ἀργύριον
1748 1735 1842 1789 καὶ
1886 1735 1946 1789 τὸ

2057 1737 2298 1793 conflans
2330 1748 2383 1794 et
2413 1720 2654 1809 purgans
2678 1739 2820 1793 sicut
2851 1753 3044 1793 aurum
3067 1747 3121 1794 et
3149 1740 3290 1795 sicut
3323 1752 3631 1811 argentum.

375 1814 598 1884 χρυσίον
627 1832 642 1846 ο
694 1817 788 1870 καὶ
818 1817 1070 1889 καθαριεῖ
1093 1820 1220 1884 τοὺς
1262 1821 1411 1886 υἱοὺς
1444 1824 1594 1889 Λευὶ,
1641 1826 1736 1879 καὶ
1769 1827 1950 1898 ὲκχεεῖ

374 1903 569 1968 αὐτοὺς
613 1905 692 1969 ὡς
750 1907 812 1960 τὸ
861 1909 1084 1980 χρυσίον
1139 1910 1233 1964 καὶ
1282 1910 1357 1975 ὡς
1395 1910 1455 1964 τὸ
1505 1913 1804 1984 ἀργύριονο
1855 1917 1950 1970 καὶ

372 1993 584 2050 ἔσονται
603 1997 683 2068 τῷ
706 1999 892 2070 Κυρίῳ
919 2000 1282 2071 προσάγοντες
1305 2002 1494 2056 θυσίαν
1521 2005 1578 2056 ὲν
1599 2005 1911 2078 δικαιοσύνῃ
1931 2022 1946 2038 ο

372 2090 466 2141 καὶ
495 2091 685 2161 άρέσει
717 2091 798 2162 τῷ
844 2093 1036 2165 Κυρίῳ
1070 2094 1230 2149 θυσία
1275 2095 1440 2148 Ἰούδα
1484 2098 1543 2149 ὲν
1581 2096 1946 2171 Ἰερουσαλὴμ,

374 2182 554 2245 καθὼς
592 2185 648 2236 αἱ
672 2185 877 2256 ἡμέραι
903 2184 999 2239 τοῦ
1046 2185 1260 2252 αἰῶνος,
1297 2188 1390 2241 καὶ
1420 2187 1601 2253 καθὼς
1631 2189 1701 2243 τὰ
1745 2191 1837 2264 ἔτη
1881 2190 1951 2245 τὰ

373 2273 752 2346 ἔμπροσθεν.»
797 2279 872 2346 (p.
913 2277 1036 2347 562)
1089 2278 1249 2332 Ἀλλά
1293 2279 1403 2352 γὰρ
1451 2280 1604 2334 ἔσται
1650 2301 1739 2348 τι,
1791 2284 1947 2352 φησὶ,

372 2363 562 2434 κέρδος
605 2366 671 2417 ἐκ
696 2366 795 2434 τῆς
825 2366 1274 2439 ὲπαχθησομὲνης
1314 2370 1434 2422 τότε
1471 2370 1739 2441 τιμωρίας
1777 2373 1906 2444 ὑμῖν
1931 2387 1946 2402 ⁶

373 2454 530 2524 δίκην
565 2455 665 2525 μὲν
693 2457 802 2526 γὰρ
834 2459 1000 2528 πυρὸς
1032 2460 1089 2511 ὲν
1131 2459 1330 2532 χωνείᾳ
1369 2461 1634 2532 ἀργύριόν
1671 2479 1728 2515 τε
1760 2463 1952 2518 καθαίο

382 2563 573 2617 ροντος
601 2548 697 2600 καὶ
723 2549 952 2617 χρυσίον,
982 2550 1014 2622 ἢ
1050 2553 1145 2605 καὶ
1181 2553 1318 2616 πόας
1352 2553 1444 2607 διὰ
1488 2555 1597 2608 τῶν
1643 2556 1952 2612 πλυνόντων

383 2640 756 2712 καθαιρούσης
784 2642 995 2712 ἐσθῆτα,
1025 2647 1145 2707 ταῖς
1172 2649 1474 2718 συμφοραῖς
1499 2650 1617 2710 ταῖς
1650 2649 1951 2718 τηνικαῦτα

387 2734 752 2802 ὲπαγομέναις
793 2735 916 2805 ὑμῖν
947 2737 1200 2808 καθαριεῖ
1243 2740 1450 2802 πάντας
1483 2741 1612 2804 τοὺς
1645 2743 1744 2814 τὴν
1790 2744 1950 2814 ἱερου⁸

385 2825 552 2896 σύνην
591 2825 894 2896 τολμῶντας
935 2829 1174 2882 ἐκτελεῖν
1214 2831 1485 2901 ἀδοκίμως
1512 2849 1525 2862 ο
1570 2832 1712 2886 ὥστε
1753 2834 1951 2898 αὐτοὺς

379 2921 489 2982 τοῖς
519 2919 917 2990 ἐπιγινομένοις
959 2922 1424 2992 σωφρονισθέντας
1464 2927 1654 2989 κακοῖς
1686 2927 1950 2998 προσάγει

371 3011 552 3066 λοιπὸν
590 3012 669 3084 τῷ
706 3012 826 3083 Θεῷ
861 3013 1071 3078 θυσίας,
1114 3015 1190 3079 ὡς
1237 3015 1464 3087 νόμιμον
1509 3019 1806 3088 προσάγειν
1831 3019 1950 3090 Θεῷ

368 3103 671 3174 προεστῶτι
711 3104 805 3158 τοῦ
838 3106 1068 3170 δικαίου,
1113 3100 1158 3175 ᾧ
1199 3106 1262 3177 δὴ
1295 3108 1429 3177 μετὰ
1455 3108 1648 3162 πολλοῦ
1677 3109 1771 3164 τοῦ
1798 3111 1948 3176 δέους
1977 3093 2018 3151 C

365 3199 461 3268 τὴν
491 3195 840 3270 λειτουργίαν
870 3201 1144 3270 προσῆκον
1174 3199 1504 3272 ἐκπληροῦν,
1535 3200 1611 3265 ὼς
1653 3201 1816 3255 εἰδότι
1854 3203 1950 3255 καὶ

366 3292 728 3362 τιμωρεῖσθαι
756 3293 883 3356 τοὺς
912 3292 1241 3362 καταμελεῖν
1275 3292 1554 3357 ἐθέλοντας
1583 3293 1769 3347 αὑτοῦ.
1813 3294 1947 3347 Τότε

366 3381 460 3451 δὴ,
495 3385 702 3453 φησιν,
748 3384 986 3438 Ἰουδαῖοι
1034 3385 1127 3437 ἐπὶ
1173 3384 1274 3454 τῆς
1310 3386 1664 3457 Ἰερουσαλὴμ
1711 3386 1948 3457 άρεστὰς

367 3473 720 3544 προσοίσουσι
750 3473 830 3544 τῷ
877 3474 998 3545 Θεῷ
1039 3474 1228 3538 θυσίας
1249 3492 1261 3505 ·
1313 3477 1572 3545 ἀνάλογον
1606 3477 1684 3548 τῷ
1714 3479 1948 3549 πρόσθεν

366 3565 563 3637 χρόνῳ,
602 3569 664 3619 ὲν
697 3559 852 3638 ᾧπερ
880 3570 993 3630 τοῖς
1031 3567 1278 3636 γεγονόσι
1313 3568 1455 3621 κατὰ
1503 3569 1694 3638 καιρὸν
1722 3569 1948 3633 δικαίοις

363 3658 872 3729 ἑπιμελησαμένοις
929 3657 1024 3712 τοῦ
1092 3661 1458 3731 προσήκοντος
1493 3699 1508 3723 ,
1572 3661 1670 3723 τὰς
1743 3661 1949 3712 ἑαυτῶν

364 3751 670 3819 προσάγειν
702 3749 892 3815 θυσίας
918 3751 1148 3821 νόμιμον
1179 3746 1247 3821 ἦν
1267 3767 1278 3779 ·
1312 3748 1435 3803 οὒτε
1458 3750 1515 3802 δὲ
1536 3749 1616 3810 τὺ,
1653 3749 1952 3820 (Καθαριεῖ

358 3840 495 3904 τοὺς
520 3841 674 3904 υἱοὺς
696 3840 849 3904 Λευὶ,
880 3860 896 3893 ι
938 3839 1061 3894 οὔτε
1087 3841 1169 3906 τὸ,
1208 3859 1227 3892 ι
1251 3841 1459 3911 Ἀρέσει
1479 3838 1557 3910 τῷ
1580 3841 1765 3910 Κυρίῳ
1791 3840 1951 3894 θυσία

373 3929 554 3986 Ἰούδα
594 3933 655 3986 ὲν
695 3931 1072 4004 Ἰερουσαλὴμ,
1106 3953 1124 3985 ι
1177 3933 1437 4004 ἁρμόσει,
1478 3934 1527 3984 εί
1583 3929 1660 4001 τῷ
1706 3930 1951 4002 Δεσπότῃ

359 4023 595 4098 Χριστῷ
627 4042 710 4087 τις
747 4027 1044 4096 προσήκειν
1069 4025 1234 4080 οἴοιτο
1255 4025 1323 4078 τὰ
1350 4025 1617 4096 λεγόμενα
1639 4041 1652 4053 ·
1694 4023 1814 4077 οὐδὲ
1843 4023 1950 4095 γὰρ

358 4115 478 4169 υἱοὶ
497 4115 593 4168 τοῦ
621 4117 753 4169 Λευὶ
785 4117 933 4186 μόνοι
955 4116 1045 4170 τὸν
1067 4117 1349 4187 καθαρμὸν
1379 4117 1624 4183 ἐδέξαντο
1645 4117 1786 4180 τότε,
1813 4117 1949 4171 ἀλλὰ

356 4205 575 4269 πάντες
607 4204 882 4276 ἄνθρωποι
901 4224 916 4238 ⁸
953 4201 1148 4279 οἷσπερ
1176 4203 1268 4260 οὖν
1298 4207 1639 4277 ἁρμόττουσα
1668 4208 1702 4278 ὴ
1724 4207 1816 4260 τοῦ
1850 4223 1954 4277 μα-

356 4299 568 4370 καρίου
602 4299 818 4353 Παύλου
849 4301 1030 4372 φωνὴ,
1079 4317 1099 4352 t
1153 4299 1531 4370 Ἐκκαθάρατε
1573 4299 1670 4370 τὴν
1711 4299 1951 4353 παλαιὰν

356 4394 574 4465 ζύμην,
607 4392 696 4446 ῖνα
722 4388 820 4464 ἦτε
860 4392 979 4446 νέον
1009 4393 1260 4465 φύραμα,
1295 4393 1474 4458 καθὼς
1526 4393 1647 4445 ἐστὲ
1677 4391 1895 4462 ἄζυμοι.
1928 4411 1946 4443 ι

370 4442 693 4537 arma
707 4442 758 4555 ,ς
776 4442 1237 4538 λίοιέὲθᾷᾇὲοἷῐξ
1247 4442 1954 4555 ὀιέξᾼᾷἆαῇήιζδέἐέῆὲέτε
1985 4442 2029 4497 θ

353 4578 565 4646 γέγονε
613 4577 692 4648 τῷ
744 4577 864 4648 Θεῷ
889 4592 903 4605 ·
956 4577 1263 4631 τούναντίον
1330 4575 1429 4645 μὲν
1484 4570 1576 4627 οὖν
1624 4573 1955 4644 πεπαυμένη

351 4670 594 4738 ἁπάσης
636 4670 872 4740 νομικῆς
915 4668 1104 4733 θυσίας
1157 4669 1216 4720 ὲν
1256 4667 1610 4738 Ἰερουσαλὴμ
1642 4668 1954 4739 γινομένης,

351 4760 434 4828 (p.
469 4758 602 4828 565)
663 4757 760 4812 ἅτε
807 4758 904 4810 καὶ
950 4755 1494 4825 συγκαταλελυμένης
1535 4756 1601 4825 τῇ
1649 4753 1744 4806 τοῦ
1789 4754 1954 4806 τόπου

350 4852 780 4922 παρατηρήσει,
814 4850 1098 4922 ἀνεδείχθη
1135 4851 1296 4904 θυσία
1325 4848 1635 4920 ἀπόρῤητός
1660 4864 1716 4900 τε
1745 4847 1841 4900 καὶ
1869 4846 1957 4899 λο-

349 4943 502 5014 γικὴ
553 4942 695 5012 (71),
743 4941 811 5012 ἢν
855 4941 950 4994 ἐπὶ
998 4940 1326 5012 μνημοσύνη)
1379 4939 1473 4992 τοῦ
1517 4955 1577 4991 τε
1622 4937 1827 5001 πάθους
1857 4935 1951 4989 τοῦ

429 5133 486 5166 ’⁸
517 5128 680 5184 Joan.
715 5129 870 5194 1,29.
951 5129 997 5162 "
1030 5129 1208 5184 iCor.
1251 5145 1302 5194 ν,
1342 5129 1392 5183 7.
1471 5129 1515 5161 θ’
1546 5127 1798 5188 Joan.1v,
1828 5125 1916 5180 21.

434 5294 556 5367 (70)
601 5294 828 5367 Rectius
865 5293 1089 5367 omnino
1134 5293 1187 5367 in
1228 5291 1634 5367 commentariis
1683 5288 1949 5367 Hierony-

351 5359 496 5424 mus
523 5359 548 5430 ,’
591 5366 834 5437 Cyrillus
871 5380 933 5418 ac
966 5365 1344 5437 Theodoretus
1365 5361 1654 5437 _hlal_ac_hize
1687 5360 1850 5437 verba
1887 5359 1955 5437 de

349 5437 598 5493 Joannis
640 5431 880 5489 'tantum
920 5435 1305 5503 praedicatione
1357 5432 1670 5499 Christique
1719 5431 1955 5503 adventu

351 5511 669 5576 explicant.
701 5506 900 5561 Noster
923 5501 1105 5560 autem
1141 5519 1291 5576 more
1320 5517 1420 5556 suo
1453 5517 1565 5556 rem
1595 5503 1743 5576 illam
1779 5501 1957 5576 potius

351 5569 491 5633 κατ’
524 5578 778 5636 ἔκϐασιν.
824 5577 878 5631 id
914 5585 998 5632 est
1043 5575 1331 5630 secundum
1371 5581 1607 5626 eventum
1648 5569 1955 5640 pleniorem,

353 5651 580 5703 mavult
605 5648 934 5716 intelligere,
964 5647 1160 5702 ethuic
1183 5659 1399 5713 quoque
1431 5646 1549 5697 loco
1581 5641 1960 5716 Macchabaica

353 5727 619 5790 tempora
657 5712 972 5790 importune
1005 5712 1306 5771 admiscere
1330 5724 1383 5767 et
1417 5712 1830 5790 accommodare
1871 5712 1950 5764 ni-

352 5771 1040 5858 titur'.vNotaa'propterea
1082 5793 1209 5842 sunt
1255 5792 1446 5840 contra
1481 5771 1947 5852 Mopsuestcnum,

2051 1832 2115 1884 Et
2148 1837 2309 1885 erunt
2346 1828 2576 1885 Domino
2609 1829 2944 1885 adducentes
2963 1830 3296 1886 sacrificium
3321 1833 3376 1886 in
3398 1833 3631 1901 justitia.

2049 1919 2116 1976 Et
2146 1922 2378 1992 placebit
2407 1919 2638 1977 Domino
2663 1921 2997 1976 sacrificium
3027 1919 3181 1977 Judae
3208 1923 3263 1977 in
3291 1921 3633 1981 Hierusalem

2051 2013 2194 2065 sicut
2226 2011 2344 2066 dies
2377 2011 2561 2067 saeculi
2595 2017 2648 2065 et
2679 2011 2823 2066 sicut
2857 2013 2984 2066 anni
3022 2011 3259 2083 pristini.
3286 2032 3303 2064 ι
3345 2011 3635 2069 Verumta-

2049 2115 2174 2156 men
2204 2102 2412 2172 aliquid
2443 2101 2600 2157 vobis
2625 2101 2982 2157 emolumenti
3004 2103 3282 2174 continget
3305 2120 3370 2159 ex
3397 2105 3634 2176 impacta

2051 2208 2234 2263 poena.
2264 2191 2512 2264 Namque
2541 2193 2684 2264 ignis
2709 2193 2884 2249 instar
2914 2194 2969 2248 in
3000 2193 3324 2249 conflatorio
3348 2205 3632 2266 argentum

2052 2285 2336 2354 purgantis
2369 2292 2423 2338 et
2453 2285 2767 2346 aurum,vel
2804 2283 2987 2340 herba:
3021 2286 3182 2340 etiam
3215 2302 3335 2356 quae
3366 2287 3632 2342 fullonum

2053 2391 2218 2445 Opera
2266 2383 2475 2432 vestem
2509 2374 2802 2441 emundat,
2855 2375 3264 2432 calamitatibus
3315 2388 3445 2432 tunc
3479 2379 3636 2434 vobis

2053 2467 2276 2523 inflictis
2303 2467 2557 2538 purgabit
2576 2465 2718 2522 Deus
2741 2468 2863 2523 illos
2885 2467 2976 2538 qui
2998 2469 3360 2524 sacerdotium
3389 2467 3635 2540 improbe

2055 2568 2288 2614 tractare
2312 2560 2551 2614 audent:
2587 2566 2649 2613 ut
2675 2557 2728 2611 bi
2762 2557 3209 2616 incumbentibus
3246 2561 3404 2615 malis
3438 2576 3634 2615 emun-

2053 2651 2192 2712 dati,
2235 2651 2342 2704 Deo
2376 2649 2632 2721 posthinc
2661 2650 2890 2705 offerant
2920 2651 3222 2714 sacrificia,
3269 2659 3431 2720 prout
3466 2649 3633 2706 Deum

2051 2742 2215 2814 382
2239 2743 2393 2797 decet
2420 2741 2647 2812 justitiae
2675 2740 2970 2803 vindicem,
3003 2740 3091 2793 cui
3125 2750 3278 2795 certe
3307 2742 3478 2795 multo
3509 2756 3632 2794 cum

2053 2837 2249 2889 timore
2283 2851 2502 2892 sacrum
2536 2834 2904 2889 ministerium
2940 2833 3356 2904 persolvendum
3397 2841 3502 2893 est,
3535 2846 3635 2885 ceu

2051 2927 2254 2982 valenti
2313 2935 2715 2996 contemptores
2747 2939 2879 2979 suos
2909 2925 3122 2994 punire.
3154 2923 3308 2978 Tunc
3337 2923 3636 2990 Judaei,in—

2052 3020 2190 3089 quit,
2217 3019 2273 3072 in
2305 3019 2492 3073 urbem
2520 3016 2860 3073 Hierusalem
2891 3024 3046 3090 grata
3081 3018 3188 3072 Deo
3231 3017 3507 3072 adducent
3548 3032 3637 3072 sa-

2051 3111 2279 3175 criﬁcia,
2311 3109 2614 3180 superioris
2643 3110 2818 3165 aetatis
2849 3125 3018 3174 more,
3061 3109 3116 3163 in
3147 3123 3254 3180 qua
3285 3109 3498 3179 aiustis
3541 3121 3638 3177 per

2053 3205 2294 3270 tempora
2322 3201 2735 3268 exsisteotibus,
2777 3202 2912 3258 recti
2946 3200 3105 3256 oﬂicii
3138 3201 3424 3266 studiosis,
3464 3199 3640 3256 sacri-

2053 3291 2172 3345 ﬁcia
2197 3292 2418 3362 pr0pria
2445 3291 2626 3348 offerri
2652 3292 2951 3362 legitimum
2984 3300 3116 3347 erat.
3139 3290 3276 3345 Nam
3308 3303 3486 3359 neque
3516 3302 3636 3340 ver-

2051 3383 2118 3438 ba
2135 3382 2422 3456 «Purgabit
2456 3383 2597 3440 filios
2627 3383 2810 3449 Levi,‘
2842 3399 3019 3455 neque
3048 3383 3175 3437 item
3208 3381 3323 3445 illa,
3360 3377 3634 3432 «Placebit

2051 3473 2282 3530 Domino
2330 3475 2663 3530 sacrificium
2711 3473 2865 3529 Judae
2903 3475 2958 3528 in
3004 3471 3398 3534 Hierusalem,‘
3437 3481 3636 3521 conve-

2052 3570 2266 3623 nienter
2297 3569 2445 3622 dicta
2494 3567 2719 3632 fuerint,
2771 3567 2818 3622 si
2861 3566 2984 3636 quis
3023 3579 3085 3619 ea
3135 3563 3355 3617 Christo
3404 3559 3635 3614 Domino

2053 3658 2595 3729 congruerejudicet.
2619 3656 2806 3728 Neque
2830 3657 2974 3712 enim
2997 3654 3088 3709 filii
3118 3653 3239 3708 Levi
3260 3652 3636 3707 tantummodo

2055 3757 2185 3803 tunc
2214 3751 2592 3819 purgationem
2622 3747 2836 3817 experti
2883 3752 3048 3812 sunt,
3088 3743 3182 3798 sed
3226 3759 3416 3798 omnes
3457 3741 3635 3795 homi-

2054 3854 2187 3894 nes:
2222 3841 2421 3910 quibus
2460 3837 2667 3893 idcireo
2709 3838 2963 3908 congruit
3005 3837 3152 3893 beati
3186 3835 3339 3890 Pauli
3388 3833 3630 3888 locutio:

2058 3951 2075 3984 ι
2105 3930 2404 4003 Expurgate
2437 3941 2588 3985 vetus
2610 3931 2949 3991 fermentum,
2976 3937 3033 3983 ut
3062 3926 3179 3982 sitis
3206 3939 3340 3979 nova
3370 3941 3636 3997 consper-

2056 4023 2167 4088 sio,
2200 4024 2344 4078 sicut
2377 4021 2511 4077 estis
2541 4018 2788 4094 azymi“.
2827 4037 2846 4071 ι
2898 4017 3005 4074 Sed
3037 4034 3210 4088 neque
3239 4015 3392 4070 Judte
3421 4015 3634 4072 sacritio

2055 4117 2200 4171 cium
2232 4116 2286 4170 in
2303 4115 2440 4171 urbe
2455 4114 2793 4170 Hierusalem
2825 4120 2957 4166 tunc
2985 4111 3319 4181 acceptabile
3351 4108 3463 4164 Deo
3497 4109 3632 4162 fuit:

2055 4210 2165 4264 imo
2194 4219 2403 4274 contra,
2450 4214 2700 4263 cessante
2734 4205 2884 4261 omni
2930 4203 3230 4262 secundum
3278 4204 3446 4272 legem
3491 4201 3636 4270 apud

2058 4298 2394 4354 Hierusalem
2439 4297 2732 4360 sacrificio,
2763 4297 2893 4366 quia
2931 4295 3094 4350 simul
3124 4310 3246 4350 cum
3282 4295 3385 4347 loci
3421 4306 3638 4364 posses-

2059 4391 2211 4444 sione
2240 4388 2456 4449 desivit,
2477 4387 2688 4443 exstitit
2713 4386 2962 4456 posthinc
2989 4385 3314 4441 sacrificium
3333 4383 3636 4437 inauditum

2059 4486 2223 4548 atque
2245 4478 2530 4539 rationale.
2555 4478 2699 4548 quod
2720 4478 2792 4532 ob
2817 4478 3133 4532 memoriam
3160 4474 3436 4544 passionis
3461 4470 3638 4525 Domi-

2060 4569 2198 4622 nica:
2234 4581 2299 4621 ac
2339 4569 2787 4632 resurrectionis,
2829 4582 2939 4622 non
2989 4567 3046 4621 in
3097 4566 3232 4620 urbe
3273 4563 3634 4623 Hierusalem.

2058 4657 2154 4714 sed
2190 4657 2392 4728 ubique
2421 4665 2689 4713 terrarum
2733 4665 3002 4728 quotquot
3053 4656 3390 4712 credidimus
3429 4654 3637 4725 pariter

2058 4749 2730 4806 oﬂ'crimusutlredeenim
2749 4751 2901 4815 mihi,
2955 4750 3156 4820 inquit,
3221 4747 3636 4816 omulier,quia

2059 4847 2204 4901 venit
2235 4847 2388 4910 hora,
2409 4843 2630 4916 quando
2651 4859 2827 4915 neque
2850 4841 3242 4914 Hierosolymis
3274 4855 3450 4910 neque
3477 4839 3531 4892 in
3555 4839 3636 4892 lo-

2059 4955 2125 4994 co
2153 4939 2258 4995 isto
2282 4940 2577 4994 adorabitis
2598 4937 2814 4994 Patrem
2829 4939 2897 4991 ⁸⁷.
2912 4936 3146 5006 meique
3161 4947 3384 4991 causam
3403 4933 3595 4987 dicens
3617 4950 3631 4984 :

2063 5285 2220 5357 quasi
2268 5284 2679 5354 ιουδαιόφρονα,
2721 5291 2966 5357 veterum
3017 5278 3448 5357 criminationes:
3497 5278 3634 5357 Cum

2058 5347 2696 5429 praedicatorum'autern,
2715 5352 3055 5429 aliorumque
3077 5347 3300 5429 Patrum
3324 5348 3635 5429 Christiana

2058 5421 2232 5495 inagis
2286 5424 2573 5495 praesentis
2626 5423 2730 5476 loci
2795 5421 3246 5490 interpretatione
3307 5423 3631 5479 recentiores

2060 5500 2223 5553 etiam
2252 5496 2430 5550 critici
2462 5508 2573 5548 uno
2606 5508 2702 5548 ore
2733 5498 3058 5546 consonant.

2135 5567 2248 5632 (7t)
2291 5565 2570 5619 Rationale
2611 5563 2959 5631 sacriﬁcium,
3007 5559 3056 5614 id
3091 5569 3206 5623 est,
3246 5558 3445 5630 absque
3471 5565 3642 5632 matc—

2064 5639 2183 5692 riali
2217 5631 2454 5690 victima.
2497 5634 2694 5690 Confer
2727 5642 2903 5686 tamen
2945 5647 3063 5701 quae
3109 5631 3641 5701 nos-adnotavimus

2059 5717 2096 5760 t.
2133 5707 2220 5770 V’I,
2272 5708 2336 5760 ad
2379 5704 2652 5762 Theodori
2678 5699 3007 5760 Andidcnsis
3062 5701 3137 5755 De
3175 5699 3275 5755 SS.
3344 5703 3496 5752 missa
3532 5709 3639 5750 trn-

2060 5791 2281 5845 ctatum,
2313 5793 2363 5850 p.
