3974 6146
351 298 452 352 e23
1511 315 1868 375 renonum
1905 318 2387 377 uorsussrnm
3513 299 3612 356 συ

351 442 367 473 ε
393 420 686 494 Spiritus,»
710 423 935 494 inquit,¢
961 424 1102 479 Deus
1117 433 1222 488 est,
1241 432 1294 480 et
1313 440 1408 482 eos
1426 429 1517 498 qui
1537 429 1768 484 adorant
1786 445 1933 494 eum,

2042 432 2356 488 Δεσποτικοῦ
2384 433 2476 487 καὶ
2506 433 2597 505 τῆς
2631 432 2838 488 ὲκεῖθεν
2871 433 3239 500 ἀναστάσεως,
3275 434 3375 489 οὐκ
3421 435 3481 489 ιν
3521 430 3621 489 Ἰε-

346 511 400 565 in
443 511 640 583 spiritu
683 527 745 565 ac
791 515 1014 566 veritate
1061 519 1277 584 oportet
1325 514 1587 572 adorare:
1623 534 1746 612 nam
1779 519 1935 576 Pater

2044 523 2342 596 ρουσαλὴμ,
2369 524 2504 578 ἀλλά
2530 525 2805 595 πανταχοῦ
2835 526 2940 596 γῆς
2968 528 3016 580 ei
3048 528 3472 591 πεπιστευκότες
3501 527 3622 581 ἑπι-

344 605 483 660 talcs
514 605 706 676 quaerit
741 603 833 674 qui
867 603 1095 660 adorent
1125 608 1344 662 eum":
1378 628 1397 660 ι
1427 603 1714 666 manifeste
1749 619 1935 668 osten-

2042 613 2294 684 τελοῦμεν
2317 615 2534 690 ὁμοίως⁹
2561 634 2578 666 ι
2609 616 2838 668 Πίστευε
2856 617 2975 687 ’γάρ
3006 634 3116 688 μοι,
3143 635 3161 668 ι
3185 619 3371 691 φησὶν,
3400 637 3418 669 ι
3439 619 3622 688 γύναι,

343 697 500 765 dens,
537 715 595 753 se
630 699 748 752 illos
784 697 1003 766 quidem
1038 701 1381 770 repudiasse,
1413 703 1506 773 qui
1545 703 1688 757 intra
1737 701 1935 760 Hieru-

2042 705 2116 759 ὅτι
2145 705 2364 778 ἔρχεται
2392 708 2509 780 ὥρα
2533 708 2622 761 ὅτε
2649 706 2772 760 οὔτε
2797 710 2853 762 ὲν
2891 708 3280 780 Ἰεροσολύμοις
3305 709 3429 764 οὔτε
3464 713 3521 765 ὲν
3544 711 3625 783 τῷ

345 792 511 844 salem
533 805 594 843 ac
616 787 916 844 Simariam
961 789 1053 846 Dei
1088 792 1464 848 adorationem
1501 793 1931 852 circumscribe-

2042 795 2183 866 τόπῳ
2210 795 2385 866 τούτῳ
2418 798 2829 868 προσκυνήσετε
2857 798 2934 869 τῷ
2971 799 3178 872 Πατρί·
3212 819 3232 852 ι
3278 800 3373 854 καὶ
3410 801 3510 873 τὴν
3535 805 3620 855 ai-

344 882 502 947 bant;
527 881 742 950 plurimi
767 889 948 936 autem
983 883 1164 939 facere
1182 885 1284 939 hos
1334 886 1581 940 veritatis
1620 895 1928 956 amatores,

2042 888 2151 941 τίαν
2179 887 2374 958 λέγων,
2420 907 2438 939 ‹
2478 889 2702 961 Πνεῦμα
2726 893 2754 944 ὁ
2780 890 2932 955 Θεὸς,
2961 891 3208 955 καὶτοὺς
3247 892 3622 964 προσκυνοῦν-

342 975 436 1042 qui
489 973 692 1043 ubique
741 983 1008 1030 terrarum
1050 974 1277 1045 perinde
1325 974 1563 1032 oﬁ‘erunt
1601 976 1929 1034 sacriﬁciqu

2042 997 2136 1043 τας
2168 981 2351 1044 αὐτὸν,
2379 983 2437 1034 ὲν
2466 981 2738 1052 πνεύματι
2771 982 2866 1035 καὶ
2893 982 3122 1054 ἀληθείᾳ
3153 983 3233 1036 δεῖ
3258 987 3618 1056 προσκυνεῖν

344 1065 577 1119 creatori
611 1065 852 1120 omnium
885 1065 997 1124 Deo
1028 1067 1226 1138 ubique
1250 1069 1458 1137 pariter
1484 1070 1762 1139 praesenti.

2042 1071 2132 1124 καὶ
2155 1070 2262 1142 γὰρ
2283 1073 2312 1124 ό
2337 1071 2526 1143 Πατὴρ
2550 1073 2828 1137 τοιούτους
2849 1071 3003 1144 ζητεῖ
3022 1076 3149 1138 τοὺς
3173 1076 3622 1143 προσκυνοῦντας

343 1160 534 1215 αὐτόν·
565 1180 584 1214 ι
623 1161 808 1235 σαφῶς
842 1163 1052 1226 δεικνὺς
1081 1164 1162 1218 ὅτι
1192 1163 1433 1228 ἐκείνους
1464 1164 1562 1236 μὲν
1615 1165 2001 1237 ἀπεπέμψατο,
2034 1167 2160 1231 τοὺς
2185 1170 2252 1238 τῇ
2324 1166 2680 1239 Ἰερουσαλὴμ
2745 1168 2841 1220 καὶ⁵
2897 1170 2963 1238 τῇ
3029 1168 3313 1240 Σαμαρείᾳ
3354 1170 3622 1241 περιγρά-

345 1273 540 1326 φοντας
571 1257 670 1330 τὴν
719 1257 1084 1330 προσκύνησιν
1129 1258 1228 1330 τὴν
1277 1257 1448 1323 θείαν,
1504 1259 1632 1330 περὶ
1678 1258 1870 1313 πολλοῦ
1936 1260 1993 1313 δὲ
2040 1261 2274 1314 ποιεῖται
2329 1258 2554 1322 τούτους
2611 1259 2737 1323 τοὺς
2793 1259 3032 1330 ἐραστάς
3079 1258 3178 1330 τῆς
3225 1259 3504 1330 ἀληθείας,
3567 1259 3621 1313 οἱ

345 1348 618 1418 πανταχοῦ
647 1349 750 1418 γῆς
771 1349 968 1419 ὁμοίως
1000 1349 1331 1418 προσάγουσι
1355 1347 1453 1420 τὴν
1483 1349 1673 1403 θυσίαν
1695 1349 1773 1418 τῷ
1796 1348 1905 1404 τῶν
1927 1349 2184 1405 ἀπάντων
2210 1353 2410 1422 ποιητῇ
2457 1348 2598 1420 Θεῷ,
2624 1351 2719 1404 καὶ
2743 1349 3016 1420 πανταχοῦ
3047 1367 3109 1417 γε
3134 1350 3367 1420 παρόντι
3397 1351 3620 1421 ὁμοίως.

414 1437 802 1494 Verumtamen
844 1439 1232 1495 convenienter
1290 1439 1406 1494 haec
1461 1438 1929 1496 Macchabaeorum

2118 1440 2521 1512 Ἀρμοττόντως
2543 1440 2600 1493 δὲ
2621 1440 2792 1494 ταῦτα
2813 1441 2890 1511 τῷ
2917 1441 3057 1495 κατά
3084 1442 3210 1505 τοὺς
3231 1443 3624 1507 Μακκαϐαίους

345 1532 578 1602 tempori
609 1529 752 1585 dicta
781 1529 1031 1597 fuerunt;
1065 1545 1174 1600 quo
1206 1543 1328 1584 cum
1373 1529 1537 1602 383
1584 1532 1818 1602 plurima
1844 1547 1932 1589 es-

2042 1529 2491 1605 εῐρηταικαιρῷ,
2526 1531 2614 1585 ὅτε
2647 1531 2906 1602 πλείστης
2933 1533 3098 1602 ὅσης,
3143 1533 3292 1603 παρά
3319 1551 3380 1587 τε
3411 1534 3519 1587 τῶν
3548 1536 3622 1588 ίε-

346 1631 466 1679 sent
493 1633 604 1678 tum
636 1639 825 1679 eorum
872 1622 966 1694 qui
1015 1621 1326 1678 saCerdotio
1369 1622 1523 1695 fungi
1567 1624 1928 1692 videbantur,

2042 1621 2286 1692 ρατεύειν
2312 1621 2630 1688 δοκούντων,
2667 1624 2762 1676 καὶ
2792 1622 2943 1695 παρά
2981 1625 3085 1676 τῶν
3111 1623 3204 1677 τοῦ
3239 1623 3370 1678 λαοῦ
3401 1625 3623 1696 γινομέ-

345 1727 459 1771 tum
489 1718 650 1773 etiam
680 1717 864 1788 populi
903 1723 1166 1788 peccata,
1219 1717 1424 1786 objecit
1465 1732 1562 1773 eos
1598 1715 1742 1773 Deus
1784 1716 1929 1774 bello

2042 1730 2133 1784 νης
2170 1713 2271 1784 τῆς
2308 1713 2710 1786 πλημμελείας,
2750 1714 3035 1786 παρέδωκε
3070 1715 3167 1785 μὲν
3199 1716 3397 1780 αὐτοὺς
3428 1717 3458 1768 ὁ
3489 1716 3622 1781 Θεὸς

345 1809 709 1864 Macedonicae
742 1807 1136 1875 successionis,
1168 1822 1198 1860 a
1225 1808 1429 1878 quibus
1463 1807 1716 1878 plurimis
1751 1808 1930 1878 impli—

345 1903 439 1958 citi
482 1902 700 1957 fuerunt
735 1901 1016 1956 aerumnis.
1055 1899 1161 1955 Sed
1190 1898 1330 1954 Juda
1361 1899 1664 1956 Maccabazo
1704 1900 1928 1956 tutelam

345 1996 542 2050 divinae
569 1994 704 2064 legis
744 2002 998 2065 gerente,
1047 1993 1362 2062 bellumque
1413 2008 1513 2063 pro
1556 2008 1620 2048 ea
1666 1992 1931 2048 adversus

347 2085 724 2140 Macedonicos
769 2099 925 2154 reges
973 2084 1340 2154 suscipiente,
1400 2085 1570 2138 multa
1631 2083 1686 2138 in
1733 2083 1931 2139 melius

346 2177 634 2231 conversio
654 2177 922 2231 universze
949 2176 1128 2246 gentis
1161 2174 1305 2230 facta
1334 2181 1441 2230 est.
1474 2173 1610 2230 Nam
1643 2175 1737 2230 Dei
1775 2174 1932 2230 auxi-

346 2269 477 2320 lium
533 2267 678 2322 nacti
726 2263 1070 2326 Maecbabaai,
1097 2276 1152 2321 et
1190 2281 1346 2336 reges
1393 2265 1835 2332 debellaverunt,
1877 2274 1932 2323 et

345 2358 611 2420 improbis
641 2359 856 2414 illorum
890 2359 1156 2415 ministris
1185 2360 1422 2430 punitis,
1467 2359 1648 2414 ordini
1695 2373 1759 2413 ac
1805 2373 1930 2430 pro-

346 2451 598 2520 speritati
628 2458 844 2521 gentem
871 2458 1038 2505 totam
1060 2453 1455 2508 restituerunt:
1487 2451 1562 2505 ita
1590 2458 1713 2505 utet
1734 2451 1932 2506 divina:

346 2545 494 2614 leges
526 2543 667 2613 apud
695 2559 814 2598 eam
860 2545 1246 2614 praevalerent,
1288 2552 1342 2599 et
1385 2543 1567 2597 omnis
1615 2551 1775 2597 antea
1824 2543 1931 2598 late

347 2653 607 2707 grassans
640 2637 904 2707 iniquitas
933 2639 1326 2709 expelleretur:
1373 2636 1744 2693 sacerdotium
1777 2634 1931 2690 deni-

348 2743 456 2799 que
499 2735 553 2783 et
609 2744 769 2784 omne
807 2729 971 2799 hujus
1011 2730 1292 2800 proprium
1328 2730 1698 2784 ministerium
1743 2728 1931 2783 debito

347 2821 456 2874 ritu
479 2827 828 2875 tractaretur.
857 2820 1012 2886 Quod
1034 2822 1163 2877 item
1185 2822 1379 2876 beatus
1404 2817 1702 2873 Zacharias
1733 2819 1791 2872 in
1813 2818 1931 2874 suis

349 2910 672 2981 signiﬁcavit
703 2914 1070 2968 sermonibus.
1113 2911 1228 2966 Hoc
1260 2914 1444 2982 itaque
1470 2925 1618 2966 nunc
1644 2911 1809 2966 etiam
1843 2910 1931 2965 die

349 3003 457 3066 cit,
503 3018 702 3073 nempe
745 3003 1015 3069 Quoniam
1041 3003 1310 3073 judicium
1347 3003 1670 3074 postulatis,
1718 3009 1932 3072 tempus

350 3093 527 3150 aderit
556 3111 681 3150 cum
719 3107 900 3150 vestra
929 3103 1150 3166 peccata
1197 3097 1442 3167 punium,
1473 3113 1683 3168 vosque
1716 3095 1906 3152 mode-
1948 3114 1990 3170 ρ

352 3185 550 3240 stiores
582 3186 722 3239 mala
745 3185 1036 3256 inﬁigendo
1063 3187 1314 3252 eﬁiciam,
1337 3197 1390 3241 et
1417 3188 1577 3258 quasi
1607 3187 1930 3243 coutlatorio

352 3295 381 3332 a
407 3278 653 3350 pristinis
678 3280 918 3349 peccatis
947 3295 1209 3350 purgans,
1239 3281 1572 3351 comparabo
1601 3294 1699 3336 vos
1725 3281 1791 3335 ad
1812 3294 1933 3335 om-

353 3371 502 3426 nium
552 3369 663 3426 Deo
711 3377 990 3441 gratorum
1041 3369 1345 3426 ciliciorum
1391 3372 1826 3435 observantiam,
1877 3381 1934 3426 et

351 3460 572 3530 quidem
604 3460 767 3515 etiam
807 3461 872 3514 ad
908 3460 1107 3532 placita
1158 3460 1270 3516 Deo
1312 3463 1584 3518 sacriﬁcia
1629 3460 1930 3517 oﬁ‘ereuda.

353 3552 562 3618 Quibus
595 3554 959 3618 subnectens,
1006 3555 1267 3624 quoniam
1298 3554 1603 3626 iuﬁigenda:
1651 3556 1720 3610 iis
1759 3568 1935 3624 μαλυιτ

352 3647 640 3701 utilitatem
667 3653 1005 3709 narraverat,
1026 3647 1410 3716 perfectiorem
1435 3663 1496 3703 se
1521 3647 1589 3703 iis
1609 3654 1935 3702 curaturum

351 3737 815 3804 emendationem,
841 3738 909 3792 ita
940 3738 1070 3792 dicit
1097 3755 1111 3790 :

2032 1803 2110 1873 τῷ
2141 1804 2359 1876 πολέμῳ
2403 1805 2510 1860 τῶν
2554 1808 2618 1859 ὲκ
2659 1805 2758 1876 τῆς
2803 1806 3180 1878 Μακεδονικῆς
3228 1806 3622 1877 βασιλευόντων

2031 1895 2304 1966 διαδοχῆς,
2333 1897 2422 1967 ὑφ’
2448 1890 2522 1950 ὧν
2542 1897 2606 1968 δὴ
2635 1898 2911 1962 πλείστοις
2933 1898 3375 1970 περιεὸλήθησαν
3400 1901 3618 1964 κακοῖς⁶
3726 1883 3734 1892 ’

2032 1987 2138 2040 τῶν
2168 1988 2224 2040 δὲ
2253 1988 2380 2059 περὶ
2410 1988 2503 2042 τὸν
2533 1989 2896 2046 Μακκαϐαῖον
2938 1990 3137 2044 Ἰούδαν
3165 1991 3257 2044 τοῦ
3291 1991 3460 2062 νόμου
3489 2009 3624 2063 προ-
3727 1987 3748 2008 ⁹

2034 2079 2273 2133 στάντων
2325 2079 2420 2132 τοῦ
2473 2079 2651 2146 θείου,
2702 2083 2798 2135 καὶ
2844 2081 2933 2136 τὸν
2987 2083 3126 2155 ὑπὲρ
3175 2083 3340 2137 αὑτοῦ
3386 2083 3622 2153 πόλεμον

2031 2171 2444 2243 ἀναδεξαμένων
2469 2171 2607 2244 πρὸς
2637 2174 2764 2238 τοὺς
2797 2175 2917 2228 τότε
2951 2175 3337 2246 βασιλεύοντας
3365 2177 3473 2231 τῶν
3502 2177 3624 2231 Μα-

2032 2261 2284 2329 κεδόνων,
2314 2263 2478 2335 πολλή
2511 2281 2595 2328 τις
2629 2266 2722 2318 ἐπὶ
2771 2265 2835 2319 τὸ
2882 2270 3129 2338 κρεῖττον
3181 2269 3451 2341 μεταϐολὴ
3491 2269 3623 2340 περὶ

2031 2353 2177 2408 ἀπαν
2205 2355 2397 2426 γέγονε
2429 2357 2490 2433 τὸ
2541 2356 2694 2422 ἔθνος
2722 2373 2736 2388 ⁸
2785 2361 3147 2430 τετυχηκότες
3182 2361 3293 2433 γὰρ
3340 2362 3440 2432 τῆς
3469 2361 3622 2427 θείας

2033 2447 2205 2518 ῥοπῆς
2249 2449 2298 2501 oi
2349 2431 2700 2503 Μακκαϐαἶοι
2747 2451 2874 2515 τούς
2920 2469 2979 2505 τε
3026 2431 3284 2523 βασιλέας
3315 2431 3623 2523 κατηγωνί-

2033 2553 2214 2604 σαντο,
2249 2539 2343 2592 καὶ
2372 2540 2499 2604 τοὺς
2529 2541 2660 2612 παρ’
2693 2542 2877 2605 αὐτοῖς
2904 2542 3014 2597 τῶν
3049 2543 3339 2615 μοχθηρῶν
3368 2562 3619 2618 τιμωρη-

2033 2629 2278 2699 σάμενοι,
2327 2631 2402 2701 (p.
2429 2632 2556 2704 564)
2611 2633 2670 2685 ἐν
2719 2634 3013 2706 εὐσταθείᾳ
3044 2653 3103 2688 τε
3136 2639 3233 2690 καὶ
3260 2637 3530 2709 εὐκοσμίᾳ
3560 2639 3624 2691 τὺ

2032 2720 2185 2786 ἔθνος
2213 2722 2357 2778 ἅπαν
2391 2727 2812 2796 παρεσκεύασαν
2845 2723 2986 2782 εἶναι
3011 2741 3026 2756 ⁸
3080 2727 3220 2784 ὥστε
3255 2729 3349 2782 καὶ
3379 2731 3508 2794 τοὺς
3535 2731 3624 2784 νόο

2035 2831 2169 2886 μους
2187 2817 2313 2879 τοὺς
2337 2817 2514 2882 θείους
2539 2823 2756 2891 κρατεῖν
2785 2823 2911 2891 παρ’
2944 2823 3150 2889 αὐτοῖς,
3182 2823 3530 2894 παρανομίαν
3557 2841 3617 2877 τε

2035 2909 2218 2962 πᾶσαν
2250 2909 2309 2976 ἐξ
2342 2911 2520 2966 αὐτῶν
2571 2912 2908 2983 ἀπελαθῆναι
2953 2913 3220 2986 πρότερον
3271 2913 3578 2985 κρατοῦσαν
3601 2929 3618 2946 α

2032 2999 2127 3052 καὶ
2151 3000 2214 3072 δὴ
2245 3003 2341 3054 καὶ
2368 3001 2464 3074 τὴν
2502 3003 2801 3075 ἱερωσύνην
2834 3005 3014 3058 πᾶσάν
3041 3022 3102 3058 τε
3128 3005 3227 3076 τὴν
3250 3005 3418 3077 ταύτῃ
3446 3005 3619 3076 καθή-

2032 3107 2235 3145 κουσαν
2282 3092 2624 3166 λειτουργίαν
2657 3095 2796 3166 μετὰ
2833 3097 2927 3150 τοῦ
2977 3098 3347 3169 προσήκοντος
3379 3097 3622 3150 ἐκτελεῖ-

2039 3183 2164 3240 σθαι
2191 3201 2204 3214 ’
2256 3187 2394 3258 ὅπερ
2435 3183 2527 3243 οὖν
2558 3189 2713 3242 καὶὸ
2759 3190 3028 3260 μακάριος
3079 3190 3358 3262 Ζαχαρίας
3403 3192 3463 3244 ὲν
3508 3191 3623 3252 τοῖς
3700 3182 3706 3187 ’

2039 3278 2235 3332 ἑαυτοῦ
2283 3278 2551 3350 δεδήλωκε
2609 3279 2789 3349 λόγοις
2816 3298 2831 3312 ι
2896 3280 3055 3335 τοῦτο
3117 3283 3296 3335 τοίνυν
3345 3281 3623 3336 κάνταῦθά

2043 3387 2231 3441 φησιν,
2288 3373 2372 3424 ὄτι
2462 3372 2678 3443 Ἐπειδὴ
2732 3374 2832 3446 τὴν
2877 3373 3094 3427 δικαίαν
3142 3374 3354 3444 ζητεῖτε
3415 3373 3619 3444 κρίσιν,

2039 3462 2194 3518 ἔσται
2227 3465 2418 3536 καιρὸς
2467 3467 2702 3537 ὁπηνίκα
2748 3468 3134 3538 τιμωρήσομαι
3185 3467 3284 3536 μὲν
3335 3465 3490 3536 ὑμῶν
3519 3464 3623 3528 τάς

2040 3553 2435 3625 πλημμελείας,
2471 3558 2943 3628 σωφρονεστέρους
2976 3556 3034 3610 δὲ
3067 3557 3212 3628 ὑμᾶς
3243 3557 3335 3610 διὰ
3362 3555 3472 3610 τῶν
3500 3557 3624 3609 ἑπι-

2037 3643 2339 3716 γινομένων
2395 3649 2770 3720 ἐργασάμενος
2827 3648 3014 3702 κακῶν
3040 3687 3056 3714 ,
3107 3649 3203 3704 καὶ
3263 3649 3458 3720 ὥσπερ
3516 3651 3625 3704 τινὶ

2037 3739 2239 3810 χωνείᾳ
2287 3740 2395 3795 τῶν
2446 3741 2691 3796 παλαιῶν
2749 3742 3062 3815 ὲκκαθῄρας
3110 3742 3622 3814 πλημμελημάτων,

354 3833 757 3905 παρασκευάσω
784 3833 848 3905 δὴ
888 3834 1105 3889 πάντων
1147 3852 1207 3889 τε
1253 3833 1629 3906 ἐπιμελεῖσθαι
1671 3832 1782 3888 τῶν
1848 3830 1969 3903 Θεῷ
2007 3830 2325 3900 δοκούντων,
2372 3837 2464 3890 καὶ
2494 3837 2559 3909 δὴ
2589 3838 2682 3892 καὶ
2707 3842 2806 3908 την
2868 3838 2978 3891 τῶν
3009 3836 3210 3890 θυσιῶν
3254 3837 3624 3910 προσκομιδῆν

353 3927 694 3998 ἀρεσκόντως
737 3925 1008 3980 ποιεῖσθαι
1052 3926 1205 3998 056.?)-
1258 3921 1340 3992 οἷς
1387 3926 1698 3991 ἀκολούθως
1741 3927 1929 3998 ἐπειδὴ
1968 3926 2068 3996 τῆς
2095 3928 2549 4001 ὲπαχθησομένης
2587 3932 2773 3994 αὐτοῖς
2815 3929 2936 3984 τότε
2998 3930 3272 4004 τιμωρίας
3338 3931 3402 3985 ea
3433 3932 3626 4005 κέρδος

356 4019 481 4089 ἔφη,
549 4019 624 4082 ὡς
656 4019 721 4074 ἂν
751 4020 1134 4092 ἐντελεστέραν
1200 4021 1539 4092 προσαγάγοι
1585 4022 1698 4084 τοῖς
1739 4019 1999 4073 ἀκούουσι
2037 4019 2136 4091 τὴν
2166 4019 2470 4092 διόρθωσιν,
2504 4021 2646 4074 οὕτω
2675 4021 2840 4091 φησίν
2861 4038 2874 4051 ·

429 4110 594 4167 Vsus.
629 4112 749 4167 5-7.
775 4142 844 4156 —-
876 4132 894 4165 ι
940 4112 1006 4168 Ει
1041 4114 1302 4170 accedam
1334 4115 1400 4170 ad
1429 4129 1530 4171 vos
1561 4115 1617 4169 in
1644 4113 1877 4183 judicio.
1912 4130 1932 4164 ι

359 4201 415 4257 ld
435 4211 543 4266 est,
567 4199 718 4256 vobis
737 4207 1010 4275 apparebo
1024 4216 1209 4264 vestra
1237 4222 1405 4279 opera
1422 4207 1795 4279 iudicaturus.
1827 4224 1846 4256 ‹
1869 4201 1939 4258 Et

358 4311 455 4355 ero
493 4299 650 4357 testis
689 4298 849 4358 velox
882 4317 1047 4372 super
1087 4303 1360 4360 veneﬁcos
1381 4343 1398 4370 ,
1431 4309 1488 4359 et
1518 4316 1687 4372 super
1719 4301 1937 4356 adulte-

359 4407 482 4459 ras,
520 4399 576 4447 et
615 4407 782 4462 super
811 4392 1064 4464 iurantes
1101 4395 1156 4450 in
1195 4395 1416 4451 nomine
1455 4409 1578 4450 meo
1614 4408 1742 4449 cum
1776 4409 1934 4450 men-

361 4483 529 4540 dacio
550 4524 565 4549 ,
599 4493 656 4541 et
689 4501 855 4556 super
885 4485 1199 4543 fraudantes
1228 4487 1536 4543 mercedem
1572 4487 1933 4553 mercenarii,
1969 4463 2015 4518 Β

361 4585 416 4630 et
460 4575 752 4632 viduarum
799 4593 1197 4649 oppressores,
1230 4587 1285 4634 et
1330 4579 1702 4648 orphanorum
1745 4577 1940 4632 verbe-

363 4673 614 4732 ratores,
661 4677 717 4724 et
754 4672 850 4740 qui
895 4677 1220 4741 pervertunt
1269 4671 1538 4740 judicium
1588 4671 1844 4737 advenae,
1885 4677 1940 4724 et

362 4759 456 4827 qni
504 4773 592 4815 me
639 4775 750 4816 non
801 4763 1033 4828 timent,
1066 4761 1202 4817 dicit
1229 4761 1492 4818 Dominus
1514 4761 1886 4830 omnipotens.
1915 4779 1934 4811 ι

363 4848 464 4906 His
510 4852 695 4910 verbis
739 4852 1001 4910 nimirum
1045 4853 1289 4910 ostendit
1323 4861 1466 4924 quot
1495 4860 1938 4923 quantarumque

366 4953 704 5014 patratarum
761 4947 1116 5018 iniquitatum
1167 4959 1362 5016 poenas
1397 4945 1589 5001 daturi
1639 4945 1770 5002 sint.
1817 4944 1937 5001 Jam

367 5039 696 5094 locutionem
731 5036 898 5109 384
945 5038 1147 5094 «Testis
1173 5038 1351 5094 velox»
1377 5037 1508 5093 dicit
1529 5049 1644 5107 pro,
1693 5036 1937 5092 Celerem

367 5145 584 5198 pinnam
629 5130 936 5194 adducam,
971 5130 1173 5198 quippe
1202 5129 1297 5198 qui
1330 5138 1510 5184 vestra
1544 5128 1731 5184 omnia
1774 5143 1940 5183 accu-

365 5230 483 5275 rate
510 5221 666 5277 scio:
704 5229 755 5276 ct
801 5222 1066 5278 adversus
1103 5221 1328 5276 omnino
1371 5230 1635 5289 cunctos,
1670 5229 1937 5292 quotquot

367 5312 570 5375 libere,
607 5312 814 5367 omisso
862 5314 1059 5368 timore
1105 5329 1263 5380 meo,
1321 5314 1580 5385 nequitiae
1627 5314 1938 5380 adhaerent,

371 5403 510 5458 hanc
543 5419 760 5474 poenam
794 5407 1052 5463 indicam.
1097 5405 1221 5462 Mox
1251 5407 1436 5463 addit:
1467 5427 1486 5460 ι
1520 5404 1658 5473 Quia
1703 5421 1805 5475 ego
1832 5403 1940 5458 Do-

372 5495 555 5549 minus
585 5497 728 5552 Deus
762 5509 957 5563 vester,
984 5512 1039 5556 et
1071 5517 1180 5556 non
1212 5503 1492 5556 immutor.
1543 5502 1608 5556 Et
1655 5515 1754 5555 vos
1775 5539 1790 5562 ,
1845 5497 1942 5552 lilii

367 5584 541 5640 Jaeob
561 5627 575 5653 _.
607 5602 717 5642 non
741 5591 996 5649 receditis
1026 5609 1056 5648 a
1087 5597 1328 5666 peccatis
1355 5604 1570 5665 patrum
1599 5602 1904 5651 vestrorum
1927 5631 1943 5659 ,

439 5761 487 5796 ⁸³
509 5758 668 5816 Joan.
696 5777 768 5828 tv,
796 5761 889 5817 ‘23.

2113 4113 2265 4185 Στίχ.
2287 4113 2419 4178 ε’-ξ¹.
2447 4145 2517 4156 -
2545 4133 2564 4166 ι
2601 4117 2711 4168 Καὶ
2755 4115 3188 4186 προσελεύσομαι
3226 4116 3362 4188 πρὸς
3393 4116 3536 4187 ὑμᾶς
3563 4116 3622 4168 ὲν

2044 4205 2255 4277 κρίσει·
2293 4224 2312 4258 ι
2351 4205 2472 4259 ἀντὶ
2510 4205 2627 4270 τοῦ,
2665 4207 2940 4278 Φανοῦμαι
2991 4209 3050 4260 ὲν
3086 4209 3214 4279 ὑμῖν
3257 4207 3379 4260 τότε
3421 4206 3622 4279 κρίνων

2042 4299 2156 4360 τοῖς
2189 4297 2318 4368 παρ’
2350 4296 2502 4367 ὑμῶν
2539 4298 2954 4369 πραττομένοις.
2987 4317 3006 4351 ι
3029 4298 3148 4351 Καὶ
3192 4297 3386 4368 ἔσομαι
3414 4297 3622 4367 μάρτυς

2041 4386 2210 4456 ταχὺς
2241 4387 2334 4439 ἐπὶ
2363 4388 2487 4450 τοὺς
2515 4389 2857 4458 φαρμακοὺς,
2891 4388 2984 4439 καὶ
3027 4387 3120 4441 ἐπὶ
3153 4386 3252 4450 τάς
3287 4386 3618 4458 μοιχαλίδας,

2043 4480 2138 4533 καὶ⁵
2167 4478 2261 4531 ἐπὶ
2304 4480 2430 4542 τοὺς
2467 4478 2764 4548 ὀμνύοντας
2795 4477 2873 4548 τῷ
2904 4477 3128 4548 ὀνόματί
3167 4494 3270 4548 μου
3298 4477 3391 4530 ἐπὶ
3412 4474 3620 4545 ψεύδει,

2044 4571 2140 4626 καὶ
2183 4571 2280 4624 ἐπὶ
2315 4571 2438 4634 τοὺς
2482 4569 2917 4641 ἀποστεροῦντας
2969 4568 3158 4638 μισθὸν
3199 4566 3491 4638 μισθωτοῦ,
3527 4567 3625 4620 καὶ

2045 4661 2605 4726 καταδυναστεύοντας
2641 4662 2836 4734 χήρας,
2870 4659 2964 4713 καὶ
3011 4658 3420 4724 κονδυλίζοντας
3447 4658 3626 4728 ὀρφα-

2045 4756 2189 4820 νοὺς,
2223 4756 2319 4808 καὶ
2367 4755 2494 4818 τοὺς
2531 4752 2875 4815 ὲκκλίνοντας
2914 4751 3094 4822 κρίσιν
3137 4749 3496 4820 προσηλύτου,
3529 4748 3629 4802 καὶ

2043 4849 2170 4911 τοὺς
2229 4848 2305 4919 μὴ
2360 4846 2724 4917 φοϐουμένους
2780 4862 2876 4915 με,
2913 4846 2990 4914 (p.
3043 4843 3170 4915 565)
3227 4842 3375 4911 λέγει
3423 4841 3630 4910 Κύριος

2042 4941 2460 5012 παντοκράτωρ.
2502 4957 2520 4990 ι
2559 4939 2783 5001 Δεικνὺς
2839 4936 2927 4990 διὰ
2973 4935 3176 4990 τούτων
3226 4935 3367 5005 ὑπὲρ
3413 4933 3628 4988 ὁπόσων

2043 5025 2118 5086 ὧν
2146 5032 2565 5101 διαπράττονται
2598 5030 2718 5083 τότε
2749 5029 2934 5082 κακῶν
2970 5027 3202 5082 δώσουσι
3245 5026 3419 5088 δίκας.
3461 5023 3534 5076 Τὸ
3571 5021 3630 5075 δὲ

2049 5147 2067 5179 ι
2115 5125 2322 5196 μάρτυς
2375 5123 2564 5192 ταχὺς,
2600 5140 2619 5172 ι
2651 5121 2740 5174 ῐνα
2794 5120 2943 5190 εἴπῃ,
3003 5118 3212 5184 Ὀξεῖαν
3267 5119 3489 5186 ἐπάγων
3529 5117 3631 5188 τὴν

2043 5217 2335 5288 τιμωρίαν,
2358 5214 2431 5277 ὡς
2457 5213 2522 5267 ἂν
2561 5213 2798 5286 ἀκριϐῶς
2830 5213 2896 5268 τὰ
2927 5213 3046 5266 καθ’
3074 5213 3217 5282 ὑμᾶς
3244 5211 3626 5278 ἐπιστάμενος.

2061 5309 2184 5362 Ἐπὶ
2211 5307 2415 5369 πάντας
2447 5304 2511 5377 δὴ
2537 5303 2777 5369 τούτους,
2811 5303 2993 5373 φησιν,
3028 5305 3122 5356 καὶ
3159 5299 3414 5364 καθάπαξ
3445 5301 3502 5353 δὲ
3543 5301 3632 5367 ἐφ’

2050 5398 2294 5462 ἅπαντας
2321 5400 2348 5453 ἔ
2356 5415 2434 5450 σοι
2457 5395 2550 5450 τοῦ
2573 5395 2738 5464 φόϐου
2761 5393 3192 5464 καταμελοῦντες
3224 5391 3319 5443 τοῦ
3350 5389 3485 5461 ἐμοῦ
3519 5391 3633 5451 τοῖς

2053 5493 2290 5565 χείροσιν
2323 5489 2490 5552 ἀδεῶς
2517 5487 2917 5558 προστετήκασι
2963 5485 3214 5554 τοιαύτην
3248 5480 3435 5547 ἐπάξω
3463 5499 3635 5550 τιμω-

2056 5589 2198 5660 ρίαν.
2305 5582 2442 5643 Εἶτα
2485 5583 2709 5652 ὲπάγειο
2749 5599 2770 5634 ε
2803 5580 2946 5633 Διότι
2999 5577 3108 5649 ἐγὼ
3171 5577 3374 5649 Κύριος
3426 5577 3456 5629 ό
3499 5572 3636 5639 Θεὸς
