3974 6146
285 327 390 389 οεε
1240 329 1791 390 COMMENTARIUS
1823 332 1890 387 IN

1997 331 2310 390 ιιΑειιιΑι
2348 333 2506 390 CAP.
2541 330 2629 389 111.
3475 321 3588 376 625‘

296 451 470 523 ὑμῶν,
531 450 628 506 καὶ
678 450 780 504 οὐκ
827 448 1163 520 nuntietur
1203 449 1298 505 καὶ
1348 451 1506 522 ὑμεῖς
1547 450 1660 504 υἱοὶ
1698 450 1893 505 Ἰακὼϐ

1997 452 2322 510 declinastis
2368 467 2400 508 a
2445 449 2707 522 legitimis
2739 447 2908 514 meis,
2945 462 3046 502 nec
3086 461 3150 501 ea
3183 443 3528 499 custodistis.
3563 463 3578 494 I

296 543 394 599 οὐκ
419 541 691 613 ἀπέχεσθε
714 541 824 596 ἀπὺ
843 541 952 596 τῶν
979 541 1264 612 ἁμαρτιῶν
1292 541 1404 596 τῶν
1433 543 1689 614 πατέρων
1717 542 1892 613 ὑμῶν,

1999 544 2112 617 Ego
2135 587 2149 612 ,
2192 544 2402 616 inquit,
2445 556 2664 612 semper
2701 539 2839 595 mihi
2877 545 3106 603 consto,
3145 544 3200 593 et
3232 535 3586 606 quandonam

297 637 608 706 ἑξεκλίνατε
642 637 853 709 νόμιμά
883 653 1006 708 μου,
1039 637 1134 690 καί⁸
1180 637 1280 690 οὐκ
1319 637 1642 707 ἐφυλάξατε.
1683 657 1703 690 ι
1753 637 1893 708 Ἐγὼ

1997 637 2269 708 patienter
2321 635 2612 692 ferendum
2661 633 2734 690 sit
2783 633 2933 698 scio,
2976 638 3032 685 et
3069 627 3332 702 puniendi
3379 625 3592 698 pariter-

300 728 399 801 μὶν
427 730 538 800 γάρ
576 730 741 793 αὑτός
802 729 918 799 ειμι
960 728 1192 782 πάντοτε
1225 728 1471 800 ἐμαυτῷ,
1503 731 1598 784 καὶ
1644 730 1893 798 ἀνεξικα-

1998 736 2217 800 tempus
2245 730 2398 785 novi.
2439 728 2546 785 Vos
2578 741 2712 783 vero
2745 724 2947 782 summi
2980 722 3117 779 estis
3145 721 3453 777 imitatores
3481 733 3583 788 pa-

297 823 414 875 κεῖν
443 822 531 875 ὅτε
564 822 844 893 προσῆκεν
877 820 1053 886 εἰδὼς,
1087 821 1182 876 καὶ
1223 822 1497 893 τιμωρίας
1541 824 1731 895 καιρὸν
1776 825 1893 877 ἑπι-

2001 831 2282 878 ternorum
2319 828 2701 894 peccatorum,
2737 834 2891 891 atque
2921 833 2986 872 ac
3019 817 3096 871 illi
3131 817 3312 887 legum
3339 825 3586 868 mearum

299 913 600 984 στάμενος·
635 913 797 984 ὑμεῖς
827 913 884 966 δὲ
921 913 1172 984 ἀκριϐεῖς
1209 913 1332 966 ὲστε
1369 916 1603 986 μιμηταὶ
1639 913 1749 968 τῶν
1788 931 1893 968 πα-

2001 913 2454 983 pmvaricatores
2480 953 2494 978 ,
2534 927 2634 968 nec
2677 912 2746 966 de
2793 923 2984 965 earum
3031 905 3380 963 observantia
3429 901 3580 958 solli-

298 1001 486 1073 τρῴων
514 1002 954 1075 ἁμαρτημάτων,
984 999 1382 1074 παραπλησίως
1411 1003 1662 1068 ἐκείνοις,
1691 1003 1802 1057 τῶν
1831 1020 1892 1058 τε

2001 1004 2137 1073 citi;
2169 1020 2334 1075 quam
2367 1005 2439 1061 ob
2465 1019 2579 1060 rem
2609 1004 2816 1074 justam
2847 999 3136 1074 patiemini
3169 997 3538 1068 punitionem.

299 1095 476 1166 νόμων
528 1093 898 1164 ἐκτραπέντες
969 1092 1074 1149 τῶν
1147 1091 1320 1164 ἐμῶν,
1386 1093 1478 1148 καὶ
1521 1095 1620 1165 τῆς
1652 1094 1901 1167 φυλακῆς
1929 1097 2111 1152 αὐτῶν
2156 1097 2346 1154 οὐδένα
2389 1097 2706 1169 ποιούμενοι
2750 1096 2926 1164 λόγον,
2957 1093 3099 1164 ὑπὲρ
3136 1085 3212 1146 ὧν
3251 1091 3316 1161 δὴ
3356 1089 3451 1142 καὶ⁵
3487 1086 3590 1155 τὴν

299 1184 571 1257 τιμωρίαν
597 1182 816 1248 δέξεσθε
845 1182 1085 1239 δικαίαν.

369 1277 521 1347 Στίχ.
569 1281 707 1347 ηὀιν.
745 1274 1174 1330 -Μεθίσταται
1227 1277 1286 1332 δὲ
1335 1278 1500 1333 πάλιν
1534 1281 1564 1332 ὁ
1607 1280 1893 1352 προφήτης

2073 1277 2240 1334 Vsus.
2277 1276 2434 1332 8-10.
2461 1306 2528 1318 —
2551 1273 2774 1330 Transit
2807 1273 2989 1329 denuo
3025 1269 3292 1342 propheta
3325 1264 3393 1321 ad
3436 1265 3586 1320 aliud

301 1370 386 1440 ἐφ’
425 1368 622 1440 ἑτέραν
676 1366 1073 1438 πλημμέλειαν,
1113 1367 1183 1439 ἦν
1225 1369 1354 1442 περί
1393 1386 1454 1424 τε
1495 1369 1596 1434 τὰς
1639 1371 1893 1442 ἀπαρχὰς

2002 1377 2288 1442 peccatum
2309 1408 2324 1433 ,
2353 1366 2502 1438 quod
2531 1365 2681 1422 circa
2712 1363 2984 1436 primitias
3027 1360 3382 1428 decimasque
3429 1371 3587 1412 com-

305 1458 686 1530 ἐπλημμέλουν
729 1457 826 1513 καὶ
877 1458 977 1522 τὰς
1025 1458 1291 1524 δεκάτας,
1336 1460 1645 1515 ἀποδιδόναι
1693 1462 1893 1526 ταύτας

2003 1460 2298 1526 miserant,
2357 1456 2608 1514 nolentes
2659 1469 2754 1512 eas
2807 1455 2969 1524 juxta
3026 1452 3163 1523 legis
3217 1449 3586 1505 constitutum

307 1555 444 1610 κατά
478 1553 576 1624 τὴν
604 1551 698 1606 τοῦ
734 1553 899 1623 νόμου
934 1551 1180 1619 διάταξιν
1221 1556 1322 1610 οὐκ
1336 1555 1643 1623 Ἔθέλοντες.
1681 1578 1700 1610 ι
1741 1559 1892 1612 ⁹Επι-

2005 1551 2334 1624 persolvere.
2364 1570 2383 1602 ι
2415 1547 2775 1604 Revertimini
2811 1546 2878 1602 ad
2917 1559 3043 1611 me,
3088 1551 3142 1600 et
3185 1556 3288 1613 ego
3341 1547 3586 1596 revertar

307 1605 572 1714 στρέψατε
607 1642 746 1715 πρός
774 1605 863 1714 με,
893 1644 987 1696 καὶ
1034 1605 1524 1717 ιπῖξτρξςρἧᾷᾆῇξζ

2000 1605 2402 1710 ίά-τοε,θίοἰι
2444 1640 2712 1696 Dominus
2757 1605 3126 1710 omnipotens.
3155 1655 3175 1687 ι
3211 1605 3488 1704 ᾖεερὶρὶιο
3517 1633 3586 1687 ad

306 1735 449 1804 λέγει
495 1734 704 1807 Κύριος
741 1735 1156 1809 παντοκράτωρ.
1200 1756 1220 1788 ι
1251 1738 1495 1792 Νεύσατε
1535 1739 1591 1794 δὲ
1638 1740 1774 1812 πρός
1805 1757 1893 1810 με,

2001 1752 2090 1792 me
2111 1777 2128 1801 ,
2161 1735 2374 1805 inquit,
2409 1740 2470 1788 ut
2511 1739 2882 1788 consentanea
2913 1729 3068 1785 vobis
3108 1743 3140 1782 a
3187 1743 3275 1783 me
3308 1727 3582 1782 eveniant.

308 1829 490 1898 φησὶν,
526 1828 608 1890 ὡς
649 1827 716 1881 ἀν
754 1827 1024 1881 ἀκόλουθα
1068 1829 1196 1898 ὑμῖν
1223 1829 1517 1902 ὑπάρξειεν
1557 1833 1650 1885 καὶ
1671 1833 1738 1886 τά
1765 1834 1898 1902 παρ’

306 1917 464 1990 ιμοῦ.
514 1935 536 1970 ι
588 1916 692 1972 Καὶ
746 1919 936 1973 εῖπατε
966 1959 983 1984 ,
1060 1919 1148 1973 Ἑν
1215 1919 1320 1973 τίνι
1389 1921 1829 1994 ἐπιστρέψομενς
1871 1939 1892 1976 ι

307 2009 384 2079 (p.
411 2008 538 2078 566)
593 2007 753 2063 ’Λλλά
801 2008 912 2080 γὰρ
935 2008 1133 2074 οἴεσθε,
1170 2011 1323 2082 φησὶ,
1358 2011 1491 2083 μηδὲ
1525 2011 1730 2067 δεῖσθαι
1756 2013 1898 2076 τινὸς

305 2102 676 2172 ἐπιστροφῆςο
724 2099 898 2164 οὕτως
937 2100 1261 2171 ἀναίσθητον
1293 2101 1416 2156 τινά
1472 2103 1566 2157 ἀπ’
1613 2103 1750 2174 ἐμοῦ
1801 2121 1899 2157 πε-

305 2192 531 2263 ποίησθε
577 2191 676 2264 τὴν
733 2194 1030 2264 ὲκτροπήν.
1082 2212 1102 2246 ι
1161 2193 1226 2248 Εί
1273 2194 1551 2266 πτερνίζει
1611 2195 1898 2266 ἀνθρωπος

302 2285 634 2350 Θεόν;διότι
670 2284 828 2356 ὑμεῖς
863 2285 1180 2357 πτερνίζετέ
1214 2301 1322 2357 με;
1359 2306 1378 2340 ι
1419 2286 1526 2340 Καὶ
1552 2286 1752 2352 ταῦτα,
1793 2305 1900 2360 φη-

305 2379 414 2441 σὶν,
448 2377 593 2430 οὓτω
625 2377 892 2448 νομίζετε,
933 2378 1150 2450 ἀπατᾷν
1199 2396 1266 2449 με
1313 2379 1584 2450 οἰόμενοι·
1626 2381 1764 2450 ὅπερ
1803 2376 1898 2436 οὖν

303 2471 610 2538 ἐπιχειρεῖν
643 2469 941 2540 ἀνθρώποις
986 2471 1119 2541 περὶ
1157 2469 1313 2535 Θεὸν,
1339 2471 1440 2540 τῆς
1483 2471 1716 2542 ἐσχάτης
1747 2472 1897 2526 ἐστὶν

307 2558 573 2630 εὐηθείας
621 2575 681 2610 τε
721 2560 815 2612 καὶ
866 2560 1081 2631 μανίας.
1134 2579 1153 2613 ι
1202 2561 1314 2614 Καὶ
1361 2561 1572 2626 εἴπατε,
1648 2563 1737 2616 Ἐν
1788 2562 1896 2616 τίνι

311 2649 712 2721 ἔπτερνίσαμέν
745 2667 803 2703 σε
827 2667 840 2715 ;
863 2671 879 2702 ι
907 2651 1020 2705 ἀλλ’
1037 2652 1160 2706 οὐδὲ
1187 2652 1346 2707 τοῦτο
1368 2651 1667 2718 ποιοῦντες,
1700 2653 1894 2725 αἴσθη-

317 2757 406 2794 σιν
430 2739 582 2811 ἔχετε
608 2739 700 2811 τῆς
725 2742 946 2808 ἀτοπίας
969 2742 1064 2797 τοῦ
1092 2743 1437 2814 γιγνομένου.
1466 2740 1600 2798 Εἶτα
1627 2744 1689 2797 τὸ
1715 2745 1895 2815 ἀμάρ-

315 2848 472 2902 τημα
503 2833 697 2901 λέγων·
729 2851 750 2886 ι
786 2835 908 2888 Ὅτι
953 2836 1023 2890 τά
1068 2836 1362 2890 ὲπιδέκατα
1400 2836 1495 2890 καὶ
1543 2837 1600 2890 αι
1645 2836 1894 2908 ἀπαρχαὶ

315 2921 442 3023 μεθ’
464 2923 622 3023 ’ὑμῶν
642 2925 778 3023 sict:
805 2923 901 2980 καὶ⁵
935 2925 1335 3023 ἀποϐλέποντες
1366 2927 1524 2998 ὑμεῖς
1554 2926 1893 2982 ἀποϐλέπετε
1921 2964 1964 3023 C

301 3016 386 3078 εἰς
413 3013 548 3068 αὐτό
566 3031 582 3046 ο
609 3015 702 3069 καὶ
731 3015 893 3087 ὑμεῖς
920 3016 1022 3087 ἐμὲ
1046 3017 1380 3090 πτερνίξετε.
1421 3038 1441 3070 ι
1471 3019 1582 3082 Τάς
1604 3019 1713 3091 γὰρ
1735 3019 1896 3072 δεκα-

300 3104 420 3166 τιάς
446 3106 541 3159 καὶ
563 3105 660 3169 τὰς
691 3107 951 3178 ἀπαρχὰς
975 3108 1035 3161 οὐ
1064 3109 1204 3163 κατά
1225 3109 1288 3162 τὸ
1316 3111 1701 3181 νενομισμένον
1727 3128 1896 3180 προσ-

302 3197 463 3265 άγετε
489 3200 604 3262 τοῖς
644 3198 903 3270 ἱερεῦσιν,
935 3201 1052 3254 ἀλλ’
1086 3199 1238 3272 ἔχετε
1282 3203 1413 3273 παρ’
1441 3204 1674 3267 ἑαυτοῖς·
1697 3197 1816 3257 εἳτά
1836 3219 1891 3257 τι

303 3290 494 3360 κέρδος
537 3291 746 3355 ἑαυτοῖς
793 3291 1044 3347 ἐντεῦθεν
1092 3293 1370 3364 προξενεῖν
1423 3294 1753 3365 νομίζοντες,
1801 3297 1896 3349 καὶ

303 3382 378 3443 ὼς
406 3381 500 3434 ext
524 3399 648 3439 τινα
671 3383 934 3454 μεγίστην
957 3384 1222 3453 ὠφέλειαν
1249 3385 1581 3457 ἀφορῶντες,
1616 3387 1696 3450 είς
1720 3385 1896 3442 ταῦτα

302 3471 366 3545 δὴ
396 3471 432 3527 ἃ
462 3473 592 3544 παρ’
621 3473 776 3544 ὑμῶν
808 3475 1152 3530 ἀποδίδοσθαι
1180 3477 1458 3548 προσῆκον
1482 3474 1570 3550 ἦν,
1601 3478 1761 3532 τοῦτο
1796 3479 1896 3548 μὲν

305 3561 612 3631 εἰλικρινῶς
639 3567 812 3619 ποιεῖν
846 3564 945 3618 οὐκ
973 3565 1187 3620 ἐθέλετε
1208 3583 1222 3598 ⁸
1257 3565 1503 3639 βραχέων
1531 3567 1589 3620 δέ
1615 3584 1776 3621 τινων
1801 3569 1896 3620 καὶ

303 3653 540 3708 εὐτελῶν
586 3660 944 3728 προσαγωγῇ,
984 3661 1047 3710 τὸ
1083 3658 1312 3728 νόμιμον
1362 3657 1671 3712 ἀποδιδόναι
1723 3674 1895 3729 προσο

305 3745 581 3800 ποιεῖσθεο
612 3747 752 3819 ὅπερ
787 3743 880 3801 οὖν
918 3749 1071 3802 οὐδὲν
1114 3749 1300 3822 ἕτερον
1337 3750 1504 3815 ἐστὶν,
1538 3750 1652 3804 ἀλλ’
1682 3751 1716 3822 ἢ
1755 3750 1897 3805 ἀπα-

302 3837 402 3906 τᾷν
436 3853 506 3908 με
538 3839 903 3905 νομιζόντων⁸
943 3841 1160 3913 ἀπάτης
1193 3841 1302 3914 γάρ
1347 3844 1432 3914 εῖη
1473 3842 1540 3896 ἂν
1566 3841 1628 3896 τὸ
1658 3843 1733 3913 μὴ
1768 3842 1897 3896 εἰλι-

305 3929 506 3999 κρινῶς
533 3929 596 3982 τὸ
625 3930 854 4002 νόμιμον
881 3933 1041 4003 χρέος
1085 3933 1456 4006 ἀποπληροῦν,
1487 3937 1812 4006 πανουργεῖν
1838 3933 1896 3987 δὲ

301 4018 468 4073 αὑτοῦ
490 4021 621 4092 περὶ
646 4020 740 4092 τὴν
766 4022 1154 4094 ἀποπλήρωσιν
1176 4025 1488 4094 πειρᾶσθαι.
1515 4023 1647 4079 Εἶτα
1675 4027 1892 4095 ἐπάγειο

305 4127 326 4161 ι
368 4109 444 4162 Τὸ
475 4108 596 4174 ἔτος
641 4111 1031 4184 συνετελέσθη·
1068 4114 1164 4167 καὶ
1213 4115 1570 4186 εῖσηνέγκατε
1615 4117 1790 4172 πάντα
1826 4117 1896 4170 τά

2006 1846 2024 1879 ι
2055 1827 2120 1883 Et
2149 1827 2369 1883 dixistis
2399 1845 2414 1881 :
2447 1823 2505 1880 ln
2541 1839 2654 1894 quo
2688 1822 3071 1880 revertemur?
3103 1839 3122 1873 ι
3147 1819 3360 1890 Quippe
3394 1816 3589 1873 existi-

2001 1919 2162 1975 matis
2188 1959 2202 1983 ,
2233 1918 2444 1990 inquit,
2477 1917 2630 1972 nulla
2660 1914 2978 1972 reversione
3007 1912 3254 1981 indigere
3281 1930 3295 1964 :
3332 1909 3469 1964 adeo
3499 1909 3587 1962 in.-

1999 2020 2281 2068 sensatum
2309 2025 2341 2064 a
2370 2024 2458 2064 me
2482 2009 2791 2065 discessum
2823 2004 3069 2061 fecistis!
3101 2022 3119 2055 I
3148 2000 3289 2056 Num
3317 2000 3585 2069 supplan-

2000 2104 2138 2158 tabit
2184 2103 2350 2158 homo
2397 2100 2566 2158 Deum
2589 2139 2604 2165 ,
2645 2100 2775 2171 quia
2827 2113 2924 2153 vos
2953 2094 3356 2167 supplantasiris
3387 2092 3522 2148 me?
3555 2111 3576 2144 ι

1999 2194 2157 2261 Quod
2210 2191 2459 2264 proiecto
2503 2190 2756 2246 homines
2808 2188 3076 2244 adversus
3123 2185 3296 2240 Deum
3340 2182 3578 2244 audere.

1998 2297 2255 2344 extremae
2287 2283 2538 2340 stultitiae
2571 2281 2910 2351 insaniaeque
2938 2286 3043 2334 est.
3079 2295 3098 2329 ι
3137 2275 3202 2330 Et
3228 2274 3488 2331 dixistis:
3524 2273 3580 2327 lu

1998 2394 2108 2452 quo
2140 2376 2613 2449 supplantavimus
2644 2375 2728 2430 te?
2761 2393 2778 2425 ι
2803 2371 2912 2428 Sed
2942 2386 3155 2442 neque,
3187 2369 3316 2422 dum
3350 2367 3423 2420 ita
3457 2379 3582 2434 age-

1998 2472 2164 2536 retis,
2207 2485 2432 2526 sensum
2475 2476 2677 2524 vestraa
2719 2464 3084 2521 absurditatis
3119 2461 3410 2516 habuistis.
3453 2457 3577 2512 Mox

1997 2569 2283 2634 peccatum
2311 2562 2583 2622 recitans,
2617 2559 2692 2614 ait
2719 2577 2734 2614 :
2767 2578 2787 2612 ι
2815 2557 3089 2625 Quoniam
3131 2555 3356 2611 decimae
3396 2551 3584 2622 primi-

1997 2657 2194 2726 tiaeque
2217 2654 2361 2726 apud
2391 2669 2490 2710 vos
2520 2662 2672 2709 sunt.
2707 2653 2772 2707 Et
2797 2667 2894 2708 vos
2922 2649 3282 2721 respicientes
3307 2643 3586 2715 respicitis

1997 2749 2053 2804 in
2087 2749 2139 2804 id
2175 2749 2377 2820 ipsum.
2418 2746 2485 2804 Et
2513 2763 2608 2803 vos
2640 2761 2726 2802 me
2757 2742 3177 2816 supplantastis.
3211 2760 3236 2794 ι
3257 2739 3393 2794 Nam
3425 2738 3581 2792 deci-

1999 2857 2118 2897 mas
2149 2849 2316 2911 atque
2349 2840 2624 2911 primitias
2672 2850 3024 2910 nequaquam
3072 2841 3235 2906 prout
3283 2829 3584 2902 legitimum

1997 2943 2082 2991 est
2107 2934 2490 2991 sacerdotibus
2519 2932 2752 2995 oﬂ‘ertis,
2785 2929 2883 2987 sed
2907 2928 3011 3001 ipsi
3034 2926 3301 2982 retinetis.
3330 2922 3583 2976 Attamen

1997 3026 2158 3098 quasi
2196 3025 2421 3097 aliquod
2461 3015 2898 3082 emolumentum
2934 3034 3132 3091 capere
3165 3015 3581 3072 existimantes.

1995 3129 2050 3176 et
2086 3118 2246 3189 quasi
2277 3116 2441 3188 385
2474 3117 2770 3171 maximam
2824 3115 3066 3184 aliquam
3118 3109 3410 3165 utilitatem
3457 3119 3584 3176 spe-

1997 3218 2210 3266 ctantes
2231 3249 2246 3274 ,
2280 3225 2476 3281 nempe
2514 3210 2560 3265 si
2591 3207 2741 3278 quod
2767 3222 2907 3278 opus
2938 3213 3025 3260 est
3058 3201 3301 3259 reddatis
3321 3240 3335 3265 ,
3369 3211 3582 3267 nequa-

1995 3319 2160 3375 quam
2193 3303 2406 3374 integre
2440 3302 2495 3356 id
2526 3304 2696 3359 vultis
2731 3302 2920 3357 facere
2941 3341 2957 3367 ,
2995 3299 3090 3355 sed
3125 3299 3446 3366 exiguarum
3479 3291 3582 3344 ali-

1995 3400 2132 3464 quot
2160 3401 2327 3463 atque
2360 3393 2550 3449 vilium
2594 3393 2902 3456 oblatione,
2946 3387 3096 3459 quod
3140 3385 3443 3456 legitimum
3497 3388 3583 3433 est

1995 3497 2256 3558 pmstare
2293 3486 2591 3542 simulatis.
2649 3485 2806 3550 Quod
2864 3497 2996 3538 sane
3057 3479 3192 3532 nihil
3248 3474 3396 3528 aliud
3456 3481 3578 3532 est,

1997 3591 2162 3646 quam
2210 3576 2498 3631 hominum
2553 3589 2640 3628 me
2688 3573 2944 3642 decipere
2988 3566 3300 3638 putantium
3342 3561 3577 3616 facinus.

1996 3667 2130 3721 Nam
2179 3667 2334 3722 fraus
2386 3675 2506 3729 est,
2557 3663 2802 3718 debitum
2853 3661 3156 3731 legitimum
3208 3659 3418 3726 integre
3465 3668 3580 3706 non

1997 3757 2314 3826 persolvere
2337 3794 2353 3820 ,
2387 3754 2482 3811 sed
2531 3754 2804 3808 malitiose
2833 3766 2960 3806 cum
2991 3749 3104 3804 Deo
3131 3748 3280 3802 circa
3315 3747 3457 3800 hanc
3487 3758 3579 3798 so-

1998 3848 2258 3905 lutionem
2310 3862 2371 3906 se
2417 3861 2626 3917 gerere.
2671 3843 2808 3898 Tum
2840 3842 3014 3913 pergit
3060 3840 3285 3895 dicere:
3329 3856 3346 3888 ι
3387 3837 3580 3893 Annus

1997 3940 2305 4010 completus
2338 3949 2441 3995 est.
2475 3937 2541 3992 Et
2573 3936 2840 3992 intulistis
2869 3948 3063 3989 omnes
3094 3931 3309 3985 fructus
3361 3930 3418 3983 in
3449 3929 3580 3980 hor-

2000 4049 2126 4098 rea,
2164 4042 2220 4088 et
2251 4031 2448 4103 rapina
2477 4044 2777 4102 pauperum
2812 4029 2867 4083 in
2898 4026 3154 4082 domibus
3183 4022 3388 4078 vestris
3421 4027 3526 4075 est.
3555 4037 3573 4070 ο

1999 4127 2142 4182 Anni
2173 4133 2327 4182 certe
2356 4127 2536 4182 exitus
2566 4132 2686 4188 est,
2722 4130 2778 4178 et
2822 4121 2952 4176 anni
2997 4116 3386 4174 conversiones
3421 4114 3578 4184 juxta

301 4202 534 4272 ἑκφόρια
586 4204 668 4267 είς
718 4206 844 4268 τοὺς
902 4203 1227 4277 θησαυροὺς,
1283 4208 1379 4262 καὶ
1431 4210 1465 4278 ἡ
1524 4210 1749 4279 ἁρπαγὴ
1798 4209 1893 4263 τοῦ

2002 4234 2178 4276 meam
2210 4218 2615 4273 ordinationem
2636 4216 2923 4284 periodum
2951 4227 3108 4270 suam
3131 4212 3544 4281 compleverunt
3563 4245 3578 4270 ,

300 4292 521 4363 πτωχοῦ
555 4294 614 4348 εν
647 4296 761 4358 τοῖς
793 4298 960 4360 οῐκοις
997 4297 1171 4368 ὑμῶν.
1217 4317 1236 4350 ›
1272 4298 1348 4369 (p.
1386 4299 1509 4371 567)
1545 4302 1620 4354 Τὸ
1655 4302 1753 4372 μὲν
1783 4302 1891 4372 γὰρ

1997 4312 2142 4366 unde
2191 4310 2471 4365 fructuum
2525 4305 2801 4363 confectio
2848 4308 2928 4360 iit.
2976 4310 3046 4359 At
3092 4319 3189 4360 vos
3238 4301 3470 4356 maturis
3513 4297 3579 4354 de

299 4383 418 4448 ἔτος
451 4383 642 4456 εἷληφε
693 4387 886 4458 πέρας,
937 4389 1032 4443 καὶ
1088 4390 1144 4444 αἱ
1191 4388 1283 4444 τοῦ
1330 4389 1483 4455 ἔτους
1515 4393 1714 4462 τροπαὶ
1749 4391 1892 4446 κατά

1997 4403 2187 4459 tellure
2221 4401 2459 4456 sublatis.
2493 4399 2797 4462 fructibus,
2849 4413 2973 4453 cum
3004 4411 3105 4467 pro
3135 4397 3221 4452 his
3253 4395 3458 4466 gratias
3495 4406 3577 4444 re-

298 4477 400 4546 τὴν
426 4477 570 4546 ἐμὴν
597 4477 840 4544 διάταξιν
868 4479 968 4552 τὴν
1005 4481 1326 4536 ἀκολουθίαν
1365 4483 1760 4554 πεπληρώκασι
1793 4483 1890 4556 τὴν

1997 4495 2140 4550 ferre
2169 4493 2279 4550 Deo
2307 4492 2678 4558 debuissetis,
2735 4490 3006 4560 primitias
3049 4489 3400 4554 decimasque
3452 4481 3576 4536 alie-

298 4569 508 4623 οἰκείαν
530 4586 543 4600 ·
579 4571 673 4638 ἀφ’
710 4565 785 4626 ὧν
827 4575 860 4643 ἠ
897 4573 1008 4626 τῶν
1052 4578 1282 4647 καρπῶν
1319 4577 1510 4646 γέγονε
1557 4579 1726 4648 φοράο
1773 4574 1892 4633 εἶτα

1997 4586 2169 4642 rendo
2190 4625 2205 4651 ,
2244 4583 2379 4638 nihil
2409 4581 2727 4649 huiusmodi
2760 4580 2950 4651 egistis
2980 4595 2995 4645 ;
3032 4576 3125 4633 sed
3183 4577 3381 4645 exigua
3431 4587 3572 4640 qua:-

297 4661 458 4730 ὑμεῖς
488 4662 726 4728 ἐντελεῖς
770 4667 895 4728 τοὺς
925 4668 1032 4722 ἀπὺ
1069 4669 1165 4740 τῆς
1202 4669 1309 4739 γῆς
1355 4671 1710 4740 κομισάμενοι
1756 4686 1893 4740 καρ-

1997 4677 2124 4733 dam
2179 4675 2566 4732 sacerdotibus
2605 4673 2996 4743 projicientes,
3046 4669 3232 4724 omnia
3282 4667 3336 4719 in
3378 4665 3576 4719 horrea

299 4754 456 4816 ποὺς,
490 4753 611 4808 δέον
639 4756 781 4827 ὑπὲρ
809 4757 1012 4812 τούτων
1043 4761 1298 4814 ἀποτίσαι
1337 4759 1415 4830 τῷ
1457 4760 1578 4831 θεῷ
1602 4760 1700 4832 τὴν
1731 4761 1892 4833 εὑχα⁸

1999 4773 2180 4821 vestra
2209 4763 2473 4819 intulistis
2500 4781 2511 4816 :
2545 4778 2615 4818 ne
2639 4762 2743 4816 hoc
2769 4760 2989 4832 quidem
3021 4767 3279 4830 putantes
3302 4797 3315 4820 ,
3349 4752 3576 4826 perinde

299 4845 516 4913 ριστίαν
557 4847 648 4901 διά
706 4851 807 4919 τῆς
861 4849 970 4905 τῶν
1012 4851 1277 4923 ἀπαρχῶν
1339 4852 1433 4904 καὶ
1476 4850 1586 4904 τῶν
1631 4851 1893 4906 δεκατιῶν

1997 4856 2048 4910 id
2083 4870 2208 4912 esse
2237 4871 2302 4911 ac
2333 4855 2380 4910 si
2413 4856 2674 4910 alimenta
2716 4867 3020 4923 pauperum
3067 4846 3382 4916 tliripiatis,
3438 4857 3563 4912 quo.

294 4939 690 5010 προσκομιδῆς,
719 4941 878 4996 τοῦτο
912 4945 1011 5013 μὲν
1060 4944 1122 4997 οὐ
1169 4947 1537 5017 πεποιήκατε·
1596 4945 1804 5017 βραχέα
1837 4945 1893 4999 δέ

1997 4961 2117 5001 rum
2150 4947 2328 5017 gratia
2366 4945 2480 5001 haec
2520 4961 2552 4999 a
2591 4946 2750 5002 vobis
2779 4941 3122 5014 suppeditari
3172 4939 3392 5008 jussum
3445 4941 3573 4988 est:

291 5047 416 5084 τινα
445 5034 733 5104 μονονουχὶ
764 5038 1161 5107 προσρίψαντες
1192 5041 1303 5099 τοῖς
1346 5039 1602 5108 ἱερεῦσιν,
1647 5041 1728 5103 είς
1767 5039 1893 5100 τοὺς

1999 5053 2193 5108 nempe
2225 5046 2284 5092 ut
2314 5047 2368 5091 et
2399 5038 2492 5106 qui
2523 5038 2678 5090 altari
2713 5036 3069 5098 deserviunt,
3106 5040 3159 5084 et
3187 5029 3278 5099 qui
3316 5025 3575 5096 egestatis

291 5121 605 5194 θησαυροὺς
655 5125 872 5180 ἅπαντα
913 5129 1040 5191 τοὺς
1083 5127 1313 5192 οἰκείους
1352 5131 1704 5200 εἰσηνέγκατε
1727 5148 1740 5160 ·
1772 5130 1892 5184 οὐδὲ

1998 5142 2166 5182 causa
2198 5128 2403 5196 templo
2438 5144 2559 5182 meo
2590 5127 2876 5190 adsident,
2928 5122 3243 5179 necessaria
3277 5120 3399 5173 vitae
3444 5119 3574 5172 sub-

289 5212 470 5265 ἐκεῖνο
529 5213 900 5285 λογισάμενοι,
945 5217 1027 5270 ὅτι
1079 5217 1230 5271 οὐδὲν
1283 5218 1537 5273 ἀπέοικεν
1582 5219 1759 5282 τοῦτο,
1794 5221 1888 5274 τοῦ

1997 5221 2136 5277 sidia
2169 5221 2292 5275 hinc
2325 5220 2578 5274 referant.
2614 5220 2822 5284 Quibus
2855 5219 3132 5274 subnectit
3165 5235 3176 5268 :

287 5299 390 5364 τὰς
414 5302 524 5356 τῶν
556 5306 809 5374 πενήτων
845 5305 1162 5376 διαρπάζειν
1191 5307 1411 5376 τροφὰς,
1451 5309 1586 5381 ὑπὲρ
1614 5304 1687 5363 ὧν
1713 5309 1884 5363 ταῦτα
1920 5311 2156 5366 δίδοσθαι
2219 5312 2533 5365 κεκέλευται
2641 5313 2768 5380 παρ’
2799 5311 2980 5378 ὑμῶν·
3013 5311 3105 5363 καὶ
3137 5307 3209 5369 ὡς
3241 5305 3305 5358 ἂν
3327 5306 3379 5358 οἵ
3406 5322 3461 5358 τε
3496 5304 3572 5370 τῷ

288 5395 667 5466 θυσιαστηρίῳ
716 5395 1187 5467 λειτουργοῦντες,
1230 5397 1283 5449 οἵ
1323 5414 1380 5450 τε
1427 5398 1514 5450 διὰ
1568 5399 1756 5453 πενίαν
1805 5398 1882 5470 τῷ
1920 5401 2030 5471 ναῷ
2065 5402 2512 5475 προσεδρεύοντες
2561 5403 2636 5473 τῷ
2681 5403 2797 5473 ἐμῷ
2825 5402 2958 5471 (72),
3011 5399 3109 5463 τὰς
3149 5396 3447 5465 ἀναγκαίας
3478 5412 3568 5447 κο·

290 5488 539 5563 μίζοιντο
567 5486 780 5559 χρείας.
816 5484 912 5552 Οἷς
941 5487 1245 5551 ἀκολούθως
1273 5490 1545 5560 ἐπήγαγεν
1566 5507 1581 5522 ο

362 5668 478 5741 (7‘2)
504 5669 674 5726 Vides
719 5670 823 5726 sub
863 5670 981 5741 lege
1015 5671 1175 5725 etiam
1221 5669 1457 5726 Mosaica
1504 5684 1708 5741 rnorem
1753 5686 1876 5738 pau-

280 5739 515 5812 peribus
545 5741 750 5812 templo
778 5739 1166 5802 assistentibus
1187 5741 1449 5812 largiendi
1477 5739 1874 5812 eiecniosynant

284 5809 596 5884 pt’tescrtim
621 5809 688 5869 ei
722 5812 894 5870 sacris
918 5812 1131 5881 opibus.
1171 5811 1260 5868 Sic
1280 5809 1331 5869 et
1361 5812 1446 5868 ille
1483 5809 1876 5882 claudusapud

1985 5682 2196 5746 portam
2256 5673 2439 5741 templi
2493 5673 2806 5743 Speciosam
2863 5677 3260 5746 eleemosynam
3316 5690 3344 5728 a
3406 5672 3564 5732 Petro

1988 5744 2232 5813 apostolo
2262 5746 2475 5813 petebat
2510 5746 2645 5816 (Act.
2684 5761 2761 5812 Ill,
2793 5748 2866 5822 3).
