3974 6146
379 297 476 354 6ξῖ

1539 297 1894 381 resonent
1924 299 2153 358 uersu
2167 298 2410 381 assam

3552 285 3652 340 628

447 422 592 478 Vens
625 421 810 476 “~12.
837 452 909 464 --—
949 439 968 472 ι
1003 417 1362 476 Revertimini
1393 432 1524 491 ergo
1561 417 1615 474 in
1650 418 1776 487 hoc,
1816 418 1951 476 dicit
1979 441 1993 484 Α

2122 421 2270 491 Στίχ.
2297 425 2386 482 ια’,
2415 417 2501 488 ιβ’.
2520 445 2589 457 --
2611 433 2629 470 ι
2663 411 3056 484 Ἐπιστρέψατι
3089 411 3153 484 δὴ
3185 413 3243 466 ὲν
3273 411 3470 484 τούτῳ,
3503 413 3664 482 λέγει’

377 513 644 568 Dominus
681 511 1048 580 omnipotens.
1079 507 1196 564 Nisi
1243 523 1512 578 aperuere
1553 507 1712 566 vobis
1747 517 1962 564 catara-

377 615 496 661 ctas
524 602 671 666 cmli,
707 610 762 657 et
798 600 1071 658 eﬂundam
1103 600 1161 655 in
1189 614 1288 656 vos
1320 598 1755 656 benedictionem
1785 615 1963 656 meam

378 695 554 749 donec
603 691 855 750 suiliciat.
891 692 958 747 Et
995 692 1324 748 distribuam
1377 691 1534 756 vobis
1574 693 1630 748 in
1659 692 1865 760 cibum,
1908 699 1965 748 et

380 803 488 842 non
513 800 861 856 corrumpam
885 793 1096 841 vestras
1119 792 1280 840 terra:
1308 785 1515 855 fruges,
1546 792 1602 841 et
1627 783 1758 842 vitis
1783 793 1965 844 vestra

383 882 438 936 in
476 895 607 952 agro
635 896 743 936 non
766 878 1160 944 inﬁrmabitur,
1188 880 1264 934 ait
1297 878 1564 936 Dominus
1591 881 1963 950 omnipotens.

380 972 449 1029 Et
472 973 662 1029 beatos
680 987 778 1030 vos
800 971 989 1028 dicent
1015 987 1206 1027 omnes
1231 977 1454 1042 gentes;
1485 969 1617 1042 quia
1644 971 1799 1028 eritis
1822 979 1971 1026 terra

380 1065 790 1132 desiderabilis,
824 1067 900 1120 ait
948 1065 1214 1122 Dominus
1262 1066 1630 1136 omnipotens.
1683 1083 1702 1117 ι
1751 1065 1968 1135 Agesis,

381 1156 583 1227 inquit,
632 1154 888 1210 conversi
932 1154 1049 1208 haec
1097 1153 1284 1208 omnia
1339 1151 1648 1207 emendate.
1703 1149 1971 1206 Videbitis

381 1248 552 1314 enim,
600 1246 878 1319 quomodo
911 1245 1066 1301 vobis
1101 1260 1204 1316 ego
1249 1243 1534 1314 copiosum
1573 1241 1803 1298 imbrem
1834 1255 1972 1312 prce-

382 1341 544 1406 bebo,
589 1349 644 1396 et
689 1337 966 1410 quomodo
1016 1335 1233 1406 frugum
1284 1335 1500 1405 copiam
1550 1332 1621 1388 ad
1660 1334 1974 1390 satietatem

385 1433 767 1506 suppeditabo.
814 1430 874 1486 Id
919 1431 1067 1486 enim
1111 1429 1277 1500 386
1308 1427 1575 1484 denotant
1608 1427 1794 1493 verba,
1825 1445 1846 1481 ι
1882 1425 1980 1482 Be-

387 1526 749 1582 nedictionem
768 1537 944 1579 meam
960 1523 1136 1578 donec
1155 1521 1411 1587 sufﬁciat,
1439 1541 1459 1575 ι
1488 1527 1548 1576 ut
1569 1536 1638 1576 ex
1669 1521 1754 1576 his
1779 1521 1978 1590 pingue

388 1633 489 1677 vos
517 1617 765 1678 habeatis
787 1616 1210 1673 nutrimentum.
1234 1614 1373 1670 Nam
1391 1615 1578 1679 verba,
1612 1613 1979 1670 «Distribuam

391 1713 542 1769 vobis
585 1712 642 1766 in
681 1711 937 1766 cibumu
997 1709 1052 1765 id
1100 1707 1438 1780 signiﬁcant,
1491 1708 1981 1764 Conservabuntur

2062 510 2267 582 Κύριος
2319 508 2746 578 παντοκράτωρο
2802 504 2899 558 saw
2955 503 3030 575 μὴ
3081 503 3278 570 ἀνοίξω
3344 505 3473 573 ὑμῖν
3527 507 3654 570 τοὺς

2063 601 2453 675 καταρράκτας
2487 599 2582 654 τοῦ
2616 599 2676 653 οὺ
2687 597 2865 670 ρανοῦ,
2894 597 2986 652 καὶ
3002 595 3176 666 ἐκχεῶ
3211 597 3339 667 ὑμῖν
3369 596 3468 667 τὴν
3501 597 3655 651 εὐλο-

2063 694 2190 764 γίαν
2224 710 2326 766 μου
2354 693 2459 758 ἕως
2480 690 2574 746 τοῦ
2619 690 2969 760 ίκανωθῆναι,
2997 689 3092 742 καὶ
3123 687 3386 744 διαστεὶῶ
3416 690 3547 758 ὑμῖν
3575 691 3655 755 είς

2067 785 2291 857 βρῶσιν,
2321 785 2417 840 καὶ
2453 784 2513 840 ού
2553 783 2628 855 μὴ
2660 781 2954 851 διαφθείρω
2994 777 3148 850 ὑμῶν
3177 780 3269 834 τὸν
3311 780 3524 850 καρπὸν
3556 781 3655 850 τῆς

2065 876 2302 951 ﬁgurat
2321 875 2382 930 ού
2404 877 2479 952 μὴ
2500 876 2769 947 ἀσθενήσῃ
2792 873 2944 945 ὑμῶν
2963 875 2996 944 ἡ
3020 873 3264 944 ἄμπελος
3289 874 3345 926 ὲν
3375 873 3452 942 τῷ
3475 873 3654 944 ἀγρῷρ

2067 973 2214 1041 λέγει
2263 971 2465 1042 Κύριος
2511 967 2934 1037 παντοκράτωρο
2978 966 3073 1021 καὶ
3119 963 3483 1036 μακαριοῦσιν
3514 965 3659 1033 ὑμᾶς

2069 1066 2249 1120 πάντα
2274 1064 2341 1117 τὰ
2386 1063 2534 1134 ἔθνη,
2564 1062 2698 1118 διότι
2735 1060 2924 1114 ἔσεσθε
2967 1060 3124 1130 ὑμεῖς
3152 1059 3223 1128 γῆ
3263 1058 3482 1128 θελητὴ,
3510 1056 3659 1121 λέγει

2072 1157 2274 1228 Κύριος
2298 1155 2712 1226 παντοκράτωρ.
2757 1171 2776 1204 ι
2830 1151 2992 1205 Ἀλλά
3014 1151 3140 1222 γὰρ,
3172 1149 3325 1220 φησὶ,
3361 1147 3663 1220 μεταϐαλό-

2076 1262 2226 1318 μενοι
2245 1285 2260 1313 ,
2316 1243 2603 1316 διόρθωσιν
2662 1241 2870 1297 τούτων
2925 1241 2990 1311 δὴ
3049 1239 3346 1310 ποιήσασθε
3401 1238 3619 1290 πάντων
3641 1251 3656 1267 ο

2072 1336 2269 1407 δψεσθε
2292 1336 2402 1408 γὰρ
2431 1337 2579 1398 ὅπως
2617 1333 2716 1405 μὲν
2746 1333 2874 1403 ὑμῖν
2897 1330 3152 1386 πλούσιον
3196 1327 3418 1399 παρέξω
3443 1325 3536 1380 τὸν
3576 1327 3668 1380 ὐε-

2073 1430 2185 1495 τὸν,
2218 1429 2366 1491 ὅπως
2395 1427 2452 1481 δὲ
2479 1427 2608 1496 ὑμῖν
2638 1424 2748 1479 τῶν
2779 1422 3009 1494 καρπῶν
3032 1420 3256 1494 παρέξω
3277 1421 3377 1488 τὴν
3404 1419 3668 1488 ἀφθονίαν

2077 1523 2156 1585 είς
2186 1520 2347 1592 κόρον
2369 1538 2383 1550 ·
2416 1517 2577 1571 τοῦτο
2599 1517 2710 1588 γὰρ
2753 1516 2920 1585 λέγει,
2950 1534 2970 1568 ι
3004 1513 3103 1585 τὴν
3137 1512 3386 1580 εὐλογίαν
3429 1529 3528 1583 μου
3562 1511 3667 1574 ἓως

2076 1613 2172 1670 τοῦ
2229 1611 2577 1682 ίκανωθῆναι,
2641 1628 2660 1661 ι
2713 1615 2790 1680 (p.
2835 1605 2961 1678 568)
3013 1605 3156 1661 ὥστε
3213 1603 3472 1658 πλουσίαν
3519 1601 3668 1672 ἔχειν

2081 1707 2224 1778 ὑμᾶς
2245 1705 2343 1777 τὴν
2378 1705 2436 1772 ἐξ
2460 1706 2636 1762 αὐτῶν
2661 1701 2968 1761 ἀπόλαυσιν·
2993 1699 3053 1754 τὸ
3075 1699 3205 1769 γάρ,
3229 1715 3246 1748 ι
3268 1697 3376 1753 Καὶ
3400 1694 3668 1751 διαστελῶ

391 1813 572 1860 autem
611 1803 771 1860 vobis
804 1803 1112 1860 incolumes
1149 1801 1362 1856 fructus
1395 1815 1607 1865 omnes,
1640 1800 1850 1870 largum
1884 1814 1976 1852 vo-

2100 1799 2212 1870 ὅμῖν
2261 1798 2340 1860 είς
2359 1795 2577 1868 βρῶσιν,
2602 1817 2622 1850 ι
2663 1798 2826 1851 τοῦτο
2844 1791 3110 1866 σημαίνει·
3135 1786 3670 1860 Διαφυλαχθήσονταί

392 1897 478 1954 bis
504 1896 617 1953 vite
662 1897 828 1953 etiam
874 1903 1058 1952 vestra
1087 1903 1276 1966 potum
1319 1895 1636 1964 praebente:
1682 1893 1757 1948 ita
1809 1903 1864 1946 ut
1904 1893 1976 1949 ob

399 1990 704 2059 generalem
751 1989 891 2059 apud
923 2003 1020 2044 vos
1071 1986 1306 2058 capiam,
1354 1987 1544 2040 cuncti
1587 1987 1752 2042 etiam
1803 1985 1978 2041 exteri

401 2098 500 2138 vos
542 2083 734 2137 beatos
777 2080 979 2136 dicturi
1023 2080 1155 2146 sint,
1187 2087 1239 2133 et
1272 2078 1420 2149 quod
1466 2091 1593 2133 vere
1632 2076 1788 2134 vobis
1832 2076 1979 2132 Deus

401 2177 604 2248 optima
635 2190 868 2246 quaeque
909 2173 1176 2238 decernit,
1219 2171 1348 2225 dum
1381 2178 1541 2225 terrae
1564 2179 1760 2228 vestrae
1809 2169 1982 2240 pluri-

399 2283 543 2325 mam
573 2283 682 2338 pras
715 2265 930 2324 caeteris
969 2265 1188 2336 frugum
1217 2261 1608 2317 abundantiam
1637 2260 1906 2317 concedit.

469 2543 638 2600 Vens.
669 2541 856 2598 ίό-ίϐ.
898 2569 970 2584 --
998 2539 1206 2596 Deinde
1250 2537 1317 2592 ad
1351 2537 1562 2608 priores
1598 2533 1739 2590 redit
1777 2548 1987 2601 sermoe

400 2652 535 2700 nes,
575 2635 737 2706 quasi
785 2647 928 2690 nova
981 2631 1357 2687 admonitione
1409 2629 1643 2698 dignans
1704 2626 1984 2696 improbos

404 2731 526 2790 illos
559 2744 625 2786 ac
650 2727 874 2799 impios,
918 2727 1146 2796 aitque:
1197 2740 1217 2775 ι
1264 2719 1677 2792 Aggravavistis
1707 2731 1873 2790 super
1899 2731 1988 2774 me

403 2837 687 2880 sermones
737 2826 970 2884 vestros,
1028 2816 1166 2872 dicit
1213 2813 1482 2869 Dominus
1533 2810 1907 2881 omnipotens.
1963 2828 1982 2861 ι

403 2916 650 2988 Asperis,
699 2913 904 2985 inquit,
963 2909 1228 2970 conviciis
1278 2922 1367 2964 me
1423 2904 1785 2976 appetivistis.
1843 2920 1860 2954 ι
1921 2902 1990 2956 Et

406 3009 626 3064 dixistis
666 3007 772 3063 :ln
815 3021 925 3076 quo
966 3005 1064 3062 tibi
1104 3000 1346 3056 oblocuti
1399 2995 1631 3054 sumus?
1687 3015 1706 3048 ι
1769 2993 1990 3050 Siccine

2082 1907 2142 1945 τε
2197 1889 2351 1961 ὑμῶν
2407 1887 2718 1958 ἀδιάφθοροι
2765 1885 2964 1948 πάντες
3018 1885 3068 1938 oi
3117 1883 3343 1954 καρποὶ,
3403 1879 3670 1934 πλουσίαν

2085 1984 2213 2053 ὑμῖν
2260 1981 2356 2036 καὶ
2401 1981 2501 2052 τῆς
2551 1978 2797 2048 ἀμπέλου
2827 1978 2925 2048 τὴν
2952 1975 3156 2030 οἰκείαν
3185 1973 3486 2027 ἀπόλαυσιν
3520 1985 3668 2040 παρ-

2085 2073 2342 2145 εχούσηςν
2373 2071 2514 2125 ὥστε
2559 2072 2624 2124 εκ
2661 2071 2760 2141 τῆς
2797 2066 3217 2139 πολιτευομένης
3254 2065 3315 2118 ἐν
3347 2065 3478 2133 ὑμῖν
3511 2061 3675 2130 εύθη-

2088 2165 2224 2230 νίας,
2251 2163 2496 2227 ἅπαντας
2535 2162 2600 2233 δὴ
2644 2162 2771 2225 τοὺς
2823 2161 2980 2224 ἐκτὸς
3025 2158 3350 2231 μακαρίζειν
3385 2158 3551 2227 ὑμᾶς,
3591 2157 3676 2208 ὅτι

2085 2257 2256 2322 ὅντως
2283 2258 2410 2328 ὑμῖν
2449 2255 2517 2310 τά
2558 2254 2818 2308 κάλλιστα
2852 2252 3172 2324 βεϐούληται
3213 2250 3366 2313 Θεὸς.
3409 2248 3551 2302 ὥστε
3583 2244 3678 2300 καὶ

2083 2351 2148 2421 τῇ
2175 2351 2245 2420 γῇ
2273 2347 2514 2419 ὑμετέρᾳ
2537 2344 2797 2414 πλείστην
2832 2342 2982 2414 παρὰ
3009 2343 3136 2406 τοὺς
3164 2341 3386 2402 λοιποὺς
3413 2337 3678 2409 παρέχειν

2083 2444 2180 2515 τὴν
2213 2441 2473 2512 ἀφθονίαν
2507 2441 2614 2494 τῶν
2648 2438 2894 2511 καρπῶν.

2153 2536 2305 2607 Στίχ.
2340 2540 2526 2603 ιγὀις’.
2560 2563 2627 2573 --
2652 2529 2786 2586 Εἶτα
2817 2530 2908 2584 ἐπὶ
2942 2527 3072 2592 τοὺς
3111 2523 3344 2598 πρόσθεν
3389 2521 3680 2592 ἀνατρέχει

2091 2629 2313 2698 λόγους,
2365 2627 2440 2691 ὡς
2477 2625 2542 2681 ἂν
2584 2623 2862 2686 δυσσεϐεῖς
2915 2621 3013 2675 καὶ
3061 2617 3366 2689 μοχθηροὺς
3419 2613 3680 2683 δευτέρας

2093 2718 2260 2784 ἀξιῶν
2290 2715 2589 2782 νουθεσίας,
2635 2714 2730 2770 καὶ
2763 2711 2956 2782 φησίν·
3003 2728 3020 2761 ι
3053 2706 3394 2778 Ἕϐαρύνατε
3441 2705 3528 2756 ἐπ’
3581 2703 3680 2772 ἐμὲ

2093 2810 2220 2874 τοὺς
2269 2808 2457 2878 λόγους
2497 2806 2650 2878 ὑμῶν
2675 2845 2691 2869 ,
2740 2804 2886 2872 λέγει
2931 2801 3133 2872 Κύριος
3190 2795 3617 2866 παντοκράτωρ·
3661 2811 3680 2844 ι

2098 2902 2392 2973 χαλεπαῖς,
2447 2900 2611 2970 φησὶ,
2659 2895 2948 2967 λοιδορίαις
2998 2890 3304 2962 ἐχρήσασθε
3346 2888 3464 2941 κατ’
3523 2883 3682 2973 ἐμοῦ.

2103 2969 2130 3044 ξ
2156 2991 2267 3045 Καὶ
2305 2969 2519 3053 εἴπατε,
2561 2988 2648 3040 Ἐν
2692 2985 2798 3039 τίνι
2847 2979 3294 3052 κατελαλήσαμέν
3350 2993 3470 3040 σου;
3508 2993 3526 3027 ι
3562 2969 3687 3028 εἶτα

405 3115 535 3172 ergo
556 3116 626 3156 ne
646 3067 869 3157 sensum
895 3100 1113 3171 quidem
1150 3108 1318 3154 tanta
1350 3095 1705 3168 blasphemia:
1731 3092 1990 3149 habetis?

2100 3084 2214 3139 οὐδὲ
2253 3082 2506 3153 αίσθησιν
2535 3079 2634 3151 τῆς
2674 3076 2942 3145 τοσαύτης
2983 3074 3293 3145 λαμϐάνετε
3339 3067 3685 3138 δυσφημίας,

411 3193 624 3264 Ubique
661 3195 808 3249 enim
855 3194 942 3247 hic
985 3193 1249 3263 propheta
1304 3190 1532 3245 verbum
1593 3206 1612 3239 ι
1674 3186 1894 3242 dixistis
1963 3203 1982 3234 ι

410 3287 603 3355 ponit,
648 3287 806 3356 quasi
855 3285 993 3355 ipsis
1034 3284 1373 3355 exprobrans
1431 3296 1650 3354 gravem
1695 3278 1994 3350 stupidita-

413 3390 556 3446 tem,
609 3395 717 3449 qua
761 3378 1008 3449 improbe
1061 3377 1324 3448 agebant,
1368 3377 1578 3430 nullum
1630 3373 1709 3428 rei
1770 3385 1993 3427 sensum

413 3473 714 3544 capientes.
765 3472 858 3528 sed
903 3473 980 3526 ita
1020 3471 1078 3524 in
1123 3474 1244 3526 suis
1291 3469 1532 3540 peccatis
1569 3472 1856 3521 versantes
1895 3478 1994 3518 ceu

416 3566 464 3620 si
524 3581 633 3620 non
687 3578 950 3636 peccasse
996 3562 1396 3618 existimarent.
1453 3559 1575 3614 Mox
1621 3560 1785 3628 quale
1834 3555 1999 3611 fuerit

419 3664 703 3726 peccatum
738 3656 1079 3720 edisserens,
1113 3673 1133 3706 ι
1171 3652 1420 3717 Dixistis,
1446 3650 1645 3721 inquit,
1666 3647 1857 3703 inutile
1879 3661 2002 3702 esse

418 3749 530 3805 Deo
578 3748 805 3805 servire.
859 3768 880 3800 ι
928 3745 1116 3818 Neque
1162 3745 1308 3800 enim
1358 3741 1521 3798 nobis
1567 3741 1750 3811 aliqua
1793 3738 2003 3793 utilitas

420 3843 619 3900 accidit
663 3841 922 3897 mandata
965 3839 1316 3896 servantibus
1352 3857 1364 3893 :
1419 3850 1600 3906 neque
1650 3833 1822 3889 Deum
1864 3845 2006 3902 saepe

421 3934 848 4006 deprecantibus
878 3933 1006 3987 boni
1041 3931 1341 4002 quidquam
1373 3927 1629 3983 accessit.
1676 3923 1755 3979 Eo
1783 3924 2006 3979 demum

421 4043 510 4083 res
551 4036 754 4082 nostrae
785 4035 1094 4090 cesserunt,
1141 4032 1202 4078 ut
1242 4036 1345 4078 nos
1390 4022 1446 4076 in
1481 4019 1748 4090 angustiis
1781 4031 2009 4087 pressu-

422 4123 612 4191 risque
655 4120 998 4190 languentes,
1044 4117 1234 4174 beatos
1283 4116 1423 4170 alios
1467 4114 1722 4168 dicamus
1749 4111 1843 4180 qui
1890 4108 2013 4163 nul-

353 4205 388 4262 .’
426 4216 533 4268 lam
577 4211 776 4266 divinae
805 4212 1110 4266 voluntatis
1163 4209 1434 4264 rationem
1474 4206 1696 4268 habent,
1727 4203 1926 4274 quibus
1955 4203 2010 4256 in

426 4303 624 4357 melius
690 4319 783 4358 res
841 4304 1182 4374 procedunt,
1243 4313 1560 4371 quanquam
1624 4295 1737 4350 Deo
1795 4307 2014 4363 semper

429 4394 874 4460 adversantibus,
930 4410 959 4448 a
1014 4410 1124 4465 quo
1171 4401 1353 4448 tamen
1401 4391 1540 4445 nihil
1579 4386 1890 4444 detrimenti
1920 4399 2047 4455 pa-~

425 4489 661 4544 tiuntur.
695 4507 714 4539 ι
747 4485 872 4543 Πεεο
921 4487 1160 4542 oblocuti
1205 4494 1354 4548 sunt,
1398 4483 1494 4552 qui
1537 4482 1803 4536 timebant
1833 4477 2017 4533 Domi-

428 4596 597 4648 num,
645 4580 1031 4650 unusquisque
1079 4579 1146 4632 ad
1191 4577 1499 4648 proximum
1562 4587 1745 4628 suum.
1812 4589 1832 4622 ›
1890 4569 2016 4624 llaec

427 4670 673 4740 quidem,
723 4670 921 4738 inquit,
977 4667 1118 4722 inter
1167 4680 1227 4720 se
1278 4665 1515 4720 invicem
1571 4660 1720 4730 loqui
1769 4675 1880 4713 non
1913 4659 2016 4712 du-

426 4766 694 4827 bitarunt,
742 4764 836 4834 qui
877 4759 1214 4816 simulabant
1242 4773 1300 4812 se
1325 4771 1435 4825 pm
1474 4753 1730 4807 omnibus
1760 4751 2018 4820 alienige-

427 4858 518 4912 nis
536 4857 789 4910 timorem
813 4869 992 4908 meum
1023 4851 1282 4906 retinere.
1309 4844 1686 4913 QuibusDeus
1708 4843 2014 4905 attendens,

433 4950 753 5004 memoriam
791 4962 980 5002 eorum
1014 4945 1272 5012 scriptam
1301 4938 1534 5012 posteris
1573 4936 1812 5006 reliquit,
1852 4933 2017 5004 387

428 5057 528 5110 pro
541 5057 606 5095 eo
623 5053 868 5109 tempore
885 5054 990 5108 quo
1005 5050 1193 5107 poenas
1213 5034 1518 5103 persolvent
1535 5029 1586 5084 hi
1602 5029 1692 5100 qui
1713 5026 2024 5096 hujusmodi

430 5143 664 5189 utuntur
717 5131 1091 5195 sermonibus,
1143 5142 1313 5197 seque
1355 5125 1503 5180 omni
1531 5121 1728 5194 [generi
1765 5119 2023 5189 nequitiae

433 5223 722 5279 addicunt.
764 5223 938 5278 Secus
978 5235 1129 5284 vero,
1177 5217 1313 5272 nihil
1367 5215 1498 5270 boni
1542 5228 1652 5267 non
1698 5211 1912 5266 eveniet
1951 5207 2019 5261 iis

433 5315 534 5386 qui
575 5330 728 5370 meas
769 5329 899 5369 vere
944 5313 1092 5384 leges
1129 5308 1545 5373 observabunt;
1585 5318 1728 5373 quos
1761 5299 2017 5370 equidem

437 5417 688 5475 tempore
732 5407 826 5460 illo
878 5422 987 5475 quo
1021 5404 1195 5459 malos
1232 5402 1480 5475 puniam,
1519 5394 1859 5467 providentia
1900 5404 2021 5445 mea

439 5497 761 5566 dignabor:
796 5496 876 5550 sic
917 5496 1180 5549 nimirum
1223 5493 1532 5552 declarans,
1579 5502 1637 5541 se
1675 5484 1776 5537 hos
1823 5479 2024 5535 habere

442 5595 495 5644 in
519 5604 743 5646 suorum
767 5589 1202 5644 necessariorum
1246 5600 1497 5647 numero,
1525 5592 1579 5638 et
1621 5581 1803 5636 omnia
1825 5578 2029 5647 optima

2093 3174 2269 3231 διόλου
2298 3174 2407 3244 γὰρ
2433 3175 2464 3226 ὁ
2488 3170 2778 3240 προφήτης
2819 3163 2972 3230 οὗτος
3005 3166 3067 3219 τὸ
3096 3184 3114 3217 ι
3151 3164 3342 3218 εἴπατε
3375 3183 3394 3214 ι
3419 3160 3685 3223 τέθεικεν,

2094 3267 2283 3338 ὥσπερ
2325 3264 2598 3329 ὀνειδίζων
2641 3263 2824 3324 αὐτοῖς
2871 3257 3228 3329 ἀναισθησίαν
3292 3253 3515 3324 πολλὴν,
3572 3245 3691 3321 μεθ’

2095 3354 2165 3432 ἦς
2188 3359 2455 3430 ἔπραττον
2481 3355 2550 3410 τὰ
2583 3354 2778 3418 ἄτοπα,
2813 3351 3070 3422 οὐδεμίαν
3110 3349 3196 3403 ἐπ’
3242 3349 3426 3409 αὐτοῖς
3478 3343 3694 3414 λαμϐά-

2101 3468 2284 3514 νοντες
2306 3448 2580 3519 αἴσθησιν,
2605 3446 2717 3500 ἀλλ’
2740 3444 2914 3509 οὕτως
2935 3443 3028 3497 ἐπὶ
3055 3445 3170 3505 τοῖς
3197 3440 3555 3512 ἁμαρτήμασι
3579 3436 3696 3490 δια-

2103 3543 2375 3614 τιθέμενοι
2413 3543 2527 3604 τοίς
2575 3537 2803 3604 ἑαυτῶν,
2851 3537 2928 3599 ὡς
2973 3533 3106 3605 μηδὲ
3158 3531 3494 3602 ἁμαρτάνειν
3542 3529 3695 3598 ἡγεῖ·

2106 3633 2250 3688 σθαι.
2295 3627 2430 3685 Εἶτα
2481 3630 2654 3696 λέγων
2699 3627 2761 3680 τὸ
2811 3625 3147 3696 ἁμάρτημαο
3180 3641 3198 3674 ι
3232 3620 3471 3684 Εἴπατε,
3509 3617 3695 3688 φησὶν,

2108 3726 2186 3789 ὡς
2221 3722 2496 3793 ἀνωφελὲς
2544 3721 2622 3792 τῷ
2665 3717 2785 3789 8εῷ
2835 3715 3140 3771 δουλεύειν⁹
3183 3733 3202 3766 ι
3237 3712 3359 3767 οὐδὲ
3409 3711 3517 3782 γὰρ
3564 3710 3698 3779 ἡμῖν

2109 3819 2470 3894 προσεγένετο
2489 3835 2541 3871 τι
2570 3815 2759 3884 δφελος
2793 3809 3166 3884 ὲπιμεληθεῖσι
3191 3808 3290 3877 τῆς
3317 3805 3560 3877 φυλακῆς
3591 3801 3698 3855 τῶν

2112 3892 2242 3984 παρ’
2267 3910 2432 3966 αὐτοῦ
2455 3904 2944 3979 προστεταγμένων
2966 3919 2980 3932 ·
3017 3901 3132 3955 ἀλλ’
3161 3899 3281 3952 οὐδὲ
3305 3897 3576 3967 δεηθεῖσιν
3608 3892 3702 3946 αὐ-

2111 4004 2206 4058 τοῦ
2224 4002 2504 4064 πολλάκις,
2523 3999 2673 4051 οὐδὲν
2695 3995 2905 4066 ὑπῆρξε
2926 3993 3085 4047 πλέον
3099 4011 3112 4025 ο
3134 3989 3350 4061 (p.569)
3375 3987 3702 4059 περιέστηκε

2117 4096 2174 4149 δὲ
2203 4097 2281 4156 είς
2307 4092 2466 4145 τοῦτο
2504 4089 2572 4142 τὰ
2609 4088 2931 4158 πράγματα,
2981 4083 3120 4136 ὥστε
3158 4082 3304 4152 ἡμᾶς
3341 4080 3439 4150 μὲν
3472 4072 3614 4130 εἶναι
3644 4077 3704 4127 ὲν

2117 4187 2382 4252 ἀνάγκαις
2412 4182 2505 4236 καλ⁵
2537 4180 2769 4248 θλίψεσι,
2805 4174 3128 4248 μακαρίζειν
3159 4174 3214 4227 δὲ
3244 4172 3481 4240 ἐτέρους,
3515 4165 3708 4220 οὐδένα

2117 4277 2224 4332 τῶν
2257 4275 2407 4345 αύτῷ
2439 4272 2733 4327 δοκούντων
2773 4266 3172 4337 πεποιημένους
3205 4265 3382 4332 λόγον,
3415 4256 3495 4324 οἷς
3525 4259 3617 4312 ἐπὶ
3644 4257 3709 4311 τὸ

2120 4372 2367 4441 κρεῖττον
2413 4365 2697 4438 προϐαίνει
2738 4362 2806 4416 τά
2853 4362 3175 4432 πράγματα,
3215 4352 3574 4422 ἀνθεστηκόσι
3607 4351 3708 4420 μὲν

2121 4463 2270 4534 αὑτῷ
2322 4461 2574 4523 πάντοτε,
2634 4454 3020 4527 βλαπτομένοις
3065 4452 3124 4505 δὲ
3163 4449 3314 4503 οὐδὲν
3365 4449 3432 4500 ὲκ
3491 4444 3707 4498 τούτου.

2127 4577 2146 4611 ι
2187 4553 2373 4610 Ταῦτα
2417 4550 2790 4619 κατελάλησαν
2847 4547 2896 4600 οἱ
2945 4543 3268 4615 φοϐούμενοι
3315 4539 3407 4592 τὸν
3464 4536 3709 4608 Κύριον,

2123 4649 2352 4710 ἕκαστος
2383 4645 2521 4716 πρὸς
2562 4643 2652 4695 τὸν
2684 4639 2908 4709 πλησίον
2949 4634 3134 4690 αὑτοῦ.
3176 4653 3195 4686 ι
3229 4631 3414 4686 Ταῦτα
3439 4628 3520 4697 δὴ,
3551 4627 3709 4695 φησὶ,

2125 4741 2263 4812 πρὸς
2291 4737 2552 4807 ἀλλήλους
2582 4734 2760 4802 λέγειν
2789 4731 2889 4784 ούκ
2913 4729 3140 4790 ὤκνουν,
3171 4726 3221 4779 οί
3251 4719 3713 4794 προσποιούμενοι

2126 4808 2278 4902 παρὰ
2327 4831 2532 4890 πάντας
2581 4827 2708 4888 τοὺς
2755 4821 3065 4892 ἀλλοτρίους
3097 4819 3188 4872 τὸν
3231 4816 3392 4885 φόϐον
3435 4811 3578 4881 ἔχειν
3619 4808 3716 4861 τόν

2123 4924 2288 4995 ἐμόν·
2318 4917 2400 4983 οἷς
2431 4915 2823 4990 προσεσχηκὼς
2859 4917 2888 4966 ό
2933 4913 3084 4975 Θεὸς,
3125 4912 3180 4964 ὲν
3231 4909 3415 4979 γραφῇ
3443 4905 3539 4973 τὴν
3573 4902 3718 4971 μνή-

2136 5031 2243 5085 μην
2288 5011 2468 5066 αὐτῶν
2507 5012 2616 5072 τοῖς
2667 5006 2959 5078 μετέπειτα
3006 5001 3424 5058 καταλέλοιπεν,
3475 4992 3720 5062 ὁπηνίκα

2133 5108 2232 5179 μὲν
2273 5103 2505 5158 δώσουσι
2545 5102 2698 5164 δίκας
2745 5101 2795 5152 οἱ
2835 5102 2946 5162 τοῖς
2977 5095 3236 5155 τοιούτοις
3269 5087 3596 5160 κεχρημένοι
3626 5085 3721 5137 λό-

2126 5218 2264 5271 γοις,
2296 5199 2391 5252 καὶ
2431 5196 2565 5268 πρὸς
2605 5197 2713 5248 πᾶν
2746 5191 2885 5255 εἶδος
2916 5187 3263 5260 παρανομίας
3294 5181 3516 5242 ἑαυτοὺς
3557 5179 3719 5230 ἐκδε-

2124 5292 2356 5353 δωκότες
2377 5306 2391 5320 ο
2427 5288 2711 5357 περιέσται
2753 5284 2808 5337 δὲ
2842 5285 2976 5336 πᾶν·
3000 5282 3030 5334 ὅ
3066 5297 3118 5332 τι
3149 5277 3351 5344 ἀγαθὸν
3389 5277 3500 5334 τοῖς
3543 5271 3720 5329 ὅντως

2127 5383 2542 5458 ἐπιμελομένοις
2579 5379 2688 5432 τῶν
2716 5378 2897 5447 νόμων
2929 5373 3038 5427 τῶν
3071 5370 3244 5443 ἐμῶν,
3277 5367 3370 5430 οὓς
3401 5381 3504 5434 περ
3533 5358 3626 5412 οὖν
3656 5362 3719 5412 ὲν

2133 5453 2329 5548 ἐκείνῳ
2355 5475 2433 5546 τῷ
2458 5471 2636 5544 καιρῷ
2659 5470 2779 5525 καθ’
2813 5468 2872 5521 ὃν
2901 5466 3287 5538 τιμωρήσομαι
3308 5460 3434 5520 τοὺς
3457 5453 3719 5548 φαύλους,

2136 5571 2233 5638 τῆς
2261 5543 2586 5637 κηδεμονίας
2627 5560 2844 5626 ἀξιώσω
2875 5560 2976 5628 τῆς
3021 5556 3189 5626 ὲμῆς·
3226 5551 3398 5613 οὕτως
3427 5543 3722 5638 αὐτοὺς-,έν

447 5681 556 5736 illis
622 5677 1078 5732 retributurum:
1129 5671 1590 5743 quemadmodum
1651 5668 1850 5737 aliquis
1907 5680 1993 5734 erg

2142 5661 2254 5721 τοῖς
2292 5657 2638 5718 οἰκειοτάτοις
2669 5653 2810 5724 ἔχειν
2835 5647 3174 5719 αἱρούμενος,
3199 5644 3292 5697 καὶ
3324 5644 3429 5695 πᾶν
3453 5641 3480 5693 ὅ
3505 5654 3556 5691 τι
3587 5634 3726 5690 κάλ-

449 5773 733 5857 proprium
811 5767 979 5823 lilium
1046 5765 1377 5830 adiceretur,
1460 5763 1553 5833 qui
1622 5762 1850 5814 multum
1921 5756 2026 5812 sibi

2136 5750 2315 5810 λιστον
2357 5749 2482 5819 περὶ
2516 5746 2710 5810 αὐτοὺς
2741 5740 3049 5814 δοκιμάζων
3079 5738 3285 5792 ποιεῖν’
3333 5736 3409 5802 ᾡς
3460 5731 3526 5788 ἂν
3555 5730 3610 5785 εί
3633 5745 3733 5793 τις⁴
