3974 6146
333 301 440 360 6‘29

1273 304 1819 367 COMMENTARIUS
1854 308 1926 364 IN
1965 309 2342 368 MALACHIE
2380 309 2534 368 CAP.
2571 311 2662 366 IV.

3487 307 3590 366 630

331 423 462 495 περὶ
482 422 599 476 υίδν
619 420 818 476 ἑαυτοῦ
841 418 1134 493 διατεθείη,
1155 422 1354 494 πολλὴν
1375 414 1473 495 τὴν
1501 423 1910 496 εὐγνωμοσύνην

2023 438 2266 480 amorem
2321 425 2472 480 omni
2525 431 2774 496 tempore
2835 423 3192 480 ostendisset.
3257 423 3462 480 Deinde
3504 427 3599 481 ad—

329 511 770 582 ἐπιδεδειγμένον
795 512 1027 567 πάντοτε
1055 513 1184 585 περὶ
1213 514 1398 569 αὐτόν.
1432 512 1566 572 Εῐτα
1593 517 1806 586 ἐπάγει·

401 605 552 676 Στίχ.
573 612 647 674 η’.
663 635 737 646 -
758 625 776 656 ι
808 605 919 658 Καὶ
945 605 1440 678 ἐπιστραφήσεσθε,
1460 607 1554 661 καὶ
1581 607 1776 679 όψεσθε
1809 609 1913 665 ἀνά

334 699 500 770 μέσον
521 697 761 764 δικαίου,
793 697 889 751 καὶ
912 699 1015 752 ἀνά
1045 699 1207 770 μέσον
1243 701 1468 772 ἀνόμου,
1498 705 1592 757 καὶ
1620 704 1724 757 ἀνὰ
1747 704 1912 774 μέσον

331 784 428 842 τοῦ
452 786 793 852 δουλεύοντος
820 787 960 859 Θεῷ,
981 789 1077 842 καὶ
1101 789 1206 844 ἀνά
1234 791 1398 860 μέσον
1421 791 1516 844 τοῦ
1541 791 1617 864 μὴ
1640 792 1910 847 δουλεύον-

329 895 421 944 τος
460 877 634 950 αὐτῷ.
674 898 695 932 ι
731 879 867 933 Τότε
898 879 1106 952 φανερὰ
1137 882 1424 953 γενήσεται
1453 885 1487 954 ή
1511 884 1782 955 διάκρισις
1802 885 1912 941 τῶν

330 988 386 1041 τε
415 971 662 1036 δικαίων,
693 972 788 1026 καὶ
823 971 930 1024 τῶν
977 972 1332 1044 παρανόμων,
1377 975 1470 1029 καὶ
1502 974 1608 1028 τῶν
1639 975 1910 1032 δουλεύειν

329 1081 387 1118 τε
413 1064 829 1118 ἐσπουδακότων
857 1063 996 1136 Θεῷ,
1029 1065 1124 1120 καὶ
1155 1064 1264 1120 τῶν
1297 1067 1501 1137 μηδένα
1526 1068 1716 1122 τούτου
1745 1072 1912 1123 ποιεῖν

333 1155 451 1210 σθαι
476 1154 638 1225 λόγον
675 1153 988 1221 ἐθελόντων,
1032 1155 1130 1226 τῆς
1159 1173 1221 1209 τε
1251 1159 1364 1220 τοῖς
1394 1160 1584 1223 κακοῖς
1627 1160 1909 1231 ἐπαγομέ-

331 1266 426 1318 νης
453 1249 540 1320 (p.
597 1247 736 1317 570)
788 1248 1091 1320 τιμωρίας,
1143 1251 1239 1304 καὶ
1285 1251 1395 1306 τῶν
1446 1255 1559 1316 τοῖς
1601 1254 1907 1324 εὐγνώμοσι

330 1340 757 1412 περιγινομένων
794 1339 1038 1408 ἀγαθῶν,
1081 1341 1174 1394 καὶ
1203 1341 1313 1395 τῶν
1352 1341 1522 1397 ὄντων
1553 1343 1736 1398 κακῶν
1761 1347 1907 1417 σαφῆ

329 1432 668 1501 ποιουμένων
703 1430 802 1503 τὴν
830 1430 1123 1501 διάκρισιν,
1151 1431 1259 1486 τῶν
1285 1449 1345 1485 τε
1365 1431 1538 1487 ὀντων
1564 1433 1785 1503 ἀγαθῶν
1813 1436 1910 1489 καὶ

327 1521 434 1576 τῶν
480 1521 648 1576 ὄντων
694 1521 911 1575 κακῶν·
960 1520 1106 1591 λέγει
1156 1521 1213 1574 δὲ
1260 1522 1555 1577 καὶταῦτα
1599 1523 1909 1591 ἀκολούθως

328 1615 438 1676 τοῖς
465 1611 704 1685 πρόσθεν
735 1610 991 1684 περὶτῶν
1016 1612 1292 1684 ἐσομένων
1319 1612 1462 1668 κατὰ
1487 1614 1579 1668 τὸν
1607 1614 1718 1669 τῶν
1749 1617 1908 1671 Μακ-

288 1725 297 1736 ·
330 1703 572 1759 καδαίων
600 1703 814 1774 καιρὸν,
861 1703 950 1758 ὅτι
992 1703 1058 1774 δὴ
1106 1705 1339 1774 μάλιστα
1376 1704 1686 1777 βαρυτάτην
1726 1708 1823 1778 μὲν
1856 1708 1905 1762 oi

2014 516 2096 571 dit
2129 533 2143 570 :

2089 627 2108 661 ι
2152 610 2218 664 Et
2258 608 2682 674 convertamini,
2723 617 2780 665 et
2826 607 3064 664 cernetis
3114 607 3261 664 inter
3297 607 3511 678 justum
3542 617 3599 665 et

2013 696 2314 768 injustum;
2359 707 2415 753 et
2448 699 2591 754 inter
2625 695 2982 754 faruulantem
3027 696 3160 765 Deo,
3193 705 3247 752 et
3278 712 3386 754 non
3418 693 3591 755 famu-

2012 789 2215 846 [autem
2267 790 2467 846 eidem.
2507 809 2526 842 ι
2592 788 2748 845 Tunc
2801 789 3095 846 manifesta
3153 788 3248 844 ﬁet
3310 787 3597 845 distinctio

2007 882 2289 954 justorum
2327 883 2398 938 ab
2425 882 2655 952 iniquis,
2681 890 2734 937 et
2764 897 2952 938 eorum
2989 882 3083 954 qui
3105 881 3315 937 servire
3341 880 3449 937 Deo
3477 890 3594 938 stu-

2012 974 2253 1029 duerunt
2282 974 2351 1030 ab
2385 974 2496 1030 illis
2514 975 2610 1044 qui
2638 973 2778 1028 nihil
2807 976 2961 1044 pensi
2987 975 3041 1030 id
3066 975 3376 1031 habuerunt
3406 994 3420 1030 ε
3463 975 3596 1032 item

2012 1066 2156 1121 inter
2187 1064 2449 1121 inﬂictam
2481 1067 2744 1136 improbis
2780 1081 3019 1138 pmnam,
3049 1075 3104 1122 et
3133 1067 3274 1123 inter
3297 1068 3440 1126 bona
3465 1083 3597 1139 pro-

2012 1157 2097 1212 bis
2125 1156 2400 1227 impertita
2433 1177 2446 1211 :
2482 1158 2707 1214 omnino
2733 1157 2996 1214 discretio
3029 1159 3132 1214 erit
3151 1159 3294 1215 inter
3315 1160 3508 1227 malos,
3540 1169 3596 1217 et

2013 1245 2159 1304 inter
2183 1245 2376 1302 bonos.
2411 1246 2503 1300 Ait
2533 1253 2718 1302 autem
2749 1248 2864 1302 haec
2898 1255 3269 1303 consentanee
3295 1247 3460 1304 dictis
3494 1264 3594 1308 an-

2010 1345 2098 1394 tea
2137 1334 2204 1392 de
2254 1338 2422 1394 rebus
2467 1345 2628 1394 aetate
2682 1337 3118 1394 Maccabmorum
3170 1340 3422 1397 futuris:
3482 1358 3593 1413 quo

2011 1436 2258 1500 tempore
2295 1438 2569 1501 quotquot
2613 1429 2768 1486 fuere
2809 1431 2938 1485 mali
2982 1431 3039 1488 in
3085 1431 3288 1502 populo
3327 1433 3591 1502 gravissi-

2012 1534 2160 1575 mum
2195 1519 2345 1590 passi
2392 1527 2523 1578 sunt
2568 1520 2942 1590 supplicium;
2991 1520 3403 1592 maximumque
3429 1521 3591 1578 vicis-

2011 1608 2114 1664 sim
2149 1609 2298 1664 nacti
2334 1616 2464 1665 sunt
2493 1626 2523 1664 a
2554 1607 2664 1664 Deo
2684 1610 2948 1666 auxilium
2977 1610 3069 1681 qui
3102 1611 3325 1666 virtutis
3353 1621 3590 1668 sectato-

2011 1716 2100 1757 res
2146 1701 2390 1757 fuerunt.
2439 1702 2621 1769 Quare
2667 1703 2738 1759 ob
2791 1703 3068 1760 dictorum
3111 1705 3588 1762 conﬁrmationem

329 1798 487 1850 κακοὶ
515 1799 610 1851 τοῦ
641 1795 772 1850 λαοῦ
807 1797 906 1867 τὴν
935 1799 1206 1869 τιμωρίαν
1240 1799 1509 1865 ἐδέξαντο,
1549 1777 1810 1872 μεγίστης
1849 1801 1906 1855 δὲ

2017 1795 2092 1851 sic
2124 1794 2482 1867 prosequitur
2522 1814 2535 1850 :

325 1890 386 1942 ἐν
413 1887 584 1943 άπασι
617 1889 714 1956 τῆς
757 1886 909 1952 θείας
949 1888 1137 1958 ἔτυχον
1183 1892 1356 1961 ῥοπῆς
1383 1891 1436 1944 οἱ
1475 1889 1570 1944 τοῦ
1599 1892 1910 1962 κρείττονος

329 1980 572 2051 ἐρασταί.
604 1978 764 2034 Ὅθεν
797 1979 877 2044 είς
903 1978 1195 2050 βεϐαίωσιν
1226 1979 1333 2034 τῶν
1359 1981 1662 2054 εἰρημένων
1687 1984 1904 2052 ἐπάγει·

935 2111 1183 2166 ΚΕΦΑΛ.
1217 2115 1288 2166 Δ’.

395 2245 543 2316 Στίχ.
569 2245 714 2317 α’-β’.
737 2277 804 2289 -
832 2264 850 2297 ι
881 2245 1004 2298 Ὅτι
1042 2245 1150 2299 ίδοὺ
1180 2245 1363 2317 ἡμέρα
1395 2246 1615 2318 ἔρχεται
1638 2249 1908 2320 καιομένη

323 2336 399 2400 ὡς
426 2336 699 2401 κλίῦανος,
735 2337 828 2390 καὶ
867 2335 1050 2405 φλέξει
1077 2337 1274 2402 αὐτούς
1295 2355 1310 2371 ·
1347 2340 1442 2394 καὶ
1468 2339 1678 2394 ἔσονται
1709 2341 1908 2404 πάντες

324 2428 372 2479 ot
399 2426 708 2493 ἀλλογενεῖς
728 2427 820 2480 καὶ
844 2426 1042 2490 πάντες
1060 2430 1109 2481 οί
1129 2429 1407 2494 ποιοῦντες
1433 2432 1630 2501 ἄνομα,
1659 2430 1900 2504 καλάμη·

325 2519 424 2572 καὶ
451 2516 652 2586 ἀνάψει
676 2517 862 2580 αὐτοὺς
887 2518 920 2588 ἡ
949 2518 1131 2589 ἡμέρα
1153 2521 1185 2591 η
1214 2521 1503 2594 ἐρχομένη,
1530 2521 1678 2591 λέγει
1702 2523 1903 2593 Κύριος

331 2606 755 2676 παντοκράτωρ·
790 2607 956 2659 καὶού
987 2607 1064 2679 μὴ
1100 2609 1396 2682 ὑπολειφθῇ
1423 2611 1602 2666 αὐτῶν
1636 2613 1762 2682 ῥίζα
1786 2613 1906 2666 οὐδὲ

335 2697 550 2767 κλῆμα.
585 2713 605 2747 ι
655 2695 741 2750 Ἐν
780 2697 962 2769 ἐκείνῳ
998 2699 1128 2771 γὰρ,
1173 2702 1329 2772 φησὶ,
1377 2701 1455 2774 τῷ
1485 2703 1661 2775 καιρῷ
1697 2702 1773 2768 ὡς
1805 2703 1910 2757 ὑπὸ

338 2789 479 2860 πυρὶ
526 2787 901 2859 φλεχθήσονται
957 2790 1099 2846 οἵτε
1141 2792 1413 2864 ἀλλότριοι
1462 2795 1682 2859 πάντες,
1724 2796 1818 2849 καὶ
1861 2796 1909 2850 οἱ

333 2882 437 2954 τῆς
477 2882 698 2950 ἀνομίας
727 2882 956 2952 ἐργάται
1003 2883 1254 2956 καλάμης
1292 2884 1448 2956 δίκην
1478 2886 1582 2939 ὐπὸ
1611 2889 1708 2958 τῆς
1742 2903 1910 2958 προσ-

329 2971 634 3044 πιπτούσης
662 2972 846 3036 αὐτοῖς
876 2971 1262 3043 ἀφανιζόμενοι
1310 2975 1579 3048 τιμωρίας
1602 2993 1614 3007 ·
1658 2977 1751 3030 καὶ
1781 2977 1910 3046 περὶ

327 3065 428 3136 μὲν
478 3061 571 3120 οὖν
611 3066 738 3128 τοὺς
767 3066 972 3129 κακοὺς
1009 3063 1183 3120 ταῦτά
1219 3081 1386 3136 φησι·
1427 3068 1540 3130 τοῖς
1588 3065 1647 3119 δέ
1702 3066 1902 3136 φοϐου-

327 3155 513 3226 μένοις
544 3157 636 3222 τί;
683 3175 702 3207 ι
750 3156 862 3209 Καὶ
891 3156 1138 3210 ἀνατελεῖ
1165 3156 1293 3227 ὑμῖν
1327 3159 1440 3220 τοῖς
1465 3157 1818 3230 φοϐουμένοις
1846 3159 1908 3212 τὺ

324 3249 494 3321 ὄνομά
523 3266 626 3322 μου
659 3251 811 3322 ῆλιος
833 3248 1200 3319 δικαιοσύνης,
1240 3250 1337 3304 καὶ
1362 3250 1504 3315 ἴασις
1537 3253 1595 3305 ἐν
1622 3253 1742 3315 ταῖς
1776 3251 1908 3308 πτέ-

327 3340 480 3414 ρυξιν
521 3341 711 3398 αὐτοῦ.
744 3359 765 3394 ι
834 3342 994 3412 Ὑμῖν
1022 3341 1078 3396 δὲ
1120 3341 1289 3414 πολλὴ
1323 3343 1422 3414 μὲν
1463 3344 1747 3416 περιέσται
1774 3345 1912 3416 λαμ-

325 3432 534 3503 πρότης
565 3432 789 3496 δικαίως
832 3432 961 3503 ὑμῖν
1002 3431 1154 3504 παρά
1202 3431 1295 3486 τοῦ
1344 3430 1478 3486 Θεοῦ
1530 3433 1908 3505 χορηγουμένη

328 3523 469 3594 ὑπὲρ
525 3523 626 3593 τῆς
684 3523 764 3586 είς
807 3523 972 3576 αὐτὸν
1028 3523 1276 3586 εὐνοίας·
1323 3523 1625 3589 ἀπαλλάξει
1661 3523 1718 3576 δὲ
1767 3524 1911 3594 ὑμᾶς

327 3616 531 3678 παντὸς
551 3613 747 3681 κακοῦ,
775 3616 964 3686 ὥσπερ
988 3615 1099 3669 τισὶ
1120 3614 1347 3686 πτέρυξι
1366 3617 1434 3688 τῇ
1463 3614 1760 3687 κηδεμονίᾳ
1789 3615 1910 3669 σκέ-

328 3724 449 3764 πων
477 3711 542 3780 τῇ
577 3707 754 3779 οίκείᾳ
774 3725 788 3738 ·
823 3708 919 3779 (p.
955 3707 1054 3763 571
1081 3707 1100 3778 )
1129 3707 1222 3762 καὶ
1256 3705 1503 3768 διοίσετε,
1528 3705 1716 3775 φησὶν,
1761 3704 1913 3759 οὐδὲν

334 3799 653 3871 μοσχαρίων
683 3798 1062 3854 ἀπολυθέντων
1083 3815 1145 3852 τε
1165 3800 1230 3853 ἐκ
1257 3798 1471 3868 δεσμῶν
1499 3797 1593 3850 καὶ
1624 3793 1761 3866 μετά
1787 3794 1914 3848 πολ-

329 3891 430 3962 λῆς
461 3888 809 3963 σκιρτὼντων
835 3890 934 3961 τῆς
963 3889 1186 3962 ἡδονῆς·
1214 3890 1519 3960 κρατήσετε
1548 3886 1658 3958 γὰρ
1680 3885 1774 3940 καὶ⁵
1806 3884 1914 3938 τῶν

331 3983 816 4055 παρανομούντων,
833 3981 879 4035 οἳ
906 3981 1096 4038 σποδοῦ
1121 3977 1277 4052 δίκην
1305 3980 1410 4035 ὐπὸ
1440 3981 1552 4044 τοῖς
1585 3979 1742 4032 ποσὶν
1767 3976 1914 4031 ἐσον-

329 4094 422 4130 ται
448 4080 562 4141 τοῖς
587 4077 894 4148 ὑμετέροις,
917 4073 1057 4128 κατά
1081 4074 1171 4128 τὸν
1194 4073 1382 4143 καιρὸν
1407 4074 1610 4126 ἐκεῖνον
1634 4071 1753 4124 οὐδὲ
1787 4071 1913 4140 μιᾶς

332 4169 656 4240 ἐπιμελείας
679 4169 714 4238 ῆ
745 4185 889 4230 τινος
917 4164 1228 4237 ἀξιούμενοι
1255 4163 1590 4235 διορθώσεως
1619 4163 1700 4216 ἐτι
1725 4179 1739 4194 ·
1767 4164 1912 4230 λέγει

330 4261 387 4314 δὲ
434 4260 640 4325 ταῦτα,
689 4260 762 4323 ὡς
791 4258 1046 4323 πολλάκις
1087 4257 1242 4328 ἔφην,
1284 4256 1377 4309 ἐπὶ
1417 4256 1508 4309 τοῦ
1539 4255 1730 4326 καιροῦ
1755 4272 1914 4324 γεγο-

333 4353 460 4407 νὸτα
503 4353 612 4406 τῶν
655 4352 1047 4415 Μακκαϐαίων,
1090 4350 1323 4421 ὁπηνίκα
1352 4350 1451 4420 τὴν
1485 4346 1678 4401 ἐαυτοῦ
1735 4363 1913 4417 παρα-

2625 2109 2858 2166 CAPUT
2891 2110 2979 2168 IV.

2082 2246 2243 2304 Vsus.
2266 2250 2315 2315 t,
2337 2247 2390 2302 2.
2407 2280 2478 2294 —
2496 2248 2659 2316 «Quia
2679 2267 2804 2308 ecce
2819 2253 2936 2310 dies
2953 2257 3101 2311 venit
3119 2257 3314 2314 ardens
3335 2260 3474 2317 sicut
3493 2262 3587 2317 cli.

2013 2339 2211 2407 bonus,
2236 2348 2291 2395 et
2313 2341 2594 2397 comburet
2620 2358 2732 2398 eos.
2760 2343 3040 2414 Eruntque
3063 2362 3252 2403 omnes
3276 2349 3588 2422 alienigenae

2015 2446 2309 2503 omnesque
2335 2442 2556 2503 agentes
2582 2434 2786 2504 iniqua,
2817 2434 2956 2492 sicut
2974 2438 3189 2509 stipula.
3212 2439 3280 2494 Et
3298 2442 3590 2498 suceendet

2019 2536 2115 2578 eos
2153 2522 2270 2579 dies
2324 2523 2571 2590 veniens,
2625 2524 2755 2582 dicit
2806 2525 3067 2585 Dominus
3114 2531 3491 2603 omnipotens;
3536 2545 3592 2589 et

2020 2627 2131 2668 non
2163 2614 2432 2682 supererit
2477 2615 2898 2687 illorum,,radix
2942 2629 3037 2676 aut
3084 2637 3286 2679 ramus.
3312 2642 3330 2676 ι
3362 2625 3477 2689 illo,
3507 2626 3590 2679 in—

2010 2704 2151 2775 quit,
2183 2713 2433 2776 tempore
2472 2710 2737 2774 tanquam
2771 2703 2840 2757 ab
2871 2703 2997 2774 igne
3034 2706 3432 2760 eomburentur
3455 2705 3593 2762 alie-

2008 2796 2220 2868 nigenae
2256 2811 2483 2864 omnes;
2525 2802 2581 2850 et
2616 2794 2878 2865 nequitia:
2906 2801 3226 2867 operatores
3256 2795 3470 2865 stipula:
3501 2796 3593 2851 iu-

2009 2895 2126 2942 star
2179 2902 2210 2941 a
2252 2885 2585 2956 corripiente
2632 2900 2728 2941 eos
2781 2900 2943 2956 pmna
2990 2884 3367 2940 destruentur.
3417 2884 3483 2940 Et
3524 2886 3591 2944 de

2011 2976 2278 3048 improbis
2307 2975 2475 3048 388
2506 2974 2725 3046 quidem
2759 2975 2835 3032 ait
2869 2976 3003 3031 haec.
3045 2975 3122 3032 De
3161 2975 3436 3033 timoratis
3460 2992 3591 3033 vero

2011 3068 2181 3140 quid?
2202 3087 2219 3121 ι
2250 3066 2318 3122 Ει
2339 3070 2546 3123 orietur
2563 3067 2716 3124 vobis
2737 3067 3056 3125 timentibus
3082 3083 3281 3124 nomen
3304 3084 3483 3125 meum
3511 3071 3591 3127 sol

2006 3161 2259 3232 justitiae,
2291 3169 2345 3216 et
2375 3161 2583 3217 sanitas
2610 3160 2666 3215 in
2690 3159 2887 3232 pennis
2918 3161 3061 3231 ejus.
3103 3181 3122 3214 ι
3166 3158 3338 3218 Vobis
3366 3163 3589 3235 quidem

2009 3253 2202 3319 multa,
2235 3258 2294 3306 ut
2317 3267 2415 3324 par
2440 3259 2544 3318 est,
2563 3253 2739 3324 gloria
2761 3252 2888 3318 erit,
2921 3269 2953 3308 a
2981 3251 3089 3309 Deo
3109 3262 3334 3326 propter
3352 3265 3588 3311 vestram

2008 3357 2138 3412 erga
2171 3357 2296 3397 eum
2340 3341 2778 3397 benevolentiam
2827 3357 3111 3398 concessa.
3165 3342 3302 3398 Tum
3353 3352 3406 3398 et
3443 3345 3592 3397 omni

2011 3433 2157 3488 malo
2197 3433 2471 3505 expediet.
2505 3435 2610 3490 alis
2637 3433 2807 3490 veluti
2845 3434 3193 3503 providentia
3239 3449 3337 3488 sua
3378 3441 3588 3504 tegens.

2009 3523 2267 3598 Nihilque
2328 3525 2596 3582 dift‘eretis
2659 3541 2691 3580 a
2751 3525 2938 3582 vitulis
2987 3526 3081 3596 qui
3137 3525 3373 3580 vinculis
3425 3527 3592 3580 soluti

2011 3619 2182 3673 multa
2247 3633 2371 3674 cum
2446 3619 2727 3687 voluptate
2803 3618 3083 3673 exsiliunt.
3168 3615 3590 3672 Dominabiinini

2011 3708 2177 3764 etiam
2210 3707 2438 3776 iniquis,
2468 3708 2562 3777 qui
2592 3706 2752 3777 quasi
2801 3706 2940 3760 cinis
2965 3705 3195 3776 pedibus
3225 3706 3425 3762 vestris
3461 3705 3592 3760 sub-

2011 3805 2194 3863 erunt,
2231 3798 2362 3868 quia
2410 3799 2503 3853 illo
2531 3806 2782 3868 tempore
2822 3812 2957 3852 cura
2994 3812 3115 3852 mea
3151 3797 3299 3853 nulla
3329 3798 3413 3853 vel
3441 3798 3589 3854 leva-

2013 3895 2198 3944 mento
2238 3889 2387 3960 digni
2427 3887 2797 3942 habebuntur.
2842 3886 2968 3944 Haec
3001 3895 3180 3944 autem
3212 3890 3311 3954 ait,
3355 3897 3412 3945 ut
3450 3905 3593 3960 sepe

2013 3981 2149 4042 dixi.
2190 3982 2258 4037 de
2300 3981 2467 4038 rebus
2507 3997 2629 4053 qua:
2662 3981 3091 4037 Maccabaeorum
3127 3991 3373 4052 tempore
3410 3984 3589 4038 couti-

2013 4079 2232 4144 gerunt,
2263 4088 2389 4128 cum
2425 4088 2585 4129 suum
2633 4074 2881 4144 praebens
2912 4073 3176 4127 auxilium
3216 4071 3379 4138 Deus,
3419 4073 3593 4129 malos

2016 4179 2175 4235 ptena
2222 4166 2514 4235 implicuit,
2563 4166 2616 4220 in
2653 4166 2852 4221 solatio
2890 4172 3070 4220 autem
3125 4171 3181 4220 et
3227 4164 3591 4236 prosperitate

2014 4272 2109 4313 eos
2142 4258 2430 4313 constituit
2478 4258 2572 4326 qui
2621 4258 2770 4327 leges
2812 4257 2986 4326 ipsius
3031 4257 3390 4326 protegebant
3433 4273 3446 4310 :
3495 4258 3589 4327 qui

2015 4359 2164 4404 certe
2198 4350 2531 4419 puniverunt
2563 4355 2725 4417 atque
2759 4347 3093 4403 domuerunt
3139 4349 3369 4404 omnino
3398 4348 3590 4406 adver-

337 4445 480 4516 σχὼν
523 4443 694 4516 ῥοπὴν
736 4444 764 4495 ὁ
793 4443 924 4507 Θεὸς
960 4444 1337 4513 ἐτιμωρήσατο
1380 4440 1477 4510 μὲν
1523 4441 1647 4502 τοὺς
1687 4439 1907 4500 κακοὺς,

2017 4443 2188 4496 sarius
2211 4458 2365 4504 suos,
2385 4456 2493 4494 non
2511 4456 2578 4496 ex
2607 4441 2929 4510 alienigenis
2951 4448 3188 4507 tantum,
3213 4457 3401 4496 verum
3424 4443 3587 4494 etiam

334 4541 391 4590 ἐν
422 4536 606 4589 ἀνέσει
635 4536 691 4588 δὲ
721 4537 815 4588 καὶ
840 4534 1112 4604 εὐπραγίᾳ
1133 4532 1434 4601 κατέστησε
1461 4532 1586 4594 τοὺς
1611 4528 1718 4582 τῶν
1745 4529 1911 4582 αὐτοῦ

334 4625 582 4695 νομίμων
637 4623 1056 4694 ἀντεχομένους·
1115 4623 1164 4675 οἳ
1211 4621 1303 4673 καὶ
1361 4620 1769 4689 ἐτιμωρήσαντο
1818 4619 1913 4670 καὶ

332 4717 753 4788 κατεκράτησαν
781 4715 1057 4778 παντελῶς
1089 4714 1197 4768 τῶν
1229 4713 1502 4774 ἐναντίων,
1539 4711 1597 4764 οὐ
1627 4710 1735 4763 τῶν
1763 4710 1913 4780 παρά

323 4805 443 4871 ’τοῖς
465 4809 764 4877 ἀλλοτρίοις
791 4809 968 4878 μόνον,
1002 4807 1135 4860 ἀλλὰ
1166 4807 1275 4876 γὰρ
1295 4807 1386 4858 καὶ
1407 4803 1514 4856 τῶν
1539 4803 1753 4855 οἰκείων
1774 4819 1786 4832 ·
1816 4802 1913 4869 ἀφ’

332 4893 408 4954 ὧν
441 4899 507 4971 δὴ
534 4901 631 4953 καὶ
668 4900 828 4970 δῆλον
851 4899 1053 4952 ἅπασιν
1083 4899 1296 4968 ἐγένετο
1317 4899 1437 4951 ὅσον
1464 4897 1582 4950 ἐστὶ
1617 4895 1678 4948 τὸ
1709 4894 1912 4964 μεταξὺ

334 4991 442 5044 τῶν
472 5008 532 5046 τε
573 4991 936 5044 δουλευόντων
980 4990 1119 5060 Θεῷ,
1164 4991 1259 5042 καὶ
1307 4989 1414 5042 τῶν
1465 4988 1725 5042 τάναντία
1780 5004 1914 5056 φρο-

335 5083 587 5149 νούντων,
611 5083 703 5151 ἀφ’
729 5075 802 5134 ὧν
831 5083 878 5134 οἱ
907 5083 1002 5151 μὲν
1035 5081 1340 5151 βαρυτάτην
1363 5079 1605 5144 ἐδέξαντο
1622 5079 1912 5149 τιμωρίαν,

333 5175 382 5226 οἱ
411 5174 470 5228 δὲ
499 5176 556 5227 ἐν
597 5174 825 5244 εὐθηνία
856 5189 916 5226 τε
950 5173 1042 5226 καὶ
1081 5173 1356 5244 εὐπραγίᾳ.
1385 5173 1724 5242 κατέστησαν
1769 5171 1918 5224 πλεί-

2016 4549 2079 4589 ex
2118 4533 2484 4604 popularibus
2514 4533 2653 4588 suis.
2690 4533 2768 4587 Ex
2811 4549 2919 4602 quo
2949 4533 3163 4587 Cunctis
3197 4533 3433 4586 innotuit
3460 4532 3588 4600 quid

2015 4623 2310 4678 interesset
2342 4623 2488 4677 inter
2511 4621 2622 4678 Deo
2651 4623 2974 4684 servientes,
3001 4629 3054 4676 et
3074 4622 3216 4676 inter
3247 4621 3589 4674 contrarium

2014 4723 2272 4786 agentes;
2332 4729 2440 4786 qua
2494 4713 2561 4770 de
2614 4729 2784 4770 causa
2834 4713 2885 4767 bi
2940 4712 3320 4782 gravissimam
3373 4726 3588 4781 pinnam

2015 4807 2377 4876 pertulerunt,
2423 4807 2501 4860 illi
2555 4814 2736 4860 autem
2770 4819 3060 4875 prosperos
3093 4817 3386 4857 successus
3422 4801 3592 4855 felici-

2015 4905 2292 4967 tatemque
2317 4898 2605 4967 plurimam
2630 4895 2776 4950 nacti
2802 4905 2945 4950 sunt.
2975 4893 3037 4947 Et
3064 4894 3347 4964 prophetia
3369 4892 3588 4962 quidem

2018 4986 2160 5041 beati
2187 4988 2381 5056 Angeli
2412 4988 2486 5042 ita
2510 5003 2568 5042 se
2590 4987 2805 5049 habuit,
2837 5001 2998 5056 quam
3034 4983 3102 5038 de
3128 4985 3292 5038 rebus
3323 4992 3433 5036 tum
3464 4989 3591 5036 asta-

2020 5090 2071 5133 te
2105 5079 2220 5141 illa,
2255 5087 2371 5131 tum
2402 5079 2504 5133 sub
2529 5077 2872 5143 Maccabaeis,
2899 5078 2966 5132 ad
3000 5076 3277 5132 lsraelitas
3310 5075 3590 5144 pertinen-

2021 5171 2166 5225 tibus
2200 5168 2349 5224 fecit.

334 5283 459 5339 στῃ.
505 5268 571 5322 Ἠ
620 5268 718 5338 μὲν
757 5269 814 5321 δέ
858 5268 996 5339 πρὸς
1075 5267 1164 5320 τὸν
1237 5267 1366 5320 λαὸν
1409 5265 1714 5338 προφητεία
1775 5264 1866 5318 τοῦ
1919 5264 2186 5335 μακαρίου
2237 5263 2490 5330 ’Δγγέλου
2531 5262 2716 5316 τοῦτον
2759 5262 2882 5332 ἔσχε
2934 5262 3024 5314 τὸν
3091 5260 3310 5330 τρόπον,
3359 5260 3424 5329 ἢν
3468 5263 3592 5324 περὶ

330 5364 440 5416 τῶν
473 5365 655 5429 αὐτοῖς
686 5364 1072 5435 προσηκόντων
1102 5362 1243 5415 κατά
1268 5379 1325 5414 τε
1345 5362 1435 5414 τὸν
1463 5362 1648 5433 καιρὸν
1679 5362 1904 5426 ἐκεῖνον,
1947 5362 2088 5416 κατά
2119 5377 2177 5411 τε
2213 5358 2303 5412 τὸν
2331 5358 2437 5412 τῶν
2466 5357 2836 5412 Μακκαϐαίων
2865 5357 3175 5424 ἐποιήσατο.

415 5457 639 5527 Ἐπειδὴ
703 5457 761 5509 δὲ
817 5456 1120 5518 τελευταῖος
1162 5454 1333 5516 οὕτως
1378 5455 1592 5521 ἐγένετο
1637 5455 1919 5523 προφήτης

333 5549 591 5603 ἁπάντων
640 5549 752 5602 τῶν
807 5550 996 5619 γραφῇ
1046 5548 1144 5612 τὰς
1187 5547 1394 5600 ἑαυτῶν
1456 5546 1917 5616 παραδεδωκότων

336 5639 707 5710 προφητείας.
741 5637 919 5701 καλῶς
952 5638 1094 5708 ἔχειν
1127 5639 1369 5707 ἡγήσατο
1401 5635 1582 5688 λοιπὸν
1615 5635 1782 5697 δεῖξαι
1819 5635 1916 5706 μὲν

2096 5451 2232 5516 Quia
2303 5464 2433 5504 vero
2499 5456 2812 5518 postremus
2871 5448 2961 5502 hic
3007 5447 3250 5501 uuinium
3297 5445 3592 5515 propheta-

2027 5559 2146 5597 rum
2199 5541 2322 5606 fuit,
2373 5541 2464 5611 qui
2498 5556 2626 5596 suas
2655 5541 2860 5610 scripto
2902 5539 3214 5610 pr0phetias
3241 5539 3590 5599 mandarunt.

2025 5645 2170 5690 recte
2198 5651 2256 5690 se
2287 5634 2471 5688 facere
2510 5633 2780 5703 judicavit
2812 5632 3243 5689 demonstrando
3274 5633 3470 5687 deinde
3522 5632 3596 5682 lc-

332 5731 428 5784 τοῦ
472 5731 635 5804 νόμου
683 5731 780 5802 τὴν
833 5729 1144 5794 κατάλυσιν,
1189 5730 1357 5796 δεῖξαι
1401 5728 1454 5782 δὲ
1492 5727 1554 5782 τὰ
1588 5727 1720 5796 μετὰ
1762 5726 1910 5780 τοῦτο

2025 5729 2106 5800 gis
2135 5729 2522 5796 cessationcm,
2556 5734 2606 5782 ct
2637 5742 2754 5798 quae
2788 5736 2974 5799 postea
3001 5734 3183 5784 essent
3204 5731 3590 5782 consecutura.
