3974 6146
381 307 481 362 εει

1564 294 1919 351 τιιΕουοιιι
1948 291 2427 355 MOPSUESTENI

3543 287 3644 350 632

388 443 407 477 ι
449 423 777 480 Mementote
803 423 942 493 legis
973 419 1176 490 Moysls
1207 417 1352 474 servi
1400 419 1528 486 mei,
1567 419 1712 475 sicut
1740 421 1789 475 ei
1817 433 1959 490 prae--

2076 419 2330 490 ἐσόμενα·
2379 419 2461 472 διό
2511 436 2642 490 φησι
2691 417 2872 490 (Στίχ.
2908 416 3022 487 ς’)⁶
3082 435 3101 470 ι
3145 417 3439 490 Μνήσθητε
3485 420 3648 492 νόμου

382 517 501 587 cepi
537 517 590 570 in
631 515 849 570 Choreh
889 512 960 568 ad
1007 512 1327 567 universum
1393 509 1648 567 lsraelem
1711 511 1968 566 mandata

383 603 904 676 etjustillcationes.
940 600 1006 654 Et
1044 615 1176 655 ecce
1207 614 1310 672 ego
1341 600 1554 656 mittam
1598 597 1757 654 vobis
1792 595 1966 653 Etiam

383 691 723 759 Thesbiten),
770 700 898 747 ante
942 706 1110 763 quam
1154 692 1342 748 veniat
1374 692 1494 747 dies
1523 691 1741 746 Domini
1773 706 1969 763 magna

383 795 437 841 et
465 785 728 852 illustris,
763 785 854 855 qui
881 784 1263 840 reconciliahit
1289 798 1386 840 cor
1413 783 1586 854 patris
1609 799 1740 855 erga
1773 783 1966 850 lilium,

384 887 437 933 et
464 893 562 934 cor
589 877 830 933 hominis
846 893 976 948 erga
1000 877 1311 948 proximum
1330 891 1514 939 suum,
1539 893 1607 932 ne
1623 891 1722 947 ego
1743 877 1970 933 veniens

386 968 632 1025 funditus
696 969 879 1023 omnia
921 968 1244 1039 percutiam.
1298 985 1316 1018 ι
1371 965 1538 1037 389
1576 965 1967 1022 Verumtamen

383 1068 581 1133 praeter
608 1060 794 1117 omnia
823 1075 946 1131 quae
972 1059 1119 1114 dicta
1150 1058 1396 1124 fuerunt,
1439 1058 1544 1114 hoc
1564 1059 1720 1114 vobis
1746 1067 1967 1129 postre»

384 1169 532 1208 mum
567 1153 886 1208 mandatum
933 1152 1114 1218 trado,
1147 1160 1209 1206 ut
1249 1151 1387 1222 legis
1420 1165 1554 1205 meae
1580 1165 1851 1208 memores
1893 1152 1968 1208 si-

385 1251 478 1313 tis,
511 1263 674 1318 quam
721 1263 816 1318 per
853 1244 1097 1318 Moysem
1146 1245 1412 1301 universo
1458 1243 1652 1300 lsraeli
1706 1244 1968 1315 imposui,

384 1354 724 1412 quaecunque
763 1339 833 1394 ab
879 1353 945 1394 eo
1013 1337 1133 1392 ﬁeri
1190 1344 1471 1408 oporteret
1520 1335 1814 1392 manifeste
1854 1337 1971 1392 edi-

385 1449 540 1489 cens.
573 1431 665 1486 Sic
691 1445 820 1501 ergo
866 1431 922 1485 in
974 1429 1168 1501 primis
1218 1429 1546 1484 obedientite
1579 1427 1782 1484 dabitis
1829 1427 1972 1483 indi-

385 1510 558 1592 cium,
581 1526 627 1580 si
653 1523 946 1580 Dominum
975 1523 1282 1579 venientem
1305 1521 1634 1592 exceperitis
1663 1520 1968 1586 Christum,

385 1617 479 1690 qui
511 1623 736 1688 propter
768 1605 1015 1671 omnium
1051 1613 1336 1669 hominum
1364 1613 1598 1669 salutem
1639 1611 1968 1684 apparebit;

386 1711 588 1781 quique
635 1707 739 1780 legi
778 1708 940 1765 finem
987 1707 1252 1776 imponet,
1306 1714 1360 1762 et
1406 1704 1794 1776 perfectionem
1839 1718 1968 1776 pro;

2071 512 2243 581 Μωσῆ
2281 511 2376 566 τοῦ
2405 511 2588 565 δούλου
2627 529 2748 582 μου,
2781 511 2969 566 καθότι
2999 513 3352 582 ἐνετειλάμην
3381 513 3398 582 (
3420 527 3475 582 p.
3509 512 3649 583 572)

2069 604 2219 674 αὐτῷ
2248 606 2307 658 ἐν
2352 604 2556 676 Χωρὴϐ
2617 605 2754 676 πρὸς
2800 605 2978 659 πάντα
3020 605 3112 659 τὸν
3153 603 3368 677 Ἰσραήλ
3415 607 3652 677 προστά-

2068 709 2257 766 γματα
2283 696 2376 750 καὶ
2413 695 2776 769 δικαιώματα,
2803 699 2896 752 καὶ
2933 699 3041 752 ἰδοὺ
3073 699 3184 767 ἐγὼ
3209 699 3496 753 ἀποστελῶ
3524 699 3651 771 ὑμῖν

2081 787 2268 844 Ἠλίαν
2297 789 2389 842 τὸν
2416 788 2701 861 Θεσϐίτην,
2738 791 2869 862 πρὶν
2905 791 2938 861 ἢ
2974 790 3149 844 ἐλθεῖν
3168 792 3265 862 τήν
3300 792 3513 864 ἡμέραν
3539 793 3651 845 Ku-

2074 879 2188 951 ρίου
2235 881 2335 951 τὴν
2389 881 2632 953 μεγάλην
2681 883 2773 934 καὶ
2808 881 3048 953 ἐπιφανῆ
3069 921 3084 946 ,
3129 881 3188 945 ὃς
3214 883 3650 954 ἀποκαταστήσει

2069 975 2300 1048 καρδίαν
2347 976 2553 1046 πατρὸς
2591 975 2728 1048 πρὸς
2756 975 2892 1043 υίὸν,
2941 976 3038 1029 καὶ
3085 975 3314 1046 καρδίαν
3363 975 3649 1047 ἀνθρώπου

2072 1066 2210 1138 πρὸς
2240 1066 2332 1119 τὸν
2360 1065 2588 1136 πλησίον
2628 1066 2812 1132 αὐτοῦ,
2853 1065 2928 1137 μὴ
2960 1065 3133 1120 ἐλθὼν
3162 1064 3388 1131 πατάξω
3418 1065 3518 1137 τὴν
3544 1065 3651 1135 γῆν

2070 1155 2260 1226 ἄρδην.
2302 1174 2321 1206 ι
2370 1153 2531 1210 Ἀλλά
2559 1156 2667 1226 γὰρ
2695 1155 2778 1224 ἐφ’
2807 1154 2977 1210 ἅπασι
3011 1158 3122 1220 τοῖς
3150 1157 3270 1228 είρη
3281 1156 3460 1227 μένοις
3490 1157 3650 1227 ἐσχά-

2070 1261 2171 1316 την
2203 1245 2406 1317 ταύτην
2441 1247 2570 1316 ὑμῖν
2598 1246 2944 1318 παραδίδωμι
2975 1247 3075 1320 τὴν
3104 1247 3346 1318 ἐντολὴν,
3385 1249 3452 1302 ἶν’
3490 1247 3651 1318 ἔχητε

2071 1336 2162 1390 τὸν
2189 1338 2352 1409 νόμον
2395 1341 2452 1393 ἑν
2492 1341 2684 1412 μνήμῃ
2713 1339 2807 1392 τὸν
2859 1339 3008 1410 ἐμὸν,
3058 1340 3118 1392 δν
3155 1339 3243 1394 διά
3267 1338 3363 1393 τοῦ
3409 1340 3653 1402 Μωσέως

2074 1429 2209 1502 πρὸς
2247 1430 2462 1484 ἅπαντα
2497 1429 2705 1483 δέδωκα
2746 1429 2836 1483 τὸν
2895 1429 3132 1501 Ἰσραὴλ,
3177 1430 3337 1484 ἅτινα
3391 1430 3652 1500 πράττειν

2073 1524 2269 1587 αὐτοὺς
2309 1522 2392 1591 ἐφ’
2419 1521 2636 1593 ἑκάστῳ
2664 1521 2792 1594 χρὴ,
2821 1522 3009 1591 σαφῶς
3041 1521 3307 1594 εἰρηκώς·
3343 1521 3534 1592 ὥσπερ
3559 1517 3652 1576 οὖν

2074 1615 2311 1686 πρῶτον,
2351 1614 2447 1666 τοῦ
2485 1613 2769 1667 πείθεσθαι
2827 1611 3093 1684 παρέξετε
3122 1613 3430 1684 γνώρισμα,
3467 1613 3527 1666 τὸ
3563 1612 3653 1666 τὸν

2075 1708 2350 1780 Δεσπότην
2382 1705 2794 1777 παραγεγονότα
2820 1705 3077 1770 δέξασθαι
3103 1705 3356 1777 Χριστὸν,
3387 1706 3529 1777 ὑπὲρ
3557 1709 3653 1777 τῆς

387 1768 560 1871 priam
591 1768 1016 1854 demonstrabit.
1048 1768 1306 1854 I3rofecto
1334 1768 1472 1852 bene
1504 1794 1700 1851 fuisset
1727 1810 1826 1851 vos
1841 1768 1969 1852 ἐιε-

2077 1768 2330 1851 ἁπάντων
2354 1768 2654 1865 ἀνθρώπων
2681 1768 3016 1868 φανούμενον
3040 1768 3424 1869 σωτηρίαςξδς
3454 1768 3652 1852 παύσει

387 1895 505 1957 tim,
529 1901 583 1948 et
622 1892 674 1945 iu
704 1891 882 1961 primo
916 1889 1037 1960 ejus
1075 1890 1313 1945 adventu
1345 1881 1600 1950 credere,
1627 1896 1790 1957 atque
1819 1888 1968 1942 hunc

389 1998 687 2056 agnoscere
711 1983 865 2038 illum
895 1997 1022 2037 esse
1079 1996 1241 2052 quem
1272 1980 1488 2050 Moyses
1513 1980 1811 2050 cunctique
1840 1993 1967 2048 pro-

391 2075 564 2144 pltetae
597 2073 912 2136 innuerant,
949 2070 1112 2126 ﬁnem
1143 2069 1247 2140 legi
1280 2069 1696 2139 impositurum,
1730 2076 1785 2122 et
1815 2083 1968 2123 com-

390 2178 611 2219 munem
642 2163 885 2219 omnium
917 2163 1098 2233 palam
1125 2160 1445 2216 eﬂ'ecturum
1477 2160 1750 2217 salutem:
1778 2174 1841 2215 ex
1859 2173 1969 2230 quo

279 2297 282 2299 λ
391 2254 524 2312 illud
559 2270 782 2326 quoque
832 2254 1090 2309 omnibus
1142 2253 1639 2318 innotuisset,'hoc
1673 2266 1794 2307 esse
1823 2265 1970 2306 oeco-

390 2346 586 2402 nomiae
638 2347 807 2401 totius
862 2346 1002 2417 legis
1064 2354 1230 2416 caput
1280 2345 1691 2416 maximumque
1744 2344 1968 2408 bonum,

391 2450 583 2507 nempe
621 2445 681 2490 ut
721 2447 915 2491 omnes
961 2435 1212 2491 homines
1257 2435 1323 2489 ad
1348 2433 1630 2490 Christum
1675 2431 1968 2487 Dominum

389 2527 817 2594 adducerentur,
860 2528 956 2598 qui
999 2527 1139 2582 tanti
1162 2527 1296 2583 boni
1337 2526 1515 2597 gratia
1569 2532 1818 2596 tempore
1867 2539 1971 2580 suo

388 2621 725 2683 adventurus
757 2627 893 2676 erat.
938 2618 1046 2676 Sed
1080 2621 1208 2689 quia
1244 2618 1502 2692 praesenti
1533 2617 1611 2672 illi
1636 2617 1970 2674 malevolen-

390 2713 521 2768 tiam
569 2720 807 2775 vestram
842 2713 1171 2780 ostendetis,
1224 2712 1425 2768 beatus
1467 2709 1535 2764 ad
1589 2723 1689 2765 vos
1727 2709 1974 2765 mittetur

390 2803 560 2871 Elias,
607 2811 736 2860 ante
776 2802 1081 2860 secundum
1129 2801 1338 2860 Christi
1403 2799 1619 2854 Domini
1676 2798 1972 2854 adventum

390 2896 483 2966 qui
519 2896 586 2951 de
613 2897 754 2951 ccelo
783 2897 1002 2952 futurus
1031 2903 1136 2960 est,
1167 2902 1230 2949 ut
1259 2909 1357 2951 eos
1377 2892 1472 2965 qui
1500 2871 1783 2963 r‘eligionis
1809 2905 1974 2948 causa

392 2985 535 3040 inter
565 2999 624 3041 se
653 2985 929 3040 dissident
959 2985 1200 3054 copulet,
1229 2999 1332 3039 nec
1365 2997 1477 3038 non
1510 2989 1570 3036 ut
1594 2988 1849 3053 parentes
1875 2993 1975 3051 per

393 3073 572 3145 ipsius
597 3074 878 3146 religionis
901 3075 1154 3129 notitiam
1200 3074 1269 3130 ad
1292 3072 1647 3130 concordiam
1682 3086 1808 3127 cum
1841 3070 1974 3126 libe-

401 3166 481 3222 ris
513 3166 820 3236 pertrahat,
857 3165 1190 3222 dissidentes
1221 3177 1380 3223 antea
1403 3165 1652 3237 ejusdem
1689 3162 1974 3236 religionis

395 3271 563 3317 causa
592 3274 607 3310 :
633 3257 686 3310 in
721 3270 958 3321 summa,
991 3265 1053 3312 ut
1076 3271 1269 3316 omnes
1299 3257 1551 3314 homines
1592 3273 1703 3311 uno
1747 3256 1974 3311 eodem-

395 3362 502 3418 que
525 3348 748 3403 vinculo
800 3347 1188 3420 constringat:
1237 3350 1312 3404 ita
1356 3359 1414 3404 ut
1449 3350 1543 3419 qui
1575 3354 1710 3404 tunc
1768 3346 1976 3402 inventi

395 3427 604 3495 fuerint
636 3439 953 3511 irreligiosi,
1001 3440 1070 3496 ab
1118 3456 1185 3496 eo
1229 3441 1479 3498 notitiam
1512 3440 1766 3496 veritatis
1797 3437 1977 3494 susci—

396 3531 567 3600 piant,
612 3538 815 3594 etcum
849 3531 1128 3602 religiosis
1173 3530 1437 3606 deinceps
1471 3531 1811 3600 conspirent.
1851 3529 1979 3583 Haec

396 3621 558 3676 faciet
595 3620 689 3691 qui
730 3621 977 3677 omnium
1023 3623 1311 3678 hominum
1355 3622 1551 3680 salutis
1601 3636 1790 3677 curam
1835 3619 1976 3691 gerit

395 3711 572 3779 Deus;
605 3727 674 3767 ne
701 3711 841 3776 forte
879 3713 935 3768 in
967 3713 1245 3784 impietate
1271 3723 1706 3785 perseverantes,
1733 3721 1978 3769 tremen-

394 3803 524 3858 dum
552 3803 844 3860 adventum
875 3805 998 3874 ejus
1022 3807 1397 3876 experiantur,
1432 3807 1527 3879 qui
1562 3805 1631 3860 ad
1654 3819 1971 3876 supremum

395 3893 768 3962 lmprohorum
798 3896 1025 3952 exitium
1061 3896 1169 3952 ﬂet.

2077 1887 2175 1956 μὲν
2201 1887 2294 1940 τὸν
2309 1886 2491 1956 νόμον,
2519 1887 2748 1954 ἐκφανεῖ
2762 1883 2820 1938 δὲ
2843 1883 2942 1956 τὴν
2961 1885 3275 1957 τελειότητα
3302 1885 3400 1956 τὴν
3419 1886 3622 1941 οἰκείαν
3635 1901 3650 1916 °

2075 1979 2212 2049 ὅπερ
2247 1974 2341 2031 οὖν
2373 1976 2552 2040 καλῶς
2582 1977 2680 2046 μὲν
2709 1972 2851 2047 εἶχεν
2881 1977 3026 2048 ὑμᾶς
3055 1976 3185 2030 εὐθὺ
3215 1976 3310 2031 καὶ
3335 1978 3478 2032 κατά
3508 1977 3656 2050 πρώ-

2074 2086 2174 2132 τας
2203 2070 2423 2139 φανέντι
2456 2069 2767 2135 πιστεῦσαι,
2799 2071 2892 2123 καὶ
2914 2069 3116 2139 γνῶναι
3148 2069 3338 2125 τοῦτον
3360 2071 3488 2124 ὄντα
3513 2073 3656 2125 ἐκεῖ·

2083 2173 2174 2210 νον
2219 2157 2278 2210 ὃν
2320 2157 2523 2228 Μωσῆς
2558 2176 2616 2212 τε
2653 2159 2748 2212 καὶ
2778 2160 2975 2222 πάντες
3008 2161 3239 2232 ἐμήνυον
3271 2163 3320 2214 οἰ
3352 2162 3653 2234 προφῆται,

2075 2247 2231 2311 τέλος
2263 2248 2361 2318 μὲν
2388 2248 2718 2320 ἐπιθήσοντα
2751 2249 2828 2320 τῷ
2853 2251 3022 2322 νόμῳ,
3054 2250 3152 2322 τὴν
3184 2250 3369 2324 κοινὴν
3398 2253 3455 2305 δὲ
3486 2253 3658 2306 ἀπάν-

2071 2355 2184 2392 των
2228 2338 2615 2408 έκκαλύψοντα
2670 2342 2943 2412 σωτηρίαν
2968 2357 2984 2373 ο
3033 2341 3173 2395 ὥστε
3227 2345 3449 2398 κάκεῖνο
3502 2345 3658 2414 δῆλον

2079 2429 2282 2484 ἅπασιν
2312 2430 2595 2498 γενέσθαι,
2623 2434 2702 2484 ὅτι
2729 2431 2792 2502 δὴ
2834 2431 2993 2486 τοῦτο
3033 2433 3214 2504 πάσης
3256 2437 3354 2506 τῆς
3392 2435 3531 2490 κατά
3568 2436 3659 2489 τὸν

2077 2519 2241 2590 νόμον
2276 2521 2587 2591 οἰκονομίας
2622 2523 2740 2576 ἐστὶ
2774 2522 2832 2575 τό
2867 2541 2925 2576 τε
2969 2524 3260 2594 κεφάλαιον
3290 2527 3468 2580 καὶτὸ
3501 2529 3660 2597 μέγιο

2079 2627 2203 2666 στον
2225 2610 2448 2680 ἀγαθὸν,
2471 2612 2532 2666 τὸ
2559 2613 2768 2678 πάντας
2787 2615 3104 2687 ἀνθρώπους
3137 2617 3216 2687 τῷ
3232 2618 3481 2691 Δεσπότῃ
3504 2636 3662 2691 προσ-

2079 2705 2304 2773 αγαγεῖν
2331 2704 2553 2776 Χριστῷ
2580 2706 2671 2759 ἐπὶ
2692 2709 2806 2771 τοῖς
2839 2707 3111 2772 τοσούτοις
3137 2709 3362 2777 ἀγαθοῖς
3396 2711 3540 2766 κατὰ
3571 2713 3660 2765 τῗιν

2078 2796 2269 2868 καιρὸν
2303 2796 2620 2870 φανουμένῳ
2660 2798 2752 2852 τὸν
2804 2800 3031 2852 οἰκεῖονο
3083 2801 3268 2872 ἐπειδὴ
3319 2800 3378 2854 δὲ
3426 2803 3522 2856 καὶ
3569 2804 3662 2856 ἐπὶ

2078 2888 2177 2957 τῆς
2210 2889 2418 2942 ἐκείνου
2459 2889 2676 2955 δείξεως
2699 2890 2798 2962 τὴν
2826 2891 3217 2962 ἀγνωμοσύνην
3243 2893 3539 2958 ἐπιδείξετε
3562 2894 3662 2965 τὴν

2080 2979 2308 3044 οίκείαν,
2344 2980 2433 3052 (p.
2470 2982 2613 3053 573)
2651 2973 2850 3045 ΔἨλίας
2884 2984 3320 3054 ἀποσταλήσεται
3350 2985 3487 3056 πρὸς
3515 2983 3662 3054 ὑμᾶς

2081 3071 2109 3122 ὁ
2141 3072 2431 3142 μακάριος,
2457 3073 2563 3144 πρὸ
2589 3073 2690 3143 τῆς
2721 3072 2978 3144 δευτέρας
2997 3071 3091 3127 τοῦ
3124 3074 3389 3128 Δεσπότου
3421 3075 3662 3145 Χριστοῦ

2081 3163 2404 3233 παρουσίας,
2445 3165 2511 3233 ἢν
2547 3165 2642 3218 ἀπ’
2681 3164 2926 3236 οὐρανῶν
2977 3167 3296 3238 ποιήσεται’
3346 3167 3488 3224 ὥστε
3538 3168 3662 3232 τοὺς

2081 3254 2171 3308 διά
2202 3255 2300 3326 τὴν
2351 3253 2635 3309 εὐσέϐειαν
2667 3257 2806 3326 πρὸς
2850 3255 3111 3326 ἀλλήλους
3143 3257 3507 3329 διῃρημένους
3544 3275 3662 3314 συν-

2083 3345 2240 3416 άψαι,
2283 3345 2376 3399 καὶ
2409 3346 2474 3418 δὴ
2523 3347 2616 3400 καὶ
2665 3346 2906 3418 πατέρας
2936 3347 3026 3401 διὰ
3074 3349 3172 3420 τῆς
3212 3348 3354 3402 κατὰ
3385 3348 3483 3419 τὴν
3510 3349 3662 3402 εὐσέ-

2084 3438 2237 3492 ϐειαν
2282 3438 2628 3508 ἐπιγνώσεως
2668 3441 2747 3504 είς
2781 3438 2878 3510 τὴν
2901 3439 3010 3492 τῶν
3036 3440 3242 3494 τέκνων
3276 3441 3503 3510 ἀγαγεῖν
3528 3440 3656 3512 ὁμό-

2085 3546 2253 3596 νοιαν,
2287 3529 2647 3602 διῃρημένους
2676 3529 2938 3602 πρότερον
2982 3531 3047 3584 ἐκ
3078 3531 3176 3601 τῆς
3210 3531 3354 3585 κατά
3384 3530 3484 3603 τὴν
3508 3529 3664 3584 εὐσέ-

2086 3622 2235 3675 ϐειαν
2257 3623 2437 3687 αἰτίας
2457 3639 2470 3652 ·
2513 3622 2718 3686 πάντας
2751 3639 2809 3676 τε
2843 3621 3159 3692 ἀνθρώπους
3181 3623 3467 3692 συντόμως
3493 3625 3665 3677 εἰπεῖν

2083 3715 2164 3777 εἰς
2193 3715 2323 3786 μίαν
2364 3715 2460 3768 καὶ
2497 3717 2596 3786 τὴν
2627 3715 2796 3784 αὐτὴν
2825 3715 3165 3784 καταστῆσαι
3194 3716 3491 3784 συνάφειαν
3510 3731 3526 3744 ·
3554 3716 3664 3769 τῶν

2083 3806 2140 3860 ἐν
2185 3805 2410 3877 ἀσεϐείᾳ
2446 3805 2568 3858 τότε
2617 3804 3208 3876 καταλαμϐανομένων,
3231 3805 3539 3876 δεχομένων
3564 3806 3664 3876 μὲν

2082 3898 2210 3967 παρ’
2260 3896 2422 3950 αὑτοῦ
2461 3897 2559 3967 τὴν
2599 3897 2698 3965 τῆς
2731 3894 2990 3966 ἀληθείας
3027 3895 3343 3965 ἐπίγνωσιν,
3387 3895 3667 3967 ἐχομένων

393 3984 450 4038 δὲ
480 3989 574 4039 καὶ
610 3987 709 4056 τὴν
748 3988 994 4042 ἐντεῦθεν
1070 3990 1210 4061 πρὸς
1253 3992 1379 4055 τοὺς
1422 3991 1668 4054 εὐσεϐεῖς
1736 3989 2050 4044 κοινωνίανο
2088 3990 2260 4044 ταῦτα
2293 3990 2350 4043 δὲ
2399 3991 2683 4062 ποιήσεται
2723 3987 2821 4060 τῆς
2871 3990 3122 4044 ἁπάντων
3160 3986 3464 4060 ἀνθρώπων
3503 4005 3666 4060 φρον-

395 4075 556 4139 τίζων
596 4079 863 4151 σωτηρίας
895 4081 922 4133 ὁ
954 4079 1119 4145 Θεός·
1151 4082 1226 4146 di;
1253 4083 1320 4137 ἂν
1359 4084 1433 4154 μὴ
1460 4084 1713 4155 μένοντες
1743 4085 1838 4137 ἐπὶ
1870 4087 1968 4155 τῆς
2008 4084 2282 4151 ἀσεϐείας,
2311 4083 2546 4156 φοϐερᾶς
2576 4083 2742 4140 αὐτοῦ
2766 4084 2867 4156 τῆς
2934 4083 3236 4158 παρουσίας
3301 4081 3667 4155 Μιραθῶσιν,

397 4173 489 4233 επὶ
515 4171 800 4256 ἀφανισμῷ
831 4176 1084 4243 παντελεῖ
1108 4177 1218 4234 τῶν
1246 4177 1534 4256 μοχθηρῶν
1558 4179 1872 4260 γινομένης.
