3974 6146
359 309 452 364 εδδ

1509 284 1939 346 FRAGMENTA
1977 285 2044 340 IN
2101 283 2416 341 GENESIN.

3471 287 3580 341 635

379 439 3564 490 ﬂammma:

798 632 1734 749 THEODOBI
1841 629 3126 746 MOPSUESTENI

493 845 1380 1014 FRAGMENTA
1440 894 1587 1012 IN
1673 891 2154 1013 VETUS
2212 889 3341 1011 TESTAMENTUM.

1584 1334 1708 1422 IN
1785 1331 2346 1423 GENESIN.

776 1521 862 1578 Et:
916 1521 1140 1577 concilio
1197 1520 1784 1592 Constantinopolitano
1821 1522 1950 1620 anni
2008 1521 2134 1588 553,
2167 1522 2372 1576 actione
2402 1519 2489 1584 IV,
2520 1537 2663 1575 num.
2694 1517 2973 1587 LVII-LX,
3011 1519 3172 1575 LXII.

366 1863 604 1935 Ejusdem
661 1862 928 1937 Theodori
979 1879 1042 1918 ea:
1091 1863 1224 1937 liora
1265 1865 1451 1934 quinto
1511 1871 1804 1937 commenta
1861 1864 1926 1917 de
1955 1881 1997 1937 Α
2028 1876 2214 1921 autem
2269 1867 2363 1937 qui
2412 1869 2633 1924 futurus
2663 1875 2770 1934 est,
2817 1883 2942 1924 cum
2973 1884 3249 1927 renovans
3285 1873 3468 1928 omnia
3527 1875 3598 1931 ad

426 1947 688 1995 creatura,
717 1936 774 1988 in
817 1934 1008 2005 quibus
1033 1943 1083 1988 et
1137 1933 1286 1989 bona
1321 1946 1371 1990 et
1426 1935 1572 1989 mala
1599 1953 1631 1989 a
1657 1934 1765 1990 Deo
1811 1951 1924 1990 esse

428 2008 564 2074 facta
583 2006 736 2058 dicit.

430 2117 535 2174 Nec
568 2119 738 2189 igitur
759 2127 993 2174 mortem
1025 2134 1134 2173 non
1158 2128 1354 2189 sponte
1370 2129 1422 2176 et
1442 2130 1636 2190 praeter
1654 2119 1925 2190 judicium

371 2226 520 2265 suum
549 2211 734 2264 intulit
757 2210 1100 2275 hominibus,
1132 2227 1308 2282 neque
1336 2221 1562 2283 peccato
1599 2211 1806 2267 aditum
1859 2210 1930 2265 ad

371 2304 564 2357 nullam
594 2303 886 2356 utilitatem
927 2303 1118 2369 dedit;
1173 2320 1274 2359 nec
1333 2303 1477 2358 enim
1539 2303 1642 2358 hoc
1682 2304 1796 2358 lieri
1827 2317 1930 2357 no-

374 2395 487 2448 lens
529 2407 637 2447 non
674 2400 923 2461 poterat:
967 2393 1059 2447 sed
1097 2392 1356 2461 quoniam
1413 2392 1622 2448 sciebat
1655 2391 1786 2446 utile
1808 2405 1932 2446 esse

377 2485 557 2547 nobis,
587 2486 758 2555 magis
786 2494 958 2538 autem
999 2485 1256 2540 omnibus
1295 2485 1743 2550 rationabilibus,
1779 2484 1933 2553 prius

383 2576 596 2645 quidem
624 2576 881 2629 malorum
913 2583 962 2631 et
990 2576 1323 2631 deteriorum
1357 2575 1474 2632 ﬁeri
1505 2578 1735 2645 aditum,
1783 2582 1934 2646 post-

388 2681 452 2721 ea
515 2675 688 2722 autem
741 2666 901 2722 deleri
943 2668 1163 2738 quidem
1221 2669 1353 2733 hare,
1412 2668 1689 2723 introduci
1751 2674 1933 2720 autem

391 2754 646 2808 meliora:
687 2755 804 2810 ideo
835 2757 890 2809 in
927 2755 1066 2810 duos
1092 2763 1270 2812 status
1306 2757 1492 2812 divisit
1535 2755 1679 2811 Deus
1716 2762 1934 2810 creatu-

390 2859 522 2908 ram,
549 2851 863 2914 praesentem
897 2851 952 2900 et
1004 2845 1287 2915 futurum;
1345 2848 1402 2901 in
1439 2848 1536 2902 illo
1588 2847 1808 2917 quidem
1864 2844 1935 2900 ad

381 2937 831 2991 immortalitatem
869 2945 925 2992 et
959 2938 1460 2994 immutabilitatem
1514 2939 1700 2993 omnia
1731 2938 1935 2992 ductuv

374 3042 486 3092 rus,
517 3029 570 3082 in
609 3030 866 3098 prmsenti
891 3044 1024 3084 vero
1055 3038 1307 3086 creatura
1342 3033 1398 3085 in
1443 3038 1672 3085 mortem
1735 3039 1790 3085 et
1825 3045 1938 3083 mu-

372 3121 694 3176 tabilitatem
724 3123 948 3176 interim
973 3138 1078 3178 nos
1113 3122 1422 3179 dimittens.
1478 3122 1609 3177 Nam
1641 3124 1686 3178 si
1712 3122 1935 3194 quidem

2027 1958 2531 2014 immutabilitatem
2595 1957 2926 2014 transferet:
2981 1976 3214 2031 quorum
3269 1962 3596 2034 principium

2025 2052 2187 2106 nobis
2219 2051 2462 2106 Ostendit
2495 2052 2550 2106 in
2615 2052 3030 2123 dispensatione
3091 2054 3309 2109 Domini
3369 2054 3596 2121 Christi,

2028 2157 2191 2214 quem
2215 2159 2282 2198 ex
2313 2145 2474 2198 nobis
2527 2145 2884 2200 exsistenteru
2949 2148 3298 2202 resuscitavit
3353 2163 3418 2203 ex
3453 2163 3599 2202 mor-

2031 2235 2164 2300 tuis,
2193 2242 2248 2288 et
2276 2235 2639 2290 immortalem
2676 2249 2928 2306 corpore,
2961 2247 3017 2292 et
3044 2238 3436 2294 immutabilem
3467 2239 3600 2294 fecit

2032 2328 2267 2380 animam
2307 2323 2458 2397 [fort.
2515 2325 2756 2400 anima]:
2823 2341 2919 2397 per
2975 2329 3120 2398 quod
3180 2331 3599 2395 demonstravit,

2030 2419 2159 2489 quia
2188 2417 2338 2472 circa
2373 2419 2688 2475 universam
2723 2427 3037 2476 creaturam
3064 2421 3169 2476 hoc
3200 2420 3445 2478 futurum
3489 2434 3597 2479 est.

2246 2555 2501 2626 Ejusdem
2533 2572 2596 2612 ea:
2629 2569 2817 2628 quarto
2860 2557 2996 2612 libro
3031 2558 3096 2614 de
3121 2568 3389 2615 creatura.

2105 2687 2202 2742 lllo
2241 2696 2393 2743 certo
2419 2690 2742 2754 constituto,
2791 2691 2936 2761 quod
2989 2693 3450 2762 quemadmodum
3501 2708 3604 2752 no-

2034 2779 2122 2836 bis
2148 2795 2246 2850 per
2277 2782 2741 2837 resurrectionem
2773 2791 2830 2839 et
2865 2798 3068 2855 corpus
3114 2787 3495 2856 incorruptum
3553 2796 3607 2842 et

2036 2871 2396 2926 immutabilis
2424 2873 2607 2926 anima
2637 2874 2764 2939 erit,
2823 2875 3013 2930 eodem
3047 2875 3208 2930 modo
3247 2885 3301 2931 et
3352 2878 3608 2932 invisibi-

2037 2963 2186 3018 llbus
2225 2969 2279 3017 et
2308 2964 2733 3020 rationabilibus
2789 2968 3006 3022 naturis
3042 2966 3438 3022 immutabilem
3488 2983 3605 3024 me-

2038 3055 2149 3110 reri
2173 3056 2467 3128 eontingit,
2496 3072 2642 3111 nunc
2671 3057 2892 3130 quidem
2928 3060 3326 3130 accipientibus
3382 3074 3612 3116 conver-

2041 3149 2273 3215 sionem,
2315 3149 2460 3205 sicut
2483 3165 2641 3207 versa
2679 3152 2958 3208 multoties
2993 3151 3183 3208 decem
3214 3154 3381 3208 millia
3412 3153 3616 3208 daemo—

369 3214 554 3268 statim
590 3214 661 3268 ab
694 3215 856 3269 initio
907 3215 1242 3271 immortales
1274 3231 1377 3271 nos
1413 3213 1604 3270 fecerit
1625 3224 1679 3271 et
1735 3217 1934 3271 immu-
1966 3220 2008 3275 B
2043 3255 2174 3293 "um
2229 3213 2547 3308 (mendum,
2585 3251 2717 3298 ωηο
2757 3252 2939 3300 autem
3005 3245 3062 3298 in
3116 3245 3612 3306 immutabilium“

367 3304 582 3370 tabiles,
622 3305 832 3359 nullam
859 3305 1219 3362 diﬁcrentiam
1255 3307 1321 3360 ad
1341 3307 1734 3362 irrationabilia
1771 3307 1936 3362 babe-

367 3409 580 3460 remus,
638 3398 924 3467 proprium
979 3398 1286 3454 nescientes
1338 3399 1561 3453 bonum.
1616 3399 1936 3470 lgnorantes

365 3489 502 3542 enim
563 3489 1017 3554 mutabilitatem,
1051 3491 1511 3545 immutabilitatis
1544 3492 1937 3561 ignorabamus

365 3575 569 3631 bonum
601 3595 615 3630 :
646 3577 957 3632 nescientes
973 3590 1227 3643 mortem,
1261 3578 1691 3634 immortalitatis
1725 3578 1937 3632 lucrum

362 3669 798 3724 nesciebamus:
834 3668 1150 3740 ignorantes
1177 3671 1612 3740 corruptionem,
1658 3685 1768 3722 non
1826 3671 1942 3723 lau-

363 3755 642 3813 dabamus
704 3759 1172 3830 incorruptionem
1211 3779 1224 3814 :
1266 3761 1575 3816 nescientes
1625 3761 1940 3830 passionum

360 3865 691 3920 gravamen,
729 3849 1225 3921 impassibilitatem
1243 3867 1356 3906 non
1387 3852 1746 3907 mirabamur.
1782 3850 1945 3905 Com-

363 3943 641 4010 pendiose
669 3942 875 4007 dicere,
902 3959 972 3998 ne
1002 3945 1226 4014 longum
1254 3959 1564 4000 sermonem
1593 3944 1823 3998 faciam:
1849 3958 1947 3998 ne-

361 4035 617 4091 scientes
648 4035 924 4089 malorum
962 4038 1418 4107 experimentum,
1483 4039 1756 4092 bonorum
1822 4035 1947 4090 illo-

362 4140 484 4182 rum
521 4141 648 4183 non
681 4138 996 4197 poteramus
1027 4128 1315 4183 scientiam
1348 4129 1568 4185 mereri.

362 4255 633 4328 Ejusdem
663 4259 728 4313 de
749 4259 959 4323 iisdem,
1008 4269 1058 4314 et
1089 4260 1321 4331 angelos,
1357 4270 1406 4316 et
1441 4262 1693 4329 homines,
1749 4273 1800 4317 et
1844 4261 1952 4318 da:-

583 4345 772 4384 mones
799 4331 1048 4385 similiter
1072 4335 1240 4388 malos
1265 4347 1377 4386 esse
1407 4334 1652 4387 dicentis.

427 4445 685 4501 Necesse
739 4451 826 4501 est
879 4453 1088 4513 autem,
1153 4447 1339 4502 omnia
1375 4448 1540 4502 simul
1577 4446 1950 4513 rationabilia,

358 4537 683 4593 invisibilia
712 4537 860 4603 dico,
902 4544 956 4592 et
981 4555 1083 4594 nos
1107 4538 1278 4609 ipsos,

358 4632 485 4684 dem
531 4637 628 4685 est
691 4644 917 4700 corpus,
977 4630 1158 4685 anima
1212 4639 1394 4686 autem
1436 4647 1534 4701 per
1575 4632 1759 4685 omnia
1811 4630 1959 4699 ejus-

357 4721 486 4775 dem
518 4724 555 4757 ³⁵
588 4722 966 4778 invisibilibus
999 4731 1054 4777 et
1085 4723 1448 4778 rationalibus
1487 4721 1836 4788 substantiis,
1869 4720 1959 4776 hic

356 4812 602 4880 quidem
637 4821 964 4884 praesentem
1027 4813 1454 4868 mutabilitatem
1489 4814 1623 4884 pati,
1653 4821 1714 4867 ut
1751 4813 1956 4883 optima

359 4907 704 4961 erudiamur
733 4905 984 4961 doctrina
1009 4906 1408 4977 religiositatis,
1443 4905 1588 4961 et'ad
1629 4905 1958 4960 benevolen-

362 4997 504 5052 tiam
538 5000 970 5055 constituamur.

365 5133 1064 5210 bilusden},interimenda
1106 5136 1389 5210 judicium,
1437 5143 1486 5189 εί
1534 5137 1785 5210 άίίεηήδ-
1820 5138 1956 5204 quad

441 5207 741 5260 mutabilia
764 5218 810 5260 et
851 5207 1100 5260 mortalia
1124 5209 1300 5259 omnia
1331 5208 1474 5274 facta
1511 5217 1652 5271 sunt,
1688 5216 1734 5259 et
1769 5207 1958 5258 iterant

443 5278 640 5329 omnia
701 5277 1058 5330 immutabilia
1115 5285 1166 5329 et
1228 5277 1556 5329 immortalia
1615 5279 1796 5329 statim
1843 5285 1960 5342 post

448 5349 904 5416 resurrectionem
977 5357 1128 5400 erunt
1201 5346 1486 5400 secundum
1559 5345 1957 5399 similitudinem

444 5417 684 5473 Christi.
1221 5435 1226 5441 '

444 5551 618 5619 Quod
654 5553 875 5623 quidem
930 5553 1138 5623 placuit
1195 5553 1344 5618 Deo,
1381 5551 1488 5604 hoc
1545 5555 1684 5614 erat,
1714 5548 1769 5602 in
1823 5547 1962 5603 duos

371 5652 573 5698 status
625 5645 872 5701 dividere
932 5655 1298 5700 creaturam:
1366 5657 1533 5697 unum
1589 5641 1808 5710 quidem
1871 5643 1963 5710 qui

372 5746 642 5803 [utesens
678 5745 780 5803 est,
815 5737 868 5791 iu
900 5737 1305 5808 quomutabilia
1335 5733 1514 5792 omnia
1544 5734 1703 5799 fecit;
1731 5735 1959 5790 alterum

2041 3333 2331 3387 nobiscum
2367 3330 2592 3390 futuris.

2045 3460 2299 3533 Ejusdem
2325 3479 2392 3516 ea:
2417 3464 2599 3532 quinto
2631 3462 2786 3525 libro,
2823 3463 2962 3532 quod
2988 3461 3330 3533 sciensADeus
3371 3461 3614 3533 expedire

2217 3531 2516 3586 hominibus
2542 3531 2842 3601 peccatum,
2869 3534 2965 3586 hoc
2993 3534 3112 3601 fieri
3139 3531 3422 3600 disposuit.

2114 3664 2252 3719 Nam
2282 3666 2491 3720 sciebat
2515 3665 2734 3734 quidem
2766 3665 2913 3735 quod
2935 3665 3243 3736 peccabunt
3273 3665 3613 3731 omnimodo,

2045 3755 2382 3810 concedebat
2423 3771 2555 3811 vero
2611 3757 2716 3811 hoc
2775 3757 2914 3821 fieri,
2971 3756 3233 3825 expedire
3279 3758 3361 3812 eis
3415 3773 3619 3826 cogno.

2048 3863 2248 3903 scens:
2283 3849 2543 3917 quoniam
2584 3864 2686 3904 nec
2715 3859 2836 3904 erat
2869 3849 3135 3919 possibile
3177 3865 3324 3916 eum,
3351 3850 3444 3920 qui
3489 3865 3616 3903 cum

2049 3939 2242 3995 fecerit
2270 3955 2380 3995 non
2423 3949 2722 4007 exstantes,
2747 3951 2801 3997 et
2835 3950 3108 3996 tantorum
3143 3943 3360 4012 quidem
3396 3943 3622 3997 demon-

2048 4030 2310 4086 straverit
2342 4030 2616 4096 dominos,
2677 4038 2829 4084 tanta
2867 4045 2996 4085 vero
3057 4030 3200 4085 bona
3273 4029 3621 4100 proposuerit

2051 4130 2113 4177 ut
2139 4122 2221 4177 eis
2259 4121 2540 4188 fruantur,
2580 4135 2688 4176 non
2716 4121 3008 4191 prohibere
3037 4121 3246 4192 peccati
3290 4119 3518 4185 aditum,
3571 4121 3618 4176 si

2052 4212 2313 4282 expedire
2344 4213 2427 4267 eis
2465 4212 2570 4266 hoc
2607 4221 2988 4281 cOgnosceret.
3034 4211 3139 4268 Sed
3175 4212 3456 4267 enimnon
3503 4221 3620 4267 erat

2055 4304 2338 4373 possibile,
2371 4318 2472 4358 nos
2501 4305 2658 4359 aliter
2691 4305 2906 4360 discere
2953 4313 3260 4375 peccatum,
3290 4315 3344 4362 et
3403 4306 3622 4374 passin-

2055 4411 2185 4450 num
2223 4394 2550 4461 molestiam,
2583 4402 2638 4449 et
2667 4393 2962 4460 deteriora,
2997 4404 3053 4450 ct
3090 4406 3336 4452 nostram
3392 4395 3627 4449 inﬁrmi-

2057 4493 2226 4540 tatem
2284 4485 2339 4537 in
2393 4485 2479 4539 his
2534 4471 3040 4552 demonstrandam,
3097 4485 3166 4539 ad
3228 4485 3624 4540 ostendendam

1315 4538 1516 4608 quibus
1549 4540 1779 4641 ωθητξίθ
1832 4539 1956 4642 Qui’
1984 4565 2024 4622 C
2061 4575 2504 4646 magnitudinem
2534 4538 3218 4646 immutabilitatis,'quam
3251 4584 3442 4646 postea
3469 4574 3627 4630 nobis

2059 4674 2207 4722 esset
2240 4665 2570 4733 douaturus,
2613 4668 2720 4722 nisi
2761 4669 2842 4723 sic
2890 4668 2959 4721 ab
2985 4667 3142 4722 initio
3166 4667 3283 4721 haec
3329 4665 3560 4720 fuissent
3599 4679 3629 4717 a

2060 4756 2172 4813 Deo
2196 4757 2537 4828 dispensata,
2572 4765 2633 4812 ut
2656 4758 2951 4814 collatione
2979 4767 3034 4812 et
3089 4759 3461 4827 experimento
3508 4756 3631 4808 inll-

2061 4850 2303 4903 nitorum
2340 4849 2561 4903 illorum
2616 4850 2886 4904 bonorum
2913 4863 3202 4919 possemus
3234 4849 3375 4902 scire
3423 4846 3634 4915 magni-

2061 4939 2340 4992 tudinem:
2372 4946 2425 4992 et
2449 4937 2614 5005 hujus
2650 4939 2843 5008 gratia,
2872 4946 3059 5008 utpote
3089 4937 3430 5009 profuturum
3451 4938 3630 5002 nobis,

2064 5038 2352 5098 peceatum
2384 5030 2591 5084 intrare
2623 5030 2926 5094 dimittens,
2972 5045 3228 5100 magnum
3270 5030 3322 5082 in
3351 5029 3470 5098 ejus
3495 5031 3632 5084 bello

2063 5120 2331 5173 auxilium
2361 5120 2590 5174 invenit.

2068 5253 2323 5324 Ejusdem
2356 5253 2615 5307 Theodori
2654 5255 2975 5308 detrahentis
3007 5271 3122 5323 qua:
3151 5262 3270 5324 sunt
3295 5254 3357 5308 de
3390 5255 3635 5324 ﬂammea

2260 5325 2466 5392 framea
2490 5334 2539 5376 et
2578 5325 2641 5378 de
2667 5325 2927 5377 cherubim
2955 5322 3097 5377 dicta
3131 5322 3280 5396 (Cen.
3316 5322 3422 5396 ιιι).

2141 5456 2276 5510 Nam
2331 5455 2642 5508 flammeam
2705 5456 2924 5526 quidem
2984 5457 3244 5513 frameam
3305 5459 3516 5525 dicunt,
3580 5467 3638 5512 ut

2073 5549 2222 5602 dicat
2260 5550 2393 5620 quia
2426 5548 2569 5618 ignis
2601 5557 2682 5602 est
2707 5549 2970 5605 terribilis
2998 5566 3319 5615 coruscans,
3357 5552 3410 5605 in
3454 5551 3638 5606 habitu

2073 5640 2236 5709 gladii
2297 5649 2591 5705 extensus,
2659 5651 2718 5696 ut
2774 5642 3026 5698 bifariam
3093 5643 3357 5698 terribilis
3419 5645 3632 5716 quidam

2077 5734 2224 5790 visus
2273 5744 2416 5791 esset
2453 5734 2774 5803 videntium,
2802 5745 2851 5792 et
2883 5754 2945 5792 cx
2978 5745 3171 5793 natura
3209 5748 3259 5793 et
3327 5753 3392 5793 cx
3455 5731 3632 5786 liaoilu
