3974 6146
377 230 486 286 σεε

1562 217 1911 277 THEODORI
1954 217 2181 277 IIOPSU
2191 219 2436 276 ESTENI

3518 227 3616 282 636

379 353 505 420 ejus
539 347 687 420 quod
726 332 1161 402 ostendebatur:
1219 354 1384 412 quam
1413 349 1466 396 et
1525 341 1665 395 verti
1701 339 1864 405 dixit,
1905 349 1964 394 ut
1991 349 2036 404 Α
2065 341 2375 412 prohibitus
2410 339 2639 396 introitu
2671 337 2939 410 paradisi,
2998 336 3194 394 merito
3243 336 3627 406 castigaretur.

382 441 710 498 assiduitate
751 446 934 492 motus
969 448 1292 497 coruscans,
1344 432 1644 487 terribilem
1674 443 1728 488 et
1785 431 1956 502 majo-

385 548 500 588 rem
532 530 739 586 videnti
783 529 1034 582 timorem
1066 526 1292 580 faceret.
1322 523 1617 580 Cherubin:
1650 538 1780 579 vero
1835 526 1956 578 ani-

386 625 610 680 malium
655 621 788 676 dicit
819 618 1084 691 quasdam
1129 616 1339 673 formas
1381 615 1653 673 terribiles
1684 623 1740 672 et
1773 625 1960 688 poten-

388 727 470 772 tes
500 713 855 768 tremel‘acere
886 712 1185 767 videntem.
1228 708 1386 764 Sicut
1415 710 1560 764 enim
1622 723 1723 764 nos
1747 710 1961 764 anima-

386 808 456 860 lia
496 806 740 875 quaedam
775 804 1003 860 forsitan
1037 802 1222 872 januis
1256 801 1668 862 constituimus,
1698 799 1781 855 sic
1814 798 1959 856 Deus

384 898 686 953 ﬂammeam
713 895 974 951 frameam
1004 895 1295 952 constituit
1322 902 1376 951 et
1425 893 1733 957 cherubim,
1777 899 1836 947 ut
1863 908 1961 964 per

385 1002 528 1054 eam,
561 1002 682 1058 quae
712 997 798 1044 est
827 987 1094 1042 terribilis
1115 985 1182 1041 de
1211 985 1360 1050 visu,
1393 984 1567 1040 Adam
1603 998 1726 1038 cum
1760 983 1959 1038 timore

1321 1205 1386 1215 ’.⁵⁷

2059 431 2178 488 Non
2211 432 2359 488 enim
2394 429 2702 487 invisibiles
2730 429 2995 500 quasdam
3025 427 3258 482 virtutes
3314 425 3449 481 dicit
3503 426 3629 482 che-

2062 523 2240 578 rubim
2272 523 2384 591 hic,
2421 523 2567 579 sicut
2595 521 2813 592 quidam
2835 519 3206 574 arbitrantur:
3236 517 3496 588 quoniam
3523 531 3632 571 non

2063 613 2274 686 aliquid
2305 614 2525 671 valebat
2561 611 2856 670 invisibilis
2895 619 3094 667 natura
3125 610 3224 676 ibi,
3273 624 3398 664 cum
3453 610 3633 666 sensi-

2066 706 2197 762 bilis
2234 707 2386 761 visus
2416 720 2540 761 esse
2565 705 2810 769 deberet,
2848 709 2903 758 et
2931 716 3052 770 quae
3102 700 3272 755 Adam
3313 699 3631 771 castigaret.

2064 794 2177 852 Nec
2203 797 2372 868 igitur
2398 794 2650 850 ﬂammea
2688 792 2899 848 framea
2926 799 3124 846 natura
3171 797 3288 843 erat
3325 788 3492 859 ignis,
3538 789 3634 844 sed

2065 888 2191 943 talis
2231 887 2421 944 visus:
2481 900 2585 944 nec
2641 881 2927 942 cherubim
2984 881 3265 948 animalia,
3316 883 3415 938 sed
3484 881 3637 937 visus

2064 980 2215 1036 talis.

1021 1383 1744 1474 FRAGMENTA
1846 1383 2124 1472 ALIA
2235 1383 2362 1473 IN
2450 1380 3015 1472 GENESIN.

1259 1576 1332 1626 Ex
1355 1576 1538 1628 Catena
1559 1571 1825 1637 Nicephori
1849 1557 2093 1635 monachi,
2120 1571 2299 1639 [ἱρείη
2326 1571 2448 1624 1772
2469 1571 2631 1623 in—fol.
2659 1571 2752 1635 (a).

1055 1893 1209 1952 CAP.
1251 1893 1293 1948 l.

474 2011 744 2070 Vna“.
783 2038 850 2051 -—-
883 2007 1165 2063 Theodori.
1211 2005 1373 2061 Fiant
1406 2005 1693 2060 luminaria
1719 2006 1774 2059 in
1809 2004 1965 2070 ccio,

398 2108 498 2172 ait,
537 2121 649 2160 non
675 2106 725 2159 ei
765 2102 1128 2167 adhaerentia,
1167 2098 1265 2157 sed
1309 2099 1458 2155 velut
1499 2113 1666 2170 super
1705 2095 1842 2159 illud
1873 2098 1970 2153 de-

399 2200 667 2255 stinatum
698 2195 802 2251 sibi
831 2209 1054 2250 cursum
1087 2191 1456 2263 perﬁcientia.
1481 2190 1698 2246 Pariter
1725 2191 1872 2247 enim
1902 2188 1972 2245 de

400 2291 574 2346 Adam
608 2289 814 2343 dictum
848 2295 934 2341 est
990 2299 1003 2336 :
1041 2283 1236 2340 Posuit
1272 2300 1394 2339 eum
1441 2285 1497 2338 in
1529 2282 1820 2352 paradiso,
1861 2297 1972 2338 non

400 2394 532 2433 sane
559 2386 717 2432 terrae
753 2374 996 2442 afﬁxum,
1033 2374 1130 2430 sed
1159 2389 1328 2444 super
1357 2383 1559 2428 terram
1595 2373 1702 2427 huc
1733 2374 1976 2440 illucque

404 2478 705 2542 vagantem.
756 2465 932 2522 Simili
974 2467 1184 2521 ratione
1219 2466 1380 2534 jubet
1424 2465 1518 2520 hic
1573 2464 1868 2519 luminaria
1917 2463 1977 2518 in

404 2565 747 2618 ﬁrmamento
789 2561 915 2616 (εωιί
961 2560 1176 2630 reponi.
1227 2558 1397 2614 flecte
1434 2568 1614 2612 autem
1669 2556 1862 2626 adjicit
1907 2554 1977 2610 ad

403 2656 848 2712 illuminationem
889 2668 1044 2723 super
1071 2661 1292 2717 terram,
1321 2650 1483 2721 quasi
1511 2649 1683 2711 dicat,
1719 2655 1780 2702 ut
1819 2656 1980 2702 terra:

405 2751 728 2806 inserviant.
781 2746 880 2805 [iis
917 2747 1064 2804 enim
1110 2745 1181 2802 de
1212 2744 1400 2801 causis
1435 2744 1493 2798 in
1537 2741 1679 2799 caelo
1709 2740 1980 2797 collocata

408 2851 557 2897 sunt.

1063 2971 1218 3027 CAP.
1267 2969 1332 3027 ll.

490 3086 652 3141 Vens.
692 3084 747 3138 2.
779 3113 848 3124 -
884 3081 950 3137 Et
985 3085 1366 3138 consummavit
1410 3081 1550 3137 Deus
1591 3081 1646 3136 in
1697 3080 1784 3136 die
1837 3090 1986 3136 sexto

415 3192 575 3247 opera
602 3192 724 3236 sua.
759 3187 875 3244 quae
905 3173 1062 3242 fecit;
1100 3184 1149 3228 et
1180 3175 1425 3246 requievit
1457 3175 1512 3228 in
1551 3172 1636 3227 die
1667 3174 1908 3242 septimo,
1936 3180 1989 3225 et

2000 1911 2046 1967 Β

2717 1893 2877 1947 REI}.
2919 1894 2992 1946 A'.

2145 2007 2290 2078 Στίχ.
2330 2005 2413 2062 ιδ’.
2439 2037 2509 2048 -
2539 2006 2861 2074 Θεοδώρου.
2899 2007 3065 2059 ’Ὥστε
3113 1999 3273 2073 εἶναι,
3314 2006 3503 2076 φησὶν,
3552 2007 3649 2060 αύ-

2074 2102 2200 2164 τοὺς
2237 2100 2329 2153 ἐπὶ
2379 2099 2471 2153 τοῦ
2519 2099 2748 2172 οὐρανοῦ
2799 2101 2859 2153 ού
2914 2097 3251 2170 πεπηγότας,
3301 2097 3418 2153 ἀλλ’
3451 2098 3528 2164 ὡς
3568 2100 3650 2152 ἐπ’

2077 2191 2265 2252 αὑτοῦ,
2299 2191 2390 2244 τὸν
2417 2193 2613 2245 οἰκεῖον
2642 2191 3026 2258 ἐξελαύνοντας
3046 2189 3266 2263 δρόμον.
3309 2189 3394 2254 Ὠς
3423 2191 3517 2245 καὶ
3563 2190 3654 2243 ἐπὶ

2078 2281 2172 2336 τοῦ
2212 2282 2382 2354 Ἀδάμ
2405 2299 2593 2352 φησιν,
2628 2284 2831 2339 Ἐθετο
2855 2283 3043 2338 αὐτὸν
3077 2282 3149 2336 ἐν
3167 2282 3248 2349 τῷ
3277 2281 3651 2352 παραδείσῳ,

2079 2373 2177 2445 οὐχ
2217 2374 2293 2438 ὡς
2334 2375 2622 2446 πεπηγότα
2664 2376 2757 2429 ἐπὶ
2798 2375 2894 2448 τῆς
2926 2376 3049 2448 γῆς,
3076 2374 3190 2429 ἀλλ’
3229 2376 3306 2438 ὡς
3339 2366 3657 2447 κινούμενον

2083 2467 2170 2520 ἐπ’
2201 2467 2404 2536 αὐτ-ἦς’
2454 2467 2596 2522 οὕτω
2628 2465 2907 2522 κάνταῦθα
2937 2463 3073 2523 εἶναι
3104 2468 3201 2539 μὲν
3225 2469 3282 2523 ὲν
3313 2465 3392 2538 τῷ
3427 2467 3657 2541 στερεὼ-

2088 2575 2216 2630 ματι
2248 2558 2340 2611 τοῦ
2371 2559 2597 2630 ούρανοῦ
2635 2561 2763 2623 τοὺς
2789 2563 3081 2633 φωστῆρας
3105 2559 3339 2615 κελεύει.
3383 2560 3580 2624 Καλῶς
3605 2559 3665 2614 δι

2086 2652 2388 2722 ἐπήγαγεν,
2416 2653 2520 2718 Εἰς
2561 2653 2790 2722 ψαῦσιν
2821 2652 2920 2708 ἐπὶ
2966 2651 3077 2722 τῆς
3103 2650 3248 2723 τῆς·
3286 2652 3374 2706 ἵνα
3401 2650 3555 2725 εἴπῃ,
3583 2650 3664 2706 ὅτι

2087 2743 2184 2814 τὴν
2216 2742 2404 2814 χρείαν
2450 2743 2840 2816 παρεχέτωσαν
2875 2746 2944 2818 τῇ
2976 2746 3069 2816 γῇ.
3101 2743 3300 2798 Τούτου
3343 2743 3453 2815 γὰρ
3481 2743 3666 2798 ἕνεκεν

2089 2835 2183 2889 ἐπὶ
2207 2835 2300 2890 τοῦ
2328 2835 2561 2909 ούρανοῦ
2590 2836 2877 2892 τέθεινται.

2738 2969 2898 3023 ΚΕΦ.
2939 2967 3015 3024 B'.

2163 3076 2313 3148 Στίχ.
2350 3076 2422 3147 β’.
2454 3105 2520 3118 -
2560 3077 2674 3132 Καὶ
2727 3077 3133 3133 συνετέλεσεν
3185 3080 3220 3134 ὀ
3270 3076 3414 3145 Θεὸς
3467 3077 3541 3132 ἐν
3594 3077 3672 3148 τῇ

2092 3171 2284 3240 ἡμέρᾳ
2318 3168 2394 3239 τῇ
2437 3169 2582 3238 ἕκτῃ
2616 3170 2688 3224 τὰ
2727 3169 2872 3240 ἔργα
2915 3170 3123 3236 αὐτοῦ,
3169 3169 3209 3225 d
3249 3170 3530 3238 ἐποίησε,
3572 3171 3672 3225 καὶ

419 3274 634 3320 czetera.
673 3262 886 3331 Quibus
925 3262 1204 3328 declarat,
1254 3279 1315 3319 se
1347 3263 1435 3318 die
1475 3275 1632 3320 sexto
1680 3263 1753 3318 ita
1783 3270 1984 3317 cuncta

2096 3262 2469 3317 κατέπαυσεν
2495 3262 2566 3314 ἐν
2585 3260 2662 3331 τῇ
2693 3262 2886 3331 ἡμέρᾳ
2913 3261 2989 3331 τῇ
3016 3262 3256 3333 ἑϐδόμῃ,
3303 3263 3397 3317 καὶ⁵
3424 3263 3492 3317 τὰ
3522 3261 3672 3335 ἑξῆς.

419 3371 865 3420 consummasse,
917 3364 976 3410 ut
1007 3357 1147 3410 nihil
1178 3357 1305 3411 novi
1337 3355 1538 3413 deinde
1585 3357 1655 3411 iis
1704 3356 1988 3424 adjiceret,

415 3450 639 3519 quando
675 3445 824 3500 omni
874 3460 940 3499 ex
992 3455 1149 3514 parte
1195 3445 1440 3516 perfecta
1486 3446 1838 3501 videbantur.
1889 3443 1992 3500 Se-

419 3541 589 3599 ptimo
624 3547 804 3592 autem
841 3538 929 3592 die
949 3538 1169 3607 operari
1198 3536 1429 3594 destitit.
1454 3536 1582 3593 ldeo
1612 3547 1794 3592 autem
1824 3538 1994 3593 istum

419 3629 563 3686 diem
611 3630 844 3700 adjec.t,
897 3629 1151 3700 quamvis
1207 3630 1362 3686 omni
1419 3645 1589 3700 opere
1652 3644 1888 3684 vacuum
1941 3635 1997 3683 et

421 3721 490 3776 ab
528 3722 676 3775 omni
723 3720 1004 3776 creatione
1046 3721 1318 3786 liberum,
1369 3729 1430 3776 ut
1475 3722 1574 3776 illo
1605 3720 1840 3790 hujusce
1887 3718 1996 3775 diei

423 3813 537 3868 otio
579 3813 833 3884 probaret
881 3813 1066 3866 omnia
1107 3813 1222 3882 jam
1273 3828 1505 3884 prorsus
1557 3814 1805 3884 perfecta
1850 3827 1994 3869 esse.

425 3903 583 3973 Quod
607 3903 750 3957 enim
775 3913 828 3957 et
849 3906 1050 3973 primo,
1075 3910 1130 3958 et
1146 3904 1410 3969 secundo,
1435 3910 1490 3958 et
1507 3905 1686 3964 tertio.
1706 3912 1760 3958 et
1781 3912 1997 3973 quarto,

425 4001 712 4066 et-quinto,
734 4005 787 4051 et
814 4007 968 4051 sexto
998 3997 1087 4050 die
1121 4011 1338 4064 semper
1367 3996 1498 4066 quid
1519 3996 1645 4050 novi
1675 3996 1996 4064 protulerat,

426 4087 572 4156 quod
618 4087 881 4139 creationi
920 4085 1115 4141 deesse
1154 4085 1468 4150 videbatur,
1519 4086 1871 4140 manifestum
1909 4085 1999 4150 ﬁt,

426 4179 550 4233 ideo
582 4193 704 4231 eum
745 4179 979 4248 septimo
1009 4179 1098 4233 die
1128 4179 1197 4233 ab
1234 4179 1388 4232 onmi
1419 4193 1584 4249 opere
1625 4179 2002 4242 abstinuisse,

429 4277 490 4324 ut
513 4271 619 4324 isto
638 4270 762 4323 :otio
791 4270 1097 4325 declararet
1126 4273 1460 4327 creationem
1489 4270 1710 4326 tandem
1739 4285 2006 4325 consum-

429 4372 632 4420 matam
671 4376 814 4417 esse.
850 4360 1068 4432 Septem
1099 4378 1230 4433 ergo
1258 4364 1472 4418 dierum
1505 4377 1736 4418 numero
1763 4363 2008 4417 deﬁnivit

430 4453 645 4509 dierum
707 4454 943 4521 seriem,
997 4470 1125 4508 cum
1171 4455 1316 4510 idem
1366 4471 1464 4511 sex
1517 4457 1738 4510 illorum
1791 4456 2006 4510 dierum

433 4545 611 4614 spatio
664 4545 844 4601 facere
895 4548 1206 4616 potuisset,
1236 4547 1444 4617 quibus
1495 4549 1836 4602 creationem
1872 4562 2000 4618 per-

2090 3354 2352 3417 Δεικνὺς,
2409 3352 2490 3406 ὅτι
2543 3352 2637 3406 ἐπὶ
2697 3353 2798 3423 μὲν
2850 3352 2953 3422 τῆς
3007 3352 3173 3425 ῑκτης
3228 3353 3674 3426 συμπεπλήρωκε

2094 3445 2292 3508 πάντα,
2328 3443 2424 3496 ἆτε
2450 3442 2616 3514 μηδὲν
2644 3443 2829 3506 αὐτοῖς
2855 3443 3201 3516 προστιθέναι
3233 3444 3442 3516 μέλλων
3468 3445 3674 3508 καινὸν,

2093 3535 2284 3606 ἐπειδὴ
2313 3535 2446 3606 μηδὲ
2466 3534 2672 3588 λείπειν
2695 3551 2751 3587 τι
2772 3534 2953 3599 αὐτοῖς
2976 3535 3177 3606 ἡγεῖτο.
3208 3535 3516 3589 Ἐπαύσατο
3534 3535 3592 3590 δὲ
3610 3538 3677 3607 τῇ

2094 3627 2283 3699 ἡμέρᾳ
2316 3630 2384 3699 τῇ
2426 3627 2629 3701 ἑϐδόμῃ
2671 3627 2766 3680 τοῦ
2813 3630 3010 3681 ποιεῖν.
3048 3627 3252 3681 Τούτου
3277 3644 3342 3698 γε
3367 3629 3554 3682 ἕνεκεν
3581 3629 3680 3702 τὴν

2097 3720 2315 3791 ἡμέραν
2329 3718 2534 3790 ταύτην
2547 3718 2955 3789 προστέθεικεν,
2980 3720 3260 3792 ἄπρακτον
3286 3716 3474 3786 οὖσαν,
3499 3721 3595 3775 καὶ
3621 3722 3680 3774 ἐν

2097 3807 2134 3887 ᾖ
2153 3812 2411 3879 καθάπαξ
2425 3811 2722 3883 πεποίηκεν
2737 3811 2910 3874 οὐδὲν,
2933 3810 3008 3875 ὡς
3027 3812 3091 3864 ἂν
3107 3814 3172 3883 τῇ
3192 3813 3333 3866 κατὰ
3349 3814 3448 3883 τὴν
3468 3813 3680 3886 ἡμέραν

2099 3905 2271 3976 ἀργία
2297 3902 2610 3974 δηλώσειεν,
2635 3905 2719 3956 ὅτι
2749 3903 2929 3956 πάντα
2951 3902 3062 3974 ἔχει
3087 3904 3258 3975 πέρας
3281 3903 3450 3975 αὐτῷ.
3495 3905 3553 3958 Ὀ
3574 3906 3679 3977 γὰρ

2101 3995 2198 4049 καὶ
2227 3998 2293 4066 τῇ
2325 3994 2536 4068 πρώτῃ,
2563 3995 2658 4048 καὶ
2681 3997 2746 4065 τῇ
2785 3994 3034 4066 δευτέρᾳ,
3064 3996 3156 4048 καὶ
3178 3997 3244 4066 τῇ
3281 3997 3458 4068 τρίτῃ,
3491 3997 3586 4049 καὶ
3613 3999 3679 4067 τῇ

2101 4087 2356 4156 τετάρτῃ.
2396 4085 2492 4137 καὶ
2524 4087 2589 4155 τῇ
2615 4085 2840 4156 πέμπτῃ
2860 4127 2874 4150 ,
2907 4085 3001 4138 καὶ
3033 4087 3098 4156 τῇ
3138 4084 3270 4156 ἕκτῃ
3306 4086 3393 4139 ἀεί
3421 4103 3472 4139 τι
3497 4087 3680 4141 καινὸν

2106 4175 2444 4246 πεποιηκὼς,
2475 4175 2504 4229 ὃ
2525 4175 2732 4230 λείπειν
2761 4179 2944 4247 ἡγεῖτο
2974 4180 3040 4249 τῇ
3080 4177 3288 4232 κτίσει·
3320 4179 3564 4252 εὔδηλον,
3603 4182 3680 4236 ὅτι

2104 4267 2192 4322 διὰ
2227 4265 2384 4322 τοῦτο
2421 4269 2512 4322 ἐπὶ
2557 4268 2659 4338 τῆς
2703 4269 2938 4340 ἑϐδόμης
2968 4269 3064 4323 τοῦ
3100 4274 3273 4324 ποιεῖν
3305 4272 3680 4338 ἀπεπαύσατο,

2105 4361 2180 4424 ὡς
2220 4359 2285 4414 ἂν
2313 4363 2378 4432 τῇ
2415 4361 2582 4432 ἀργίᾳ
2610 4363 2677 4433 τῇ
2710 4363 2766 4415 ἐν
2791 4362 2928 4432 αὐτῇ
2953 4361 3148 4428 δείξειε
3180 4361 3242 4416 τὸ
3270 4363 3442 4434 πέρας
3468 4364 3682 4435 εἰληφέο

2109 4468 2196 4504 ναι
2222 4451 2322 4521 τὴν
2356 4451 2548 4505 κτίσιν.
2576 4451 2742 4504 Ὅθεν
2771 4451 2864 4504 καὶ
2891 4453 2948 4505 ἐν
2972 4453 3112 4506 ἑπτὰ
3134 4453 3368 4525 ἡμέραις
3395 4453 3487 4508 τὸν
3509 4455 3686 4508 πάντα

2111 4540 2310 4595 κύκλον
2345 4541 2453 4594 τῶν
2495 4540 2718 4613 ἡμερῶν
2766 4542 3101 4614 περιέγραψε
3123 4587 3138 4610 ,
3162 4545 3458 4616 δυνάμενος
3486 4548 3544 4599 ὲν
3567 4547 3689 4610 ταῖς

431 4635 581 4690 fecit.
611 4635 717 4692 Sex
752 4639 916 4708 igitur
943 4640 1036 4695 isti
1074 4640 1187 4695 dies
1218 4641 1487 4695 rationem
1516 4643 1763 4709 praebent
1808 4655 2001 4695 eorum

2111 4632 2172 4701 ἒξ
2208 4633 2364 4687 τοῦτο
2408 4634 2648 4703 ποιῆσαι,
2674 4635 2731 4686 ὲν
2773 4629 2860 4698 αἶς
2903 4636 3293 4708 συνεπλήρωσε
3330 4637 3428 4709 τὴν
3467 4638 3646 4692 κτίσιν
3671 4655 3687 4670 ο

433 4743 556 4798 quae
588 4728 730 4784 facta
779 4740 946 4799 sunt;
1000 4733 1269 4801 septimus
1313 4740 1498 4786 autent
1547 4731 1759 4786 indicat
1814 4742 2011 4786 cuncta

436 4819 600 4874 ﬁnem
659 4836 820 4876 suum
885 4821 1229 4894 contigisse,
1280 4828 1336 4876 et
1373 4821 1486 4890 jam
1535 4820 1688 4874 nulla
1741 4835 1808 4875 ex
1855 4830 2014 4890 parte

435 4908 693 4965 deﬁcere.

510 4997 862 5054 Manifestum
912 4997 1058 5070 quod
1087 4999 1225 5076 nihil
1262 5000 1386 5054 novi
1425 5008 1550 5070 post
1607 5009 1825 5056 sextum
1863 4999 2009 5056 diem

437 5088 644 5144 factum
681 5092 792 5155 sit,
841 5092 971 5144 licet
1003 5092 1250 5158 quotidie
1294 5100 1349 5146 et
1390 5094 1590 5163 planta
1621 5101 1678 5148 et
1713 5094 1925 5148 semina
1959 5102 2015 5149 et

438 5183 699 5239 animalia
724 5197 1051 5238 nascantur.
1098 5182 1223 5239 llaec
1258 5185 1403 5239 enim
1451 5201 1562 5240 non
1598 5201 1764 5251 nova,
1816 5188 1910 5242 sed
1944 5186 2013 5241 ad

439 5274 672 5329 formam
703 5289 893 5329 eorum
926 5291 1046 5346 quae
1071 5279 1226 5346 prius
1248 5276 1470 5332 condita
1501 5285 1653 5343 sunt,
1681 5286 1736 5332 et
1769 5277 1834 5331 ad
1861 5292 2015 5332 eam-

438 5363 562 5421 dem
595 5366 790 5434 legem,
823 5367 978 5435 juxta
1013 5369 1276 5424 indictam
1311 5369 1449 5439 ipsis
1477 5384 1508 5424 a
1533 5367 1645 5426 Deo
1669 5369 2016 5427 benedictio-

440 5471 591 5524 nem,
616 5458 858 5527 singulis
879 5461 1075 5516 diebus
1099 5469 1381 5517 crescunt.

515 5637 596 5709 (α)
630 5635 872 5695 Titulum
906 5639 1178 5711 integrum
1203 5643 1323 5698 vide
1357 5643 1519 5697 infra.

2110 4726 2197 4778 ῐνα
2255 4729 2312 4779 ai
2346 4727 2443 4798 μὲν
2484 4724 2562 4792 ἓξ,
2595 4726 2825 4797 δήλωσις
2869 4720 2971 4780 ὦσι
3023 4727 3132 4782 τῶν
3170 4731 3502 4799 γεγονότων·
3548 4732 3582 4800 ἡ
3632 4731 3692 4784 δὲ

2109 4817 2334 4889 ὲῦδόμη.
2359 4818 2538 4872 πάντα
2558 4818 2837 4890 εἰληφέναι
2865 4819 3038 4891 πέρας
3066 4821 3159 4875 καὶ
3187 4822 3356 4894 μηδὲν
3377 4823 3560 4886 αὐτοῖς
3583 4823 3694 4878 λείη

2111 4928 2232 4964 πειν
2267 4911 2366 4964 ἔτι.

2180 4999 2415 5072 Εὓδηλον
2453 5002 2562 5074 γὰρ
2599 5003 2674 5068 ὡς
2725 5005 2878 5058 οὐδὲν
2931 5005 3032 5059 οὐκ
3079 5005 3158 5059 ἔτι
3207 5007 3390 5060 καινὸν
3427 5005 3566 5076 μετά
3594 5006 3697 5076 τὴν

2110 5095 2276 5165 ἕκτην
2325 5095 2561 5163 ἐγένετο,
2605 5096 2906 5167 γινομένων
2956 5099 3054 5170 μὲν
3098 5098 3182 5150 ἀεὶ
3217 5099 3311 5151 καὶ
3354 5096 3556 5166 φυτῶν,
3600 5099 3698 5150 καὶ

2114 5189 2463 5259 σπερμάτων,
2503 5191 2596 5242 καὶ
2621 5188 2774 5254 ζώων
2797 5206 2810 5220 ·
2843 5191 2902 5242 οὐ
2931 5191 3133 5244 καινῶν
3158 5190 3233 5250 δὲ,
3260 5189 3372 5243 ἀλλ’
3402 5182 3600 5260 οἷάπερ
3625 5184 3698 5258 ἧν

2113 5279 2183 5334 τὰ
2203 5281 2468 5352 πρότερον
2489 5282 2774 5350 γεγονότα,
2802 5284 2920 5336 κατ’
2946 5283 3153 5335 ἐκεῖνον
3179 5281 3268 5334 τὸν
3293 5282 3436 5354 ὅρον,
3469 5280 3566 5334 καὶ
3599 5281 3699 5350 τὴν

2114 5373 2202 5425 ἐπ’
2242 5374 2423 5436 αὐτοῖς
2446 5374 2721 5441 ἀπόφασίν
2751 5391 2812 5427 τε
2846 5372 2940 5427 καὶ
2978 5373 3228 5440 εὐλογίαν
3250 5372 3341 5426 τοῦ
3375 5370 3534 5439 Θεοῦ,
3564 5372 3701 5428 πάνυ

2113 5480 2223 5518 των
2255 5463 2377 5518 καθ’
2411 5465 2655 5538 ἑκάστην
2679 5465 3024 5523 ἐπιδιδόντων
3045 5468 3142 5543 τὴν
3175 5470 3399 5543 ἡμέραν.
