3974 6146
381 289 486 343 653

1535 271 1884 332 TllEODORl
1922 269 2411 330 MOPSUESTENI

3548 269 3650 325 ϐυ)

383 395 765 453 discernendi.
798 394 940 448 Nihil
979 399 1163 449 autem
1211 391 1361 446 aliud
1401 393 1649 448 declarat
1689 387 2001 462 propheta,

2106 387 2218 442 ἐὦν
2261 392 2395 462 ὀρᾷν
2444 408 2504 445 τε
2547 392 2666 458 ταῖς
2699 391 2929 457 ἐννοίαις
2975 393 3069 446 καὶ
3102 390 3400 462 διακρίνειν
3452 391 3518 443 ὲκ
3557 386 3652 442 τοῦ

387 491 496 546 nisi
532 503 630 544 eos
667 487 974 542 nuditatem
1023 499 1180 541 suam
1225 484 1472 540 sensisse
1518 498 1584 538 ac
1621 487 1690 538 de
1729 497 1793 538 ea
1837 494 1967 536 eru-

389 583 592 638 buisse.
639 579 801 634 Prius
831 579 978 633 enim
1017 592 1117 633 nec
1147 592 1270 634 eam
1307 578 1744 634 observaverunt
1775 589 1878 629 nec
1901 587 1968 629 ea

389 676 767 737 ernbuerant;
801 679 993 742 postea
1025 686 1160 727 vero
1186 673 1294 727 ista
1326 669 1577 726 nuditate
1603 670 1680 724 ita
1708 668 1969 723 aftlciun-

389 777 515 829 tur,
549 773 608 819 ut
636 780 701 819 ea
743 763 1019 818 intellecta
1039 803 1054 827 ,
1083 763 1272 820 statim
1299 763 1656 817 erubescant.
1679 759 1967 815 Neminem

391 859 531 930 fugit
571 859 756 912 animo
806 858 990 912 inesse
1020 855 1291 910 rationem
1332 869 1468 916 cur,
1524 867 1586 908 re
1617 852 1734 908 visa
1760 892 1776 917 ,
1819 867 1970 906 nunc

391 954 494 1018 sic,
548 967 700 1007 nunc
751 951 915 1006 aliter
957 964 1301 1006 moveamur.
1358 945 1602 1001 Infantes
1653 946 1803 1000 enim
1856 959 1972 999 non

390 1045 560 1116 pudet
604 1043 873 1099 nuditatis
910 1056 1058 1107 suae,
1110 1054 1290 1110 neque
1326 1039 1522 1094 balneo
1558 1043 1812 1103 utentes;
1858 1051 1970 1090 non

391 1135 543 1206 quod
570 1150 692 1190 eam
725 1149 835 1190 non
861 1132 1103 1196 videant,
1138 1130 1234 1186 sed
1265 1129 1394 1200 quia
1426 1129 1513 1182 hic
1542 1136 1803 1197 aspectus
1844 1126 1975 1180 nul-

394 1229 479 1282 los
517 1240 720 1297 pravos
761 1241 960 1281 sensus
1002 1223 1148 1294 apud
1184 1237 1283 1277 eos
1317 1221 1543 1276 excitat.
1596 1220 1768 1274 Adam
1806 1219 1976 1290 igitur

393 1329 450 1376 et
480 1321 654 1383 socia,
697 1333 893 1375 recens
937 1315 1078 1381 nati,
1112 1322 1343 1387 peccato
1381 1315 1625 1370 nondum
1669 1313 1971 1381 inquinati,

396 1413 482 1468 vel
521 1427 590 1467 ne
628 1411 798 1466 ullum
832 1410 1057 1481 quidem
1093 1409 1298 1462 malum
1332 1407 1624 1477 suspicati,
1663 1421 1842 1477 neque
1873 1422 1976 1461 nuo

397 1505 649 1567 ditatem,
686 1517 867 1574 neque
894 1502 1061 1556 aliam
1095 1509 1314 1555 natura:
1341 1515 1457 1555 sua:
1491 1498 1722 1554 formam
1760 1508 1974 1568 turpem

399 1595 811 1654 existimabant.
836 1593 1134 1662 Postquam
1166 1600 1352 1646 autem
1384 1597 1774 1660 peccaverant,
1809 1603 1839 1642 a
1879 1587 1978 1644 Dei

402 1690 614 1761 legibus
648 1687 1017 1743 abhorrentes
1038 1723 1054 1748 ,
1083 1691 1219 1739 tunc
1245 1683 1410 1738 etiam
1448 1687 1818 1752 perceperunt
1843 1721 1858 1746 ,
1886 1679 1978 1749 iu.

399 1781 564 1836 bente
602 1777 736 1842 Deo,
774 1775 1002 1848 pudoris
1033 1789 1285 1838 sensum,
1317 1787 1428 1843 quo
1451 1787 1480 1826 a
1511 1781 1740 1842 peccato
1767 1777 1982 1826 averte-

400 1879 619 1935 rentur,
652 1880 706 1926 et
735 1871 1014 1940 pessimus
1036 1866 1274 1936 quisque
1295 1863 1689 1934 reprimeretur
1718 1863 1976 1931 impetus.

403 1963 590 2018 Primo
618 1969 801 2014 autem
815 1960 904 2024 fde
933 1961 1160 2029 organis
1204 1957 1558 2012 erubuerunt
1596 1969 1722 2025 qua
1754 1953 1822 2008 ad
1861 1969 1984 2024 pro-

321 2099 324 2102 .
403 2053 742 2108 creationem
783 2050 1085 2105 liberorum
1149 2048 1498 2112 inserviunt,
1552 2057 1612 2102 ut
1667 2047 1850 2117 pudor
1894 2045 1985 2100 bic

406 2145 656 2200 homines
684 2144 878 2214 procul
909 2143 980 2196 ab
1009 2141 1162 2197 omni
1197 2139 1625 2210 intemperantia
1653 2139 1982 2194 deterreret.

2070 482 2308 553 πονηροῦ
2339 482 2400 536 τδ
2427 483 2590 537 καλόν
2613 501 2628 516 ·
2677 487 2706 539 6
2749 485 3031 556 προφήτης
3058 483 3114 538 δὲ
3146 483 3207 536 ού
3240 481 3446 553 ταύτην
3475 476 3654 546 εἷπεν,

2068 573 2206 628 ἀλλά
2237 573 2359 628 καθ’
2388 576 2453 648 ἢν
2483 571 2620 630 εἰδόν
2649 593 2710 629 τε
2753 576 2848 631 καὶ
2879 576 3110 648 ᾔσθοντο
3154 574 3255 644 τῆς
3303 572 3513 635 οἰκείας
3558 588 3656 643 γυο

2073 665 2349 736 μνώσεως.
2381 668 2651 742 Πρότερον
2687 669 2805 739 μὲν,
2843 668 2995 722 οὐδὲν
3026 667 3114 720 ἐπ’
3147 667 3284 738 αὐτῇ
3333 665 3657 736 πάσχοντες,

2070 757 2190 812 οὐδὲ
2215 759 2597 830 αἰσχυνόμενοι
2627 776 2653 832 '_
2673 760 2900 831 ὕστερον
2929 758 3007 824 δὲ,
3037 756 3292 828 τοιαύτην
3324 757 3448 811 τινὰ
3478 756 3573 809 ἐπὶ
3593 757 3658 828 τῇ

2071 849 2350 920 γυμνώσει
2383 852 2483 921 τὴν
2513 851 2764 923 αἴσθησιν
2791 850 3068 914 λαϐόντες,
3101 849 3177 913 ὡς
3205 849 3302 902 καί
3327 847 3465 919 πρὸς
3483 839 3661 918 μόνην

2073 943 2426 1014 αἰσχύνεσθαι
2451 942 2552 1014 τὴν
2597 944 2656 996 ὲν
2699 945 2767 1014 τῇ
2796 939 3073 1013 γυμνώσει
3116 941 3210 994 τοῦ
3241 939 3496 1011 σώματος
3526 938 3663 992 θεω-

2078 1037 2218 1107 ρίαν.
2254 1037 2328 1090 Ού
2359 1037 2469 1108 γὰρ
2495 1036 2710 1107 ἄδηλον,
2745 1036 2820 1101 ὡς
2847 1037 2876 1089 6
2902 1034 3164 1107 λογισμός
3190 1036 3308 1088 ἐστι
3339 1035 3437 1105 τῆς
3457 1032 3660 1104 ψυχῆς,

2073 1129 2103 1181 6
2125 1127 2223 1199 τὴν
2249 1128 2341 1180 ὲ.πί
2365 1131 2431 1199 τῇ
2464 1126 2667 1199 θεωρίᾳ
2697 1127 2935 1182 διάθεσιν
2964 1131 3060 1181 νῦν
3089 1127 3188 1199 μὲν
3236 1126 3472 1192 τοιάνδε,
3508 1122 3665 1190 αὖθις

2074 1220 2130 1274 δὲ
2160 1220 2369 1274 τοιάνδε
2416 1219 2604 1276 ποιῶν.
2655 1218 2738 1274 τὰ
2788 1218 2918 1290 γοῦν
2950 1219 3125 1291 βρέφη
3164 1219 3267 1273 οὐκ
3315 1218 3664 1290 αἰσχύνονται

2078 1314 2170 1368 ἰπὶ
2200 1316 2266 1386 τῇ
2310 1313 2608 1384 γυμνώσει,
2653 1311 2777 1367 οὔτε
2815 1315 2922 1386 μὴν
2952 1314 3001 1367 οἰ
3051 1314 3109 1366 ὲν
3139 1311 3406 1384 βαλανείῳ
3427 1353 3443 1378 ,
3494 1313 3556 1365 ού
3588 1311 3668 1384 τῷ

2082 1405 2156 1476 μὴ
2204 1405 2422 1476 βλέπειν
2454 1405 2646 1476 αὐτὴν,
2693 1405 2829 1459 ἀλλά
2877 1405 2954 1476 τῷ
3003 1405 3168 1476 μηδὲν
3199 1405 3402 1477 φαῦλον
3429 1405 3539 1460 ἀπὸ
3567 1405 3668 1475 τῆς

2081 1496 2312 1568 θεωρίας
2336 1497 2429 1550 ὲπί
2456 1497 2558 1569 τῆς
2591 1495 2801 1562 ἑννοίας
2845 1497 3203 1569 εἰσδέχεσθαι.
3234 1498 3297 1551 Oi
3325 1494 3506 1550 τοίνυν
3538 1495 3668 1566 περὶ

2080 1589 2171 1642 τὸν
2215 1589 2544 1662 ’Δδάμ-άρτι
2579 1590 2679 1662 μὲν
2707 1590 3013 1660 γεγονότες,
3043 1590 3454 1661 ἁμαρτάνοντες
3489 1589 3549 1642 δὲ
3572 1588 3669 1640 ού-

2036 1734 2054 1783 ’
2081 1681 2189 1747 δὲν,
2223 1682 2317 1734 καὶ
2345 1680 2474 1735 οὔτε
2521 1679 2726 1750 φαῦλόν
2758 1698 2812 1734 τι
2860 1675 3002 1735 εἶναι
3055 1680 3337 1752 μαθόντες,
3371 1678 3498 1733 οῦτε
3541 1678 3671 1734 ἀλλο

2083 1773 2238 1827 οὐδὲν
2266 1773 2368 1844 τῆς
2395 1774 2604 1838 οἰκείας
2649 1775 2888 1845 φύσεως,
2929 1773 3156 1846 αἰσχρὸν
3187 1775 3284 1843 οὐχ
3311 1771 3543 1843 ἡγοῦντο
3570 1770 3671 1843 τὴν

2085 1859 2386 1932 γύμνωσιν.
2445 1862 2663 1936 Ἐπειδὴ
2703 1863 2762 1918 δὲ
2803 1864 3084 1934 ἥμαρτον,
3133 1861 3392 1916 τάναντία
3434 1864 3548 1926 τοῖς
3576 1859 3672 1914 τοῦ

2085 1952 2219 2007 Θεοῦ
2240 1953 2670 2025 διαπραξάμενοι
2694 1955 2902 2026 νόμοις,
2932 1953 3154 2024 ὲνετέθη
3187 1954 3286 2025 μὲν
3317 1953 3502 2016 αὐτοῖς
3529 1954 3558 2006 6
3586 1949 3674 2004 λο-

2085 2046 2284 2117 γισμὸς
2310 2047 2412 2117 τῆς
2463 2047 2724 2119 αἰσχύνης
2781 2047 2885 2102 ὑπὸ
2926 2032 3062 2100 Θεοῦ
3108 2047 3189 2110 εἰς
3230 2044 3330 2116 τὴν
3378 2041 3523 2099 κατά
3577 2043 3676 2114 τῆς

2090 2139 2362 2210 ἁμαρτίας
2403 2139 2692 2212 βοήθειαν,
2750 2140 3031 2212 αύτάρκης
3081 2139 3156 2192 ὣν
3187 2137 3472 2206 ὲγκόπτειν
3503 2134 3678 2205 αὐτῆς

404 2240 505 2310 τὴν
536 2239 732 2309 ὁρμήν.
781 2235 1012 2308 Πρώτην
1058 2234 1117 2288 δὲ
1169 2234 1272 2304 τῆς
1317 2233 1581 2305 αἰσχύνης
1628 2232 1728 2304 τὴν
1775 2231 1984 2286 ἔννοιαν
2021 2231 2332 2301 ἀναγκαίως
2361 2234 2454 2288 ἐπὶ
2481 2237 2594 2300 τοῖς
2619 2234 2954 2304 παιδογόνοις
3009 2231 3199 2286 ἔλαϐον
3227 2231 3480 2303 ὀργάνοις
3503 2246 3519 2262 ·
3591 2229 3678 2283 ῐνα

405 2333 691 2406 πόρρωθεν
715 2333 829 2395 τοῖς
855 2330 1164 2403 ἀνθρώποις
1195 2327 1416 2400 ὴαίδὼς
1451 2329 1697 2400 ἐκκόπτῃ
1728 2328 1830 2398 τὴν
1861 2327 2164 2382 ἀκόλαστον
2201 2329 2376 2400 μίξιν.
2456 2315 2476 2335 ’

480 2422 647 2478 Vens.
685 2421 742 2476 8.
784 2451 853 2463 -
887 2420 1118 2486 Quando
1167 2434 1359 2474 vocem
1409 2417 1506 2472 Dei
1545 2418 1988 2483 deambulantis,

410 2516 540 2569 dum
575 2514 756 2568 adhuc
797 2512 930 2568 folia
969 2519 1344 2575 consuerent,
1390 2510 1719 2572 audierunt.
1755 2511 1994 2565 abscon-

411 2607 613 2662 derunt
641 2621 702 2661 se
721 2606 828 2660 sub
857 2605 1090 2675 lignum,
1123 2614 1184 2659 ut
1207 2604 1445 2669 videtur,
1469 2617 1580 2656 non
1608 2602 1892 2658 diversum
1922 2601 1994 2657 ab

413 2698 512 2754 illo
542 2697 703 2768 cujus
747 2697 874 2753 folia
918 2698 1285 2753 consuebant.
1320 2695 1436 2752 Hoc
1465 2704 1648 2752 autem
1700 2695 1846 2751 idem
1876 2703 1997 2751 erat

417 2791 486 2845 de
512 2804 626 2862 quo
655 2791 981 2846 mandatum
1008 2795 1392 2860 perceperant,
1420 2796 1662 2844 testante
1684 2787 1950 2858 propheta
1977 2804 1992 2840 :

421 2879 567 2935 Nam
595 2881 987 2935 absconderant
1018 2897 1102 2948 se,
1132 2882 1243 2947 ait,
1275 2881 1332 2934 in
1358 2879 1532 2934 medio
1565 2880 1699 2950 ligni
1722 2878 1996 2948 paradisi.

423 2970 501 3025 De
546 2971 642 3025 illo
679 2980 888 3034 autem,
933 2969 1116 3024 fructu
1143 2971 1511 3034 amanducato,
1546 2969 1677 3025 folia
1708 2969 2003 3041 decerpse-

2164 2420 2313 2490 Στίχ.
2362 2420 2432 2492 η’.
2481 2449 2553 2461 -—
2604 2421 2823 2493 Ἐπειδὴ
2889 2421 3187 2493 ράπτοντες
3237 2419 3319 2473 ἔτι
3365 2418 3436 2473 τά
3482 2417 3679 2488 φύλλα,

2096 2511 2338 2582 ἥκουσαν
2386 2513 2486 2582 τῆς
2525 2513 2706 2584 φωνῆς
2742 2513 2836 2566 τοῦ
2886 2512 3019 2567 Θεοῦ
3067 2509 3532 2584 περιπατοῦντος,
3577 2510 3682 2565 ύπδ

2095 2602 2157 2654 τὸ
2184 2601 2338 2667 ξύλον
2373 2603 2705 2674 ὲκρύϐησαν,
2735 2603 2834 2657 οὐκ
2863 2603 2990 2659 ἀλλο
3010 2603 3271 2675 δηλονότι,
3297 2603 3413 2657 ἀλλ’
3443 2602 3478 2672 ἢ
3513 2596 3683 2672 οὗπερ

2099 2696 2370 2766 ἔρραπτον
2397 2693 2466 2748 τὰ
2493 2695 2684 2764 φύλλα.
2709 2695 2879 2750 Τοῦτο
2897 2695 2954 2750 δὲ
2981 2690 3048 2767 ἦν
3077 2697 3162 2766 ἐφ’
3180 2688 3224 2762 ᾧ
3247 2693 3343 2764 τὴν
3368 2695 3589 2768 ἐντολὴν
3607 2697 3683 2750 εἰ·

2102 2785 2386 2858 λήφεισαν,
2427 2786 2503 2850 ὡς
2535 2789 2562 2840 6
2603 2789 2885 2859 προφήτης
2914 2788 3111 2859 φησιν’
3145 2788 3526 2857 Ἐκρύόησαν
3552 2788 3684 2859 γὰρ,

2107 2881 2294 2952 φησὶν,
2329 2881 2399 2935 ἐν
2425 2885 2596 2951 μέσῳ
2622 2881 2728 2936 τοῦ
2752 2881 2944 2945 ξύλου
2983 2879 3089 2935 τοῦ
3123 2880 3513 2950 παραδείσου.
3564 2883 3687 2936 Ἀπ’

2110 2972 2275 3027 αὐτοῦ
2298 2973 2356 3027 δὲ
2381 2974 2472 3026 καὶ
2495 2972 2854 3044 βεϐρωκότες,
2883 2973 2950 3027 τὰ
2983 2972 3159 3042 φύλλα
3186 2973 3452 3046 ἐρῥαπτον
3471 2973 3560 3027 διὰ
3583 2973 3687 3044 τὴν

424 3071 577 3127 runt,
611 3071 838 3132 propter
855 3062 1245 3117 verecundiam
1267 3079 1422 3119 suam
1447 3063 1514 3119 de
1535 3064 1807 3118 nuditate.
1833 3061 2001 3134 Atqui

2113 3064 2412 3136 γενομένην
2452 3067 2634 3128 αὐτοῖς
2664 3062 2926 3136 αἰσχύνην
2958 3065 3051 3119 ἐπὶ
3076 3067 3141 3137 τῇ
3170 3064 3468 3136 γυμνώσιι.
3503 3064 3694 3119 Ταῦτα.

428 3154 548 3210 haec
575 3164 735 3210 erant
764 3153 1013 3223 profecto
1050 3153 1136 3208 fici
1163 3194 1178 3219 ,
1226 3170 1359 3225 ergo
1405 3155 1543 3211 ﬁcus
1592 3161 1713 3210 erat
1747 3154 1914 3210 arbor
1939 3154 2001 3210 de

2109 3157 2166 3212 δὲ
2195 3153 2264 3229 ῆν
2308 3157 2482 3228 φύλλα
2526 3157 2697 3226 συκῆς
2743 3158 3172 3229 ἀναντιρῤήτως,
3217 3156 3326 3230 ἀρα
3371 3157 3432 3210 τὸ
3475 3155 3694 3228 δένδρον

431 3267 539 3323 qua
567 3250 888 3305 mandatum
917 3255 1269 3318 acceperant.
1300 3247 1512 3320 Negant
1535 3256 1720 3304 autem
1744 3247 1850 3303 ltoc
1876 3261 2011 3301 non-

431 3343 592 3408 nulli,
615 3342 820 3405 stulte,
857 3341 911 3394 ni
961 3339 1158 3404 fallor,
1199 3339 1578 3396 existimantes
1626 3339 1831 3394 mirum
1878 3337 2010 3409 quid

433 3435 606 3490 fuisse
637 3432 773 3486 illud
818 3432 1066 3503 lignum,
1109 3445 1219 3484 non
1249 3431 1554 3502 cogitantes
1599 3431 1747 3501 quod
1796 3429 2012 3501 peccati

435 3527 655 3600 pondus
702 3539 885 3595 neque
923 3539 953 3578 a
995 3524 1264 3595 qualitate
1302 3524 1440 3594 ligni
1489 3524 1721 3595 pendet,
1772 3539 1954 3594 neque
1982 3537 2013 3577 a

437 3620 681 3675 novitate
719 3617 852 3680 cibi,
897 3615 991 3672 sed
1031 3629 1060 3669 a
1109 3615 1246 3686 legis
1283 3615 1627 3672 conditione.
1671 3615 1806 3683 Quae
1835 3613 2016 3686 quali-

435 3726 654 3782 cunque
701 3708 865 3765 modo
922 3707 1127 3764 violata
1188 3705 1394 3773 fuerit,
1439 3708 1630 3765 eadem
1677 3707 1787 3764 erit
1832 3721 2018 3778 usque

436 3801 618 3870 culpa.

508 3889 676 3946 Vsus.
696 3889 781 3946 l7.
813 3918 884 3929 —
907 3887 1104 3943 Audivi
1127 3889 1424 3944 nonnullos
1448 3888 1700 3945 dicentes
1733 3907 1746 3943 :
1775 3888 1833 3946 Si
1867 3889 2016 3945 Deus

436 3985 690 4057 praevidit
722 3984 897 4038 Adam
944 3983 1120 4054 legem
1169 3983 1528 4048 violaturum,
1574 3999 1683 4054 qua
1726 3984 1797 4040 de
1845 3999 2018 4040 causa

439 4077 676 4148 praebuit
709 4076 840 4131 huic
875 4078 1328 4148 transgressionis
1360 4078 1740 4142 occasionem,
1791 4078 2018 4133 ferendo

439 4171 654 4241 legem?
695 4167 1066 4238 Respondebo
1106 4184 1232 4225 eum
1281 4168 1406 4224 ideo
1445 4168 1562 4224 haec
1599 4168 1822 4235 fecisse,
1869 4169 2019 4240 quod

442 4263 656 4318 sciebat
688 4261 1076 4315 mortalitatem
1102 4261 1438 4317 hominibus
1478 4260 1847 4332 profuturam.
1877 4259 2020 4315 Nam

443 4353 789 4410 immortales
815 4353 912 4424 qui
944 4361 1096 4416 sunt,
1133 4355 1190 4407 in
1210 4361 1478 4408 aeternum
1510 4352 1798 4410 labuntur.
1832 4351 2021 4409 Nostri

442 4459 576 4516 ergo
613 4445 878 4500 intererat
905 4452 965 4498 ut
1005 4445 1188 4500 soluto
1215 4460 1450 4515 corpore
1492 4450 1690 4504 mortis
1711 4485 1726 4512 ,
1771 4446 1936 4504 simul
1967 4456 2021 4502 et
2052 4476 2099 4536 υ

445 4541 754 4595 solveretur
809 4553 1012 4609 corpus
1051 4539 1284 4608 peccati.
1332 4538 1477 4596 Deus
1515 4547 1696 4596 autem
1738 4556 1850 4595 non
1887 4555 2024 4595 con-

445 4633 629 4687 stituit
657 4648 760 4688 nos
801 4632 1060 4702 protinus
1101 4633 1156 4686 in
1203 4632 1413 4701 optimo
1453 4627 1834 4703 (mortalitatis
1865 4633 2022 4689 scili-

445 4733 556 4792 cet)
597 4731 762 4786 statu,
795 4738 862 4778 ne
902 4735 1190 4792 propterea
1235 4729 1592 4777 accusaretur
1623 4723 1768 4793 quod
1798 4724 2027 4778 immor-

445 4815 713 4870 talitatem
757 4831 868 4870 non
911 4815 980 4870 ab
1036 4813 1198 4868 initio
1245 4813 1480 4868 dederit.
1528 4813 1599 4866 At
1645 4813 1802 4883 prius
1833 4815 2027 4868 statuit

447 4911 596 4967 illam
644 4910 859 4979 legem,
917 4924 1082 4977 quam
1143 4912 1371 4962 noverat
1438 4906 1820 4975 negligendam
1861 4903 2024 4962 .fore.

447 5000 566 5068 Qua
595 5006 807 5058 ratione
840 5002 1093 5073 probavit
1125 5000 1378 5055 homines
1399 5035 1414 5064 ,
1455 4999 1675 5054 etiamsi
1706 4999 2026 5056 obedienti-

445 5095 551 5150 bus
584 5091 975 5147 immortalitas
1018 5090 1461 5159 promitteretur,
1501 5088 1799 5145 rebellibus
1843 5097 2027 5145 autem

448 5185 834 5240 intenderetur
863 5196 1031 5244 mors,
1066 5181 1203 5238 adeo
1245 5180 1609 5238 nihilominus
1642 5182 1710 5238 de
1741 5183 2030 5238 conditore

447 5285 502 5331 et
539 5276 890 5332 benefactore
943 5290 1046 5330 suo
1089 5275 1442 5332 dubitaturos
1468 5317 1484 5341 ,
1537 5284 1598 5330 ut
1631 5284 1924 5348 sperarent
1969 5293 2030 5333 se

450 5383 562 5422 non
610 5369 790 5424 solum
829 5369 1294 5424 immortalitatem
1330 5369 1616 5424 habituros
1637 5411 1652 5435 ,
1682 5369 1726 5424 si
1756 5385 1866 5424 non
1898 5369 2030 5424 obe-

453 5458 706 5525 diissent,
739 5460 834 5516 scd
874 5459 1181 5518 divinitatis
1208 5461 1373 5516 etiam
1407 5461 1728 5532 dignitatem
1760 5477 2028 5517 consecu-

453 5556 613 5604 turos
660 5565 802 5604 esse.
836 5549 994 5614 Quod
1039 5554 1084 5606 si
1117 5566 1248 5608 caro
1278 5554 1441 5609 etiam
1473 5568 1662 5608 eorum
1703 5554 2032 5608 immortali-

455 5651 620 5696 tatem
659 5639 855 5694 sortita
887 5640 1103 5706 fuisset,
1134 5653 1340 5713 quanto
1371 5645 1546 5715 magis
1579 5645 1945 5702 credidissent
1972 5663 2031 5702 se

455 5734 587 5790 deos
624 5745 724 5802 per
772 5728 1204 5788 inobcdicntiam
1247 5733 1507 5793 futuros!
1559 5738 1708 5802 Quos
1744 5738 1890 5794 cnim
1928 5755 2028 5798 nec

2112 3251 2249 3321 συκῆ
2275 3244 2363 3322 ἦν,
2394 3250 2478 3319 ἐφ’
2515 3242 2560 3318 ᾧ
2583 3249 3015 3322 παρειλήφεισαν
3043 3249 3142 3322 τὴν
3173 3249 3414 3320 ἐντολήν.
3459 3247 3601 3303 Ἀλλ’
3633 3249 3693 3301 ού

2111 3343 2426 3414 προσίενται
2462 3341 2619 3396 τοῦτό
2648 3358 2824 3406 τινες,
2871 3340 2958 3396 διά
2988 3339 3187 3412 πολλὴν
3221 3341 3473 3413 εὐήθειαν
3511 3358 3525 3372 ·
3576 3341 3697 3413 ἐμοὶ

2111 3435 2277 3499 δοκεῖ,
2320 3435 2556 3505 οἰόμενοι
2582 3434 2778 3507 χρῆναι
2811 3434 2999 3488 καινόν
3026 3453 3080 3488 τι
3118 3430 3259 3489 εἰναι
3287 3435 3350 3489 τὸ
3383 3433 3562 3501 ξύλον,
3604 3435 3698 3488 καὶ

2113 3527 2172 3580 ού
2205 3526 2566 3598 λογιζόμενοι,
2595 3526 2677 3580 ὅτι
2711 3525 2787 3598 μὴ
2831 3528 2896 3598 τῇ
2929 3526 3172 3598 ποιότητι
3207 3524 3300 3580 τοῦ
3336 3508 3519 3593 ξύλου,
3563 3526 3701 3599 μηδὶ

2113 3622 2180 3691 τῇ
2207 3620 2484 3691 καινότητι
2516 3619 2614 3690 τῆς
2642 3617 2898 3690 βρώσεως
2929 3617 2999 3672 τά
3031 3619 3404 3691 ἁμαρτήματα
3430 3619 3701 3691 κρίνεται,

2117 3710 2252 3765 ἀλλὰ
2277 3713 2342 3783 τῇ
2386 3711 2530 3764 δόσει
2577 3709 2678 3780 τῆς
2721 3709 2960 3782 ἐντολῆς.
2999 3711 3102 3763 Ἦν
3145 3710 3206 3763 τὸ
3247 3712 3332 3779 ἐφ’
3373 3711 3702 3784 ὁτουδήποτε

2118 3803 2432 3875 παραϐῆναι
2465 3801 2586 3872 ἴσην
2624 3801 2739 3872 ἔχει
2768 3801 2867 3874 τὴν
2901 3800 3130 3874 μέμψιν.

2188 3897 2336 3968 Σιίχ.
2366 3895 2451 3960 ιζ’.
2484 3926 2553 3938 -
2593 3893 2808 3968 Ἐπειδὴ
2833 3893 2994 3948 τινῶν
3019 3895 3233 3966 ἀκήκοα
3254 3895 3700 3968 πυνθανομένων·

2118 3992 2184 4044 Εἰ
2227 3989 2448 4062 προῄδει
2494 3989 2522 4040 6
2568 3988 2722 4053 Θεὸς,
2759 3989 2842 4042 ὅτι
2885 3987 3224 4060 παρακούσει
3251 3991 3281 4043 6
3323 3989 3514 4060 Ἀδὰμ,
3555 3990 3706 4054 τίνος

2119 4083 2306 4136 ἕνεκεν
2355 4085 2423 4154 τῇ
2470 4081 2614 4135 δόσει
2657 4080 2757 4152 τῆς
2787 4081 3008 4152 ἐντολῆς
3047 4083 3289 4154 παρέσχε
3333 4084 3400 4153 τῇ
3446 4085 3704 4155 παρακοῇ

2121 4174 2434 4248 πρόφασιν;
2480 4173 2732 4229 τοσοῦτον
2777 4173 2922 4246 ἐρῶ,
2969 4174 3051 4228 ὅτι
3104 4174 3250 4245 μάλα
3297 4175 3326 4228 6
3372 4173 3506 4238 Θεὸς
3543 4173 3702 4238 εἰδὼς

2127 4266 2513 4338 συμφέρουσαν
2557 4263 2864 4336 ἀνθρώποις
2912 4264 3010 4338 τὴν
3055 4264 3355 4336 θνητότητα
3379 4280 3393 4295 °
3452 4265 3707 4338 μένοντες

2123 4358 2232 4431 γὰρ
2259 4358 2538 4422 ἀθάνατοι,
2562 4357 2879 4412 πταίσουσιν
2903 4356 3144 4412 ἀθάνατα
3167 4376 3179 4388 ·
3213 4359 3307 4410 καὶ
3330 4358 3413 4412 ὅτι
3440 4356 3712 4412 λυσιτελεῖ

2122 4455 2234 4518 τοῖς
2262 4451 2546 4518 τοιούτοις,
2579 4449 2795 4520 θανάτῳ
2826 4449 3090 4520 λυομένου
3118 4449 3212 4504 τοῦ
3265 4448 3538 4521 σώματος,
3571 4465 3708 4517 συγ-

2127 4543 2496 4616 καταλυθῆναι
2525 4543 2619 4598 καί
2650 4543 2710 4597 τὸ
2749 4543 2848 4613 τῆς
2869 4543 3174 4613 ἀμαρτίας·
3203 4543 3303 4596 ούκ
3335 4542 3497 4606 εύθῦς
3539 4541 3710 4596 ἔδωκε

2125 4637 2185 4692 τὸ
2221 4637 2522 4708 συμφέρον,
2563 4636 2650 4690 ἵνα
2684 4635 2758 4707 μὴ
2783 4635 3190 4706 βλασφημῆται,
3230 4635 3307 4698 ὡς
3342 4634 3418 4706 μὴ
3460 4633 3714 4694 δεδωκὼς

2126 4729 2186 4794 ἐξ
2210 4729 2386 4801 ἀρχῆς
2413 4729 2509 4800 τὴν
2535 4729 2856 4783 ἀθανασίαν.
2911 4727 3074 4782 Ἀλλά
3101 4729 3368 4798 πρότερον
3393 4727 3574 4780 δίδωσι
3609 4727 3713 4798 τὴν

2127 4821 2364 4892 ἐντολὴν,
2380 4823 2445 4892 ὴν
2461 4823 2560 4874 οὐκ
2585 4819 2941 4891 ἀνεξομένους
2964 4819 3080 4892 ⁴ᾔδει
3103 4837 3116 4850 ·
3143 4820 3231 4873 ἴνα
3247 4819 3414 4892 δείξῃ,
3434 4821 3514 4873 ὄτι
3535 4819 3584 4871 εἰ
3617 4821 3716 4874 καὶ

2129 4915 2550 4985 προτεινομένης
2599 4915 2780 4980 αὑτοῖς
2823 4913 3121 4975 ἀθανασίας
3162 4913 3270 4966 ἀπὸ
3306 4912 3406 4980 τῆς
3439 4910 3715 4980 ὑπακοῆς,

2130 5005 2223 5058 καὶ
2253 5004 2479 5060 θανάτου
2511 5003 2901 5076 ἀπειλουμένου
2939 5002 3027 5057 διὰ
3057 5003 3158 5074 τὴν
3194 5001 3500 5073 παρακοὴν,
3524 4999 3718 5054 τοσοῦ-

2129 5114 2219 5150 τον
2240 5095 2550 5166 ἠπίστησαν
2589 5094 2667 5166 τῷ
2696 5099 2890 5168 ποιητῇ
2923 5095 3017 5149 καὶ
3050 5095 3336 5166 εὐεργέτῃ,
3364 5093 3440 5156 ὡς
3471 5093 3716 5156 ἐλπίσαι,

2131 5189 2178 5242 εἰ
2213 5187 2610 5264 πριρακούσειεν
2637 5188 2696 5240 ού
2733 5187 2892 5258 μόνον
2918 5187 3016 5258 τὴν
3041 5186 3342 5240 ἀθανασίαν
3379 5183 3540 5249 ἕξειν,
3575 5181 3718 5235 ἀλλά

2131 5280 2312 5334 καὶτὸ
2353 5279 2454 5349 τῆς
2499 5279 2752 5350 θεότητος
2793 5280 3008 5349 ἀξίωμα
3047 5275 3476 5349 προσλήψεσθαι.
3526 5273 3590 5326 Εἰ
3620 5274 3720 5326 καὶ

2131 5373 2166 5443 ὴ
2192 5369 2329 5443 σὰρξ
2355 5371 2537 5435 αὐτοῖς
2565 5371 2776 5442 εἰλήφει
2799 5370 2897 5440 τὴν
2926 5369 3250 5433 ἀθανασίαν,
3284 5367 3400 5429 πῶς
3427 5368 3486 5420 ού
3511 5364 3718 5436 μᾶλλον

2132 5462 2531 5535 ἀνεπείσθησαν
2567 5457 2707 5516 εἶναι
2734 5461 2848 5515 θεοί
2881 5461 2970 5513 διὰ
2999 5461 3094 5532 τῆς
3120 5461 3436 5531 παρακοῆςί
3484 5454 3578 5521 Οἷς
3606 5457 3722 5530 γὰρ

2131 5556 2230 5609 οὐκ
2262 5556 2495 5627 ἤρκεσεν
2543 5552 2740 5621 ἀπειλὴ
2785 5551 3015 5605 θανάτου
3047 5553 3128 5614 εἰς
3171 5551 3268 5621 τὴν
3317 5549 3564 5619 φυλακὴν
3617 5549 3722 5620 τῆς

2134 5646 2373 5715 ἐντολῆς,
2411 5648 2473 5699 τὸ
2516 5650 2616 5717 τῆς
2643 5645 2942 5706 ἀθανασίας
2975 5643 3186 5714 βέϐαιον
3216 5643 3432 5705 πάντως
3468 5640 3533 5695 ἀν
3563 5639 3722 5712 ἀδεὲς

2136 5744 2213 5805 εἰς
2257 5741 2314 5795 τὸ
2356 5741 2566 5796 πταίειν
2615 5736 2699 5812 ἦν,
2737 5741 2826 5794 καί
2848 5739 3110 5809 διηνεκὲς,
3149 5735 3222 5807 τῷ
3268 5735 3365 5805 τῆς
3416 5733 3720 5797 ἀθανασίας
