  <div class='ocr_page' id='page_1' title='image "/cluster/home/n/w/nwhite01/storage/ocr_20150623/66/mdp.39015008467477/328.png"; bbox 0 0 3974 6146; ppageno 0'>
   <div class='ocr_carea' id='block_1_1' title="bbox 296 286 400 344">
    <p class='ocr_par' dir='ltr' id='par_1_1' title="bbox 296 286 400 344">
     <span class='ocr_line' id='line_1_1' title="bbox 296 286 400 344; baseline -0.01 0"><span class='ocrx_word' id='word_1_1' title='bbox 296 286 400 344; x_wconf 66' lang='lat'><strong>6“</strong></span> 
     </span>
    </p>
   </div>
   <div class='ocr_carea' id='block_1_2' title="bbox 1491 308 2362 374">
    <p class='ocr_par' dir='ltr' id='par_1_2' title="bbox 1491 308 2362 374">
     <span class='ocr_line' id='line_1_2' title="bbox 1491 308 2362 374; baseline 0.013 -13"><span class='ocrx_word' id='word_1_2' title='bbox 1491 308 1916 370; x_wconf 74' lang='lat' dir='ltr'><strong>FRAGMENTA</strong></span> <span class='ocrx_word' id='word_1_3' title='bbox 1957 315 2019 369; x_wconf 79' lang='lat' dir='ltr'><strong>IN</strong></span> <span class='ocrx_word' id='word_1_4' title='bbox 2043 314 2362 374; x_wconf 82' lang='lat' dir='ltr'><strong>GENESIN.</strong></span> 
     </span>
    </p>
   </div>
   <div class='ocr_carea' id='block_1_3' title="bbox 3458 323 3567 379">
    <p class='ocr_par' dir='ltr' id='par_1_3' title="bbox 3458 323 3567 379">
     <span class='ocr_line' id='line_1_3' title="bbox 3458 323 3567 379; baseline 0 0"><span class='ocrx_word' id='word_1_5' title='bbox 3458 323 3567 379; x_wconf 64' lang='lat'><strong>612</strong></span> 
     </span>
    </p>
   </div>
   <div class='ocr_carea' id='block_1_4' title="bbox 293 407 1880 500">
    <p class='ocr_par' dir='ltr' id='par_1_4' title="bbox 293 407 1880 500">
     <span class='ocr_line' id='line_1_4' title="bbox 293 407 1880 500; baseline 0.01 -37"><span class='ocrx_word' id='word_1_6' title='bbox 293 407 528 500; x_wconf 79' lang='grc' dir='ltr'>ἀσφαλεί</span> <span class='ocrx_word' id='word_1_7' title='bbox 579 409 964 482; x_wconf 79' lang='grc' dir='ltr'>τεθαρρηκόσι.</span> <span class='ocrx_word' id='word_1_8' title='bbox 1025 415 1249 485; x_wconf 80' lang='grc' dir='ltr'>Πρῶτον</span> <span class='ocrx_word' id='word_1_9' title='bbox 1296 414 1390 474; x_wconf 78' lang='grc' dir='ltr'>οὖν</span> <span class='ocrx_word' id='word_1_10' title='bbox 1433 421 1672 476; x_wconf 86' lang='grc' dir='ltr'>δείκνυσι</span> <span class='ocrx_word' id='word_1_11' title='bbox 1715 428 1782 496; x_wconf 74' lang='grc' dir='ltr'>τῇ</span> <span class='ocrx_word' id='word_1_12' title='bbox 1831 443 1880 479; x_wconf 81' lang='grc' dir='ltr'><strong>τε</strong></span> 
     </span>
    </p>
   </div>
   <div class='ocr_carea' id='block_1_5' title="bbox 1989 407 3565 500">
    <p class='ocr_par' dir='ltr' id='par_1_5' title="bbox 1995 429 3565 500">
     <span class='ocr_line' id='line_1_5' title="bbox 1995 429 3565 500; baseline 0.005 -17"><span class='ocrx_word' id='word_1_13' title='bbox 1995 429 2318 500; x_wconf 78' lang='lat' dir='ltr'><strong>impendens</strong></span> <span class='ocrx_word' id='word_1_14' title='bbox 2358 445 2508 487; x_wconf 86' lang='lat' dir='ltr'><strong>mors</strong></span> <span class='ocrx_word' id='word_1_15' title='bbox 2551 431 2620 485; x_wconf 93' lang='lat' dir='ltr'><strong>ad</strong></span> <span class='ocrx_word' id='word_1_16' title='bbox 2659 431 3066 488; x_wconf 87' lang='lat' dir='ltr'><strong>observandum</strong></span> <span class='ocrx_word' id='word_1_17' title='bbox 3105 435 3418 491; x_wconf 88' lang='lat' dir='ltr'><strong>mandatum</strong></span> <span class='ocrx_word' id='word_1_18' title='bbox 3448 453 3565 491; x_wconf 83' lang='lat' dir='ltr'><strong>mo—</strong></span> 
     </span>
    </p>
   </div>
   <div class='ocr_carea' id='block_1_6' title="bbox 293 498 1880 586">
    <p class='ocr_par' dir='ltr' id='par_1_6' title="bbox 293 498 1880 586">
     <span class='ocr_line' id='line_1_6' title="bbox 293 498 1880 586; baseline 0.011 -35"><span class='ocrx_word' id='word_1_19' title='bbox 293 498 434 552; x_wconf 79' lang='grc' dir='ltr'>δόσει</span> <span class='ocrx_word' id='word_1_20' title='bbox 461 499 562 570; x_wconf 83' lang='grc' dir='ltr'>τῆς</span> <span class='ocrx_word' id='word_1_21' title='bbox 610 502 851 572; x_wconf 74' lang='grc' dir='ltr'>ἐντολῆς,</span> <span class='ocrx_word' id='word_1_22' title='bbox 897 505 992 557; x_wconf 79' lang='grc' dir='ltr'>καὶ</span> <span class='ocrx_word' id='word_1_23' title='bbox 1019 506 1107 560; x_wconf 85' lang='grc' dir='ltr'><strong>διὰ</strong></span> <span class='ocrx_word' id='word_1_24' title='bbox 1150 507 1251 577; x_wconf 77' lang='grc' dir='ltr'>τῆς</span> <span class='ocrx_word' id='word_1_25' title='bbox 1284 513 1569 582; x_wconf 79' lang='grc' dir='ltr'><strong>παρακοῆς</strong></span> <span class='ocrx_word' id='word_1_26' title='bbox 1613 513 1721 567; x_wconf 83' lang='grc' dir='ltr'><strong>τῶν</strong></span> <span class='ocrx_word' id='word_1_27' title='bbox 1753 515 1880 586; x_wconf 82' lang='grc' dir='ltr'>περὶ</span> 
     </span>
    </p>
   </div>
   <div class='ocr_carea' id='block_1_7' title="bbox 293 591 1879 671">
    <p class='ocr_par' dir='ltr' id='par_1_7' title="bbox 293 591 1879 671">
     <span class='ocr_line' id='line_1_7' title="bbox 293 591 1879 671; baseline 0.011 -29"><span class='ocrx_word' id='word_1_28' title='bbox 293 591 384 644; x_wconf 80' lang='grc' dir='ltr'>τὸν</span> <span class='ocrx_word' id='word_1_29' title='bbox 429 592 623 662; x_wconf 73' lang='grc' dir='ltr'>Ἀδὰμ.</span> <span class='ocrx_word' id='word_1_30' title='bbox 653 593 735 647; x_wconf 79' lang='grc' dir='ltr'>ὅτι</span> <span class='ocrx_word' id='word_1_31' title='bbox 771 596 1040 669; x_wconf 78' lang='grc' dir='ltr'><strong>συμφέρει</strong></span> <span class='ocrx_word' id='word_1_32' title='bbox 1068 599 1100 669; x_wconf 75' lang='grc' dir='ltr'><strong>ἡ</strong></span> <span class='ocrx_word' id='word_1_33' title='bbox 1135 598 1399 671; x_wconf 84' lang='grc' dir='ltr'>θνητότης</span> <span class='ocrx_word' id='word_1_34' title='bbox 1421 618 1435 632; x_wconf 83' lang='lat'><strong><em>°</em></strong></span> <span class='ocrx_word' id='word_1_35' title='bbox 1479 604 1572 656; x_wconf 76' lang='grc' dir='ltr'>καὶ</span> <span class='ocrx_word' id='word_1_36' title='bbox 1600 605 1719 659; x_wconf 86' lang='grc' dir='ltr'>τότε</span> <span class='ocrx_word' id='word_1_37' title='bbox 1743 607 1879 660; x_wconf 86' lang='grc' dir='ltr'>ταύ-</span> 
     </span>
    </p>
   </div>
   <div class='ocr_carea' id='block_1_8' title="bbox 293 682 1878 763">
    <p class='ocr_par' dir='ltr' id='par_1_8' title="bbox 293 682 1878 763">
     <span class='ocr_line' id='line_1_8' title="bbox 293 682 1878 763; baseline 0.011 -30"><span class='ocrx_word' id='word_1_38' title='bbox 293 698 392 753; x_wconf 87' lang='grc' dir='ltr'>την</span> <span class='ocrx_word' id='word_1_39' title='bbox 421 682 658 749; x_wconf 81' lang='grc' dir='ltr'>δίδωσιν,</span> <span class='ocrx_word' id='word_1_40' title='bbox 709 683 847 754; x_wconf 79' lang='grc' dir='ltr'>ὁμοῦ</span> <span class='ocrx_word' id='word_1_41' title='bbox 881 687 974 739; x_wconf 70' lang='grc' dir='ltr'>καὶ</span> <span class='ocrx_word' id='word_1_42' title='bbox 1012 689 1214 742; x_wconf 86' lang='grc' dir='ltr'>πείθων</span> <span class='ocrx_word' id='word_1_43' title='bbox 1245 690 1584 763; x_wconf 85' lang='grc' dir='ltr'><strong>ἀνθρώπους,</strong></span> <span class='ocrx_word' id='word_1_44' title='bbox 1637 698 1730 749; x_wconf 78' lang='grc' dir='ltr'>καὶ</span> <span class='ocrx_word' id='word_1_45' title='bbox 1770 697 1878 751; x_wconf 82' lang='grc' dir='ltr'>τῶν</span> 
     </span>
    </p>
   </div>
   <div class='ocr_carea' id='block_1_9' title="bbox 297 774 1875 860">
    <p class='ocr_par' dir='ltr' id='par_1_9' title="bbox 297 774 1875 860">
     <span class='ocr_line' id='line_1_9' title="bbox 297 774 1875 860; baseline 0.013 -35"><span class='ocrx_word' id='word_1_46' title='bbox 297 774 690 845; x_wconf 78' lang='grc' dir='ltr'><strong>συμφερόντων</strong></span> <span class='ocrx_word' id='word_1_47' title='bbox 719 778 818 830; x_wconf 74' lang='grc' dir='ltr'>οὐκ</span> <span class='ocrx_word' id='word_1_48' title='bbox 847 779 1236 850; x_wconf 83' lang='grc' dir='ltr'>ἀφιστάμενος.</span> <span class='ocrx_word' id='word_1_49' title='bbox 1274 784 1395 837; x_wconf 88' lang='grc' dir='ltr'>Ὅτι</span> <span class='ocrx_word' id='word_1_50' title='bbox 1425 785 1534 858; x_wconf 73' lang='grc' dir='ltr'><strong>γὰρ</strong></span> <span class='ocrx_word' id='word_1_51' title='bbox 1575 786 1654 858; x_wconf 82' lang='grc' dir='ltr'>τῷ</span> <span class='ocrx_word' id='word_1_52' title='bbox 1697 789 1875 860; x_wconf 86' lang='grc' dir='ltr'>θνητῷ</span> 
     </span>
    </p>
   </div>
   <div class='ocr_carea' id='block_1_10' title="bbox 297 864 1874 950">
    <p class='ocr_par' dir='ltr' id='par_1_10' title="bbox 297 864 1874 950">
     <span class='ocr_line' id='line_1_10' title="bbox 297 864 1874 950; baseline 0.012 -33"><span class='ocrx_word' id='word_1_53' title='bbox 297 864 397 936; x_wconf 82' lang='grc' dir='ltr'><strong>βίῳ</strong></span> <span class='ocrx_word' id='word_1_54' title='bbox 422 867 514 919; x_wconf 80' lang='grc' dir='ltr'>τὸν</span> <span class='ocrx_word' id='word_1_55' title='bbox 545 867 830 939; x_wconf 80' lang='grc' dir='ltr'>ἄνθρωπον</span> <span class='ocrx_word' id='word_1_56' title='bbox 872 872 1223 942; x_wconf 81' lang='grc' dir='ltr'>ηὐτρέπιζεν,</span> <span class='ocrx_word' id='word_1_57' title='bbox 1267 877 1397 929; x_wconf 77' lang='grc' dir='ltr'>αὐτὸ</span> <span class='ocrx_word' id='word_1_58' title='bbox 1425 878 1506 931; x_wconf 64' lang='grc' dir='ltr'><strong>’τὸ</strong></span> <span class='ocrx_word' id='word_1_59' title='bbox 1551 881 1734 950; x_wconf 81' lang='grc' dir='ltr'>σχῆμα</span> <span class='ocrx_word' id='word_1_60' title='bbox 1779 883 1874 936; x_wconf 81' lang='grc' dir='ltr'><strong>τοῦ</strong></span> 
     </span>
    </p>
   </div>
   <div class='ocr_carea' id='block_1_11' title="bbox 297 955 1875 1044">
    <p class='ocr_par' dir='ltr' id='par_1_11' title="bbox 297 955 1875 1044">
     <span class='ocr_line' id='line_1_11' title="bbox 297 955 1875 1044; baseline 0.012 -37"><span class='ocrx_word' id='word_1_61' title='bbox 297 955 524 1027; x_wconf 75' lang='grc' dir='ltr'>ἄρρενος</span> <span class='ocrx_word' id='word_1_62' title='bbox 548 959 644 1011; x_wconf 75' lang='grc' dir='ltr'>καὶ</span> <span class='ocrx_word' id='word_1_63' title='bbox 669 959 762 1013; x_wconf 80' lang='grc' dir='ltr'>τοῦ</span> <span class='ocrx_word' id='word_1_64' title='bbox 796 961 983 1032; x_wconf 87' lang='grc' dir='ltr'>Θήλεος</span> <span class='ocrx_word' id='word_1_65' title='bbox 1018 963 1307 1031; x_wconf 87' lang='grc' dir='ltr'>δείκνυσιν,</span> <span class='ocrx_word' id='word_1_66' title='bbox 1340 967 1398 1020; x_wconf 83' lang='grc' dir='ltr'><strong>ἐν</strong></span> <span class='ocrx_word' id='word_1_67' title='bbox 1422 971 1490 1039; x_wconf 78' lang='grc' dir='ltr'><strong>τῇ</strong></span> <span class='ocrx_word' id='word_1_68' title='bbox 1519 969 1744 1040; x_wconf 79' lang='grc' dir='ltr'><strong>δυνάμει</strong></span> <span class='ocrx_word' id='word_1_69' title='bbox 1775 971 1875 1044; x_wconf 79' lang='grc' dir='ltr'>τὴν</span> 
     </span>
    </p>
   </div>
   <div class='ocr_carea' id='block_1_12' title="bbox 298 1049 1873 1132">
    <p class='ocr_par' dir='ltr' id='par_1_12' title="bbox 298 1049 1873 1132">
     <span class='ocr_line' id='line_1_12' title="bbox 298 1049 1873 1132; baseline 0.013 -32"><span class='ocrx_word' id='word_1_70' title='bbox 298 1049 638 1106; x_wconf 68' lang='grc' dir='ltr'><strong>παιδοποιίαν</strong></span> <span class='ocrx_word' id='word_1_71' title='bbox 666 1052 826 1117; x_wconf 73' lang='grc' dir='ltr'>εὐθὺς</span> <span class='ocrx_word' id='word_1_72' title='bbox 855 1055 947 1108; x_wconf 76' lang='grc' dir='ltr'>καὶ</span> <span class='ocrx_word' id='word_1_73' title='bbox 976 1059 1040 1109; x_wconf 87' lang='grc' dir='ltr'><strong>ἐκ</strong></span> <span class='ocrx_word' id='word_1_74' title='bbox 1067 1058 1289 1130; x_wconf 80' lang='grc' dir='ltr'>πρώτης</span> <span class='ocrx_word' id='word_1_75' title='bbox 1316 1061 1679 1132; x_wconf 85' lang='grc' dir='ltr'>δεικνύμενον.</span> <span class='ocrx_word' id='word_1_76' title='bbox 1711 1066 1873 1121; x_wconf 81' lang='grc' dir='ltr'>’Ὥστε</span> 
     </span>
    </p>
   </div>
   <div class='ocr_carea' id='block_1_13' title="bbox 297 1141 1874 1229">
    <p class='ocr_par' dir='ltr' id='par_1_13' title="bbox 297 1141 1874 1229">
     <span class='ocr_line' id='line_1_13' title="bbox 297 1141 1874 1229; baseline 0.011 -35"><span class='ocrx_word' id='word_1_77' title='bbox 297 1141 328 1210; x_wconf 81' lang='grc' dir='ltr'>ἠ</span> <span class='ocrx_word' id='word_1_78' title='bbox 362 1143 461 1212; x_wconf 80' lang='grc' dir='ltr'>μὲν</span> <span class='ocrx_word' id='word_1_79' title='bbox 503 1143 704 1206; x_wconf 86' lang='grc' dir='ltr'>πλάσις</span> <span class='ocrx_word' id='word_1_80' title='bbox 767 1147 1074 1218; x_wconf 80' lang='grc' dir='ltr'>ήτοιμάσθη</span> <span class='ocrx_word' id='word_1_81' title='bbox 1105 1149 1184 1219; x_wconf 81' lang='grc' dir='ltr'>τῷ</span> <span class='ocrx_word' id='word_1_82' title='bbox 1213 1151 1390 1222; x_wconf 73' lang='grc' dir='ltr'>θνητῷ</span> <span class='ocrx_word' id='word_1_83' title='bbox 1437 1152 1537 1225; x_wconf 81' lang='grc' dir='ltr'><strong>βίῳ</strong></span> <span class='ocrx_word' id='word_1_84' title='bbox 1559 1171 1574 1186; x_wconf 88' lang='grc'><strong>·</strong></span> <span class='ocrx_word' id='word_1_85' title='bbox 1621 1157 1654 1227; x_wconf 85' lang='grc' dir='ltr'>ἠ</span> <span class='ocrx_word' id='word_1_86' title='bbox 1688 1157 1745 1210; x_wconf 88' lang='grc' dir='ltr'>δὲ</span> <span class='ocrx_word' id='word_1_87' title='bbox 1773 1159 1874 1229; x_wconf 85' lang='grc' dir='ltr'><strong>τῆς</strong></span> 
     </span>
    </p>
   </div>
   <div class='ocr_carea' id='block_1_14' title="bbox 297 1234 1876 1318">
    <p class='ocr_par' dir='ltr' id='par_1_14' title="bbox 297 1234 1876 1318">
     <span class='ocr_line' id='line_1_14' title="bbox 297 1234 1876 1318; baseline 0.013 -33"><span class='ocrx_word' id='word_1_88' title='bbox 297 1234 518 1305; x_wconf 81' lang='grc' dir='ltr'>ἐντολῆς</span> <span class='ocrx_word' id='word_1_89' title='bbox 551 1236 716 1299; x_wconf 85' lang='grc' dir='ltr'>δόσις,</span> <span class='ocrx_word' id='word_1_90' title='bbox 758 1241 852 1292; x_wconf 65' lang='grc' dir='ltr'><strong>καὶ⁵</strong></span> <span class='ocrx_word' id='word_1_91' title='bbox 879 1239 939 1293; x_wconf 83' lang='grc' dir='ltr'>τὸ</span> <span class='ocrx_word' id='word_1_92' title='bbox 970 1242 1314 1318; x_wconf 79' lang='grc' dir='ltr'>αὐτεξούσιον</span> <span class='ocrx_word' id='word_1_93' title='bbox 1344 1245 1746 1317; x_wconf 87' lang='grc' dir='ltr'>προεγύμνασε,</span> <span class='ocrx_word' id='word_1_94' title='bbox 1782 1250 1876 1304; x_wconf 78' lang='grc' dir='ltr'>καὶ</span> 
     </span>
    </p>
   </div>
   <div class='ocr_carea' id='block_1_15' title="bbox 297 1325 1876 1412">
    <p class='ocr_par' dir='ltr' id='par_1_15' title="bbox 297 1325 1876 1412">
     <span class='ocr_line' id='line_1_15' title="bbox 297 1325 1876 1412; baseline 0.011 -34"><span class='ocrx_word' id='word_1_95' title='bbox 297 1325 460 1379; x_wconf 72' lang='grc' dir='ltr'>ἔδωκε</span> <span class='ocrx_word' id='word_1_96' title='bbox 489 1330 557 1402; x_wconf 75' lang='grc' dir='ltr'>τῇ</span> <span class='ocrx_word' id='word_1_97' title='bbox 596 1329 790 1404; x_wconf 84' lang='grc' dir='ltr'>γνώμῃ</span> <span class='ocrx_word' id='word_1_98' title='bbox 833 1332 939 1386; x_wconf 86' lang='grc' dir='ltr'>τῶν</span> <span class='ocrx_word' id='word_1_99' title='bbox 971 1333 1310 1404; x_wconf 80' lang='grc' dir='ltr'><strong>αὐθαιρέτων</strong></span> <span class='ocrx_word' id='word_1_100' title='bbox 1337 1338 1563 1405; x_wconf 79' lang='grc' dir='ltr'>ἀγώνων</span> <span class='ocrx_word' id='word_1_101' title='bbox 1605 1338 1702 1409; x_wconf 78' lang='grc' dir='ltr'>τὴν</span> <span class='ocrx_word' id='word_1_102' title='bbox 1738 1342 1876 1412; x_wconf 83' lang='grc' dir='ltr'>πρό-</span> 
     </span>
    </p>
   </div>
   <div class='ocr_carea' id='block_1_16' title="bbox 297 1423 1734 1502">
    <p class='ocr_par' dir='ltr' id='par_1_16' title="bbox 297 1423 1734 1502">
     <span class='ocr_line' id='line_1_16' title="bbox 297 1423 1734 1502; baseline 0.011 -32"><span class='ocrx_word' id='word_1_103' title='bbox 297 1435 478 1486; x_wconf 83' lang='grc' dir='ltr'>φασιν,</span> <span class='ocrx_word' id='word_1_104' title='bbox 514 1423 608 1476; x_wconf 74' lang='grc' dir='ltr'>καὶ</span> <span class='ocrx_word' id='word_1_105' title='bbox 637 1423 700 1476; x_wconf 76' lang='grc' dir='ltr'>τὸ</span> <span class='ocrx_word' id='word_1_106' title='bbox 720 1429 818 1496; x_wconf 79' lang='grc' dir='ltr'>τῆς</span> <span class='ocrx_word' id='word_1_107' title='bbox 853 1426 1176 1499; x_wconf 77' lang='grc' dir='ltr'>θνητότητος</span> <span class='ocrx_word' id='word_1_108' title='bbox 1208 1429 1482 1502; x_wconf 81' lang='grc' dir='ltr'>συμφέρον</span> <span class='ocrx_word' id='word_1_109' title='bbox 1515 1430 1734 1498; x_wconf 78' lang='grc' dir='ltr'>ἔδειξεν.</span> 
     </span>
    </p>
   </div>
   <div class='ocr_carea' id='block_1_17' title="bbox 1983 523 3564 588">
    <p class='ocr_par' dir='ltr' id='par_1_17' title="bbox 1983 523 3564 588">
     <span class='ocr_line' id='line_1_17' title="bbox 1983 523 3564 588; baseline 0.004 -11"><span class='ocrx_word' id='word_1_110' title='bbox 1983 537 2112 578; x_wconf 89' lang='lat' dir='ltr'><strong>vere</strong></span> <span class='ocrx_word' id='word_1_111' title='bbox 2144 523 2358 588; x_wconf 85' lang='lat' dir='ltr'><strong>valuit,</strong></span> <span class='ocrx_word' id='word_1_112' title='bbox 2404 523 2569 579; x_wconf 90' lang='lat' dir='ltr'><strong>iidem</strong></span> <span class='ocrx_word' id='word_1_113' title='bbox 2604 525 3038 583; x_wconf 69' lang='lat' dir='ltr'><strong>immortalitatis</strong></span> <span class='ocrx_word' id='word_1_114' title='bbox 3081 544 3311 584; x_wconf 86' lang='lat' dir='ltr'><strong>munere</strong></span> <span class='ocrx_word' id='word_1_115' title='bbox 3347 532 3564 583; x_wconf 82' lang='lat' dir='ltr'><strong>contir-</strong></span> 
     </span>
    </p>
   </div>
   <div class='ocr_carea' id='block_1_18' title="bbox 1985 615 3560 690">
    <p class='ocr_par' dir='ltr' id='par_1_18' title="bbox 1985 615 3560 690">
     <span class='ocr_line' id='line_1_18' title="bbox 1985 615 3560 690; baseline 0.003 -24"><span class='ocrx_word' id='word_1_116' title='bbox 1985 615 2154 678; x_wconf 88' lang='lat' dir='ltr'><strong>mati,</strong></span> <span class='ocrx_word' id='word_1_117' title='bbox 2203 616 2454 671; x_wconf 90' lang='lat' dir='ltr'><strong>securius</strong></span> <span class='ocrx_word' id='word_1_118' title='bbox 2499 617 2603 671; x_wconf 86' lang='lat' dir='ltr'><strong>sibi</strong></span> <span class='ocrx_word' id='word_1_119' title='bbox 2644 626 2906 673; x_wconf 69' lang='lat' dir='ltr'><strong>mternam</strong></span> <span class='ocrx_word' id='word_1_120' title='bbox 2949 619 3164 672; x_wconf 90' lang='lat' dir='ltr'><strong>ruinam</strong></span> <span class='ocrx_word' id='word_1_121' title='bbox 3199 621 3560 690; x_wconf 80' lang='lat' dir='ltr'><strong>peperissent.</strong></span> 
     </span>
    </p>
   </div>
   <div class='ocr_carea' id='block_1_19' title="bbox 1983 702 3563 792">
    <p class='ocr_par' dir='ltr' id='par_1_19' title="bbox 1983 702 3563 792">
     <span class='ocr_line' id='line_1_19' title="bbox 1983 702 3563 792; baseline 0.008 -35"><span class='ocrx_word' id='word_1_122' title='bbox 1983 702 2226 759; x_wconf 90' lang='lat' dir='ltr'><strong>Primum</strong></span> <span class='ocrx_word' id='word_1_123' title='bbox 2270 707 2441 778; x_wconf 89' lang='lat' dir='ltr'><strong>igitur</strong></span> <span class='ocrx_word' id='word_1_124' title='bbox 2474 711 2716 765; x_wconf 74' lang='lat' dir='ltr'><strong>ostendit</strong></span> <span class='ocrx_word' id='word_1_125' title='bbox 2771 711 2916 767; x_wconf 86' lang='lat' dir='ltr'><strong>Deus</strong></span> <span class='ocrx_word' id='word_1_126' title='bbox 2968 713 3105 784; x_wconf 81' lang='lat' dir='ltr'><strong>legis</strong></span> <span class='ocrx_word' id='word_1_127' title='bbox 3138 715 3563 792; x_wconf 82' lang='lat' dir='ltr'><strong>constitutione,</strong></span> 
     </span>
    </p>
   </div>
   <div class='ocr_carea' id='block_1_20' title="bbox 1983 799 3564 878">
    <p class='ocr_par' dir='ltr' id='par_1_20' title="bbox 1983 799 3564 878">
     <span class='ocr_line' id='line_1_20' title="bbox 1983 799 3564 878; baseline 0.007 -28"><span class='ocrx_word' id='word_1_128' title='bbox 1983 807 2037 851; x_wconf 90' lang='lat' dir='ltr'><strong>et</strong></span> <span class='ocrx_word' id='word_1_129' title='bbox 2063 812 2160 868; x_wconf 90' lang='lat' dir='ltr'><strong>per</strong></span> <span class='ocrx_word' id='word_1_130' title='bbox 2191 799 2332 854; x_wconf 89' lang='lat' dir='ltr'><strong>banc</strong></span> <span class='ocrx_word' id='word_1_131' title='bbox 2376 801 2568 856; x_wconf 84' lang='lat' dir='ltr'><strong>Adami</strong></span> <span class='ocrx_word' id='word_1_132' title='bbox 2617 802 3075 869; x_wconf 89' lang='lat' dir='ltr'><strong>inobedientiam,</strong></span> <span class='ocrx_word' id='word_1_133' title='bbox 3113 807 3273 862; x_wconf 91' lang='lat' dir='ltr'><strong>nobis</strong></span> <span class='ocrx_word' id='word_1_134' title='bbox 3302 809 3564 878; x_wconf 73' lang='lat' dir='ltr'><strong>prodesse</strong></span> 
     </span>
    </p>
   </div>
   <div class='ocr_carea' id='block_1_21' title="bbox 1983 889 3562 958">
    <p class='ocr_par' dir='ltr' id='par_1_21' title="bbox 1983 889 3562 958">
     <span class='ocr_line' id='line_1_21' title="bbox 1983 889 3562 958; baseline 0.006 -16"><span class='ocrx_word' id='word_1_135' title='bbox 1983 889 2406 958; x_wconf 82' lang='lat' dir='ltr'><strong>mortalitatem;</strong></span> <span class='ocrx_word' id='word_1_136' title='bbox 2463 908 2528 948; x_wconf 90' lang='lat' dir='ltr'><strong>ac</strong></span> <span class='ocrx_word' id='word_1_137' title='bbox 2571 894 2773 950; x_wconf 88' lang='lat' dir='ltr'><strong>deinde</strong></span> <span class='ocrx_word' id='word_1_138' title='bbox 2837 899 3100 953; x_wconf 84' lang='lat' dir='ltr'><strong>mortales</strong></span> <span class='ocrx_word' id='word_1_139' title='bbox 3150 914 3253 953; x_wconf 88' lang='lat' dir='ltr'><strong>nos</strong></span> <span class='ocrx_word' id='word_1_140' title='bbox 3306 898 3562 958; x_wconf 85' lang='lat' dir='ltr'><strong>instituit.</strong></span> 
     </span>
    </p>
   </div>
   <div class='ocr_carea' id='block_1_22' title="bbox 1985 980 3565 1053">
    <p class='ocr_par' dir='ltr' id='par_1_22' title="bbox 1985 980 3565 1053">
     <span class='ocr_line' id='line_1_22' title="bbox 1985 980 3565 1053; baseline 0.005 -19"><span class='ocrx_word' id='word_1_141' title='bbox 1985 980 2149 1034; x_wconf 84' lang='lat' dir='ltr'><strong>simul</strong></span> <span class='ocrx_word' id='word_1_142' title='bbox 2188 982 2710 1050; x_wconf 87' lang='lat' dir='ltr'><strong>reprehensionibus</strong></span> <span class='ocrx_word' id='word_1_143' title='bbox 2737 987 2944 1043; x_wconf 85' lang='lat' dir='ltr'><strong>nostris</strong></span> <span class='ocrx_word' id='word_1_144' title='bbox 2977 1004 3302 1053; x_wconf 87' lang='lat' dir='ltr'><strong>occurrens,</strong></span> <span class='ocrx_word' id='word_1_145' title='bbox 3331 996 3384 1042; x_wconf 86' lang='lat' dir='ltr'><strong>et</strong></span> <span class='ocrx_word' id='word_1_146' title='bbox 3413 1004 3565 1042; x_wconf 86' lang='lat' dir='ltr'><strong>com-</strong></span> 
     </span>
    </p>
   </div>
   <div class='ocr_carea' id='block_1_23' title="bbox 1979 1073 3564 1144">
    <p class='ocr_par' dir='ltr' id='par_1_23' title="bbox 1979 1073 3564 1144">
     <span class='ocr_line' id='line_1_23' title="bbox 1979 1073 3564 1144; baseline 0.006 -19"><span class='ocrx_word' id='word_1_147' title='bbox 1979 1073 2159 1127; x_wconf 84' lang='lat' dir='ltr'><strong>modis</strong></span> <span class='ocrx_word' id='word_1_148' title='bbox 2187 1076 2394 1130; x_wconf 88' lang='lat' dir='ltr'><strong>nostris</strong></span> <span class='ocrx_word' id='word_1_149' title='bbox 2431 1077 2760 1133; x_wconf 84' lang='lat' dir='ltr'><strong>inserviens.</strong></span> <span class='ocrx_word' id='word_1_150' title='bbox 2792 1079 2947 1144; x_wconf 89' lang='lat' dir='ltr'><strong>Quod</strong></span> <span class='ocrx_word' id='word_1_151' title='bbox 2977 1081 3124 1136; x_wconf 88' lang='lat' dir='ltr'><strong>enim</strong></span> <span class='ocrx_word' id='word_1_152' title='bbox 3162 1081 3428 1135; x_wconf 85' lang='lat' dir='ltr'><strong>mortales</strong></span> <span class='ocrx_word' id='word_1_153' title='bbox 3463 1095 3564 1134; x_wconf 90' lang='lat' dir='ltr'><strong>nos</strong></span> 
     </span>
    </p>
   </div>
   <div class='ocr_carea' id='block_1_24' title="bbox 1977 1161 3564 1241">
    <p class='ocr_par' dir='ltr' id='par_1_24' title="bbox 1977 1161 3564 1241">
     <span class='ocr_line' id='line_1_24' title="bbox 1977 1161 3564 1241; baseline 0.004 -24"><span class='ocrx_word' id='word_1_154' title='bbox 1977 1161 2191 1219; x_wconf 71' lang='lat' dir='ltr'><strong>edicere</strong></span> <span class='ocrx_word' id='word_1_155' title='bbox 2228 1166 2564 1232; x_wconf 86' lang='lat' dir='ltr'><strong>decreverit,</strong></span> <span class='ocrx_word' id='word_1_156' title='bbox 2612 1171 2808 1239; x_wconf 89' lang='lat' dir='ltr'><strong>probat</strong></span> <span class='ocrx_word' id='word_1_157' title='bbox 2853 1172 2970 1241; x_wconf 86' lang='lat' dir='ltr'><strong>ipsa</strong></span> <span class='ocrx_word' id='word_1_158' title='bbox 3021 1174 3190 1228; x_wconf 90' lang='lat' dir='ltr'><strong>maris</strong></span> <span class='ocrx_word' id='word_1_159' title='bbox 3236 1181 3292 1226; x_wconf 88' lang='lat' dir='ltr'><strong>et</strong></span> <span class='ocrx_word' id='word_1_160' title='bbox 3349 1171 3564 1225; x_wconf 73' lang='lat' dir='ltr'><strong>femina:</strong></span> 
     </span>
    </p>
   </div>
   <div class='ocr_carea' id='block_1_25' title="bbox 1979 1253 3562 1330">
    <p class='ocr_par' dir='ltr' id='par_1_25' title="bbox 1979 1253 3562 1330">
     <span class='ocr_line' id='line_1_25' title="bbox 1979 1253 3562 1330; baseline 0.005 -22"><span class='ocrx_word' id='word_1_161' title='bbox 1979 1253 2304 1322; x_wconf 85' lang='lat' dir='ltr'><strong>distinctio,</strong></span> <span class='ocrx_word' id='word_1_162' title='bbox 2349 1275 2456 1330; x_wconf 87' lang='lat' dir='ltr'><strong>qua</strong></span> <span class='ocrx_word' id='word_1_163' title='bbox 2523 1261 2756 1317; x_wconf 87' lang='lat' dir='ltr'><strong>facultas</strong></span> <span class='ocrx_word' id='word_1_164' title='bbox 2822 1263 3026 1320; x_wconf 89' lang='lat' dir='ltr'><strong>liberos</strong></span> <span class='ocrx_word' id='word_1_165' title='bbox 3082 1264 3308 1319; x_wconf 86' lang='lat' dir='ltr'><strong>creandi</strong></span> <span class='ocrx_word' id='word_1_166' title='bbox 3356 1263 3442 1318; x_wconf 90' lang='lat' dir='ltr'><strong>vel</strong></span> <span class='ocrx_word' id='word_1_167' title='bbox 3493 1263 3562 1316; x_wconf 90' lang='lat' dir='ltr'><strong>ab</strong></span> 
     </span>
    </p>
   </div>
   <div class='ocr_carea' id='block_1_26' title="bbox 1981 1345 3559 1424">
    <p class='ocr_par' dir='ltr' id='par_1_26' title="bbox 1981 1345 3559 1424">
     <span class='ocr_line' id='line_1_26' title="bbox 1981 1345 3559 1424; baseline 0.004 -24"><span class='ocrx_word' id='word_1_168' title='bbox 1981 1345 2140 1402; x_wconf 85' lang='lat' dir='ltr'><strong>initio</strong></span> <span class='ocrx_word' id='word_1_169' title='bbox 2188 1349 2340 1404; x_wconf 84' lang='lat' dir='ltr'><strong>data.</strong></span> <span class='ocrx_word' id='word_1_170' title='bbox 2377 1349 2459 1405; x_wconf 76' lang='lat' dir='ltr'><strong>Ad</strong></span> <span class='ocrx_word' id='word_1_171' title='bbox 2493 1356 2782 1408; x_wconf 83' lang='lat' dir='ltr'><strong>mortalem</strong></span> <span class='ocrx_word' id='word_1_172' title='bbox 2830 1355 3001 1424; x_wconf 83' lang='lat' dir='ltr'><strong>igitur</strong></span> <span class='ocrx_word' id='word_1_173' title='bbox 3054 1357 3222 1410; x_wconf 91' lang='lat' dir='ltr'><strong>vitam</strong></span> <span class='ocrx_word' id='word_1_174' title='bbox 3267 1356 3559 1411; x_wconf 83' lang='lat' dir='ltr'><strong>constituti</strong></span> 
     </span>
    </p>
   </div>
   <div class='ocr_carea' id='block_1_27' title="bbox 1984 1435 3560 1511">
    <p class='ocr_par' dir='ltr' id='par_1_27' title="bbox 1984 1435 3560 1511">
     <span class='ocr_line' id='line_1_27' title="bbox 1984 1435 3560 1511; baseline 0.004 -21"><span class='ocrx_word' id='word_1_175' title='bbox 1984 1435 2200 1493; x_wconf 82' lang='lat' dir='ltr'><strong>fuerant</strong></span> <span class='ocrx_word' id='word_1_176' title='bbox 2227 1441 2514 1511; x_wconf 85' lang='lat' dir='ltr'><strong>homines;</strong></span> <span class='ocrx_word' id='word_1_177' title='bbox 2543 1445 2786 1498; x_wconf 84' lang='lat' dir='ltr'><strong>mandati</strong></span> <span class='ocrx_word' id='word_1_178' title='bbox 2818 1454 3002 1500; x_wconf 92' lang='lat' dir='ltr'><strong>autem</strong></span> <span class='ocrx_word' id='word_1_179' title='bbox 3027 1446 3108 1500; x_wconf 77' lang='lat' dir='ltr'><strong>lex</strong></span> <span class='ocrx_word' id='word_1_180' title='bbox 3135 1455 3188 1500; x_wconf 89' lang='lat' dir='ltr'><strong>et</strong></span> <span class='ocrx_word' id='word_1_181' title='bbox 3219 1448 3428 1502; x_wconf 82' lang='lat' dir='ltr'><strong>liberos</strong></span> <span class='ocrx_word' id='word_1_182' title='bbox 3460 1459 3560 1499; x_wconf 89' lang='lat' dir='ltr'><strong>nos</strong></span> 
     </span>
    </p>
   </div>
   <div class='ocr_carea' id='block_1_28' title="bbox 307 1516 3558 1611">
    <p class='ocr_par' dir='ltr' id='par_1_28' title="bbox 307 1516 3558 1611">
     <span class='ocr_line' id='line_1_28' title="bbox 307 1516 3558 1611; baseline 0.006 -38"><span class='ocrx_word' id='word_1_183' title='bbox 307 1516 602 1584; x_wconf 88' lang='lat' dir='ltr'><strong>constituit,</strong></span> <span class='ocrx_word' id='word_1_184' title='bbox 635 1529 691 1576; x_wconf 91' lang='lat' dir='ltr'><strong>et</strong></span> <span class='ocrx_word' id='word_1_185' title='bbox 745 1524 1066 1580; x_wconf 65' lang='lat' dir='ltr'><strong>exercendae</strong></span> <span class='ocrx_word' id='word_1_186' title='bbox 1131 1528 1432 1585; x_wconf 82' lang='lat' dir='ltr'><strong>voluntatis</strong></span> <span class='ocrx_word' id='word_1_187' title='bbox 1489 1529 1840 1587; x_wconf 87' lang='lat' dir='ltr'><strong>occasionem</strong></span> <span class='ocrx_word' id='word_1_188' title='bbox 1898 1535 2175 1603; x_wconf 67' lang='lat' dir='ltr'><strong>praebuit,</strong></span> <span class='ocrx_word' id='word_1_189' title='bbox 2211 1547 2270 1596; x_wconf 88' lang='lat' dir='ltr'><strong>et</strong></span> <span class='ocrx_word' id='word_1_190' title='bbox 2318 1539 2621 1595; x_wconf 80' lang='lat' dir='ltr'><strong>declaravit</strong></span> <span class='ocrx_word' id='word_1_191' title='bbox 2695 1549 2966 1611; x_wconf 86' lang='lat' dir='ltr'><strong>quantum</strong></span> <span class='ocrx_word' id='word_1_192' title='bbox 3033 1543 3194 1598; x_wconf 91' lang='lat' dir='ltr'><strong>nobis</strong></span> <span class='ocrx_word' id='word_1_193' title='bbox 3265 1541 3558 1611; x_wconf 80' lang='lat' dir='ltr'><strong>prodesset</strong></span> 
     </span>
    </p>
   </div>
   <div class='ocr_carea' id='block_1_29' title="bbox 299 1612 631 1667">
    <p class='ocr_par' dir='ltr' id='par_1_29' title="bbox 299 1612 631 1667">
     <span class='ocr_line' id='line_1_29' title="bbox 299 1612 631 1667; baseline 0.018 -6"><span class='ocrx_word' id='word_1_194' title='bbox 299 1612 631 1667; x_wconf 82' lang='lat' dir='ltr'><strong>mortalitas.</strong></span> 
     </span>
    </p>
   </div>
   <div class='ocr_carea' id='block_1_30' title="bbox 367 1705 1870 1788">
    <p class='ocr_par' dir='ltr' id='par_1_30' title="bbox 367 1705 1870 1788">
     <span class='ocr_line' id='line_1_30' title="bbox 367 1705 1870 1788; baseline 0.009 -30"><span class='ocrx_word' id='word_1_195' title='bbox 367 1705 514 1776; x_wconf 79' lang='grc' dir='ltr'>Στίχ.</span> <span class='ocrx_word' id='word_1_196' title='bbox 548 1707 656 1777; x_wconf 79' lang='grc' dir='ltr'>κβ⁹.</span> <span class='ocrx_word' id='word_1_197' title='bbox 691 1739 762 1748; x_wconf 95' lang='grc'><strong><em>-</em></strong></span> <span class='ocrx_word' id='word_1_198' title='bbox 801 1708 1073 1782; x_wconf 81' lang='grc' dir='ltr'>Ἐζητεϊτε</span> <span class='ocrx_word' id='word_1_199' title='bbox 1101 1714 1157 1768; x_wconf 92' lang='grc' dir='ltr'><strong>τί</strong></span> <span class='ocrx_word' id='word_1_200' title='bbox 1187 1716 1304 1769; x_wconf 84' lang='grc' dir='ltr'>ἐστι</span> <span class='ocrx_word' id='word_1_201' title='bbox 1320 1716 1578 1785; x_wconf 82' lang='grc' dir='ltr'>χιτῶνας</span> <span class='ocrx_word' id='word_1_202' title='bbox 1597 1716 1870 1788; x_wconf 79' lang='grc' dir='ltr'>δερματί-</span> 
     </span>
    </p>
   </div>
   <div class='ocr_carea' id='block_1_31' title="bbox 299 1789 1958 1882">
    <p class='ocr_par' dir='ltr' id='par_1_31' title="bbox 299 1789 1958 1882">
     <span class='ocr_line' id='line_1_31' title="bbox 299 1789 1958 1882; baseline 0.01 -30"><span class='ocrx_word' id='word_1_203' title='bbox 299 1815 465 1866; x_wconf 78' lang='grc' dir='ltr'>νους.</span> <span class='ocrx_word' id='word_1_204' title='bbox 515 1800 658 1853; x_wconf 82' lang='grc' dir='ltr'>Ἀλλ’</span> <span class='ocrx_word' id='word_1_205' title='bbox 687 1803 736 1855; x_wconf 82' lang='grc' dir='ltr'><strong>εί</strong></span> <span class='ocrx_word' id='word_1_206' title='bbox 765 1803 862 1873; x_wconf 83' lang='grc' dir='ltr'>μὲν</span> <span class='ocrx_word' id='word_1_207' title='bbox 890 1804 1043 1869; x_wconf 80' lang='grc' dir='ltr'>ζώων</span> <span class='ocrx_word' id='word_1_208' title='bbox 1077 1810 1413 1877; x_wconf 77' lang='grc' dir='ltr'>σφαγέντων,</span> <span class='ocrx_word' id='word_1_209' title='bbox 1446 1809 1506 1876; x_wconf 77' lang='grc' dir='ltr'>ἐξ</span> <span class='ocrx_word' id='word_1_210' title='bbox 1549 1813 1729 1866; x_wconf 79' lang='grc' dir='ltr'>αὐτῶν</span> <span class='ocrx_word' id='word_1_211' title='bbox 1753 1813 1874 1882; x_wconf 87' lang='grc' dir='ltr'>ἐγέ-</span> <span class='ocrx_word' id='word_1_212' title='bbox 1914 1789 1958 1845; x_wconf 74' lang='grc' dir='ltr'><strong>Β</strong></span> 
     </span>
    </p>
   </div>
   <div class='ocr_carea' id='block_1_32' title="bbox 298 1894 1875 1976">
    <p class='ocr_par' dir='ltr' id='par_1_32' title="bbox 298 1894 1875 1976">
     <span class='ocr_line' id='line_1_32' title="bbox 298 1894 1875 1976; baseline 0.012 -34"><span class='ocrx_word' id='word_1_213' title='bbox 298 1907 447 1945; x_wconf 84' lang='grc' dir='ltr'>νοντο</span> <span class='ocrx_word' id='word_1_214' title='bbox 475 1894 543 1946; x_wconf 84' lang='grc' dir='ltr'><strong>τὰ</strong></span> <span class='ocrx_word' id='word_1_215' title='bbox 565 1895 854 1964; x_wconf 88' lang='grc' dir='ltr'>ἐνδύματα,</span> <span class='ocrx_word' id='word_1_216' title='bbox 882 1897 1101 1971; x_wconf 72' lang='grc' dir='ltr'>εὔδηλον</span> <span class='ocrx_word' id='word_1_217' title='bbox 1128 1902 1208 1955; x_wconf 83' lang='grc' dir='ltr'>ὅτι</span> <span class='ocrx_word' id='word_1_218' title='bbox 1243 1904 1465 1958; x_wconf 80' lang='grc' dir='ltr'><strong>ἐπέλιπε</strong></span> <span class='ocrx_word' id='word_1_219' title='bbox 1492 1906 1553 1959; x_wconf 80' lang='grc' dir='ltr'>τὸ</span> <span class='ocrx_word' id='word_1_220' title='bbox 1583 1908 1739 1976; x_wconf 88' lang='grc' dir='ltr'>γένος</span> <span class='ocrx_word' id='word_1_221' title='bbox 1765 1907 1875 1961; x_wconf 87' lang='grc' dir='ltr'><strong>τῶν</strong></span> 
     </span>
    </p>
   </div>
   <div class='ocr_carea' id='block_1_33' title="bbox 301 1986 1874 2072">
    <p class='ocr_par' dir='ltr' id='par_1_33' title="bbox 301 1986 1874 2072">
     <span class='ocr_line' id='line_1_33' title="bbox 301 1986 1874 2072; baseline 0.011 -35"><span class='ocrx_word' id='word_1_222' title='bbox 301 1986 637 2054; x_wconf 79' lang='grc' dir='ltr'>σφαγέντων.</span> <span class='ocrx_word' id='word_1_223' title='bbox 677 1990 836 2060; x_wconf 76' lang='grc' dir='ltr'>’Δρτι</span> <span class='ocrx_word' id='word_1_224' title='bbox 884 1993 981 2062; x_wconf 84' lang='grc' dir='ltr'>μὲν</span> <span class='ocrx_word' id='word_1_225' title='bbox 1023 1994 1115 2047; x_wconf 80' lang='grc' dir='ltr'>τοῦ</span> <span class='ocrx_word' id='word_1_226' title='bbox 1157 1995 1290 2049; x_wconf 84' lang='grc' dir='ltr'>Θεοῦ</span> <span class='ocrx_word' id='word_1_227' title='bbox 1315 1997 1486 2069; x_wconf 54' lang='lat' dir='ltr'><strong>sese»;</strong></span> <span class='ocrx_word' id='word_1_228' title='bbox 1512 2017 1570 2052; x_wconf 84' lang='grc' dir='ltr'><strong>τε</strong></span> <span class='ocrx_word' id='word_1_229' title='bbox 1602 2001 1694 2054; x_wconf 68' lang='grc' dir='ltr'><strong>καὶ</strong></span> <span class='ocrx_word' id='word_1_230' title='bbox 1742 2000 1874 2072; x_wconf 82' lang='grc' dir='ltr'>θῆλυ</span> 
     </span>
    </p>
   </div>
   <div class='ocr_carea' id='block_1_34' title="bbox 297 2081 1876 2163">
    <p class='ocr_par' dir='ltr' id='par_1_34' title="bbox 297 2081 1876 2163">
     <span class='ocr_line' id='line_1_34' title="bbox 297 2081 1876 2163; baseline 0.011 -33"><span class='ocrx_word' id='word_1_231' title='bbox 297 2081 677 2151; x_wconf 83' lang='grc' dir='ltr'>πεποιηκότος,</span> <span class='ocrx_word' id='word_1_232' title='bbox 717 2082 868 2138; x_wconf 73' lang='grc' dir='ltr'>οὔπω</span> <span class='ocrx_word' id='word_1_233' title='bbox 895 2086 953 2139; x_wconf 72' lang='grc' dir='ltr'>δὲ</span> <span class='ocrx_word' id='word_1_234' title='bbox 985 2087 1198 2152; x_wconf 80' lang='grc' dir='ltr'>οὐδενὸς</span> <span class='ocrx_word' id='word_1_235' title='bbox 1225 2093 1583 2161; x_wconf 83' lang='grc' dir='ltr'>τεταγμένου,</span> <span class='ocrx_word' id='word_1_236' title='bbox 1634 2093 1768 2160; x_wconf 83' lang='grc' dir='ltr'>πρὸς</span> <span class='ocrx_word' id='word_1_237' title='bbox 1798 2094 1876 2163; x_wconf 83' lang='grc' dir='ltr'><strong>τῷ</strong></span> 
     </span>
    </p>
   </div>
   <div class='ocr_carea' id='block_1_35' title="bbox 297 2173 1876 2253">
    <p class='ocr_par' dir='ltr' id='par_1_35' title="bbox 297 2173 1876 2253">
     <span class='ocr_line' id='line_1_35' title="bbox 297 2173 1876 2253; baseline 0.011 -29"><span class='ocrx_word' id='word_1_238' title='bbox 297 2173 516 2226; x_wconf 80' lang='grc' dir='ltr'>κάκεῖνο</span> <span class='ocrx_word' id='word_1_239' title='bbox 551 2175 626 2248; x_wconf 80' lang='grc' dir='ltr'>μὴ</span> <span class='ocrx_word' id='word_1_240' title='bbox 659 2177 968 2248; x_wconf 77' lang='grc' dir='ltr'>ἐνδέχεσθαι</span> <span class='ocrx_word' id='word_1_241' title='bbox 996 2181 1252 2249; x_wconf 77' lang='grc' dir='ltr'>νομίζειν,</span> <span class='ocrx_word' id='word_1_242' title='bbox 1293 2184 1376 2236; x_wconf 84' lang='grc' dir='ltr'>ὅτι</span> <span class='ocrx_word' id='word_1_243' title='bbox 1405 2184 1518 2248; x_wconf 76' lang='grc' dir='ltr'><strong>ζῶα</strong></span> <span class='ocrx_word' id='word_1_244' title='bbox 1548 2186 1876 2253; x_wconf 83' lang='grc' dir='ltr'>σφάττεσθαι</span> 
     </span>
    </p>
   </div>
   <div class='ocr_carea' id='block_1_36' title="bbox 297 2266 1876 2348">
    <p class='ocr_par' dir='ltr' id='par_1_36' title="bbox 297 2266 1876 2348">
     <span class='ocr_line' id='line_1_36' title="bbox 297 2266 1876 2348; baseline 0.009 -31"><span class='ocrx_word' id='word_1_245' title='bbox 297 2266 588 2321; x_wconf 75' lang='grc' dir='ltr'>ἐκέλευσεν</span> <span class='ocrx_word' id='word_1_246' title='bbox 628 2270 658 2321; x_wconf 83' lang='grc' dir='ltr'>ὀ</span> <span class='ocrx_word' id='word_1_247' title='bbox 700 2268 851 2332; x_wconf 84' lang='grc' dir='ltr'>Θεὸς,</span> <span class='ocrx_word' id='word_1_248' title='bbox 899 2271 989 2324; x_wconf 83' lang='grc' dir='ltr'>ὅτε</span> <span class='ocrx_word' id='word_1_249' title='bbox 1040 2275 1204 2343; x_wconf 84' lang='grc' dir='ltr'>μήπω</span> <span class='ocrx_word' id='word_1_250' title='bbox 1250 2277 1556 2345; x_wconf 74' lang='grc' dir='ltr'>κρεοφαγίαι</span> <span class='ocrx_word' id='word_1_251' title='bbox 1595 2274 1664 2348; x_wconf 80' lang='grc' dir='ltr'>ἦν</span> <span class='ocrx_word' id='word_1_252' title='bbox 1693 2282 1876 2332; x_wconf 71' lang='grc' dir='ltr'>ἐπιτε-</span> 
     </span>
    </p>
   </div>
   <div class='ocr_carea' id='block_1_37' title="bbox 298 2358 1877 2442">
    <p class='ocr_par' dir='ltr' id='par_1_37' title="bbox 298 2358 1877 2442">
     <span class='ocr_line' id='line_1_37' title="bbox 298 2358 1877 2442; baseline 0.011 -34"><span class='ocrx_word' id='word_1_253' title='bbox 298 2358 592 2429; x_wconf 84' lang='grc' dir='ltr'>τραμμένη</span> <span class='ocrx_word' id='word_1_254' title='bbox 622 2362 735 2423; x_wconf 85' lang='grc' dir='ltr'>τοῖς</span> <span class='ocrx_word' id='word_1_255' title='bbox 764 2361 1074 2434; x_wconf 83' lang='grc' dir='ltr'>ἀνθρώποις</span> <span class='ocrx_word' id='word_1_256' title='bbox 1100 2379 1114 2394; x_wconf 79' lang='grc'><strong><em>⁸</em></strong></span> <span class='ocrx_word' id='word_1_257' title='bbox 1159 2367 1286 2430; x_wconf 78' lang='grc' dir='ltr'>τοὺς</span> <span class='ocrx_word' id='word_1_258' title='bbox 1321 2368 1395 2439; x_wconf 85' lang='grc' dir='ltr'><strong>μὴ</strong></span> <span class='ocrx_word' id='word_1_259' title='bbox 1428 2368 1588 2431; x_wconf 74' lang='grc' dir='ltr'>ὄντας</span> <span class='ocrx_word' id='word_1_260' title='bbox 1619 2370 1676 2423; x_wconf 78' lang='grc' dir='ltr'><strong>δέ</strong></span> <span class='ocrx_word' id='word_1_261' title='bbox 1714 2371 1877 2442; x_wconf 82' lang='grc' dir='ltr'>χιτῶ-</span> 
     </span>
    </p>
   </div>
   <div class='ocr_carea' id='block_1_38' title="bbox 299 2451 1876 2532">
    <p class='ocr_par' dir='ltr' id='par_1_38' title="bbox 299 2451 1876 2532">
     <span class='ocr_line' id='line_1_38' title="bbox 299 2451 1876 2532; baseline 0.01 -30"><span class='ocrx_word' id='word_1_262' title='bbox 299 2468 396 2514; x_wconf 88' lang='grc' dir='ltr'><strong>νας</strong></span> <span class='ocrx_word' id='word_1_263' title='bbox 443 2451 527 2504; x_wconf 78' lang='grc' dir='ltr'><strong>ἐτι</strong></span> <span class='ocrx_word' id='word_1_264' title='bbox 561 2452 723 2505; x_wconf 80' lang='grc' dir='ltr'>πλέον</span> <span class='ocrx_word' id='word_1_265' title='bbox 760 2455 1000 2525; x_wconf 81' lang='grc' dir='ltr'>ἀπρεπὲς</span> <span class='ocrx_word' id='word_1_266' title='bbox 1045 2459 1306 2528; x_wconf 78' lang='grc' dir='ltr'>νομίζειν,</span> <span class='ocrx_word' id='word_1_267' title='bbox 1356 2463 1438 2514; x_wconf 83' lang='grc' dir='ltr'>ὃτι</span> <span class='ocrx_word' id='word_1_268' title='bbox 1482 2463 1804 2532; x_wconf 74' lang='grc' dir='ltr'>παρήγαγεν</span> <span class='ocrx_word' id='word_1_269' title='bbox 1847 2464 1876 2516; x_wconf 85' lang='grc' dir='ltr'><em>ὁ</em></span> 
     </span>
    </p>
   </div>
   <div class='ocr_carea' id='block_1_39' title="bbox 299 2540 1876 2628">
    <p class='ocr_par' dir='ltr' id='par_1_39' title="bbox 299 2540 1876 2628">
     <span class='ocr_line' id='line_1_39' title="bbox 299 2540 1876 2628; baseline 0.01 -34"><span class='ocrx_word' id='word_1_270' title='bbox 299 2540 464 2606; x_wconf 79' lang='grc' dir='ltr'>Θεὸς,</span> <span class='ocrx_word' id='word_1_271' title='bbox 508 2543 568 2606; x_wconf 74' lang='grc' dir='ltr'>ὃς</span> <span class='ocrx_word' id='word_1_272' title='bbox 595 2547 662 2614; x_wconf 76' lang='grc' dir='ltr'>τῇ</span> <span class='ocrx_word' id='word_1_273' title='bbox 704 2546 794 2599; x_wconf 79' lang='grc' dir='ltr'><strong>τοῦ</strong></span> <span class='ocrx_word' id='word_1_274' title='bbox 821 2547 1096 2619; x_wconf 85' lang='grc' dir='ltr'>ἀνθρώπου</span> <span class='ocrx_word' id='word_1_275' title='bbox 1131 2553 1348 2622; x_wconf 86' lang='grc' dir='ltr'>ποιήσει</span> <span class='ocrx_word' id='word_1_276' title='bbox 1377 2553 1472 2606; x_wconf 81' lang='grc' dir='ltr'>τοῦ</span> <span class='ocrx_word' id='word_1_277' title='bbox 1513 2558 1686 2607; x_wconf 84' lang='grc' dir='ltr'>ποιεῖν</span> <span class='ocrx_word' id='word_1_278' title='bbox 1715 2573 1768 2608; x_wconf 87' lang='grc' dir='ltr'><strong>τι</strong></span> <span class='ocrx_word' id='word_1_279' title='bbox 1802 2557 1876 2628; x_wconf 85' lang='grc' dir='ltr'>μὴ</span> 
     </span>
    </p>
   </div>
   <div class='ocr_carea' id='block_1_40' title="bbox 302 2633 1880 2717">
    <p class='ocr_par' dir='ltr' id='par_1_40' title="bbox 302 2633 1880 2717">
     <span class='ocr_line' id='line_1_40' title="bbox 302 2633 1880 2717; baseline 0.011 -33"><span class='ocrx_word' id='word_1_280' title='bbox 302 2633 368 2685; x_wconf 77' lang='grc' dir='ltr'>ὃν</span> <span class='ocrx_word' id='word_1_281' title='bbox 397 2634 781 2700; x_wconf 76' lang='grc' dir='ltr'>ἀπεπαύσατο,</span> <span class='ocrx_word' id='word_1_282' title='bbox 804 2637 876 2702; x_wconf 84' lang='grc' dir='ltr'>ὡς</span> <span class='ocrx_word' id='word_1_283' title='bbox 899 2640 952 2692; x_wconf 86' lang='grc' dir='ltr'><strong>ἐν</strong></span> <span class='ocrx_word' id='word_1_284' title='bbox 972 2641 1142 2713; x_wconf 83' lang='grc' dir='ltr'>τούτῳ</span> <span class='ocrx_word' id='word_1_285' title='bbox 1166 2643 1260 2696; x_wconf 84' lang='grc' dir='ltr'>τοῦ</span> <span class='ocrx_word' id='word_1_286' title='bbox 1287 2645 1492 2714; x_wconf 84' lang='grc' dir='ltr'>κόσμου</span> <span class='ocrx_word' id='word_1_287' title='bbox 1519 2645 1718 2710; x_wconf 85' lang='grc' dir='ltr'>παντὸς</span> <span class='ocrx_word' id='word_1_288' title='bbox 1748 2664 1810 2700; x_wconf 92' lang='grc' dir='ltr'><strong>συ</strong></span> <span class='ocrx_word' id='word_1_289' title='bbox 1820 2666 1880 2717; x_wconf 74' lang='grc' dir='ltr'><strong>μ⁸</strong></span> 
     </span>
    </p>
   </div>
   <div class='ocr_carea' id='block_1_41' title="bbox 309 2724 1878 2809">
    <p class='ocr_par' dir='ltr' id='par_1_41' title="bbox 309 2724 1878 2809">
     <span class='ocr_line' id='line_1_41' title="bbox 309 2724 1878 2809; baseline 0.011 -33"><span class='ocrx_word' id='word_1_290' title='bbox 309 2724 562 2795; x_wconf 85' lang='grc' dir='ltr'>περάνας</span> <span class='ocrx_word' id='word_1_291' title='bbox 590 2725 687 2797; x_wconf 74' lang='grc' dir='ltr'><strong>τὴν</strong></span> <span class='ocrx_word' id='word_1_292' title='bbox 719 2731 943 2799; x_wconf 84' lang='grc' dir='ltr'>ποίησιν.</span> <span class='ocrx_word' id='word_1_293' title='bbox 972 2731 1207 2803; x_wconf 73' lang='grc' dir='ltr'>Εὔδηλον</span> <span class='ocrx_word' id='word_1_294' title='bbox 1237 2731 1349 2798; x_wconf 82' lang='grc' dir='ltr'>οὖν,</span> <span class='ocrx_word' id='word_1_295' title='bbox 1379 2736 1455 2798; x_wconf 85' lang='grc' dir='ltr'><strong>ὡς</strong></span> <span class='ocrx_word' id='word_1_296' title='bbox 1485 2737 1592 2791; x_wconf 77' lang='grc' dir='ltr'>οὐδ’</span> <span class='ocrx_word' id='word_1_297' title='bbox 1622 2738 1686 2793; x_wconf 81' lang='grc' dir='ltr'>ἂν</span> <span class='ocrx_word' id='word_1_298' title='bbox 1718 2739 1878 2809; x_wconf 88' lang='grc' dir='ltr'>χιτῶ-</span> 
     </span>
    </p>
   </div>
   <div class='ocr_carea' id='block_1_42' title="bbox 313 2816 1878 2900">
    <p class='ocr_par' dir='ltr' id='par_1_42' title="bbox 313 2816 1878 2900">
     <span class='ocr_line' id='line_1_42' title="bbox 313 2816 1878 2900; baseline 0.01 -30"><span class='ocrx_word' id='word_1_299' title='bbox 313 2833 415 2880; x_wconf 89' lang='grc' dir='ltr'><strong>νας</strong></span> <span class='ocrx_word' id='word_1_300' title='bbox 440 2816 786 2887; x_wconf 82' lang='grc' dir='ltr'>δερματίνους</span> <span class='ocrx_word' id='word_1_301' title='bbox 822 2823 883 2875; x_wconf 83' lang='grc' dir='ltr'><strong>ἐκ</strong></span> <span class='ocrx_word' id='word_1_302' title='bbox 908 2823 1000 2877; x_wconf 76' lang='grc' dir='ltr'>τοῦ</span> <span class='ocrx_word' id='word_1_303' title='bbox 1038 2825 1110 2896; x_wconf 80' lang='grc' dir='ltr'>μὴ</span> <span class='ocrx_word' id='word_1_304' title='bbox 1139 2826 1289 2890; x_wconf 75' lang='grc' dir='ltr'>ὄντος</span> <span class='ocrx_word' id='word_1_305' title='bbox 1327 2831 1666 2900; x_wconf 83' lang='grc' dir='ltr'>παρήγαγεν.</span> <span class='ocrx_word' id='word_1_306' title='bbox 1719 2831 1878 2885; x_wconf 79' lang='grc' dir='ltr'>Ἀλλὰ</span> 
     </span>
    </p>
   </div>
   <div class='ocr_carea' id='block_1_43' title="bbox 311 2907 1874 2992">
    <p class='ocr_par' dir='ltr' id='par_1_43' title="bbox 311 2907 1874 2992">
     <span class='ocr_line' id='line_1_43' title="bbox 311 2907 1874 2992; baseline 0.011 -32"><span class='ocrx_word' id='word_1_307' title='bbox 311 2907 422 2978; x_wconf 77' lang='grc' dir='ltr'><strong>γάρ</strong></span> <span class='ocrx_word' id='word_1_308' title='bbox 465 2909 747 2982; x_wconf 70' lang='grc' dir='ltr'>ἠγνόησαν,</span> <span class='ocrx_word' id='word_1_309' title='bbox 770 2913 844 2978; x_wconf 85' lang='grc' dir='ltr'>ὡς</span> <span class='ocrx_word' id='word_1_310' title='bbox 883 2915 1077 2979; x_wconf 71' lang='grc' dir='ltr'>ἔοικεν,</span> <span class='ocrx_word' id='word_1_311' title='bbox 1106 2919 1155 2970; x_wconf 81' lang='grc' dir='ltr'><strong>οί</strong></span> <span class='ocrx_word' id='word_1_312' title='bbox 1182 2921 1307 2990; x_wconf 74' lang='grc' dir='ltr'>περὶ</span> <span class='ocrx_word' id='word_1_313' title='bbox 1336 2919 1538 2975; x_wconf 90' lang='grc' dir='ltr'>τούτων</span> <span class='ocrx_word' id='word_1_314' title='bbox 1568 2924 1874 2992; x_wconf 79' lang='grc' dir='ltr'>ζητοῦντες,</span> 
     </span>
    </p>
   </div>
   <div class='ocr_carea' id='block_1_44' title="bbox 300 2999 1878 3087">
    <p class='ocr_par' dir='ltr' id='par_1_44' title="bbox 300 2999 1878 3087">
     <span class='ocr_line' id='line_1_44' title="bbox 300 2999 1878 3087; baseline 0.011 -35"><span class='ocrx_word' id='word_1_315' title='bbox 300 3001 383 3052; x_wconf 81' lang='grc' dir='ltr'>ὅτι</span> <span class='ocrx_word' id='word_1_316' title='bbox 429 2999 672 3074; x_wconf 83' lang='grc' dir='ltr'>δέρματα</span> <span class='ocrx_word' id='word_1_317' title='bbox 709 3005 769 3058; x_wconf 86' lang='grc' dir='ltr'><strong>ού</strong></span> <span class='ocrx_word' id='word_1_318' title='bbox 807 3005 969 3077; x_wconf 76' lang='grc' dir='ltr'>μόνον</span> <span class='ocrx_word' id='word_1_319' title='bbox 997 3009 1065 3063; x_wconf 82' lang='grc' dir='ltr'><strong>τά</strong></span> <span class='ocrx_word' id='word_1_320' title='bbox 1094 3009 1156 3064; x_wconf 80' lang='grc' dir='ltr'><strong>ἐκ</strong></span> <span class='ocrx_word' id='word_1_321' title='bbox 1184 3011 1291 3064; x_wconf 85' lang='grc' dir='ltr'><strong>τῶν</strong></span> <span class='ocrx_word' id='word_1_322' title='bbox 1322 3012 1474 3075; x_wconf 83' lang='grc' dir='ltr'>ζώων</span> <span class='ocrx_word' id='word_1_323' title='bbox 1503 3015 1878 3087; x_wconf 80' lang='grc' dir='ltr'>ἀφαιρούμενα</span> 
     </span>
    </p>
   </div>
   <div class='ocr_carea' id='block_1_45' title="bbox 296 3092 1948 3208">
    <p class='ocr_par' dir='ltr' id='par_1_45' title="bbox 296 3092 1948 3208">
     <span class='ocr_line' id='line_1_45' title="bbox 296 3092 1948 3208; baseline 0.012 -62"><span class='ocrx_word' id='word_1_324' title='bbox 296 3092 538 3208; x_wconf 57' lang='grc' dir='ltr'>λέγεται,</span> <span class='ocrx_word' id='word_1_325' title='bbox 572 3096 707 3208; x_wconf 41' lang='grc' dir='ltr'>ἀλλῃά</span> <span class='ocrx_word' id='word_1_326' title='bbox 739 3100 834 3153; x_wconf 71' lang='grc' dir='ltr'>καὶ</span> <span class='ocrx_word' id='word_1_327' title='bbox 867 3101 936 3154; x_wconf 81' lang='grc' dir='ltr'>τὰ</span> <span class='ocrx_word' id='word_1_328' title='bbox 965 3103 1026 3155; x_wconf 83' lang='grc' dir='ltr'><strong>ἐκ</strong></span> <span class='ocrx_word' id='word_1_329' title='bbox 1054 3102 1160 3155; x_wconf 83' lang='grc' dir='ltr'>τῶν</span> <span class='ocrx_word' id='word_1_330' title='bbox 1193 3104 1444 3175; x_wconf 80' lang='grc' dir='ltr'>δένδρων,</span> <span class='ocrx_word' id='word_1_331' title='bbox 1476 3107 1512 3161; x_wconf 81' lang='grc' dir='ltr'>ἃ</span> <span class='ocrx_word' id='word_1_332' title='bbox 1541 3109 1635 3162; x_wconf 72' lang='grc' dir='ltr'>καὶ</span> <span class='ocrx_word' id='word_1_333' title='bbox 1662 3110 1879 3178; x_wconf 73' lang='grc' dir='ltr'>φλοιοὺς</span> <span class='ocrx_word' id='word_1_334' title='bbox 1906 3149 1948 3208; x_wconf 72' lang='lat' dir='ltr'><strong><em>C</em></strong></span> 
     </span>
    </p>
   </div>
   <div class='ocr_carea' id='block_1_46' title="bbox 299 3186 1876 3267">
    <p class='ocr_par' dir='ltr' id='par_1_46' title="bbox 299 3186 1876 3267">
     <span class='ocr_line' id='line_1_46' title="bbox 299 3186 1876 3267; baseline 0.01 -29"><span class='ocrx_word' id='word_1_335' title='bbox 299 3186 586 3255; x_wconf 77' lang='grc' dir='ltr'>ὀνομάζειν</span> <span class='ocrx_word' id='word_1_336' title='bbox 629 3187 749 3253; x_wconf 74' lang='grc' dir='ltr'>ἔθος</span> <span class='ocrx_word' id='word_1_337' title='bbox 794 3194 906 3256; x_wconf 78' lang='grc' dir='ltr'>τοῖς</span> <span class='ocrx_word' id='word_1_338' title='bbox 954 3193 1188 3257; x_wconf 85' lang='grc' dir='ltr'>πολλοῖς.</span> <span class='ocrx_word' id='word_1_339' title='bbox 1252 3196 1345 3249; x_wconf 84' lang='grc' dir='ltr'>Ἐκ</span> <span class='ocrx_word' id='word_1_340' title='bbox 1388 3197 1618 3267; x_wconf 83' lang='grc' dir='ltr'>δένδρων</span> <span class='ocrx_word' id='word_1_341' title='bbox 1664 3199 1876 3266; x_wconf 84' lang='grc' dir='ltr'>τοίνυν,</span> 
     </span>
    </p>
   </div>
   <div class='ocr_carea' id='block_1_47' title="bbox 301 3281 1880 3358">
    <p class='ocr_par' dir='ltr' id='par_1_47' title="bbox 301 3281 1880 3358">
     <span class='ocr_line' id='line_1_47' title="bbox 301 3281 1880 3358; baseline 0.008 -27"><span class='ocrx_word' id='word_1_342' title='bbox 301 3281 642 3350; x_wconf 74' lang='grc' dir='ltr'>ἐπιτηδείους</span> <span class='ocrx_word' id='word_1_343' title='bbox 707 3300 824 3348; x_wconf 86' lang='grc' dir='ltr'><strong>πως</strong></span> <span class='ocrx_word' id='word_1_344' title='bbox 892 3285 1108 3352; x_wconf 78' lang='grc' dir='ltr'>φλοιοὺς</span> <span class='ocrx_word' id='word_1_345' title='bbox 1151 3288 1382 3357; x_wconf 84' lang='grc' dir='ltr'>ἐχόντων</span> <span class='ocrx_word' id='word_1_346' title='bbox 1440 3290 1519 3352; x_wconf 86' lang='grc' dir='ltr'><strong>είς</strong></span> <span class='ocrx_word' id='word_1_347' title='bbox 1568 3289 1880 3358; x_wconf 80' lang='grc' dir='ltr'>ἐνδυμάτων</span> 
     </span>
    </p>
   </div>
   <div class='ocr_carea' id='block_1_48' title="bbox 302 3375 1880 3452">
    <p class='ocr_par' dir='ltr' id='par_1_48' title="bbox 302 3375 1880 3452">
     <span class='ocr_line' id='line_1_48' title="bbox 302 3375 1880 3452; baseline 0.004 -23"><span class='ocrx_word' id='word_1_348' title='bbox 302 3375 651 3446; x_wconf 81' lang='grc' dir='ltr'>κατασκευὴν</span> <span class='ocrx_word' id='word_1_349' title='bbox 678 3377 729 3429; x_wconf 80' lang='grc' dir='ltr'>οἱ</span> <span class='ocrx_word' id='word_1_350' title='bbox 771 3377 902 3448; x_wconf 75' lang='grc' dir='ltr'>περὶ</span> <span class='ocrx_word' id='word_1_351' title='bbox 941 3378 1032 3432; x_wconf 74' lang='grc' dir='ltr'><strong>τὸν</strong></span> <span class='ocrx_word' id='word_1_352' title='bbox 1079 3380 1248 3450; x_wconf 75' lang='grc' dir='ltr'>Ἀδὰμ</span> <span class='ocrx_word' id='word_1_353' title='bbox 1286 3375 1439 3452; x_wconf 85' lang='grc' dir='ltr'>ἦκον,</span> <span class='ocrx_word' id='word_1_354' title='bbox 1473 3381 1566 3435; x_wconf 75' lang='grc' dir='ltr'><strong>τοῦ</strong></span> <span class='ocrx_word' id='word_1_355' title='bbox 1595 3381 1730 3434; x_wconf 79' lang='grc' dir='ltr'>Θεοῦ</span> <span class='ocrx_word' id='word_1_356' title='bbox 1759 3385 1880 3436; x_wconf 86' lang='grc' dir='ltr'>κατ’</span> 
     </span>
    </p>
   </div>
   <div class='ocr_carea' id='block_1_49' title="bbox 303 3465 1878 3543">
    <p class='ocr_par' dir='ltr' id='par_1_49' title="bbox 303 3465 1878 3543">
     <span class='ocr_line' id='line_1_49' title="bbox 303 3465 1878 3543; baseline 0.006 -25"><span class='ocrx_word' id='word_1_357' title='bbox 303 3465 514 3520; x_wconf 78' lang='grc' dir='ltr'>ἔννοιαν</span> <span class='ocrx_word' id='word_1_358' title='bbox 557 3469 742 3531; x_wconf 76' lang='grc' dir='ltr'>αὐτοῖς</span> <span class='ocrx_word' id='word_1_359' title='bbox 773 3469 1128 3540; x_wconf 81' lang='grc' dir='ltr'>ὑποθεμένου,</span> <span class='ocrx_word' id='word_1_360' title='bbox 1169 3471 1286 3534; x_wconf 80' lang='grc' dir='ltr'>πῶς</span> <span class='ocrx_word' id='word_1_361' title='bbox 1316 3473 1419 3542; x_wconf 84' lang='grc' dir='ltr'><strong>χρὴ</strong></span> <span class='ocrx_word' id='word_1_362' title='bbox 1450 3472 1607 3526; x_wconf 84' lang='grc' dir='ltr'>τοῦτο</span> <span class='ocrx_word' id='word_1_363' title='bbox 1636 3474 1878 3543; x_wconf 76' lang='grc' dir='ltr'>ποιῆσαι.</span> 
     </span>
    </p>
   </div>
   <div class='ocr_carea' id='block_1_50' title="bbox 371 3558 1882 3634">
    <p class='ocr_par' dir='ltr' id='par_1_50' title="bbox 371 3558 1882 3634">
     <span class='ocr_line' id='line_1_50' title="bbox 371 3558 1882 3634; baseline 0.004 -22"><span class='ocrx_word' id='word_1_364' title='bbox 371 3558 524 3628; x_wconf 85' lang='grc' dir='ltr'>Στίχ.</span> <span class='ocrx_word' id='word_1_365' title='bbox 554 3558 652 3614; x_wconf 82' lang='grc' dir='ltr'>κδ’.</span> <span class='ocrx_word' id='word_1_366' title='bbox 686 3588 756 3600; x_wconf 76' lang='lat'><strong>-</strong></span> <span class='ocrx_word' id='word_1_367' title='bbox 783 3561 896 3614; x_wconf 77' lang='grc' dir='ltr'>Οὐκ</span> <span class='ocrx_word' id='word_1_368' title='bbox 926 3563 1190 3633; x_wconf 86' lang='grc' dir='ltr'>ἀοράτους</span> <span class='ocrx_word' id='word_1_369' title='bbox 1239 3563 1390 3626; x_wconf 73' lang='grc' dir='ltr'>τινὰς</span> <span class='ocrx_word' id='word_1_370' title='bbox 1435 3564 1692 3634; x_wconf 87' lang='grc' dir='ltr'>δυνάμεις</span> <span class='ocrx_word' id='word_1_371' title='bbox 1733 3566 1882 3633; x_wconf 80' lang='grc' dir='ltr'>λέγει</span> 
     </span>
    </p>
   </div>
   <div class='ocr_carea' id='block_1_51' title="bbox 303 3648 1881 3726">
    <p class='ocr_par' dir='ltr' id='par_1_51' title="bbox 303 3648 1881 3726">
     <span class='ocr_line' id='line_1_51' title="bbox 303 3648 1881 3726; baseline 0.006 -24"><span class='ocrx_word' id='word_1_372' title='bbox 303 3650 370 3703; x_wconf 79' lang='grc' dir='ltr'>τὰ</span> <span class='ocrx_word' id='word_1_373' title='bbox 401 3649 719 3722; x_wconf 64' lang='grc' dir='ltr'>Χερουϐὶμ,</span> <span class='ocrx_word' id='word_1_374' title='bbox 743 3648 818 3713; x_wconf 85' lang='grc' dir='ltr'>ὥς</span> <span class='ocrx_word' id='word_1_375' title='bbox 837 3667 977 3715; x_wconf 90' lang='grc' dir='ltr'>τινες</span> <span class='ocrx_word' id='word_1_376' title='bbox 1013 3651 1228 3707; x_wconf 74' lang='grc' dir='ltr'>οἴονταιο</span> <span class='ocrx_word' id='word_1_377' title='bbox 1271 3657 1392 3710; x_wconf 75' lang='grc' dir='ltr'>ἐπεὶ</span> <span class='ocrx_word' id='word_1_378' title='bbox 1441 3658 1573 3726; x_wconf 78' lang='grc' dir='ltr'>μηδὲ</span> <span class='ocrx_word' id='word_1_379' title='bbox 1615 3658 1881 3712; x_wconf 85' lang='grc' dir='ltr'>συνετέλει</span> 
     </span>
    </p>
   </div>
   <div class='ocr_carea' id='block_1_52' title="bbox 301 3741 1884 3820">
    <p class='ocr_par' dir='ltr' id='par_1_52' title="bbox 301 3741 1884 3820">
     <span class='ocr_line' id='line_1_52' title="bbox 301 3741 1884 3820; baseline 0.007 -27"><span class='ocrx_word' id='word_1_380' title='bbox 301 3757 357 3794; x_wconf 85' lang='grc' dir='ltr'><strong>τι</strong></span> <span class='ocrx_word' id='word_1_381' title='bbox 405 3741 639 3811; x_wconf 81' lang='grc' dir='ltr'>ἀόρατος</span> <span class='ocrx_word' id='word_1_382' title='bbox 685 3742 844 3812; x_wconf 84' lang='grc' dir='ltr'>φύσις</span> <span class='ocrx_word' id='word_1_383' title='bbox 891 3748 1024 3809; x_wconf 84' lang='grc' dir='ltr'>ἐκεῖ,</span> <span class='ocrx_word' id='word_1_384' title='bbox 1058 3747 1319 3818; x_wconf 76' lang='grc' dir='ltr'>αἰσθητῆς</span> <span class='ocrx_word' id='word_1_385' title='bbox 1348 3749 1522 3817; x_wconf 65' lang='grc' dir='ltr'>ὅψεως</span> <span class='ocrx_word' id='word_1_386' title='bbox 1566 3750 1884 3820; x_wconf 85' lang='grc' dir='ltr'>ὀφειλούσης</span> 
     </span>
    </p>
   </div>
   <div class='ocr_carea' id='block_1_53' title="bbox 303 3826 1884 3910">
    <p class='ocr_par' dir='ltr' id='par_1_53' title="bbox 303 3826 1884 3910">
     <span class='ocr_line' id='line_1_53' title="bbox 303 3826 1884 3910; baseline 0.008 -27"><span class='ocrx_word' id='word_1_387' title='bbox 303 3826 445 3885; x_wconf 78' lang='grc' dir='ltr'>εἶναι</span> <span class='ocrx_word' id='word_1_388' title='bbox 484 3832 588 3902; x_wconf 80' lang='grc' dir='ltr'>τῆς</span> <span class='ocrx_word' id='word_1_389' title='bbox 631 3834 724 3886; x_wconf 72' lang='grc' dir='ltr'><strong>τὸν</strong></span> <span class='ocrx_word' id='word_1_390' title='bbox 763 3835 934 3905; x_wconf 81' lang='grc' dir='ltr'>Ἀδὰμ</span> <span class='ocrx_word' id='word_1_391' title='bbox 973 3837 1351 3910; x_wconf 83' lang='grc' dir='ltr'>παιδευούσης.</span> <span class='ocrx_word' id='word_1_392' title='bbox 1401 3840 1538 3894; x_wconf 78' lang='grc' dir='ltr'>Οὔτε</span> <span class='ocrx_word' id='word_1_393' title='bbox 1569 3837 1662 3894; x_wconf 70' lang='grc' dir='ltr'>οὖν</span> <span class='ocrx_word' id='word_1_394' title='bbox 1689 3843 1722 3910; x_wconf 84' lang='grc' dir='ltr'><strong>ἡ</strong></span> <span class='ocrx_word' id='word_1_395' title='bbox 1755 3843 1884 3906; x_wconf 83' lang='grc' dir='ltr'>φλο-</span> 
     </span>
    </p>
   </div>
   <div class='ocr_carea' id='block_1_54' title="bbox 303 3923 1878 4003">
    <p class='ocr_par' dir='ltr' id='par_1_54' title="bbox 303 3923 1878 4003">
     <span class='ocr_line' id='line_1_54' title="bbox 303 3923 1878 4003; baseline 0.008 -29"><span class='ocrx_word' id='word_1_396' title='bbox 303 3923 430 3991; x_wconf 81' lang='grc' dir='ltr'>γίνη</span> <span class='ocrx_word' id='word_1_397' title='bbox 475 3925 722 3993; x_wconf 82' lang='grc' dir='ltr'>ῥομφαία</span> <span class='ocrx_word' id='word_1_398' title='bbox 765 3925 926 3993; x_wconf 82' lang='grc' dir='ltr'>φύσις</span> <span class='ocrx_word' id='word_1_399' title='bbox 953 3923 1020 3998; x_wconf 82' lang='grc' dir='ltr'>ἦν</span> <span class='ocrx_word' id='word_1_400' title='bbox 1053 3931 1223 4000; x_wconf 82' lang='grc' dir='ltr'>πυρὸς</span> <span class='ocrx_word' id='word_1_401' title='bbox 1243 3970 1257 3991; x_wconf 88' lang='grc'><strong>,</strong></span> <span class='ocrx_word' id='word_1_402' title='bbox 1309 3931 1425 3985; x_wconf 85' lang='grc' dir='ltr'>ἀλλ’</span> <span class='ocrx_word' id='word_1_403' title='bbox 1457 3931 1577 4000; x_wconf 76' lang='grc' dir='ltr'>ὄψις</span> <span class='ocrx_word' id='word_1_404' title='bbox 1619 3933 1838 4003; x_wconf 87' lang='grc' dir='ltr'>τοιαύτη</span> <span class='ocrx_word' id='word_1_405' title='bbox 1865 3951 1878 3964; x_wconf 88' lang='grc'><strong>·</strong></span> 
     </span>
    </p>
   </div>
   <div class='ocr_carea' id='block_1_55' title="bbox 304 4016 1886 4094">
    <p class='ocr_par' dir='ltr' id='par_1_55' title="bbox 304 4016 1886 4094">
     <span class='ocr_line' id='line_1_55' title="bbox 304 4016 1886 4094; baseline 0.006 -26"><span class='ocrx_word' id='word_1_406' title='bbox 304 4016 428 4069; x_wconf 72' lang='grc' dir='ltr'>οὐδὲ</span> <span class='ocrx_word' id='word_1_407' title='bbox 463 4016 531 4069; x_wconf 77' lang='grc' dir='ltr'>τὰ</span> <span class='ocrx_word' id='word_1_408' title='bbox 567 4018 846 4088; x_wconf 74' lang='grc' dir='ltr'>Χερουϐὶμ</span> <span class='ocrx_word' id='word_1_409' title='bbox 875 4018 1008 4084; x_wconf 81' lang='grc' dir='ltr'>ζῶα,</span> <span class='ocrx_word' id='word_1_410' title='bbox 1047 4023 1158 4075; x_wconf 84' lang='grc' dir='ltr'>ἀλλ’</span> <span class='ocrx_word' id='word_1_411' title='bbox 1185 4022 1307 4092; x_wconf 76' lang='grc' dir='ltr'>ὄψις</span> <span class='ocrx_word' id='word_1_412' title='bbox 1331 4025 1556 4094; x_wconf 83' lang='grc' dir='ltr'>τοιαύτη</span> <span class='ocrx_word' id='word_1_413' title='bbox 1581 4041 1595 4056; x_wconf 76' lang='grc'><strong><em>⁸</em></strong></span> <span class='ocrx_word' id='word_1_414' title='bbox 1642 4024 1762 4078; x_wconf 72' lang='grc' dir='ltr'>ἐπεὶ</span> <span class='ocrx_word' id='word_1_415' title='bbox 1791 4026 1886 4078; x_wconf 72' lang='grc' dir='ltr'>καὶ</span> 
     </span>
    </p>
   </div>
   <div class='ocr_carea' id='block_1_56' title="bbox 317 4106 1884 4188">
    <p class='ocr_par' dir='ltr' id='par_1_56' title="bbox 317 4106 1884 4188">
     <span class='ocr_line' id='line_1_56' title="bbox 317 4106 1884 4188; baseline 0.007 -29"><span class='ocrx_word' id='word_1_416' title='bbox 317 4106 581 4178; x_wconf 73' lang='grc' dir='ltr'>Ἰεζεκιὴλ</span> <span class='ocrx_word' id='word_1_417' title='bbox 624 4111 1062 4182; x_wconf 82' lang='grc' dir='ltr'>τετραπρόσωπα</span> <span class='ocrx_word' id='word_1_418' title='bbox 1107 4115 1174 4169; x_wconf 83' lang='grc' dir='ltr'><strong>τὰ</strong></span> <span class='ocrx_word' id='word_1_419' title='bbox 1213 4117 1489 4188; x_wconf 77' lang='grc' dir='ltr'>Χερουδὶμ</span> <span class='ocrx_word' id='word_1_420' title='bbox 1521 4118 1641 4186; x_wconf 74' lang='grc' dir='ltr'>δρᾷ.</span> <span class='ocrx_word' id='word_1_421' title='bbox 1678 4118 1884 4188; x_wconf 87' lang='grc' dir='ltr'>Τετρα-</span> 
     </span>
    </p>
   </div>
   <div class='ocr_carea' id='block_1_57' title="bbox 303 4200 1885 4280">
    <p class='ocr_par' dir='ltr' id='par_1_57' title="bbox 303 4200 1885 4280">
     <span class='ocr_line' id='line_1_57' title="bbox 303 4200 1885 4280; baseline 0.007 -30"><span class='ocrx_word' id='word_1_422' title='bbox 303 4200 582 4270; x_wconf 79' lang='grc' dir='ltr'>πρόσωπα</span> <span class='ocrx_word' id='word_1_423' title='bbox 609 4203 665 4256; x_wconf 83' lang='grc' dir='ltr'>δὲ</span> <span class='ocrx_word' id='word_1_424' title='bbox 689 4203 919 4275; x_wconf 80' lang='grc' dir='ltr'>ἀόρατος</span> <span class='ocrx_word' id='word_1_425' title='bbox 945 4205 1106 4272; x_wconf 85' lang='grc' dir='ltr'>φύσις</span> <span class='ocrx_word' id='word_1_426' title='bbox 1141 4209 1240 4260; x_wconf 87' lang='grc' dir='ltr'>οὐκ</span> <span class='ocrx_word' id='word_1_427' title='bbox 1271 4207 1416 4261; x_wconf 75' lang='grc' dir='ltr'>ἐστιν</span> <span class='ocrx_word' id='word_1_428' title='bbox 1436 4225 1450 4239; x_wconf 90' lang='grc'><strong>·</strong></span> <span class='ocrx_word' id='word_1_429' title='bbox 1505 4208 1640 4262; x_wconf 81' lang='grc' dir='ltr'><strong>ἀλλά</strong></span> <span class='ocrx_word' id='word_1_430' title='bbox 1680 4210 1885 4280; x_wconf 84' lang='grc' dir='ltr'>Χερου-</span> 
     </span>
    </p>
   </div>
   <div class='ocr_carea' id='block_1_58' title="bbox 302 4289 1887 4367">
    <p class='ocr_par' dir='ltr' id='par_1_58' title="bbox 302 4289 1887 4367">
     <span class='ocr_line' id='line_1_58' title="bbox 302 4289 1887 4367; baseline 0.008 -25"><span class='ocrx_word' id='word_1_431' title='bbox 302 4289 411 4359; x_wconf 69' lang='grc' dir='ltr'><strong>ϐὶμ</strong></span> <span class='ocrx_word' id='word_1_432' title='bbox 464 4291 621 4346; x_wconf 82' lang='grc' dir='ltr'>καλεῖ</span> <span class='ocrx_word' id='word_1_433' title='bbox 657 4297 766 4348; x_wconf 80' lang='grc' dir='ltr'>πᾶν</span> <span class='ocrx_word' id='word_1_434' title='bbox 811 4295 872 4349; x_wconf 82' lang='grc' dir='ltr'>τὸ</span> <span class='ocrx_word' id='word_1_435' title='bbox 908 4297 1130 4352; x_wconf 79' lang='grc' dir='ltr'>δυνατόν</span> <span class='ocrx_word' id='word_1_436' title='bbox 1161 4317 1176 4331; x_wconf 92' lang='grc'><strong>·</strong></span> <span class='ocrx_word' id='word_1_437' title='bbox 1222 4299 1365 4353; x_wconf 80' lang='grc' dir='ltr'>οὕτω</span> <span class='ocrx_word' id='word_1_438' title='bbox 1408 4299 1577 4367; x_wconf 88' lang='grc' dir='ltr'>λέγει,</span> <span class='ocrx_word' id='word_1_439' title='bbox 1634 4299 1699 4352; x_wconf 89' lang='lat'><strong>&#39;0</strong></span> <span class='ocrx_word' id='word_1_440' title='bbox 1744 4302 1887 4354; x_wconf 70' lang='grc' dir='ltr'>καθα</span> 
     </span>
    </p>
   </div>
   <div class='ocr_carea' id='block_1_59' title="bbox 300 4383 1886 4460">
    <p class='ocr_par' dir='ltr' id='par_1_59' title="bbox 300 4383 1886 4460">
     <span class='ocr_line' id='line_1_59' title="bbox 300 4383 1886 4460; baseline 0.004 -22"><span class='ocrx_word' id='word_1_441' title='bbox 300 4383 534 4452; x_wconf 68' lang='grc' dir='ltr'>ἥμενος</span> <span class='ocrx_word' id='word_1_442' title='bbox 559 4385 792 4440; x_wconf 74' lang='grc' dir='ltr'><strong>ἐπὶτῶν</strong></span> <span class='ocrx_word' id='word_1_443' title='bbox 809 4390 1116 4459; x_wconf 69' lang='grc' dir='ltr'>Χερουϐὶμ,</span> <span class='ocrx_word' id='word_1_444' title='bbox 1148 4392 1269 4445; x_wconf 76' lang='grc' dir='ltr'>ἀντὶ</span> <span class='ocrx_word' id='word_1_445' title='bbox 1292 4391 1407 4454; x_wconf 79' lang='grc' dir='ltr'>τοῦ,</span> <span class='ocrx_word' id='word_1_446' title='bbox 1434 4395 1463 4446; x_wconf 83' lang='grc' dir='ltr'><strong>δ</strong></span> <span class='ocrx_word' id='word_1_447' title='bbox 1489 4390 1710 4454; x_wconf 82' lang='grc' dir='ltr'>δυνατὸς</span> <span class='ocrx_word' id='word_1_448' title='bbox 1736 4391 1886 4460; x_wconf 82' lang='grc' dir='ltr'>βασι-</span> 
     </span>
    </p>
   </div>
   <div class='ocr_carea' id='block_1_60' title="bbox 2057 1719 3561 1796">
    <p class='ocr_par' dir='ltr' id='par_1_60' title="bbox 2057 1719 3561 1796">
     <span class='ocr_line' id='line_1_60' title="bbox 2057 1719 3561 1796; baseline 0.006 -24"><span class='ocrx_word' id='word_1_449' title='bbox 2057 1719 2222 1776; x_wconf 78' lang='lat' dir='ltr'><strong>Vsus.</strong></span> <span class='ocrx_word' id='word_1_450' title='bbox 2257 1721 2350 1776; x_wconf 76' lang='grc'><strong>22.</strong></span> <span class='ocrx_word' id='word_1_451' title='bbox 2382 1751 2450 1764; x_wconf 86' lang='lat'><strong>-—</strong></span> <span class='ocrx_word' id='word_1_452' title='bbox 2490 1722 2747 1795; x_wconf 82' lang='lat' dir='ltr'><strong>Bogastis</strong></span> <span class='ocrx_word' id='word_1_453' title='bbox 2789 1727 2920 1796; x_wconf 92' lang='lat' dir='ltr'><strong>quid</strong></span> <span class='ocrx_word' id='word_1_454' title='bbox 2963 1724 3070 1781; x_wconf 89' lang='lat' dir='ltr'><strong>sibi</strong></span> <span class='ocrx_word' id='word_1_455' title='bbox 3121 1723 3291 1781; x_wconf 87' lang='lat' dir='ltr'><strong>velint</strong></span> <span class='ocrx_word' id='word_1_456' title='bbox 3328 1725 3434 1781; x_wconf 72' lang='lat' dir='ltr'><strong>illa:</strong></span> <span class='ocrx_word' id='word_1_457' title='bbox 3475 1733 3561 1781; x_wconf 82' lang='lat' dir='ltr'><strong>tn-</strong></span> 
     </span>
    </p>
   </div>
   <div class='ocr_carea' id='block_1_61' title="bbox 1984 1810 3558 1883">
    <p class='ocr_par' dir='ltr' id='par_1_61' title="bbox 1984 1810 3558 1883">
     <span class='ocr_line' id='line_1_61' title="bbox 1984 1810 3558 1883; baseline 0.007 -20"><span class='ocrx_word' id='word_1_458' title='bbox 1984 1810 2122 1866; x_wconf 70' lang='lat' dir='ltr'><strong>nica:</strong></span> <span class='ocrx_word' id='word_1_459' title='bbox 2151 1813 2409 1883; x_wconf 64' lang='lat' dir='ltr'><strong>pellicem.</strong></span> <span class='ocrx_word' id='word_1_460' title='bbox 2457 1813 2615 1881; x_wconf 86' lang='lat' dir='ltr'><strong>Quod</strong></span> <span class='ocrx_word' id='word_1_461' title='bbox 2660 1817 2704 1872; x_wconf 89' lang='lat' dir='ltr'><strong>si</strong></span> <span class='ocrx_word' id='word_1_462' title='bbox 2752 1832 2818 1871; x_wconf 81' lang='lat' dir='ltr'><strong>ex</strong></span> <span class='ocrx_word' id='word_1_463' title='bbox 2867 1817 3165 1871; x_wconf 84' lang='lat' dir='ltr'><strong>immolatis</strong></span> <span class='ocrx_word' id='word_1_464' title='bbox 3224 1817 3558 1874; x_wconf 83' lang='lat' dir='ltr'><strong>animalibus</strong></span> 
     </span>
    </p>
   </div>
   <div class='ocr_carea' id='block_1_62' title="bbox 1977 1905 3554 1978">
    <p class='ocr_par' dir='ltr' id='par_1_62' title="bbox 1977 1905 3554 1978">
     <span class='ocr_line' id='line_1_62' title="bbox 1977 1905 3554 1978; baseline 0.006 -22"><span class='ocrx_word' id='word_1_465' title='bbox 1977 1912 2162 1958; x_wconf 79' lang='lat' dir='ltr'><strong>vestes</strong></span> <span class='ocrx_word' id='word_1_466' title='bbox 2214 1905 2610 1971; x_wconf 70' lang='lat' dir='ltr'><strong>conﬁciendae,</strong></span> <span class='ocrx_word' id='word_1_467' title='bbox 2669 1907 3023 1962; x_wconf 84' lang='lat' dir='ltr'><strong>manifestum</strong></span> <span class='ocrx_word' id='word_1_468' title='bbox 3079 1924 3255 1978; x_wconf 85' lang='lat' dir='ltr'><strong>genus</strong></span> <span class='ocrx_word' id='word_1_469' title='bbox 3319 1910 3554 1965; x_wconf 88' lang='lat' dir='ltr'><strong>istorum</strong></span> 
     </span>
    </p>
   </div>
   <div class='ocr_carea' id='block_1_63' title="bbox 1977 1997 3554 2070">
    <p class='ocr_par' dir='ltr' id='par_1_63' title="bbox 1977 1997 3554 2070">
     <span class='ocr_line' id='line_1_63' title="bbox 1977 1997 3554 2070; baseline 0.004 -23"><span class='ocrx_word' id='word_1_470' title='bbox 1977 1997 2300 2051; x_wconf 88' lang='lat' dir='ltr'><strong>animalium</strong></span> <span class='ocrx_word' id='word_1_471' title='bbox 2327 1999 2392 2052; x_wconf 90' lang='lat' dir='ltr'><strong>ad</strong></span> <span class='ocrx_word' id='word_1_472' title='bbox 2418 1999 2622 2053; x_wconf 80' lang='lat' dir='ltr'><strong>exitum</strong></span> <span class='ocrx_word' id='word_1_473' title='bbox 2655 2015 2776 2056; x_wconf 86' lang='lat' dir='ltr'><strong>esse</strong></span> <span class='ocrx_word' id='word_1_474' title='bbox 2801 1999 3146 2070; x_wconf 84' lang='lat' dir='ltr'><strong>perductum.</strong></span> <span class='ocrx_word' id='word_1_475' title='bbox 3194 1999 3340 2055; x_wconf 86' lang='lat' dir='ltr'><strong>Dens</strong></span> <span class='ocrx_word' id='word_1_476' title='bbox 3373 2010 3554 2056; x_wconf 90' lang='lat' dir='ltr'><strong>autem</strong></span> 
     </span>
    </p>
   </div>
   <div class='ocr_carea' id='block_1_64' title="bbox 1977 2090 3556 2157">
    <p class='ocr_par' dir='ltr' id='par_1_64' title="bbox 1977 2090 3556 2157">
     <span class='ocr_line' id='line_1_64' title="bbox 1977 2090 3556 2157; baseline 0.004 -17"><span class='ocrx_word' id='word_1_477' title='bbox 1977 2101 2152 2155; x_wconf 90' lang='lat' dir='ltr'><strong>nuper</strong></span> <span class='ocrx_word' id='word_1_478' title='bbox 2193 2103 2254 2142; x_wconf 83' lang='lat' dir='ltr'><strong>ea</strong></span> <span class='ocrx_word' id='word_1_479' title='bbox 2292 2090 2618 2145; x_wconf 85' lang='lat' dir='ltr'><strong>condiderat</strong></span> <span class='ocrx_word' id='word_1_480' title='bbox 2664 2093 2974 2145; x_wconf 85' lang='lat' dir='ltr'><strong>masculum</strong></span> <span class='ocrx_word' id='word_1_481' title='bbox 3013 2099 3067 2144; x_wconf 91' lang='lat' dir='ltr'><strong>et</strong></span> <span class='ocrx_word' id='word_1_482' title='bbox 3112 2090 3409 2157; x_wconf 82' lang='lat' dir='ltr'><strong>feminam,</strong></span> <span class='ocrx_word' id='word_1_483' title='bbox 3454 2107 3556 2146; x_wconf 90' lang='lat' dir='ltr'><strong>nec</strong></span> 
     </span>
    </p>
   </div>
   <div class='ocr_carea' id='block_1_65' title="bbox 1975 2181 3555 2252">
    <p class='ocr_par' dir='ltr' id='par_1_65' title="bbox 1975 2181 3555 2252">
     <span class='ocr_line' id='line_1_65' title="bbox 1975 2181 3555 2252; baseline 0.004 -21"><span class='ocrx_word' id='word_1_484' title='bbox 1975 2194 2217 2248; x_wconf 86' lang='lat' dir='ltr'><strong>unquam</strong></span> <span class='ocrx_word' id='word_1_485' title='bbox 2241 2181 2372 2248; x_wconf 91' lang='lat' dir='ltr'><strong>quid</strong></span> <span class='ocrx_word' id='word_1_486' title='bbox 2397 2188 2689 2242; x_wconf 81' lang='lat' dir='ltr'><strong>statuerat,</strong></span> <span class='ocrx_word' id='word_1_487' title='bbox 2717 2182 2864 2237; x_wconf 79' lang='lat' dir='ltr'><strong>unde</strong></span> <span class='ocrx_word' id='word_1_488' title='bbox 2888 2182 3218 2236; x_wconf 88' lang='lat' dir='ltr'><strong>concludere</strong></span> <span class='ocrx_word' id='word_1_489' title='bbox 3243 2184 3450 2252; x_wconf 91' lang='lat' dir='ltr'><strong>possim</strong></span> <span class='ocrx_word' id='word_1_490' title='bbox 3463 2199 3555 2246; x_wconf 88' lang='lat' dir='ltr'><strong>us.</strong></span> 
     </span>
    </p>
   </div>
   <div class='ocr_carea' id='block_1_66' title="bbox 1976 2271 3556 2341">
    <p class='ocr_par' dir='ltr' id='par_1_66' title="bbox 1976 2271 3556 2341">
     <span class='ocr_line' id='line_1_66' title="bbox 1976 2271 3556 2341; baseline 0.002 -16"><span class='ocrx_word' id='word_1_491' title='bbox 1976 2271 2124 2340; x_wconf 89' lang='lat' dir='ltr'><strong>quod</strong></span> <span class='ocrx_word' id='word_1_492' title='bbox 2157 2271 2416 2325; x_wconf 88' lang='lat' dir='ltr'><strong>animalia</strong></span> <span class='ocrx_word' id='word_1_493' title='bbox 2447 2273 2927 2341; x_wconf 86' lang='lat' dir='ltr'><strong>mactarijusserit</strong></span> <span class='ocrx_word' id='word_1_494' title='bbox 2951 2315 2965 2336; x_wconf 97' lang='lat'><strong>,</strong></span> <span class='ocrx_word' id='word_1_495' title='bbox 2999 2275 3127 2329; x_wconf 93' lang='lat' dir='ltr'><strong>dum</strong></span> <span class='ocrx_word' id='word_1_496' title='bbox 3162 2275 3401 2329; x_wconf 81' lang='lat' dir='ltr'><strong>nondum</strong></span> <span class='ocrx_word' id='word_1_497' title='bbox 3428 2289 3556 2328; x_wconf 87' lang='lat' dir='ltr'><strong>car-</strong></span> 
     </span>
    </p>
   </div>
   <div class='ocr_carea' id='block_1_67' title="bbox 1977 2362 3556 2421">
    <p class='ocr_par' dir='ltr' id='par_1_67' title="bbox 1977 2362 3556 2421">
     <span class='ocr_line' id='line_1_67' title="bbox 1977 2362 3556 2421; baseline 0.003 -5"><span class='ocrx_word' id='word_1_498' title='bbox 1977 2377 2100 2416; x_wconf 89' lang='lat' dir='ltr'><strong>nem</strong></span> <span class='ocrx_word' id='word_1_499' title='bbox 2124 2362 2288 2417; x_wconf 84' lang='lat' dir='ltr'><strong>edere</strong></span> <span class='ocrx_word' id='word_1_500' title='bbox 2311 2363 2625 2419; x_wconf 81' lang='lat' dir='ltr'><strong>hominibus</strong></span> <span class='ocrx_word' id='word_1_501' title='bbox 2651 2365 2865 2419; x_wconf 88' lang='lat' dir='ltr'><strong>liceret.</strong></span> <span class='ocrx_word' id='word_1_502' title='bbox 2893 2365 3204 2421; x_wconf 87' lang='lat' dir='ltr'><strong>Absurdius</strong></span> <span class='ocrx_word' id='word_1_503' title='bbox 3227 2370 3390 2420; x_wconf 70' lang='lat' dir='ltr'><strong>etiam</strong></span> <span class='ocrx_word' id='word_1_504' title='bbox 3413 2366 3556 2421; x_wconf 86' lang='lat' dir='ltr'><strong>foret</strong></span> 
     </span>
    </p>
   </div>
   <div class='ocr_carea' id='block_1_68' title="bbox 1977 2453 3553 2526">
    <p class='ocr_par' dir='ltr' id='par_1_68' title="bbox 1977 2453 3553 2526">
     <span class='ocr_line' id='line_1_68' title="bbox 1977 2453 3553 2526; baseline 0.003 -20"><span class='ocrx_word' id='word_1_505' title='bbox 1977 2455 2316 2508; x_wconf 84' lang='lat' dir='ltr'><strong>contendere</strong></span> <span class='ocrx_word' id='word_1_506' title='bbox 2363 2453 2533 2508; x_wconf 90' lang='lat' dir='ltr'><strong>Deum</strong></span> <span class='ocrx_word' id='word_1_507' title='bbox 2569 2453 2787 2510; x_wconf 83' lang='lat' dir='ltr'><strong>tunicas</strong></span> <span class='ocrx_word' id='word_1_508' title='bbox 2824 2471 2891 2510; x_wconf 81' lang='lat' dir='ltr'><strong>ex</strong></span> <span class='ocrx_word' id='word_1_509' title='bbox 2945 2457 3120 2511; x_wconf 81' lang='lat' dir='ltr'><strong>nihilo</strong></span> <span class='ocrx_word' id='word_1_510' title='bbox 3165 2457 3405 2523; x_wconf 85' lang='lat' dir='ltr'><strong>fecisse,</strong></span> <span class='ocrx_word' id='word_1_511' title='bbox 3459 2457 3553 2526; x_wconf 89' lang='lat' dir='ltr'><strong>qui</strong></span> 
     </span>
    </p>
   </div>
   <div class='ocr_carea' id='block_1_69' title="bbox 1979 2543 3556 2604">
    <p class='ocr_par' dir='ltr' id='par_1_69' title="bbox 1979 2543 3556 2604">
     <span class='ocr_line' id='line_1_69' title="bbox 1979 2543 3556 2604; baseline 0.003 -6"><span class='ocrx_word' id='word_1_512' title='bbox 1979 2543 2221 2600; x_wconf 86' lang='lat' dir='ltr'><strong>hominis</strong></span> <span class='ocrx_word' id='word_1_513' title='bbox 2252 2543 2572 2601; x_wconf 83' lang='lat' dir='ltr'><strong>conditione</strong></span> <span class='ocrx_word' id='word_1_514' title='bbox 2605 2548 2873 2602; x_wconf 90' lang='lat' dir='ltr'><strong>creationi</strong></span> <span class='ocrx_word' id='word_1_515' title='bbox 2905 2563 2969 2602; x_wconf 79' lang='lat' dir='ltr'><strong>ex</strong></span> <span class='ocrx_word' id='word_1_516' title='bbox 3014 2549 3188 2604; x_wconf 88' lang='lat' dir='ltr'><strong>nihilo</strong></span> <span class='ocrx_word' id='word_1_517' title='bbox 3237 2549 3396 2603; x_wconf 82' lang='lat' dir='ltr'><strong>linem</strong></span> <span class='ocrx_word' id='word_1_518' title='bbox 3449 2549 3556 2602; x_wconf 88' lang='lat' dir='ltr'><strong>im-</strong></span> 
     </span>
    </p>
   </div>
   <div class='ocr_carea' id='block_1_70' title="bbox 1977 2639 3556 2710">
    <p class='ocr_par' dir='ltr' id='par_1_70' title="bbox 1977 2639 3556 2710">
     <span class='ocr_line' id='line_1_70' title="bbox 1977 2639 3556 2710; baseline 0.001 -18"><span class='ocrx_word' id='word_1_519' title='bbox 1977 2639 2196 2708; x_wconf 90' lang='lat' dir='ltr'><strong>posuit,</strong></span> <span class='ocrx_word' id='word_1_520' title='bbox 2246 2645 2508 2709; x_wconf 90' lang='lat' dir='ltr'><strong>tanquam</strong></span> <span class='ocrx_word' id='word_1_521' title='bbox 2540 2639 2596 2693; x_wconf 91' lang='lat' dir='ltr'><strong>in</strong></span> <span class='ocrx_word' id='word_1_522' title='bbox 2643 2639 2737 2693; x_wconf 91' lang='lat' dir='ltr'><strong>illo</strong></span> <span class='ocrx_word' id='word_1_523' title='bbox 2770 2656 2950 2694; x_wconf 88' lang='lat' dir='ltr'><strong>rerum</strong></span> <span class='ocrx_word' id='word_1_524' title='bbox 2987 2642 3233 2696; x_wconf 89' lang='lat' dir='ltr'><strong>omnium</strong></span> <span class='ocrx_word' id='word_1_525' title='bbox 3263 2640 3556 2710; x_wconf 80' lang='lat' dir='ltr'><strong>perfectio-</strong></span> 
     </span>
    </p>
   </div>
   <div class='ocr_carea' id='block_1_71' title="bbox 1977 2731 3555 2802">
    <p class='ocr_par' dir='ltr' id='par_1_71' title="bbox 1977 2731 3555 2802">
     <span class='ocr_line' id='line_1_71' title="bbox 1977 2731 3555 2802; baseline 0.001 -18"><span class='ocrx_word' id='word_1_526' title='bbox 1977 2745 2102 2784; x_wconf 90' lang='lat' dir='ltr'><strong>nem</strong></span> <span class='ocrx_word' id='word_1_527' title='bbox 2156 2745 2552 2785; x_wconf 90' lang='lat' dir='ltr'><strong>consummans</strong></span> <span class='ocrx_word' id='word_1_528' title='bbox 2590 2749 2602 2783; x_wconf 93' lang='lat'>:</span> <span class='ocrx_word' id='word_1_529' title='bbox 2649 2732 2793 2786; x_wconf 89' lang='lat' dir='ltr'><strong>unde</strong></span> <span class='ocrx_word' id='word_1_530' title='bbox 2833 2731 2997 2785; x_wconf 88' lang='lat' dir='ltr'><strong>etiam</strong></span> <span class='ocrx_word' id='word_1_531' title='bbox 3043 2739 3307 2802; x_wconf 85' lang='lat' dir='ltr'><strong>apparet,</strong></span> <span class='ocrx_word' id='word_1_532' title='bbox 3339 2732 3555 2787; x_wconf 82' lang='lat' dir='ltr'><strong>tunicas</strong></span> 
     </span>
    </p>
   </div>
   <div class='ocr_carea' id='block_1_72' title="bbox 1977 2821 3556 2892">
    <p class='ocr_par' dir='ltr' id='par_1_72' title="bbox 1977 2821 3556 2892">
     <span class='ocr_line' id='line_1_72' title="bbox 1977 2821 3556 2892; baseline 0 -16"><span class='ocrx_word' id='word_1_533' title='bbox 1977 2821 2240 2892; x_wconf 85' lang='lat' dir='ltr'><strong>pelliccas</strong></span> <span class='ocrx_word' id='word_1_534' title='bbox 2287 2837 2396 2876; x_wconf 91' lang='lat' dir='ltr'><strong>non</strong></span> <span class='ocrx_word' id='word_1_535' title='bbox 2436 2839 2502 2879; x_wconf 87' lang='lat' dir='ltr'><strong>ex</strong></span> <span class='ocrx_word' id='word_1_536' title='bbox 2549 2823 2720 2878; x_wconf 89' lang='lat' dir='ltr'><strong>nihilo</strong></span> <span class='ocrx_word' id='word_1_537' title='bbox 2775 2822 2970 2879; x_wconf 88' lang='lat' dir='ltr'><strong>factas.</strong></span> <span class='ocrx_word' id='word_1_538' title='bbox 3026 2821 3144 2878; x_wconf 85' lang='lat' dir='ltr'><strong>Non</strong></span> <span class='ocrx_word' id='word_1_539' title='bbox 3199 2823 3556 2878; x_wconf 87' lang='lat' dir='ltr'><strong>attenderunt</strong></span> 
     </span>
    </p>
   </div>
   <div class='ocr_carea' id='block_1_73' title="bbox 1979 2913 3553 2984">
    <p class='ocr_par' dir='ltr' id='par_1_73' title="bbox 1979 2913 3553 2984">
     <span class='ocr_line' id='line_1_73' title="bbox 1979 2913 3553 2984; baseline 0.003 -19"><span class='ocrx_word' id='word_1_540' title='bbox 1979 2921 2191 2977; x_wconf 85' lang='lat' dir='ltr'><strong>autem,</strong></span> <span class='ocrx_word' id='word_1_541' title='bbox 2221 2922 2280 2966; x_wconf 89' lang='lat' dir='ltr'><strong>ut</strong></span> <span class='ocrx_word' id='word_1_542' title='bbox 2325 2914 2461 2967; x_wconf 86' lang='lat' dir='ltr'><strong>mihi</strong></span> <span class='ocrx_word' id='word_1_543' title='bbox 2490 2914 2708 2969; x_wconf 82' lang='lat' dir='ltr'><strong>videtur</strong></span> <span class='ocrx_word' id='word_1_544' title='bbox 2733 2953 2748 2978; x_wconf 93' lang='lat'><strong>,</strong></span> <span class='ocrx_word' id='word_1_545' title='bbox 2782 2914 2875 2984; x_wconf 89' lang='lat' dir='ltr'><strong>qui</strong></span> <span class='ocrx_word' id='word_1_546' title='bbox 2921 2913 3024 2968; x_wconf 90' lang='lat' dir='ltr'><strong>hac</strong></span> <span class='ocrx_word' id='word_1_547' title='bbox 3054 2913 3122 2968; x_wconf 91' lang='lat' dir='ltr'><strong>de</strong></span> <span class='ocrx_word' id='word_1_548' title='bbox 3157 2930 3215 2968; x_wconf 88' lang='lat' dir='ltr'><strong>re</strong></span> <span class='ocrx_word' id='word_1_549' title='bbox 3248 2914 3553 2983; x_wconf 89' lang='lat' dir='ltr'><strong>inquirunt.</strong></span> 
     </span>
    </p>
   </div>
   <div class='ocr_carea' id='block_1_74' title="bbox 1978 3004 3554 3077">
    <p class='ocr_par' dir='ltr' id='par_1_74' title="bbox 1978 3004 3554 3077">
     <span class='ocr_line' id='line_1_74' title="bbox 1978 3004 3554 3077; baseline 0.004 -23"><span class='ocrx_word' id='word_1_550' title='bbox 1978 3004 2150 3072; x_wconf 78' lang='lat' dir='ltr'><strong>pelles</strong></span> <span class='ocrx_word' id='word_1_551' title='bbox 2175 3005 2359 3058; x_wconf 86' lang='lat' dir='ltr'><strong>vocari</strong></span> <span class='ocrx_word' id='word_1_552' title='bbox 2402 3021 2511 3058; x_wconf 90' lang='lat' dir='ltr'><strong>non</strong></span> <span class='ocrx_word' id='word_1_553' title='bbox 2559 3005 2736 3061; x_wconf 87' lang='lat' dir='ltr'><strong>solum</strong></span> <span class='ocrx_word' id='word_1_554' title='bbox 2774 3020 2897 3077; x_wconf 63' lang='lat' dir='ltr'><strong>qua:</strong></span> <span class='ocrx_word' id='word_1_555' title='bbox 2939 3021 3006 3060; x_wconf 79' lang='lat' dir='ltr'><strong>ex</strong></span> <span class='ocrx_word' id='word_1_556' title='bbox 3048 3006 3405 3071; x_wconf 86' lang='lat' dir='ltr'><strong>animalibus,</strong></span> <span class='ocrx_word' id='word_1_557' title='bbox 3457 3007 3554 3062; x_wconf 84' lang='lat' dir='ltr'><strong>sed</strong></span> 
     </span>
    </p>
   </div>
   <div class='ocr_carea' id='block_1_75' title="bbox 1981 3097 3554 3169">
    <p class='ocr_par' dir='ltr' id='par_1_75' title="bbox 1981 3097 3554 3169">
     <span class='ocr_line' id='line_1_75' title="bbox 1981 3097 3554 3169; baseline 0.002 -19"><span class='ocrx_word' id='word_1_558' title='bbox 1981 3097 2144 3150; x_wconf 86' lang='lat' dir='ltr'><strong>etiam</strong></span> <span class='ocrx_word' id='word_1_559' title='bbox 2180 3113 2303 3166; x_wconf 66' lang='lat' dir='ltr'><strong>quae</strong></span> <span class='ocrx_word' id='word_1_560' title='bbox 2353 3113 2416 3154; x_wconf 83' lang='lat' dir='ltr'><strong>ex</strong></span> <span class='ocrx_word' id='word_1_561' title='bbox 2459 3099 2785 3164; x_wconf 77' lang='lat' dir='ltr'><strong>arboribus,</strong></span> <span class='ocrx_word' id='word_1_562' title='bbox 2841 3115 2962 3169; x_wconf 69' lang='lat' dir='ltr'><strong>quae</strong></span> <span class='ocrx_word' id='word_1_563' title='bbox 3003 3099 3245 3155; x_wconf 88' lang='lat' dir='ltr'><strong>cortices</strong></span> <span class='ocrx_word' id='word_1_564' title='bbox 3280 3099 3554 3153; x_wconf 87' lang='lat' dir='ltr'><strong>nominari</strong></span> 
     </span>
    </p>
   </div>
   <div class='ocr_carea' id='block_1_76' title="bbox 1982 3189 3556 3263">
    <p class='ocr_par' dir='ltr' id='par_1_76' title="bbox 1982 3189 3556 3263">
     <span class='ocr_line' id='line_1_76' title="bbox 1982 3189 3556 3263; baseline 0.003 -23"><span class='ocrx_word' id='word_1_565' title='bbox 1982 3189 2302 3258; x_wconf 88' lang='lat' dir='ltr'><strong>plerumque</strong></span> <span class='ocrx_word' id='word_1_566' title='bbox 2330 3191 2528 3245; x_wconf 91' lang='lat' dir='ltr'><strong>solent.</strong></span> <span class='ocrx_word' id='word_1_567' title='bbox 2563 3191 2647 3247; x_wconf 79' lang='lat' dir='ltr'><strong>Ab</strong></span> <span class='ocrx_word' id='word_1_568' title='bbox 2694 3192 2989 3248; x_wconf 88' lang='lat' dir='ltr'><strong>arboribus</strong></span> <span class='ocrx_word' id='word_1_569' title='bbox 3036 3193 3205 3262; x_wconf 78' lang='lat' dir='ltr'><strong>igitur</strong></span> <span class='ocrx_word' id='word_1_570' title='bbox 3245 3200 3556 3263; x_wconf 81' lang='lat' dir='ltr'><strong>opportune</strong></span> 
     </span>
    </p>
   </div>
   <div class='ocr_carea' id='block_1_77' title="bbox 1981 3281 3553 3354">
    <p class='ocr_par' dir='ltr' id='par_1_77' title="bbox 1981 3281 3553 3354">
     <span class='ocr_line' id='line_1_77' title="bbox 1981 3281 3553 3354; baseline 0.001 -20"><span class='ocrx_word' id='word_1_571' title='bbox 1981 3281 2187 3336; x_wconf 90' lang='lat' dir='ltr'><strong>cortice</strong></span> <span class='ocrx_word' id='word_1_572' title='bbox 2223 3281 2511 3337; x_wconf 88' lang='lat' dir='ltr'><strong>instructis</strong></span> <span class='ocrx_word' id='word_1_573' title='bbox 2534 3281 2840 3354; x_wconf 90' lang='lat' dir='ltr'><strong>desumpsit</strong></span> <span class='ocrx_word' id='word_1_574' title='bbox 2863 3284 3035 3338; x_wconf 79' lang='lat' dir='ltr'><strong>Adam</strong></span> <span class='ocrx_word' id='word_1_575' title='bbox 3068 3285 3396 3339; x_wconf 85' lang='lat' dir='ltr'><strong>vestimenta</strong></span> <span class='ocrx_word' id='word_1_576' title='bbox 3428 3298 3553 3345; x_wconf 88' lang='lat' dir='ltr'><strong>sua,</strong></span> 
     </span>
    </p>
   </div>
   <div class='ocr_carea' id='block_1_78' title="bbox 1981 3371 3356 3444">
    <p class='ocr_par' dir='ltr' id='par_1_78' title="bbox 1981 3371 3356 3444">
     <span class='ocr_line' id='line_1_78' title="bbox 1981 3371 3356 3444; baseline 0.001 -18"><span class='ocrx_word' id='word_1_577' title='bbox 1981 3371 2213 3427; x_wconf 88' lang='lat' dir='ltr'><strong>docente</strong></span> <span class='ocrx_word' id='word_1_578' title='bbox 2244 3371 2355 3428; x_wconf 89' lang='lat' dir='ltr'><strong>Deo</strong></span> <span class='ocrx_word' id='word_1_579' title='bbox 2380 3389 2487 3444; x_wconf 89' lang='lat' dir='ltr'><strong>qua</strong></span> <span class='ocrx_word' id='word_1_580' title='bbox 2525 3375 2736 3429; x_wconf 89' lang='lat' dir='ltr'><strong>ratione</strong></span> <span class='ocrx_word' id='word_1_581' title='bbox 2772 3376 2875 3430; x_wconf 92' lang='lat' dir='ltr'><strong>hoc</strong></span> <span class='ocrx_word' id='word_1_582' title='bbox 2907 3375 3219 3430; x_wconf 89' lang='lat' dir='ltr'><strong>faciendum</strong></span> <span class='ocrx_word' id='word_1_583' title='bbox 3263 3375 3356 3429; x_wconf 91' lang='lat' dir='ltr'><strong>sit.</strong></span> 
     </span>
    </p>
   </div>
   <div class='ocr_carea' id='block_1_79' title="bbox 2055 3551 3556 3624">
    <p class='ocr_par' dir='ltr' id='par_1_79' title="bbox 2055 3551 3556 3624">
     <span class='ocr_line' id='line_1_79' title="bbox 2055 3551 3556 3624; baseline 0.001 -17"><span class='ocrx_word' id='word_1_584' title='bbox 2055 3555 2220 3610; x_wconf 71' lang='lat' dir='ltr'><strong>Vens.</strong></span> <span class='ocrx_word' id='word_1_585' title='bbox 2254 3554 2349 3609; x_wconf 70' lang='grc'><strong>24.</strong></span> <span class='ocrx_word' id='word_1_586' title='bbox 2397 3587 2465 3596; x_wconf 71' lang='grc' dir='ltr'><strong>-ο</strong></span> <span class='ocrx_word' id='word_1_587' title='bbox 2507 3554 2629 3608; x_wconf 84' lang='grc' dir='ltr'><strong>Νοη</strong></span> <span class='ocrx_word' id='word_1_588' title='bbox 2688 3554 2988 3611; x_wconf 86' lang='lat' dir='ltr'><strong>invisibiles</strong></span> <span class='ocrx_word' id='word_1_589' title='bbox 3030 3553 3278 3624; x_wconf 58' lang='lat' dir='ltr'><strong>quaedam</strong></span> <span class='ocrx_word' id='word_1_590' title='bbox 3326 3551 3556 3608; x_wconf 86' lang='lat' dir='ltr'><strong>virtutes</strong></span> 
     </span>
    </p>
   </div>
   <div class='ocr_carea' id='block_1_80' title="bbox 1980 3641 3552 3712">
    <p class='ocr_par' dir='ltr' id='par_1_80' title="bbox 1980 3641 3552 3712">
     <span class='ocr_line' id='line_1_80' title="bbox 1980 3641 3552 3712; baseline -0.001 -15"><span class='ocrx_word' id='word_1_591' title='bbox 1980 3655 2249 3698; x_wconf 87' lang='lat' dir='ltr'><strong>vocantur</strong></span> <span class='ocrx_word' id='word_1_592' title='bbox 2289 3645 2378 3698; x_wconf 89' lang='lat' dir='ltr'><strong>bic</strong></span> <span class='ocrx_word' id='word_1_593' title='bbox 2425 3643 2712 3699; x_wconf 88' lang='lat' dir='ltr'><strong>cherubim</strong></span> <span class='ocrx_word' id='word_1_594' title='bbox 2738 3685 2753 3709; x_wconf 92' lang='lat'><strong>,</strong></span> <span class='ocrx_word' id='word_1_595' title='bbox 2803 3643 2879 3697; x_wconf 88' lang='lat' dir='ltr'><strong>uti</strong></span> <span class='ocrx_word' id='word_1_596' title='bbox 2938 3643 3191 3712; x_wconf 85' lang='lat' dir='ltr'><strong>pluribus</strong></span> <span class='ocrx_word' id='word_1_597' title='bbox 3231 3641 3408 3695; x_wconf 87' lang='lat' dir='ltr'><strong>visum</strong></span> <span class='ocrx_word' id='word_1_598' title='bbox 3448 3651 3552 3696; x_wconf 89' lang='lat' dir='ltr'><strong>est.</strong></span> 
     </span>
    </p>
   </div>
   <div class='ocr_carea' id='block_1_81' title="bbox 1983 3733 3553 3805">
    <p class='ocr_par' dir='ltr' id='par_1_81' title="bbox 1983 3733 3553 3805">
     <span class='ocr_line' id='line_1_81' title="bbox 1983 3733 3553 3805; baseline -0.001 -17"><span class='ocrx_word' id='word_1_599' title='bbox 1983 3735 2124 3802; x_wconf 85' lang='lat' dir='ltr'><strong>Quid</strong></span> <span class='ocrx_word' id='word_1_600' title='bbox 2177 3735 2323 3790; x_wconf 92' lang='lat' dir='ltr'><strong>enim</strong></span> <span class='ocrx_word' id='word_1_601' title='bbox 2381 3736 2733 3805; x_wconf 65' lang='lat' dir='ltr'><strong>praestitisset</strong></span> <span class='ocrx_word' id='word_1_602' title='bbox 2786 3735 2897 3788; x_wconf 91' lang='lat' dir='ltr'><strong>illic</strong></span> <span class='ocrx_word' id='word_1_603' title='bbox 2962 3733 3258 3788; x_wconf 87' lang='lat' dir='ltr'><strong>invisibilis</strong></span> <span class='ocrx_word' id='word_1_604' title='bbox 3332 3740 3553 3799; x_wconf 86' lang='lat' dir='ltr'><strong>natura,</strong></span> 
     </span>
    </p>
   </div>
   <div class='ocr_carea' id='block_1_82' title="bbox 1983 3823 3556 3895">
    <p class='ocr_par' dir='ltr' id='par_1_82' title="bbox 1983 3823 3556 3895">
     <span class='ocr_line' id='line_1_82' title="bbox 1983 3823 3556 3895; baseline -0.003 -15"><span class='ocrx_word' id='word_1_605' title='bbox 1983 3841 2107 3880; x_wconf 88' lang='lat' dir='ltr'><strong>cum</strong></span> <span class='ocrx_word' id='word_1_606' title='bbox 2153 3825 2400 3880; x_wconf 86' lang='lat' dir='ltr'><strong>sensibili</strong></span> <span class='ocrx_word' id='word_1_607' title='bbox 2456 3826 2773 3895; x_wconf 67' lang='lat' dir='ltr'><strong>spectaculo</strong></span> <span class='ocrx_word' id='word_1_608' title='bbox 2816 3827 2987 3879; x_wconf 82' lang='lat' dir='ltr'><strong>Adam</strong></span> <span class='ocrx_word' id='word_1_609' title='bbox 3036 3824 3375 3880; x_wconf 88' lang='lat' dir='ltr'><strong>erudiendus</strong></span> <span class='ocrx_word' id='word_1_610' title='bbox 3407 3823 3556 3877; x_wconf 87' lang='lat' dir='ltr'><strong>erat?</strong></span> 
     </span>
    </p>
   </div>
   <div class='ocr_carea' id='block_1_83' title="bbox 1982 3916 3553 3988">
    <p class='ocr_par' dir='ltr' id='par_1_83' title="bbox 1982 3916 3553 3988">
     <span class='ocr_line' id='line_1_83' title="bbox 1982 3916 3553 3988; baseline -0.001 -16"><span class='ocrx_word' id='word_1_611' title='bbox 1982 3917 2094 3972; x_wconf 85' lang='lat' dir='ltr'><strong>Nec</strong></span> <span class='ocrx_word' id='word_1_612' title='bbox 2138 3916 2386 3971; x_wconf 81' lang='lat' dir='ltr'><strong>ﬂammea</strong></span> <span class='ocrx_word' id='word_1_613' title='bbox 2422 3917 2589 3987; x_wconf 85' lang='lat' dir='ltr'><strong>igitur</strong></span> <span class='ocrx_word' id='word_1_614' title='bbox 2623 3917 2936 3988; x_wconf 62' lang='lat' dir='ltr'><strong>rhomphaea</strong></span> <span class='ocrx_word' id='word_1_615' title='bbox 2981 3917 3122 3987; x_wconf 85' lang='lat' dir='ltr'><strong>ignis</strong></span> <span class='ocrx_word' id='word_1_616' title='bbox 3166 3925 3286 3971; x_wconf 91' lang='lat' dir='ltr'><strong>erat</strong></span> <span class='ocrx_word' id='word_1_617' title='bbox 3337 3927 3553 3981; x_wconf 85' lang='lat' dir='ltr'><strong>natura,</strong></span> 
     </span>
    </p>
   </div>
   <div class='ocr_carea' id='block_1_84' title="bbox 1986 4007 3552 4078">
    <p class='ocr_par' dir='ltr' id='par_1_84' title="bbox 1986 4007 3552 4078">
     <span class='ocr_line' id='line_1_84' title="bbox 1986 4007 3552 4078; baseline -0.003 -16"><span class='ocrx_word' id='word_1_618' title='bbox 1986 4009 2082 4063; x_wconf 89' lang='lat' dir='ltr'><strong>sed</strong></span> <span class='ocrx_word' id='word_1_619' title='bbox 2125 4009 2195 4062; x_wconf 91' lang='lat' dir='ltr'><strong>ita</strong></span> <span class='ocrx_word' id='word_1_620' title='bbox 2227 4008 2566 4078; x_wconf 89' lang='lat' dir='ltr'><strong>apparebat;</strong></span> <span class='ocrx_word' id='word_1_621' title='bbox 2606 4023 2706 4063; x_wconf 89' lang='lat' dir='ltr'><strong>nec</strong></span> <span class='ocrx_word' id='word_1_622' title='bbox 2756 4015 2915 4064; x_wconf 89' lang='lat' dir='ltr'><strong>erant</strong></span> <span class='ocrx_word' id='word_1_623' title='bbox 2964 4007 3246 4062; x_wconf 82' lang='lat' dir='ltr'><strong>cherubim</strong></span> <span class='ocrx_word' id='word_1_624' title='bbox 3279 4008 3552 4068; x_wconf 85' lang='lat' dir='ltr'><strong>animalia,</strong></span> 
     </span>
    </p>
   </div>
   <div class='ocr_carea' id='block_1_85' title="bbox 1986 4096 3558 4168">
    <p class='ocr_par' dir='ltr' id='par_1_85' title="bbox 1986 4096 3558 4168">
     <span class='ocr_line' id='line_1_85' title="bbox 1986 4096 3558 4168; baseline -0.005 -12"><span class='ocrx_word' id='word_1_625' title='bbox 1986 4101 2081 4157; x_wconf 83' lang='lat' dir='ltr'><strong>sed</strong></span> <span class='ocrx_word' id='word_1_626' title='bbox 2131 4101 2203 4155; x_wconf 89' lang='lat' dir='ltr'><strong>ita</strong></span> <span class='ocrx_word' id='word_1_627' title='bbox 2254 4101 2606 4155; x_wconf 88' lang='lat' dir='ltr'><strong>videbantur.</strong></span> <span class='ocrx_word' id='word_1_628' title='bbox 2666 4099 2803 4154; x_wconf 88' lang='lat' dir='ltr'><strong>Nam</strong></span> <span class='ocrx_word' id='word_1_629' title='bbox 2855 4099 3106 4154; x_wconf 83' lang='lat' dir='ltr'><strong>Ezechiel</strong></span> <span class='ocrx_word' id='word_1_630' title='bbox 3150 4113 3372 4168; x_wconf 89' lang='lat' dir='ltr'><strong>quoque</strong></span> <span class='ocrx_word' id='word_1_631' title='bbox 3422 4096 3558 4150; x_wconf 91' lang='lat' dir='ltr'><strong>vidit</strong></span> 
     </span>
    </p>
   </div>
   <div class='ocr_carea' id='block_1_86' title="bbox 1984 4188 3558 4262">
    <p class='ocr_par' dir='ltr' id='par_1_86' title="bbox 1984 4188 3558 4262">
     <span class='ocr_line' id='line_1_86' title="bbox 1984 4188 3558 4262; baseline -0.004 -14"><span class='ocrx_word' id='word_1_632' title='bbox 1984 4194 2270 4250; x_wconf 87' lang='lat' dir='ltr'><strong>cherubim</strong></span> <span class='ocrx_word' id='word_1_633' title='bbox 2304 4191 2655 4262; x_wconf 89' lang='lat' dir='ltr'><strong>quadruplici</strong></span> <span class='ocrx_word' id='word_1_634' title='bbox 2707 4189 2849 4246; x_wconf 87' lang='lat' dir='ltr'><strong>facie</strong></span> <span class='ocrx_word' id='word_1_635' title='bbox 2892 4191 3230 4256; x_wconf 87' lang='lat' dir='ltr'><strong>instructos,</strong></span> <span class='ocrx_word' id='word_1_636' title='bbox 3272 4189 3397 4243; x_wconf 88' lang='lat' dir='ltr'><strong>licet</strong></span> <span class='ocrx_word' id='word_1_637' title='bbox 3434 4188 3558 4242; x_wconf 80' lang='lat' dir='ltr'><strong>talis</strong></span> 
     </span>
    </p>
   </div>
   <div class='ocr_carea' id='block_1_87' title="bbox 1987 4279 3559 4350">
    <p class='ocr_par' dir='ltr' id='par_1_87' title="bbox 1987 4279 3559 4350">
     <span class='ocr_line' id='line_1_87' title="bbox 1987 4279 3559 4350; baseline -0.004 -10"><span class='ocrx_word' id='word_1_638' title='bbox 1987 4301 2095 4340; x_wconf 89' lang='lat' dir='ltr'><strong>non</strong></span> <span class='ocrx_word' id='word_1_639' title='bbox 2123 4286 2197 4340; x_wconf 90' lang='lat' dir='ltr'><strong>sit</strong></span> <span class='ocrx_word' id='word_1_640' title='bbox 2227 4293 2422 4338; x_wconf 88' lang='lat' dir='ltr'><strong>natura</strong></span> <span class='ocrx_word' id='word_1_641' title='bbox 2451 4284 2770 4338; x_wconf 87' lang='lat' dir='ltr'><strong>invisibilis.</strong></span> <span class='ocrx_word' id='word_1_642' title='bbox 2804 4282 2871 4335; x_wconf 87' lang='lat' dir='ltr'><strong>At</strong></span> <span class='ocrx_word' id='word_1_643' title='bbox 2895 4282 3176 4336; x_wconf 91' lang='lat' dir='ltr'><strong>cherubim</strong></span> <span class='ocrx_word' id='word_1_644' title='bbox 3199 4287 3361 4335; x_wconf 89' lang='lat' dir='ltr'><strong>vocat</strong></span> <span class='ocrx_word' id='word_1_645' title='bbox 3387 4279 3559 4350; x_wconf 87' lang='lat' dir='ltr'><strong>quod-</strong></span> 
     </span>
    </p>
   </div>
   <div class='ocr_carea' id='block_1_88' title="bbox 1987 4369 3556 4446">
    <p class='ocr_par' dir='ltr' id='par_1_88' title="bbox 1987 4369 3556 4446">
     <span class='ocr_line' id='line_1_88' title="bbox 1987 4369 3556 4446; baseline -0.006 -14"><span class='ocrx_word' id='word_1_646' title='bbox 1987 4392 2209 4446; x_wconf 85' lang='lat' dir='ltr'><strong>cunque</strong></span> <span class='ocrx_word' id='word_1_647' title='bbox 2255 4383 2527 4446; x_wconf 88' lang='lat' dir='ltr'><strong>potestate</strong></span> <span class='ocrx_word' id='word_1_648' title='bbox 2592 4380 2851 4444; x_wconf 78' lang='lat' dir='ltr'><strong>praestat;</strong></span> <span class='ocrx_word' id='word_1_649' title='bbox 2890 4373 2971 4427; x_wconf 92' lang='lat' dir='ltr'><strong>sic</strong></span> <span class='ocrx_word' id='word_1_650' title='bbox 3010 4373 3221 4434; x_wconf 86' lang='lat' dir='ltr'><strong>dicens,</strong></span> <span class='ocrx_word' id='word_1_651' title='bbox 3262 4372 3368 4438; x_wconf 82' lang='lat' dir='ltr'><strong>Qui</strong></span> <span class='ocrx_word' id='word_1_652' title='bbox 3416 4369 3556 4425; x_wconf 80' lang='lat' dir='ltr'><strong>sedet</strong></span> 
     </span>
    </p>
   </div>
   <div class='ocr_carea' id='block_1_89' title="bbox 300 4461 1880 4552">
    <p class='ocr_par' dir='ltr' id='par_1_89' title="bbox 300 4477 1880 4552">
     <span class='ocr_line' id='line_1_89' title="bbox 300 4477 1880 4552; baseline 0.005 -22"><span class='ocrx_word' id='word_1_653' title='bbox 300 4478 437 4540; x_wconf 77' lang='grc' dir='ltr'>λεὺς</span> <span class='ocrx_word' id='word_1_654' title='bbox 465 4477 540 4530; x_wconf 84' lang='grc' dir='ltr'>ὢν</span> <span class='ocrx_word' id='word_1_655' title='bbox 564 4495 576 4507; x_wconf 90' lang='grc'>·</span> <span class='ocrx_word' id='word_1_656' title='bbox 595 4479 703 4544; x_wconf 78' lang='grc' dir='ltr'>καὶ,</span> <span class='ocrx_word' id='word_1_657' title='bbox 745 4478 952 4547; x_wconf 80' lang='grc' dir='ltr'>Ἐπέϐη</span> <span class='ocrx_word' id='word_1_658' title='bbox 971 4483 1068 4536; x_wconf 79' lang='grc' dir='ltr'><strong>ἐπὶ</strong></span> <span class='ocrx_word' id='word_1_659' title='bbox 1099 4484 1406 4552; x_wconf 69' lang='grc' dir='ltr'>Χερουϐὶμ,</span> <span class='ocrx_word' id='word_1_660' title='bbox 1438 4485 1532 4537; x_wconf 78' lang='grc' dir='ltr'><strong>καί</strong></span> <span class='ocrx_word' id='word_1_661' title='bbox 1564 4481 1880 4549; x_wconf 80' lang='grc' dir='ltr'>ἐπετάσθη.</span> 
     </span>
    </p>
   </div>
   <div class='ocr_carea' id='block_1_90' title="bbox 1989 4461 3557 4552">
    <p class='ocr_par' dir='ltr' id='par_1_90' title="bbox 1992 4461 3557 4538">
     <span class='ocr_line' id='line_1_90' title="bbox 1992 4461 3557 4538; baseline -0.006 -15"><span class='ocrx_word' id='word_1_662' title='bbox 1992 4485 2148 4538; x_wconf 77' lang='lat' dir='ltr'><strong>super</strong></span> <span class='ocrx_word' id='word_1_663' title='bbox 2178 4467 2446 4522; x_wconf 83' lang='lat' dir='ltr'><strong>cherubim</strong></span> <span class='ocrx_word' id='word_1_664' title='bbox 2487 4467 2507 4537; x_wconf 86' lang='lat'>(</span> <span class='ocrx_word' id='word_1_665' title='bbox 2532 4465 2681 4520; x_wconf 82' lang='lat' dir='ltr'><strong>Psat.</strong></span> <span class='ocrx_word' id='word_1_666' title='bbox 2706 4479 2876 4519; x_wconf 78' lang='lat' dir='ltr'><strong>xcvul</strong></span> <span class='ocrx_word' id='word_1_667' title='bbox 2904 4505 2917 4526; x_wconf 89' lang='lat'><strong>,</strong></span> <span class='ocrx_word' id='word_1_668' title='bbox 2945 4465 2968 4518; x_wconf 83' lang='lat' dir='ltr'><strong>l</strong></span> <span class='ocrx_word' id='word_1_669' title='bbox 2993 4465 3011 4533; x_wconf 95' lang='lat'>)</span> <span class='ocrx_word' id='word_1_670' title='bbox 3038 4505 3053 4527; x_wconf 93' lang='lat'><strong>,</strong></span> <span class='ocrx_word' id='word_1_671' title='bbox 3087 4463 3246 4532; x_wconf 89' lang='lat' dir='ltr'><strong>quasi</strong></span> <span class='ocrx_word' id='word_1_672' title='bbox 3272 4464 3437 4523; x_wconf 85' lang='lat' dir='ltr'><strong>dicat,</strong></span> <span class='ocrx_word' id='word_1_673' title='bbox 3463 4461 3557 4530; x_wconf 89' lang='lat' dir='ltr'><strong>qui</strong></span> 
     </span>
    </p>
   </div>
   <div class='ocr_carea' id='block_1_91' title="bbox 301 4567 1882 4642">
    <p class='ocr_par' dir='ltr' id='par_1_91' title="bbox 301 4567 1882 4642">
     <span class='ocr_line' id='line_1_91' title="bbox 301 4567 1882 4642; baseline 0.003 -22"><span class='ocrx_word' id='word_1_674' title='bbox 301 4567 431 4620; x_wconf 83' lang='grc' dir='ltr'>ἀντὶ</span> <span class='ocrx_word' id='word_1_675' title='bbox 464 4567 593 4629; x_wconf 81' lang='grc' dir='ltr'>τοῦ,</span> <span class='ocrx_word' id='word_1_676' title='bbox 638 4568 778 4636; x_wconf 75' lang='grc' dir='ltr'><strong>μετά</strong></span> <span class='ocrx_word' id='word_1_677' title='bbox 818 4570 1016 4639; x_wconf 86' lang='grc' dir='ltr'>πολλῆς</span> <span class='ocrx_word' id='word_1_678' title='bbox 1061 4573 1394 4642; x_wconf 88' lang='grc' dir='ltr'>παρεγένετο</span> <span class='ocrx_word' id='word_1_679' title='bbox 1432 4573 1534 4641; x_wconf 80' lang='grc' dir='ltr'>τῆς</span> <span class='ocrx_word' id='word_1_680' title='bbox 1584 4572 1882 4642; x_wconf 87' lang='grc' dir='ltr'>δυνάμεως.</span> 
     </span>
    </p>
   </div>
   <div class='ocr_carea' id='block_1_92' title="bbox 304 4653 1889 4734">
    <p class='ocr_par' dir='ltr' id='par_1_92' title="bbox 304 4653 1889 4734">
     <span class='ocr_line' id='line_1_92' title="bbox 304 4653 1889 4734; baseline 0.002 -26"><span class='ocrx_word' id='word_1_681' title='bbox 304 4655 384 4709; x_wconf 84' lang='grc' dir='ltr'>Τδ</span> <span class='ocrx_word' id='word_1_682' title='bbox 415 4653 534 4717; x_wconf 79' lang='grc' dir='ltr'>οὖν,</span> <span class='ocrx_word' id='word_1_683' title='bbox 560 4657 773 4721; x_wconf 80' lang='grc' dir='ltr'>Ἕταξε</span> <span class='ocrx_word' id='word_1_684' title='bbox 811 4659 884 4712; x_wconf 84' lang='grc' dir='ltr'>τὰ</span> <span class='ocrx_word' id='word_1_685' title='bbox 900 4660 1205 4730; x_wconf 78' lang='grc' dir='ltr'>Χερουϐὶμ,</span> <span class='ocrx_word' id='word_1_686' title='bbox 1233 4661 1316 4715; x_wconf 82' lang='grc' dir='ltr'>ἵνα</span> <span class='ocrx_word' id='word_1_687' title='bbox 1335 4659 1482 4734; x_wconf 74' lang='grc' dir='ltr'>εἴπῃ·</span> <span class='ocrx_word' id='word_1_688' title='bbox 1501 4661 1738 4730; x_wconf 85' lang='grc' dir='ltr'>Δυνατήν</span> <span class='ocrx_word' id='word_1_689' title='bbox 1767 4676 1889 4712; x_wconf 88' lang='grc' dir='ltr'>τινα</span> 
     </span>
    </p>
   </div>
   <div class='ocr_carea' id='block_1_93' title="bbox 302 4747 1888 4822">
    <p class='ocr_par' dir='ltr' id='par_1_93' title="bbox 302 4747 1888 4822">
     <span class='ocr_line' id='line_1_93' title="bbox 302 4747 1888 4822; baseline 0.002 -21"><span class='ocrx_word' id='word_1_690' title='bbox 302 4748 404 4802; x_wconf 70' lang='grc' dir='ltr'>καὶ</span> <span class='ocrx_word' id='word_1_691' title='bbox 449 4747 685 4821; x_wconf 75' lang='grc' dir='ltr'>φοϐερὰν</span> <span class='ocrx_word' id='word_1_692' title='bbox 717 4750 838 4819; x_wconf 73' lang='grc' dir='ltr'>ὄψιν</span> <span class='ocrx_word' id='word_1_693' title='bbox 884 4751 978 4805; x_wconf 81' lang='grc' dir='ltr'>καὶ</span> <span class='ocrx_word' id='word_1_694' title='bbox 1020 4752 1230 4822; x_wconf 83' lang='grc' dir='ltr'>μορφὴν</span> <span class='ocrx_word' id='word_1_695' title='bbox 1276 4752 1477 4806; x_wconf 83' lang='grc' dir='ltr'>ὡσανεί</span> <span class='ocrx_word' id='word_1_696' title='bbox 1523 4769 1684 4805; x_wconf 87' lang='grc' dir='ltr'>τινων</span> <span class='ocrx_word' id='word_1_697' title='bbox 1735 4750 1888 4814; x_wconf 78' lang='grc' dir='ltr'>ζώων</span> 
     </span>
    </p>
   </div>
   <div class='ocr_carea' id='block_1_94' title="bbox 303 4840 1888 4914">
    <p class='ocr_par' dir='ltr' id='par_1_94' title="bbox 303 4840 1888 4914">
     <span class='ocr_line' id='line_1_94' title="bbox 303 4840 1888 4914; baseline 0.002 -23"><span class='ocrx_word' id='word_1_698' title='bbox 303 4840 581 4907; x_wconf 81' lang='grc' dir='ltr'>ἐπέστησε</span> <span class='ocrx_word' id='word_1_699' title='bbox 607 4843 674 4913; x_wconf 82' lang='grc' dir='ltr'><strong>τῇ</strong></span> <span class='ocrx_word' id='word_1_700' title='bbox 711 4841 898 4913; x_wconf 79' lang='grc' dir='ltr'>εἰσόδῳ</span> <span class='ocrx_word' id='word_1_701' title='bbox 927 4842 1020 4896; x_wconf 80' lang='grc' dir='ltr'><strong>τοῦ</strong></span> <span class='ocrx_word' id='word_1_702' title='bbox 1053 4843 1400 4914; x_wconf 79' lang='grc' dir='ltr'>παραδείσου,</span> <span class='ocrx_word' id='word_1_703' title='bbox 1438 4843 1578 4897; x_wconf 82' lang='grc' dir='ltr'>ὥστε</span> <span class='ocrx_word' id='word_1_704' title='bbox 1607 4842 1888 4913; x_wconf 80' lang='grc' dir='ltr'>ἀπείργειν</span> 
     </span>
    </p>
   </div>
   <div class='ocr_carea' id='block_1_95' title="bbox 301 4930 646 5004">
    <p class='ocr_par' dir='ltr' id='par_1_95' title="bbox 301 4930 646 5004">
     <span class='ocr_line' id='line_1_95' title="bbox 301 4930 646 5004; baseline 0.012 -21"><span class='ocrx_word' id='word_1_705' title='bbox 301 4930 400 4984; x_wconf 80' lang='grc' dir='ltr'><strong>τδν</strong></span> <span class='ocrx_word' id='word_1_706' title='bbox 450 4932 646 5004; x_wconf 80' lang='grc' dir='ltr'>Ἀδάμ.</span> 
     </span>
    </p>
   </div>
   <div class='ocr_carea' id='block_1_96' title="bbox 909 5119 1301 5174">
    <p class='ocr_par' dir='ltr' id='par_1_96' title="bbox 909 5119 1301 5174">
     <span class='ocr_line' id='line_1_96' title="bbox 909 5119 1301 5174; baseline 0.008 -4"><span class='ocrx_word' id='word_1_707' title='bbox 909 5119 1137 5172; x_wconf 82' lang='grc' dir='ltr'><strong>ΚΕΦΑΛ</strong></span> <span class='ocrx_word' id='word_1_708' title='bbox 1149 5162 1161 5174; x_wconf 94' lang='grc'><strong>.</strong></span> <span class='ocrx_word' id='word_1_709' title='bbox 1199 5119 1301 5173; x_wconf 84' lang='grc' dir='ltr'>ΙΘ’.</span> 
     </span>
    </p>
   </div>
   <div class='ocr_carea' id='block_1_97' title="bbox 377 5205 1888 5281">
    <p class='ocr_par' dir='ltr' id='par_1_97' title="bbox 377 5205 1888 5281">
     <span class='ocr_line' id='line_1_97' title="bbox 377 5205 1888 5281; baseline 0.003 -25"><span class='ocrx_word' id='word_1_710' title='bbox 377 5205 528 5276; x_wconf 70' lang='grc' dir='ltr'>Στίχ.</span> <span class='ocrx_word' id='word_1_711' title='bbox 562 5213 631 5274; x_wconf 84' lang='grc' dir='ltr'>γ’.</span> <span class='ocrx_word' id='word_1_712' title='bbox 684 5239 756 5248; x_wconf 94' lang='lat'><strong><em>—</em></strong></span> <span class='ocrx_word' id='word_1_713' title='bbox 809 5209 945 5262; x_wconf 72' lang='grc' dir='ltr'>Οὔτε</span> <span class='ocrx_word' id='word_1_714' title='bbox 995 5213 1061 5281; x_wconf 81' lang='grc' dir='ltr'>τῇ</span> <span class='ocrx_word' id='word_1_715' title='bbox 1115 5210 1272 5278; x_wconf 86' lang='grc' dir='ltr'>φύσει</span> <span class='ocrx_word' id='word_1_716' title='bbox 1320 5209 1508 5280; x_wconf 84' lang='grc' dir='ltr'>ἄνδρες</span> <span class='ocrx_word' id='word_1_717' title='bbox 1555 5205 1726 5276; x_wconf 71' lang='grc' dir='ltr'>ἦσαν,</span> <span class='ocrx_word' id='word_1_718' title='bbox 1776 5208 1888 5262; x_wconf 79' lang='grc' dir='ltr'>ἀλλ’</span> 
     </span>
    </p>
   </div>
   <div class='ocr_carea' id='block_1_98' title="bbox 302 5293 1890 5371">
    <p class='ocr_par' dir='ltr' id='par_1_98' title="bbox 302 5293 1890 5371">
     <span class='ocr_line' id='line_1_98' title="bbox 302 5293 1890 5371; baseline 0.003 -22"><span class='ocrx_word' id='word_1_719' title='bbox 302 5296 529 5350; x_wconf 76' lang='grc' dir='ltr'>ἐδόκουν</span> <span class='ocrx_word' id='word_1_720' title='bbox 553 5293 713 5361; x_wconf 79' lang='grc' dir='ltr'>εἶναι,</span> <span class='ocrx_word' id='word_1_721' title='bbox 739 5298 861 5354; x_wconf 77' lang='grc' dir='ltr'>οὔτε</span> <span class='ocrx_word' id='word_1_722' title='bbox 894 5300 1092 5370; x_wconf 71' lang='grc' dir='ltr'><strong>Ιἔφαγον</strong></span> <span class='ocrx_word' id='word_1_723' title='bbox 1123 5302 1193 5364; x_wconf 84' lang='grc' dir='ltr'>ὡς</span> <span class='ocrx_word' id='word_1_724' title='bbox 1217 5301 1311 5354; x_wconf 79' lang='grc' dir='ltr'>ἄνθ</span> <span class='ocrx_word' id='word_1_725' title='bbox 1321 5320 1512 5371; x_wconf 84' lang='grc' dir='ltr'>ρωποι,</span> <span class='ocrx_word' id='word_1_726' title='bbox 1537 5302 1650 5355; x_wconf 84' lang='grc' dir='ltr'>ἀλλ’</span> <span class='ocrx_word' id='word_1_727' title='bbox 1676 5301 1890 5355; x_wconf 81' lang='grc' dir='ltr'>ἐδόκουν</span> 
     </span>
    </p>
   </div>
   <div class='ocr_carea' id='block_1_99' title="bbox 301 5391 1891 5465">
    <p class='ocr_par' dir='ltr' id='par_1_99' title="bbox 301 5391 1891 5465">
     <span class='ocr_line' id='line_1_99' title="bbox 301 5391 1891 5465; baseline 0.001 -20"><span class='ocrx_word' id='word_1_728' title='bbox 301 5391 512 5445; x_wconf 82' lang='grc' dir='ltr'>ἐσθίειν</span> <span class='ocrx_word' id='word_1_729' title='bbox 560 5395 625 5464; x_wconf 80' lang='grc' dir='ltr'><strong>τῇ</strong></span> <span class='ocrx_word' id='word_1_730' title='bbox 666 5393 790 5462; x_wconf 68' lang='grc' dir='ltr'>ὕψει</span> <span class='ocrx_word' id='word_1_731' title='bbox 833 5393 941 5446; x_wconf 86' lang='grc' dir='ltr'><strong>τῶν</strong></span> <span class='ocrx_word' id='word_1_732' title='bbox 973 5394 1255 5465; x_wconf 77' lang='grc' dir='ltr'>ὁρώντων,</span> <span class='ocrx_word' id='word_1_733' title='bbox 1301 5394 1734 5464; x_wconf 82' lang='grc' dir='ltr'>ἀναλισκομένων</span> <span class='ocrx_word' id='word_1_734' title='bbox 1781 5394 1891 5448; x_wconf 85' lang='grc' dir='ltr'><strong>τῶν</strong></span> 
     </span>
    </p>
   </div>
   <div class='ocr_carea' id='block_1_100' title="bbox 304 5481 1395 5556">
    <p class='ocr_par' dir='ltr' id='par_1_100' title="bbox 304 5481 1395 5556">
     <span class='ocr_line' id='line_1_100' title="bbox 304 5481 1395 5556; baseline 0.005 -23"><span class='ocrx_word' id='word_1_735' title='bbox 304 5481 718 5553; x_wconf 78' lang='grc' dir='ltr'>προτιθεμένων</span> <span class='ocrx_word' id='word_1_736' title='bbox 752 5484 895 5537; x_wconf 82' lang='grc' dir='ltr'><strong>κατά</strong></span> <span class='ocrx_word' id='word_1_737' title='bbox 921 5484 1068 5538; x_wconf 85' lang='grc' dir='ltr'>θείαν</span> <span class='ocrx_word' id='word_1_738' title='bbox 1096 5485 1395 5556; x_wconf 78' lang='grc' dir='ltr'>ἐνέργειαν.</span> 
     </span>
    </p>
   </div>
   <div class='ocr_carea' id='block_1_101' title="bbox 377 5571 1891 5645">
    <p class='ocr_par' dir='ltr' id='par_1_101' title="bbox 377 5571 1891 5645">
     <span class='ocr_line' id='line_1_101' title="bbox 377 5571 1891 5645; baseline 0.003 -22"><span class='ocrx_word' id='word_1_739' title='bbox 377 5571 529 5643; x_wconf 82' lang='grc' dir='ltr'>Στίχ.</span> <span class='ocrx_word' id='word_1_740' title='bbox 574 5573 640 5626; x_wconf 88' lang='grc' dir='ltr'><strong>λα</strong></span> <span class='ocrx_word' id='word_1_741' title='bbox 663 5613 676 5628; x_wconf 94' lang='grc'><strong>.</strong></span> <span class='ocrx_word' id='word_1_742' title='bbox 729 5605 799 5614; x_wconf 86' lang='lat'><strong>-—</strong></span> <span class='ocrx_word' id='word_1_743' title='bbox 835 5572 1043 5626; x_wconf 81' lang='grc' dir='ltr'>Οὐκοῦν</span> <span class='ocrx_word' id='word_1_744' title='bbox 1070 5576 1129 5628; x_wconf 80' lang='grc' dir='ltr'>οὐ</span> <span class='ocrx_word' id='word_1_745' title='bbox 1172 5574 1341 5638; x_wconf 82' lang='grc' dir='ltr'>πάθος</span> <span class='ocrx_word' id='word_1_746' title='bbox 1377 5575 1668 5637; x_wconf 84' lang='grc' dir='ltr'>ἀκολασίας</span> <span class='ocrx_word' id='word_1_747' title='bbox 1695 5575 1891 5645; x_wconf 69' lang='grc' dir='ltr'>ἤλασεν</span> 
     </span>
    </p>
   </div>
   <div class='ocr_carea' id='block_1_102' title="bbox 300 5661 1886 5734">
    <p class='ocr_par' dir='ltr' id='par_1_102' title="bbox 300 5661 1886 5734">
     <span class='ocr_line' id='line_1_102' title="bbox 300 5661 1886 5734; baseline 0.001 -19"><span class='ocrx_word' id='word_1_748' title='bbox 300 5661 515 5730; x_wconf 68' lang='grc' dir='ltr'>αὑτὰς,</span> <span class='ocrx_word' id='word_1_749' title='bbox 563 5664 698 5719; x_wconf 69' lang='grc' dir='ltr'>ἀλλὰ</span> <span class='ocrx_word' id='word_1_750' title='bbox 744 5664 916 5734; x_wconf 85' lang='grc' dir='ltr'>φειδὼ</span> <span class='ocrx_word' id='word_1_751' title='bbox 947 5663 1039 5717; x_wconf 74' lang='grc' dir='ltr'>τοῦ</span> <span class='ocrx_word' id='word_1_752' title='bbox 1070 5665 1277 5733; x_wconf 74' lang='grc' dir='ltr'>γένους.</span> <span class='ocrx_word' id='word_1_753' title='bbox 1311 5666 1470 5719; x_wconf 86' lang='grc' dir='ltr'>Ὅθεν</span> <span class='ocrx_word' id='word_1_754' title='bbox 1504 5663 1886 5731; x_wconf 81' lang='grc' dir='ltr'>εὐσύγνωστοι.</span> 
     </span>
    </p>
   </div>
   <div class='ocr_carea' id='block_1_103' title="bbox 1993 4552 3558 4630">
    <p class='ocr_par' dir='ltr' id='par_1_103' title="bbox 1993 4552 3558 4630">
     <span class='ocr_line' id='line_1_103' title="bbox 1993 4552 3558 4630; baseline -0.007 -16"><span class='ocrx_word' id='word_1_755' title='bbox 1993 4569 2187 4630; x_wconf 85' lang='lat' dir='ltr'><strong>potens</strong></span> <span class='ocrx_word' id='word_1_756' title='bbox 2212 4563 2410 4614; x_wconf 73' lang='lat' dir='ltr'><strong>est&#39;rex</strong></span> <span class='ocrx_word' id='word_1_757' title='bbox 2439 4575 2454 4622; x_wconf 91' lang='lat'><strong>;</strong></span> <span class='ocrx_word' id='word_1_758' title='bbox 2493 4558 2568 4612; x_wconf 86' lang='lat' dir='ltr'><strong>ita</strong></span> <span class='ocrx_word' id='word_1_759' title='bbox 2603 4557 2794 4622; x_wconf 86' lang='lat' dir='ltr'><strong>etiam,</strong></span> <span class='ocrx_word' id='word_1_760' title='bbox 2823 4555 3073 4611; x_wconf 80' lang='lat' dir='ltr'><strong>Ascendit</strong></span> <span class='ocrx_word' id='word_1_761' title='bbox 3105 4571 3263 4622; x_wconf 78' lang='lat' dir='ltr'><strong>super</strong></span> <span class='ocrx_word' id='word_1_762' title='bbox 3287 4552 3558 4607; x_wconf 78' lang='lat' dir='ltr'><strong>cherubim</strong></span> 
     </span>
    </p>
   </div>
   <div class='ocr_carea' id='block_1_104' title="bbox 1988 4647 3560 4718">
    <p class='ocr_par' dir='ltr' id='par_1_104' title="bbox 1988 4647 3560 4718">
     <span class='ocr_line' id='line_1_104' title="bbox 1988 4647 3560 4718; baseline -0.007 -12"><span class='ocrx_word' id='word_1_763' title='bbox 1988 4661 2036 4705; x_wconf 82' lang='lat' dir='ltr'><strong>et</strong></span> <span class='ocrx_word' id='word_1_764' title='bbox 2063 4651 2252 4706; x_wconf 76' lang='lat' dir='ltr'><strong>volavit</strong></span> <span class='ocrx_word' id='word_1_765' title='bbox 2286 4649 2477 4718; x_wconf 80' lang='lat' dir='ltr'><strong>(Psal.</strong></span> <span class='ocrx_word' id='word_1_766' title='bbox 2508 4664 2644 4711; x_wconf 76' lang='lat' dir='ltr'><strong>xvu,</strong></span> <span class='ocrx_word' id='word_1_767' title='bbox 2679 4649 2738 4703; x_wconf 81' lang='grc' dir='ltr'>Η</span> <span class='ocrx_word' id='word_1_768' title='bbox 2760 4649 2801 4717; x_wconf 86' lang='grc'>),</span> <span class='ocrx_word' id='word_1_769' title='bbox 2831 4649 2937 4702; x_wconf 81' lang='lat' dir='ltr'><strong>hoc.</strong></span> <span class='ocrx_word' id='word_1_770' title='bbox 2958 4653 3064 4711; x_wconf 84' lang='lat' dir='ltr'><strong>est,</strong></span> <span class='ocrx_word' id='word_1_771' title='bbox 3098 4647 3267 4700; x_wconf 84' lang='lat' dir='ltr'><strong>multa</strong></span> <span class='ocrx_word' id='word_1_772' title='bbox 3297 4659 3419 4697; x_wconf 87' lang='lat' dir='ltr'><strong>cum</strong></span> <span class='ocrx_word' id='word_1_773' title='bbox 3461 4657 3560 4711; x_wconf 92' lang='lat' dir='ltr'><strong>po-</strong></span> 
     </span>
    </p>
   </div>
   <div class='ocr_carea' id='block_1_105' title="bbox 1991 4731 3554 4810">
    <p class='ocr_par' dir='ltr' id='par_1_105' title="bbox 1991 4731 3554 4810">
     <span class='ocr_line' id='line_1_105' title="bbox 1991 4731 3554 4810; baseline -0.008 -14"><span class='ocrx_word' id='word_1_774' title='bbox 1991 4749 2190 4797; x_wconf 79' lang='lat' dir='ltr'><strong>testate</strong></span> <span class='ocrx_word' id='word_1_775' title='bbox 2222 4741 2494 4810; x_wconf 83' lang='lat' dir='ltr'><strong>apparuit.</strong></span> <span class='ocrx_word' id='word_1_776' title='bbox 2545 4737 2678 4792; x_wconf 90' lang='lat' dir='ltr'><strong>lllud</strong></span> <span class='ocrx_word' id='word_1_777' title='bbox 2739 4736 3228 4807; x_wconf 80' lang='lat' dir='ltr'><strong>igitur,ordinavit</strong></span> <span class='ocrx_word' id='word_1_778' title='bbox 3271 4731 3554 4795; x_wconf 71' lang='lat' dir='ltr'><strong>cherubim,</strong></span> 
     </span>
    </p>
   </div>
   <div class='ocr_carea' id='block_1_106' title="bbox 1991 4824 3557 4894">
    <p class='ocr_par' dir='ltr' id='par_1_106' title="bbox 1991 4824 3557 4894">
     <span class='ocr_line' id='line_1_106' title="bbox 1991 4824 3557 4894; baseline -0.008 -8"><span class='ocrx_word' id='word_1_779' title='bbox 1991 4834 2134 4888; x_wconf 91' lang='lat' dir='ltr'><strong>idem</strong></span> <span class='ocrx_word' id='word_1_780' title='bbox 2158 4840 2320 4887; x_wconf 88' lang='lat' dir='ltr'><strong>sonat</strong></span> <span class='ocrx_word' id='word_1_781' title='bbox 2366 4847 2430 4887; x_wconf 91' lang='lat' dir='ltr'><strong>ac</strong></span> <span class='ocrx_word' id='word_1_782' title='bbox 2465 4848 2476 4882; x_wconf 95' lang='lat'>:</span> <span class='ocrx_word' id='word_1_783' title='bbox 2511 4831 2791 4886; x_wconf 87' lang='lat' dir='ltr'><strong>Potentem</strong></span> <span class='ocrx_word' id='word_1_784' title='bbox 2837 4839 2891 4882; x_wconf 89' lang='lat' dir='ltr'><strong>et</strong></span> <span class='ocrx_word' id='word_1_785' title='bbox 2942 4827 3238 4882; x_wconf 88' lang='lat' dir='ltr'><strong>terribilem</strong></span> <span class='ocrx_word' id='word_1_786' title='bbox 3267 4824 3557 4894; x_wconf 85' lang='lat' dir='ltr'><strong>quemdam</strong></span> 
     </span>
    </p>
   </div>
   <div class='ocr_carea' id='block_1_107' title="bbox 1990 4915 3562 4985">
    <p class='ocr_par' dir='ltr' id='par_1_107' title="bbox 1990 4915 3562 4985">
     <span class='ocr_line' id='line_1_107' title="bbox 1990 4915 3562 4985; baseline -0.008 -7"><span class='ocrx_word' id='word_1_787' title='bbox 1990 4925 2256 4981; x_wconf 88' lang='lat' dir='ltr'><strong>visionem</strong></span> <span class='ocrx_word' id='word_1_788' title='bbox 2306 4939 2370 4978; x_wconf 92' lang='lat' dir='ltr'><strong>ac</strong></span> <span class='ocrx_word' id='word_1_789' title='bbox 2415 4922 2685 4981; x_wconf 85' lang='lat' dir='ltr'><strong>formam,</strong></span> <span class='ocrx_word' id='word_1_790' title='bbox 2735 4928 2992 4985; x_wconf 88' lang='lat' dir='ltr'><strong>tanquam</strong></span> <span class='ocrx_word' id='word_1_791' title='bbox 3025 4915 3383 4979; x_wconf 86' lang='lat' dir='ltr'><strong>animalium,</strong></span> <span class='ocrx_word' id='word_1_792' title='bbox 3433 4923 3562 4966; x_wconf 80' lang='lat' dir='ltr'><strong>ante</strong></span> 
     </span>
    </p>
   </div>
   <div class='ocr_carea' id='block_1_108' title="bbox 1992 5007 3556 5083">
    <p class='ocr_par' dir='ltr' id='par_1_108' title="bbox 1992 5007 3556 5083">
     <span class='ocr_line' id='line_1_108' title="bbox 1992 5007 3556 5083; baseline -0.01 -15"><span class='ocrx_word' id='word_1_793' title='bbox 1992 5015 2196 5069; x_wconf 89' lang='lat' dir='ltr'><strong>aditum</strong></span> <span class='ocrx_word' id='word_1_794' title='bbox 2223 5013 2462 5083; x_wconf 88' lang='lat' dir='ltr'><strong>paradisi</strong></span> <span class='ocrx_word' id='word_1_795' title='bbox 2490 5009 2812 5072; x_wconf 86' lang='lat' dir='ltr'><strong>constituit,</strong></span> <span class='ocrx_word' id='word_1_796' title='bbox 2843 5023 2951 5077; x_wconf 83' lang='lat' dir='ltr'><strong>qua</strong></span> <span class='ocrx_word' id='word_1_797' title='bbox 2993 5007 3165 5061; x_wconf 87' lang='lat' dir='ltr'><strong>Adam</strong></span> <span class='ocrx_word' id='word_1_798' title='bbox 3197 5009 3556 5059; x_wconf 85' lang='lat' dir='ltr'><strong>averteretur.</strong></span> 
     </span>
    </p>
   </div>
   <div class='ocr_carea' id='block_1_109' title="bbox 2609 5100 2945 5156">
    <p class='ocr_par' dir='ltr' id='par_1_109' title="bbox 2609 5100 2945 5156">
     <span class='ocr_line' id='line_1_109' title="bbox 2609 5100 2945 5156; baseline -0.003 -3"><span class='ocrx_word' id='word_1_799' title='bbox 2609 5100 2764 5156; x_wconf 82' lang='lat' dir='ltr'><strong>CAP.</strong></span> <span class='ocrx_word' id='word_1_800' title='bbox 2803 5100 2945 5154; x_wconf 80' lang='lat' dir='ltr'><strong>XIX.</strong></span> 
     </span>
    </p>
   </div>
   <div class='ocr_carea' id='block_1_110' title="bbox 2067 5185 3562 5252">
    <p class='ocr_par' dir='ltr' id='par_1_110' title="bbox 2067 5185 3562 5252">
     <span class='ocr_line' id='line_1_110' title="bbox 2067 5185 3562 5252; baseline -0.006 -5"><span class='ocrx_word' id='word_1_801' title='bbox 2067 5195 2232 5251; x_wconf 71' lang='lat' dir='ltr'><strong>Vens.</strong></span> <span class='ocrx_word' id='word_1_802' title='bbox 2271 5194 2327 5248; x_wconf 77' lang='lat'><strong>&#39;5.</strong></span> <span class='ocrx_word' id='word_1_803' title='bbox 2356 5224 2424 5236; x_wconf 96' lang='lat'><strong>—</strong></span> <span class='ocrx_word' id='word_1_804' title='bbox 2453 5193 2570 5247; x_wconf 83' lang='lat' dir='ltr'><strong>Non</strong></span> <span class='ocrx_word' id='word_1_805' title='bbox 2592 5201 2751 5248; x_wconf 87' lang='lat' dir='ltr'><strong>erant</strong></span> <span class='ocrx_word' id='word_1_806' title='bbox 2784 5200 2980 5246; x_wconf 88' lang='lat' dir='ltr'><strong>natura</strong></span> <span class='ocrx_word' id='word_1_807' title='bbox 3012 5190 3290 5252; x_wconf 75' lang='lat' dir='ltr'><strong>homines,</strong></span> <span class='ocrx_word' id='word_1_808' title='bbox 3323 5185 3415 5241; x_wconf 86' lang='lat' dir='ltr'><strong>sed</strong></span> <span class='ocrx_word' id='word_1_809' title='bbox 3441 5198 3562 5238; x_wconf 84' lang='lat' dir='ltr'><strong>esse</strong></span> 
     </span>
    </p>
   </div>
   <div class='ocr_carea' id='block_1_111' title="bbox 1990 5274 3560 5350">
    <p class='ocr_par' dir='ltr' id='par_1_111' title="bbox 1990 5274 3560 5350">
     <span class='ocr_line' id='line_1_111' title="bbox 1990 5274 3560 5350; baseline -0.009 -8"><span class='ocrx_word' id='word_1_810' title='bbox 1990 5288 2351 5350; x_wconf 91' lang='lat' dir='ltr'><strong>videbantur;</strong></span> <span class='ocrx_word' id='word_1_811' title='bbox 2385 5299 2486 5338; x_wconf 91' lang='lat' dir='ltr'><strong>nec</strong></span> <span class='ocrx_word' id='word_1_812' title='bbox 2517 5283 2878 5337; x_wconf 85' lang='lat' dir='ltr'><strong>comedebant</strong></span> <span class='ocrx_word' id='word_1_813' title='bbox 2903 5289 2962 5333; x_wconf 87' lang='lat' dir='ltr'><strong>ut</strong></span> <span class='ocrx_word' id='word_1_814' title='bbox 2995 5281 3268 5343; x_wconf 88' lang='lat' dir='ltr'><strong>homines,</strong></span> <span class='ocrx_word' id='word_1_815' title='bbox 3293 5275 3386 5330; x_wconf 89' lang='lat' dir='ltr'><strong>sed</strong></span> <span class='ocrx_word' id='word_1_816' title='bbox 3413 5274 3560 5328; x_wconf 86' lang='lat' dir='ltr'><strong>vide-</strong></span> 
     </span>
    </p>
   </div>
   <div class='ocr_carea' id='block_1_112' title="bbox 1992 5364 3560 5436">
    <p class='ocr_par' dir='ltr' id='par_1_112' title="bbox 1992 5364 3560 5436">
     <span class='ocr_line' id='line_1_112' title="bbox 1992 5364 3560 5436; baseline -0.011 -2"><span class='ocrx_word' id='word_1_817' title='bbox 1992 5381 2192 5434; x_wconf 87' lang='lat' dir='ltr'><strong>bantur</strong></span> <span class='ocrx_word' id='word_1_818' title='bbox 2222 5375 2507 5432; x_wconf 88' lang='lat' dir='ltr'><strong>comedere</strong></span> <span class='ocrx_word' id='word_1_819' title='bbox 2531 5372 2871 5428; x_wconf 88' lang='lat' dir='ltr'><strong>cernentium</strong></span> <span class='ocrx_word' id='word_1_820' title='bbox 2895 5369 3098 5436; x_wconf 86' lang='lat' dir='ltr'><strong>oculis,</strong></span> <span class='ocrx_word' id='word_1_821' title='bbox 3123 5367 3356 5424; x_wconf 86' lang='lat' dir='ltr'><strong>sublatis</strong></span> <span class='ocrx_word' id='word_1_822' title='bbox 3377 5364 3560 5419; x_wconf 89' lang='lat' dir='ltr'><strong>divina</strong></span> 
     </span>
    </p>
   </div>
   <div class='ocr_carea' id='block_1_113' title="bbox 1992 5466 2799 5545">
    <p class='ocr_par' dir='ltr' id='par_1_113' title="bbox 1992 5466 2799 5545">
     <span class='ocr_line' id='line_1_113' title="bbox 1992 5466 2799 5545; baseline -0.01 -17"><span class='ocrx_word' id='word_1_823' title='bbox 1992 5471 2231 5545; x_wconf 83' lang='lat' dir='ltr'><strong>potentia</strong></span> <span class='ocrx_word' id='word_1_824' title='bbox 2263 5483 2384 5537; x_wconf 62' lang='lat' dir='ltr'><strong>qua:</strong></span> <span class='ocrx_word' id='word_1_825' title='bbox 2410 5466 2799 5520; x_wconf 75' lang='lat' dir='ltr'><strong>offerebantur.</strong></span> 
     </span>
    </p>
   </div>
   <div class='ocr_carea' id='block_1_114' title="bbox 2063 5543 3559 5626">
    <p class='ocr_par' dir='ltr' id='par_1_114' title="bbox 2063 5543 3559 5626">
     <span class='ocr_line' id='line_1_114' title="bbox 2063 5543 3559 5626; baseline -0.014 -8"><span class='ocrx_word' id='word_1_826' title='bbox 2063 5563 2229 5618; x_wconf 71' lang='lat' dir='ltr'><strong>Vens.</strong></span> <span class='ocrx_word' id='word_1_827' title='bbox 2254 5562 2345 5616; x_wconf 80' lang='grc'>51.</span> <span class='ocrx_word' id='word_1_828' title='bbox 2379 5590 2449 5599; x_wconf 97' lang='lat'><strong>—</strong></span> <span class='ocrx_word' id='word_1_829' title='bbox 2483 5557 2602 5612; x_wconf 86' lang='lat' dir='ltr'><strong>Non</strong></span> <span class='ocrx_word' id='word_1_830' title='bbox 2660 5557 3020 5626; x_wconf 81' lang='lat' dir='ltr'><strong>indulgebant</strong></span> <span class='ocrx_word' id='word_1_831' title='bbox 3075 5553 3241 5624; x_wconf 91' lang='lat' dir='ltr'><strong>igitur</strong></span> <span class='ocrx_word' id='word_1_832' title='bbox 3309 5543 3559 5601; x_wconf 85' lang='lat' dir='ltr'><strong>libidinis</strong></span> 
     </span>
    </p>
   </div>
   <div class='ocr_carea' id='block_1_115' title="bbox 1994 5635 3559 5723">
    <p class='ocr_par' dir='ltr' id='par_1_115' title="bbox 1994 5635 3559 5723">
     <span class='ocr_line' id='line_1_115' title="bbox 1994 5635 3559 5723; baseline -0.015 -13"><span class='ocrx_word' id='word_1_833' title='bbox 1994 5655 2268 5719; x_wconf 81' lang='lat' dir='ltr'><strong>motibus,</strong></span> <span class='ocrx_word' id='word_1_834' title='bbox 2323 5651 2416 5710; x_wconf 84' lang='lat' dir='ltr'><strong>sed</strong></span> <span class='ocrx_word' id='word_1_835' title='bbox 2467 5650 2653 5723; x_wconf 81' lang='lat' dir='ltr'><strong>generi</strong></span> <span class='ocrx_word' id='word_1_836' title='bbox 2696 5663 2796 5706; x_wconf 90' lang='lat' dir='ltr'><strong>suo</strong></span> <span class='ocrx_word' id='word_1_837' title='bbox 2845 5647 3160 5718; x_wconf 84' lang='lat' dir='ltr'><strong>parcebant.</strong></span> <span class='ocrx_word' id='word_1_838' title='bbox 3205 5638 3357 5697; x_wconf 85' lang='lat' dir='ltr'><strong>Unde</strong></span> <span class='ocrx_word' id='word_1_839' title='bbox 3397 5635 3559 5692; x_wconf 87' lang='lat' dir='ltr'><strong>venia</strong></span> 
     </span>
    </p>
   </div>
   <div class='ocr_carea' id='block_1_116' title="bbox 2000 5749 2195 5818">
    <p class='ocr_par' dir='ltr' id='par_1_116' title="bbox 2000 5749 2195 5818">
     <span class='ocr_line' id='line_1_116' title="bbox 2000 5749 2195 5818; baseline -0.005 -15"><span class='ocrx_word' id='word_1_840' title='bbox 2000 5749 2195 5818; x_wconf 61' lang='lat' dir='ltr'><strong>dignm.</strong></span> 
     </span>
    </p>
   </div>
  </div>
