3974 6146
425 308 456 357 ﬁ
471 308 529 360 i3
1599 293 1952 356 THEODORI
2001 291 2230 351 MOPSU
2241 293 2484 351 ESTENI
3583 283 3644 339 65
3657 289 3687 339 5

500 423 669 482 Vnus.
694 423 784 480 '52.
817 452 884 464 —
919 415 1129 477 Furtim
1164 431 1226 474 se
1255 430 1381 471 cum
1413 423 1570 487 patre
1593 414 1852 468 miscent.
1887 407 2005 465 Non
2034 407 2069 466 Α

2181 408 2328 479 Στίχ.
2360 407 2461 478 λβ’.
2510 437 2576 449 --
2608 405 2911 460 κλέπτουσι
2942 400 3036 456 τοῦ
3084 399 3290 471 πατρδς
3331 397 3430 469 τὴν
3479 392 3683 466 κοίτην.

431 515 677 590 fugiebat
709 515 856 571 enim
890 525 985 566 eas
1011 510 1185 566 sobrii
1227 508 1400 580 patris
1430 505 1824 576 temperantia.

2112 501 2367 572 ’ῌδεισαν
2401 499 2508 572 γὰρ
2539 499 2799 572 νήφοντος
2826 495 2923 568 τὴν
2953 492 3302 565 σωφροσύνην
3336 487 3526 545 αὐτοῦ.

998 703 1001 707 _
1061 624 1217 681 CAP.
1249 621 1372 678 xx.

2712 614 2965 668 ΚΕΦΑΛ.
3000 613 3079 665 Κ’.

502 743 668 802 Vens.
693 745 744 800 5.
770 774 842 786 —
867 741 983 797 Non
1014 737 1460 808 intemperantia,
1487 733 1688 805 inquit,
1712 731 1859 787 volui
1885 744 2011 784 cum

2181 729 2329 800 Στίχ.
2365 736 2426 782 ε’.
2451 759 2520 770 --
2541 728 2654 780 Οὐκ
2697 725 2984 795 ἀκολασίᾳ,
3020 723 3205 793 φησὶν,
3232 719 3544 791 ἠϐουλήθην
3575 732 3695 770 συν-

432 855 494 896 ea
529 837 831 906 conjungi,
883 835 979 890 sed
1016 832 1196 904 magni
1233 847 1358 887 esse
1378 827 1611 892 credidi,
1647 827 1692 883 si
1725 825 2001 878 mulierem

2123 823 2284 876 ελθεῖν
2325 823 2485 892 αὐτῇ,
2530 820 2643 873 ἀλλ’
2678 820 2752 883 ὡς
2798 819 3010 878 δικαίαν
3056 816 3150 870 καὶ
3200 812 3435 884 ἀδελφὴν
3486 809 3692 864 δικαίου

433 939 681 987 sanctam
726 936 780 984 et
824 928 931 984 viri
978 926 1157 982 sancti
1193 939 1440 980 sororem
1492 922 1549 976 in
1599 917 2002 975 matrimonium

1912 930 2013 970 .um
2116 916 2370 986 μέγιστον
2396 914 2711 984 ἡγησάμην,
2744 913 2792 964 εἰ
2823 910 3087 979 ἀγάγοιμι
3120 907 3258 978 πρὸς
3282 905 3481 974 γάμον.

433 1023 710 1078 ducerem.

1026 1129 1182 1187 CAP.
1213 1125 1431 1182 XXVII.

2699 1115 2945 1169 ΚΕΦΑΛ.
2985 1113 3107 1167 ΚΖ’.

509 1246 680 1302 Vens.
715 1247 765 1301 I.
801 1243 1009 1300 --lloc
1042 1257 1262 1314 quoque
1296 1239 1496 1295 divinae
1527 1235 1722 1308 gratiae
1755 1246 1920 1304 opus,
1957 1236 2019 1284 ut

2187 1231 2338 1301 Στίχ.
2370 1235 2439 1284 α’.
2486 1257 2554 1266 -
2600 1227 2710 1282 Καὶ
2739 1226 2898 1280 τοῦτο
2927 1227 3022 1296 τῆς
3053 1225 3202 1286 θείας
3244 1223 3464 1295 χάριτος
3500 1221 3660 1296 ἔργον
3682 1238 3695 1253 ·

438 1341 661 1397 interim
704 1354 808 1409 ope
851 1313 1115 1393 Rebech
1157 1331 1367 1389 Jacobo
1402 1327 1844 1386 benedictionem
1888 1324 2007 1381 sub-

2132 1321 2207 1376 ἵνα
2238 1324 2296 1375 ὲν
2328 1322 2476 1391 μέσῳ
2508 1320 2698 1390 καιρὸς
2728 1320 2956 1389 γένηται
2979 1321 3044 1388 τῇ
3083 1317 3350 1387 Ῥεϐέκκα
3391 1314 3588 1385 κλέψαι
3625 1313 3701 1384 τῷ

439 1439 624 1507 ripere
655 1435 866 1491 liceret.

2135 1413 2329 1469 Ἰακὼϐ
2359 1413 2460 1485 τὴν
2484 1412 2753 1480 εὐλογίαν.

991 1544 1148 1602 CAP.
1193 1540 1437 1598 XXVIII.

2592 1534 2595 1536 ’
2701 1523 2956 1578 ΚΕΦΑΛ.
2999 1521 3134 1575 KH'.

515 1664 684 1720 Vens.
710 1663 797 1718 18.
820 1693 890 1706 —-
919 1659 1246 1731 Superfudit
1265 1655 1438 1713 Iacob
1468 1655 1646 1710 oleum
1673 1652 1729 1706 in
1756 1663 2024 1705 cacumen

2196 1639 2344 1709 Στίχ.
2395 1645 2481 1710 ιη’.
2537 1668 2608 1679 —
2666 1636 2924 1705 Ἐπὲχεεν
2969 1636 2997 1688 ό
3037 1631 3232 1688 Ἰακὼϐ
3279 1632 3454 1685 ἔλαιον
3507 1631 3600 1683 ἐπὶ
3647 1630 3704 1684 τὸ

445 1755 674 1824 lapidis,
711 1760 765 1809 et
797 1720 1018 1807 vocavit
1057 1750 1275 1809 locum,
1317 1745 1520 1800 Domus
1559 1737 1674 1796 Dei.
1709 1738 1809 1794 Hic
1841 1748 2014 1793 autem

2134 1733 2294 1802 ἄκρον
2326 1730 2418 1783 τοῦ
2452 1729 2621 1793 λίθου,
2653 1727 2744 1782 καὶ
2773 1727 2996 1780 ἐκάλεσε
3027 1726 3116 1778 τδν
3148 1726 3330 1787 τόπον,
3363 1720 3531 1786 Οἶκος
3551 1723 3703 1778 Θεοῦ.

449 1815 626 1918 figura
666 1815 912 1900 Mosaici
946 1837 1318 1903 tabernaculi,
1355 1834 1502 1906 quod
1547 1838 1932 1888 constructum
1974 1836 2018 1884 el

2139 1819 2236 1876 Ἦν
2266 1821 2323 1876 δὲ
2349 1820 2407 1874 τὸ
2442 1823 2672 1892 πρᾶγμα
2707 1818 2874 1882 τύπος
2899 1819 2996 1884 τῆς
3026 1817 3325 1884 Μωσαῖκῆς
3369 1815 3578 1887 σκηνῆς
3604 1832 3618 1847 ·
3647 1817 3708 1884 ἥν

449 1937 778 1993 adiﬁcatum
803 1939 1105 1991 unxerunt.

2130 1914 2551 1976 κατασκευάσας
2587 1912 2680 1965 καὶ
2713 1911 3046 1979 ἀναστήσας,
3084 1908 3317 1979 ἔχρισεν.

1059 2043 1215 2100 CAP.
1254 2040 1429 2098 XXX.
2419 2093 2425 2100 ,

2419 2093 2425 2100 ,
2729 2024 2980 2078 ΚΕΦΑΛ.
3017 2025 3102 2078 A'.

524 2163 805 2221 Vsss.59.
847 2193 920 2205 —
948 2161 1182 2229 Quando
1230 2160 1288 2214 in
1339 2155 1736 2228 Mesopotamia
1790 2153 2036 2209 subalbae

2205 2143 2356 2212 Στίχ.
2386 2141 2486 2195 λθ⁹.
2523 2169 2594 2182 --
2636 2139 2853 2210 Ἐπειδὴ
2887 2137 2944 2190 δὲ
2991 2138 3049 2190 ὲν
3099 2139 3164 2205 τῇ
3215 2135 3619 2206 Μεσοποταμίᾳ
3653 2137 3719 2188 τὰ

455 2271 588 2313 oves
627 2260 992 2324 quaeruntur,
1047 2252 1329 2320 niqrteque
1368 2264 1584 2318 caprae,
1637 2247 1693 2301 in
1742 2244 2024 2298 Palaestina

2153 2237 2304 2290 ιευκὰ
2333 2234 2574 2304 ζητεῖται
2603 2230 2872 2302 πρόϐατα,
2902 2230 2996 2283 καὶ
3021 2231 3076 2281 αἱ
3108 2228 3334 2298 μέλανες
3364 2223 3542 2296 αἶγες.
3576 2230 3633 2280 ἐν
3666 2229 3722 2281 δὲ

458 2354 642 2400 autem
704 2342 1047 2398 contrarium
1105 2319 1275 2405 valet,
1338 2337 1651 2394 commodis
1705 2334 2027 2390 inserviebat

2156 2330 2202 2399 τῇ
2234 2326 2568 2395 Παλαιστίνῃ
2598 2325 2659 2378 τὸ
2687 2323 2950 2387 ἐναντίον,
2976 2321 3112 2392 πρὸς
3141 2321 3204 2372 τὸ
3227 2319 3336 2372 τῶν
3368 2320 3725 2392 πατριαρχῶν

459 2436 902 2510 patriarcharum
926 2449 1014 2490 res
1043 2442 1167 2488 ante
1195 2432 1362 2487 dicta.

2139 2419 2416 2493 συμφέρον
2447 2418 2811 2487 οἰκονομεῖται
2835 2413 2903 2468 τὰ
2938 2411 3335 2485 προειρημένα.

1046 2544 1197 2603 CAP.
1236 2541 1452 2598 XXXII.

2715 2528 2967 2582 ΚΕΦᾹΛ.
3016 2527 3139 2580 ΛΒ’.

533 2662 693 2718 Vers.
727 2663 778 2716 l.
811 2691 878 2702 —
905 2658 1112 2715 Iacobo
1139 2674 1167 2711 a
1195 2657 1379 2711 Laban
1404 2655 1645 2709 liberato
1673 2658 2041 2708 occurrerunt

2212 2650 2363 2720 Στίχ.
2409 2654 2479 2702 α’.
2514 2676 2585 2687 —
2612 2642 2722 2699 T06
2741 2643 2922 2696 Λάϐαν
2959 2640 3295 2709 ἀπαλλαγεὶς
3323 2642 3352 2692 6
3385 2638 3604 2702 Ἰακὼϐ,
3633 2639 3730 2710 ὁρᾷ

463 2751 685 2822 angeli,
719 2748 967 2820 profecto
1022 2765 1051 2802 a
1083 2748 1310 2802 Michael
1363 2745 1610 2812 principe
1661 2743 2032 2798 Israelitarum

2162 2740 2493 2815 ταρεμϐολὴν
2529 2737 2804 2807 ἀγγέλων⁸
2843 2735 3062 2798 πάντως
3111 2753 3214 2788 που
3282 2733 3382 2804 τὴν
3421 2732 3731 2802 ὁρισθεῖσαν

465 2843 643 2903 missi,
678 2842 882 2911 quippe
913 2841 1005 2910 qui
1029 2840 1137 2894 illis
1167 2843 1422 2908 praeerat,
1458 2835 1673 2889 dicente
1700 2832 1924 2888 Gabriel
1975 2833 2034 2888 ad

2166 2837 2285 2889 ιετὰ
2313 2831 2534 2903 Μιχαὴλ
2555 2828 2648 2884 τοῦ
2680 2829 2938 2900 ἄρχοντος
2961 2827 3054 2881 τοῦ
3087 2826 3218 2880 λαοῦ
3245 2825 3464 2898 Ἰσραήλ
3481 2841 3494 2855 ο
3524 2825 3584 2888 δς
3608 2841 3735 2878 κατ-

471 2932 744 2987 Danielem
783 2950 798 2984 :
851 2930 1084 2984 Michael
1129 2930 1369 2997 princeps
1398 2938 1563 2981 vester
1623 2925 1787 2994 (Dan.
1817 2941 1893 2989 ιι,
1925 2926 2040 2996 2i).

2168 2933 2277 2996 011’]
2335 2923 2502 2979 αὐτοῦ
2529 2920 2878 2994 προεστάναι,
2909 2919 2984 2984 ὡς
3017 2918 3259 2990 Γαϐριήλ
3285 2933 3414 2986 φησι
3461 2915 3598 2984 πρὸς
3642 2914 3737 2968 τὸν

467 3021 886 3089 ριιιιιιᾶοοηίιτι
920 3022 1061 3076 liber
1091 3036 1118 3075 a
1139 3020 1432 3074 formidine
1455 3017 1663 3073 Laban.
1697 3017 1928 3072 Esavum
1960 3033 2036 3068 re-

2169 3018 2369 3089 ιανιὴλ,
2408 3015 2649 3086 Μιχαὴλ
2678 3017 2720 3073 ,ό
2764 3011 2964 3081 ἄρχων
3013 3008 3200 3080 ὑμῶν.
3245 3006 3459 3075 Ἐπειδὴ
3507 3005 3738 3077 γὰρτδν

475 3113 774 3168 formidare
799 3120 1060 3182 cmperat,
1085 3111 1314 3167 docetur
1335 3109 1505 3165 Jacob
1524 3111 1592 3165 ab
1622 3110 2044 3165 occurrentibus

2170 3110 2248 3165 :06
2275 3109 2461 3164 Λάϐαν
2490 3106 2652 3177 φόϐον
2697 3102 3037 3174 ἀποθέμενος
3059 3143 3072 3166 ,
3109 3099 3393 3171 μετέθεικε
3439 3097 3540 3161 τὰς
3577 3115 3739 3167 φρον-

475 3199 688 3273 angelis
709 3245 724 3266 ,
751 3217 820 3257 ne
849 3193 1171 3257 occursum
1195 3217 1385 3258 eorum
1416 3202 1606 3256 timeat
1639 3201 1732 3271 qui
1759 3200 1906 3255 circa
1939 3198 2044 3253 fra-

2173 3205 2306 3267 τίδας
2333 3205 2414 3264 εἰς
2443 3201 2510 3254 τὰ
2535 3198 2676 3254 κατὰ
2706 3195 2898 3257 Ἠσαῦ.
2927 3194 3202 3248 δείκνυται
3228 3196 3262 3264 ἡ
3283 3191 3611 3263 παρεμϐολὴ
3632 3190 3742 3244 τῶν

476 3306 618 3352 trem
658 3303 840 3351 erant.

2172 3293 2404 3365 Ξιγγέλων
2427 3333 2440 3356 ,
2477 3292 2551 3354 ὡς
2613 3289 2678 3343 ἂν
2716 3288 2791 3359 μὴ
2837 3286 3054 3355 φοϐοῖτο
3105 3285 3202 3358 τὴν
3254 3282 3607 3356 παρεμϐολὴν
3637 3281 3741 3337 τῶν

2162 3387 2428 3440 συνόντων
2459 3381 2626 3438 αὐτοῦ
2661 3381 2738 3451 τῷ
2776 3379 3010 3449 ἀδελφῷ.

553 3503 711 3560 Vers.
754 3503 848 3561 24.
895 3533 966 3542 —
1004 3500 1371 3556 Transmissis
1424 3500 1683 3556 omnibus
1735 3501 1852 3556 suis
1903 3506 2058 3566 trans

2233 3501 2380 3571 Στίχ.
2408 3499 2506 3554 κδ’.
2531 3527 2599 3542 σ-
2624 3498 2836 3558 Πάντας
2868 3493 2926 3548 δὲ
2950 3495 3076 3556 τοὺς
3099 3489 3265 3546 αὑτοῦ
3295 3486 3640 3560 παραγαγὼν
3661 3487 3745 3541 διὰ

482 3595 682 3650 Ilumen
707 3634 721 3658 ,
741 3593 894 3648 solus
920 3601 1052 3646 tunc
1084 3598 1334 3646 remanet
1358 3588 1550 3654 Jacob,
1582 3599 1635 3645 et
1666 3591 1908 3644 luctatur
1935 3604 2051 3643 cum

2179 3591 2256 3646 :06
2291 3587 2540 3659 ποταμοῦ
2561 3631 2576 3654 ,
2610 3588 2705 3642 καὶ
2743 3583 2904 3649 αὐτὸς
2949 3581 3317 3655 ὑποληφθεὶς,
3357 3581 3482 3634 τότε
3531 3579 3748 3634 παλαίει

485 3687 720 3758 quodam
752 3684 857 3755 ipsi
900 3692 1220 3754 apparente.
1253 3679 1352 3737 Hic
1381 3691 1562 3738 autem
1595 3691 1744 3737 certe
1771 3697 1879 3736 non
1917 3682 2054 3736 alius

2180 3681 2242 3752 τῷ
2275 3681 2514 3752 φανέντι.
2549 3679 2659 3732 Καὶ
2699 3671 2851 3739 οὗτος
2899 3669 2966 3745 ἦν
3013 3673 3122 3744 ἄρα
3165 3674 3194 3726 ὁ
3242 3671 3337 3724 ἐπὶ
3359 3672 3459 3741 τῆς
3485 3669 3749 3742 κλίμακος

487 3787 685 3850 prmter
720 3779 871 3832 illum
903 3777 995 3847 qui
1027 3791 1194 3847 super
1236 3774 1438 3830 scalam
1491 3772 1844 3828 incumbebat
1873 3773 1930 3826 in
1965 3773 2056 3828 Be-

2183 3767 2559 3841 ὲστηριγμένος
2600 3767 2699 3836 τῆς
2744 3767 2801 3819 ὲν
2840 3762 3043 3833 Βαιθὴλ
3088 3762 3351 3832 φανείσης
3383 3760 3553 3831 αὐτῷ.
3597 3761 3662 3814 Οἱ
3695 3758 3752 3812 δὲ

488 3870 600 3925 thel
623 3871 816 3923 visam.
869 3867 1059 3939 Angeli
1093 3874 1273 3922 autem
1310 3865 1406 3937 qui
1452 3864 1826 3920 ascendebant
1871 3876 1926 3921 et
1969 3865 2057 3920 de-

2183 3862 2389 3932 ἰγγελοι
2437 3860 2486 3912 οἱ
2528 3856 2910 3918 ἀναϐαίνοντες
2954 3852 3048 3908 καὶ
3080 3851 3540 3914 καταϐαίνοντες,
3578 3851 3612 3920 ἠ
3647 3867 3752 3904 πα-

492 3958 834 4014 scendebant
883 3957 939 4011 in
972 3957 1184 4022 eadem,
1215 3970 1323 4010 nou
1369 3954 1576 4010 diversi
1627 3955 1698 4009 ab
1745 3955 1827 4011 eis
1865 3955 2061 4025 quibus

972 3957 1184 4022 eadem,
1215 3970 1323 4010 nou
1369 3954 1576 4010 diversi
1627 3955 1698 4009 ab
1745 3955 1827 4011 eis
1865 3955 2068 4025 quibus
2173 3953 2412 4027 ρεμϐολὴ
2446 3946 2535 4021 ἦν.

494 4057 834 4104 οίῖθηττθτθί·
2165 4121 2167 4123 ,
2243 4066 2391 4135 Στίχ.
2415 4060 2514 4116 κε’.
2535 4089 2604 4101 -—
2628 4056 2766 4115 Εἷὸε
2791 4057 2878 4116 δὲ.
2909 4056 3096 4127 φησὶν,
3127 4053 3217 4108 ὅτι
3237 4054 3312 4108 οὐ
3339 4051 3588 4106 δύναται
3607 4047 3759 4116 πρδς

566 4162 722 4216 Vers.
753 4161 845 4216 25.
874 4190 944 4202 —
978 4159 1121 4214 Vidit
1146 4168 1343 4225 autem,
1372 4161 1471 4223 ait,
1502 4161 1630 4230 quia
1653 4177 1758 4214 non
1790 4160 1926 4214 ualet
1949 4176 2074 4230 erga

2187 4159 2363 4222 αὐτόν
2381 4173 2395 4187 ο
2431 4153 2529 4208 καί
2555 4151 2755 4220 ’ἥψατο
2782 4150 2888 4204 τοῦ
2907 4147 3174 4212 πλάτους
3198 4144 3306 4200 τοῦ
3320 4141 3521 4213 μηροῦ
3544 4138 3756 4202 αὐτοῦ,

497 4269 634 4316 eum,
667 4263 714 4306 et
745 4253 911 4322 tetigit
936 4251 1274 4308 latitudinem
1295 4251 1513 4322 femoris
1539 4253 1676 4321 ejus,
1705 4261 1756 4306 et
1787 4251 2066 4315 obtorpuit.

2192 4248 2274 4302 καί
2305 4245 2662 4314 ἐνάρκησεν.
2711 4243 2771 4294 '0
2804 4241 2904 4310 μὲν
2936 4237 3132 4293 Ἰακὼϐ
3159 4232 3318 4298 εἶδεν,
3346 4236 3428 4289 ὃτι
3453 4234 3513 4287 οὐ
3539 4231 3761 4285 δύναται

498 4342 667 4398 Jacob
707 4341 842 4396 vidit
877 4342 1005 4412 quia
1045 4356 1154 4396 non
1202 4342 1344 4397 valet
1386 4356 1515 4412 erga
1543 4342 1820 4413 angelum,
1850 4343 2067 4413 angelus

2194 4340 2319 4411 πρὸς
2371 4338 2462 4391 τὸν
2501 4337 2754 4406 ἄγγελον,
2785 4336 2814 4387 ό
2836 4333 2892 4386 δὲ
2918 4330 3147 4400 ἄγγελος
3181 4328 3360 4398 ἥψατο
3397 4323 3492 4379 τοῦ
3525 4323 3763 4385 πλάτους

501 4441 682 4488 autem
711 4433 885 4503 tetigit
920 4433 1268 4490 latitudinem
1300 4433 1530 4492 femoris
1549 4435 1693 4504 ejus.

1143 4449 1268 4490 nem
1300 4433 1530 4492 femoris
1549 4435 1693 4504 ejus.
2106 4452 2153 4511 ι)
2185 4431 2280 4486 τοῦ
2317 4428 2493 4503 μηροῦ
2523 4427 2712 4483 αὑτοῦ.

576 4547 730 4603 Vere.
771 4546 862 4602 26.
904 4577 976 4588 --
1009 4544 1129 4602 Non
1185 4547 1295 4601 alia
1339 4545 1407 4603 de
1444 4562 1616 4604 causa
1645 4546 1780 4601 dicit
1804 4545 2032 4616 angelus
2062 4561 2076 4598 :

2256 4546 2405 4618 Στίχ.
2427 4545 2542 4610 κς¹.
2570 4545 2643 4597 Τό
2678 4559 2741 4613 γε
2765 4541 2870 4613 μὴν
2888 4537 2977 4592 τὸν
2997 4534 3222 4605 ἄγγελον
3246 4536 3440 4596 εἰπεῖν.
3468 4532 3767 4588 Ἀπόστει-

507 4641 725 4696 Dimitte
748 4657 848 4702 me.
871 4655 1034 4711 quam
1075 4650 1136 4695 ut
1161 4638 1425 4694 Jacobum
1457 4639 1659 4694 excitet
1699 4637 1885 4708 illique
1921 4649 2076 4692 occa-

2202 4640 2300 4692 ὶόν
2325 4653 2422 4706 με,
2455 4633 2899 4707 προτρεπομένου
2921 4626 3024 4700 ἦν,
3055 4627 3148 4682 καὶ
3194 4626 3507 4700 παρρησίαν
3533 4622 3771 4711 διδόντος

503 4735 716 4788 sionem
757 4707 997 4802 praebeat
1051 4729 1424 4800 respondendi
1473 4747 1486 4783 :
1545 4727 1671 4782 Non
1700 4738 1749 4782 te
1776 4707 2072 4797 dimittant,

2207 4727 2266 4798 τῷ
2319 4726 2514 4781 Ἰακὼϐ
2561 4726 2733 4778 εἰπεῖν
2752 4761 2767 4786 ,
2799 4722 2880 4774 Οὐ
2902 4719 2982 4789 μή
3005 4734 3080 4772 σε
3106 4715 3468 4778 ἀποστείλω,
3495 4713 3545 4765 εί
3573 4707 3659 4777 μή
3687 4724 3776 4776 με

509 4820 616 4876 nisi
648 4836 730 4874 me
751 4818 1100 4873 benedixeris.

982 4818 1100 4873 eris.
2189 4816 2551 4886 εὐλογήσῃς.

582 4925 738 4985 Vers.
772 4928 864 4982 27.
895 4957 964 4967 —-
997 4925 1099 4981 Hic
1143 4933 1325 4981 autem
1372 4933 1530 4996 rogat
1561 4944 1574 4980 :
1610 4925 1765 4993 Quod
1789 4935 1867 4981 est
1900 4944 2089 4982 nomen

2261 4930 2409 4998 Στίχ.
2445 4929 2546 4992 κζ’.
2578 4959 2643 4968 -—
2685 4927 2744 4980 Ὀ
2783 4925 2838 4979 δὲ
2881 4922 3098 4996 ἐρωτᾷ,
3154 4920 3216 4973 Τί
3255 4917 3324 4970 τὸ
3375 4911 3562 4983 ὄνομὰ
3609 4927 3781 4975 (rev;

514 5025 706 5079 tuum?
731 5023 799 5077 At
831 5022 921 5076 ille
953 5021 1090 5075 dixit
1118 5035 1138 5075 :
1166 5017 1355 5074 Iacob.
1392 5018 1458 5073 Et
1486 5020 1621 5074 dixit
1651 5022 1700 5074 ei
1733 5037 1751 5074 :
1784 5019 1909 5075 Non
1933 5037 2083 5076 voca-

2213 5025 2226 5076 i
2251 5022 2320 5076 δὲ
2340 5018 2526 5081 εἶπεν,
2559 5016 2771 5072 Ἰακώϐ.
2806 5011 2948 5070 Eine
2975 5011 3043 5065 δὲ
3073 5009 3252 5075 αὐτῷ,
3289 5009 3370 5061 οὺ
3401 5002 3782 5071 κληθήσεται

518 5113 658 5167 bitur
687 5114 830 5167 ultra
853 5130 1038 5168 nomen
1069 5123 1217 5166 tuum
1238 5110 1428 5174 Iacob,
1463 5112 1552 5167 sed
1583 5111 1751 5167 Israel
1773 5115 1875 5168 erit
1903 5129 2087 5168 nomen

2213 5114 2260 5166 rd
2300 5109 2489 5180 ὄνομᾶ
2536 5125 2653 5162 σου
2699 5105 2929 5170 Ἰακὼϐ,
2959 5104 3097 5159 ἀλλ’
3146 5101 3183 5169 ἢ
3231 5098 3470 5168 Ἰσραὴλ
3507 5096 3677 5149 ἔσται
3709 5094 3782 5147 τὸ

521 5219 669 5259 tuum
701 5221 718 5258 :
753 5207 876 5276 quia
899 5206 1174 5262 invaluisti
1208 5221 1326 5260 cum
1358 5205 1499 5271 Deo,
1541 5216 1592 5260 et
1626 5223 1744 5260 cum
1791 5206 2090 5262 hominibus

2218 5203 2386 5274 ενομὰ
2417 5217 2534 5278 οςου
2560 5216 2576 5231 ο
2611 5198 2700 5252 ὅτι
2724 5198 3063 5267 ἑνίσχυσας
3093 5191 3242 5262 μετὰ
3274 5189 3457 5254 Θεοῦ,
3481 5186 3579 5242 καὶ
3622 5185 3787 5253 μετὰ

521 5311 702 5365 petens
730 5301 854 5353 eris.
890 5297 1182 5354 Suﬂiciens
1209 5299 1306 5354 tibi
1337 5297 1674 5360 benedictio,
1709 5298 1806 5361 ait,
1832 5298 2090 5352 collucta-

2222 5295 2521 5365 ίνθρώπων
2549 5291 2805 5356 δυνατὸς
2833 5290 2969 5359 ἔσῃ.
3006 5287 3184 5357 Ἱκανή
3211 5303 3312 5349 σοι,
3336 5283 3520 5354 φησὶν,
3554 5278 3791 5344 εὐλογία

525 5393 604 5448 tio
633 5407 756 5446 cum
804 5392 946 5459 Deo;
979 5394 1276 5450 maximum
1311 5392 1408 5448 tibi
1446 5393 1732 5463 signorum
1769 5406 1972 5446 novum
1999 5405 2094 5444 no-

2223 5389 2260 5442 rb
2294 5388 2558 5441 παλαῖσαι
2605 5383 2742 5453 μετὰ
2770 5381 2926 5435 Θεοῦ.
2961 5379 3071 5433 Καὶ
3110 5379 3332 5448 σημεῖον
3367 5373 3507 5427 ἔστω
3549 5387 3628 5424 σοι
3680 5369 3792 5463 μέ-

531 5498 652 5536 men
683 5482 868 5545 Israel,
909 5486 1053 5554 quod
1085 5487 1482 5555 interpretatur
1509 5485 1661 5538 homo
1697 5481 1875 5538 videns
1907 5481 2093 5536 Deum.

2221 5496 2385 5548 Γιστον
2425 5477 2482 5532 τὸ
2531 5473 2745 5546 Ἰσραὴλ
2790 5465 3284 5544 μετονομασθῆναι,
3328 5465 3463 5555 ὅπερ
3498 5461 3643 5555 toi-.0
3672 5457 3790 5555 ᾅν-

532 5568 676 5623 Sane
701 5571 747 5625 si
771 5545 994 5640 angelus
1017 5591 1142 5630 vere
1170 5545 1363 5631 fuisset
1387 5575 1482 5647 qui
1507 5577 1784 5645 apparuit,
1811 5588 2098 5644 perperam

2223 5573 2434 5639 ῖρωπος
2464 5545 2620 5635 ὁρῶν
2652 5562 2820 5617 Θεόν.
2851 5559 2961 5612 Καὶ
3002 5555 3106 5627 μὴν
3141 5557 3188 5608 εί
3218 5554 3317 5621 τὴν
3349 5550 3509 5620 φύσιν
3548 5545 3792 5647 αγγελος

535 5670 829 5715 vocaretur
851 5660 1020 5718 Jacob
1042 5664 1361 5732 lsrael,cnm
1384 5682 1575 5721 verum
1601 5666 1770 5719 Deum
1797 5680 1905 5720 non
1935 5663 2102 5719 vidis-

2226 5637 2269 5733 ξίν
2300 5662 2328 5714 ὁ
2370 5659 2558 5729 φανεὶς
2604 5653 2750 5724 αὖτῷ
2783 5693 2797 5711 ,
2845 5647 3055 5719 ψευδῶς
3107 5642 3375 5712 ἀνεκλήθη
3403 5637 3638 5733 diapth
3653 5638 3795 5733 ’ἀπὸ

537 5765 637 5812 set.
686 5750 831 5808 Deus
879 5764 990 5809 erat
1040 5756 1209 5827 igitur
1251 5757 1392 5812 idem
1431 5771 1496 5813 ac
1540 5757 1704 5812 homo
1743 5764 1792 5814 et
1840 5756 2101 5827 angelus;

2222 5723 2298 5808 :06
2327 5723 2416 5806 τὸν
2444 5750 2545 5804 οὐκ
2581 5747 2709 5802 δντα
2728 5723 2860 5798 Θεὸν
2889 5736 3207 5808 ἑωρακέναι.
3250 5730 3459 5789 Οὐκοῦν
3486 5727 3613 5793 Θεὸς
3652 5723 3731 5796 ἢν
3765 5729 3791 5779 ό
