3974 6146
291 317 400 372 655

1474 300 1905 363 FRAGMENTA
1957 297 2027 357 IN
2071 297 2394 359 om.

3461 317 3568 373 636

289 431 483 494 αὐτὸς,
514 429 615 483 καὶ
656 427 973 498 ἄνθρωπος,
1002 426 1096 480 καὶ⁵
1137 423 1396 494 ἄγγελος·
1432 425 1612 481 πάντα
1639 423 1874 502 ἀληθῶς.

1999 423 2166 476 imnia
2197 439 2358 478 vere:
2380 421 2477 479 sed
2501 422 2690 488 homo,
2715 423 2844 495 quia
2873 425 3192 484 incarnatus
3216 435 3478 500 ;angetus
3498 448 3566 489 ex

304 521 465 578 ’Δλλὰ
494 520 557 575 τὸ
585 519 708 594 μὲν,
739 521 838 592 τῆς
871 517 1345 588 ὲνανθρωπήσεως
1370 532 1384 548 ·
1421 517 1484 574 τὸ
1505 517 1584 582 δι,
1611 516 1712 590 τῆς
1739 519 1882 576 οἱκο-

291 614 480 687 νομιας
498 629 512 643 ⁸
553 614 617 666 τὸ
637 612 716 676 δὲ,
753 614 853 682 τῆς
879 610 1113 679 φύσεως.

873 702 1123 756 usam.
1159 701 1300 770 ων,

362 795 513 865 Στίχ.
549 801 611 848 ε’.
640 823 712 833 -
737 791 898 848 Κόνδ
904 811 936 847 υ
967 792 1086 860 μὲν,
1132 791 1192 845 τὸ
1231 790 1521 859 λεγόμενον
1551 790 1884 844 ἀπλοπότιον

293 886 475 956 λέγει·
499 886 562 940 τὸ
597 886 677 949 δὲ,
712 881 1022 952 οἰωνισμῷ
1052 881 1378 942 οὶωνίζεται
1411 883 1482 936 ἐν
1507 880 1691 946 αὐτῷ,
1724 879 1884 934 τοῦτό

297 995 491 1050 φησιν,
520 979 604 1030 ὅτι
633 976 918 1046 ἔγκριτον,
955 973 1031 1037 ὡς
1079 973 1367 1045 ἄρχοντος,
1413 973 1574 1026 τοῦτό
1601 976 1748 1026 ἐστιν
1779 973 1882 1026 αὐ-

294 1069 386 1123 τοῦ
415 1067 568 1140 παρὰ
590 1070 701 1130 τοῖς
725 1064 1162 1134 συνεσθιομένοις
1185 1065 1316 1118 αὐτὸ
1343 1065 1402 1118 τὸ
1426 1065 1706 1135 ποτήριον.
1729 1064 1882 1134 Ἔχει

296 1161 470 1214 τοίνυν
505 1156 773 1228 σύμϐολον
796 1156 947 1210 ὥσπε
957 1172 989 1228 ρ
1015 1154 1147 1208 αὐτὸ
1174 1153 1273 1224 τῆς
1303 1153 1478 1226 ἀρχῆς
1507 1152 1672 1208 αὑτοῦ
1702 1154 1884 1224 πάσης

299 1248 611 1318 ἑπισουλήν.

878 1336 1132 1391 ΚΕΦΔΛ.
1179 1335 1314 1391 ΜΘ’.

365 1432 517 1504 Στίχ.
549 1431 611 1485 δ’.
629 1459 701 1474 --
729 1429 948 1500 Ἐπειδὴ
972 1429 1081 1500 γὰρ
1107 1428 1235 1481 ἴδιόν
1269 1428 1386 1480 ἐστι
1417 1424 1511 1482 τοῦ
1536 1425 1724 1489 ὓδατος
1757 1424 1884 1496 θερ-

303 1524 586 1596 μαίνεσοαί
621 1541 701 1588 τε,
735 1522 831 1577 τοῦ
860 1522 1031 1593 πυρὸς
1065 1520 1426 1591 ὑποκειμένου
1451 1560 1466 1588 ,
1493 1520 1587 1573 καὶ
1635 1518 1886 1573 ἀποτίθε-

304 1619 424 1672 σθαι
451 1617 551 1690 τὴν
592 1617 802 1687 θέρμην
839 1614 1083 1684 ταχέως,
1126 1611 1220 1666 τοῦ
1262 1613 1432 1684 πυρὸς
1472 1610 1884 1683 ἀφαιρεθέντος,

305 1708 379 1780 μὴ
410 1709 531 1762 κατ’
561 1709 771 1768 ἐκεῖνο,
820 1707 1014 1776 φησὶν,
1065 1703 1320 1758 ἁπόλλοιο
1343 1744 1360 1770 ,
1405 1704 1499 1758 καὶ
1528 1702 1885 1773 ἁφανισθείης

1983 512 2202 584 omcio;
2234 515 2378 574 Deus
2403 523 2589 572 autem
2622 525 2850 572 natura.

2585 703 2740 761 CAP.
2780 702 2964 762 XLIV.

2063 791 2217 850 Vers.
2250 794 2305 850 5.
2354 823 2424 835 —
2461 794 2646 866 Condy
2692 811 2796 851 vos
2846 798 2924 851 nil
2971 805 3164 866 praeter
3202 799 3457 870 poculum
3488 799 3570 858 si-

1983 888 2228 957 gniﬁcat.
2265 888 2331 942 At
2370 887 2533 952 illud,
2568 888 2807 958 Auguria
2835 899 3135 959 auguratur
3164 893 3218 944 in
3253 907 3335 955 eo,
3367 893 3574 946 iudicat

1984 979 2117 1033 illud
2148 979 2320 1034 fuisse
2354 981 2732 1048 praestantius.
2757 990 3016 1050 tanquam
3043 983 3329 1051 principis,
3363 984 3464 1038 boc
3488 992 3574 1039 est

1983 1070 2244 1138 poculum
2276 1084 2388 1140 quo
2425 1071 2570 1126 inter
2601 1072 2870 1127 solemnia
2918 1073 3201 1127 utebatur.
3231 1073 3416 1128 lnnuit
3442 1090 3576 1146 ergo

1984 1174 2074 1216 res
2115 1175 2212 1217 eos
2242 1161 2329 1216 vel
2360 1160 2536 1230 ipsius
2566 1161 2803 1232 imperio
2835 1163 3124 1220 invidisse.

2573 1337 2730 1396 CAP.
2774 1337 2964 1394 XLIX.

2055 1427 2216 1484 Vers.
2242 1428 2297 1486 ι.
2325 1459 2396 1471 -
2422 1430 2560 1486 Cum
2596 1448 2661 1486 ea
2701 1433 2774 1488 sit
2805 1446 2962 1502 aquae
2996 1438 3195 1486 natura
3221 1470 3238 1498 ,
3265 1437 3326 1485 ut
3354 1430 3578 1485 admato

1984 1519 2110 1591 igne
2146 1521 2506 1588 elfervescat,
2547 1531 2605 1578 et
2651 1533 2864 1579 remoto
2897 1525 3021 1594 igne
3067 1525 3270 1578 bullire
3317 1524 3574 1593 protinus

1983 1612 2200 1668 desinat
2225 1652 2242 1680 ,
2272 1613 2464 1669 eadem
2500 1615 2712 1671 ratione
2735 1656 2752 1682 ,
2794 1617 2994 1687 inquit,
3025 1633 3093 1671 ne
3123 1630 3318 1687 pereas
3341 1655 3356 1680 ,
3397 1628 3576 1683 neque

1986 1715 2162 1760 morte
2189 1708 2420 1760 omnino
2450 1723 2773 1763 evanescas.
2809 1708 2926 1764 Hoc
2957 1709 3103 1764 enim
3142 1707 3387 1763 declarat
3414 1705 3572 1769 illud,

301 1805 382 1865 εἰς
427 1801 488 1854 τὸ
519 1799 786 1863 παντελὲς
827 1797 903 1869 τῷ
933 1797 1166 1869 θανάτῳ.
1203 1796 1374 1850 Τοῦτο
1419 1798 1529 1868 γὰρ
1578 1796 1729 1865 λέγει
1754 1836 1769 1860 ,
1795 1795 1876 1862 ὡς

1999 1795 2118 1848 ιὶειιι
2147 1813 2286 1867 aqua
2313 1798 2758 1867 none/fervescu.
2786 1800 3048 1866 Quamvis
3077 1809 3302 1870 peccato
3337 1809 3450 1862 tuo,
3474 1800 3574 1862 ait,

302 1892 457 1962 ὕδωρ
480 1893 568 1962 μὴ
599 1891 880 1957 ἐκζέσης.
905 1889 967 1942 Et
987 1889 1094 1961 γὰρ
1128 1888 1220 1942 καὶ
1247 1887 1308 1941 τὸ
1332 1888 1654 1959 ἁμάρτημα,
1687 1887 1883 1956 φησὶν,

301 1987 448 2054 ἀξιόν
477 1988 624 2040 ἐστιν
655 1983 878 2055 ὄλεθρόν
917 1999 1002 2036 σοι
1046 1982 1346 2050 ἐπαγαγεῖν
1366 2020 1381 2040 ,
1419 1979 1556 2034 ἀλλὰ
1585 1979 1662 2051 μὴ
1711 1978 1886 2042 οὕτως

302 2078 576 2142 ὰπὸλλοιο,
605 2076 741 2147 μηδὲ
773 2075 929 2144 δίκην
963 2071 1152 2134 ὕδατος
1187 2070 1573 2142 διαφθαρείης,
1603 2071 1702 2140 τὴν
1733 2067 1887 2122 ὲνοῦο

303 2187 403 2225 σαν
427 2169 766 2240 ἀποθέμενος
795 2166 1027 2238 θὲρμην,
1061 2162 1139 2234 τῷ
1167 2163 1419 2236 διαδοχὴν
1457 2166 1524 2218 ὲκ
1564 2163 1658 2216 σοῦ
1707 2161 1880 2233 μηδες

306 2264 433 2334 μίαν
466 2261 746 2331 γενέσθαι.

373 2356 527 2426 Στεχ.
561 2361 615 2409 ι’.
632 2351 966 2423 -Εἱρηκὼς
993 2352 1054 2406 τὸ
1079 2351 1179 2422 τῆς
1207 2349 1355 2415 ὄνου,
1377 2350 1542 2421 ἤγουν
1563 2347 1654 2402 τοῦ
1680 2346 1884 2413 πώλου,

303 2451 389 2520 ἐφ’
417 2441 578 2516 ᾧπερ
620 2445 886 2515 ὶκαθέσθη
916 2445 1020 2514 πρὸ
1048 2443 1142 2499 τοῦ
1172 2442 1374 2506 πάθους
1421 2445 1446 2496 ό
1499 2441 1704 2513 Κύριος
1726 2482 1741 2507 ,
1791 2443 1890 2494 ἑπ-

305 2539 438 2606 άγει
464 2533 683 2590 καὶτοῦ
733 2533 930 2597 πάθους
964 2535 1064 2605 τὴν
1113 2536 1364 2606 μήνυσιν.
1390 2531 1618 2588 Πλυνεῖ
1640 2532 1711 2586 ἐν
1744 2531 1890 2599 οἴνῳ

308 2628 430 2696 τὴν
463 2625 702 2692 στολὴν
730 2624 908 2678 αὑτοῦ
930 2664 945 2688 ,
972 2625 1065 2680 καὶ
1112 2625 1183 2678 τὰ
1227 2624 1377 2694 ἑξῆς.
1413 2623 1572 2684 Ἔθος
1599 2625 1665 2694 τῇ
1697 2622 1890 2695 Γραφῇ

313 2721 449 2791 οἴνῳ
480 2718 826 2789 παρεικάζειν
850 2717 942 2781 τὰς
977 2717 1246 2788 τιμωρίας
1297 2717 1390 2770 καὶ
1427 2716 1551 2778 τοὺς
1583 2715 1843 2779 Θανάτους
1871 2731 1886 2746 ο

317 2813 394 2876 ὡς
423 2811 502 2874 τὸ,
531 2809 810 2878 [Ιοτήριον
847 2810 914 2863 ὲν
940 2809 1090 2879 χειρὶ
1113 2808 1332 2876 Κυρίου
1363 2807 1532 2860 οἴνου
1580 2806 1840 2876 ἀκράτου
1871 2823 1886 2838 ο

318 2906 405 2959 ἵνα
433 2902 560 2976 εἴπῃ
583 2943 596 2963 ,
627 2903 704 2955 ὅτι
739 2902 830 2955 ἐπὶ
872 2901 971 2970 τῆς
1009 2901 1255 2967 ἐξουσίας
1300 2899 1415 2952 ἐστὶ
1461 2898 1562 2967 τῆς
1594 2898 1758 2953 αὐτοῦ
1790 2899 1890 2963 τὰς

305 2996 576 3066 τιμωρίας
596 2994 899 3062 ἐπαγαγεῖν
914 2990 994 3055 οἷς
1016 2991 1283 3062 βούλεται.
1307 2990 1604 3044 Κάνταῦθα
1626 2991 1803 3044 τοίνυν
1828 2991 1892 3044 τὸ

305 3089 475 3151 πάθος
506 3086 703 3140 καὶτὸν
718 3085 950 3138 θάνατον
968 3079 1107 3137 οἶνον
1127 3081 1316 3147 εἰπὼν,
1337 3081 1516 3146 καλῶς
1537 3083 1889 3153 προστέθεικε

305 3181 366 3234 τὸ
388 3177 527 3234 εἶναι
550 3174 691 3247 αἷμα
715 3176 816 3246 τῆς
851 3176 1122 3246 σταφυλῆς
1139 3175 1237 3246 τὴν
1261 3174 1555 3247 περιϐολὴν
1584 3174 1748 3228 αὐτοῦ
1767 3190 1780 3202 ·
1814 3175 1889 3238 ὼς
1919 3151 1962 3210 C

310 3274 376 3330 ἂν
405 3274 479 3345 τῷ
527 3273 623 3327 τοῦ
663 3273 896 3343 αἵματος
939 3270 1164 3340 ὀνόματι
1219 3267 1547 3340 σαφέστερον
1573 3265 1790 3339 δηλώσῃ
1831 3265 1891 3319 τὸ

309 3367 500 3432 πάθος.
533 3366 739 3436 Στολὴν
761 3364 860 3434 μὲν
887 3358 982 3416 οὖν
1008 3359 1170 3414 αὑτοῦ
1193 3361 1447 3430 ὀνομάζει
1477 3361 1576 3432 τὴν
1594 3359 1892 3431 ληφθεῖσαν

308 3460 402 3515 τοῦ
441 3459 627 3514 δούλου
665 3457 903 3528 μορφήν.
937 3453 1174 3524 Εὔδηλον
1211 3452 1292 3515 δὲ,
1329 3452 1405 3516 ὡς
1438 3452 1566 3521 οἴνῳ
1595 3449 1892 3504 πλύνοσθαι

309 3553 514 3624 ἐσθῆτα
539 3553 639 3621 οὐχ
665 3545 776 3603 οἷόν
806 3564 884 3600 τε·
902 3546 1208 3600 τούναντίον
1236 3545 1292 3598 δὲ
1317 3545 1412 3598 καὶ
1444 3543 1732 3616 μολύνεται
1765 3544 1893 3614 οἴνῳ

310 3649 500 3709 εὐθὺς,
538 3645 613 3706 ὡς
644 3644 739 3697 καὶ
769 3641 1132 3695 δυσέκπλυτον
1156 3635 1295 3692 εἶναι
1326 3639 1415 3691 τὸν
1444 3637 1504 3701 ἐξ
1536 3635 1698 3689 αὐτοῦ
1733 3635 1896 3713 μολυ-

312 3738 469 3809 σμόν.
530 3735 671 3790 Ἀλλ’
711 3733 897 3803 ἐπειδὴ
925 3735 952 3786 ό
987 3732 1215 3794 θάνατος
1259 3733 1395 3784 πᾶσι
1445 3730 1541 3799 μὲν
1589 3727 1896 3798 ἀνθρώποις

311 3829 572 3892 ἀπόθεσίς
594 3829 710 3880 ἐστι
734 3827 897 3895 ζωῆς,
920 3823 996 3895 τῷ
1017 3824 1071 3877 δὲ
1096 3822 1284 3894 Κυρίῳ
1313 3822 1410 3876 οὐκ
1436 3820 1693 3883 ἁπόΟεσις
1728 3819 1894 3889 ζωῆς.

310 3921 447 3977 ἀλλὰ
483 3920 816 3992 μετάστασις
843 3919 978 3989 πρὸς
1007 3917 1200 3986 ἑτέραν
1231 3917 1350 3970 τινὰ
1384 3915 1665 3981 κρείττονα
1706 3911 1896 3980 γέγονε

314 4013 485 4084 ζωὴν,
501 4014 581 4076 εἰς
601 4013 666 4083 ἦν
680 4013 744 4064 ἐκ
761 4009 968 4081 νεκρῶν
988 4008 1226 4072 ἀναστὰς
1249 4005 1578 4079 μετελήλυθε
1599 4023 1608 4033 ·
1633 4005 1721 4059 διὰ
1740 4004 1899 4058 τοῦτο

313 4107 487 4174 λέγει,
508 4102 828 4159 Πλυνεῖὲν
857 4103 1001 4166 οϊνῳ
1044 4100 1160 4170 τὴν
1197 4098 1423 4166 στολὴν
1461 4097 1647 4152 αὑτοῦ
1667 4137 1682 4161 ,
1710 4096 1806 4152 καὶ
1829 4098 1900 4152 τὰ

1985 1889 2216 1944 exitium
2271 1890 2371 1944 tibi
2415 1893 2831 1962 promerueris,
2875 1907 2944 1947 ne
2977 1905 3163 1947 tamen
3219 1907 3433 1962 pereas,
3473 1906 3578 1946 nec

1985 1978 2162 2036 instar
2187 1996 2343 2052 aqua:
2365 1983 2599 2050 tollaris,
2622 1997 2724 2038 nec
2742 1984 3015 2041 exstincto
3039 1999 3153 2056 quo
3182 1983 3343 2040 ardes
3367 1986 3572 2047 calore,

1985 2085 2248 2141 progenie
2264 2087 2492 2128 omnino
2508 2087 2726 2130 careas.

2059 2347 2218 2404 γωδ.
2255 2347 2338 2404 l0.
2373 2377 2444 2388 —
2479 2346 2775 2404 Nominato
2818 2349 2977 2404 asino
3015 2365 3112 2405 seu
3148 2349 3320 2420 pullo,
3358 2351 3447 2406 cui
3483 2366 3580 2407 sue

1988 2441 2232 2512 persedit
2276 2439 2546 2498 Dominus
2591 2451 2721 2496 ante
2770 2441 3084 2511 passionem
3119 2457 3298 2506 suam,
3352 2458 3498 2498 nunc
3521 2453 3578 2498 et

1991 2533 2163 2601 ipsam
2197 2533 2512 2601 passionem
2556 2540 2849 2588 memorat.
2890 2530 3120 2587 Lavabit
3151 2534 3206 2588 in
3233 2534 3352 2588 vino
3380 2535 3575 2590 stolam

1987 2639 2176 2689 suam,
2209 2633 2263 2679 et
2297 2635 2516 2679 caetera.
2547 2623 2850 2694 Scriptura:
2867 2641 2986 2679 mos
3018 2635 3102 2681 est
3136 2629 3268 2680 vino
3296 2642 3487 2697 ρωπος
3523 2636 3579 2683 et

1990 2725 2223 2769 mortem
2258 2712 2518 2784 ﬁgurare,
2555 2715 2635 2768 uti
2659 2717 2714 2770 in
2739 2716 2834 2769 illo
2862 2734 2875 2770 :
2913 2713 3072 2770 Catia:
3095 2717 3149 2770 in
3178 2734 3338 2771 manu
3369 2719 3580 2773 Domini

1988 2807 2098 2860 uini
2121 2806 2251 2859 meri
2280 2806 2453 2877 (Psat.
2483 2822 2671 2872 ωηεν,
2699 2806 2777 2878 8),
2804 2808 2966 2878 quasi
2993 2809 3175 2874 dicat,
3206 2808 3379 2864 Penes
3408 2810 3579 2864 Deum

1991 2900 2302 2972 estpoznis
2343 2899 2582 2970 aﬂligere
2626 2915 2991 2972 quoscunque
3041 2903 3296 2956 voluerit.
3347 2901 3580 2968 Quando

1993 2993 2162 3062 igitur
2194 2993 2283 3048 hic
2310 2994 2624 3064 passionem
2649 3005 2704 3049 et
2735 3005 2968 3050 mortem
2997 2997 3183 3048 vinum
3227 3004 3410 3060 vocat,
3441 2996 3581 3051 bene

1994 3086 2196 3156 adjecit
2248 3087 2302 3140 in
2350 3089 2621 3156 sanguine
2668 3103 2786 3142 uva
2837 3103 2961 3144 esse
3005 3089 3268 3143 amictum
3315 3090 3472 3158 ejus,
3521 3098 3581 3142 ut

1995 3179 2284 3250 sanguinis
2315 3181 2540 3235 nomine
2586 3181 2902 3249 passionem
2955 3181 3306 3238 manifestius
3330 3185 3582 3238 declara-

1993 3281 2098 3327 ret.
2149 3271 2360 3328 Stolam
2402 3282 2583 3330 autem
2620 3275 2858 3346 appellat
2896 3286 3234 3346 assumptam
3286 3279 3429 3331 servi
3463 3277 3579 3330 for-

1993 3380 2162 3419 mam.
2219 3363 2370 3421 Satis
2419 3375 2603 3420 autem
2647 3375 2874 3435 apparet
2912 3367 3048 3420 vino
3094 3377 3275 3422 vestes
3325 3368 3580 3421 mundari

1992 3472 2102 3512 non
2131 3472 2329 3527 posse;
2351 3457 2462 3512 imo
2485 3458 2613 3510 vino
2640 3459 2890 3526 protinus
2914 3458 2988 3511 ita
3011 3459 3356 3528 polluuntur.
3384 3467 3442 3510 ut
3464 3459 3580 3512 haec

1994 3551 2224 3621 pollutio
2265 3565 2374 3604 non
2408 3550 2516 3604 nisi
2554 3548 2875 3603 diliicillime
2905 3549 3072 3604 deleri
3118 3550 3315 3619 possit.
3354 3550 3423 3602 At
3451 3565 3577 3602 cum

1997 3643 2311 3698 hominibus
2350 3658 2500 3697 mors
2523 3642 2647 3695 vita:
2676 3641 2971 3709 depositio,
3005 3639 3235 3694 Domino
3262 3651 3442 3695 autem
3470 3657 3578 3695 non

1996 3733 2122 3786 vitae
2162 3731 2466 3800 depositio,
2515 3729 2611 3783 sed
2661 3731 2954 3785 translatio
2996 3731 3064 3784 ad
3104 3732 3267 3784 aliam
3295 3734 3577 3786 meliorem

1997 3827 2188 3887 vitam,
2222 3838 2385 3893 quam
2417 3838 2447 3877 e
2485 3822 2719 3876 mortuis
2748 3836 3042 3892 resurgens
3076 3825 3308 3894 accepit,
3334 3825 3456 3879 ideo
3493 3825 3582 3879 di»

1999 3918 2075 3972 cit
2107 3936 2119 3972 :
2150 3915 2376 3970 Lauabit
2423 3916 2477 3968 in
2527 3915 2648 3969 vino
2693 3916 2885 3969 stolam
2929 3932 3082 3970 suam
3103 3956 3119 3982 ,
3155 3929 3210 3973 et
3242 3927 3459 3974 caetera.
3484 3917 3582 3974 His

1999 4009 2144 4062 enim
2210 4008 2486 4080 signiﬁcat
2535 4020 2764 4064 mortem
2821 4008 3047 4066 Christo
3093 4025 3202 4065 non
3248 4011 3314 4066 ad
3361 4025 3581 4081 poenam

1999 4100 2143 4164 dari.
2181 4111 2240 4156 ut
2273 4103 2508 4166 caeteris,
2544 4102 2639 4158 sed
2669 4113 2728 4156 ut
2757 4103 2956 4158 exinde
2990 4102 3260 4159 illustrior
3299 4111 3582 4175 appareat,

314 4200 478 4271 ἑξῆς·
509 4199 594 4252 ἱνα
625 4196 790 4268 εἴπῃ,
832 4196 915 4248 ὅτι
947 4193 1156 4259 δέξεται
1194 4192 1256 4245 τὸ
1288 4190 1460 4254 πάθος
1489 4191 1590 4243 οὐκ
1615 4189 1708 4243 ἐπὶ
1736 4207 1891 4260 τιμω-

2002 4193 2338 4249 immortalis
2371 4203 2427 4251 et
2463 4194 2901 4266 incorruptibilis
2932 4193 3133 4251 factus.

311 4292 434 4367 ρίᾳ,
455 4290 532 4355 ὡς
563 4290 612 4343 οἱ
639 4288 850 4352 λοιποὶ,
881 4286 996 4342 ἀλλ’
1020 4285 1096 4349 ὠς
1127 4285 1261 4338 πολὺ
1300 4282 1684 4354 λαμπρότερος
1714 4280 1775 4347 ἐξ
1800 4280 1900 4332 αὑ-

309 4383 408 4436 τοῦ
440 4385 708 4454 φανῆναι,
749 4381 1015 4444 ἀθάνατος
1039 4379 1131 4433 καὶ
1165 4375 1443 4448 ἄφθαρτος
1469 4374 1727 4445 γεγονώς.

383 4473 538 4543 Στίχ.
573 4473 660 4544 ιβ’.
691 4502 766 4515 -
791 4471 1107 4542 Χαροποιοὶ
1139 4473 1194 4525 οὶ
1233 4469 1526 4538 ὀφθαλμοὶ
1563 4466 1749 4522 αὐτοῦ
1779 4465 1891 4522 ἀπὸ

2075 4465 2234 4524 Vers.
2273 4467 2360 4524 i2.
2387 4495 2460 4507 —
2495 4465 2743 4538 Crutiﬁci
2783 4469 2924 4523 oculi
2966 4470 3082 4539 ejus
3110 4484 3267 4538 super
3298 4470 3498 4533 vinum,
3532 4478 3580 4522 et

311 4566 487 4619 οἷνου
513 4605 528 4629 ,
579 4566 678 4619 καὶ
739 4550 946 4619 λευκοὶ
997 4567 1049 4618 οι
1103 4563 1347 4628 ὀδόντες
1394 4559 1581 4614 αὐτοῦ
1630 4560 1670 4628 ἢ
1720 4557 1897 4629 γάλα.

322 4657 550 4728 Ἐπειδὴ
588 4657 696 4727 γὰρ
724 4656 834 4710 τῶν
863 4656 990 4730 οἴνῳ
1020 4655 1199 4726 πολλῷ
1225 4651 1578 4724 κεχρημένων
1605 4651 1724 4715 ἔθος
1745 4651 1902 4721 ὑφαι-

313 4763 456 4817 μους
503 4763 620 4809 πως
663 4741 800 4799 εἶναι
838 4747 964 4809 τοὺς
997 4744 1309 4815 ὀφθαλμοὺς
1333 4782 1349 4807 ,
1375 4740 1534 4795 τοῦτο
1581 4740 1728 4809 λέγει
1751 4780 1768 4806 ,
1817 4742 1901 4794 ὅτι

308 4836 460 4891 κατὰ
494 4837 595 4907 μὲν
628 4835 689 4888 τὸ
723 4835 893 4900 πάθος
940 4836 1033 4889 καὶ
1074 4836 1163 4888 τὸν
1195 4834 1423 4889 θανάτον
1463 4831 1746 4886 ἀλλοίωσίν
1779 4849 1901 4886 τινα

311 4929 567 4998 φανεῖται
601 4926 892 4998 δεξάμενος
913 4943 924 4956 ’
949 4927 1216 4996 τοσαύτην
1246 4927 1302 4979 δὲ
1333 4925 1443 4992 ἕξει
1488 4925 1581 4977 ἐπὶ
1617 4923 1678 4978 τὸ
1724 4927 1902 4996 κρεῖτ-

307 5037 402 5075 τον
442 5021 746 5092 μεταϐολὴν
769 5061 784 5083 ,
818 5021 890 5085 ὡς
935 5020 1209 5090 γάλακτος
1241 5020 1472 5089 φανῆναι
1499 5018 1897 5089 λαμπρότερος.

323 5112 461 5166 ’Δπὺ
487 5113 598 5183 γὰρ
623 5112 736 5165 τῶν
763 5111 991 5165 ὀδόντων
1017 5150 1032 5175 ,
1065 5111 1141 5175 ὡς
1170 5110 1278 5165 ἀπὸ
1311 5111 1511 5182 μέρους
1531 5150 1546 5174 ,
1585 5111 1646 5163 τὸ
1680 5111 1790 5163 πᾶν
1818 5110 1900 5162 ει-

310 5210 440 5260 πεϊν
462 5205 744 5278 ἠϐουλήθη
769 5222 783 5237 ο
815 5207 909 5260 καὶ
937 5206 1173 5276 μάλιστα
1203 5204 1388 5274 ἐπειδὴ
1420 5221 1533 5268 πως
1555 5204 1902 5274 ἀποκεκρυμ-

311 5300 514 5371 μένους
551 5301 651 5370 μὲν
675 5295 812 5354 εἶναι
837 5302 948 5362 τοῖς
971 5296 1176 5369 χείλεσι
1200 5299 1322 5360 τοὺς
1348 5295 1565 5357 ὀδόντας
1592 5293 1901 5364 συμϐαίνει,

303 5391 708 5459 ἀναφαίνεσθαι
749 5390 806 5443 δὲ
851 5389 1256 5458 διανοιγομένου
1299 5385 1394 5440 τοῦ
1433 5387 1720 5455 στόματος.
1748 5385 1904 5438 Οὕτω

2003 4560 2222 4615 candidi
2263 4560 2444 4614 dentes
2481 4561 2594 4630 ejus
2624 4577 2783 4631 quam
2827 4561 2932 4616 lac.
2967 4561 3198 4629 Quando
3224 4562 3367 4616 oculi
3403 4561 3582 4614 homi-

2003 4670 2137 4708 num
2181 4654 2312 4709 vino
2341 4654 2652 4709 deditorum
2697 4654 3017 4712 subcruenti
3049 4655 3341 4716 videntur.
3376 4652 3586 4708 indicat

2003 4746 2092 4803 bis
2129 4746 2413 4803 Christum
2456 4755 2579 4816 post
2629 4748 2944 4817 passionem
2996 4754 3051 4803 et
3098 4755 3330 4800 mortem
3382 4759 3582 4800 novam

2004 4839 2244 4910 speciem
2268 4847 2645 4910 accepturum.
2677 4840 2828 4895 Adeo
2858 4848 3036 4894 autem
3055 4823 3292 4892 meliora
3321 4838 3587 4891 sortietur

2006 4939 2065 4985 ut
2113 4932 2256 4986 lacte
2305 4932 2594 4985 candidior
2647 4939 2926 5001 appareat.
2994 4929 3128 4983 Nam
3183 4946 3250 4984 ex
3300 4929 3582 4990 dentibus,

2005 5029 2270 5092 tanquam
2306 5039 2371 5077 ex
2404 5033 2560 5093 parte
2585 5063 2599 5087 ,
2633 5032 2809 5079 totum
2843 5025 2956 5078 vult
2983 5022 3319 5093 significare.
3354 5019 3588 5090 Insuper

2004 5115 2464 5186 quemadmodum
2516 5117 2710 5171 dentes
2745 5116 2907 5170 labiis
2959 5115 3308 5176 occultantur
3352 5121 3405 5167 et
3461 5112 3587 5167 dein

2005 5216 2196 5276 aperto
2225 5222 2320 5261 ore
2347 5217 2649 5277 apparent;
2674 5209 2752 5261 ita
2779 5210 2944 5262 etiam
2975 5205 3181 5260 Christi
3211 5203 3418 5258 candor
3448 5211 3589 5257 tem-

2006 5313 2140 5367 pore
2164 5299 2358 5354 mortis
2398 5300 2734 5363 occultatus,
2769 5305 2959 5366 postea
2985 5295 3242 5352 omnibus
3279 5311 3376 5366 per
3400 5311 3588 5352 resur-

2006 5389 2314 5442 rectionem
2348 5388 2655 5458 apparebit.

303 5482 364 5537 δέ
401 5501 516 5565 πῳς
573 5485 670 5538 καὶ
726 5486 761 5556 ἠ
814 5483 943 5554 περὶ
985 5483 1146 5538 αὐτὸν
1192 5481 1513 5554 λαμπρότης
1562 5480 1920 5552 κεκρυμμένη
1975 5483 2116 5539 κατὰ
2167 5483 2257 5538 τὸν
2313 5484 2404 5538 τοῦ
2463 5484 2692 5539 θανάτου
2756 5481 2944 5553 καιρὸν
2999 5483 3407 5554 ἀναφανήσεται
3454 5482 3591 5537 πᾶσι

302 5578 398 5637 διὰ
430 5577 528 5653 τῆς
571 5578 955 5642 ἀναστάσεως.
