3974 6146
405 279 500 338 6δῖ
1575 275 1932 339 THEODORI
1963 275 2196 338 ΗΟΡΒῦ
2207 275 2458 336 ESTEM
2503 337 2510 344 ,
3579 279 3682 342 ΜΒ

1191 473 2025 569 FRAGMENTUM
2113 478 2243 571 IN
2325 475 2890 572 EXODUM.

997 694 1081 749 CA
1092 693 1151 750 Ρ.
1188 692 1383 751 XXVI.
2016 704 2064 762 Δ

2016 704 2064 762 Α
2643 697 2889 753 ΚΕΦΑΛ.
2941 700 3086 765 κεῖν.

466 785 625 844 Vers.
653 785 744 842 35.
785 816 855 828 ——
895 785 1303 842 Candelabrum
1355 795 1478 844 erat
1516 789 1829 861 symbolum
1877 787 1987 844 diei

2161 787 2311 859 Στίχ.
2338 787 2431 843 λε’.
2466 817 2538 830 --
2581 789 2646 842 Ἦ
2687 790 2744 843 δὲ
2773 790 2958 860 λυχνία
2989 787 3256 860 σύμϐολον
3294 784 3363 860 ἦν
3403 789 3507 861 τῆς
3545 787 3681 843 ἀπο-

397 895 426 933 ιι
472 879 580 934 Deo
607 877 859 948 perfecti.
897 876 1245 933 Undeetiam
1274 890 1486 949 septem
1519 881 1783 935 lucernas
1819 881 1966 936 habet

2116 880 2420 952 ἐλουμένης
2465 883 2616 952 παρὰ
2655 882 2748 935 τοῦ
2774 882 2908 935 Θεοῦ
2952 881 3184 952 ἡμέρας.
3217 880 3382 934 Ὅθεν
3423 882 3518 933 καὶ
3545 881 3685 933 ἑπτὰ

398 972 507 1033 bat,
537 971 740 1041 quibus
772 969 1072 1024 hebdomas
1099 969 1314 1023 dierum
1351 969 1714 1040 ﬁgurabatur.
1746 970 1824 1026 Ita
1852 972 1967 1041 qui-

2117 971 2216 1034 ὀὓς
2236 974 2421 1044 φωστῆ
2430 990 2530 1044 ρας
2549 969 2684 1043 εἶχε,
2705 973 2970 1042 σύμϐολον
2989 972 3090 1042 τῆς
3109 971 3402 1040 ἑϐδομάδος
3421 972 3530 1025 τῶν
3547 973 3686 1043 ἡμε-

394 1064 517 1119 dem
559 1062 924 1117 constitutum
946 1069 1066 1116 erat
1092 1061 1248 1130 prius
1268 1061 1706 1118 tabernaculum.
1731 1063 1798 1116 At
1823 1063 1963 1118 simu

2114 1063 2222 1118 ιῶν.
2241 1065 2398 1118 Οῦτω
2420 1067 2518 1135 μὲν
2539 1064 2633 1118 οὖν
2674 1062 2819 1136 εῖχεν
2835 1069 2868 1135 ή
2890 1064 3084 1136 πρώτη
3107 1065 3302 1135 σκηνή,
3321 1066 3487 1132 Λέγει
3508 1064 3566 1117 δὲ
3592 1066 3683 1118 καὶ

394 1158 577 1212 omnia
602 1155 771 1224 figura
794 1154 1143 1224 posterioris.
1166 1153 1304 1206 Nam
1335 1168 1464 1207 arca
1497 1153 1810 1208 testamenti
1848 1152 1963 1208 indi

2114 1156 2161 1208 τὰ
2175 1157 2275 1225 τῆς
2292 1156 2570 1227 δευτέρας.
2588 1157 2651 1210 Ἥ
2671 1158 2769 1225 μὲν
2795 1153 2888 1211 οὖν
2915 1156 3146 1220 κιϐωτὸς
3164 1156 3265 1227 τῆς
3278 1155 3566 1227 διαθήκης,
3582 1156 3683 1226 τῆς

393 1251 558 1303 cabat
610 1249 819 1302 cultum
874 1255 928 1301 et
977 1247 1318 1314 agnitionem
1371 1243 1508 1312 Dei;
1555 1247 1756 1301 tabula:
1807 1253 1962 1301 auten

2112 1245 2183 1299 τοῦ
2210 1246 2365 1300 Θείου
2393 1247 2687 1318 θεραπείας
2705 1265 2763 1300 τε
2787 1247 2880 1302 καὶ
2902 1249 3252 1316 ἐπιγνώσεως
3279 1247 3549 1317 σύμϐολον
3570 1243 3638 1318 ἦν
3664 1263 3681 1280 ⁸

393 1340 711 1396 testamenti
756 1353 878 1408 quae
913 1340 968 1392 in
1010 1353 1162 1402 arca,
1187 1346 1243 1392 et
1290 1340 1441 1408 virga
1484 1336 1667 1391 Aaron
1710 1336 1962 1406 significa

2113 1339 2148 1392 ιί
2171 1339 2225 1391 δὲ
2243 1340 2300 1390 ὲν
2330 1340 2467 1409 αὐτῇ
2501 1339 2707 1402 πλάκες
2727 1340 2827 1409 τῆς
2849 1340 3135 1411 διαθήκης,
3162 1344 3255 1394 καὶ
3280 1343 3313 1410 ή
3343 1339 3438 1392 τοῦ
3471 1339 3682 1409 Ἀαρὼν

393 1442 524 1491 Dant
545 1435 786 1488 divinum
807 1432 1014 1487 cultum
1039 1433 1172 1502 legis
1190 1432 1577 1489 observatione
1600 1438 1654 1485 et
1676 1429 1853 1483 sacris
1873 1426 1962 1481 riti

2112 1432 2318 1497 5d660g,
2347 1433 2502 1487 τοῦτο
2539 1435 2837 1504 ἐσήμαινον
2857 1452 2871 1465 ·
2918 1435 2981 1489 τὺ
3013 1434 3112 1506 τὴν
3144 1436 3272 1507 περὶ
3309 1436 3399 1489 τὸν
3429 1435 3563 1489 Θεὸν
3591 1432 3681 1487 θε-

394 1527 497 1581 bus
524 1527 732 1596 perlici.
767 1522 917 1578 Urna
942 1539 1144 1578 manna
1181 1526 1391 1580 habens
1422 1520 1842 1578 commendabat
1873 1531 1963 1573 me

2111 1525 2327 1578 ιαπείαν
2356 1525 2444 1580 διά
2467 1542 2529 1578 τε
2575 1527 2673 1594 τῆς
2703 1527 2810 1578 τῶν
2853 1526 3099 1597 νομίμων
3129 1525 3470 1597 πληροῦσθαι
3508 1527 3680 1596 φυλα-

393 1619 626 1672 moriam
663 1617 950 1686 temporis,
985 1631 1095 1686 quo
1127 1615 1203 1670 ita
1231 1631 1260 1670 a
1296 1615 1410 1671 Deo
1436 1613 1664 1678 eruditi,
1695 1625 1898 1666 manna
1933 1611 1962 1663 il

2110 1615 2196 1685 ιῆς
2216 1655 2230 1679 ,
2259 1615 2352 1668 καὶ
2381 1615 2478 1686 τῆς
2507 1613 2644 1668 κατὰ
2681 1614 2775 1686 τὴν
2807 1615 3077 1686 ἱερατείαν
3110 1614 3472 1686 λειτουργίας.
3520 1615 3584 1668 Ἡ
3615 1614 3679 1667 δὲ

392 1709 613 1763 deserto
637 1706 1027 1761 vescebantur.
1056 1703 1390 1758 Declarabat
1409 1704 1575 1758 etiam
1608 1715 1840 1755 aureum
1864 1699 1961 1752 thu

2108 1706 2152 1760 τὸ
2180 1706 2354 1776 μάννα
2383 1705 2582 1775 ἔχουσα
2615 1706 2848 1777 στάμνος
2867 1750 2881 1772 ,
2911 1707 3212 1779 ὑπόμνημα
3241 1703 3308 1778 ἦν
3336 1707 3430 1760 τοῦ
3460 1705 3677 1776 καιροῦ,

397 1803 634 1857 ribnlum
687 1809 902 1871 gratam
951 1813 1077 1853 esse
1123 1798 1235 1853 Deo
1279 1806 1336 1854 et
1380 1803 1696 1866 accceptam
1731 1795 1966 1848 virtuten

2112 1797 2216 1851 ιαθ’
2251 1798 2310 1851 ὃν
2335 1797 2510 1852 ταῦτα
2535 1797 2685 1868 παρὰ
2709 1797 2803 1850 τοῦ
2829 1796 2967 1850 Θεοῦ
3001 1797 3401 1868 παιδευόμενοι,
3443 1797 3505 1849 τὸ
3545 1797 3681 1867 μάν-

393 1909 515 1965 qua:
547 1894 631 1946 his
677 1891 988 1961 perficitur.
1032 1889 1301 1944 lnnuehat
1331 1903 1529 1943 aurum
1564 1902 1633 1942 ex
1656 1885 1807 1941 omni
1833 1892 1962 1956 part

2111 1905 2157 1942 ια
2181 1887 2321 1941 κατὰ
2340 1888 2440 1959 τὴν
2467 1887 2676 1960 ἔρημον
2704 1887 3064 1958 διετρέφοντο.
3100 1888 3174 1940 Τὸ
3216 1887 3398 1958 μέντοι
3444 1885 3680 1958 χρυσοῦν

394 1989 536 2043 nihil
571 1988 630 2041 in
674 1986 841 2042 terris
876 1984 988 2040 Deo
1027 1983 1204 2053 magis
1245 1983 1463 2052 placere
1493 1995 1658 2051 quam
1701 1978 1963 2033 hominun

2112 1979 2478 2049 ιυμιατήριον,
2509 1976 2777 2048 σύμϐολον
2805 1976 2899 2030 τοῦ
2930 1977 3118 2032 δεκτὸν
3157 1973 3297 2031 εἶναι
3337 1977 3416 2048 τῷ
3442 1978 3563 2049 Θεῷ
3585 1977 3681 2031 καὶ

393 2081 546 2135 circa
598 2079 854 2148 pietatem
899 2076 1166 2132 studium.
1215 2073 1516 2129 Cherubim
1573 2085 1698 2143 qua
1749 2071 1956 2140 desupe

2111 2071 2186 2143 ιδὺ
2243 2070 2344 2142 τὴν
2396 2069 2505 2123 ἀπὸ
2557 2068 2762 2123 τούτων
2817 2068 3199 2140 πληρουμένην
3259 2069 3488 2140 ἀρετήν.
3543 2068 3680 2138 Περὶ

392 2181 574 2235 erant,
608 2179 766 2226 erant
797 2170 1063 2224 memoria
1086 2168 1449 2223 invisibilinm
1474 2176 1528 2222 et
1551 2165 1961 2220 ministratoriat

2106 2166 2272 2220 πάντα
2301 2164 2358 2217 δὲ
2379 2162 2578 2235 χρυσὸς
2602 2203 2618 2226 ,
2648 2163 2728 2226 είς
2770 2164 2991 2234 μήνυμα
3028 2161 3122 2216 τοῦ
3150 2162 3368 2216 πάντων
3395 2157 3540 2215 εἷναι
3567 2160 3675 2213 τῶν

394 2279 517 2318 rum
565 2263 852 2316 virtutum.
907 2261 1058 2327 Quas
1109 2261 1254 2316 inter
1305 2259 1476 2316 Deum
1511 2257 1723 2314 versari
1752 2255 1963 2311 deceba‘

2106 2260 2183 2313 επὶ
2209 2259 2311 2327 γῆς
2342 2256 2684 2328 τιμιωτέρων
2705 2256 2824 2327 Θεῷ
2845 2256 2942 2327 τὴν
2975 2257 3102 2327 περὶ
3128 2255 3303 2310 ταῦτα
3329 2255 3438 2308 τῶν
3459 2252 3675 2325 ἀνθρώ-

393 2371 519 2411 cum
575 2353 944 2410 invisibilibus
988 2353 1326 2419 virtutibus,
1367 2363 1632 2425 tanquam
1685 2349 1956 2404 ministris

2101 2367 2207 2405 πων
2244 2349 2562 2421 ἐμμέλειαν.
2613 2348 2694 2402 Τὰ
2742 2347 2799 2400 δὲ
2849 2347 3105 2419 ὑπεράνω
3132 2348 3336 2402 τούτων
3368 2346 3670 2418 Χερουϐὶμ,

394 2449 474 2502 ιιιί
507 2447 739 2509 soleret,
771 2454 825 2500 et
859 2460 962 2516 per
995 2460 1059 2500 ea
1103 2455 1304 2501 cuncta
1332 2457 1593 2516 peragere
1621 2456 1745 2512 quae
1773 2441 1843 2495 ad
1870 2440 1963 2496 uti-

2100 2442 2317 2513 αήνυμα
2352 2441 2462 2495 τῶν
2493 2440 2740 2513 ἀοράτων
2785 2441 2881 2494 καὶ
2927 2440 3316 2512 λειτουργικῶν
3347 2438 3632 2511 δυνάμεων
3652 2454 3669 2470 ·

394 2541 600 2594 litatem
634 2539 942 2592 animarum
971 2544 1286 2593 nostrarum
1325 2538 1627 2608 pertinent.

2104 2527 2160 2588 [ιν
2199 2535 2258 2587 δν
2309 2533 2458 2604 μέσῳ
2483 2530 2688 2585 τούτων
2716 2531 2806 2585 τὸν
2841 2529 2973 2585 Θεὸν
2998 2531 3358 2602 χρηματίζειν
3419 2530 3673 2586 συνέσεισ-

395 2646 517 2685 νενο
547 2632 736 2702 ἐπειδὴ
783 2633 876 2686 καὶ
924 2634 1044 2696 ταῖς
1106 2631 1358 2704 ἀοράτοις
1404 2629 1712 2701 δυνάμεσι,
1781 2628 2048 2692 διακόνοις
2078 2626 2386 2699 κεχρῆσθαι
2448 2625 2527 2698 τῷ
2575 2625 2695 2698 Θεῷ
2750 2624 2908 2691 ἔθος,
2956 2627 3054 2680 καὶ
3103 2624 3193 2678 διὰ
3239 2625 3448 2680 τούτων
3497 2628 3672 2681 πάντα

395 2723 638 2798 πληροῦν
670 2726 737 2780 τὰ
775 2727 857 2790 είς
891 2725 1159 2797 ὠφέλειαν
1188 2725 1530 2781 συντείνοντα
1554 2725 1665 2778 τῶν
1695 2725 1986 2797 ἡμετέρων
2023 2722 2232 2794 ψυχῶν.

1396 3007 1938 3100 EJUSDEM
2037 3005 2668 3101 THEODOBI

1113 3223 1887 3340 EXPOSITIO
2007 3223 2157 3336 IN
2259 3220 2942 3342 PSALMOS.

995 3446 1069 3497 Ex
1113 3449 1288 3496 catena
1323 3443 1624 3497 Corderiana
1647 3441 1700 3493 in
1724 3443 1967 3506 Psalmos,
1990 3443 2199 3495 insertis
2217 3457 2312 3495 suo
2329 3445 2442 3495 loco
2463 3447 2752 3510 fragmentis
2773 3449 2894 3500 alias
2917 3449 3081 3503 editis.

974 3745 1304 3804 PSALMUS
1340 3746 1382 3803 1.
2012 3748 2056 3808 C

2012 3748 2056 3808 C
2664 3749 2812 3803 ΨΑΛ
2821 3751 2861 3802 Μ
2873 3752 2957 3805 ΟΣ
2993 3754 3071 3807 Α’.

465 3840 632 3899 Vsus.
661 3838 1051 3897 L—Theodori
1071 3841 1402 3896 Antiochem‘.
1431 3840 1567 3896 Cum
1593 3838 1739 3895 Deus
1761 3837 1982 3910 proprie

2159 3841 2308 3913 Στίχ.
2342 3847 2413 3896 α’.
2461 3872 2531 3882 -
2571 3841 2873 3910 Θεοδώρου
2917 3845 3289 3914 Ἀντιοχείας.
3345 3846 3574 3919 Κυρίως
3617 3850 3671 3904 δὶ

396 3934 590 3991 beatus
612 3934 684 3990 sit
716 3931 942 4004 [Paulus
973 3932 1120 3986 enim
1145 3934 1222 3986 ait
1254 3952 1268 3988 :
1297 3932 1498 3988 Beatus
1527 3947 1590 3985 ac
1619 3931 1766 3985 solus
1795 3941 1965 4000 potem

2101 3931 2361 4001 ιακάριος
2388 3931 2464 3984 ὢν
2500 3933 2528 3984 ὁ
2567 3931 2700 3996 Θεὸς
2741 3931 2984 4002 (Παῦλος
3017 3935 3124 4006 γάρ
3153 3951 3348 4004 φησιν,
3393 3937 3457 3990 '0
3480 3940 3670 4010 μακάο

397 4026 461 4098 (Ι
488 4025 626 4080 Tim.
669 4039 744 4088 vi,
780 4021 919 4096 ιδῃ,
945 4022 1109 4093 hujus
1140 4037 1242 4078 nos
1277 4021 1656 4093 appellationis
1689 4021 1966 4090 participe:

2101 4040 2209 4089 >ιος
2250 4023 2350 4076 καὶ
2383 4025 2570 4092 μόνος
2602 4022 2989 4093 δυνάστης),
3029 4027 3302 4096 μετέδωκε
3342 4028 3551 4100 ταύτης
3575 4032 3670 4100 τῆς

395 4116 614 4184 effecit,
675 4125 736 4172 ut
795 4119 889 4188 qui
938 4117 1102 4172 etiam
1148 4115 1325 4171 fidelis
1380 4115 1564 4170 dictus
1605 4113 1724 4169 sit:
1776 4111 1964 4166 Fideli:

2100 4115 2456 4186 τροσηγορίας
2497 4116 2630 4185 ἡμῖν
2655 4155 2668 4180 ,
2694 4117 2769 4181 ὡς
2816 4119 2910 4170 καὶ
2955 4119 3148 4182 πιστὸς
3193 4120 3545 4190 καλούμενος.
3572 4124 3669 4174 Ht-

395 4208 568 4272 enim,
608 4206 808 4276 inquit,
841 4205 1004 4271 Deus,
1032 4219 1126 4274 per
1159 4219 1312 4276 quem
1338 4203 1516 4258 vocati
1573 4203 1700 4256 estis
1760 4199 1811 4272 (Ι
1849 4200 1964 4256 Cor.

2094 4209 2230 4272 γτὸς
2268 4196 2378 4278 γὰρ
2402 4247 2416 4270 ,
2449 4207 2641 4278 φησὶν,
2678 4211 2710 4262 ό
2744 4208 2888 4275 Θεὸς
2913 4251 2927 4276 ,
2968 4209 3044 4264 δι’
3079 4207 3152 4267 οὗ
3181 4211 3496 4280 ἐκλήθητε.
3536 4214 3663 4277 Καὶ,

399 4315 439 4366 ι,
467 4297 546 4367 9).
589 4297 676 4362 Et,
710 4296 854 4351 Deus
879 4296 1080 4366 ﬁdelia,
1109 4306 1160 4353 et
1200 4313 1306 4352 non
1338 4305 1417 4352 est
1455 4296 1712 4366 iniquitas
1757 4296 1812 4349 in
1861 4295 1968 4364 ipsa

2096 4299 2228 4367 Θεὸς
2253 4301 2498 4367 πιστὸς,
2537 4300 2635 4354 καὶ
2665 4303 2777 4356 οὐκ
2819 4301 2991 4355 ἐστιν
3022 4301 3221 4357 ἀδικία
3252 4305 3323 4358 ἐν
3356 4302 3538 4370 αὐτῷ.
3563 4305 3665 4359 οὔ·

399 4390 584 4462 (Deut.
618 4405 788 4454 xxvii,
824 4389 904 4460 4).
934 4387 1026 4444 Sic
1050 4389 1215 4443 etiam
1239 4389 1372 4444 deos
1402 4397 1581 4454 vocat,
1616 4387 1776 4458 juxta
1799 4387 1968 4442 illud:

2097 4409 2186 4456 τως
2232 4393 2326 4445 καὶ
2364 4391 2521 4455 Θεοὺς
2567 4393 2757 4457 καλεῖ,
2802 4393 2946 4448 κατὰ
2989 4393 3051 4447 τὸ
3076 4433 3090 4460 ,
3139 4393 3287 4463 Ἐτὼ
3331 4391 3501 4460 εἶπα,
3545 4397 3666 4452 θεοί

398 4483 509 4555 Ego
555 4483 672 4537 dixi
697 4498 714 4538 :
742 4482 835 4535 Dii
873 4483 1002 4536 estis
1045 4481 1222 4554 (Psal.
1271 4497 1472 4550 um,
1501 4481 1581 4554 6).
1633 4479 1842 4536 Nomen
1873 4479 1967 4536 ita-

2095 4486 2243 4540 ἔστε.
2267 4486 2342 4540 Τὸ
2377 4481 2470 4540 οὖν
2493 4485 2786 4556 μακάριος
2826 4488 3017 4559 ὄνομα,
3049 4487 3150 4560 τῆς
3178 4489 3300 4542 κατ’
3328 4489 3532 4562 ἀρετήν
3577 4505 3664 4544 τε·

395 4591 501 4648 quc
526 4576 684 4641 beati,
727 4573 944 4629 fructus
985 4582 1070 4629 est
1119 4574 1480 4646 perfectionis
1514 4577 1571 4631 in
1603 4576 1828 4634 virtute.

1302 4577 1480 4632 :tionis
1514 4577 1571 4631 in
1603 4576 1828 4634 virtute.
2082 4578 2356 4650 λειότητος
2388 4579 2621 4651 ὑπάρχει
2646 4581 2871 4650 καρπός.

972 4664 1292 4721 PSALMUS
1327 4666 1389 4722 Il.

2672 4671 2964 4725 ΨΑΛΜΟΣ
3003 4672 3077 4727 B'.

465 4757 633 4816 Vens.
659 4761 711 4815 Ι.
742 4790 809 4801 --
836 4757 1101 4814 The'odori
1120 4759 1451 4817 Antiochrni.
1489 4757 1610 4816 Non
1639 4761 1773 4818 dicit
1798 4765 1974 4835 gentes

2152 4765 2299 4835 Στίχ.
2337 4764 2406 4818 α’.
2437 4795 2505 4805 -
2535 4762 2837 4832 Θεοδώρου
2881 4763 3216 4834 Ἀντιοχέως
3241 4764 3340 4838 (1).
3382 4765 3457 4820 Οὐ
3486 4765 3661 4834 λέγει,

393 4855 662 4920 absolute,
687 4855 764 4908 ita
793 4861 854 4908 ut
885 4852 1110 4908 omnino
1140 4866 1334 4908 omnes
1385 4853 1778 4925 comprehendi
1815 4865 1962 4927 pute-

2094 4858 2152 4914 τὰ
2177 4859 2342 4928 ἔθνη,
2362 4861 2498 4930 μετὰ
2518 4859 2612 4913 τοῦ
2636 4860 2736 4931 ἇρθ
2747 4878 2858 4932 ρου,
2895 4860 2982 4914 ’ίνα
3012 4861 3221 4926 πάντας
3254 4859 3663 4932 περιλαμϐάνε-

461 5009 538 5080 (l)
571 5007 802 5089 Speravi
831 5007 1054 5089 quidem
1095 5006 1333 5089 majores
1359 5023 1448 5064 me
1477 5020 1664 5089 partes
1687 5009 1966 5089 editurum
2069 5029 2287 5089 semper
2319 5017 2550 5089 intelligi
2606 5015 2956 5073 Theodorum
3011 5019 3168 5073 illum
3194 5059 3208 5083 ,
3244 5019 3340 5089 qui
3387 5019 3492 5074 fuit
3542 5018 3668 5074 Mo-

391 5076 921 5135 commeutariorum
963 5076 1239 5136 Theodori
1279 5076 1654 5157 Mopsuestcui
1699 5082 1970 5157 aduPsal-
2070 5076 2335 5157 psuéstive
2359 5076 2684 5157 episcopus,
2719 5090 3068 5157 exploratum
3095 5076 3207 5146 est.
3238 5076 3398 5145 Edita
3432 5092 3562 5146 item
3592 5094 3665 5146 ab

394 5165 514 5232 mos
531 5167 560 5231 ;_
591 5158 987 5232 verumtamen
1021 5165 1130 5203 non
1181 5151 1350 5232 semel
1406 5152 1649 5232 comperi
1702 5153 1968 5232 reliquias
2072 5151 2198 5232 aliis
2216 5151 2518 5232 recudenda
2554 5151 2940 5232 non—iudicavi
2963 5177 2985 5232 ;i
3009 5169 3065 5215 et
3105 5175 3227 5232 cum
3265 5161 3382 5216 otio
3427 5162 3667 5218 minime

392 5220 517 5301 ejus
550 5221 846 5301 incatenis
867 5219 1275 5301 obvias..modo
1296 5235 1424 5301 esse
1443 5221 1486 5275 Τ
1493 5219 1969 5301 lieodoriiricerti,
2073 5226 2372 5292 abundem,
2405 5230 2547 5282 duos
2573 5219 2784 5301 tantum
2811 5219 2990 5284 evolvi
3023 5230 3267 5301 codices,
3299 5246 3495 5301 nempe
3522 5246 3669 5300 pra:-

393 5291 560 5344 modo
583 5293 749 5344 etiam
777 5289 1146 5370 Theodoreti;
1175 5298 1376 5370 praeter
1403 5293 1608 5370 multas
1641 5309 1672 5346 a
1701 5293 1972 5370 Co_rderio
2076 5305 2314 5370 stantem
2343 5289 2406 5352 ac
2441 5307 2679 5370 veterem
2714 5295 2840 5353 Vat.
2868 5301 2975 5354 754
3015 5299 3128 5370 (Α).
3167 5311 3222 5356 et
3249 5289 3664 5369 recentiorem,

395 5361 1041 5442 praeoccupatas.ultaque
1077 5376 1146 5416 ne
1190 5362 1319 5442 quid
1355 5364 1678 5442 ambiguum
1721 5365 1966 5442 ederem,
2075 5369 2196 5442 sed
2226 5370 2399 5442 multo
2449 5369 2821 5442 copiosiorem
2876 5361 3190 5425 Vat.‘l'682
3244 5371 3350 5442 (Β).
3402 5361 3666 5426 Latinam

393 5431 729 5512 illatantum
771 5431 902 5484 mihi
947 5443 1228 5501 segmenta
1261 5433 1537 5487 vindicavi
1591 5434 1653 5504 (i.
1687 5451 1733 5487 e.
1767 5434 1964 5505 fragm.
2073 5438 2311 5512 denique
2334 5431 2584 5512 brevium
2609 5439 2803 5512 horum
2828 5449 3217 5512 excerptorum
3234 5431 3669 5512 translationem

392 5499 448 5550 in
489 5499 627 5564 psal.
659 5513 722 5561 ιι,
769 5514 854 5560 ιιι,
886 5516 940 5565 v,
978 5499 1052 5564 vi,
1080 5519 1180 5568 vn,
1208 5517 1332 5568 vm,
1367 5519 1443 5568 εχ,
1474 5519 1554 5568 χι,
1585 5499 1688 5566 in,
1722 5499 1966 5581 xinfxv,
2075 5508 2200 5581 aliis
2223 5499 2288 5564 ἐἰ
2323 5509 2510 5564 volent
2562 5508 2870 5565 faciendam
2921 5499 3169 5580 permisi.
3203 5510 3334 5564 Mihi
3381 5511 3665 5581 integrum

394 5581 1107 5660 ξ.Ἶά,Ξῖ111-ξέινὶξ..¹¹.ξῖ¹¹
1135 5588 1350 5660 ’.ἔὲἱῆ
1382 5588 1681 5660 νοτηιέέέν
1713 5590 1837 5660 1"“.
1855 5576 1966 5628 3"“
2077 5576 2134 5660 ἱη
2167 5581 2481 5660 ,υτοιπιθὲειδ
2531 5576 2994 5660 οοπηεηθιίιεηίμὶιυ
3039 5581 3108 5635 de
3148 5576 3671 5660 Ετπεο..ἐτ³¹ΞΨ”¹ι

394 5635 967 5722 locisiuterceruimus.
995 5640 1103 5719 _En.
1146 5640 1371 5708 Pura),
1409 5635 1968 5722 quaeATheodorino-
2077 5635 2595 5708 feazi‘sse'satisiest.
2635 5649 2955 5722 (MAI,Bibl.
2994 5666 3108 5705 ιιου.
3139 5635 3317 5717 Pam,
3347 5649 3457 5718 VII,
3493 5653 3662 5708 590.)

393 5706 643 5763 minatiin
695 5706 1006 5761 Antiocheni
1053 5725 1254 5766 nomen
1305 5706 1611 5781 gerebant,
1659 5728 1770 5785 quo
1806 5715 1969 5770 titulo
