  <div class='ocr_page' id='page_1' title='image "/cluster/home/n/w/nwhite01/storage/ocr_20150623/66/mdp.39015008467477/332.png"; bbox 0 0 3974 6146; ppageno 0'>
   <div class='ocr_carea' id='block_1_1' title="bbox 251 287 1820 379">
    <p class='ocr_par' dir='ltr' id='par_1_1' title="bbox 251 287 1820 376">
     <span class='ocr_line' id='line_1_1' title="bbox 251 287 1820 376; baseline 0.004 -14"><span class='ocrx_word' id='word_1_1' title='bbox 251 317 359 376; x_wconf 71' lang='grc' dir='ltr'>εις</span> <span class='ocrx_word' id='word_1_2' title='bbox 1415 287 1820 369; x_wconf 65' lang='lat' dir='ltr'><strong>&#39;nxrosirto</strong></span> 
     </span>
    </p>
   </div>
   <div class='ocr_carea' id='block_1_2' title="bbox 1928 287 3497 379">
    <p class='ocr_par' dir='ltr' id='par_1_2' title="bbox 1956 311 3497 379">
     <span class='ocr_line' id='line_1_2' title="bbox 1956 311 3497 379; baseline 0.001 -13"><span class='ocrx_word' id='word_1_3' title='bbox 1956 311 2297 367; x_wconf 80' lang='lat' dir='ltr'>PSAL‘MOS.</span> <span class='ocrx_word' id='word_1_4' title='bbox 3391 322 3497 379; x_wconf 70' lang='lat' dir='ltr'>csa</span> 
     </span>
    </p>
   </div>
   <div class='ocr_carea' id='block_1_3' title="bbox 248 386 1817 510">
    <p class='ocr_par' dir='ltr' id='par_1_3' title="bbox 248 432 1817 509">
     <span class='ocr_line' id='line_1_3' title="bbox 248 432 1817 509; baseline -0.003 -18"><span class='ocrx_word' id='word_1_5' title='bbox 248 438 376 491; x_wconf 88' lang='grc' dir='ltr'>σθαι</span> <span class='ocrx_word' id='word_1_6' title='bbox 418 433 667 509; x_wconf 79' lang='grc' dir='ltr'>νομίσῃς,</span> <span class='ocrx_word' id='word_1_7' title='bbox 699 433 838 500; x_wconf 80' lang='grc' dir='ltr'>ἀλλ’,</span> <span class='ocrx_word' id='word_1_8' title='bbox 871 432 1039 500; x_wconf 77' lang='grc' dir='ltr'>ἔθνη,</span> <span class='ocrx_word' id='word_1_9' title='bbox 1088 433 1177 486; x_wconf 75' lang='grc' dir='ltr'>ἐπὶ</span> <span class='ocrx_word' id='word_1_10' title='bbox 1211 435 1434 504; x_wconf 84' lang='grc' dir='ltr'>μερικόν</span> <span class='ocrx_word' id='word_1_11' title='bbox 1477 452 1528 487; x_wconf 92' lang='grc' dir='ltr'>τι</span> <span class='ocrx_word' id='word_1_12' title='bbox 1555 436 1703 502; x_wconf 76' lang='grc' dir='ltr'>ἄγων</span> <span class='ocrx_word' id='word_1_13' title='bbox 1735 434 1817 504; x_wconf 57' lang='lat' dir='ltr'>sip</span> 
     </span>
    </p>
   </div>
   <div class='ocr_carea' id='block_1_4' title="bbox 1949 386 3518 510">
    <p class='ocr_par' dir='ltr' id='par_1_4' title="bbox 1949 386 3518 510">
     <span class='ocr_line' id='line_1_4' title="bbox 3510 386 3518 416; baseline 0 0"><span class='ocrx_word' id='word_1_14' title='bbox 3510 386 3518 416; x_wconf 83' lang='grc' dir='ltr'>ί</span> 
     </span>
     <span class='ocr_line' id='line_1_5' title="bbox 1949 431 3498 510; baseline 0.007 -23"><span class='ocrx_word' id='word_1_15' title='bbox 1949 431 2006 488; x_wconf 89' lang='lat' dir='ltr'>.is</span> <span class='ocrx_word' id='word_1_16' title='bbox 2029 473 2044 496; x_wconf 88' lang='lat'>,</span> <span class='ocrx_word' id='word_1_17' title='bbox 2077 433 2172 488; x_wconf 87' lang='lat' dir='ltr'>scd</span> <span class='ocrx_word' id='word_1_18' title='bbox 2216 443 2411 504; x_wconf 71' lang='lat' dir='ltr'><strong>gentes,</strong></span> <span class='ocrx_word' id='word_1_19' title='bbox 2441 437 2731 506; x_wconf 83' lang='lat' dir='ltr'><strong>quamdam</strong></span> <span class='ocrx_word' id='word_1_20' title='bbox 2778 441 3154 510; x_wconf 83' lang='lat' dir='ltr'><strong>exceptionem</strong></span> <span class='ocrx_word' id='word_1_21' title='bbox 3187 441 3498 498; x_wconf 86' lang='lat' dir='ltr'><strong>subintelli-</strong></span> 
     </span>
    </p>
   </div>
   <div class='ocr_carea' id='block_1_5' title="bbox 248 521 1817 604">
    <p class='ocr_par' dir='ltr' id='par_1_5' title="bbox 248 521 1817 594">
     <span class='ocr_line' id='line_1_6' title="bbox 248 521 1817 594; baseline -0.002 -17"><span class='ocrx_word' id='word_1_22' title='bbox 248 525 458 580; x_wconf 78' lang='grc' dir='ltr'>ἔννοιαν</span> <span class='ocrx_word' id='word_1_23' title='bbox 477 543 490 556; x_wconf 91' lang='grc'><strong>·</strong></span> <span class='ocrx_word' id='word_1_24' title='bbox 529 523 718 594; x_wconf 78' lang='grc' dir='ltr'>ἐπειδὴ</span> <span class='ocrx_word' id='word_1_25' title='bbox 746 525 857 594; x_wconf 83' lang='grc' dir='ltr'>γάρ</span> <span class='ocrx_word' id='word_1_26' title='bbox 903 525 954 575; x_wconf 89' lang='grc' dir='ltr'>οἱ</span> <span class='ocrx_word' id='word_1_27' title='bbox 1000 522 1240 575; x_wconf 78' lang='grc' dir='ltr'>Ἰουδαῖοι</span> <span class='ocrx_word' id='word_1_28' title='bbox 1269 521 1523 587; x_wconf 78' lang='grc' dir='ltr'>λαϐόντες</span> <span class='ocrx_word' id='word_1_29' title='bbox 1555 523 1665 594; x_wconf 82' lang='grc' dir='ltr'>[τὸν</span> <span class='ocrx_word' id='word_1_30' title='bbox 1694 522 1817 593; x_wconf 79' lang='grc' dir='ltr'>Χρι-</span> 
     </span>
    </p>
   </div>
   <div class='ocr_carea' id='block_1_6' title="bbox 1929 521 3498 604">
    <p class='ocr_par' dir='ltr' id='par_1_6' title="bbox 1929 524 3498 604">
     <span class='ocr_line' id='line_1_7' title="bbox 1929 524 3498 604; baseline 0.006 -26"><span class='ocrx_word' id='word_1_31' title='bbox 1929 538 2062 592; x_wconf 81' lang='lat' dir='ltr'><strong>gens</strong></span> <span class='ocrx_word' id='word_1_32' title='bbox 2089 542 2102 578; x_wconf 89' lang='lat'><strong>:</strong></span> <span class='ocrx_word' id='word_1_33' title='bbox 2134 540 2259 580; x_wconf 89' lang='lat' dir='ltr'>cum</span> <span class='ocrx_word' id='word_1_34' title='bbox 2279 524 2451 580; x_wconf 65' lang='lat' dir='ltr'><strong>Judaei</strong></span> <span class='ocrx_word' id='word_1_35' title='bbox 2475 525 2801 600; x_wconf 75' lang='lat' dir='ltr'>(Christum)</span> <span class='ocrx_word' id='word_1_36' title='bbox 2827 533 3224 601; x_wconf 85' lang='lat' dir='ltr'><strong>apprehensum</strong></span> <span class='ocrx_word' id='word_1_37' title='bbox 3245 534 3498 604; x_wconf 87' lang='lat' dir='ltr'><strong>gentibus</strong></span> 
     </span>
    </p>
   </div>
   <div class='ocr_carea' id='block_1_7' title="bbox 253 611 1822 692">
    <p class='ocr_par' dir='ltr' id='par_1_7' title="bbox 253 611 1822 688">
     <span class='ocr_line' id='line_1_8' title="bbox 253 611 1822 688; baseline -0.001 -18"><span class='ocrx_word' id='word_1_38' title='bbox 253 616 400 688; x_wconf 80' lang='grc' dir='ltr'>στὸν]</span> <span class='ocrx_word' id='word_1_39' title='bbox 454 618 567 678; x_wconf 87' lang='grc' dir='ltr'>τοῖς</span> <span class='ocrx_word' id='word_1_40' title='bbox 606 614 816 668; x_wconf 74' lang='grc' dir='ltr'>ἔθνεσιν</span> <span class='ocrx_word' id='word_1_41' title='bbox 845 612 1008 667; x_wconf 78' lang='grc' dir='ltr'>αὐτὸν</span> <span class='ocrx_word' id='word_1_42' title='bbox 1037 611 1326 679; x_wconf 80' lang='grc' dir='ltr'>ἐξέδωκαν,</span> <span class='ocrx_word' id='word_1_43' title='bbox 1355 612 1442 666; x_wconf 73' lang='grc' dir='ltr'>διὰ</span> <span class='ocrx_word' id='word_1_44' title='bbox 1467 612 1624 666; x_wconf 82' lang='grc' dir='ltr'>τοῦτο</span> <span class='ocrx_word' id='word_1_45' title='bbox 1655 614 1822 668; x_wconf 79' lang='grc' dir='ltr'>ταῦτά</span> 
     </span>
    </p>
   </div>
   <div class='ocr_carea' id='block_1_8' title="bbox 1924 611 3493 692">
    <p class='ocr_par' dir='ltr' id='par_1_8' title="bbox 1929 616 3493 692">
     <span class='ocr_line' id='line_1_9' title="bbox 1929 616 3493 692; baseline 0.007 -24"><span class='ocrx_word' id='word_1_46' title='bbox 1929 616 2277 682; x_wconf 82' lang='lat' dir='ltr'><strong>tradiderint,</strong></span> <span class='ocrx_word' id='word_1_47' title='bbox 2304 627 2597 690; x_wconf 79' lang='lat' dir='ltr'><strong>prapterea</strong></span> <span class='ocrx_word' id='word_1_48' title='bbox 2618 619 2735 676; x_wconf 73' lang='lat' dir='ltr'><strong>haec</strong></span> <span class='ocrx_word' id='word_1_49' title='bbox 2769 623 2986 692; x_wconf 87' lang='lat' dir='ltr'><strong>inquit:</strong></span> <span class='ocrx_word' id='word_1_50' title='bbox 3015 624 3146 690; x_wconf 63' lang='lat' dir='ltr'><strong>Quae</strong></span> <span class='ocrx_word' id='word_1_51' title='bbox 3174 625 3277 680; x_wconf 90' lang='lat' dir='ltr'><strong>ista</strong></span> <span class='ocrx_word' id='word_1_52' title='bbox 3304 640 3493 690; x_wconf 89' lang='lat' dir='ltr'><strong>causa,</strong></span> 
     </span>
    </p>
   </div>
   <div class='ocr_carea' id='block_1_9' title="bbox 250 701 1819 789">
    <p class='ocr_par' dir='ltr' id='par_1_9' title="bbox 250 701 1819 789">
     <span class='ocr_line' id='line_1_10' title="bbox 250 701 1819 789; baseline 0 -30"><span class='ocrx_word' id='word_1_53' title='bbox 250 724 416 776; x_wconf 81' lang='grc' dir='ltr'>φησιν</span> <span class='ocrx_word' id='word_1_54' title='bbox 435 721 451 736; x_wconf 74' lang='grc' dir='ltr'><strong>ο</strong></span> <span class='ocrx_word' id='word_1_55' title='bbox 486 706 583 768; x_wconf 88' lang='grc' dir='ltr'>Τίς</span> <span class='ocrx_word' id='word_1_56' title='bbox 612 707 645 776; x_wconf 80' lang='grc' dir='ltr'><strong>ἡ</strong></span> <span class='ocrx_word' id='word_1_57' title='bbox 673 703 908 776; x_wconf 81' lang='grc' dir='ltr'>τοσαύτη</span> <span class='ocrx_word' id='word_1_58' title='bbox 944 703 1152 773; x_wconf 83' lang='grc' dir='ltr'>αἰτία,ῆ</span> <span class='ocrx_word' id='word_1_59' title='bbox 1177 701 1230 756; x_wconf 87' lang='grc' dir='ltr'>τί</span> <span class='ocrx_word' id='word_1_60' title='bbox 1258 703 1318 756; x_wconf 84' lang='grc' dir='ltr'>τὸ</span> <span class='ocrx_word' id='word_1_61' title='bbox 1354 704 1595 789; x_wconf 84' lang='grc' dir='ltr'>γεγονὸς,</span> <span class='ocrx_word' id='word_1_62' title='bbox 1624 705 1700 768; x_wconf 84' lang='grc' dir='ltr'>ὡς</span> <span class='ocrx_word' id='word_1_63' title='bbox 1733 706 1819 759; x_wconf 71' lang='grc' dir='ltr'>καὶ</span> 
     </span>
    </p>
   </div>
   <div class='ocr_carea' id='block_1_10' title="bbox 1928 701 3497 789">
    <p class='ocr_par' dir='ltr' id='par_1_10' title="bbox 1928 711 3497 788">
     <span class='ocr_line' id='line_1_11' title="bbox 1928 711 3497 788; baseline 0.004 -24"><span class='ocrx_word' id='word_1_64' title='bbox 1928 721 2021 765; x_wconf 86' lang='lat' dir='ltr'>aut</span> <span class='ocrx_word' id='word_1_65' title='bbox 2053 711 2328 780; x_wconf 78' lang='lat' dir='ltr'>quodnam</span> <span class='ocrx_word' id='word_1_66' title='bbox 2359 711 2588 775; x_wconf 79' lang='lat' dir='ltr'><strong>factum,</strong></span> <span class='ocrx_word' id='word_1_67' title='bbox 2623 721 2682 766; x_wconf 93' lang='lat' dir='ltr'><strong>ut</strong></span> <span class='ocrx_word' id='word_1_68' title='bbox 2714 715 2900 784; x_wconf 81' lang='lat' dir='ltr'>populi</span> <span class='ocrx_word' id='word_1_69' title='bbox 2933 716 3320 786; x_wconf 83' lang='lat' dir='ltr'><strong>Contraipsum</strong></span> <span class='ocrx_word' id='word_1_70' title='bbox 3348 733 3497 788; x_wconf 72' lang='lat' dir='ltr'><strong>eom-</strong></span> 
     </span>
    </p>
   </div>
   <div class='ocr_carea' id='block_1_11' title="bbox 247 792 1816 876">
    <p class='ocr_par' dir='ltr' id='par_1_11' title="bbox 247 792 1816 866">
     <span class='ocr_line' id='line_1_12' title="bbox 247 792 1816 866; baseline 0 -18"><span class='ocrx_word' id='word_1_71' title='bbox 247 797 376 860; x_wconf 82' lang='grc' dir='ltr'>τοὺς</span> <span class='ocrx_word' id='word_1_72' title='bbox 406 797 568 859; x_wconf 76' lang='grc' dir='ltr'>λαοὺς</span> <span class='ocrx_word' id='word_1_73' title='bbox 595 795 984 866; x_wconf 79' lang='grc' dir='ltr'>συγκινηθῆναι</span> <span class='ocrx_word' id='word_1_74' title='bbox 1013 794 1132 847; x_wconf 87' lang='grc' dir='ltr'>κατ’</span> <span class='ocrx_word' id='word_1_75' title='bbox 1175 792 1362 856; x_wconf 79' lang='grc' dir='ltr'>αὐτοῦ,</span> <span class='ocrx_word' id='word_1_76' title='bbox 1402 796 1496 847; x_wconf 73' lang='grc' dir='ltr'>καὶ</span> <span class='ocrx_word' id='word_1_77' title='bbox 1521 796 1601 859; x_wconf 81' lang='grc' dir='ltr'>εἰς</span> <span class='ocrx_word' id='word_1_78' title='bbox 1636 798 1816 866; x_wconf 77' lang='grc' dir='ltr'>χεῖρας</span> 
     </span>
    </p>
   </div>
   <div class='ocr_carea' id='block_1_12' title="bbox 1927 792 3496 876">
    <p class='ocr_par' dir='ltr' id='par_1_12' title="bbox 1928 803 3496 876">
     <span class='ocr_line' id='line_1_13' title="bbox 1928 803 3496 876; baseline 0.004 -22"><span class='ocrx_word' id='word_1_79' title='bbox 1928 811 2301 866; x_wconf 79' lang='lat' dir='ltr'><strong>moverentur,</strong></span> <span class='ocrx_word' id='word_1_80' title='bbox 2351 812 2513 872; x_wconf 90' lang='lat' dir='ltr'><strong>atque</strong></span> <span class='ocrx_word' id='word_1_81' title='bbox 2560 803 2614 857; x_wconf 93' lang='lat' dir='ltr'>in</span> <span class='ocrx_word' id='word_1_82' title='bbox 2649 819 2845 859; x_wconf 91' lang='lat' dir='ltr'><strong>manus</strong></span> <span class='ocrx_word' id='word_1_83' title='bbox 2880 807 3119 876; x_wconf 84' lang='lat' dir='ltr'><strong>gentium</strong></span> <span class='ocrx_word' id='word_1_84' title='bbox 3149 808 3496 863; x_wconf 81' lang='lat' dir='ltr'>traderetur?</span> 
     </span>
    </p>
   </div>
   <div class='ocr_carea' id='block_1_13' title="bbox 247 879 1816 964">
    <p class='ocr_par' dir='ltr' id='par_1_13' title="bbox 247 879 1816 958">
     <span class='ocr_line' id='line_1_14' title="bbox 247 879 1816 958; baseline -0.001 -16"><span class='ocrx_word' id='word_1_85' title='bbox 247 889 411 942; x_wconf 75' lang='grc' dir='ltr'>αὑτὸν</span> <span class='ocrx_word' id='word_1_86' title='bbox 437 887 808 958; x_wconf 78' lang='grc' dir='ltr'>παραδοθῆναι</span> <span class='ocrx_word' id='word_1_87' title='bbox 855 879 964 938; x_wconf 83' lang='grc' dir='ltr'>τῶν</span> <span class='ocrx_word' id='word_1_88' title='bbox 1001 883 1205 950; x_wconf 81' lang='grc' dir='ltr'>ἐθνῶν;</span> <span class='ocrx_word' id='word_1_89' title='bbox 1236 883 1309 937; x_wconf 79' lang='grc' dir='ltr'>Τὸ</span> <span class='ocrx_word' id='word_1_90' title='bbox 1333 884 1408 951; x_wconf 88' lang='grc' dir='ltr'>δὲ,</span> <span class='ocrx_word' id='word_1_91' title='bbox 1463 885 1816 954; x_wconf 68' lang='grc' dir='ltr'>Ἐφρύαξαν,</span> 
     </span>
    </p>
   </div>
   <div class='ocr_carea' id='block_1_14' title="bbox 1482 879 3051 964">
    <p class='ocr_par' dir='ltr' id='par_1_14' title="bbox 1482 886 3051 964">
     <span class='ocr_line' id='line_1_15' title="bbox 1482 886 3051 964; baseline 0.006 -25"><span class='ocrx_word' id='word_1_92' title='bbox 1482 886 1823 954; x_wconf 68' lang='grc' dir='ltr'>Εφρύαξαν,</span> <span class='ocrx_word' id='word_1_93' title='bbox 1928 889 2281 946; x_wconf 82' lang='lat' dir='ltr'><strong>Fremuerunt</strong></span> <span class='ocrx_word' id='word_1_94' title='bbox 2307 900 2489 948; x_wconf 88' lang='lat' dir='ltr'><strong>autem</strong></span> <span class='ocrx_word' id='word_1_95' title='bbox 2519 907 2620 963; x_wconf 90' lang='lat' dir='ltr'>pro</span> <span class='ocrx_word' id='word_1_96' title='bbox 2646 893 2863 964; x_wconf 78' lang='lat' dir='ltr'>gloriati</span> <span class='ocrx_word' id='word_1_97' title='bbox 2899 904 3051 950; x_wconf 88' lang='lat' dir='ltr'><strong>sunt.</strong></span> 
     </span>
    </p>
   </div>
   <div class='ocr_carea' id='block_1_15' title="bbox 247 973 978 1040">
    <p class='ocr_par' dir='ltr' id='par_1_15' title="bbox 247 973 978 1040">
     <span class='ocr_line' id='line_1_16' title="bbox 247 973 978 1040; baseline -0.003 -10"><span class='ocrx_word' id='word_1_98' title='bbox 247 979 367 1030; x_wconf 80' lang='grc' dir='ltr'>ἀντὶ</span> <span class='ocrx_word' id='word_1_99' title='bbox 392 977 508 1040; x_wconf 79' lang='grc' dir='ltr'>τοῦ,</span> <span class='ocrx_word' id='word_1_100' title='bbox 545 973 978 1040; x_wconf 78' lang='grc' dir='ltr'>Ἦλαζονεύοντο.</span> 
     </span>
    </p>
   </div>
   <div class='ocr_carea' id='block_1_16' title="bbox 307 1072 1876 1161">
    <p class='ocr_par' dir='ltr' id='par_1_16' title="bbox 307 1086 1824 1161">
     <span class='ocr_line' id='line_1_17' title="bbox 307 1086 1824 1161; baseline -0.003 -18"><span class='ocrx_word' id='word_1_101' title='bbox 307 1091 460 1161; x_wconf 87' lang='grc' dir='ltr'>Στίχ.</span> <span class='ocrx_word' id='word_1_102' title='bbox 495 1089 559 1154; x_wconf 62' lang='grc' dir='ltr'>ξε.</span> <span class='ocrx_word' id='word_1_103' title='bbox 589 1119 662 1130; x_wconf 91' lang='lat'><strong>—</strong></span> <span class='ocrx_word' id='word_1_104' title='bbox 695 1088 811 1160; x_wconf 81' lang='grc' dir='ltr'>Πρὸ</span> <span class='ocrx_word' id='word_1_105' title='bbox 855 1086 1067 1160; x_wconf 79' lang='grc' dir='ltr'>αἰώνων</span> <span class='ocrx_word' id='word_1_106' title='bbox 1115 1086 1265 1156; x_wconf 56' lang='lat' dir='ltr'>me,</span> <span class='ocrx_word' id='word_1_107' title='bbox 1293 1087 1530 1157; x_wconf 79' lang='grc' dir='ltr'>σήμερον</span> <span class='ocrx_word' id='word_1_108' title='bbox 1570 1088 1824 1154; x_wconf 77' lang='grc' dir='ltr'>γεννᾶται</span> 
     </span>
    </p>
   </div>
   <div class='ocr_carea' id='block_1_17' title="bbox 1929 1072 3498 1161">
    <p class='ocr_par' dir='ltr' id='par_1_17' title="bbox 1995 1072 3498 1145">
     <span class='ocr_line' id='line_1_18' title="bbox 1995 1072 3498 1145; baseline 0.01 -22"><span class='ocrx_word' id='word_1_109' title='bbox 1995 1072 2164 1130; x_wconf 74' lang='lat' dir='ltr'><strong>Vnus.</strong></span> <span class='ocrx_word' id='word_1_110' title='bbox 2201 1076 2253 1128; x_wconf 84' lang='grc'>7.</span> <span class='ocrx_word' id='word_1_111' title='bbox 2277 1105 2348 1116; x_wconf 92' lang='grc'><strong>--</strong></span> <span class='ocrx_word' id='word_1_112' title='bbox 2381 1075 2486 1142; x_wconf 87' lang='lat' dir='ltr'>Qui</span> <span class='ocrx_word' id='word_1_113' title='bbox 2521 1085 2648 1132; x_wconf 85' lang='lat' dir='ltr'><strong>ante</strong></span> <span class='ocrx_word' id='word_1_114' title='bbox 2670 1077 2870 1132; x_wconf 57' lang='lat' dir='ltr'><strong>saecula</strong></span> <span class='ocrx_word' id='word_1_115' title='bbox 2894 1087 3014 1134; x_wconf 90' lang='lat' dir='ltr'><strong>erat</strong></span> <span class='ocrx_word' id='word_1_116' title='bbox 3070 1078 3267 1145; x_wconf 88' lang='lat' dir='ltr'><strong>Filius,</strong></span> <span class='ocrx_word' id='word_1_117' title='bbox 3333 1081 3498 1138; x_wconf 81' lang='lat' dir='ltr'><strong>hodie</strong></span> 
     </span>
    </p>
   </div>
   <div class='ocr_carea' id='block_1_18' title="bbox 248 1165 1817 1253">
    <p class='ocr_par' dir='ltr' id='par_1_18' title="bbox 248 1180 876 1253">
     <span class='ocr_line' id='line_1_19' title="bbox 248 1180 876 1253; baseline 0 -18"><span class='ocrx_word' id='word_1_118' title='bbox 248 1183 535 1252; x_wconf 82' lang='grc' dir='ltr'>γενόμενος</span> <span class='ocrx_word' id='word_1_119' title='bbox 568 1180 666 1236; x_wconf 80' lang='grc' dir='ltr'>ἄνθ</span> <span class='ocrx_word' id='word_1_120' title='bbox 673 1197 876 1253; x_wconf 87' lang='grc' dir='ltr'>ρωπος.</span> 
     </span>
    </p>
   </div>
   <div class='ocr_carea' id='block_1_19' title="bbox 1027 1165 2596 1253">
    <p class='ocr_par' dir='ltr' id='par_1_19' title="bbox 1923 1165 2596 1223">
     <span class='ocr_line' id='line_1_20' title="bbox 1923 1165 2596 1223; baseline 0.006 -5"><span class='ocrx_word' id='word_1_121' title='bbox 1923 1165 2172 1220; x_wconf 88' lang='lat' dir='ltr'><strong>nascitur</strong></span> <span class='ocrx_word' id='word_1_122' title='bbox 2199 1165 2365 1221; x_wconf 92' lang='lat' dir='ltr'><strong>homo</strong></span> <span class='ocrx_word' id='word_1_123' title='bbox 2393 1166 2596 1223; x_wconf 76' lang='lat' dir='ltr'><strong>factus.</strong></span> 
     </span>
    </p>
   </div>
   <div class='ocr_carea' id='block_1_20' title="bbox 314 1274 1883 1362">
    <p class='ocr_par' dir='ltr' id='par_1_20' title="bbox 314 1291 1823 1362">
     <span class='ocr_line' id='line_1_21' title="bbox 314 1291 1823 1362; baseline 0.001 -17"><span class='ocrx_word' id='word_1_124' title='bbox 314 1293 464 1362; x_wconf 84' lang='grc' dir='ltr'>Στίχ.</span> <span class='ocrx_word' id='word_1_125' title='bbox 489 1292 555 1347; x_wconf 88' lang='lat'>0&#39;.</span> <span class='ocrx_word' id='word_1_126' title='bbox 583 1324 649 1332; x_wconf 94' lang='lat'><strong><em>—</em></strong></span> <span class='ocrx_word' id='word_1_127' title='bbox 670 1292 782 1362; x_wconf 74' lang='grc' dir='ltr'>Οὐχ</span> <span class='ocrx_word' id='word_1_128' title='bbox 807 1291 948 1345; x_wconf 84' lang='grc' dir='ltr'>ὥστε</span> <span class='ocrx_word' id='word_1_129' title='bbox 976 1291 1237 1346; x_wconf 83' lang='grc' dir='ltr'>ἀπολέσαι</span> <span class='ocrx_word' id='word_1_130' title='bbox 1275 1292 1368 1345; x_wconf 75' lang='grc' dir='ltr'>καὶ</span> <span class='ocrx_word' id='word_1_131' title='bbox 1396 1291 1671 1346; x_wconf 80' lang='grc' dir='ltr'>ἀναλῶσαι</span> <span class='ocrx_word' id='word_1_132' title='bbox 1699 1308 1823 1346; x_wconf 87' lang='grc' dir='ltr'>συν-</span> 
     </span>
    </p>
   </div>
   <div class='ocr_carea' id='block_1_21' title="bbox 1928 1274 3497 1362">
    <p class='ocr_par' dir='ltr' id='par_1_21' title="bbox 1993 1274 3497 1340">
     <span class='ocr_line' id='line_1_22' title="bbox 1993 1274 3497 1340; baseline 0.008 -11"><span class='ocrx_word' id='word_1_133' title='bbox 1993 1274 2160 1332; x_wconf 75' lang='grc' dir='ltr'>νειιε.</span> <span class='ocrx_word' id='word_1_134' title='bbox 2187 1278 2242 1334; x_wconf 89' lang='lat'>9.</span> <span class='ocrx_word' id='word_1_135' title='bbox 2263 1309 2332 1319; x_wconf 95' lang='lat'><strong><em>—</em></strong></span> <span class='ocrx_word' id='word_1_136' title='bbox 2355 1277 2476 1334; x_wconf 82' lang='lat' dir='ltr'><strong>Non</strong></span> <span class='ocrx_word' id='word_1_137' title='bbox 2503 1280 2570 1334; x_wconf 90' lang='lat' dir='ltr'>ad</span> <span class='ocrx_word' id='word_1_138' title='bbox 2591 1280 3025 1338; x_wconf 87' lang='lat' dir='ltr'><strong>destructionem</strong></span> <span class='ocrx_word' id='word_1_139' title='bbox 3045 1299 3109 1339; x_wconf 91' lang='lat' dir='ltr'>ac</span> <span class='ocrx_word' id='word_1_140' title='bbox 3128 1287 3341 1340; x_wconf 89' lang='lat' dir='ltr'><strong>ruinam</strong></span> <span class='ocrx_word' id='word_1_141' title='bbox 3364 1301 3497 1340; x_wconf 86' lang='lat' dir='ltr'><strong>con-</strong></span> 
     </span>
    </p>
   </div>
   <div class='ocr_carea' id='block_1_22' title="bbox 248 1363 1817 1453">
    <p class='ocr_par' dir='ltr' id='par_1_22' title="bbox 248 1380 1817 1453">
     <span class='ocr_line' id='line_1_23' title="bbox 248 1380 1817 1453; baseline 0 -19"><span class='ocrx_word' id='word_1_142' title='bbox 248 1381 440 1453; x_wconf 77' lang='grc' dir='ltr'>τρίϐει,</span> <span class='ocrx_word' id='word_1_143' title='bbox 488 1381 603 1434; x_wconf 82' lang='grc' dir='ltr'>ἀλλ’</span> <span class='ocrx_word' id='word_1_144' title='bbox 641 1380 780 1434; x_wconf 81' lang='grc' dir='ltr'>ὥστε</span> <span class='ocrx_word' id='word_1_145' title='bbox 815 1381 1160 1435; x_wconf 82' lang='grc' dir='ltr'>ἀναπλάσαι·</span> <span class='ocrx_word' id='word_1_146' title='bbox 1212 1381 1348 1452; x_wconf 82' lang='grc' dir='ltr'>πρὸς</span> <span class='ocrx_word' id='word_1_147' title='bbox 1371 1380 1529 1434; x_wconf 79' lang='grc' dir='ltr'>τοῦτο</span> <span class='ocrx_word' id='word_1_148' title='bbox 1553 1381 1660 1451; x_wconf 87' lang='grc' dir='ltr'>γὰρ</span> <span class='ocrx_word' id='word_1_149' title='bbox 1697 1398 1817 1434; x_wconf 82' lang='grc' dir='ltr'>σκο-</span> 
     </span>
    </p>
   </div>
   <div class='ocr_carea' id='block_1_23' title="bbox 1928 1363 3497 1453">
    <p class='ocr_par' dir='ltr' id='par_1_23' title="bbox 1928 1363 3497 1448">
     <span class='ocr_line' id='line_1_24' title="bbox 1928 1363 3497 1448; baseline 0.007 -28"><span class='ocrx_word' id='word_1_150' title='bbox 1928 1363 2134 1436; x_wconf 75' lang='lat' dir='ltr'><strong>fringit,</strong></span> <span class='ocrx_word' id='word_1_151' title='bbox 2170 1366 2265 1423; x_wconf 88' lang='lat' dir='ltr'>sed</span> <span class='ocrx_word' id='word_1_152' title='bbox 2311 1369 2378 1424; x_wconf 89' lang='lat' dir='ltr'>ad</span> <span class='ocrx_word' id='word_1_153' title='bbox 2422 1372 2882 1428; x_wconf 88' lang='lat' dir='ltr'><strong>restaurationem</strong></span> <span class='ocrx_word' id='word_1_154' title='bbox 2917 1391 2930 1428; x_wconf 91' lang='lat'><strong>:</strong></span> <span class='ocrx_word' id='word_1_155' title='bbox 2967 1375 3036 1428; x_wconf 86' lang='lat' dir='ltr'>ad</span> <span class='ocrx_word' id='word_1_156' title='bbox 3060 1376 3165 1432; x_wconf 92' lang='lat' dir='ltr'>hoc</span> <span class='ocrx_word' id='word_1_157' title='bbox 3205 1379 3352 1432; x_wconf 91' lang='lat' dir='ltr'><strong>enim</strong></span> <span class='ocrx_word' id='word_1_158' title='bbox 3384 1379 3497 1448; x_wconf 92' lang='lat' dir='ltr'><strong>agit</strong></span> 
     </span>
    </p>
   </div>
   <div class='ocr_carea' id='block_1_24' title="bbox 251 1459 3497 1545">
    <p class='ocr_par' dir='ltr' id='par_1_24' title="bbox 251 1459 3497 1545">
     <span class='ocr_line' id='line_1_25' title="bbox 251 1459 3497 1545; baseline 0.002 -24"><span class='ocrx_word' id='word_1_159' title='bbox 251 1474 344 1535; x_wconf 77' lang='grc' dir='ltr'>πὸς</span> <span class='ocrx_word' id='word_1_160' title='bbox 371 1471 451 1542; x_wconf 77' lang='grc' dir='ltr'>τῷ</span> <span class='ocrx_word' id='word_1_161' title='bbox 481 1475 735 1543; x_wconf 79' lang='grc' dir='ltr'>κεραμεῖ,</span> <span class='ocrx_word' id='word_1_162' title='bbox 759 1473 1063 1545; x_wconf 78' lang='grc' dir='ltr'>συντρίϐειν</span> <span class='ocrx_word' id='word_1_163' title='bbox 1079 1472 1144 1526; x_wconf 80' lang='grc' dir='ltr'>τὰ</span> <span class='ocrx_word' id='word_1_164' title='bbox 1163 1475 1338 1526; x_wconf 79' lang='grc' dir='ltr'>οἰκεῖα</span> <span class='ocrx_word' id='word_1_165' title='bbox 1364 1473 1556 1543; x_wconf 83' lang='grc' dir='ltr'>σκεύη,</span> <span class='ocrx_word' id='word_1_166' title='bbox 1590 1473 1719 1526; x_wconf 80' lang='grc' dir='ltr'>ὅταν</span> <span class='ocrx_word' id='word_1_167' title='bbox 1745 1472 1820 1544; x_wconf 68' lang='grc' dir='ltr'>μὴ</span> <span class='ocrx_word' id='word_1_168' title='bbox 1921 1459 2120 1529; x_wconf 70' lang='lat' dir='ltr'><strong>figulus</strong></span> <span class='ocrx_word' id='word_1_169' title='bbox 2139 1500 2155 1525; x_wconf 88' lang='lat'>,</span> <span class='ocrx_word' id='word_1_170' title='bbox 2199 1475 2335 1516; x_wconf 81' lang='lat' dir='ltr'><strong>vasa</strong></span> <span class='ocrx_word' id='word_1_171' title='bbox 2389 1461 2694 1518; x_wconf 86' lang='lat' dir='ltr'><strong>domestica</strong></span> <span class='ocrx_word' id='word_1_172' title='bbox 2756 1465 3114 1537; x_wconf 81' lang='lat' dir='ltr'><strong>conlringens</strong></span> <span class='ocrx_word' id='word_1_173' title='bbox 3135 1505 3150 1529; x_wconf 92' lang='lat'>,</span> <span class='ocrx_word' id='word_1_174' title='bbox 3191 1484 3315 1520; x_wconf 85' lang='lat' dir='ltr'>cum</span> <span class='ocrx_word' id='word_1_175' title='bbox 3357 1483 3497 1535; x_wconf 80' lang='lat' dir='ltr'><strong>Opus</strong></span> 
     </span>
    </p>
   </div>
   <div class='ocr_carea' id='block_1_25' title="bbox 251 1549 1820 1634">
    <p class='ocr_par' dir='ltr' id='par_1_25' title="bbox 251 1559 1820 1634">
     <span class='ocr_line' id='line_1_26' title="bbox 251 1559 1820 1634; baseline 0.001 -21"><span class='ocrx_word' id='word_1_176' title='bbox 251 1561 372 1630; x_wconf 83' lang='grc' dir='ltr'>ὑγιῆ</span> <span class='ocrx_word' id='word_1_177' title='bbox 419 1563 514 1615; x_wconf 76' lang='grc' dir='ltr'>καὶ</span> <span class='ocrx_word' id='word_1_178' title='bbox 537 1561 794 1631; x_wconf 83' lang='grc' dir='ltr'>ἀκέραιον</span> <span class='ocrx_word' id='word_1_179' title='bbox 833 1559 982 1633; x_wconf 75' lang='grc' dir='ltr'>σώζῃ</span> <span class='ocrx_word' id='word_1_180' title='bbox 1019 1560 1114 1614; x_wconf 80' lang='grc' dir='ltr'>τοῦ</span> <span class='ocrx_word' id='word_1_181' title='bbox 1148 1561 1446 1634; x_wconf 88' lang='grc' dir='ltr'>καραμέως</span> <span class='ocrx_word' id='word_1_182' title='bbox 1477 1561 1574 1633; x_wconf 75' lang='grc' dir='ltr'>τὴν</span> <span class='ocrx_word' id='word_1_183' title='bbox 1595 1561 1820 1615; x_wconf 88' lang='grc' dir='ltr'>διάπλα-</span> 
     </span>
    </p>
   </div>
   <div class='ocr_carea' id='block_1_26' title="bbox 1926 1549 3495 1634">
    <p class='ocr_par' dir='ltr' id='par_1_26' title="bbox 1926 1549 3495 1626">
     <span class='ocr_line' id='line_1_27' title="bbox 1926 1549 3495 1626; baseline 0.007 -23"><span class='ocrx_word' id='word_1_184' title='bbox 1926 1549 2164 1620; x_wconf 77' lang='lat' dir='ltr'><strong>ﬁgmenti</strong></span> <span class='ocrx_word' id='word_1_185' title='bbox 2186 1592 2202 1617; x_wconf 95' lang='lat'>,</span> <span class='ocrx_word' id='word_1_186' title='bbox 2243 1556 2488 1610; x_wconf 89' lang='lat' dir='ltr'><strong>nondum</strong></span> <span class='ocrx_word' id='word_1_187' title='bbox 2513 1555 2664 1626; x_wconf 83' lang='lat' dir='ltr'><strong>igne</strong></span> <span class='ocrx_word' id='word_1_188' title='bbox 2697 1567 2915 1612; x_wconf 90' lang='lat' dir='ltr'><strong>coctum</strong></span> <span class='ocrx_word' id='word_1_189' title='bbox 2939 1596 2956 1623; x_wconf 88' lang='lat'>,</span> <span class='ocrx_word' id='word_1_190' title='bbox 2993 1573 3096 1613; x_wconf 87' lang='lat' dir='ltr'>nec</span> <span class='ocrx_word' id='word_1_191' title='bbox 3125 1559 3360 1613; x_wconf 86' lang='lat' dir='ltr'><strong>solidum</strong></span> <span class='ocrx_word' id='word_1_192' title='bbox 3395 1576 3495 1615; x_wconf 89' lang='lat' dir='ltr'>nec</span> 
     </span>
    </p>
   </div>
   <div class='ocr_carea' id='block_1_27' title="bbox 252 1643 1821 1724">
    <p class='ocr_par' dir='ltr' id='par_1_27' title="bbox 252 1652 1819 1724">
     <span class='ocr_line' id='line_1_28' title="bbox 252 1652 1819 1724; baseline 0.002 -20"><span class='ocrx_word' id='word_1_193' title='bbox 252 1670 351 1715; x_wconf 89' lang='grc' dir='ltr'>σιν,</span> <span class='ocrx_word' id='word_1_194' title='bbox 396 1653 608 1706; x_wconf 73' lang='grc' dir='ltr'>οὐδέπω</span> <span class='ocrx_word' id='word_1_195' title='bbox 640 1653 774 1723; x_wconf 80' lang='grc' dir='ltr'>πυρί</span> <span class='ocrx_word' id='word_1_196' title='bbox 804 1652 1296 1724; x_wconf 76' lang='grc' dir='ltr'>προσωμιληκόταο</span> <span class='ocrx_word' id='word_1_197' title='bbox 1337 1653 1548 1717; x_wconf 82' lang='grc' dir='ltr'>τούτοις</span> <span class='ocrx_word' id='word_1_198' title='bbox 1581 1654 1639 1707; x_wconf 83' lang='grc' dir='ltr'>δὲ</span> <span class='ocrx_word' id='word_1_199' title='bbox 1676 1669 1819 1724; x_wconf 88' lang='grc' dir='ltr'>μαρ-</span> 
     </span>
    </p>
   </div>
   <div class='ocr_carea' id='block_1_28' title="bbox 1927 1643 3496 1724">
    <p class='ocr_par' dir='ltr' id='par_1_28' title="bbox 1927 1643 3496 1720">
     <span class='ocr_line' id='line_1_29' title="bbox 1927 1643 3496 1720; baseline 0.008 -25"><span class='ocrx_word' id='word_1_200' title='bbox 1927 1657 2118 1710; x_wconf 90' lang='lat' dir='ltr'><strong>purum</strong></span> <span class='ocrx_word' id='word_1_201' title='bbox 2145 1643 2439 1699; x_wconf 82' lang='lat' dir='ltr'><strong>salvaverit</strong></span> <span class='ocrx_word' id='word_1_202' title='bbox 2464 1663 2476 1699; x_wconf 94' lang='lat'>:</span> <span class='ocrx_word' id='word_1_203' title='bbox 2507 1647 2592 1702; x_wconf 92' lang='lat' dir='ltr'>his</span> <span class='ocrx_word' id='word_1_204' title='bbox 2617 1649 2943 1704; x_wconf 87' lang='lat' dir='ltr'><strong>testiﬁcatur</strong></span> <span class='ocrx_word' id='word_1_205' title='bbox 2962 1665 3181 1720; x_wconf 88' lang='lat' dir='ltr'><strong>quoque</strong></span> <span class='ocrx_word' id='word_1_206' title='bbox 3199 1651 3392 1706; x_wconf 86' lang='lat' dir='ltr'><strong>beatus</strong></span> <span class='ocrx_word' id='word_1_207' title='bbox 3408 1649 3496 1707; x_wconf 81' lang='lat' dir='ltr'>Je-</span> 
     </span>
    </p>
   </div>
   <div class='ocr_carea' id='block_1_29' title="bbox 250 1732 1819 1839">
    <p class='ocr_par' dir='ltr' id='par_1_29' title="bbox 250 1744 1818 1816">
     <span class='ocr_line' id='line_1_30' title="bbox 250 1744 1818 1816; baseline 0 -20"><span class='ocrx_word' id='word_1_208' title='bbox 250 1747 397 1814; x_wconf 82' lang='grc' dir='ltr'>τυρεῖ</span> <span class='ocrx_word' id='word_1_209' title='bbox 437 1745 532 1796; x_wconf 79' lang='grc' dir='ltr'>καὶ</span> <span class='ocrx_word' id='word_1_210' title='bbox 562 1746 591 1796; x_wconf 93' lang='grc' dir='ltr'>ό</span> <span class='ocrx_word' id='word_1_211' title='bbox 637 1744 904 1815; x_wconf 84' lang='grc' dir='ltr'>μακάριος</span> <span class='ocrx_word' id='word_1_212' title='bbox 948 1744 1216 1815; x_wconf 81' lang='grc' dir='ltr'>Ἱερεμίας</span> <span class='ocrx_word' id='word_1_213' title='bbox 1256 1745 1286 1796; x_wconf 86' lang='grc' dir='ltr'>ό</span> <span class='ocrx_word' id='word_1_214' title='bbox 1335 1746 1619 1816; x_wconf 77' lang='grc' dir='ltr'>προφήτης</span> <span class='ocrx_word' id='word_1_215' title='bbox 1646 1744 1818 1813; x_wconf 85' lang='grc' dir='ltr'>λέγων</span> 
     </span>
    </p>
   </div>
   <div class='ocr_carea' id='block_1_30' title="bbox 1924 1732 3493 1839">
    <p class='ocr_par' dir='ltr' id='par_1_30' title="bbox 1924 1732 3493 1810">
     <span class='ocr_line' id='line_1_31' title="bbox 1924 1732 3493 1810; baseline 0.006 -26"><span class='ocrx_word' id='word_1_216' title='bbox 1924 1732 2124 1788; x_wconf 88' lang='lat' dir='ltr'><strong>remias</strong></span> <span class='ocrx_word' id='word_1_217' title='bbox 2154 1733 2419 1803; x_wconf 84' lang='lat' dir='ltr'><strong>propheta</strong></span> <span class='ocrx_word' id='word_1_218' title='bbox 2465 1749 2531 1789; x_wconf 83' lang='lat' dir='ltr'><strong>ex</strong></span> <span class='ocrx_word' id='word_1_219' title='bbox 2576 1734 2688 1791; x_wconf 89' lang='lat' dir='ltr'>Deo</span> <span class='ocrx_word' id='word_1_220' title='bbox 2735 1737 2968 1807; x_wconf 91' lang='lat' dir='ltr'><strong>loquens</strong></span> <span class='ocrx_word' id='word_1_221' title='bbox 3015 1756 3028 1790; x_wconf 86' lang='lat'><strong>:</strong></span> <span class='ocrx_word' id='word_1_222' title='bbox 3066 1737 3318 1810; x_wconf 78' lang='lat' dir='ltr'><strong>Nunquid</strong></span> <span class='ocrx_word' id='word_1_223' title='bbox 3359 1742 3493 1794; x_wconf 75' lang='lat' dir='ltr'><strong>sicut</strong></span> 
     </span>
    </p>
   </div>
   <div class='ocr_carea' id='block_1_31' title="bbox 251 1821 1820 1905">
    <p class='ocr_par' dir='ltr' id='par_1_31' title="bbox 251 1833 1819 1905">
     <span class='ocr_line' id='line_1_32' title="bbox 251 1833 1819 1905; baseline 0.001 -17"><span class='ocrx_word' id='word_1_224' title='bbox 251 1835 322 1899; x_wconf 85' lang='grc' dir='ltr'>ὼς</span> <span class='ocrx_word' id='word_1_225' title='bbox 348 1839 409 1889; x_wconf 76' lang='grc' dir='ltr'>ἐκ</span> <span class='ocrx_word' id='word_1_226' title='bbox 443 1836 577 1889; x_wconf 81' lang='grc' dir='ltr'>Θεοῦ</span> <span class='ocrx_word' id='word_1_227' title='bbox 599 1852 612 1866; x_wconf 87' lang='grc'><strong>·</strong></span> <span class='ocrx_word' id='word_1_228' title='bbox 651 1839 721 1892; x_wconf 83' lang='grc' dir='ltr'><strong><em>Ἠ</em></strong></span> <span class='ocrx_word' id='word_1_229' title='bbox 743 1835 937 1902; x_wconf 82' lang='grc' dir='ltr'>καθὼς</span> <span class='ocrx_word' id='word_1_230' title='bbox 967 1838 998 1889; x_wconf 88' lang='grc' dir='ltr'>ό</span> <span class='ocrx_word' id='word_1_231' title='bbox 1024 1836 1313 1905; x_wconf 80' lang='grc' dir='ltr'>κεραμεὺς</span> <span class='ocrx_word' id='word_1_232' title='bbox 1331 1833 1511 1903; x_wconf 85' lang='grc' dir='ltr'>οὗτος</span> <span class='ocrx_word' id='word_1_233' title='bbox 1535 1839 1605 1890; x_wconf 89' lang='grc' dir='ltr'>οὺ</span> <span class='ocrx_word' id='word_1_234' title='bbox 1636 1835 1819 1904; x_wconf 78' lang='grc' dir='ltr'>δυνήο</span> 
     </span>
    </p>
   </div>
   <div class='ocr_carea' id='block_1_32' title="bbox 1923 1821 3492 1905">
    <p class='ocr_par' dir='ltr' id='par_1_32' title="bbox 1923 1821 3492 1898">
     <span class='ocr_line' id='line_1_33' title="bbox 1923 1821 3492 1898; baseline 0.01 -25"><span class='ocrx_word' id='word_1_235' title='bbox 1923 1821 2110 1891; x_wconf 74' lang='lat' dir='ltr'><strong>ﬁgulus</strong></span> <span class='ocrx_word' id='word_1_236' title='bbox 2137 1824 2236 1878; x_wconf 77' lang='lat' dir='ltr'><strong>iste</strong></span> <span class='ocrx_word' id='word_1_237' title='bbox 2269 1841 2372 1878; x_wconf 87' lang='lat' dir='ltr'><strong>non</strong></span> <span class='ocrx_word' id='word_1_238' title='bbox 2413 1836 2594 1895; x_wconf 83' lang='lat' dir='ltr'><strong>potero</strong></span> <span class='ocrx_word' id='word_1_239' title='bbox 2638 1828 2736 1882; x_wconf 80' lang='lat' dir='ltr'>hoc</span> <span class='ocrx_word' id='word_1_240' title='bbox 2783 1829 2959 1898; x_wconf 81' lang='lat' dir='ltr'><strong>facere</strong></span> <span class='ocrx_word' id='word_1_241' title='bbox 2988 1831 3155 1894; x_wconf 77' lang='lat' dir='ltr'><strong>vobis,</strong></span> <span class='ocrx_word' id='word_1_242' title='bbox 3189 1833 3376 1886; x_wconf 76' lang='lat' dir='ltr'><strong>domus</strong></span> <span class='ocrx_word' id='word_1_243' title='bbox 3407 1833 3492 1888; x_wconf 74' lang='lat' dir='ltr'><strong>ls-</strong></span> 
     </span>
    </p>
   </div>
   <div class='ocr_carea' id='block_1_33' title="bbox 249 1912 1818 1997">
    <p class='ocr_par' dir='ltr' id='par_1_33' title="bbox 249 1923 1817 1997">
     <span class='ocr_line' id='line_1_34' title="bbox 249 1923 1817 1997; baseline 0.002 -20"><span class='ocrx_word' id='word_1_244' title='bbox 249 1939 420 1992; x_wconf 79' lang='grc' dir='ltr'>σομαι</span> <span class='ocrx_word' id='word_1_245' title='bbox 451 1927 628 1980; x_wconf 82' lang='grc' dir='ltr'>τοῦτο</span> <span class='ocrx_word' id='word_1_246' title='bbox 671 1925 922 1994; x_wconf 78' lang='grc' dir='ltr'>ποιῆσαι</span> <span class='ocrx_word' id='word_1_247' title='bbox 952 1927 1112 1995; x_wconf 82' lang='grc' dir='ltr'>ὑμῖν,</span> <span class='ocrx_word' id='word_1_248' title='bbox 1149 1923 1313 1994; x_wconf 74' lang='grc' dir='ltr'>οἶκος</span> <span class='ocrx_word' id='word_1_249' title='bbox 1348 1926 1625 1996; x_wconf 72' lang='grc' dir='ltr'>Ἰσραὴλ,</span> <span class='ocrx_word' id='word_1_250' title='bbox 1657 1927 1817 1997; x_wconf 62' lang='grc' dir='ltr'>λέγει</span> 
     </span>
    </p>
   </div>
   <div class='ocr_carea' id='block_1_34' title="bbox 1922 1912 3491 1997">
    <p class='ocr_par' dir='ltr' id='par_1_34' title="bbox 1922 1912 3491 1992">
     <span class='ocr_line' id='line_1_35' title="bbox 1922 1912 3491 1992; baseline 0.01 -28"><span class='ocrx_word' id='word_1_251' title='bbox 1922 1913 2054 1976; x_wconf 78' lang='lat' dir='ltr'><strong>ruet,</strong></span> <span class='ocrx_word' id='word_1_252' title='bbox 2086 1912 2216 1968; x_wconf 81' lang='lat' dir='ltr'><strong>dicit</strong></span> <span class='ocrx_word' id='word_1_253' title='bbox 2245 1914 2507 1972; x_wconf 75' lang='lat' dir='ltr'><strong>Dominus</strong></span> <span class='ocrx_word' id='word_1_254' title='bbox 2529 1919 2555 1971; x_wconf 73' lang='lat'><strong>.9</strong></span> <span class='ocrx_word' id='word_1_255' title='bbox 2579 1919 2717 1988; x_wconf 63' lang='grc' dir='ltr'>(θεν.</span> <span class='ocrx_word' id='word_1_256' title='bbox 2738 1937 2896 1987; x_wconf 81' lang='lat' dir='ltr'><strong>xvm,</strong></span> <span class='ocrx_word' id='word_1_257' title='bbox 2920 1921 2997 1992; x_wconf 87' lang='lat'>6.)</span> <span class='ocrx_word' id='word_1_258' title='bbox 3021 1921 3135 1976; x_wconf 85' lang='lat' dir='ltr'><strong>Hoc</strong></span> <span class='ocrx_word' id='word_1_259' title='bbox 3163 1933 3249 1978; x_wconf 88' lang='lat' dir='ltr'>est</span> <span class='ocrx_word' id='word_1_260' title='bbox 3279 1925 3491 1982; x_wconf 87' lang='lat' dir='ltr'><strong>dirutos</strong></span> 
     </span>
    </p>
   </div>
   <div class='ocr_carea' id='block_1_35' title="bbox 251 2007 1820 2084">
    <p class='ocr_par' dir='ltr' id='par_1_35' title="bbox 251 2016 1814 2084">
     <span class='ocr_line' id='line_1_36' title="bbox 251 2016 1814 2084; baseline 0 -16"><span class='ocrx_word' id='word_1_261' title='bbox 251 2018 457 2084; x_wconf 76' lang='grc' dir='ltr'>Κύριος</span> <span class='ocrx_word' id='word_1_262' title='bbox 475 2033 494 2079; x_wconf 91' lang='grc'><strong><em>;</em></strong></span> <span class='ocrx_word' id='word_1_263' title='bbox 516 2017 782 2080; x_wconf 82' lang='grc' dir='ltr'>τουτέστι,</span> <span class='ocrx_word' id='word_1_264' title='bbox 805 2016 978 2080; x_wconf 76' lang='grc' dir='ltr'>οὕτως</span> <span class='ocrx_word' id='word_1_265' title='bbox 1001 2019 1094 2070; x_wconf 78' lang='grc' dir='ltr'>καὶ</span> <span class='ocrx_word' id='word_1_266' title='bbox 1113 2018 1464 2081; x_wconf 86' lang='grc' dir='ltr'>διαπεσόντας</span> <span class='ocrx_word' id='word_1_267' title='bbox 1485 2017 1814 2080; x_wconf 84' lang='grc' dir='ltr'>ἀναπλάσαι,</span> 
     </span>
    </p>
   </div>
   <div class='ocr_carea' id='block_1_36' title="bbox 1743 2007 3312 2084">
    <p class='ocr_par' dir='ltr' id='par_1_36' title="bbox 1743 2007 3312 2080">
     <span class='ocr_line' id='line_1_37' title="bbox 1743 2007 3312 2080; baseline 0.01 -28"><span class='ocrx_word' id='word_1_268' title='bbox 1743 2034 1814 2080; x_wconf 58' lang='grc' dir='ltr'>χι,</span> <span class='ocrx_word' id='word_1_269' title='bbox 1918 2012 2234 2060; x_wconf 85' lang='lat' dir='ltr'><strong>restaurare</strong></span> <span class='ocrx_word' id='word_1_270' title='bbox 2259 2013 2314 2062; x_wconf 92' lang='lat' dir='ltr'>et</span> <span class='ocrx_word' id='word_1_271' title='bbox 2340 2007 2396 2062; x_wconf 91' lang='lat' dir='ltr'>in</span> <span class='ocrx_word' id='word_1_272' title='bbox 2427 2009 2723 2079; x_wconf 90' lang='lat' dir='ltr'><strong>pristinum</strong></span> <span class='ocrx_word' id='word_1_273' title='bbox 2756 2020 2962 2069; x_wconf 89' lang='lat' dir='ltr'><strong>statum</strong></span> <span class='ocrx_word' id='word_1_274' title='bbox 3002 2013 3312 2070; x_wconf 84' lang='lat' dir='ltr'><strong>restituere.</strong></span> 
     </span>
    </p>
   </div>
   <div class='ocr_carea' id='block_1_37' title="bbox 250 2109 1474 2181">
    <p class='ocr_par' dir='ltr' id='par_1_37' title="bbox 250 2109 1474 2181">
     <span class='ocr_line' id='line_1_38' title="bbox 250 2109 1474 2181; baseline 0.002 -21"><span class='ocrx_word' id='word_1_275' title='bbox 250 2109 336 2160; x_wconf 77' lang='grc' dir='ltr'>καὶ</span> <span class='ocrx_word' id='word_1_276' title='bbox 366 2109 527 2162; x_wconf 79' lang='grc' dir='ltr'>πάλιν</span> <span class='ocrx_word' id='word_1_277' title='bbox 560 2111 638 2174; x_wconf 89' lang='grc' dir='ltr'>εἰς</span> <span class='ocrx_word' id='word_1_278' title='bbox 672 2110 733 2162; x_wconf 78' lang='grc' dir='ltr'>τὸ</span> <span class='ocrx_word' id='word_1_279' title='bbox 767 2111 991 2181; x_wconf 82' lang='grc' dir='ltr'>ἀρχαῖον</span> <span class='ocrx_word' id='word_1_280' title='bbox 1009 2110 1474 2180; x_wconf 82' lang='grc' dir='ltr'>ἀποκαταστῆσαι.</span> 
     </span>
    </p>
   </div>
   <div class='ocr_carea' id='block_1_38' title="bbox 315 2209 1884 2291">
    <p class='ocr_par' dir='ltr' id='par_1_38' title="bbox 315 2215 1816 2290">
     <span class='ocr_line' id='line_1_39' title="bbox 315 2215 1816 2290; baseline 0.003 -22"><span class='ocrx_word' id='word_1_281' title='bbox 315 2215 459 2286; x_wconf 80' lang='grc' dir='ltr'>Στίχ.</span> <span class='ocrx_word' id='word_1_282' title='bbox 496 2223 585 2270; x_wconf 90' lang='grc' dir='ltr'>ια’.</span> <span class='ocrx_word' id='word_1_283' title='bbox 614 2247 684 2258; x_wconf 91' lang='grc'><strong><em>-</em></strong></span> <span class='ocrx_word' id='word_1_284' title='bbox 725 2216 976 2271; x_wconf 84' lang='grc' dir='ltr'>Ἐπειδὰν</span> <span class='ocrx_word' id='word_1_285' title='bbox 1002 2218 1110 2290; x_wconf 83' lang='grc' dir='ltr'>γὰρ</span> <span class='ocrx_word' id='word_1_286' title='bbox 1137 2217 1463 2290; x_wconf 78' lang='grc' dir='ltr'>φοϐηθέντες</span> <span class='ocrx_word' id='word_1_287' title='bbox 1489 2219 1580 2273; x_wconf 80' lang='grc' dir='ltr'>τὸν</span> <span class='ocrx_word' id='word_1_288' title='bbox 1613 2219 1816 2273; x_wconf 87' lang='grc' dir='ltr'>Δεσπό-</span> 
     </span>
    </p>
   </div>
   <div class='ocr_carea' id='block_1_39' title="bbox 1922 2209 3491 2291">
    <p class='ocr_par' dir='ltr' id='par_1_39' title="bbox 1992 2209 3491 2291">
     <span class='ocr_line' id='line_1_40' title="bbox 1992 2209 3491 2291; baseline 0.008 -28"><span class='ocrx_word' id='word_1_289' title='bbox 1992 2209 2158 2266; x_wconf 75' lang='lat' dir='ltr'><strong>Vsus.</strong></span> <span class='ocrx_word' id='word_1_290' title='bbox 2191 2212 2278 2266; x_wconf 80' lang='lat' dir='ltr'>ll.</span> <span class='ocrx_word' id='word_1_291' title='bbox 2303 2243 2372 2253; x_wconf 93' lang='lat'><strong><em>—</em></strong></span> <span class='ocrx_word' id='word_1_292' title='bbox 2398 2212 2556 2281; x_wconf 89' lang='lat' dir='ltr'><strong>Cum,</strong></span> <span class='ocrx_word' id='word_1_293' title='bbox 2584 2214 2871 2270; x_wconf 87' lang='lat' dir='ltr'><strong>Dominum</strong></span> <span class='ocrx_word' id='word_1_294' title='bbox 2893 2217 3171 2283; x_wconf 88' lang='lat' dir='ltr'><strong>timentes,</strong></span> <span class='ocrx_word' id='word_1_295' title='bbox 3196 2229 3344 2274; x_wconf 86' lang='lat' dir='ltr'><strong>recte</strong></span> <span class='ocrx_word' id='word_1_296' title='bbox 3363 2234 3491 2291; x_wconf 80' lang='lat' dir='ltr'><strong>aga-</strong></span> 
     </span>
    </p>
   </div>
   <div class='ocr_carea' id='block_1_40' title="bbox 247 2303 1816 2381">
    <p class='ocr_par' dir='ltr' id='par_1_40' title="bbox 247 2306 1816 2381">
     <span class='ocr_line' id='line_1_41' title="bbox 247 2306 1816 2381; baseline 0.005 -25"><span class='ocrx_word' id='word_1_297' title='bbox 247 2322 362 2375; x_wconf 84' lang='grc' dir='ltr'>την,</span> <span class='ocrx_word' id='word_1_298' title='bbox 391 2306 459 2359; x_wconf 70' lang='grc' dir='ltr'>τὰ</span> <span class='ocrx_word' id='word_1_299' title='bbox 487 2308 833 2378; x_wconf 75' lang='grc' dir='ltr'>προσήκοντα</span> <span class='ocrx_word' id='word_1_300' title='bbox 861 2309 1313 2380; x_wconf 80' lang='grc' dir='ltr'>διαπραξώμεθα,</span> <span class='ocrx_word' id='word_1_301' title='bbox 1340 2310 1599 2381; x_wconf 87' lang='grc' dir='ltr'>πλείστην</span> <span class='ocrx_word' id='word_1_302' title='bbox 1620 2311 1684 2363; x_wconf 81' lang='grc' dir='ltr'>ὲκ</span> <span class='ocrx_word' id='word_1_303' title='bbox 1711 2310 1816 2364; x_wconf 84' lang='grc' dir='ltr'>τῶν</span> 
     </span>
    </p>
   </div>
   <div class='ocr_carea' id='block_1_41' title="bbox 1919 2303 3488 2381">
    <p class='ocr_par' dir='ltr' id='par_1_41' title="bbox 1920 2303 3488 2378">
     <span class='ocr_line' id='line_1_42' title="bbox 1920 2303 3488 2378; baseline 0.009 -24"><span class='ocrx_word' id='word_1_304' title='bbox 1920 2315 2066 2367; x_wconf 85' lang='lat' dir='ltr'><strong>mus,</strong></span> <span class='ocrx_word' id='word_1_305' title='bbox 2097 2303 2392 2371; x_wconf 87' lang='lat' dir='ltr'><strong>plurimam</strong></span> <span class='ocrx_word' id='word_1_306' title='bbox 2416 2319 2480 2359; x_wconf 81' lang='lat' dir='ltr'><strong>ex</strong></span> <span class='ocrx_word' id='word_1_307' title='bbox 2500 2304 2661 2361; x_wconf 82' lang='lat' dir='ltr'><strong>factis</strong></span> <span class='ocrx_word' id='word_1_308' title='bbox 2685 2305 2890 2362; x_wconf 88' lang='lat' dir='ltr'><strong>nostris</strong></span> <span class='ocrx_word' id='word_1_309' title='bbox 2911 2307 3153 2363; x_wconf 65' lang='lat' dir='ltr'><strong>laetitiam</strong></span> <span class='ocrx_word' id='word_1_310' title='bbox 3176 2309 3488 2378; x_wconf 80' lang='lat' dir='ltr'><strong>referimus,</strong></span> 
     </span>
    </p>
   </div>
   <div class='ocr_carea' id='block_1_42' title="bbox 252 2394 1821 2474">
    <p class='ocr_par' dir='ltr' id='par_1_42' title="bbox 252 2396 1818 2472">
     <span class='ocr_line' id='line_1_43' title="bbox 252 2396 1818 2472; baseline 0.006 -26"><span class='ocrx_word' id='word_1_311' title='bbox 252 2396 597 2466; x_wconf 81' lang='grc' dir='ltr'>πραχθέντων</span> <span class='ocrx_word' id='word_1_312' title='bbox 639 2400 770 2467; x_wconf 75' lang='grc' dir='ltr'>ἡμῖν</span> <span class='ocrx_word' id='word_1_313' title='bbox 814 2397 1010 2468; x_wconf 75' lang='grc' dir='ltr'>ἔχομεν</span> <span class='ocrx_word' id='word_1_314' title='bbox 1040 2400 1137 2469; x_wconf 82' lang='grc' dir='ltr'>τὴν</span> <span class='ocrx_word' id='word_1_315' title='bbox 1169 2400 1504 2470; x_wconf 79' lang='grc' dir='ltr'>εὐφροσύνην</span> <span class='ocrx_word' id='word_1_316' title='bbox 1533 2402 1818 2472; x_wconf 79' lang='grc' dir='ltr'>ἐγγινομέ-</span> 
     </span>
    </p>
   </div>
   <div class='ocr_carea' id='block_1_43' title="bbox 1920 2394 3489 2474">
    <p class='ocr_par' dir='ltr' id='par_1_43' title="bbox 1920 2394 3489 2474">
     <span class='ocr_line' id='line_1_44' title="bbox 1920 2394 3489 2474; baseline 0.008 -27"><span class='ocrx_word' id='word_1_317' title='bbox 1920 2394 2258 2449; x_wconf 83' lang='lat' dir='ltr'><strong>conscientia</strong></span> <span class='ocrx_word' id='word_1_318' title='bbox 2291 2394 2436 2450; x_wconf 87' lang='lat' dir='ltr'><strong>bona</strong></span> <span class='ocrx_word' id='word_1_319' title='bbox 2475 2396 2775 2450; x_wconf 78' lang='lat' dir='ltr'><strong>maximum</strong></span> <span class='ocrx_word' id='word_1_320' title='bbox 2814 2414 3034 2470; x_wconf 90' lang='lat' dir='ltr'><strong>semper</strong></span> <span class='ocrx_word' id='word_1_321' title='bbox 3066 2401 3324 2472; x_wconf 77' lang='lat' dir='ltr'><strong>gaudium</strong></span> <span class='ocrx_word' id='word_1_322' title='bbox 3352 2418 3489 2474; x_wconf 67' lang='lat' dir='ltr'><strong>prat-</strong></span> 
     </span>
    </p>
   </div>
   <div class='ocr_carea' id='block_1_44' title="bbox 252 2485 1821 2564">
    <p class='ocr_par' dir='ltr' id='par_1_44' title="bbox 252 2486 1815 2564">
     <span class='ocr_line' id='line_1_45' title="bbox 252 2486 1815 2564; baseline 0.006 -27"><span class='ocrx_word' id='word_1_323' title='bbox 252 2501 368 2554; x_wconf 79' lang='grc' dir='ltr'>νην,</span> <span class='ocrx_word' id='word_1_324' title='bbox 419 2486 515 2539; x_wconf 74' lang='grc' dir='ltr'>τοῦ</span> <span class='ocrx_word' id='word_1_325' title='bbox 568 2488 859 2552; x_wconf 82' lang='grc' dir='ltr'>συνειδότος</span> <span class='ocrx_word' id='word_1_326' title='bbox 899 2490 1108 2558; x_wconf 80' lang='grc' dir='ltr'>ἀγαθοῦ</span> <span class='ocrx_word' id='word_1_327' title='bbox 1159 2491 1258 2561; x_wconf 82' lang='grc' dir='ltr'>μὲν</span> <span class='ocrx_word' id='word_1_328' title='bbox 1299 2493 1676 2562; x_wconf 84' lang='grc' dir='ltr'>τυγχάνοντος,</span> <span class='ocrx_word' id='word_1_329' title='bbox 1715 2510 1815 2564; x_wconf 82' lang='grc' dir='ltr'>με·</span> 
     </span>
    </p>
   </div>
   <div class='ocr_carea' id='block_1_45' title="bbox 1918 2485 3487 2564">
    <p class='ocr_par' dir='ltr' id='par_1_45' title="bbox 1921 2485 3487 2563">
     <span class='ocr_line' id='line_1_46' title="bbox 1921 2485 3487 2563; baseline 0.006 -23"><span class='ocrx_word' id='word_1_330' title='bbox 1921 2485 2101 2540; x_wconf 87' lang='lat' dir='ltr'><strong>bente.</strong></span> <span class='ocrx_word' id='word_1_331' title='bbox 2126 2485 2184 2541; x_wconf 83' lang='lat' dir='ltr'>in</span> <span class='ocrx_word' id='word_1_332' title='bbox 2214 2497 2437 2541; x_wconf 81' lang='lat' dir='ltr'><strong>tremore</strong></span> <span class='ocrx_word' id='word_1_333' title='bbox 2465 2494 2671 2553; x_wconf 88' lang='lat' dir='ltr'><strong>autem,</strong></span> <span class='ocrx_word' id='word_1_334' title='bbox 2701 2489 2805 2546; x_wconf 92' lang='lat' dir='ltr'>hoc</span> <span class='ocrx_word' id='word_1_335' title='bbox 2839 2499 2922 2546; x_wconf 90' lang='lat' dir='ltr'>est</span> <span class='ocrx_word' id='word_1_336' title='bbox 2955 2492 3008 2546; x_wconf 91' lang='lat' dir='ltr'><strong>in</strong></span> <span class='ocrx_word' id='word_1_337' title='bbox 3041 2495 3487 2563; x_wconf 87' lang='lat' dir='ltr'><strong>compunctione,</strong></span> 
     </span>
    </p>
   </div>
   <div class='ocr_carea' id='block_1_46' title="bbox 254 2577 1823 2654">
    <p class='ocr_par' dir='ltr' id='par_1_46' title="bbox 254 2577 1816 2654">
     <span class='ocr_line' id='line_1_47' title="bbox 254 2577 1816 2654; baseline 0.006 -26"><span class='ocrx_word' id='word_1_338' title='bbox 254 2577 444 2647; x_wconf 81' lang='grc' dir='ltr'>γίστην</span> <span class='ocrx_word' id='word_1_339' title='bbox 473 2578 531 2631; x_wconf 81' lang='grc' dir='ltr'>δὲ</span> <span class='ocrx_word' id='word_1_340' title='bbox 561 2579 694 2649; x_wconf 66' lang='grc' dir='ltr'>ἐμοὶ¹</span> <span class='ocrx_word' id='word_1_341' title='bbox 721 2579 898 2632; x_wconf 79' lang='grc' dir='ltr'>τούτου</span> <span class='ocrx_word' id='word_1_342' title='bbox 940 2582 1040 2652; x_wconf 81' lang='grc' dir='ltr'>τὴν</span> <span class='ocrx_word' id='word_1_343' title='bbox 1085 2581 1259 2653; x_wconf 82' lang='grc' dir='ltr'>χαρὰν</span> <span class='ocrx_word' id='word_1_344' title='bbox 1293 2583 1687 2654; x_wconf 84' lang='grc' dir='ltr'>παρεχομένου.</span> <span class='ocrx_word' id='word_1_345' title='bbox 1730 2585 1816 2638; x_wconf 87' lang='grc' dir='ltr'>Ἐν</span> 
     </span>
    </p>
   </div>
   <div class='ocr_carea' id='block_1_47' title="bbox 1920 2577 3489 2654">
    <p class='ocr_par' dir='ltr' id='par_1_47' title="bbox 1920 2577 3489 2652">
     <span class='ocr_line' id='line_1_48' title="bbox 1920 2577 3489 2652; baseline 0.007 -22"><span class='ocrx_word' id='word_1_346' title='bbox 1920 2578 2210 2646; x_wconf 85' lang='lat' dir='ltr'><strong>nequando</strong></span> <span class='ocrx_word' id='word_1_347' title='bbox 2259 2577 2355 2634; x_wconf 86' lang='lat' dir='ltr'><strong>Dei</strong></span> <span class='ocrx_word' id='word_1_348' title='bbox 2400 2578 2663 2650; x_wconf 88' lang='lat' dir='ltr'><strong>gaudium</strong></span> <span class='ocrx_word' id='word_1_349' title='bbox 2697 2582 2754 2636; x_wconf 88' lang='lat' dir='ltr'><strong>in</strong></span> <span class='ocrx_word' id='word_1_350' title='bbox 2786 2581 3050 2652; x_wconf 84' lang='lat' dir='ltr'><strong>gaudium</strong></span> <span class='ocrx_word' id='word_1_351' title='bbox 3097 2585 3291 2640; x_wconf 89' lang='lat' dir='ltr'><strong>mundi</strong></span> <span class='ocrx_word' id='word_1_352' title='bbox 3345 2586 3489 2641; x_wconf 80' lang='lat' dir='ltr'><strong>rela-</strong></span> 
     </span>
    </p>
   </div>
   <div class='ocr_carea' id='block_1_48' title="bbox 258 2667 2096 2747">
    <p class='ocr_par' dir='ltr' id='par_1_48' title="bbox 258 2667 2096 2747">
     <span class='ocr_line' id='line_1_49' title="bbox 258 2667 2096 2747; baseline 0.005 -26"><span class='ocrx_word' id='word_1_353' title='bbox 258 2671 447 2738; x_wconf 77' lang='grc' dir='ltr'>τρόμῳ</span> <span class='ocrx_word' id='word_1_354' title='bbox 493 2671 570 2735; x_wconf 88' lang='grc' dir='ltr'>δὲ,</span> <span class='ocrx_word' id='word_1_355' title='bbox 612 2671 875 2726; x_wconf 84' lang='grc' dir='ltr'>τουτέστιν</span> <span class='ocrx_word' id='word_1_356' title='bbox 913 2675 971 2726; x_wconf 80' lang='grc' dir='ltr'>ὲν</span> <span class='ocrx_word' id='word_1_357' title='bbox 1023 2674 1339 2740; x_wconf 81' lang='grc' dir='ltr'>κατανύξει,</span> <span class='ocrx_word' id='word_1_358' title='bbox 1389 2676 1464 2744; x_wconf 85' lang='grc' dir='ltr'>μή</span> <span class='ocrx_word' id='word_1_359' title='bbox 1499 2679 1685 2747; x_wconf 83' lang='grc' dir='ltr'>ποτεή</span> <span class='ocrx_word' id='word_1_360' title='bbox 1721 2677 1814 2731; x_wconf 82' lang='grc' dir='ltr'>τοῦ</span> <span class='ocrx_word' id='word_1_361' title='bbox 1918 2667 2096 2722; x_wconf 59' lang='lat' dir='ltr'>batur-</span> 
     </span>
    </p>
   </div>
   <div class='ocr_carea' id='block_1_49' title="bbox 261 2758 1671 2836">
    <p class='ocr_par' dir='ltr' id='par_1_49' title="bbox 261 2758 1671 2836">
     <span class='ocr_line' id='line_1_50' title="bbox 261 2758 1671 2836; baseline 0.007 -27"><span class='ocrx_word' id='word_1_362' title='bbox 261 2758 391 2811; x_wconf 85' lang='grc' dir='ltr'>Θεοῦ</span> <span class='ocrx_word' id='word_1_363' title='bbox 430 2761 571 2830; x_wconf 82' lang='grc' dir='ltr'>χαρὰ</span> <span class='ocrx_word' id='word_1_364' title='bbox 603 2764 680 2825; x_wconf 87' lang='grc' dir='ltr'>εἰς</span> <span class='ocrx_word' id='word_1_365' title='bbox 708 2762 798 2832; x_wconf 83' lang='grc' dir='ltr'>τὴν</span> <span class='ocrx_word' id='word_1_366' title='bbox 817 2763 910 2817; x_wconf 81' lang='grc' dir='ltr'>τοῦ</span> <span class='ocrx_word' id='word_1_367' title='bbox 939 2763 1143 2836; x_wconf 80' lang='grc' dir='ltr'>κόσμου</span> <span class='ocrx_word' id='word_1_368' title='bbox 1174 2764 1452 2836; x_wconf 81' lang='grc' dir='ltr'>μεταπέσῃ</span> <span class='ocrx_word' id='word_1_369' title='bbox 1478 2766 1671 2836; x_wconf 85' lang='grc' dir='ltr'>χαράν.</span> 
     </span>
    </p>
   </div>
   <div class='ocr_carea' id='block_1_50' title="bbox 335 2851 1904 2938">
    <p class='ocr_par' dir='ltr' id='par_1_50' title="bbox 335 2851 1815 2930">
     <span class='ocr_line' id='line_1_51' title="bbox 335 2851 1815 2930; baseline 0.007 -29"><span class='ocrx_word' id='word_1_370' title='bbox 335 2851 468 2921; x_wconf 82' lang='grc' dir='ltr'>Στίχ.</span> <span class='ocrx_word' id='word_1_371' title='bbox 500 2852 583 2921; x_wconf 80' lang='grc' dir='ltr'>ιβ’.</span> <span class='ocrx_word' id='word_1_372' title='bbox 611 2883 679 2892; x_wconf 95' lang='grc'><strong>-</strong></span> <span class='ocrx_word' id='word_1_373' title='bbox 722 2855 915 2926; x_wconf 74' lang='grc' dir='ltr'>Ἀπρίξ</span> <span class='ocrx_word' id='word_1_374' title='bbox 939 2859 1084 2928; x_wconf 78' lang='grc' dir='ltr'>ημᾶς</span> <span class='ocrx_word' id='word_1_375' title='bbox 1113 2855 1326 2927; x_wconf 74' lang='grc' dir='ltr'>ἔχεσθαι</span> <span class='ocrx_word' id='word_1_376' title='bbox 1357 2855 1456 2928; x_wconf 79' lang='grc' dir='ltr'>τῆς</span> <span class='ocrx_word' id='word_1_377' title='bbox 1493 2858 1586 2910; x_wconf 79' lang='grc' dir='ltr'>τοῦ</span> <span class='ocrx_word' id='word_1_378' title='bbox 1613 2858 1815 2930; x_wconf 86' lang='grc' dir='ltr'>Κυρίου</span> 
     </span>
    </p>
   </div>
   <div class='ocr_carea' id='block_1_51' title="bbox 1916 2851 3485 2938">
    <p class='ocr_par' dir='ltr' id='par_1_51' title="bbox 1986 2874 3485 2938">
     <span class='ocr_line' id='line_1_52' title="bbox 1986 2874 3485 2938; baseline 0.007 -10"><span class='ocrx_word' id='word_1_379' title='bbox 1986 2874 2153 2931; x_wconf 75' lang='lat' dir='ltr'><strong>Vsus.</strong></span> <span class='ocrx_word' id='word_1_380' title='bbox 2188 2877 2276 2932; x_wconf 70' lang='grc' dir='ltr'>η.</span> <span class='ocrx_word' id='word_1_381' title='bbox 2301 2909 2370 2920; x_wconf 90' lang='lat'><strong>—</strong></span> <span class='ocrx_word' id='word_1_382' title='bbox 2410 2877 2774 2935; x_wconf 83' lang='lat' dir='ltr'><strong>Vehementer</strong></span> <span class='ocrx_word' id='word_1_383' title='bbox 2798 2895 2901 2936; x_wconf 88' lang='lat' dir='ltr'>nos</span> <span class='ocrx_word' id='word_1_384' title='bbox 2928 2880 3140 2936; x_wconf 88' lang='lat' dir='ltr'><strong>Domini</strong></span> <span class='ocrx_word' id='word_1_385' title='bbox 3179 2882 3485 2938; x_wconf 88' lang='lat' dir='ltr'><strong>doctrinam</strong></span> 
     </span>
    </p>
   </div>
   <div class='ocr_carea' id='block_1_52' title="bbox 252 2965 1821 3046">
    <p class='ocr_par' dir='ltr' id='par_1_52' title="bbox 252 2965 1816 3046">
     <span class='ocr_line' id='line_1_53' title="bbox 252 2965 1816 3046; baseline 0.01 -29"><span class='ocrx_word' id='word_1_386' title='bbox 252 2965 585 3033; x_wconf 58' lang='grc' dir='ltr'>διδλσκαλίας</span> <span class='ocrx_word' id='word_1_387' title='bbox 631 2970 990 3040; x_wconf 79' lang='grc' dir='ltr'>βουλόμενος,</span> <span class='ocrx_word' id='word_1_388' title='bbox 1027 2974 1248 3038; x_wconf 82' lang='grc' dir='ltr'>εἰκότως</span> <span class='ocrx_word' id='word_1_389' title='bbox 1277 2977 1344 3046; x_wconf 75' lang='grc' dir='ltr'>τῇ</span> <span class='ocrx_word' id='word_1_390' title='bbox 1391 2974 1485 3029; x_wconf 83' lang='grc' dir='ltr'>τοῦ</span> <span class='ocrx_word' id='word_1_391' title='bbox 1517 2972 1816 3045; x_wconf 74' lang='grc' dir='ltr'>δράξασθε</span> 
     </span>
    </p>
   </div>
   <div class='ocr_carea' id='block_1_53' title="bbox 1857 2965 3426 3046">
    <p class='ocr_par' dir='ltr' id='par_1_53' title="bbox 1919 2969 3426 3044">
     <span class='ocr_line' id='line_1_54' title="bbox 1919 2969 3426 3044; baseline 0.003 -21"><span class='ocrx_word' id='word_1_392' title='bbox 1919 2969 2172 3040; x_wconf 83' lang='lat' dir='ltr'><strong>amplecti</strong></span> <span class='ocrx_word' id='word_1_393' title='bbox 2207 2971 2420 3039; x_wconf 82' lang='lat' dir='ltr'><strong>volens,</strong></span> <span class='ocrx_word' id='word_1_394' title='bbox 2448 2971 2644 3027; x_wconf 90' lang='lat' dir='ltr'><strong>merito</strong></span> <span class='ocrx_word' id='word_1_395' title='bbox 2677 2987 2808 3028; x_wconf 78' lang='lat' dir='ltr'><strong>voce</strong></span> <span class='ocrx_word' id='word_1_396' title='bbox 2834 2973 3206 3044; x_wconf 84' lang='lat' dir='ltr'><strong>apprehendite</strong></span> <span class='ocrx_word' id='word_1_397' title='bbox 3236 2975 3426 3031; x_wconf 86' lang='lat' dir='ltr'><strong>utitur.</strong></span> 
     </span>
    </p>
   </div>
   <div class='ocr_carea' id='block_1_54' title="bbox 246 3056 1885 3169">
    <p class='ocr_par' dir='ltr' id='par_1_54' title="bbox 246 3056 1885 3169">
     <span class='ocr_line' id='line_1_55' title="bbox 246 3056 1885 3169; baseline 0.007 -62"><span class='ocrx_word' id='word_1_398' title='bbox 246 3058 391 3127; x_wconf 74' lang='grc' dir='ltr'>φωνῇ</span> <span class='ocrx_word' id='word_1_399' title='bbox 419 3056 704 3129; x_wconf 85' lang='grc' dir='ltr'>κέχρηται.</span> <span class='ocrx_word' id='word_1_400' title='bbox 1842 3114 1885 3169; x_wconf 79' lang='lat' dir='ltr'>C</span> 
     </span>
    </p>
   </div>
   <div class='ocr_carea' id='block_1_55' title="bbox 833 3173 2402 3232">
    <p class='ocr_par' dir='ltr' id='par_1_55' title="bbox 833 3174 1239 3230">
     <span class='ocr_line' id='line_1_56' title="bbox 833 3174 1239 3230; baseline 0.002 -2"><span class='ocrx_word' id='word_1_401' title='bbox 833 3174 1127 3230; x_wconf 78' lang='grc' dir='ltr'>ΨΔΛΜΟΣ</span> <span class='ocrx_word' id='word_1_402' title='bbox 1163 3175 1239 3229; x_wconf 87' lang='grc' dir='ltr'>Γ’.</span> 
     </span>
    </p>
   </div>
   <div class='ocr_carea' id='block_1_56' title="bbox 1354 3173 2923 3232">
    <p class='ocr_par' dir='ltr' id='par_1_56' title="bbox 2477 3173 2923 3232">
     <span class='ocr_line' id='line_1_57' title="bbox 2477 3173 2923 3232; baseline 0.011 -5"><span class='ocrx_word' id='word_1_403' title='bbox 2477 3173 2800 3232; x_wconf 71' lang='lat' dir='ltr'>PSALMUS</span> <span class='ocrx_word' id='word_1_404' title='bbox 2835 3175 2923 3232; x_wconf 88' lang='lat' dir='ltr'><strong>Ill.</strong></span> 
     </span>
    </p>
   </div>
   <div class='ocr_carea' id='block_1_57' title="bbox 310 3263 1879 3337">
    <p class='ocr_par' dir='ltr' id='par_1_57' title="bbox 310 3264 1814 3337">
     <span class='ocr_line' id='line_1_58' title="bbox 310 3264 1814 3337; baseline 0.004 -21"><span class='ocrx_word' id='word_1_405' title='bbox 310 3265 456 3334; x_wconf 81' lang='grc' dir='ltr'>Στίχ.</span> <span class='ocrx_word' id='word_1_406' title='bbox 487 3272 557 3332; x_wconf 81' lang='grc' dir='ltr'>γ’.</span> <span class='ocrx_word' id='word_1_407' title='bbox 582 3296 650 3306; x_wconf 90' lang='grc'><strong>-</strong></span> <span class='ocrx_word' id='word_1_408' title='bbox 685 3264 859 3320; x_wconf 79' lang='grc' dir='ltr'>Τοῦτο</span> <span class='ocrx_word' id='word_1_409' title='bbox 889 3267 1264 3337; x_wconf 83' lang='grc' dir='ltr'>φανερώτερον</span> <span class='ocrx_word' id='word_1_410' title='bbox 1287 3266 1578 3334; x_wconf 87' lang='grc' dir='ltr'>δείκνυσιν,</span> <span class='ocrx_word' id='word_1_411' title='bbox 1605 3267 1697 3320; x_wconf 76' lang='grc' dir='ltr'>ἐπὶ</span> <span class='ocrx_word' id='word_1_412' title='bbox 1720 3268 1814 3322; x_wconf 85' lang='grc' dir='ltr'>τοῦ</span> 
     </span>
    </p>
   </div>
   <div class='ocr_carea' id='block_1_58' title="bbox 1918 3263 3487 3337">
    <p class='ocr_par' dir='ltr' id='par_1_58' title="bbox 1986 3263 3487 3326">
     <span class='ocr_line' id='line_1_59' title="bbox 1986 3263 3487 3326; baseline 0.005 -8"><span class='ocrx_word' id='word_1_413' title='bbox 1986 3263 2157 3321; x_wconf 74' lang='lat' dir='ltr'><strong>Vens.</strong></span> <span class='ocrx_word' id='word_1_414' title='bbox 2179 3266 2232 3320; x_wconf 76' lang='lat'><strong>2.</strong></span> <span class='ocrx_word' id='word_1_415' title='bbox 2261 3296 2330 3306; x_wconf 89' lang='lat'><strong><em>—</em></strong></span> <span class='ocrx_word' id='word_1_416' title='bbox 2361 3263 2476 3322; x_wconf 85' lang='lat' dir='ltr'><strong>lloc</strong></span> <span class='ocrx_word' id='word_1_417' title='bbox 2507 3268 2860 3326; x_wconf 80' lang='lat' dir='ltr'><strong>manifestius</strong></span> <span class='ocrx_word' id='word_1_418' title='bbox 2891 3270 3199 3326; x_wconf 71' lang='lat' dir='ltr'><strong>ostenditur</strong></span> <span class='ocrx_word' id='word_1_419' title='bbox 3239 3272 3342 3326; x_wconf 88' lang='lat' dir='ltr'>sub</span> <span class='ocrx_word' id='word_1_420' title='bbox 3383 3270 3487 3325; x_wconf 89' lang='lat' dir='ltr'>Da-</span> 
     </span>
    </p>
   </div>
   <div class='ocr_carea' id='block_1_59' title="bbox 239 3352 1808 3430">
    <p class='ocr_par' dir='ltr' id='par_1_59' title="bbox 239 3356 1808 3430">
     <span class='ocr_line' id='line_1_60' title="bbox 239 3356 1808 3430; baseline 0.003 -23"><span class='ocrx_word' id='word_1_421' title='bbox 239 3356 400 3409; x_wconf 79' lang='grc' dir='ltr'>Δαυῒδ</span> <span class='ocrx_word' id='word_1_422' title='bbox 433 3356 688 3425; x_wconf 76' lang='grc' dir='ltr'>λέγεσθαι</span> <span class='ocrx_word' id='word_1_423' title='bbox 716 3357 827 3410; x_wconf 85' lang='grc' dir='ltr'>δεῖν</span> <span class='ocrx_word' id='word_1_424' title='bbox 855 3358 946 3410; x_wconf 84' lang='grc' dir='ltr'>τὸν</span> <span class='ocrx_word' id='word_1_425' title='bbox 986 3358 1220 3428; x_wconf 74' lang='grc' dir='ltr'>ψαλμόν.</span> <span class='ocrx_word' id='word_1_426' title='bbox 1271 3359 1345 3411; x_wconf 80' lang='grc' dir='ltr'>Τὸ</span> <span class='ocrx_word' id='word_1_427' title='bbox 1376 3358 1484 3430; x_wconf 84' lang='grc' dir='ltr'>γὰρ</span> <span class='ocrx_word' id='word_1_428' title='bbox 1517 3360 1808 3412; x_wconf 74' lang='grc' dir='ltr'>ἐπανίστα-</span> 
     </span>
    </p>
   </div>
   <div class='ocr_carea' id='block_1_60' title="bbox 1907 3352 3476 3430">
    <p class='ocr_par' dir='ltr' id='par_1_60' title="bbox 1915 3352 3476 3430">
     <span class='ocr_line' id='line_1_61' title="bbox 1915 3352 3476 3430; baseline 0.007 -25"><span class='ocrx_word' id='word_1_429' title='bbox 1915 3352 2038 3408; x_wconf 83' lang='lat' dir='ltr'><strong>vide</strong></span> <span class='ocrx_word' id='word_1_430' title='bbox 2073 3355 2218 3412; x_wconf 88' lang='lat' dir='ltr'><strong>hunc</strong></span> <span class='ocrx_word' id='word_1_431' title='bbox 2249 3358 2521 3427; x_wconf 88' lang='lat' dir='ltr'><strong>psalmum</strong></span> <span class='ocrx_word' id='word_1_432' title='bbox 2551 3359 2724 3416; x_wconf 81' lang='lat' dir='ltr'><strong>fuisse</strong></span> <span class='ocrx_word' id='word_1_433' title='bbox 2749 3362 3037 3430; x_wconf 88' lang='lat' dir='ltr'><strong>scriptmu.</strong></span> <span class='ocrx_word' id='word_1_434' title='bbox 3085 3361 3201 3416; x_wconf 89' lang='lat' dir='ltr'><strong>lloc</strong></span> <span class='ocrx_word' id='word_1_435' title='bbox 3231 3363 3378 3417; x_wconf 88' lang='lat' dir='ltr'><strong>enim</strong></span> <span class='ocrx_word' id='word_1_436' title='bbox 3403 3365 3476 3416; x_wconf 80' lang='lat' dir='ltr'><strong>in-</strong></span> 
     </span>
    </p>
   </div>
   <div class='ocr_carea' id='block_1_61' title="bbox 240 3448 1809 3522">
    <p class='ocr_par' dir='ltr' id='par_1_61' title="bbox 240 3448 1809 3520">
     <span class='ocr_line' id='line_1_62' title="bbox 240 3448 1809 3520; baseline 0.003 -21"><span class='ocrx_word' id='word_1_437' title='bbox 240 3448 364 3500; x_wconf 82' lang='grc' dir='ltr'>σθαι</span> <span class='ocrx_word' id='word_1_438' title='bbox 407 3449 611 3520; x_wconf 82' lang='grc' dir='ltr'>κυρίως</span> <span class='ocrx_word' id='word_1_439' title='bbox 649 3449 868 3516; x_wconf 85' lang='grc' dir='ltr'>λέγεται</span> <span class='ocrx_word' id='word_1_440' title='bbox 915 3449 1010 3502; x_wconf 70' lang='grc' dir='ltr'>ἐπὶ</span> <span class='ocrx_word' id='word_1_441' title='bbox 1049 3449 1159 3502; x_wconf 82' lang='grc' dir='ltr'>τῶν</span> <span class='ocrx_word' id='word_1_442' title='bbox 1207 3451 1468 3519; x_wconf 88' lang='grc' dir='ltr'>πρότερον</span> <span class='ocrx_word' id='word_1_443' title='bbox 1493 3450 1592 3520; x_wconf 83' lang='grc' dir='ltr'>μὲν</span> <span class='ocrx_word' id='word_1_444' title='bbox 1624 3452 1682 3503; x_wconf 82' lang='grc' dir='ltr'>ὲν</span> <span class='ocrx_word' id='word_1_445' title='bbox 1710 3451 1809 3502; x_wconf 85' lang='grc' dir='ltr'>ὑπ-</span> 
     </span>
    </p>
   </div>
   <div class='ocr_carea' id='block_1_62' title="bbox 1919 3448 3488 3522">
    <p class='ocr_par' dir='ltr' id='par_1_62' title="bbox 1919 3448 3488 3522">
     <span class='ocr_line' id='line_1_63' title="bbox 1919 3448 3488 3522; baseline 0.008 -27"><span class='ocrx_word' id='word_1_446' title='bbox 1919 3454 2135 3513; x_wconf 74' lang='lat' dir='ltr'><strong>surgunt</strong></span> <span class='ocrx_word' id='word_1_447' title='bbox 2165 3448 2383 3518; x_wconf 86' lang='lat' dir='ltr'><strong>proprie</strong></span> <span class='ocrx_word' id='word_1_448' title='bbox 2400 3448 2602 3503; x_wconf 91' lang='lat' dir='ltr'><strong>dicitur</strong></span> <span class='ocrx_word' id='word_1_449' title='bbox 2623 3451 2800 3506; x_wconf 88' lang='lat' dir='ltr'><strong>dehis</strong></span> <span class='ocrx_word' id='word_1_450' title='bbox 2830 3452 2945 3522; x_wconf 89' lang='lat' dir='ltr'><strong>qui,</strong></span> <span class='ocrx_word' id='word_1_451' title='bbox 2983 3454 3218 3520; x_wconf 87' lang='lat' dir='ltr'><strong>primum</strong></span> <span class='ocrx_word' id='word_1_452' title='bbox 3245 3452 3300 3505; x_wconf 89' lang='lat' dir='ltr'>in</span> <span class='ocrx_word' id='word_1_453' title='bbox 3327 3453 3488 3506; x_wconf 81' lang='lat' dir='ltr'><strong>ditio-</strong></span> 
     </span>
    </p>
   </div>
   <div class='ocr_carea' id='block_1_63' title="bbox 235 3534 1804 3611">
    <p class='ocr_par' dir='ltr' id='par_1_63' title="bbox 235 3539 1804 3611">
     <span class='ocr_line' id='line_1_64' title="bbox 235 3539 1804 3611; baseline 0 -19"><span class='ocrx_word' id='word_1_454' title='bbox 235 3539 420 3606; x_wconf 73' lang='grc' dir='ltr'>ηκόων</span> <span class='ocrx_word' id='word_1_455' title='bbox 460 3541 611 3604; x_wconf 83' lang='grc' dir='ltr'>τάξει</span> <span class='ocrx_word' id='word_1_456' title='bbox 668 3541 1046 3608; x_wconf 85' lang='grc' dir='ltr'>καθεστώτων,</span> <span class='ocrx_word' id='word_1_457' title='bbox 1077 3541 1215 3611; x_wconf 79' lang='grc' dir='ltr'>μετὰ</span> <span class='ocrx_word' id='word_1_458' title='bbox 1259 3541 1315 3593; x_wconf 84' lang='grc' dir='ltr'>δὲ</span> <span class='ocrx_word' id='word_1_459' title='bbox 1363 3540 1533 3595; x_wconf 83' lang='grc' dir='ltr'>ταῦτα</span> <span class='ocrx_word' id='word_1_460' title='bbox 1580 3541 1804 3611; x_wconf 62' lang='grc' dir='ltr'>πόλεμον</span> 
     </span>
    </p>
   </div>
   <div class='ocr_carea' id='block_1_64' title="bbox 1844 3534 3413 3611">
    <p class='ocr_par' dir='ltr' id='par_1_64' title="bbox 1913 3534 3413 3609">
     <span class='ocr_line' id='line_1_65' title="bbox 1913 3534 3413 3609; baseline 0.009 -25"><span class='ocrx_word' id='word_1_461' title='bbox 1913 3546 2035 3586; x_wconf 87' lang='lat' dir='ltr'>nem</span> <span class='ocrx_word' id='word_1_462' title='bbox 2076 3534 2352 3602; x_wconf 89' lang='lat' dir='ltr'><strong>sapienter</strong></span> <span class='ocrx_word' id='word_1_463' title='bbox 2382 3538 2612 3602; x_wconf 87' lang='lat' dir='ltr'><strong>redacti,</strong></span> <span class='ocrx_word' id='word_1_464' title='bbox 2647 3539 2847 3593; x_wconf 84' lang='lat' dir='ltr'><strong>bellum</strong></span> <span class='ocrx_word' id='word_1_465' title='bbox 2876 3549 3067 3609; x_wconf 85' lang='lat' dir='ltr'><strong>postea</strong></span> <span class='ocrx_word' id='word_1_466' title='bbox 3104 3551 3413 3598; x_wconf 78' lang='lat' dir='ltr'><strong>moverunt.</strong></span> 
     </span>
    </p>
   </div>
   <div class='ocr_carea' id='block_1_65' title="bbox 231 3629 550 3702">
    <p class='ocr_par' dir='ltr' id='par_1_65' title="bbox 231 3629 550 3702">
     <span class='ocr_line' id='line_1_66' title="bbox 231 3629 550 3702; baseline 0 -19"><span class='ocrx_word' id='word_1_467' title='bbox 231 3629 550 3702; x_wconf 82' lang='grc' dir='ltr'>ἀραμένων.</span> 
     </span>
    </p>
   </div>
   <div class='ocr_carea' id='block_1_66' title="bbox 829 3738 2398 3801">
    <p class='ocr_par' dir='ltr' id='par_1_66' title="bbox 829 3748 1229 3801">
     <span class='ocr_line' id='line_1_67' title="bbox 829 3748 1229 3801; baseline 0.003 -1"><span class='ocrx_word' id='word_1_468' title='bbox 829 3748 1119 3801; x_wconf 81' lang='grc' dir='ltr'><strong>ΨΑΛΜΟΣ</strong></span> <span class='ocrx_word' id='word_1_469' title='bbox 1157 3748 1229 3801; x_wconf 87' lang='lat' dir='ltr'><strong>E&#39;.</strong></span> 
     </span>
    </p>
   </div>
   <div class='ocr_carea' id='block_1_67' title="bbox 1337 3738 2906 3801">
    <p class='ocr_par' dir='ltr' id='par_1_67' title="bbox 2487 3738 2906 3796">
     <span class='ocr_line' id='line_1_68' title="bbox 2487 3738 2906 3796; baseline 0.01 -4"><span class='ocrx_word' id='word_1_470' title='bbox 2487 3738 2809 3796; x_wconf 79' lang='lat' dir='ltr'>PSALMUS</span> <span class='ocrx_word' id='word_1_471' title='bbox 2842 3740 2906 3796; x_wconf 78' lang='grc' dir='ltr'>γ.</span> 
     </span>
    </p>
   </div>
   <div class='ocr_carea' id='block_1_68' title="bbox 295 3850 1864 3928">
    <p class='ocr_par' dir='ltr' id='par_1_68' title="bbox 295 3857 1811 3928">
     <span class='ocr_line' id='line_1_69' title="bbox 295 3857 1811 3928; baseline 0.001 -20"><span class='ocrx_word' id='word_1_472' title='bbox 295 3857 457 3925; x_wconf 83' lang='grc' dir='ltr'>Στίχ.</span> <span class='ocrx_word' id='word_1_473' title='bbox 479 3857 619 3910; x_wconf 85' lang='grc' dir='ltr'>θ’.-</span> <span class='ocrx_word' id='word_1_474' title='bbox 634 3857 728 3923; x_wconf 88' lang='grc' dir='ltr'>Τὸ,</span> <span class='ocrx_word' id='word_1_475' title='bbox 748 3857 1083 3927; x_wconf 69' lang='grc' dir='ltr'>Ὀδήγοησόν</span> <span class='ocrx_word' id='word_1_476' title='bbox 1093 3874 1190 3928; x_wconf 81' lang='grc' dir='ltr'>με,</span> <span class='ocrx_word' id='word_1_477' title='bbox 1209 3859 1303 3911; x_wconf 78' lang='grc' dir='ltr'>καὶ</span> <span class='ocrx_word' id='word_1_478' title='bbox 1330 3857 1412 3924; x_wconf 78' lang='grc' dir='ltr'>τὸ,</span> <span class='ocrx_word' id='word_1_479' title='bbox 1431 3858 1811 3912; x_wconf 80' lang='grc' dir='ltr'>Κατεύθυνον</span> 
     </span>
    </p>
   </div>
   <div class='ocr_carea' id='block_1_69' title="bbox 1914 3850 3483 3928">
    <p class='ocr_par' dir='ltr' id='par_1_69' title="bbox 1982 3850 3483 3925">
     <span class='ocr_line' id='line_1_70' title="bbox 1982 3850 3483 3925; baseline 0.005 -21"><span class='ocrx_word' id='word_1_480' title='bbox 1982 3850 2146 3906; x_wconf 71' lang='lat' dir='ltr'><strong>Vsus.</strong></span> <span class='ocrx_word' id='word_1_481' title='bbox 2176 3851 2229 3904; x_wconf 86' lang='lat'><strong>9.</strong></span> <span class='ocrx_word' id='word_1_482' title='bbox 2266 3881 2336 3896; x_wconf 66' lang='grc' dir='ltr'>υ-</span> <span class='ocrx_word' id='word_1_483' title='bbox 2373 3850 2553 3906; x_wconf 85' lang='lat' dir='ltr'><strong>Deduc</strong></span> <span class='ocrx_word' id='word_1_484' title='bbox 2598 3869 2679 3907; x_wconf 87' lang='lat' dir='ltr'>me</span> <span class='ocrx_word' id='word_1_485' title='bbox 2707 3861 2762 3908; x_wconf 91' lang='lat' dir='ltr'>et</span> <span class='ocrx_word' id='word_1_486' title='bbox 2799 3853 2969 3925; x_wconf 83' lang='lat' dir='ltr'><strong>dirige</strong></span> <span class='ocrx_word' id='word_1_487' title='bbox 2995 3856 3050 3909; x_wconf 84' lang='lat' dir='ltr'><strong>in</strong></span> <span class='ocrx_word' id='word_1_488' title='bbox 3088 3866 3364 3925; x_wconf 71' lang='lat' dir='ltr'><strong>cottspectu</strong></span> <span class='ocrx_word' id='word_1_489' title='bbox 3395 3868 3483 3913; x_wconf 84' lang='lat' dir='ltr'>tuo</span> 
     </span>
    </p>
   </div>
   <div class='ocr_carea' id='block_1_70' title="bbox 221 3942 1790 4020">
    <p class='ocr_par' dir='ltr' id='par_1_70' title="bbox 221 3946 1785 4020">
     <span class='ocr_line' id='line_1_71' title="bbox 221 3946 1785 4020; baseline 0 -20"><span class='ocrx_word' id='word_1_490' title='bbox 221 3946 490 4002; x_wconf 77' lang='grc' dir='ltr'>ἐνώπιόν</span> <span class='ocrx_word' id='word_1_491' title='bbox 512 3965 629 4004; x_wconf 88' lang='grc' dir='ltr'>σου</span> <span class='ocrx_word' id='word_1_492' title='bbox 661 3950 779 4016; x_wconf 78' lang='grc' dir='ltr'>τὴν</span> <span class='ocrx_word' id='word_1_493' title='bbox 803 3950 947 4004; x_wconf 81' lang='grc' dir='ltr'>ὀδόν</span> <span class='ocrx_word' id='word_1_494' title='bbox 973 3967 1115 4020; x_wconf 83' lang='grc' dir='ltr'>μου,</span> <span class='ocrx_word' id='word_1_495' title='bbox 1132 3950 1192 4002; x_wconf 84' lang='grc' dir='ltr'>τὸ</span> <span class='ocrx_word' id='word_1_496' title='bbox 1217 3949 1350 4003; x_wconf 84' lang='grc' dir='ltr'>αὐτὸ</span> <span class='ocrx_word' id='word_1_497' title='bbox 1380 3949 1526 4018; x_wconf 88' lang='grc' dir='ltr'>λέγει</span> <span class='ocrx_word' id='word_1_498' title='bbox 1551 3949 1672 4002; x_wconf 77' lang='grc' dir='ltr'>ἀντὶ</span> <span class='ocrx_word' id='word_1_499' title='bbox 1690 3947 1785 4002; x_wconf 82' lang='grc' dir='ltr'>τοῦ</span> 
     </span>
    </p>
   </div>
   <div class='ocr_carea' id='block_1_71' title="bbox 1914 3942 3483 4020">
    <p class='ocr_par' dir='ltr' id='par_1_71' title="bbox 1914 3942 3483 4015">
     <span class='ocr_line' id='line_1_72' title="bbox 1914 3942 3483 4015; baseline 0.007 -21"><span class='ocrx_word' id='word_1_500' title='bbox 1914 3942 2046 3995; x_wconf 79' lang='lat' dir='ltr'><strong>viam</strong></span> <span class='ocrx_word' id='word_1_501' title='bbox 2083 3958 2286 4009; x_wconf 82' lang='lat' dir='ltr'><strong>meam,</strong></span> <span class='ocrx_word' id='word_1_502' title='bbox 2321 3943 2427 3998; x_wconf 89' lang='lat' dir='ltr'>hoc</span> <span class='ocrx_word' id='word_1_503' title='bbox 2465 3944 2599 4000; x_wconf 91' lang='lat' dir='ltr'><strong>dicit</strong></span> <span class='ocrx_word' id='word_1_504' title='bbox 2638 3962 2736 4015; x_wconf 87' lang='lat' dir='ltr'>pro</span> <span class='ocrx_word' id='word_1_505' title='bbox 2781 3945 2968 4001; x_wconf 79' lang='lat' dir='ltr'><strong>Reduc</strong></span> <span class='ocrx_word' id='word_1_506' title='bbox 2997 3962 3084 4002; x_wconf 88' lang='lat' dir='ltr'>me</span> <span class='ocrx_word' id='word_1_507' title='bbox 3119 3966 3132 4002; x_wconf 91' lang='lat'><strong>:</strong></span> <span class='ocrx_word' id='word_1_508' title='bbox 3165 3949 3365 4004; x_wconf 91' lang='lat' dir='ltr'><strong>etenim</strong></span> <span class='ocrx_word' id='word_1_509' title='bbox 3419 3948 3483 4006; x_wconf 78' lang='grc' dir='ltr'>ιιι</span> 
     </span>
    </p>
   </div>
   <div class='ocr_carea' id='block_1_72' title="bbox 234 4036 1803 4112">
    <p class='ocr_par' dir='ltr' id='par_1_72' title="bbox 234 4039 1803 4112">
     <span class='ocr_line' id='line_1_73' title="bbox 234 4039 1803 4112; baseline 0.001 -20"><span class='ocrx_word' id='word_1_510' title='bbox 234 4041 594 4108; x_wconf 79' lang='grc' dir='ltr'>Ἐπανάγαγε</span> <span class='ocrx_word' id='word_1_511' title='bbox 617 4058 631 4071; x_wconf 87' lang='grc'><strong>·</strong></span> <span class='ocrx_word' id='word_1_512' title='bbox 664 4041 722 4094; x_wconf 86' lang='grc' dir='ltr'>τὸ</span> <span class='ocrx_word' id='word_1_513' title='bbox 750 4041 880 4112; x_wconf 78' lang='grc' dir='ltr'>γὰρ,</span> <span class='ocrx_word' id='word_1_514' title='bbox 927 4040 1208 4095; x_wconf 74' lang='grc' dir='ltr'>Ἐνώπιόγ</span> <span class='ocrx_word' id='word_1_515' title='bbox 1231 4056 1368 4106; x_wconf 86' lang='grc' dir='ltr'>σου,</span> <span class='ocrx_word' id='word_1_516' title='bbox 1396 4041 1515 4094; x_wconf 80' lang='grc' dir='ltr'>ἀντὶ</span> <span class='ocrx_word' id='word_1_517' title='bbox 1534 4039 1648 4107; x_wconf 79' lang='grc' dir='ltr'>τοῦ,</span> <span class='ocrx_word' id='word_1_518' title='bbox 1665 4040 1803 4112; x_wconf 81' lang='grc' dir='ltr'>Πρὸς</span> 
     </span>
    </p>
   </div>
   <div class='ocr_carea' id='block_1_73' title="bbox 1912 4036 3481 4112">
    <p class='ocr_par' dir='ltr' id='par_1_73' title="bbox 1912 4036 3481 4108">
     <span class='ocr_line' id='line_1_74' title="bbox 1912 4036 3481 4108; baseline 0.006 -20"><span class='ocrx_word' id='word_1_519' title='bbox 1912 4045 2187 4104; x_wconf 78' lang='lat' dir='ltr'><strong>conspectu</strong></span> <span class='ocrx_word' id='word_1_520' title='bbox 2235 4045 2325 4088; x_wconf 88' lang='lat' dir='ltr'>tuo</span> <span class='ocrx_word' id='word_1_521' title='bbox 2361 4051 2460 4106; x_wconf 86' lang='lat' dir='ltr'>pro</span> <span class='ocrx_word' id='word_1_522' title='bbox 2498 4036 2580 4090; x_wconf 83' lang='lat' dir='ltr'><strong>Ad</strong></span> <span class='ocrx_word' id='word_1_523' title='bbox 2617 4048 2664 4092; x_wconf 86' lang='lat' dir='ltr'>te</span> <span class='ocrx_word' id='word_1_524' title='bbox 2707 4038 2875 4108; x_wconf 84' lang='lat' dir='ltr'><strong>dirige</strong></span> <span class='ocrx_word' id='word_1_525' title='bbox 2917 4039 3056 4092; x_wconf 82' lang='lat' dir='ltr'><strong>viam</strong></span> <span class='ocrx_word' id='word_1_526' title='bbox 3087 4055 3275 4105; x_wconf 84' lang='lat' dir='ltr'><strong>meam,</strong></span> <span class='ocrx_word' id='word_1_527' title='bbox 3308 4049 3368 4094; x_wconf 94' lang='lat' dir='ltr'>ut</span> <span class='ocrx_word' id='word_1_528' title='bbox 3393 4057 3481 4097; x_wconf 82' lang='lat' dir='ltr'><strong>re-</strong></span> 
     </span>
    </p>
   </div>
   <div class='ocr_carea' id='block_1_74' title="bbox 220 4127 1789 4205">
    <p class='ocr_par' dir='ltr' id='par_1_74' title="bbox 220 4132 1789 4205">
     <span class='ocr_line' id='line_1_75' title="bbox 220 4132 1789 4205; baseline 0 -21"><span class='ocrx_word' id='word_1_529' title='bbox 220 4133 278 4184; x_wconf 88' lang='grc' dir='ltr'>σέ</span> <span class='ocrx_word' id='word_1_530' title='bbox 313 4152 421 4202; x_wconf 83' lang='grc' dir='ltr'>μου</span> <span class='ocrx_word' id='word_1_531' title='bbox 465 4132 793 4187; x_wconf 76' lang='grc' dir='ltr'>κατεύθυνον</span> <span class='ocrx_word' id='word_1_532' title='bbox 822 4135 920 4205; x_wconf 80' lang='grc' dir='ltr'>τὴν</span> <span class='ocrx_word' id='word_1_533' title='bbox 969 4134 1107 4198; x_wconf 75' lang='grc' dir='ltr'>ὁδὸν,</span> <span class='ocrx_word' id='word_1_534' title='bbox 1144 4134 1231 4187; x_wconf 84' lang='grc' dir='ltr'>ἴνα</span> <span class='ocrx_word' id='word_1_535' title='bbox 1259 4133 1537 4188; x_wconf 81' lang='grc' dir='ltr'>ἐπανέλθω</span> <span class='ocrx_word' id='word_1_536' title='bbox 1573 4133 1707 4204; x_wconf 84' lang='grc' dir='ltr'>πρὸς</span> <span class='ocrx_word' id='word_1_537' title='bbox 1746 4133 1789 4185; x_wconf 73' lang='grc' dir='ltr'><strong>σέ</strong></span> 
     </span>
    </p>
   </div>
   <div class='ocr_carea' id='block_1_75' title="bbox 1912 4127 3481 4205">
    <p class='ocr_par' dir='ltr' id='par_1_75' title="bbox 1912 4127 3481 4204">
     <span class='ocr_line' id='line_1_76' title="bbox 1912 4127 3481 4204; baseline 0.004 -21"><span class='ocrx_word' id='word_1_538' title='bbox 1912 4129 2063 4183; x_wconf 87' lang='lat' dir='ltr'><strong>deam</strong></span> <span class='ocrx_word' id='word_1_539' title='bbox 2099 4127 2165 4183; x_wconf 91' lang='lat' dir='ltr'>ad</span> <span class='ocrx_word' id='word_1_540' title='bbox 2199 4137 2248 4183; x_wconf 92' lang='lat' dir='ltr'>te</span> <span class='ocrx_word' id='word_1_541' title='bbox 2281 4131 2584 4185; x_wconf 87' lang='lat' dir='ltr'><strong>secundum</strong></span> <span class='ocrx_word' id='word_1_542' title='bbox 2617 4129 2900 4186; x_wconf 83' lang='lat' dir='ltr'><strong>Judaicam</strong></span> <span class='ocrx_word' id='word_1_543' title='bbox 2949 4143 3184 4188; x_wconf 87' lang='lat' dir='ltr'><strong>mentem</strong></span> <span class='ocrx_word' id='word_1_544' title='bbox 3205 4171 3219 4197; x_wconf 87' lang='lat'>,</span> <span class='ocrx_word' id='word_1_545' title='bbox 3245 4136 3402 4204; x_wconf 87' lang='lat' dir='ltr'><strong>quasi</strong></span> <span class='ocrx_word' id='word_1_546' title='bbox 3428 4136 3481 4189; x_wconf 90' lang='lat' dir='ltr'>in</span> 
     </span>
    </p>
   </div>
   <div class='ocr_carea' id='block_1_76' title="bbox 213 4219 1782 4297">
    <p class='ocr_par' dir='ltr' id='par_1_76' title="bbox 213 4225 1782 4297">
     <span class='ocr_line' id='line_1_77' title="bbox 213 4225 1782 4297; baseline 0 -19"><span class='ocrx_word' id='word_1_547' title='bbox 213 4227 358 4279; x_wconf 75' lang='grc' dir='ltr'>κατὰ</span> <span class='ocrx_word' id='word_1_548' title='bbox 389 4225 496 4295; x_wconf 75' lang='grc' dir='ltr'>τὴν</span> <span class='ocrx_word' id='word_1_549' title='bbox 529 4226 823 4295; x_wconf 82' lang='grc' dir='ltr'>ἰουδαῖκὴν</span> <span class='ocrx_word' id='word_1_550' title='bbox 858 4225 1142 4297; x_wconf 69' lang='grc' dir='ltr'>ὑπόληψιν,</span> <span class='ocrx_word' id='word_1_551' title='bbox 1184 4225 1259 4288; x_wconf 89' lang='grc' dir='ltr'>ώς</span> <span class='ocrx_word' id='word_1_552' title='bbox 1307 4227 1362 4278; x_wconf 79' lang='grc' dir='ltr'>ὲν</span> <span class='ocrx_word' id='word_1_553' title='bbox 1406 4225 1484 4296; x_wconf 84' lang='grc' dir='ltr'>τῷ</span> <span class='ocrx_word' id='word_1_554' title='bbox 1513 4225 1652 4279; x_wconf 87' lang='grc' dir='ltr'>Σιὼν</span> <span class='ocrx_word' id='word_1_555' title='bbox 1690 4225 1782 4296; x_wconf 82' lang='grc' dir='ltr'>δρε</span> 
     </span>
    </p>
   </div>
   <div class='ocr_carea' id='block_1_77' title="bbox 1912 4219 3481 4297">
    <p class='ocr_par' dir='ltr' id='par_1_77' title="bbox 1912 4219 3481 4295">
     <span class='ocr_line' id='line_1_78' title="bbox 1912 4219 3481 4295; baseline 0.007 -23"><span class='ocrx_word' id='word_1_556' title='bbox 1912 4227 2148 4275; x_wconf 90' lang='lat' dir='ltr'><strong>montem</strong></span> <span class='ocrx_word' id='word_1_557' title='bbox 2190 4219 2324 4276; x_wconf 90' lang='lat' dir='ltr'><strong>Sion</strong></span> <span class='ocrx_word' id='word_1_558' title='bbox 2370 4221 2676 4277; x_wconf 89' lang='lat' dir='ltr'><strong>adducente</strong></span> <span class='ocrx_word' id='word_1_559' title='bbox 2716 4221 2947 4279; x_wconf 91' lang='lat' dir='ltr'><strong>Domino</strong></span> <span class='ocrx_word' id='word_1_560' title='bbox 2989 4242 3005 4280; x_wconf 92' lang='lat'><strong>:</strong></span> <span class='ocrx_word' id='word_1_561' title='bbox 3052 4236 3262 4295; x_wconf 86' lang='lat' dir='ltr'><strong>propter</strong></span> <span class='ocrx_word' id='word_1_562' title='bbox 3301 4227 3481 4282; x_wconf 82' lang='lat' dir='ltr'><strong>inimi-</strong></span> 
     </span>
    </p>
   </div>
   <div class='ocr_carea' id='block_1_78' title="bbox 212 4311 1781 4383">
    <p class='ocr_par' dir='ltr' id='par_1_78' title="bbox 212 4311 1780 4383">
     <span class='ocr_line' id='line_1_79' title="bbox 212 4311 1780 4383; baseline 0.002 -19"><span class='ocrx_word' id='word_1_563' title='bbox 212 4313 307 4366; x_wconf 74' lang='grc' dir='ltr'>τοῦ</span> <span class='ocrx_word' id='word_1_564' title='bbox 331 4313 798 4382; x_wconf 45' lang='grc' dir='ltr'>Θεοῦ-διάγοντος.</span> <span class='ocrx_word' id='word_1_565' title='bbox 820 4315 892 4368; x_wconf 82' lang='grc' dir='ltr'>Τὸ</span> <span class='ocrx_word' id='word_1_566' title='bbox 915 4311 1026 4380; x_wconf 83' lang='grc' dir='ltr'>οὖν,</span> <span class='ocrx_word' id='word_1_567' title='bbox 1049 4317 1262 4368; x_wconf 74' lang='grc' dir='ltr'>Ἕνεκα</span> <span class='ocrx_word' id='word_1_568' title='bbox 1289 4314 1405 4368; x_wconf 78' lang='grc' dir='ltr'>τῶν</span> <span class='ocrx_word' id='word_1_569' title='bbox 1423 4313 1650 4382; x_wconf 75' lang='grc' dir='ltr'>ἐχθρῶν</span> <span class='ocrx_word' id='word_1_570' title='bbox 1662 4332 1780 4383; x_wconf 83' lang='grc' dir='ltr'>μου</span> 
     </span>
    </p>
   </div>
   <div class='ocr_carea' id='block_1_79' title="bbox 1911 4311 3480 4383">
    <p class='ocr_par' dir='ltr' id='par_1_79' title="bbox 1911 4311 3480 4380">
     <span class='ocr_line' id='line_1_80' title="bbox 1911 4311 3480 4380; baseline 0.008 -18"><span class='ocrx_word' id='word_1_571' title='bbox 1911 4326 1992 4363; x_wconf 80' lang='lat' dir='ltr'><strong>cos</strong></span> <span class='ocrx_word' id='word_1_572' title='bbox 2033 4326 2172 4364; x_wconf 77' lang='lat' dir='ltr'><strong>meos</strong></span> <span class='ocrx_word' id='word_1_573' title='bbox 2231 4311 2449 4365; x_wconf 88' lang='lat' dir='ltr'><strong>interim</strong></span> <span class='ocrx_word' id='word_1_574' title='bbox 2506 4312 2707 4380; x_wconf 81' lang='lat' dir='ltr'><strong>duplex</strong></span> <span class='ocrx_word' id='word_1_575' title='bbox 2760 4315 2893 4368; x_wconf 88' lang='lat' dir='ltr'><strong>mihi</strong></span> <span class='ocrx_word' id='word_1_576' title='bbox 2958 4317 3254 4374; x_wconf 87' lang='lat' dir='ltr'><strong>retributio</strong></span> <span class='ocrx_word' id='word_1_577' title='bbox 3297 4331 3416 4374; x_wconf 85' lang='lat' dir='ltr'><strong>erat</strong></span> <span class='ocrx_word' id='word_1_578' title='bbox 3467 4339 3480 4374; x_wconf 91' lang='lat'>:</span> 
     </span>
    </p>
   </div>
   <div class='ocr_carea' id='block_1_80' title="bbox 209 4399 1778 4480">
    <p class='ocr_par' dir='ltr' id='par_1_80' title="bbox 209 4400 1775 4476">
     <span class='ocr_line' id='line_1_81' title="bbox 209 4400 1775 4476; baseline 0.001 -22"><span class='ocrx_word' id='word_1_579' title='bbox 209 4400 298 4456; x_wconf 76' lang='grc' dir='ltr'>διά</span> <span class='ocrx_word' id='word_1_580' title='bbox 371 4404 552 4474; x_wconf 85' lang='grc' dir='ltr'>μέσου</span> <span class='ocrx_word' id='word_1_581' title='bbox 610 4404 746 4473; x_wconf 85' lang='grc' dir='ltr'>πρὸς</span> <span class='ocrx_word' id='word_1_582' title='bbox 800 4404 1086 4476; x_wconf 77' lang='grc' dir='ltr'>ἀμφότερα</span> <span class='ocrx_word' id='word_1_583' title='bbox 1137 4405 1257 4475; x_wconf 85' lang='grc' dir='ltr'>ἔχον</span> <span class='ocrx_word' id='word_1_584' title='bbox 1308 4405 1406 4476; x_wconf 85' lang='grc' dir='ltr'>τὴν</span> <span class='ocrx_word' id='word_1_585' title='bbox 1455 4405 1775 4458; x_wconf 86' lang='grc' dir='ltr'>ἀνταπόδοσι</span> 
     </span>
    </p>
   </div>
   <div class='ocr_carea' id='block_1_81' title="bbox 1914 4399 3483 4480">
    <p class='ocr_par' dir='ltr' id='par_1_81' title="bbox 1914 4399 3483 4480">
     <span class='ocr_line' id='line_1_82' title="bbox 1914 4399 3483 4480; baseline 0.009 -28"><span class='ocrx_word' id='word_1_586' title='bbox 1914 4399 2086 4454; x_wconf 79' lang='lat' dir='ltr'><strong>Reduc</strong></span> <span class='ocrx_word' id='word_1_587' title='bbox 2117 4403 2265 4455; x_wconf 89' lang='lat' dir='ltr'><strong>enim</strong></span> <span class='ocrx_word' id='word_1_588' title='bbox 2297 4417 2399 4466; x_wconf 86' lang='lat' dir='ltr'>me,</span> <span class='ocrx_word' id='word_1_589' title='bbox 2431 4401 2634 4472; x_wconf 89' lang='lat' dir='ltr'><strong>inquit,</strong></span> <span class='ocrx_word' id='word_1_590' title='bbox 2669 4404 2743 4457; x_wconf 89' lang='lat' dir='ltr'>ita</span> <span class='ocrx_word' id='word_1_591' title='bbox 2768 4413 2825 4458; x_wconf 92' lang='lat' dir='ltr'><strong>ut</strong></span> <span class='ocrx_word' id='word_1_592' title='bbox 2859 4406 2927 4460; x_wconf 84' lang='lat' dir='ltr'>ab</span> <span class='ocrx_word' id='word_1_593' title='bbox 2958 4407 3194 4465; x_wconf 88' lang='lat' dir='ltr'><strong>inimicis</strong></span> <span class='ocrx_word' id='word_1_594' title='bbox 3211 4411 3483 4480; x_wconf 84' lang='lat' dir='ltr'><strong>quicepe-</strong></span> 
     </span>
    </p>
   </div>
   <div class='ocr_carea' id='block_1_82' title="bbox 214 4491 1783 4567">
    <p class='ocr_par' dir='ltr' id='par_1_82' title="bbox 214 4493 1783 4565">
     <span class='ocr_line' id='line_1_83' title="bbox 214 4493 1783 4565; baseline 0.001 -18"><span class='ocrx_word' id='word_1_595' title='bbox 214 4493 633 4563; x_wconf 62' lang='grc' dir='ltr'>(Ἐπανάγαγε</span> <span class='ocrx_word' id='word_1_596' title='bbox 670 4495 778 4564; x_wconf 87' lang='grc' dir='ltr'>γάρ</span> <span class='ocrx_word' id='word_1_597' title='bbox 829 4513 918 4562; x_wconf 85' lang='grc' dir='ltr'>με,</span> <span class='ocrx_word' id='word_1_598' title='bbox 950 4497 1134 4565; x_wconf 71' lang='grc' dir='ltr'>φησὶν,</span> <span class='ocrx_word' id='word_1_599' title='bbox 1175 4497 1315 4550; x_wconf 84' lang='grc' dir='ltr'>ὥστε</span> <span class='ocrx_word' id='word_1_600' title='bbox 1341 4497 1646 4562; x_wconf 82' lang='grc' dir='ltr'>ἀπαλλάξαι</span> <span class='ocrx_word' id='word_1_601' title='bbox 1698 4496 1783 4550; x_wconf 66' lang='grc' dir='ltr'>τῶε</span> 
     </span>
    </p>
   </div>
   <div class='ocr_carea' id='block_1_83' title="bbox 1914 4491 3483 4567">
    <p class='ocr_par' dir='ltr' id='par_1_83' title="bbox 1914 4491 3483 4567">
     <span class='ocr_line' id='line_1_84' title="bbox 1914 4491 3483 4567; baseline 0.006 -24"><span class='ocrx_word' id='word_1_602' title='bbox 1914 4501 2040 4544; x_wconf 89' lang='lat' dir='ltr'><strong>runt</strong></span> <span class='ocrx_word' id='word_1_603' title='bbox 2071 4507 2156 4545; x_wconf 87' lang='lat' dir='ltr'>me</span> <span class='ocrx_word' id='word_1_604' title='bbox 2187 4491 2375 4547; x_wconf 75' lang='lat' dir='ltr'><strong>salvus</strong></span> <span class='ocrx_word' id='word_1_605' title='bbox 2409 4492 2530 4547; x_wconf 84' lang='lat' dir='ltr'>ﬁam</span> <span class='ocrx_word' id='word_1_606' title='bbox 2554 4531 2568 4556; x_wconf 94' lang='lat'>,</span> <span class='ocrx_word' id='word_1_607' title='bbox 2615 4500 2676 4550; x_wconf 83' lang='lat' dir='ltr'>et</span> <span class='ocrx_word' id='word_1_608' title='bbox 2698 4504 2987 4564; x_wconf 80' lang='lat' dir='ltr'><strong>postquam</strong></span> <span class='ocrx_word' id='word_1_609' title='bbox 3013 4499 3149 4553; x_wconf 80' lang='lat' dir='ltr'><strong>dixit</strong></span> <span class='ocrx_word' id='word_1_610' title='bbox 3184 4498 3250 4552; x_wconf 82' lang='lat' dir='ltr'><strong>In</strong></span> <span class='ocrx_word' id='word_1_611' title='bbox 3268 4500 3483 4567; x_wconf 70' lang='lat' dir='ltr'><strong>iustitia</strong></span> 
     </span>
    </p>
   </div>
   <div class='ocr_carea' id='block_1_84' title="bbox 210 4581 1779 4660">
    <p class='ocr_par' dir='ltr' id='par_1_84' title="bbox 210 4586 1776 4660">
     <span class='ocr_line' id='line_1_85' title="bbox 210 4586 1776 4660; baseline 0.003 -23"><span class='ocrx_word' id='word_1_612' title='bbox 210 4588 566 4656; x_wconf 77' lang='grc' dir='ltr'>κατεχόντων</span> <span class='ocrx_word' id='word_1_613' title='bbox 593 4586 821 4657; x_wconf 75' lang='grc' dir='ltr'>ἐχθρῶν,</span> <span class='ocrx_word' id='word_1_614' title='bbox 845 4588 938 4641; x_wconf 80' lang='grc' dir='ltr'>καὶ</span> <span class='ocrx_word' id='word_1_615' title='bbox 962 4588 1148 4660; x_wconf 77' lang='grc' dir='ltr'>ἐπειδὴ</span> <span class='ocrx_word' id='word_1_616' title='bbox 1179 4586 1350 4654; x_wconf 77' lang='grc' dir='ltr'>εἶπεν,</span> <span class='ocrx_word' id='word_1_617' title='bbox 1369 4589 1467 4643; x_wconf 80' lang='grc' dir='ltr'>Ἐν</span> <span class='ocrx_word' id='word_1_618' title='bbox 1489 4587 1562 4656; x_wconf 77' lang='grc' dir='ltr'>τῇ</span> <span class='ocrx_word' id='word_1_619' title='bbox 1587 4589 1776 4641; x_wconf 84' lang='grc' dir='ltr'>δικαιο</span> 
     </span>
    </p>
   </div>
   <div class='ocr_carea' id='block_1_85' title="bbox 1908 4581 3477 4660">
    <p class='ocr_par' dir='ltr' id='par_1_85' title="bbox 1910 4581 3477 4659">
     <span class='ocr_line' id='line_1_86' title="bbox 1910 4581 3477 4659; baseline 0.009 -27"><span class='ocrx_word' id='word_1_620' title='bbox 1910 4591 2032 4646; x_wconf 86' lang='lat' dir='ltr'><strong>tua,</strong></span> <span class='ocrx_word' id='word_1_621' title='bbox 2085 4581 2187 4636; x_wconf 92' lang='lat' dir='ltr'>hoc</span> <span class='ocrx_word' id='word_1_622' title='bbox 2235 4593 2320 4640; x_wconf 88' lang='lat' dir='ltr'>est</span> <span class='ocrx_word' id='word_1_623' title='bbox 2368 4587 2666 4640; x_wconf 89' lang='lat' dir='ltr'><strong>secundum</strong></span> <span class='ocrx_word' id='word_1_624' title='bbox 2712 4602 2916 4641; x_wconf 83' lang='lat' dir='ltr'><strong>morem</strong></span> <span class='ocrx_word' id='word_1_625' title='bbox 2965 4597 3119 4643; x_wconf 89' lang='lat' dir='ltr'><strong>tuum</strong></span> <span class='ocrx_word' id='word_1_626' title='bbox 3165 4590 3477 4659; x_wconf 75' lang='lat' dir='ltr'><strong>judicandi,</strong></span> 
     </span>
    </p>
   </div>
   <div class='ocr_carea' id='block_1_86' title="bbox 209 4673 1778 4752">
    <p class='ocr_par' dir='ltr' id='par_1_86' title="bbox 209 4679 1772 4752">
     <span class='ocr_line' id='line_1_87' title="bbox 209 4679 1772 4752; baseline 0.003 -24"><span class='ocrx_word' id='word_1_627' title='bbox 209 4679 373 4745; x_wconf 74' lang='grc' dir='ltr'>σύνῃ</span> <span class='ocrx_word' id='word_1_628' title='bbox 413 4694 562 4742; x_wconf 89' lang='grc' dir='ltr'>σου,</span> <span class='ocrx_word' id='word_1_629' title='bbox 595 4680 872 4733; x_wconf 87' lang='grc' dir='ltr'>τουτέστιν</span> <span class='ocrx_word' id='word_1_630' title='bbox 901 4680 1080 4744; x_wconf 86' lang='grc' dir='ltr'>καθὼς</span> <span class='ocrx_word' id='word_1_631' title='bbox 1123 4682 1242 4744; x_wconf 76' lang='grc' dir='ltr'>ἔθος</span> <span class='ocrx_word' id='word_1_632' title='bbox 1287 4683 1367 4734; x_wconf 92' lang='grc' dir='ltr'>σοί</span> <span class='ocrx_word' id='word_1_633' title='bbox 1411 4683 1556 4734; x_wconf 79' lang='grc' dir='ltr'>ἐστιν</span> <span class='ocrx_word' id='word_1_634' title='bbox 1599 4682 1772 4752; x_wconf 85' lang='grc' dir='ltr'>κρίνει</span> 
     </span>
    </p>
   </div>
   <div class='ocr_carea' id='block_1_87' title="bbox 1910 4673 3479 4752">
    <p class='ocr_par' dir='ltr' id='par_1_87' title="bbox 1910 4673 3479 4749">
     <span class='ocr_line' id='line_1_88' title="bbox 1910 4673 3479 4749; baseline 0.009 -22"><span class='ocrx_word' id='word_1_635' title='bbox 1910 4673 2090 4727; x_wconf 88' lang='lat' dir='ltr'><strong>statim</strong></span> <span class='ocrx_word' id='word_1_636' title='bbox 2130 4675 2370 4730; x_wconf 87' lang='lat' dir='ltr'><strong>ostendit</strong></span> <span class='ocrx_word' id='word_1_637' title='bbox 2404 4678 2681 4746; x_wconf 87' lang='lat' dir='ltr'><strong>quomodo</strong></span> <span class='ocrx_word' id='word_1_638' title='bbox 2715 4679 2788 4735; x_wconf 91' lang='lat' dir='ltr'><strong>sit</strong></span> <span class='ocrx_word' id='word_1_639' title='bbox 2813 4680 3023 4749; x_wconf 90' lang='lat' dir='ltr'><strong>justum</strong></span> <span class='ocrx_word' id='word_1_640' title='bbox 3049 4697 3108 4738; x_wconf 89' lang='lat' dir='ltr'>se</span> <span class='ocrx_word' id='word_1_641' title='bbox 3139 4697 3202 4737; x_wconf 84' lang='lat' dir='ltr'><strong>ex</strong></span> <span class='ocrx_word' id='word_1_642' title='bbox 3238 4682 3479 4740; x_wconf 87' lang='lat' dir='ltr'><strong>inimicis</strong></span> 
     </span>
    </p>
   </div>
   <div class='ocr_carea' id='block_1_88' title="bbox 207 4762 1776 4840">
    <p class='ocr_par' dir='ltr' id='par_1_88' title="bbox 207 4766 1776 4840">
     <span class='ocr_line' id='line_1_89' title="bbox 207 4766 1776 4840; baseline 0.003 -20"><span class='ocrx_word' id='word_1_643' title='bbox 207 4766 493 4838; x_wconf 74' lang='grc' dir='ltr'>δικαίως),</span> <span class='ocrx_word' id='word_1_644' title='bbox 516 4769 788 4823; x_wconf 88' lang='grc' dir='ltr'>δείκνυσιν</span> <span class='ocrx_word' id='word_1_645' title='bbox 836 4773 996 4835; x_wconf 77' lang='grc' dir='ltr'>εὐθὺς</span> <span class='ocrx_word' id='word_1_646' title='bbox 1031 4773 1177 4836; x_wconf 80' lang='grc' dir='ltr'>ὅπως</span> <span class='ocrx_word' id='word_1_647' title='bbox 1227 4771 1384 4824; x_wconf 80' lang='grc' dir='ltr'>αὑτὸν</span> <span class='ocrx_word' id='word_1_648' title='bbox 1426 4770 1776 4840; x_wconf 81' lang='grc' dir='ltr'>ἀπαλλαγῆνα</span> 
     </span>
    </p>
   </div>
   <div class='ocr_carea' id='block_1_89' title="bbox 1475 4762 3044 4840">
    <p class='ocr_par' dir='ltr' id='par_1_89' title="bbox 1475 4762 3044 4840">
     <span class='ocr_line' id='line_1_90' title="bbox 1475 4762 3044 4840; baseline 0.003 -18"><span class='ocrx_word' id='word_1_649' title='bbox 1475 4770 1805 4840; x_wconf 81' lang='grc' dir='ltr'>παλλαγῆναι</span> <span class='ocrx_word' id='word_1_650' title='bbox 1908 4762 2132 4832; x_wconf 85' lang='lat' dir='ltr'><strong>salvari,</strong></span> <span class='ocrx_word' id='word_1_651' title='bbox 2169 4766 2332 4822; x_wconf 91' lang='lat' dir='ltr'><strong>modo</strong></span> <span class='ocrx_word' id='word_1_652' title='bbox 2358 4783 2460 4823; x_wconf 90' lang='lat' dir='ltr'>suo</span> <span class='ocrx_word' id='word_1_653' title='bbox 2493 4769 2759 4825; x_wconf 88' lang='lat' dir='ltr'><strong>rationem</strong></span> <span class='ocrx_word' id='word_1_654' title='bbox 2788 4770 3044 4827; x_wconf 70' lang='lat' dir='ltr'><strong>aﬂ‘erens.</strong></span> 
     </span>
    </p>
   </div>
   <div class='ocr_carea' id='block_1_90' title="bbox 205 4859 1802 4932">
    <p class='ocr_par' dir='ltr' id='par_1_90' title="bbox 205 4859 1802 4932">
     <span class='ocr_line' id='line_1_91' title="bbox 205 4859 1802 4932; baseline 0.001 -21"><span class='ocrx_word' id='word_1_655' title='bbox 205 4859 425 4915; x_wconf 82' lang='grc' dir='ltr'>δίκαιον</span> <span class='ocrx_word' id='word_1_656' title='bbox 487 4862 595 4914; x_wconf 82' lang='grc' dir='ltr'>τῶν</span> <span class='ocrx_word' id='word_1_657' title='bbox 645 4863 890 4932; x_wconf 77' lang='grc' dir='ltr'>ἐχθρῶν·</span> <span class='ocrx_word' id='word_1_658' title='bbox 927 4864 1033 4917; x_wconf 78' lang='grc' dir='ltr'>ἀπὸ</span> <span class='ocrx_word' id='word_1_659' title='bbox 1079 4864 1172 4916; x_wconf 73' lang='grc' dir='ltr'>τοῦ</span> <span class='ocrx_word' id='word_1_660' title='bbox 1218 4863 1430 4915; x_wconf 79' lang='grc' dir='ltr'>ἐκείνου</span> <span class='ocrx_word' id='word_1_661' title='bbox 1457 4862 1659 4932; x_wconf 83' lang='grc' dir='ltr'>τρόπου</span> <span class='ocrx_word' id='word_1_662' title='bbox 1705 4861 1802 4931; x_wconf 75' lang='grc' dir='ltr'>τὴν</span> 
     </span>
    </p>
   </div>
   <div class='ocr_carea' id='block_1_91' title="bbox 202 4950 867 5023">
    <p class='ocr_par' dir='ltr' id='par_1_91' title="bbox 202 4950 867 5023">
     <span class='ocr_line' id='line_1_92' title="bbox 202 4950 867 5023; baseline 0.006 -19"><span class='ocrx_word' id='word_1_663' title='bbox 202 4950 496 5018; x_wconf 77' lang='grc' dir='ltr'>ἀπόδειξιν</span> <span class='ocrx_word' id='word_1_664' title='bbox 520 4954 867 5023; x_wconf 78' lang='grc' dir='ltr'>ποιούμενος.</span> 
     </span>
    </p>
   </div>
   <div class='ocr_carea' id='block_1_92' title="bbox 805 5059 2374 5135">
    <p class='ocr_par' dir='ltr' id='par_1_92' title="bbox 805 5067 1232 5135">
     <span class='ocr_line' id='line_1_93' title="bbox 805 5067 1232 5135; baseline 0 -14"><span class='ocrx_word' id='word_1_665' title='bbox 805 5067 1100 5122; x_wconf 76' lang='grc' dir='ltr'>ΨΑΑιιοΣ</span> <span class='ocrx_word' id='word_1_666' title='bbox 1139 5069 1232 5135; x_wconf 75' lang='lat' dir='ltr'><strong>q’.</strong></span> 
     </span>
    </p>
   </div>
   <div class='ocr_carea' id='block_1_93' title="bbox 1348 5059 2917 5135">
    <p class='ocr_par' dir='ltr' id='par_1_93' title="bbox 2456 5059 2917 5116">
     <span class='ocr_line' id='line_1_94' title="bbox 2456 5059 2917 5116; baseline 0.011 -5"><span class='ocrx_word' id='word_1_667' title='bbox 2456 5059 2582 5115; x_wconf 82' lang='lat' dir='ltr'><strong>l’SA</strong></span> <span class='ocrx_word' id='word_1_668' title='bbox 2592 5059 2779 5116; x_wconf 78' lang='lat' dir='ltr'>LMUS</span> <span class='ocrx_word' id='word_1_669' title='bbox 2829 5061 2892 5116; x_wconf 86' lang='lat' dir='ltr'>Vl</span> <span class='ocrx_word' id='word_1_670' title='bbox 2905 5103 2917 5116; x_wconf 91' lang='lat'>.</span> 
     </span>
    </p>
   </div>
   <div class='ocr_carea' id='block_1_94' title="bbox 266 5166 1835 5251">
    <p class='ocr_par' dir='ltr' id='par_1_94' title="bbox 266 5179 1805 5251">
     <span class='ocr_line' id='line_1_95' title="bbox 266 5179 1805 5251; baseline 0.001 -19"><span class='ocrx_word' id='word_1_671' title='bbox 266 5180 436 5250; x_wconf 85' lang='grc' dir='ltr'>Στίχ.</span> <span class='ocrx_word' id='word_1_672' title='bbox 468 5179 609 5249; x_wconf 85' lang='grc' dir='ltr'>β¹.-</span> <span class='ocrx_word' id='word_1_673' title='bbox 633 5180 1068 5251; x_wconf 81' lang='grc' dir='ltr'>Ἐξομολογεῖται</span> <span class='ocrx_word' id='word_1_674' title='bbox 1092 5181 1170 5250; x_wconf 84' lang='grc' dir='ltr'>τῷ</span> <span class='ocrx_word' id='word_1_675' title='bbox 1187 5181 1342 5250; x_wconf 83' lang='grc' dir='ltr'>Θεῷὸ</span> <span class='ocrx_word' id='word_1_676' title='bbox 1361 5181 1626 5251; x_wconf 85' lang='grc' dir='ltr'>μακάριος</span> <span class='ocrx_word' id='word_1_677' title='bbox 1642 5179 1805 5234; x_wconf 79' lang='grc' dir='ltr'>Δαυῒδ</span> 
     </span>
    </p>
   </div>
   <div class='ocr_carea' id='block_1_95' title="bbox 1906 5166 3475 5251">
    <p class='ocr_par' dir='ltr' id='par_1_95' title="bbox 1979 5166 3475 5231">
     <span class='ocr_line' id='line_1_96' title="bbox 1979 5166 3475 5231; baseline 0.006 -11"><span class='ocrx_word' id='word_1_678' title='bbox 1979 5166 2145 5223; x_wconf 69' lang='lat' dir='ltr'><strong>Vsus.</strong></span> <span class='ocrx_word' id='word_1_679' title='bbox 2171 5169 2227 5224; x_wconf 71' lang='grc'>2.</span> <span class='ocrx_word' id='word_1_680' title='bbox 2256 5199 2325 5208; x_wconf 93' lang='lat'><strong>—</strong></span> <span class='ocrx_word' id='word_1_681' title='bbox 2355 5170 2663 5228; x_wconf 82' lang='lat' dir='ltr'><strong>Conliletur</strong></span> <span class='ocrx_word' id='word_1_682' title='bbox 2694 5174 2806 5231; x_wconf 88' lang='lat' dir='ltr'><strong>Deo</strong></span> <span class='ocrx_word' id='word_1_683' title='bbox 2851 5176 3046 5230; x_wconf 84' lang='lat' dir='ltr'><strong>beatus</strong></span> <span class='ocrx_word' id='word_1_684' title='bbox 3078 5174 3245 5228; x_wconf 85' lang='lat' dir='ltr'><strong>David</strong></span> <span class='ocrx_word' id='word_1_685' title='bbox 3278 5174 3345 5229; x_wconf 88' lang='lat' dir='ltr'>de</span> <span class='ocrx_word' id='word_1_686' title='bbox 3376 5190 3475 5230; x_wconf 88' lang='lat' dir='ltr'>suo</span> 
     </span>
    </p>
   </div>
   <div class='ocr_carea' id='block_1_96' title="bbox 205 5261 1774 5342">
    <p class='ocr_par' dir='ltr' id='par_1_96' title="bbox 205 5270 1774 5342">
     <span class='ocr_line' id='line_1_97' title="bbox 205 5270 1774 5342; baseline 0 -22"><span class='ocrx_word' id='word_1_687' title='bbox 205 5270 332 5340; x_wconf 74' lang='grc' dir='ltr'>περί</span> <span class='ocrx_word' id='word_1_688' title='bbox 365 5271 477 5340; x_wconf 75' lang='grc' dir='ltr'>τῆς</span> <span class='ocrx_word' id='word_1_689' title='bbox 525 5271 663 5333; x_wconf 79' lang='grc' dir='ltr'>ἰδίας</span> <span class='ocrx_word' id='word_1_690' title='bbox 712 5272 1008 5342; x_wconf 86' lang='grc' dir='ltr'>ἁμαρτίας,</span> <span class='ocrx_word' id='word_1_691' title='bbox 1060 5271 1128 5340; x_wconf 77' lang='grc' dir='ltr'>ἣν</span> <span class='ocrx_word' id='word_1_692' title='bbox 1167 5271 1458 5340; x_wconf 79' lang='grc' dir='ltr'>εἰργάσατο</span> <span class='ocrx_word' id='word_1_693' title='bbox 1507 5271 1774 5337; x_wconf 82' lang='grc' dir='ltr'>συγκαθευ</span> 
     </span>
    </p>
   </div>
   <div class='ocr_carea' id='block_1_97' title="bbox 1904 5261 3473 5342">
    <p class='ocr_par' dir='ltr' id='par_1_97' title="bbox 1904 5261 3473 5331">
     <span class='ocr_line' id='line_1_98' title="bbox 1904 5261 3473 5331; baseline 0.006 -19"><span class='ocrx_word' id='word_1_694' title='bbox 1904 5267 2130 5328; x_wconf 90' lang='lat' dir='ltr'><strong>peccato</strong></span> <span class='ocrx_word' id='word_1_695' title='bbox 2181 5261 2324 5331; x_wconf 91' lang='lat' dir='ltr'><strong>quod</strong></span> <span class='ocrx_word' id='word_1_696' title='bbox 2377 5263 2583 5318; x_wconf 82' lang='lat' dir='ltr'><strong>fecerat</strong></span> <span class='ocrx_word' id='word_1_697' title='bbox 2643 5280 2769 5320; x_wconf 89' lang='lat' dir='ltr'>cum</span> <span class='ocrx_word' id='word_1_698' title='bbox 2818 5266 3088 5322; x_wconf 87' lang='lat' dir='ltr'><strong>Bersabee</strong></span> <span class='ocrx_word' id='word_1_699' title='bbox 3135 5267 3473 5321; x_wconf 78' lang='lat' dir='ltr'><strong>dormienda.</strong></span> 
     </span>
    </p>
   </div>
   <div class='ocr_carea' id='block_1_98' title="bbox 199 5349 1768 5431">
    <p class='ocr_par' dir='ltr' id='par_1_98' title="bbox 199 5355 1768 5431">
     <span class='ocr_line' id='line_1_99' title="bbox 199 5355 1768 5431; baseline -0.001 -21"><span class='ocrx_word' id='word_1_700' title='bbox 199 5355 375 5428; x_wconf 67' lang='grc' dir='ltr'>δήσας</span> <span class='ocrx_word' id='word_1_701' title='bbox 425 5363 504 5429; x_wconf 84' lang='grc' dir='ltr'>τῇ</span> <span class='ocrx_word' id='word_1_702' title='bbox 555 5360 850 5431; x_wconf 76' lang='grc' dir='ltr'>Βερσαϐεέ.</span> <span class='ocrx_word' id='word_1_703' title='bbox 890 5360 1053 5428; x_wconf 82' lang='grc' dir='ltr'>Λέγει</span> <span class='ocrx_word' id='word_1_704' title='bbox 1095 5360 1151 5412; x_wconf 86' lang='grc' dir='ltr'>δὲ</span> <span class='ocrx_word' id='word_1_705' title='bbox 1184 5359 1354 5412; x_wconf 81' lang='grc' dir='ltr'>ταῦτα</span> <span class='ocrx_word' id='word_1_706' title='bbox 1401 5361 1458 5411; x_wconf 85' lang='grc' dir='ltr'>ὲν</span> <span class='ocrx_word' id='word_1_707' title='bbox 1499 5359 1768 5428; x_wconf 79' lang='grc' dir='ltr'>συμφοραί</span> 
     </span>
    </p>
   </div>
   <div class='ocr_carea' id='block_1_99' title="bbox 1905 5349 3474 5431">
    <p class='ocr_par' dir='ltr' id='par_1_99' title="bbox 1905 5349 3474 5426">
     <span class='ocr_line' id='line_1_100' title="bbox 1905 5349 3474 5426; baseline 0.007 -23"><span class='ocrx_word' id='word_1_708' title='bbox 1905 5349 2029 5406; x_wconf 81' lang='lat' dir='ltr'>lth</span> <span class='ocrx_word' id='word_1_709' title='bbox 2067 5361 2248 5407; x_wconf 87' lang='lat' dir='ltr'><strong>autem</strong></span> <span class='ocrx_word' id='word_1_710' title='bbox 2282 5353 2417 5408; x_wconf 93' lang='lat' dir='ltr'><strong>dicit</strong></span> <span class='ocrx_word' id='word_1_711' title='bbox 2448 5370 2572 5410; x_wconf 90' lang='lat' dir='ltr'>cum</span> <span class='ocrx_word' id='word_1_712' title='bbox 2602 5366 2751 5411; x_wconf 88' lang='lat' dir='ltr'><strong>esset</strong></span> <span class='ocrx_word' id='word_1_713' title='bbox 2779 5358 2836 5411; x_wconf 91' lang='lat' dir='ltr'>in</span> <span class='ocrx_word' id='word_1_714' title='bbox 2882 5359 3312 5416; x_wconf 83' lang='lat' dir='ltr'><strong>adversitatibus</strong></span> <span class='ocrx_word' id='word_1_715' title='bbox 3351 5360 3474 5426; x_wconf 88' lang='lat' dir='ltr'><strong>qui-</strong></span> 
     </span>
    </p>
   </div>
   <div class='ocr_carea' id='block_1_100' title="bbox 195 5437 1764 5521">
    <p class='ocr_par' dir='ltr' id='par_1_100' title="bbox 195 5437 1516 5521">
     <span class='ocr_line' id='line_1_101' title="bbox 195 5437 1516 5521; baseline 0.002 -21"><span class='ocrx_word' id='word_1_716' title='bbox 195 5448 294 5512; x_wconf 82' lang='grc' dir='ltr'>ὣν,</span> <span class='ocrx_word' id='word_1_717' title='bbox 327 5453 394 5503; x_wconf 81' lang='grc' dir='ltr'>ὲν</span> <span class='ocrx_word' id='word_1_718' title='bbox 427 5447 522 5514; x_wconf 79' lang='grc' dir='ltr'>αἷς</span> <span class='ocrx_word' id='word_1_719' title='bbox 550 5453 644 5504; x_wconf 75' lang='grc' dir='ltr'>καὶ</span> <span class='ocrx_word' id='word_1_720' title='bbox 672 5449 964 5521; x_wconf 76' lang='grc' dir='ltr'>ἐξητάζετο</span> <span class='ocrx_word' id='word_1_721' title='bbox 982 5437 1079 5504; x_wconf 70' lang='grc' dir='ltr'>’διὰ</span> <span class='ocrx_word' id='word_1_722' title='bbox 1100 5451 1199 5521; x_wconf 84' lang='grc' dir='ltr'>τὴν</span> <span class='ocrx_word' id='word_1_723' title='bbox 1222 5449 1516 5520; x_wconf 79' lang='grc' dir='ltr'>ἁμαρτίαν.</span> 
     </span>
    </p>
   </div>
   <div class='ocr_carea' id='block_1_101' title="bbox 1839 5437 3408 5521">
    <p class='ocr_par' dir='ltr' id='par_1_101' title="bbox 1905 5444 3408 5518">
     <span class='ocr_line' id='line_1_102' title="bbox 1905 5444 3408 5518; baseline 0.007 -22"><span class='ocrx_word' id='word_1_724' title='bbox 1905 5444 2004 5497; x_wconf 85' lang='lat' dir='ltr'>bus</span> <span class='ocrx_word' id='word_1_725' title='bbox 2031 5455 2255 5513; x_wconf 85' lang='lat' dir='ltr'><strong>prOpter</strong></span> <span class='ocrx_word' id='word_1_726' title='bbox 2283 5455 2568 5514; x_wconf 88' lang='lat' dir='ltr'><strong>peccatum</strong></span> <span class='ocrx_word' id='word_1_727' title='bbox 2603 5449 2962 5518; x_wconf 88' lang='lat' dir='ltr'><strong>probabatur.</strong></span> <span class='ocrx_word' id='word_1_728' title='bbox 3402 5463 3408 5469; x_wconf 86' lang='lat'><strong>‘</strong></span> 
     </span>
    </p>
   </div>
   <div class='ocr_carea' id='block_1_102' title="bbox 267 5531 1836 5612">
    <p class='ocr_par' dir='ltr' id='par_1_102' title="bbox 267 5539 1799 5612">
     <span class='ocr_line' id='line_1_103' title="bbox 267 5539 1799 5612; baseline -0.001 -18"><span class='ocrx_word' id='word_1_729' title='bbox 267 5541 347 5594; x_wconf 74' lang='grc' dir='ltr'>Τὸ</span> <span class='ocrx_word' id='word_1_730' title='bbox 377 5542 525 5594; x_wconf 74' lang='grc' dir='ltr'>αὐτὸ</span> <span class='ocrx_word' id='word_1_731' title='bbox 558 5541 820 5611; x_wconf 74' lang='grc' dir='ltr'>μειζόνως</span> <span class='ocrx_word' id='word_1_732' title='bbox 846 5539 996 5595; x_wconf 75' lang='grc' dir='ltr'>εἶπεν</span> <span class='ocrx_word' id='word_1_733' title='bbox 1017 5559 1030 5572; x_wconf 89' lang='grc'><strong>·</strong></span> <span class='ocrx_word' id='word_1_734' title='bbox 1071 5542 1132 5596; x_wconf 85' lang='grc' dir='ltr'>τὸ</span> <span class='ocrx_word' id='word_1_735' title='bbox 1175 5542 1272 5611; x_wconf 80' lang='grc' dir='ltr'>μὲν</span> <span class='ocrx_word' id='word_1_736' title='bbox 1297 5540 1426 5612; x_wconf 84' lang='grc' dir='ltr'>γὰρ,</span> <span class='ocrx_word' id='word_1_737' title='bbox 1475 5540 1799 5608; x_wconf 80' lang='grc' dir='ltr'>Ἐταράχθη</span> 
     </span>
    </p>
   </div>
   <div class='ocr_carea' id='block_1_103' title="bbox 1904 5531 3473 5612">
    <p class='ocr_par' dir='ltr' id='par_1_103' title="bbox 1971 5531 3473 5607">
     <span class='ocr_line' id='line_1_104' title="bbox 1971 5531 3473 5607; baseline 0.005 -23"><span class='ocrx_word' id='word_1_738' title='bbox 1971 5531 2116 5588; x_wconf 86' lang='lat' dir='ltr'><strong>idem</strong></span> <span class='ocrx_word' id='word_1_739' title='bbox 2148 5535 2346 5592; x_wconf 77' lang='lat' dir='ltr'><strong>fortius</strong></span> <span class='ocrx_word' id='word_1_740' title='bbox 2381 5537 2557 5590; x_wconf 78' lang='lat' dir='ltr'><strong>dixit:</strong></span> <span class='ocrx_word' id='word_1_741' title='bbox 2588 5539 2690 5592; x_wconf 92' lang='lat' dir='ltr'>hoc</span> <span class='ocrx_word' id='word_1_742' title='bbox 2710 5555 2968 5607; x_wconf 84' lang='lat' dir='ltr'><strong>namque,</strong></span> <span class='ocrx_word' id='word_1_743' title='bbox 2992 5537 3320 5599; x_wconf 83' lang='lat' dir='ltr'><strong>Conturbata</strong></span> <span class='ocrx_word' id='word_1_744' title='bbox 3352 5549 3473 5592; x_wconf 78' lang='lat' dir='ltr'><strong>sunt</strong></span> 
     </span>
    </p>
   </div>
   <div class='ocr_carea' id='block_1_104' title="bbox 193 5614 1762 5703">
    <p class='ocr_par' dir='ltr' id='par_1_104' title="bbox 193 5629 1762 5703">
     <span class='ocr_line' id='line_1_105' title="bbox 193 5629 1762 5703; baseline 0.001 -22"><span class='ocrx_word' id='word_1_745' title='bbox 193 5632 267 5682; x_wconf 80' lang='grc' dir='ltr'>τὰ</span> <span class='ocrx_word' id='word_1_746' title='bbox 307 5630 484 5685; x_wconf 78' lang='grc' dir='ltr'>ὀστᾶ</span> <span class='ocrx_word' id='word_1_747' title='bbox 503 5650 642 5699; x_wconf 81' lang='grc' dir='ltr'>μου,</span> <span class='ocrx_word' id='word_1_748' title='bbox 683 5633 746 5685; x_wconf 78' lang='grc' dir='ltr'>τὸ</span> <span class='ocrx_word' id='word_1_749' title='bbox 789 5633 1004 5703; x_wconf 77' lang='grc' dir='ltr'>ἰσχυρὸν</span> <span class='ocrx_word' id='word_1_750' title='bbox 1045 5631 1138 5684; x_wconf 73' lang='grc' dir='ltr'>τοῦ</span> <span class='ocrx_word' id='word_1_751' title='bbox 1184 5629 1518 5702; x_wconf 74' lang='grc' dir='ltr'>σνντριμμοῦ</span> <span class='ocrx_word' id='word_1_752' title='bbox 1573 5633 1666 5684; x_wconf 73' lang='grc' dir='ltr'>καὶ</span> <span class='ocrx_word' id='word_1_753' title='bbox 1705 5632 1762 5701; x_wconf 79' lang='grc' dir='ltr'>τῆ</span> 
     </span>
    </p>
   </div>
   <div class='ocr_carea' id='block_1_105' title="bbox 1906 5614 3475 5703">
    <p class='ocr_par' dir='ltr' id='par_1_105' title="bbox 1906 5627 3475 5696">
     <span class='ocr_line' id='line_1_106' title="bbox 1906 5627 3475 5696; baseline 0.001 -18"><span class='ocrx_word' id='word_1_754' title='bbox 1906 5641 2025 5678; x_wconf 76' lang='lat' dir='ltr'><strong>ossa</strong></span> <span class='ocrx_word' id='word_1_755' title='bbox 2073 5642 2188 5679; x_wconf 84' lang='lat' dir='ltr'><strong>utea</strong></span> <span class='ocrx_word' id='word_1_756' title='bbox 2211 5665 2225 5689; x_wconf 92' lang='lat'>,</span> <span class='ocrx_word' id='word_1_757' title='bbox 2259 5627 2686 5696; x_wconf 82' lang='lat' dir='ltr'><strong>magnitudinem</strong></span> <span class='ocrx_word' id='word_1_758' title='bbox 2719 5629 3068 5683; x_wconf 85' lang='lat' dir='ltr'><strong>contritionis</strong></span> <span class='ocrx_word' id='word_1_759' title='bbox 3096 5639 3147 5682; x_wconf 87' lang='lat' dir='ltr'><strong>et</strong></span> <span class='ocrx_word' id='word_1_760' title='bbox 3180 5629 3475 5681; x_wconf 76' lang='lat' dir='ltr'><strong>conturba-</strong></span> 
     </span>
    </p>
   </div>
   <div class='ocr_carea' id='block_1_106' title="bbox 191 5717 1760 5792">
    <p class='ocr_par' dir='ltr' id='par_1_106' title="bbox 191 5718 1760 5792">
     <span class='ocr_line' id='line_1_107' title="bbox 191 5718 1760 5792; baseline 0.003 -21"><span class='ocrx_word' id='word_1_761' title='bbox 191 5720 467 5791; x_wconf 65' lang='grc' dir='ltr'>ταραχῆς</span> <span class='ocrx_word' id='word_1_762' title='bbox 522 5721 847 5792; x_wconf 65' lang='grc' dir='ltr'>παρίστησιν</span> <span class='ocrx_word' id='word_1_763' title='bbox 869 5739 880 5752; x_wconf 82' lang='lat'><strong><em>°</em></strong></span> <span class='ocrx_word' id='word_1_764' title='bbox 914 5721 975 5774; x_wconf 75' lang='grc' dir='ltr'>τὸ</span> <span class='ocrx_word' id='word_1_765' title='bbox 1006 5721 1094 5785; x_wconf 83' lang='grc' dir='ltr'>δὲ,</span> <span class='ocrx_word' id='word_1_766' title='bbox 1125 5722 1229 5774; x_wconf 77' lang='grc' dir='ltr'>Καὶ</span> <span class='ocrx_word' id='word_1_767' title='bbox 1264 5720 1302 5784; x_wconf 72' lang='grc' dir='ltr'>ἡ</span> <span class='ocrx_word' id='word_1_768' title='bbox 1338 5718 1506 5787; x_wconf 63' lang='grc' dir='ltr'>ψυχή</span> <span class='ocrx_word' id='word_1_769' title='bbox 1529 5736 1644 5787; x_wconf 77' lang='grc' dir='ltr'>μου</span> <span class='ocrx_word' id='word_1_770' title='bbox 1670 5719 1760 5775; x_wconf 85' lang='grc' dir='ltr'>ἐτο</span> 
     </span>
    </p>
   </div>
   <div class='ocr_carea' id='block_1_107' title="bbox 1905 5717 3474 5792">
    <p class='ocr_par' dir='ltr' id='par_1_107' title="bbox 1905 5717 3474 5782">
     <span class='ocr_line' id='line_1_108' title="bbox 1905 5717 3474 5782; baseline -0.002 -9"><span class='ocrx_word' id='word_1_771' title='bbox 1905 5719 2069 5773; x_wconf 86' lang='lat' dir='ltr'><strong>tionis</strong></span> <span class='ocrx_word' id='word_1_772' title='bbox 2099 5717 2367 5773; x_wconf 83' lang='lat' dir='ltr'><strong>ostendit;</strong></span> <span class='ocrx_word' id='word_1_773' title='bbox 2399 5717 2467 5774; x_wconf 85' lang='lat' dir='ltr'><strong>Et</strong></span> <span class='ocrx_word' id='word_1_774' title='bbox 2497 5721 2671 5774; x_wconf 84' lang='lat' dir='ltr'><strong>anima</strong></span> <span class='ocrx_word' id='word_1_775' title='bbox 2701 5737 2812 5774; x_wconf 85' lang='lat' dir='ltr'><strong>mea</strong></span> <span class='ocrx_word' id='word_1_776' title='bbox 2843 5723 3053 5774; x_wconf 82' lang='lat' dir='ltr'><strong>turbata</strong></span> <span class='ocrx_word' id='word_1_777' title='bbox 3082 5731 3156 5771; x_wconf 76' lang='lat' dir='ltr'>est</span> <span class='ocrx_word' id='word_1_778' title='bbox 3179 5730 3346 5782; x_wconf 77' lang='lat' dir='ltr'><strong>ratae,</strong></span> <span class='ocrx_word' id='word_1_779' title='bbox 3375 5717 3474 5770; x_wconf 77' lang='lat' dir='ltr'><strong>hoc</strong></span> 
     </span>
    </p>
   </div>
   <div class='ocr_carea' id='block_1_108' title="bbox 550 5815 2119 5878">
    <p class='ocr_par' dir='ltr' id='par_1_108' title="bbox 550 5815 1255 5878">
     <span class='ocr_line' id='line_1_109' title="bbox 550 5815 1255 5878; baseline 0.001 -4"><span class='ocrx_word' id='word_1_780' title='bbox 550 5817 821 5878; x_wconf 71' lang='grc' dir='ltr'>ΡΑτιιοι..</span> <span class='ocrx_word' id='word_1_781' title='bbox 867 5815 982 5876; x_wconf 81' lang='lat' dir='ltr'>Gn.</span> <span class='ocrx_word' id='word_1_782' title='bbox 1037 5815 1255 5876; x_wconf 68' lang='lat' dir='ltr'><strong>LXVI.</strong></span> 
     </span>
    </p>
   </div>
   <div class='ocr_carea' id='block_1_109' title="bbox 1578 5815 3147 5878">
    <p class='ocr_par' dir='ltr' id='par_1_109' title="bbox 3079 5818 3147 5872">
     <span class='ocr_line' id='line_1_110' title="bbox 3079 5818 3147 5872; baseline 0.015 -1"><span class='ocrx_word' id='word_1_783' title='bbox 3079 5818 3147 5872; x_wconf 72' lang='lat'>21</span> 
     </span>
    </p>
   </div>
  </div>
