3974 6146
498 221 603 281 651

1672 218 2024 277 THEODORI
2063 219 2546 278 MOPSUESTEM

3626 222 3733 285 6‘5!

500 341 586 393 est
606 375 620 401 ,
650 349 771 407 quae
809 348 1009 406 corpus
1060 349 1237 389 meum
1280 333 1561 399 contrivit,
1592 347 1769 405 usque
1793 335 1860 390 ad
1890 334 2065 403 ipsam

2185 336 2355 405 >άχθη
2378 337 2633 406 σφόδρα,
2674 338 2938 406 τουτέστι,
2964 338 3313 410 Συντρίψασά
3340 355 3443 411 μου
3471 335 3528 391 ti
3558 336 3738 408 σῶμα,

505 423 737 479 animam
760 424 1059 495 penetravit
1089 424 1464 491 conturbatio.

1047 510 1372 570 PSALMUS
1398 513 1514 571 VII.

571 603 734 659 Vens.
768 606 821 660 4.
844 633 915 645 -
956 603 1019 660 Si
1056 604 1155 673 feci
1194 605 1339 660 istud
1369 605 1516 678 quod
1548 620 1698 661 nunc
1736 605 1940 676 patior,
1968 605 2072 660 hoc

504 705 604 760 est,
638 695 684 750 si
713 695 901 766 inique
929 695 1016 765 egi
1053 713 1065 749 :
1106 695 1249 750 unde
1280 698 1523 767 apertius
1561 696 1711 752 addit
1738 695 1928 753 dicens
1959 715 1972 752 :
2009 695 2070 750 Si

502 795 577 840 est
620 787 875 857 iniquitas
906 787 964 841 in
998 790 1241 843 manibus
1268 791 1418 855 meis,
1452 804 1551 860 pro
1585 789 1633 845 si
1689 788 1875 857 inique
1903 801 2070 858 agens

501 887 754 934 Inventus
778 893 925 945 sum,
950 880 996 935 si
1021 879 1233 936 reddidi
1260 880 1691 936 retribuentibus
1712 878 1844 933 mihi
1888 877 2067 934 mala:

500 968 642 1039 quod
684 970 861 1040 majus
897 978 982 1025 est
1016 972 1260 1027 secundo
1309 972 1432 1026 loco
1476 984 1696 1041 semper
1720 976 1847 1041 post
1883 969 2070 1025 minus

500 1060 753 1116 ordinat:
780 1063 933 1132 atqui
960 1077 1071 1118 non
1095 1064 1339 1134 incipere
1366 1062 1694 1133 injustitias,
1722 1060 1867 1132 quod
1891 1061 2070 1131 majus

499 1160 582 1209 est
617 1167 780 1222 quam
827 1152 1014 1221 inique
1060 1162 1285 1224 agentes
1329 1154 1638 1215 sustinere,
1671 1151 1917 1207 secundo
1948 1150 2069 1206 loco

499 1240 654 1296 dicit.
1856 1244 1863 1251 ‘

568 1330 736 1387 Vens.
773 1332 822 1387 7.
862 1361 932 1374 --
957 1331 1077 1388 Non
1116 1332 1263 1405 quod
1314 1332 1431 1404 ipse
1457 1332 1749 1398 enitatur,
1782 1347 1892 1388 non
1919 1331 2066 1387 enim

498 1423 830 1478 exaltatione
855 1423 1086 1493 indiget,
1114 1424 1212 1479 sed
1242 1425 1389 1495 quod
1424 1424 1485 1480 in
1516 1430 1711 1480 nostro
1734 1424 1979 1495 cogitatu
2000 1420 2068 1479 de

499 1514 622 1584 ipso
660 1514 780 1570 idea
810 1515 943 1571 taiis
975 1515 1152 1581 inest;
1186 1530 1311 1572 cum
1340 1515 1546 1586 aliquid
1573 1516 1818 1570 terribile
1851 1519 2066 1586 signum

499 1603 1003 1676 faciatzpmptcrea
1029 1606 1187 1668 dicit,
1228 1604 1294 1658 In
1333 1604 1529 1675 finibus
1560 1606 1893 1661 inimicorum
1926 1620 2068 1679 meo:

2173 425 2316 480 διέδυ
2335 427 2530 498 μέχρις
2559 427 2728 498 αὐτῆς
2748 426 2846 497 τῆς
2869 426 3048 499 ψυχῆς
3077 431 3111 499 ἠ
3137 430 3370 499 ταραχή.

2166 546 2171 561 ε
2753 517 3046 571 ΨΑΛΜΟΣ
3083 520 3159 572 Z'.

2241 606 2390 679 Στίχ.
2419 606 2482 662 δ’.
2506 634 2572 647 --
2598 609 2669 663 Ei
2698 607 2956 677 ἐποίησα
2982 608 3158 662 τοῦτο
3174 607 3204 661 δ
3226 607 3319 663 νῦν
3344 607 3557 679 πάσχω,
3583 622 3735 663 τουτ-

2173 697 2338 762 έστιν,
2366 699 2429 751 Εί
2454 698 2686 769 ἠδίκησα
2706 713 2721 726 °
2752 697 2875 753 ὅθεν
2908 695 3282 768 φανερώτερον
3307 697 3501 765 ὲπάγει
3528 698 3702 767 λέγων
3720 714 3734 730 ο

2173 787 2241 843 El
2263 789 2432 843 ἔστιν
2454 787 2652 846 ἀδικία
2670 787 2739 843 ἐν
2764 788 2938 858 χερσί
2956 806 3097 858 μου,
3120 787 3241 842 ἀντὶ
3267 787 3385 849 τοῦ,
3404 788 3466 841 Εἰ
3498 787 3560 840 εὖ
3570 791 3737 859 ρημαί

2168 894 2221 930 τι
2253 876 2435 933 ἄδικον
2472 878 2863 948 ἐργασάμενος,
2900 879 2948 932 εί
2981 877 3338 933 ἀνταπέδωκα
3364 881 3474 943 τοῖς
3505 881 3737 936 ἀνταπο-

2168 966 2371 1020 διδοῢσί
2398 985 2489 1038 μοι
2512 968 2659 1022 κακά
2680 985 2693 998 ·
2722 969 2809 1022 ἀεὶ
2834 968 2895 1021 to
2930 970 3113 1039 μεῖζον
3148 970 3401 1043 δεύτερον
3430 972 3616 1025 τάττει
3644 972 3734 1026 τοῦ

2168 1059 2482 1124 ὲλάττονοςο
2522 1058 2706 1130 μεῖζον
2737 1059 2914 1116 τοίνυν
2950 1062 3010 1115 δν
3051 1061 3148 1115 τοῦ
3181 1062 3499 1127 ἀδικοῦντας
3537 1064 3738 1135 ὑποφέ-

2170 1167 2304 1222 ρειν,
2338 1150 2399 1204 τὸ
2432 1151 2509 1222 μὴ
2536 1150 2696 1224 ἄρξαι
2729 1151 2962 1220 ἀδικίας,
2982 1150 3231 1223 δεύτερον
3262 1144 3431 1220 λέγει.

2236 1333 2386 1406 Στίχ.
2420 1331 2485 1397 ζ’.
2512 1362 2582 1374 --
2610 1333 2723 1404 οὐχ
2744 1333 2825 1387 ὅτι
2858 1332 3020 1397 αὐτὸς
3052 1331 3281 1403 ὑψοῦται
3311 1332 3395 1401 (ού
3432 1330 3545 1404 7&9
3575 1343 3739 1404 προσ-

2166 1424 2335 1479 δεῖται
2364 1424 2664 1495 ύψώσεως),
2692 1424 2806 1478 ἀλλ’
2826 1426 2907 1478 ὅτι
2933 1426 2992 1478 ὲν
3017 1427 3138 1488 ταῖς
3157 1423 3421 1488 διανοίαις
3444 1424 3600 1497 ἡμῶν
3622 1442 3735 1479 τοι.

2167 1516 2307 1588 αύτη
2334 1515 2608 1586 ὶγγίνεται
2634 1515 2810 1570 ἔννοια
2835 1515 2962 1586 περὶ
2996 1514 3183 1581 αὑτοῦ,
3210 1514 3430 1569 ἐπειδάν
3455 1531 3510 1569 τι
3537 1516 3735 1589 ποιήσῃ

2167 1608 2397 1680 φοϐερὸν
2426 1609 2683 1679 σημεῖονο
2715 1606 2806 1661 διὰ
2831 1606 2989 1660 τοῦτο
3025 1606 3195 1676 λέγει,
3239 1607 3337 1660 Ἐν
3369 1605 3494 1672 τοῖς
3516 1607 3734 1675 κέρασι

498 1710 614 1749 rum
630 1711 651 1760 ;
677 1695 780 1750 hoc
806 1703 914 1761 est,
942 1697 1154 1752 ultione
1185 1706 1278 1750 tua
1317 1711 1513 1752 omnes
1540 1697 1801 1752 inimicos
1830 1695 2068 1750 circum-

2185 1697 2285 1752 τῶν
2323 1697 2552 1768 ἐχθρῶν
2599 1715 2740 1769 μου,
2791 1696 3058 1762 τουτέστι,
3093 1698 3307 1761 Πάντας
3332 1696 3641 1768 περιλαϐὼν
3669 1699 3734 1769 τῇ

496 1784 654 1852 dans,
673 1796 857 1842 notam
872 1785 956 1842 fac
972 1787 1400 1858 magnitudinem
1419 1796 1566 1842 tuam
1582 1794 1638 1842 et
1656 1777 2060 1841 ktr'titudinem:

499 1876 626 1934 inde
645 1879 791 1932 enim
812 1879 1046 1935 maxime
1058 1878 1465 1944 celebrabatur,
1503 1878 1560 1932 in
1583 1891 1773 1933 omnes
1806 1878 2068 1932 ultionem

497 1967 827 2025 exercendo.

570 2057 739 2116 Vnus.
772 2059 827 2116 8.
857 2089 930 2100 —
959 2060 1095 2117 Cum
1143 2060 1198 2115 in
1240 2059 1483 2130 seipsum
1526 2064 1774 2130 tempore
1808 2056 2069 2114 Absalom

499 2149 743 2225 divisum.
753 2158 897 2208 esset
912 2165 1160 2222 regnum,
1184 2150 1308 2207 aliis
1327 2149 1543 2217 Dauidi,
1560 2151 1683 2209 aliis
1699 2150 1955 2205 Absalom
1970 2148 2067 2203 ad-

503 2241 857 2308 luerentihus,
904 2249 1302 2313 consequenter
1337 2244 1495 2308 dixit.
1542 2241 1959 2313 hiatusenlibus
2012 2242 2069 2297 in

502 2347 591 2389 me
631 2332 840 2403 judicia
897 2336 1288 2392 exercentibus
1339 2333 1643 2392 secundum
1696 2340 1856 2388 tuum
1911 2345 2069 2385 man-

501 2423 731 2492 datum;
759 2439 980 2483 rursum
1013 2433 1199 2482 autem
1229 2424 1716 2496 congcegabuntur
1745 2422 1977 2493 (populi)
2012 2421 2070 2477 in

502 2531 696 2584 unum,
736 2517 951 2574 debitas
982 2519 1082 2574 tibi
1106 2516 1396 2577 reddcutes
1435 2516 1685 2588 gratias:
1713 2524 1935 2587 propter
1965 2515 2071 2573 hoc

500 2605 649 2661 enim
673 2607 926 2664 excelsus
948 2607 1258 2664 videberis.‘

576 2787 741 2847 Vens.
774 2789 829 2847 9.
852 2818 925 2833 —
954 2787 1064 2845 Nec
1090 2789 1437 2844 innocentem
1459 2800 1560 2844 nec
1586 2787 1799 2867 justum
1827 2800 1886 2842 se
1914 2786 2069 2853 dicit,
2132 2834 2137 2839 .

503 2881 599 2935 sed
616 2880 750 2934 nihil
770 2880 897 2934 mali
926 2881 1108 2952 egisse
1133 2898 1145 2933 :
1176 2892 1343 2949 porro
1365 2876 1846 2948 quemadmodum,
1868 2876 2070 2947 inquit,

2167 1790 2409 1861 τιμωρίᾳ
2446 1790 2571 1853 τοὺς
2611 1788 2860 1860 ἐχθροὺς,
2892 1787 3166 1859 γνώριμον
3195 1787 3400 1843 ἅπασιν
3427 1789 3491 1841 τὸ
3538 1787 3737 1859 ὑψηλόν

2169 1896 2265 1933 σου
2294 1879 2390 1939 καὶ
2411 1878 2472 1932 τὸ
2493 1879 2711 1950 ἰσχυρόν
2734 1895 2748 1908 ⁸
2797 1877 2958 1934 τοῦτο
2987 1877 3098 1949 7&9
3145 1877 3380 1949 μάλιστα
3415 1876 3740 1947 ὲγνωρίζετο

2168 1971 2234 2024 ὲκ
2261 1969 2356 2023 toﬁ
2379 1970 2588 2030 πάντας
2618 1968 3017 2041 τιμωρηθῆναι.
3348 2018 3353 2023 .

2238 2063 2386 2133 Στίχ.
2407 2069 2478 2133 η’.
2505 2091 2579 2104 -—-
2605 2061 2826 2131 Ἐπειδὴ
2870 2059 3097 2133 διῃρέθη
3127 2058 3265 2131 πρὸς
3292 2057 3494 2130 ἑαυτὴν
3522 2058 3616 2113 hri.
3642 2059 3737 2113 toﬁ

2181 2149 2531 2223 ’Δϐεσσαλὼμ
2559 2152 2592 2223 ή
2615 2148 2876 2221 βασιλεία,
2899 2147 3007 2202 τῶν
3028 2147 3130 2231 μὲν
3153 2144 3424 2217 τῷΔαυῖδ,
3445 2145 3554 2199 τῶν
3577 2145 3634 2198 δὲ
3661 2144 3740 2216 τῷ

2182 2241 2531 2313 ’Δὸεσσαλὼμ
2551 2239 2981 2313 προσκειμένων,
2997 2236 3304 2301 ἀκολούθως
3328 2233 3501 2301 εἶπεν,
3517 2236 3599 2290 ὅτι
3620 2235 3739 2289 Τῶν

2170 2333 2583 2389 ἐπαναστάντων
2611 2349 2702 2404 μοι
2739 2331 2894 2402 δίκην
2923 2329 3234 2385 δεδωκότων
3263 2328 3405 2383 κατά
3424 2329 3486 2382 τὸ
3506 2327 3741 2399 πρόστα-

2169 2443 2285 2498 γμα
2323 2425 2386 2480 τὸ
2424 2424 2535 2492 σὺν,
2566 2423 2752 2478 ἅπασα
2783 2422 2882 2494 μὲν
2917 2416 2984 2493 ἦν
3016 2421 3110 2477 νῦν
3142 2422 3254 2485 τοῖς
3287 2420 3437 2484 λαοῖς
3476 2421 3738 2474 ὲνουσα...

2171 2517 2526 2589 παυθήσεται,
2552 2515 2973 2588 συναχθήσονται
3002 2513 3060 2567 δὲ
3088 2511 3249 2568 πάλιν
3275 2513 3355 2577 είς
3385 2512 3466 2579 ἓν,
3490 2512 3589 2575 τὰς
3609 2510 3743 2565 καθ-

2168 2610 2409 2683 ηκούσας
2436 2627 2517 2664 σοι
2554 2608 2903 2682 εὐχαριστίας
2931 2606 3268 2671 ἀποδιδόντες
3290 2623 3304 2638 ·
3333 2607 3423 2661 διὰ
3450 2606 3558 2679 7&9
3585 2604 3743 2662 τοῦτο

2171 2702 2373 2773 ὑψηλὸς
2399 2700 2679 2772 δειχθήσῃ.

2241 2792 2387 2862 Στίχ.
2416 2791 2480 2847 θ’.
2513 2820 2584 2832 —-
2620 2791 2879 2845 Ἀκακίαν
2908 2789 2966 2843 δὲ
2989 2788 3114 2843 οὔτε
3144 2787 3243 2860 τὴν
3274 2787 3573 2859 ἁπλότητα,
3606 2787 3746 2842 ἀλλὰ

2169 2882 2231 2936 τὸ
2259 2882 2421 2954 μηδὲν
2443 2880 2776 2953 ἐργάσασθαι
2798 2880 2964 2934 κακὸν
2985 2879 3154 2948 λέγει.
3178 2879 3388 2950 Ὥσπερ
3416 2878 3617 2943 τοίνυν,
3636 2895 3745 2949 φη-

506 2969 647 3023 male
675 2984 799 3024 cum
824 2968 939 3024 illis
966 2984 1077 3022 non
1107 2968 1193 3039 egi
1218 3010 1234 3034 ,
1271 2967 1474 3021 malum
1520 2981 1651 3022 vero
1689 2981 1837 3022 nunc
1866 2967 1934 3021 ab
1962 2967 2071 3023 illis

2185 2973 2277 3035 τὶν,
2303 2970 2413 3040 ἐγὼ
2461 2970 2645 3036 κακῶς
2691 2970 2788 3040 μὲν
2832 2970 3030 3033 αὐτοὺς
3056 2970 3116 3022 οὐ
3162 2968 3400 3038 διέθηκα,
3432 2967 3626 3037 πάσχω
3678 2969 3743 3021 δὲ

505 3062 703 3130 patior,
738 3061 814 3114 ita
844 3075 929 3116 me
956 3036 1524 3131 judicavinnocentcm
1545 3097 1560 3125 ,
1589 3059 1762 3131 gratis
1795 3074 1895 3114 nec
1921 3058 2071 3127 justc

2185 3062 2272 3115 νῦν
2288 3061 2376 3115 ὑπ’
2404 3060 2627 3114 ἐκείνων
2654 3058 2871 3122 κακῶς*
2903 3057 3046 3111 οὕτω
3079 3075 3170 3130 μοι
3195 3059 3374 3130 κρῖνον
3400 3055 3747 3127 ἀδικουμένῳ

507 3151 827 3220 patientem.
1304 3192 1313 3199 .

438 3234 443 3237 ι
577 3240 747 3299 Vnus.
779 3242 868 3299 to.
897 3271 970 3284 —
1000 3239 1150 3298 Loco
1178 3248 1527 3305 consumatur,
1558 3240 1861 3312 perﬁcietur
1889 3240 2072 3310 posuit

464 3358 473 3365 ε
510 3332 894 3406 Symmachus.
922 3331 1049 3389 Sive
1076 3333 1289 3389 vanitas
1308 3333 1425 3388 sive
1447 3333 1653 3387 malum
1672 3333 1811 3386 male
1829 3332 2074 3388 viventes

504 3433 742 3492 maneat,
780 3424 1016 3481 studiosi
1044 3424 1266 3481 virtutis
1292 3425 1572 3491 cultores,
1600 3423 1805 3494 inquit,
1839 3424 1945 3481 sibi
1978 3424 2076 3479 bo-

504 3531 636 3572 num
665 3517 872 3571 exitum
899 3516 1197 3586 parabunt.

574 3700 740 3755 Vens.
776 3698 864 3753 17.
896 3728 965 3740 -
998 3694 1124 3752 Haec
1150 3694 1285 3750 mihi
1317 3704 1507 3766 aperte
1533 3703 1697 3766 atque
1720 3694 1789 3751 de
1811 3694 1981 3750 verbo
2005 3694 2075 3751 ad

505 3790 727 3865 verbum
748 3789 805 3844 in
828 3786 1150 3857 Aebitophel
1177 3786 1399 3857 impleta
1412 3800 1533 3843 esse
1554 3786 1829 3843 videntur.
1861 3784 2073 3842 Etenim

501 3896 630 3943 cum
659 3881 861 3943 Chusai
900 3881 1132 3941 consilio
1161 3895 1192 3936 e
1222 3894 1393 3950 scopo
1423 3894 1527 3937 suo
1555 3879 1805 3950 dejectus
1844 3877 2068 3942 fuisset,

502 3973 587 4029 vir
624 3973 767 4033 inter
810 3987 1003 4031 omnes
1045 3972 1385 4043 praeclarus,
1430 3970 1694 4027 invrdiam
1740 3984 1853 4025 non
1896 3959 2073 4039 potuit

502 4065 807 4130 sustinere,
857 4062 1028 4119 futuri
1058 4061 1388 4132 praevidendi
1422 4063 1667 4132 peritus,
1704 4060 2075 4130 Absalomquc

503 4154 721 4224 prodita
751 4170 878 4212 esse
922 4155 1160 4225 negotia,
1194 4168 1367 4225 seque
1413 4167 1693 4223 nunquam
1738 4167 1774 4207 e
1816 4152 2072 4207 manibus

504 4244 728 4305 Davidis
755 4244 1099 4301 liberandum
1130 4259 1255 4303 esse
1286 4244 1652 4316 prospiciens,
1690 4243 1745 4298 in
1770 4242 1943 4307 ,domo
1970 4255 2071 4298 sua

504 4337 801 4407 suspendio
831 4336 1072 4406 seipsum
1104 4337 1294 4403 tradit,
1328 4351 1395 4392 ac
1424 4336 1610 4391 omnia
1639 4350 1762 4405 qua:
1791 4334 1910 4393 suis
1934 4348 2070 4389 con-

504 4429 648 4487 siliis
696 4433 1000 4500 genuerat,
1052 4426 1316 4498 colligens
1366 4441 1431 4483 ac
1487 4441 1829 4498 congregans
1878 4425 2068 4481 eadem

501 4523 771 4592 pravitate
819 4533 925 4591 qua
961 4526 1157 4574 contra
1188 4518 1462 4586 Davidem,
1496 4519 1551 4575 in
1584 4519 1807 4590 propria
1828 4516 2070 4588 pernicie

504 4612 814 4683 parturivit.
845 4609 1279 4679 Profuudiorem,
1306 4609 1510 4680 inquit,
1541 4610 1716 4664 locum
1744 4608 1973 4679 aperuit.
1999 4622 2067 4663 ex

505 4705 821 4775 metaphora
868 4701 1058 4758 dolum
1107 4699 1540 4770 alitudincmque
1591 4701 1809 4757 consilii
1853 4700 2066 4770 signiti-

501 4810 656 4852 cans.

571 4977 741 5036 Vsus.
776 4979 865 5035 18.
897 5006 968 5019 -
998 4976 1112 5049 Ego
1149 4982 1332 5033 autem
1377 4976 1541 5032 talem
1585 4989 1616 5030 a
1664 4973 1776 5031 Deo
1808 4982 2072 5045 expertus

504 5071 925 5141 providentiam,
948 5069 1055 5125 hoc
1075 5064 1401 5124 beneficium
1431 5066 1488 5120 in
1515 5073 1782 5122 aeternum
1812 5066 2069 5134 cantabo,

501 5168 557 5219 et
581 5161 820 5218 narrabo
844 5159 1119 5234 justitiam
1146 5154 1482 5229 iudiciorum
1513 5155 1657 5227 ejus.

1036 5245 1363 5304 PSALMUS
1392 5245 1527 5302 Vill.

570 5341 743 5399 Vnus.
770 5342 826 5398 3.
858 5372 928 5386 —
950 5339 1013 5397 In
1042 5340 1147 5395 hoc
1178 5353 1397 5410 quoque
1423 5334 1714 5391 Christum
1753 5333 1915 5390 nobis
1942 5348 2067 5405 pro-

507 5434 694 5503 phetat
718 5435 907 5490 beatus
933 5431 1123 5488 David.
1146 5429 1226 5486 Ex
1253 5428 1613 5500 inspiratione
1635 5425 1903 5499 Spiritus,
1935 5440 2073 5498 quo-

510 5524 670 5579 modo
720 5537 845 5577 eum
884 5522 1159 5579 laudaturi
1198 5522 1312 5581 sint
1355 5522 1414 5575 in
1450 5519 1656 5590 templo
1685 5517 1946 5581 infantes,
1992 5517 2075 5570 la-

509 5620 718 5669 ctentes
734 5611 1024 5683 exterique
1045 5612 1275 5685 parvuli,
1297 5611 1552 5680 praedicat
1579 5629 1593 5666 :
1619 5610 1838 5680 quidam
1859 5608 2073 5672 dicunt,

2102 4388 2149 4447 D

2180 3152 2378 3224 μάτην,
2408 3153 2501 3205 καὶ
2526 3152 2600 3222 μὴ
2629 3150 2851 3214 δικαίως
2879 3148 3160 3221 πάσχοντι.

2246 3243 2392 3313 Στίχ.
2415 3248 2465 3298 ι’.
2486 3241 2714 3295 -Ἀντὶ
2745 3241 2839 3294 τοῦ
2874 3238 3354 3306 συντελεσθήτω,
3376 3238 3748 3306 ἀπαρτισθῆ-

2172 3350 2252 3387 τω
2291 3335 2320 3386 ὀ
2362 3332 2653 3404 Σύμμαχος
2685 3331 2958 3385 τέθεικεν·
2992 3328 3142 3402 Ἦ[ν]
3170 3330 3392 3400 ματαία.
3418 3330 3601 3400 φησιν,
3631 3330 3749 3383 δει-

2175 3422 2326 3494 χθείη
2350 3421 2457 3475 τῶν
2492 3421 2659 3493 κακία
2682 3419 2968 3484 συζώντων
2993 3420 3031 3492 ή
3062 3420 3314 3491 πονηρία,
3340 3419 3749 3490 σπουδαιότεροι

2174 3513 2270 3587 [οἱ]
2310 3512 2408 3583 τῆς
2457 3512 2659 3585 ἀρετῆς
2701 3510 2954 3583 τρόφιμοι
3006 3509 3104 3581 τὴν
3153 3509 3525 3581 προκειμένην
3562 3509 3751 3574 αὐτοῖς

2174 3604 2395 3676 πορείαν
2420 3606 2752 3675 ποιήσονται.

2244 3693 2393 3763 Στίχ.
2431 3689 2517 3754 ιζ’.
2554 3717 2617 3732 -
2648 3689 2835 3745 Ταῦτά
2889 3707 2983 3762 μοι
3031 3688 3182 3744 δοκεῖ
3239 3688 3419 3761 ῥητῶς
3460 3689 3556 3743 καὶ
3602 3689 3756 3751 κατά

2172 3783 2315 3850 λέξιν
2354 3780 2745 3853 πεπληρῶσθαι
2775 3782 2869 3835 ἐπὶ
2891 3780 2984 3834 τοῦ
3020 3780 3319 3852 Ἀχιτόφελ.
3346 3780 3503 3835 Κατὰ
3516 3778 3628 3851 γάρ
3650 3780 3756 3849 τὴν

2170 3873 2265 3929 τοῦ
2299 3874 2466 3928 Χουσὶ
2491 3871 2814 3942 συμϐουλίαν
2843 3870 3090 3927 ἐκπεσὼν
3118 3872 3278 3935 αὐτὸς
3304 3871 3398 3925 τοῦ
3426 3870 3658 3934 σκοποῦ,
3677 3870 3757 3933 ὡς

2174 3964 2241 4018 ἂν
2266 3962 2782 4034 παρευδοκιμηθεὶς,
2804 3963 2900 4017 καὶ
2923 3963 2998 4034 μὴ
3015 3956 3192 4027 οἶόςτε
3216 3962 3402 4034 φέρειν
3418 3961 3511 4014 τὸν
3529 3960 3755 4030 φθόνον,

2173 4054 2269 4109 καὶ
2302 4052 2569 4125 προορῶν,
2589 4054 2684 4108 fite
2703 4054 2875 4120 δεινὸς
2895 4053 2970 4108 ὢν
3005 4052 3503 4125 καταστοχάζεσθαι
3526 4052 3592 4105 τὸ
3625 4051 3765 4123 μέλ-

2174 4147 2284 4211 λον,
2313 4145 2387 4208 ὡς
2412 4144 2727 4215 προδέδοται
2779 4146 2848 4198 τὰ
2889 4144 2983 4197 τοῦ
3022 4145 3379 4215 Ἀϐεσσαλὼμ
3410 4143 3760 4214 πράγματα,

2178 4237 2359 4309 μέλλει
2381 4254 2438 4289 τε
2462 4236 2584 4290 ὅσον
2617 4237 2710 4291 καὶ
2749 4238 2909 4300 αὐτὸς
2939 4235 3091 4290 οὔπω
3132 4237 3235 4289 ὑπὸ
3261 4234 3353 4288 τοῦ
3384 4234 3544 4289 Δαυῖδ
3569 4233 3765 4288 ἀπαλη

2167 4328 2483 4405 τλάττεσθαι,
2513 4329 2801 4401 γενόμενος
2830 4330 2886 4381 έν
2908 4331 2972 4399 τῇ
2999 4326 3174 4399 οἰκείᾳ
3201 4324 3364 4378 αὑτοῦ
3395 4325 3605 4396 ἀγχόνῃ
3622 4326 3764 4377 έαυ-

2176 4420 2266 4474 τὸν
2304 4422 2689 4492 παραδίδωσιν,
2726 4422 2819 4475 καὶ
2857 4421 3035 4475 πάντα
3087 4420 3186 4481 ὅσα
3228 4420 3340 4481 τοῖς
3374 4416 3572 4469 ἑαυτοῦ
3611 4416 3770 4483 λογι-

2176 4518 2333 4587 σμοῖς
2353 4515 2631 4586 ὼδίνησεν,
2657 4513 2902 4582 συνάγων
2926 4512 3018 4567 καὶ
3037 4509 3425 4581 συλλαμϐάνων
3455 4511 3512 4562 ὲν
3533 4510 3605 4578 τῇ
3637 4508 3772 4560 ἑαυο

2173 4609 2266 4663 τοῦ
2302 4607 2554 4681 πονηρίᾳ,
2587 4605 2773 4677 ὥσπερ
2810 4604 2946 4674 μετά
2979 4603 3242 4673 πονηρίας
3273 4599 3413 4653 κατά
3443 4597 3537 4653 τοῦ
3564 4596 3768 4661 Δαυῖδ,

2174 4696 2345 4752 ταῦτα
2362 4698 2448 4750 ἐπ’
2493 4694 2698 4766 ὀλέθρῳ
2720 4693 2794 4764 τῷ
2840 4692 3030 4747 ἑαυτοῦ
3066 4690 3351 4763 ἀπέτεκεν,
3381 4686 3772 4755 Βαθυτέραν,

2177 4787 2361 4856 φησὶν,
2407 4782 2725 4853 εἰργάσατο
2755 4781 2869 4851 τὴν
2888 4774 3235 4848 ἐπιϐουλὴν,
3263 4782 3324 4832 ὲκ
3350 4777 3680 4848 μεταφορᾶς
3705 4776 3777 4828 τὸ

2174 4880 2384 4950 δολερὸν
2422 4880 2515 4931 καὶ
2538 4876 2674 4947 βαθὺ
2698 4878 2797 4947 τῆς
2829 4876 3022 4947 βουλῆς
3049 4875 3424 4947 παραστήσας.

2244 4970 2393 5039 Στίχ.
2422 4976 2509 5038 ιη’.
2533 4996 2603 5008 -
2634 4967 2776 5035 Ἐγὼ
2793 4969 2850 5021 δὲ
2874 4966 3140 5036 τοσαύτης
3166 4966 3317 5036 παρά
3334 4962 3424 5018 τοῦ
3451 4959 3591 5017 Θεοῦ
3614 4977 3781 5034 στρο-

2172 5061 2319 5125 νοίας
2374 5058 2573 5130 τυχὼν,
2625 5060 2853 5130 ὑμνήσω
2880 5058 2970 5112 τὸν
2999 5058 3289 5129 εὐεργέτην
3318 5052 3614 5125 διηνεκῶς,
3662 5054 3783 5122 τῆς

2173 5150 2407 5222 κρίσεως
2427 5148 2489 5202 τὸ
2513 5147 2720 5202 δίκαιον
2749 5146 3124 5218 διηγούμενος.

2762 5239 3057 5293 ΨΑΛΜΟΣ
3090 5238 3136 5291 ἢ
3157 5278 3174 5291 .
3682 5276 3691 5289 τ

2247 5330 2395 5403 Στίχ.
2412 5329 2679 5399 γ’.-Καὶ
2704 5331 2761 5383 έν
2786 5330 2960 5399 τούτῳ
2995 5330 3064 5382 τὰ
3092 5328 3232 5382 κατὰ
3245 5328 3335 5381 τὸν
3356 5327 3606 5396 Χριστὸν
3631 5328 3796 5400 ἡμῖν

2179 5424 2552 5497 προφητεύειό
2575 5424 2840 5497 μακάριος
2863 5422 3052 5476 Δαυῖδ·
3077 5421 3458 5492 προαναφωνεϊ
3482 5416 3797 5494 ὲκ[τ]ή[ς]

2178 5516 2273 5570 toﬁ
2291 5514 2601 5586 Πνεύματος
2627 5511 2973 5585 ὲνεργεία[ς],
2998 5513 3074 5576 ὡς
3091 5513 3156 5566 ἂν
3181 5511 3494 5584 ὑμνήσωσιν
3514 5509 3715 5565 αὐτὸν
3733 5514 3801 5566 ὲν

2181 5605 2259 5677 τῷ
2290 5604 2418 5677 ίερῷ
2440 5607 2487 5658 οἱ
2517 5604 2809 5670 παῖδεςμοί
2842 5620 2899 5658 τε
2926 5601 3021 5676 [οἱ]
3053 5601 3342 5672 ύπομάζιοι
3370 5600 3467 5655 καὶ
3490 5598 3549 5651 οἱ
3582 5600 3803 5677 ἕτεροι
