3974 6146
389 274 489 331 653

1587 251 1961 312 EXPOSITIO
2000 252 2071 308 IN
2108 252 2445 310 PSALMOS.

3545 256 3651 314 654

385 394 554 465 νήπιοι
575 404 592 419 '
630 364 769 457 φασὶ
790 381 848 438 δέ
869 396 1013 445 τινες
1038 378 1135 433 καὶ
1163 377 1244 442 είς
1270 376 1362 431 τδν
1390 377 1567 430 κοινὸν
1588 376 1841 450 εἰρῆσθαι
1863 375 1959 431 ἀν-

2089 382 2117 431 τι
2148 374 2280 432 haee‘
2301 386 2391 433 est
2424 374 2701 434 sententia
2732 375 3067 440 communis,
3102 375 3385 433 hominem
3414 379 3652 436 interro-

383 485 589 556 θρωπον
606 477 664 530 ὲν
679 477 745 548 τῇ
764 472 874 527 τῶν
889 467 1283 544 Σκηνοπηγίων
1301 469 1463 541 ἑορτῇ
1478 466 1667 522 τοῦτον
1691 465 1964 541 [λελέχθη]

380 568 709 642 τὸνψαλμδν
767 566 873 621 ύπδ
922 564 1017 619 τοῦ
1055 560 1326 636 μακαρίου
1372 560 1553 623 Δαυῖδ,
1589 559 1714 614 καθ’
1739 559 1768 613 ὃ
1791 561 1826 631 ή
1857 558 1965 614 τῶν

383 662 604 739 καρπῶν
632 656 939 729 συγκομιδὴ
969 654 1180 725 γίνεται
1203 672 1217 684 ·
1241 653 1337 707 καλ⁸
1358 651 1446 706 διά
1477 649 1639 705 τοῦτο
1667 647 1965 722 ἐπιγέγρα-

385 773 528 822 πται,
549 753 723 824 Παρὰ
762 750 885 806 τῶν
917 746 1150 819 ληνῶν.

959 859 1257 916 ΨΔΔΜΟΣ
1291 858 1373 914 Θν.

445 978 594 1050 Στίχ.
621 977 687 1049 β’.
711 972 960 1031 -Μετὰ
986 971 1098 1044 γὰρ
1133 970 1236 1042 τήν
1269 969 1522 1041 διήγησιν
1550 968 1661 1021 τῶν
1695 966 1804 1021 σῶν
1836 966 1969 1020 θαυ-

385 1070 613 1143 μασίων,
649 1067 950 1139 προσέσται
981 1079 1075 1135 μοι
1104 1061 1285 1117 καὶτὸ
1316 1058 1706 1132 εὐφραίνεσθαι
1737 1059 1833 1113 ἐπὶ
1862 1058 1967 1124 σοὶ,

382 1158 925 1233 ἀναμιμνησκομένῳ
950 1155 1054 1228 τῆς
1084 1158 1185 1227 σῆς
1203 1153 1543 1227 εὐεργεσίας.

448 1254 604 1325 Στίχ.
640 1259 703 1306 ε’.
731 1280 804 1293 —-
853 1246 1444 1320 Σύμμαχος,Ἕδρασε
1468 1244 1666 1314 κρίσει
1692 1242 1804 1297 τὸν
1832 1243 1967 1311 θρό-

382 1343 724 1408 νοναῠτοῧ,
770 1341 1056 1406 τουτέστι,
1113 1337 1348 1393 Βεϐαίαν
1392 1335 1494 1408 τὴν
1535 1335 1718 1407 κρίσιν
1764 1332 1971 1404 ταύτην

383 1438 699 1509 ἐποιήσατο,
745 1434 844 1489 καὶ
900 1430 1207 1504 μεταϐολὴν
1262 1429 1334 1485 τά
1366 1429 1459 1482 ὑπ’
1513 1425 1681 1482 αὐτοῦ
1716 1426 1972 1499 κριθέντα

380 1532 472 1585 οὐκ
519 1527 836 1599 ἐπιδέχεται
875 1524 977 1595 (1).

444 1619 599 1690 Στίχ.
634 1624 686 1672 ι’.
724 1646 795 1658 -—
828 1613 976 1669 ’Δντὶ
1001 1611 1120 1677 τοῦ,
1150 1612 1261 1667 Καὶ
1310 1612 1600 1681 γενήσεται
1641 1610 1933 1681 καταφυγή
1954 1625 1969 1641 ο

2067 477 2255 541 gutum
2305 467 2479 525 fuisse.
2529 470 2585 524 in
2622 468 2976 541 Scenopegiae
3006 467 3169 534 festo,
3201 466 3352 524 hunc
3372 471 3650 541 psalmum

2073 576 2105 616 a
2133 560 2341 633 Davide
2372 560 2551 619 fuisse
2586 563 2959 634 compositum
2988 576 3090 634 pro
3118 569 3365 632 tempore
3397 576 3507 632 quo
3531 563 3652 618 fru-

2069 664 2259 713 ctuum
2307 654 2367 711 ﬁt
2396 656 2652 711 collectio
2684 674 2697 711 :
2732 655 2857 713 ideo
2899 653 3007 711 Pro
3057 654 3413 711 torcularibus
3451 654 3655 714 inscri-

2026 736 2031 743 ’
2068 745 2237 801 bitur.

2632 855 2958 914 PSALMUS
2986 857 3083 913 IX.

2147 964 2310 1022 Vsus.
2336 966 2394 1021 ‘3.
2424 992 2498 1007 ——
2518 965 2737 1021 Etenim
2767 974 2894 1036 post
2917 965 3291 1029 narrationem
3317 967 3652 1035 mirabilius-

2071 1066 2293 1114 tuorum
2318 1098 2335 1121 ,
2381 1058 2517 1113 mihi
2568 1057 2965 1115 beneﬁciorum
3015 1064 3238 1115 tuorum
3276 1060 3657 1118 reminiscent“

2072 1150 2259 1206 talario
2278 1164 2500 1222 quoque
2536 1158 2816 1220 superest.

2154 1243 2317 1301 Vsus.
2346 1245 2476 1301 5.-
2497 1242 2869 1317 Symmachus
2887 1242 3111 1300 Iudicio
3121 1244 3384 1301 stabilivit
3406 1245 3653 1301 thronum

2071 1336 2209 1406 ejus,
2241 1336 2296 1393 id
2329 1344 2438 1399 est,
2467 1336 2719 1393 Firmum
2757 1338 2866 1393 hoc
2889 1336 3163 1410 judicium
3198 1336 3362 1401 fecit,
3390 1338 3653 1393 mutatio-

2070 1443 2311 1501 nemque
2334 1429 2546 1500 judicia
2576 1429 2729 1488 illius
2752 1444 2867 1486 non
2898 1439 3124 1487 norunt.

2146 1605 2313 1663 Vsus.
2349 1608 2436 1664 t0.
2476 1636 2547 1649 --
2580 1607 2728 1665 Loco
2765 1610 2856 1681 fiet
2884 1610 3181 1681 refugium,
3209 1610 3319 1666 hoc
3357 1611 3504 1668 enim
3534 1612 3657 1667 vult

384 1712 538 1767 τοῦτο
563 1709 674 1781 γὰρ
702 1710 740 1778 ή
787 1706 1081 1762 ἀκολουθία
1134 1702 1419 1776 βούλεταιο
1468 1703 1795 1775 ἑνήλλακται
1831 1701 1890 1756 δι
1942 1704 1968 1756 ὁ

2089 1704 2391 1765 εοηωιιιιι.
2424 1708 2642 1772 tempus
2673 1712 2943 1758 mutatum
2970 1712 3075 1760 est.
3100 1700 3484 1773 Opportunum
3509 1704 3655 1760 enim

386 1805 593 1875 χρόνος.
624 1796 897 1872 Εὔκαιρος
945 1798 1052 1870 γὰρ
1080 1798 1114 1869 ή
1146 1796 1388 1870 βοήθεια,
1421 1797 1566 1850 κατά
1601 1794 1695 1848 τὸν
1722 1794 1824 1865 τῆς
1857 1792 1969 1847 θλί-

386 1897 526 1973 ψεως
560 1894 823 1965 γινομένη
851 1892 1061 1963 καιρόν·

452 1988 603 2058 Στίχ.
636 1984 697 2041 ιδ’
703 2028 719 2042 .
744 2014 816 2027 -
847 1983 1142 2039 Κάνταῦθα
1199 1981 1363 2037 πάλιν
1412 1980 1701 2053 ύπαλλαγὴ
1750 1979 1967 2051 χρόνου,

387 2079 503 2136 ἀντὶ
528 2072 627 2134 τοῦ
660 2076 922 2147 Ἠλέησεν
942 2077 1071 2146 γὰρ,
1114 2072 1423 2141 Ἐλέησον,
1447 2071 1613 2143 φησίν
1631 2088 1647 2103 ·
1676 2070 1850 2135 οὕτως
1875 2072 1970 2124 καὶ

402 2168 626 2233 ’Δκύλας
654 2166 841 2238 φησίνσ
880 2164 1255 2234 Ἐδωρήσατό
1284 2180 1408 2232 μοι’
1442 2163 1660 2230 Κύριος
1679 2158 1840 2217 εἶδεν
1868 2179 1964 2217 xa-

394 2261 640 2331 κουχίαν
660 2275 782 2329 μου
800 2274 813 2289 ο
844 2256 1005 2310 τοῦτο
1027 2256 1084 2310 δὲ
1113 2256 1262 2325 καὶή
1299 2253 1590 2309 ἀκολουθία
1625 2253 1969 2336 βούλεταιφ-

397 2352 585 2418 Τοῦτο,
611 2352 799 2424 φησιν,
831 2350 949 2404 ἐστὶ
983 2348 1045 2402 τὺ
1067 2348 1219 2412 τέλος
1243 2346 1350 2401 τῶν
1376 2345 1619 2416 ἀγαθῶν,
1657 2347 1691 2417 ἡ
1723 2346 1823 2416 τῆς
1849 2345 1972 2415 φθο-

401 2424 498 2516 ρᾶς·
523 2442 827 2514 ἀπαλλαγὴ,
848 2442 943 2495 καὶ
984 2438 1079 2493 τοῦ
1114 2438 1346 2494 θανάτου
1389 2437 1706 2505 κατάλυσις,
1735 2432 1803 2508 ἧς
1836 2438 1972 2490 ἀπο-

401 2536 612 2601 λύοντες
639 2536 719 2597 el;
741 2534 827 2586 dei.
846 2532 939 2597 τὰς
960 2531 1062 2596 σάς
1085 2529 1405 2604 εὐεργεσίας
1435 2530 1794 2601 ὑμνήσωμεν.

476 2624 621 2695 Στίχ.
677 2627 760 2677 ιε’.
792 2651 860 2663 -
880 2618 1086 2686 Πύλας
1110 2618 1372 2675 θανάτου
1414 2617 1510 2670 τὸν
1539 2616 1786 2670 κίνδυνον
1816 2617 1973 2672 καλεί

408 2714 495 2769 av
508 2714 704 2786 ἄγοντα
734 2712 823 2766 ἐπὶ
844 2712 936 2767 τὸν
956 2711 1208 2767 θάνατον.
1230 2734 1303 2750 --
1326 2704 1481 2763 Σιὼν
1503 2708 1660 2761 καλεῖ
1685 2707 1787 2779 τὴν
1808 2707 1972 2763 ἐπου-

411 2808 581 2882 ράνιον
614 2806 784 2871 πόλιν,
809 2804 885 2869 ὡς
910 2805 940 2859 ὁ
960 2804 1229 2875 μακάριος
1260 2799 1470 2864 Παῦλος
1498 2796 1736 2867 ἐδίδαξεν
1754 2817 1768 2831 ο
1794 2800 1973 2864 πύλας

400 2899 455 2953 δὲ
480 2898 684 2968 ἐκείνης
708 2896 808 2960 τάς
842 2890 1157 2964 ἁπανταχοῦ
1189 2893 1293 2962 γῆς
1324 2890 1675 2961 Ἐκκλησίας,
1703 2890 1770 2945 δι’
1785 2884 1862 2945 ὧν
1890 2892 1971 2956 είς

393 2985 601 3057 ἐκείνην
644 2983 882 3038 εισίασιν
936 2982 988 3035 oi
1041 2980 1411 3043 πιστεύοντες.
1450 2980 1713 3035 Ἐνταῦθα
1765 2981 1968 3045 τοίνυν,

390 3079 565 3149 φησὶν,
599 3077 966 3146 ἀγαλλόμενοι
994 3074 1087 3128 καὶ
1116 3072 1437 3145 χορεύοντες
1458 3073 1552 3126 ἐπὶ
1595 3075 1717 3137 ταῖς
1757 3074 1970 3128 ἐλπίσιν
1994 3057 2045 3121 C

256 3216 269 3229 .
385 3171 481 3242 τῆς
505 3171 879 3233 ἀναστάσεως,
900 3168 992 3222 τὸν
1011 3167 1218 3223 τούτων
1248 3166 1509 3239 πρόξενον
1548 3168 1969 3241 ἀνυμνήσωμεν·

387 3262 477 3315 καὶ
498 3260 690 3332 ἐπειδὴ
712 3261 816 3331 τῆς
842 3259 940 3313 τοῦ
980 3259 1212 3314 θανάτου
1242 3257 1597 3323 καταλύσεως
1626 3261 1652 3312 ὲ
1661 3276 1768 3330 μνη
1778 3260 1973 3330 μόνευ-

388 3369 496 3420 σεν,
549 3354 783 3418 εἰκότως
835 3353 1231 3423 ὲπήγαγεν.-
1255 3353 1331 3423 (2)
1372 3353 1471 3406 Διά
1511 3351 1612 3425 τὴν
1642 3353 1970 3426 ὑπερϐολὴν,

387 3447 567 3518 φησὶν.
619 3446 726 3513 τῆς
769 3444 1146 3517 ὑπερηφανίας
1189 3442 1360 3500 αὐτοῦ
1418 3446 1514 3498 καὶ
1548 3444 1645 3501 τοῦ
1675 3444 1847 3517 θυμοῦ
1876 3446 1971 3500 τοῦ

384 3538 523 3592 κατά
541 3537 658 3592 τῶν
681 3537 955 3609 πενήτων,
998 3539 1098 3592 οὐκ
1143 3537 1366 3609 ὲκζητεῖ
1393 3538 1487 3591 τὸν
1518 3538 1815 3608 Δεσπότην,
1852 3538 1972 3592 οὐδὲ

384 3630 491 3682 νοεῖ
519 3629 606 3682 ὃτι
633 3628 951 3700 ἀπαρέσκον
976 3627 1126 3699 αύτῷ
1160 3628 1222 3682 τὸ
1252 3627 1559 3699 γινόμενον.
1583 3627 1970 3707 -Έναλλαγή

386 3719 667 3774 κάνταῦθα
712 3719 929 3791 χρόνου,
975 3721 1097 3774 ἀντὶ
1140 3721 1257 3785 τοῦ,
1296 3718 1750 3793 Κατακυριεύειι
1771 3719 1841 3775 τὸ
1862 3720 1974 3789 γὰρ

382 3813 706 3882 γινόμενον
750 3811 858 3865 ὑπὸ
896 3810 993 3865 τοῦ
1027 3811 1340 3876 ἀδικοῦντος
1369 3812 1660 3883 διηγεῖται,
1704 3810 1829 3865 ἀντὶ⁸
1851 3811 1970 3878 τοῦ,

379 3901 476 3957 διὰ
497 3903 684 3957 τοῦτο
704 3902 948 3959 ,πάντων
979 3904 1199 3973 κρατεῖ,
1227 3904 1323 3957 καὶ
1363 3904 1569 3968 πάντας
1598 3903 1832 3976 ἀφειδῶς
1860 3902 1974 3958 ἀδι-

381 3994 485 4047 κεῖ.
508 3992 857 4065 Σαφέστερον
894 3994 952 4047 δὲ
1004 3994 1299 4066 Σύμμαχος
1344 3992 1526 4049 εἶπεν*
1554 3994 1792 4061 Πάντας
1832 3994 1974 4060 τοὺς

381 4082 640 4152 ἐχθροὺς
666 4084 853 4138 αὑτοῦ
883 4083 1145 4165 ἐκφυσᾷΣ
1174 4117 1241 4125 -
1274 4086 1349 4157 ('5)
1381 4086 1723 4157 Σαφέστερον
1755 4085 1914 4140 τοῦτο
1945 4088 1975 4138 ὁ

381 4175 684 4247 Σύμμαχος
700 4177 1063 4248 ήρμήνευσεν·
1108 4178 1191 4230 Οὐ
1220 4175 1735 4247 περιτραπήσομαι
1762 4180 1850 4244 εὶς
1877 4195 1974 4248 γε·

380 4268 529 4322 νεὰγ
571 4266 675 4320 καὶ
733 4267 970 4336 γενεὰν,
1004 4269 1144 4322 οὔτε
1195 4268 1409 4338 ἔσομαι
1441 4269 1514 4321 ἐν
1547 4270 1806 4325 κακώσει
1831 4286 1844 4299 ’
1879 4272 1975 4324 καὶ

377 4360 557 4432 ταύτῃ
591 4359 859 4430 κέχρηται
885 4360 951 4429 τῇ
981 4357 1303 4429 θρασύτητι,
1322 4360 1418 4413 καὶ
1443 4361 1656 4430 ἡγεῖται
1681 4361 1846 4431 μηδὲν
1865 4360 1972 4415 δει-

380 4452 467 4506 νὸν
493 4450 929 4522 ὑποστήσεσθαι,
952 4450 1130 4505 πάντα
1157 4450 1355 4521 μετιὼν
1382 4450 1482 4521 τῆς
1512 4452 1709 4516 κακίας
1737 4454 1805 4507 τὰ
1831 4454 1964 4526 εἴδη.

448 4542 610 4612 Στίχ.
660 4546 757 4605 ις’.
784 4534 974 4603 -Οἷς
1041 4538 1117 4611 (4)
1154 4542 1593 4612 ἐμηχανήσαντο,
1637 4543 1793 4612 φησὶ,
1841 4542 1964 4597 καθ’

380 4632 542 4704 ήμῶν
573 4633 626 4685 oi
656 4629 925 4702 πολέμιοι,
954 4629 1165 4695 τούτοις
1204 4631 1452 4686 ἑάλωσαν
1477 4632 1654 4687 αὐτοί.
1672 4633 1820 4686 Ἀντὶ
1849 4633 1965 4693 τοῦ.

382 4719 568 4793 ’Δπερ
592 4720 924 4784 ἐσπούδαζον
948 4719 1071 4774 καθ’
1103 4720 1282 4791 ἡμῶν,
1303 4719 1477 4774 ταῦτα
1510 4720 1730 4777 ἔπαθον.

910 4905 1472 4961 ΨΑΛΜ.ἘΒΡΑΙΚ.

453 5017 608 5091 Στίχ.
638 5016 702 5073 δ’.
738 5019 912 5072 -Ἐν
952 5019 1128 5090 τούτῳ
1166 5020 1275 5091 γὰρ
1322 5021 1578 5090 μάλιστα,
1614 5021 1766 5092 φησὶ,
1818 5023 1973 5091 Παρ-

379 5110 581 5176 ώξυνε
632 5111 744 5165 τὸν
781 5112 1096 5178 Δεσπότην·
1125 5116 1156 5165 ό
1185 5113 1433 5180 ἀσεϐὴς,
1466 5116 1525 5166 ὲν
1578 5113 1657 5184 τῷ
1705 5112 1973 5184 τολμῆσαι

382 5202 640 5274 ἐννοῆσαι
666 5204 797 5275 περὶ
844 5202 1007 5256 αὐτοῦ
1037 5206 1117 5257 ὅτι
1163 5204 1439 5274 ἐκδίκησιν
1472 5204 1580 5257 τῶν
1606 5206 1974 5276 ἀδικουμένων

382 5295 444 5347 οὐ
472 5299 733 5350 ποιεῖται.

456 5477 535 5546 (ι)
556 5476 1035 5534 Grammaticalem
1063 5488 1369 5548 temporum
1397 5480 1681 5549 euallagen
1706 5494 1847 5547 smpe
1865 5479 1960 5532 ad-

2072 1802 2156 1850 est
2178 1795 2516 1864 adjutorium
2549 1795 2695 1866 quod
2728 1803 2977 1868 tempore
3013 1797 3390 1855 tribulationis
3411 1798 3653 1855 advenit.

2144 1977 2310 2034 Vsus.
2342 1978 2431 2033 M.
2459 2008 2530 2017 —
2560 1977 2762 2034 Deinde
2810 1977 3010 2033 iterum
3062 1978 3297 2033 mutatio
3344 1980 3654 2049 temporis;

2073 2071 2194 2127 loco
2220 2071 2369 2127 enim
2396 2071 2662 2126 misertus
2683 2078 2791 2135 est,
2816 2070 3063 2125 miserere
3085 2070 3223 2126 dicit
3248 2090 3262 2126 :
3288 2071 3369 2128 sic
3389 2071 3655 2142 etAquila

2072 2164 2209 2219 dicit
2224 2162 2445 2218 donarit
2463 2162 2594 2217 mihi
2608 2178 2627 2217 :
2651 2160 2909 2217 Dominus
2926 2162 3057 2216 vidit
3073 2160 3430 2217 humilitatem
3448 2178 3618 2219 meatu
3634 2177 3655 2216 :

2074 2257 2178 2311 hoc
2203 2257 2348 2311 enim
2386 2255 2505 2310 vult
2535 2268 2757 2326 quoque
2793 2261 3107 2309 contextus.
3140 2252 3302 2319 Illud,
3331 2255 3533 2325 inquit,
3569 2261 3657 2311 est

2073 2362 2291 2404 summa
2322 2347 2594 2402 bonorum
2619 2384 2637 2410 ,
2680 2345 2953 2401 malorum
2988 2344 3223 2401 remotio
3246 2384 3261 2409 ,
3292 2345 3657 2417 liberatioque

2072 2439 2269 2494 mortis
2307 2453 2339 2492 a
2387 2453 2493 2509 qua
2546 2436 2766 2493 liberati
2825 2436 2880 2491 in
2925 2443 3194 2493 aeternum
3248 2444 3343 2492 tua
3391 2436 3657 2494 beneﬁcia

2072 2529 2440 2586 cantabimus.

2143 2618 2309 2679 Vsus.
2347 2621 2432 2676 15.
2462 2648 2532 2661 --
2560 2614 2760 2677 Portus
2787 2621 2977 2677 mortis
3002 2622 3310 2693 perieulum
3329 2620 3400 2677 ad
3421 2626 3657 2678 mortem

2074 2713 2284 2770 ducens
2311 2721 2494 2768 vocat.
2520 2709 2654 2768 Sion
2672 2721 2833 2768 vocat
2858 2710 3166 2769 Jerusalem
3187 2714 3488 2778 cmlestem,
3513 2713 3659 2768 sicut

2071 2804 2270 2860 beatus
2327 2801 2533 2859 Paulus
2582 2802 2794 2861 docuit.
2843 2803 3040 2860 Portas
3072 2811 3257 2861 autem
3293 2804 3461 2874 hujus
3505 2803 3660 2859 orbis

2075 2903 2349 2951 terrarum
2368 2894 2656 2961 ecclesias,
2680 2908 2781 2966 per
2797 2909 2937 2966 quas
2963 2896 3017 2949 in
3040 2894 3189 2950 illam
3207 2895 3413 2950 intrant
3439 2895 3659 2951 creden-

2076 2996 2159 3045 tes
2188 3005 2204 3043 :
2238 2987 2314 3043 ibi
2338 3002 2493 3058 ergo,
2512 2987 2714 3059 inquit,
2738 2987 2997 3044 laetantes
3025 2995 3082 3044 et
3111 2988 3455 3044 exsultantes
3482 2988 3536 3043 in
3563 3001 3661 3059 spe

2077 3079 2526 3148 resurrectionis,
2567 3079 2765 3135 horum
2804 3080 3077 3136 bonorum
3121 3078 3356 3136 Domino
3405 3079 3660 3135 cantabi-

2076 3186 2201 3228 mus
2236 3189 2251 3227 :
2289 3185 2526 3242 eumque
2553 3170 2754 3227 mortis
2787 3168 3139 3227 liberationis
3174 3168 3277 3226 fuit
3307 3171 3654 3232 recordatus,

2078 3278 2179 3320 nos
2254 3264 2394 3320 bene
2458 3262 2708 3319 deduxit.
2778 3261 3012 3335 Propter
3077 3278 3405 3330 excessum,
3480 3264 3663 3334 inquit

2078 3353 2248 3413 (Psal.
2299 3353 2402 3426 ιι),
2432 3355 2704 3425 superbia:
2733 3354 2857 3424 ejus
2902 3362 3068 3424 atque
3104 3353 3202 3408 ira:
3221 3352 3489 3409 adversus
3526 3368 3662 3424 pau-

2076 3461 2274 3519 peres,
2326 3461 2437 3502 non
2489 3446 2691 3518 quaerit
2738 3445 3064 3508 Dominum,
3112 3459 3217 3500 nec
3267 3451 3423 3515 putat
3466 3445 3662 3515 displi-

2076 3550 2203 3594 cere
2231 3537 2309 3593 illi
2345 3537 2491 3608 quod
2516 3537 2721 3591 factum
2743 3544 2851 3591 est.
2884 3535 2985 3591 Hic
3016 3548 3238 3605 quoque
3267 3536 3501 3589 mutatio
3525 3543 3661 3590 tem-
3682 3596 3697 3613 κ

2077 3630 2253 3700 poris,
2291 3630 2412 3684 loco
2438 3627 2803 3683 dominabitur
2828 3641 2847 3680 :
2880 3626 3020 3698 quod
3055 3626 3260 3695 factum
3303 3633 3380 3681 est
3416 3628 3561 3682 enim
3592 3628 3661 3682 ab

2079 3721 2269 3792 iniquo
2292 3722 2518 3785 dicitur,
2542 3721 2665 3776 loco
2690 3728 2901 3787 propter
2931 3718 3030 3772 hoc
3058 3715 3292 3771 carnium
3331 3717 3658 3784 dominatur,

2075 3821 2131 3868 et
2173 3826 2371 3868 omnes
2404 3811 2595 3881 inique
2641 3809 3016 3880 persequitur.
3042 3808 3263 3865 Clarius
3288 3817 3471 3865 autem
3500 3808 3661 3881 Sym-

2078 3904 2306 3962 machus
2360 3903 2542 3971 dixit,
2575 3902 2769 3959 Omnes
2814 3901 2907 3957 hos
2954 3918 3076 3956 suos
3110 3901 3351 3956 inimicos
3393 3902 3656 3972 exarmat.

2079 3995 2217 4051 illud
2237 3995 2485 4064 apertius
2508 3992 2823 4064 explanavit
2849 3989 3235 4063 Symmachus,
3264 3988 3386 4044 Non
3419 3990 3662 4045 movebar

2076 4089 2132 4142 in
2177 4088 2566 4158 generationem
2611 4095 2662 4141 et
2708 4085 3131 4156 generationem,
3164 4099 3255 4136 nec
3312 4099 3401 4137 ero
3431 4083 3485 4136 in
3516 4084 3659 4137 malo

2078 4178 2153 4250 (ν.
2186 4180 2239 4248 ϐ)
2279 4198 2290 4234 z
2331 4180 2545 4249 hacque
2576 4177 2687 4248 agit
2736 4174 2990 4238 audacia,
3020 4174 3355 4245 conliditque
3389 4175 3525 4230 nihil
3552 4184 3656 4231 ter-

2078 4268 2236 4323 ribile
2264 4282 2385 4323 esse
2416 4274 2903 4338 superventurum,
2934 4273 3055 4335 post
3082 4277 3275 4319 omnes
3301 4264 3519 4335 species
3547 4281 3658 4319 ma-

2004 4396 2048 4451 D
2077 4354 2207 4415 litia:
2237 4361 2530 4416 festinans.

2158 4549 2323 4602 Vsus.
2372 4546 2458 4601 16.
2493 4576 2563 4586 -
2603 4544 2697 4612 lis,
2727 4545 2928 4616 inquit,
2964 4561 3085 4616 quae
3113 4547 3411 4603 machinati
3443 4547 3658 4604 fuerant

2075 4648 2269 4698 contra
2309 4653 2409 4694 nos
2448 4636 2657 4707 inimici
2692 4636 2889 4704 nostri,
2935 4637 3129 4693 iisdem
3166 4639 3267 4709 ipsi
3304 4638 3446 4709 capti
3502 4651 3652 4697 sunt.

2079 4733 2134 4788 Ιιι
2166 4740 2271 4793 est,
2309 4729 2381 4781 Ea
2411 4742 2533 4798 qua:
2581 4734 2775 4782 contra
2806 4741 2909 4782 nos
2939 4727 3516 4792 comminiscebantur,
3551 4731 3655 4800 ipsi

2079 4823 2226 4896 passi
2262 4828 2408 4878 sunt.

2635 4912 2765 4969 PSA
2780 4912 2840 4969 L.
2878 4908 3095 4966 IIEBR.

2146 5029 2310 5083 Vsus.
2347 5029 2402 5083 Δ.
2442 5060 2509 5069 -
2540 5027 2642 5083 llic
2688 5027 2834 5082 enim
2883 5028 3117 5082 multum
3163 5027 3298 5082 dicit
3324 5027 3654 5082 exacerbauit

2074 5118 2361 5172 Dominum
2403 5118 2634 5187 impius,
2685 5131 2809 5171 cum
2850 5116 2918 5171 (le
2961 5114 3082 5184 ipso
3130 5113 3286 5185 (Deo)
3320 5114 3437 5169 fore
3462 5124 3650 5169 utnou

2074 5211 2380 5265 ulciscatur
2407 5209 2593 5277 iniqua
2624 5216 2847 5277 agentes
2882 5208 3129 5273 cogitare
3160 5205 3346 5261 audet.

2148 5480 2225 5549 (2)
2293 5479 2469 5534 Verba
2543 5480 2831 5550 sequentia
2910 5478 3227 5550 referenda,
3265 5478 3524 5535 videntur
3580 5472 3651 5533 ad

385 5548 599 5601 notavit
625 5550 771 5619 apud
801 5552 1098 5619 prophetas
1123 5557 1309 5604 uoster
1333 5548 1675 5613 Theodorus,
1696 5551 1787 5616 qui
1818 5558 1877 5619 et
1904 5550 1959 5601 in
2069 5551 2207 5618 psal.
2241 5567 2272 5603 χ
2314 5548 2841 5613 δθρυηίιιιιιιἩριηκ,
2868 5566 3007 5605 γει-ς.
3037 5551 3091 5613 2,
3120 5549 3172 5617 5,
3204 5549 3256 5606 6.
3313 5550 3472 5604 Eutr.

384 5632 488 5688 sua
517 5618 863 5688 psalmorum
894 5619 1303 5688 explanatione,
1335 5630 1391 5672 ut
1434 5633 1579 5671 nunc
1612 5626 1666 5671 et
1701 5618 1961 5688 posthinc

386 5686 471 5750 tit,
492 5687 556 5742 de
579 5691 781 5744 eadem
812 5704 872 5744 se
902 5686 1137 5744 lectores
1169 5688 1521 5744 admonuisse
1546 5696 1756 5741 narrat.
1796 5686 1925 5741 Mm.

2142 5620 2216 5687 (5)
2256 5619 2405 5674 Psal.
2441 5620 2603 5674 Hebr.
2635 5636 2776 5675 vers.
2842 5621 2894 5676 6.

2150 5688 2225 5762 (4)
2256 5689 2332 5742 Ex
2365 5689 2649 5746 Corderio.
