3974 6146
326 197 433 257 655

1495 188 1585 243 TH
1594 187 1845 246 EODORI
1883 187 2112 246 MOPSU
2121 187 2249 245 EST
2258 186 2368 245 EN!

3487 189 3614 249 οδε

400 311 566 367 Vens.
600 311 684 365 ιι.
710 340 780 350 -
805 308 931 366 "asc
954 308 1118 364 verba
1150 314 1278 364 sunt
1301 321 1366 362 ex
1400 307 1711 362 inversione
1741 326 1754 359 :
1780 306 1900 362 loco

2076 309 2219 379 Στίχ.
2253 309 2400 364 ιδ’.--
2436 310 2826 382 Πρωθυστερόν
2850 313 2965 366 ἐστι
2993 311 3058 365 τὰ
3080 310 3319 381 ῥήματα·
3347 307 3468 362 ἀντὶ
3487 308 3598 378 γὰρ

327 405 476 460 enim
518 404 766 474 quoniam
815 402 1030 466 videns,
1078 400 1218 454 vides
1265 400 1505 469 legitur;
1536 415 1601 454 eo
1634 399 1780 469 quod
1824 401 1904 455 sic

329 498 448 551 vult
472 505 652 552 textus
683 494 986 548 llehraicus
1013 509 1027 544 :
1065 507 1190 545 cum
1225 491 1370 545 enim
1395 491 1462 546 de
1495 490 1700 561 iniquis
1736 491 1903 544 dixit:

331 587 484 641 Dixit
512 588 649 642 enim
672 586 723 637 in
753 583 906 637 corde
932 597 1026 635 suo
1053 597 1070 635 :
1099 579 1219 635 Non
1249 580 1493 650 requiret,
1531 581 1780 643 adduxit,
1811 577 1908 632 Vi-

331 679 420 733 des
482 678 728 748 quoniam
787 683 842 725 tu
896 671 1127 725 laborem
1183 680 1233 724 et
1295 670 1528 725 dolorem
1581 669 1906 736 consideras,

331 770 488 839 quasi
529 767 715 821 volens
755 765 822 818 ad
877 763 1044 818 Deum
1084 762 1268 819 dicere
1317 762 1564 834 iniquum
1617 777 1792 833 usque
1841 776 1908 816 eo

331 859 552 913 venisse
581 865 640 911 ut
666 855 897 919 diceret,
933 869 1042 909 non
1066 853 1167 908 tibi
1195 868 1319 910 esse
1349 868 1542 908 curam
1581 852 1649 907 de
1681 851 1905 920 iniquis,

330 965 434 1004 nec
465 949 661 1003 delicta
693 947 999 1017 requirere,
1031 960 1159 999 cum
1195 959 1384 999 eorum
1416 943 1658 997 furorem
1691 957 1755 996 ac
1787 957 1905 995 ma-

332 1043 508 1096 litiam
535 1041 748 1104 videns,
780 1054 891 1093 non
917 1037 1028 1092 cito
1060 1037 1128 1091 ad
1159 1035 1423 1090 ultionem
1448 1048 1638 1098 exeas,
1668 1032 1762 1088 sed
1784 1047 1911 1086 con-

333 1137 560 1200 sideras,
584 1134 637 1188 id
673 1143 779 1198 est,
812 1132 1052 1186 moraris
1075 1171 1090 1198 ,
1131 1128 1435 1200 usquedum
1464 1143 1531 1182 ex
1562 1125 1912 1180 multitudine

333 1229 658 1282 delictorum
693 1225 906 1295 scipsos
948 1223 1003 1277 in
1037 1231 1160 1277 tuas
1194 1235 1390 1276 manus
1440 1218 1683 1283 tradant,
1712 1218 1912 1286 iniqui-

334 1327 510 1372 t-atum
545 1331 772 1372 suarum
815 1329 1044 1369 numero
1078 1313 1137 1366 in
1167 1311 1382 1382 seipsos
1412 1311 1708 1365 vindictam
1736 1309 1914 1363 conci-

337 1417 486 1464 tante
518 1427 530 1462 :
568 1407 673 1462 hoc
709 1407 843 1461 dicit
895 1421 962 1461 ex
1011 1403 1331 1473 metaphora
1375 1417 1567 1457 eorum
1614 1401 1709 1471 qui
1743 1415 1914 1470 usque

336 1501 405 1556 ad
451 1515 618 1554 unum
650 1499 734 1553 vel
775 1497 1077 1552 secundum
1119 1495 1379 1550 delictum
1411 1509 1521 1548 non
1561 1495 1790 1556 sistunt.
1821 1493 1915 1549 sed

334 1606 480 1660 quos
518 1590 692 1644 multa
744 1588 942 1644 delicta
991 1587 1060 1642 ad
1097 1586 1396 1642 tribunalia
1428 1587 1656 1651 ducunt,
1688 1587 1781 1642 ubi
1807 1588 1917 1642 ini-

2013 400 2257 470 τοῦ,”οτι
2279 400 2516 471 βλέπεις,
2537 406 2731 469 κεῖται,
2748 403 3014 469 Βλέπεις·
3031 403 3112 456 ὃτι
3132 402 3287 454 τοῦτο
3301 401 3357 453 δέ
3378 399 3484 454 ἀπὸ
3498 401 3589 471 τῆς

2015 490 2309 561 ἑρμηνείας
2331 492 2620 565 γεγένηται
2642 494 2736 547 τοῦ
2778 493 3086 561 Ἑϐραῖκοῦ’
3122 493 3312 562 ἐπειδὴ
3337 491 3446 563 γὰρ
3470 492 3585 562 περὶ

2015 581 2123 633 τῶν
2153 581 2481 637 ἀδικούντων
2510 580 2661 638 εἶπεν
2682 581 2741 638 τὶ
2760 628 2773 649 ,
2805 581 2989 637 Εἶπεν
3011 583 3120 652 γὰρ
3142 583 3212 636 ἐν
3243 581 3454 650 καρδίᾳ
3491 583 3590 634 αὑ-

2014 670 2141 734 τοῦ,
2176 674 2294 725 Οὐκ
2316 671 2647 742 ὲκζητήσει,
2673 676 2956 746 ἐπήγαγεν
2984 675 3065 740 τὸ,
3095 672 3366 738 Βλέπεις,
3391 671 3479 726 ὅτι
3512 673 3591 726 σὺ

2019 763 2214 815 πόνον
2251 763 2350 816 καί
2385 767 2575 833 θυμὸν
2625 760 2958 830 κατανοεῖς,
2984 762 3143 816 τοῦτο
3171 762 3499 833 βουλόμενος
3519 761 3590 826 ὡς

2018 853 2154 924 πρὸς
2181 854 2269 906 τὸν
2303 854 2436 908 Θεὸν
2456 853 2744 922 εἰπεῖν,’ὄτι
2768 856 3024 928 Προήχθη
3057 855 3114 908 δὲ
3141 856 3344 917 ἐκεῖνος
3365 854 3392 906 ό
3413 852 3590 917 ἄδικος

2015 947 2190 998 ταῦτα
2212 944 2550 1013 λογίσασθαι,
2576 948 2656 1001 ὅτι
2689 949 2764 1018 μὴ
2791 949 2942 1019 μέλει
2977 963 3062 1000 σοι
3091 945 3220 1016 περὶ
3245 945 3352 998 τῶν
3381 944 3594 998 ἀδικου-

2012 1038 2216 1107 μένων,
2244 1038 2377 1108 μηδὲ
2407 1039 2656 1110 ἐκζητεῖς
2677 1041 2745 1094 τὰ
2766 1041 3048 1110 γινόμενα,
3095 1038 3284 1107 ἐπειδὴ
3315 1037 3468 1109 -ὁρῶν
3499 1037 3593 1090 αὖ·

2019 1130 2126 1182 τῶν
2155 1131 2252 1200 τὴν
2286 1130 2456 1201 ὀργὴν
2509 1132 2600 1183 καὶ
2634 1131 2733 1201 τὴν
2775 1132 3062 1204 πονηρίαν,
3087 1131 3194 1184 οὐκ
3219 1130 3380 1192 εὐθὺς
3401 1129 3597 1202 ἐξέρχῃ

2018 1225 2130 1284 τοῖς
2183 1222 2508 1292 γινομένοις,
2557 1221 2694 1276 ἀλλά
2739 1221 3072 1288 κατανοεῖς,
3103 1221 3350 1274 τουτέστι
3380 1221 3594 1290 μένεις,

2019 1312 2124 1374 ἓως
2170 1311 2235 1365 ἂν
2274 1314 2339 1364 ἐκ
2389 1311 2485 1365 τοῦ
2521 1312 2756 1382 πλήθους
2803 1311 2910 1366 τῶν
2955 1311 3100 1364 ίδίων
3145 1308 3332 1364 κακῶν
3371 1310 3598 1373 ἑαυτοὺς

2021 1403 2218 1457 ἐκεῖνοι
2272 1405 2393 1466 ταῖς
2425 1405 2544 1466 σαῖς
2574 1403 2885 1474 παραδῶσιν
2913 1402 3121 1474 χερσὶν,
3165 1402 3227 1454 τὸ
3261 1401 3467 1473 πλῆθος
3499 1405 3598 1474 τῆς

2023 1494 2229 1556 οἰκείας
2252 1494 2465 1556 ἀδικίας
2511 1495 2943 1565 ἐπισπασάμενοι
2979 1493 3100 1548 καθ’
3123 1493 3338 1548 ἑαυτῶν
3387 1493 3489 1564 τὴν
3513 1511 3598 1548 τι·

2026 1586 2235 1656 μωρίαν
2255 1602 2267 1615 °
2293 1587 2451 1641 τοῦτο
2475 1587 2530 1640 δὲ
2557 1586 2704 1656 λέγει
2721 1589 2786 1641 ἐκ
2810 1589 3120 1658 μεταφορᾶς
3144 1586 3252 1640 τῶν
3275 1587 3468 1657 μέχρις
3502 1586 3599 1657 μὲν

336 1695 568 1754 quorum
601 1677 910 1749 frequentia
939 1677 1094 1733 adest
1131 1693 1144 1731 :
1175 1676 1292 1731 vult
1321 1684 1507 1731 autem
1533 1674 1632 1731 Dei
1664 1674 1914 1746 longani-

2030 1677 2138 1740 ἐνὸς
2173 1677 2268 1731 καὶ
2301 1677 2552 1748 δευτέρου
2575 1677 2746 1731 κακοῦ
2774 1679 2849 1749 μὴ
2875 1678 3199 1748 ἱσταμένων,
3222 1678 3282 1730 τὸ
3305 1677 3361 1730 δὲ
3395 1677 3602 1747 πλῆθος

339 1774 587 1828 mitatem
619 1768 934 1826 ostendere.

415 2055 585 2111 Vens.
619 2055 708 2109 17.
751 2017 1184 2108 -Ιοεεὶάετῖαηι
1227 2053 1318 2107 hic
1365 2067 1466 2123 pro
1512 2066 1660 2121 prece
1709 2050 1915 2121 posuit,

337 2149 470 2220 quia
495 2161 619 2216 qua:
647 2145 1028 2202 desideramus
1060 2145 1200 2212 ﬁeri,
1236 2146 1294 2200 in
1327 2159 1518 2201 eorum
1549 2142 1921 2215 postulatione

343 2241 631 2295 instamus.

907 2368 1229 2426 PSALMUS
1262 2365 1350 2425 XI.

411 2489 583 2544 Vens.
615 2486 668 2542 5.
700 2517 770 2529 -
810 2484 960 2540 Vana
990 2501 1091 2556 pro
1119 2485 1349 2540 dolosa:
1375 2483 1747 2540 communiter
1775 2480 1919 2539 enim
2019 2474 2021 2477 ’

341 2595 482 2636 vana
517 2588 678 2635 vocat
705 2580 891 2634 omnia
913 2593 1038 2649 qua:
1061 2593 1172 2633 non
1203 2577 1430 2644 decent,
1465 2577 1609 2634 sicut
1631 2576 1773 2632 bona
1802 2590 1923 2646 qua:

343 2672 413 2728 ab
433 2672 716 2743 agentibus
745 2678 892 2726 recte
911 2671 1066 2725 liunt.
1094 2699 1164 2711 —-
1187 2668 1326 2725 Cum
1347 2668 1496 2734 dolo,
1516 2669 1716 2737 inquit,
1747 2681 1922 2723 unus-

341 2761 581 2832 quisque
611 2761 855 2832 loquitur
883 2759 948 2814 ad
980 2760 1316 2830 proximum,
1345 2757 1538 2829 sicque
1566 2756 1730 2830 labiis
1761 2764 1922 2813 utens

342 2854 402 2908 in
431 2869 526 2909 cor
559 2853 793 2923 proximi
833 2852 1121 2907 mendacia
1167 2852 1418 2908 immittit
1449 2850 1688 2922 :illeque
1723 2850 1920 2918 iterum

342 2944 599 2999 similiter
633 2945 835 3000 similia
861 2943 1115 3009 remittit,
1149 2941 1277 2998 inde
1300 2942 1576 3014 reliquum
1601 2951 1688 2998 est
1722 2952 1780 2996 ut
1811 2941 1922 2996 illis

267 3099 275 3107 η
344 3035 644 3090 vindictam
673 3036 932 3089 minetur.

414 3123 585 3182 Vens.
620 3127 673 3180 5.
703 3155 774 3166 —-
805 3126 1006 3183 Dicunt
1037 3126 1251 3183 scilicet
1277 3165 1291 3192 ,
1325 3125 1529 3197 inquit,
1561 3125 1619 3180 in
1652 3131 1925 3195 potestate

345 3225 540 3274 nostra
584 3231 710 3274 esse
753 3233 874 3287 quae
909 3219 1164 3273 volumus
1199 3218 1351 3288 loqui
1386 3236 1400 3274 :
1437 3233 1603 3289 quem
1639 3216 1784 3272 enim
1829 3216 1927 3271 do-

345 3312 554 3364 minmn
617 3308 884 3364 habemus
927 3310 1021 3379 qui
1069 3310 1347 3366 timendus
1397 3309 1508 3365 sit?
1557 3307 1674 3362 lloc
1740 3314 1925 3362 autem

343 3402 479 3458 dicit
531 3416 640 3456 non
691 3402 852 3472 quasi
888 3402 969 3456 sic
1006 3402 1117 3457 illis
1155 3402 1380 3456 omnino
1411 3400 1799 3471 loquentibus,
1829 3396 1926 3453 sed

345 3493 557 3548 ratione
597 3493 796 3562 agendi
844 3492 1270 3552 ostendentibus
1315 3492 1500 3548 omnia
1529 3493 1610 3546 sic
1657 3489 1778 3547 sine
1811 3487 1926 3543 ullo

345 3584 544 3639 timore
569 3583 770 3651 facere,
799 3585 960 3654 quasi
987 3585 1175 3639 nullus
1201 3592 1346 3640 esset
1364 3582 1558 3653 judex.

417 3695 581 3750 Vens.
608 3695 661 3750 9.
683 3725 753 3741 α·-
771 3695 908 3750 Cum
933 3693 1176 3765 undique
1196 3694 1263 3748 ab
1286 3691 1473 3764 impiis
1491 3689 1922 3756 circumdemur,

345 3787 669 3856 neutiquam
704 3785 866 3842 aliter
889 3786 1135 3854 liberari,
1165 3784 1275 3840 nisi
1309 3783 1421 3854 Deo
1449 3783 1766 3853 adjuvante,
1790 3795 1922 3851 pos-

346 3895 560 3936 sumus.

877 4013 1201 4070 PSALMUS
1243 4012 1359 4068 XII.

418 4132 580 4186 Vens.
613 4132 668 4185 2.
705 4161 775 4173 --
802 4131 863 4186 ιιι
892 4130 1189 4187 solitudine
1227 4145 1329 4185 sua
1372 4129 1514 4183 bene
1565 4134 1803 4182 mentem
1855 4128 1924 4181 ad

2021 1770 2130 1823 τῶν
2176 1771 2477 1841 γινομένων
2515 1771 2742 1834 ἑαυτοὺς
2785 1771 3030 1839 ἀγόντων
3067 1771 3146 1833 εἰς
3174 1770 3244 1824 τά
3274 1770 3603 1840 δικαστήρια

2018 1858 2080 1912 τὸ
2105 1858 2212 1912 τῶν
2239 1859 2611 1930 ἀδικουμένων
2638 1859 2842 1932 πλῆθος
2866 1874 2879 1888 ·
2929 1859 3178 1931 βούλεται
3206 1859 3264 1913 δέ
3303 1859 3484 1924 δεῖξαι
3507 1859 3600 1914 τοῦ

2019 1950 2154 2004 Θεοῦ
2179 1951 2279 2022 τὴν
2311 1952 2710 2024 μακροθυμίαν.

2090 2066 2241 2137 Στίχ.
2287 2066 2377 2130 ιζ’.
2409 2098 2478 2108 -
2521 2067 2877 2137 Ἐπιθυμίαν
2923 2069 3158 2125 ἐνταῦθα
3184 2070 3305 2124 ἀντὶ
3343 2070 3466 2135 τοῦ,
3509 2069 3605 2142 τὴν

2020 2160 2354 2230 προσευχὴν,
2373 2159 2520 2228 λέγει
2547 2175 2558 2188 ·
2585 2159 2774 2232 ἐπειδὴ
2813 2161 2958 2232 ἅπερ
2992 2161 3265 2232 ποθοῦμεν
3291 2163 3605 2231 γίγνεσθαι,

2019 2249 2194 2305 ταῦτα
2221 2250 2319 2305 καὶ
2358 2249 2613 2323 εὔχεσθαι
2646 2251 2929 2322 φιλοῦμεν.

2591 2372 2883 2434 ΨΑΛΜΟΣ
2912 2381 3016 2435 IA'.

2092 2493 2242 2566 Στίχ.
2264 2493 2335 2563 γ’.
2366 2521 2436 2534 —-
2459 2492 2692 2548 Μάταια
2716 2493 2792 2566 (l)
2825 2493 2947 2549 ἀντὶ
2977 2493 3096 2562 τοῦ,
3140 2493 3366 2567 δολερὰ·
3406 2495 3610 2562 κοινῶς

2019 2586 2078 2641 δὲ
2107 2587 2316 2658 μάταια
2374 2580 2517 2640 οἶδεν
2573 2586 2791 2640 ἅπαντα
2831 2585 3016 2640 καλεῖν
3052 2585 3120 2641 τά
3150 2586 3348 2654 ἄτοπα,
3379 2588 3462 2654 ὡς
3487 2591 3607 2662 εικῆ

2023 2678 2175 2750 παρά
2223 2677 2331 2732 τῶν
2371 2678 2721 2749 πραττόντων
2776 2680 3056 2750 γινόμενα.
3092 2709 3164 2720 -—
3209 2680 3370 2735 Μετὰ
3421 2681 3604 2749 δόλου,

2025 2769 2211 2840 φησὶν,
2239 2767 2489 2840 ἀλλήλοις
2516 2769 3017 2841 προσδιαλέγονται,
3043 2773 3140 2827 καὶ
3160 2772 3334 2838 οὕτως
3354 2775 3472 2838 τοῖς
3493 2776 3608 2846 χεί-

2023 2861 2140 2914 λεσι
2169 2858 2450 2932 χρώμενος
2490 2863 2571 2926 είς
2617 2863 2715 2934 τὴν
2743 2861 2838 2915 τοῦ
2876 2863 3048 2928 πέλας
3079 2864 3308 2934 καρδίαν
3333 2864 3402 2919 τὰ
3425 2865 3606 2936 ψευδῆ

2024 2953 2417 3023 παραπέμπειο
2455 2953 2704 3017 κάκεῖνος
2746 2954 2908 3009 πάλιν
2935 2955 3136 3026 ὁμοίως
3167 2955 3499 3026 ἀντιπέμπει
3534 2956 3602 3011 τὰ

1950 3057 1994 3117 ς,
2025 3044 2186 3116 ὃμοια
2206 3060 2219 3075 ·
2251 3043 2501 3098 ἐντεῦθεν
2525 3044 2709 3100 λοιπὸν
2745 3044 2926 3109 αὐτοῖς
2956 3045 3172 3100 ἀπειλεῖ
3202 3050 3491 3118 τιμωρίαν.

2096 3134 2247 3204 Στίχ.
2276 3140 2339 3189 ε’.
2367 3165 2436 3175 -
2467 3135 2734 3203 Λέγουσιν
2763 3135 2890 3207 γὰρ,
2911 3137 3096 3206 φησιν,
3130 3137 3214 3190 ὅτι
3239 3137 3323 3190 ἐπ’
3353 3137 3606 3205 ἐξουσίας

2024 3227 2181 3297 ήμῶν
2195 3225 2342 3278 ἐστιν
2367 3225 2403 3278 ἃ
2429 3224 2734 3295 βουλόμεθα
2749 3225 3084 3295 φθέγγεσθαι
3101 3244 3116 3259 ·
3138 3227 3258 3282 τίνα
3277 3227 3391 3299 γὰρ
3410 3229 3607 3301 ἔχομεν

2023 3316 2308 3388 δεσπότην,
2339 3315 2397 3368 ὃν
2413 3317 2507 3369 καὶ
2527 3317 2701 3370 δεῖσαι
2724 3317 2806 3370 δεῖ
2825 3333 2840 3384 ;
2861 3317 3019 3372 τοῦτο
3042 3319 3098 3373 δὲ
3121 3317 3264 3390 [οὐχ]
3285 3320 3361 3383 ὡς
3389 3323 3610 3384 πάντως

2023 3407 2289 3474 λεγόντων
2313 3407 2539 3460 ἐκείνων
2593 3405 2780 3476 φησὶν,
2826 3407 2941 3461 ἀλλ’
2982 3408 3056 3472 ὡς
3083 3409 3161 3478 τῷ
3186 3410 3482 3480 πράγματι
3505 3411 3610 3464 δει-

2023 3496 2263 3552 κνύντων
2308 3497 2367 3548 τὸ
2409 3495 2584 3561 οὕτως
2628 3497 2798 3562 ἀδεῶς
2830 3498 3046 3553 ἅπαντα
3089 3500 3374 3570 πράττειν,
3405 3502 3484 3567 ὡς
3513 3502 3612 3562 οῦκ

2024 3588 2176 3652 ὄντος
2205 3588 2416 3659 κριτοῦ.

2093 3701 2243 3772 Στίχ.
2277 3701 2344 3756 θ’.
2374 3731 2444 3742 --
2484 3702 2703 3774 Ἐπειδὴ
2727 3703 2854 3766 τοὺς
2877 3702 2981 3756 ὑπὸ
3017 3703 3125 3757 τῶν
3155 3703 3373 3757 ἀσεϐῶν
3400 3706 3615 3760 κυκλω-

2024 3792 2216 3857 θέντας
2243 3794 2344 3848 οὑκ
2395 3793 2600 3848 ἔνεστιν
2649 3794 2854 3865 ἑτέρως
2901 3795 3001 3866 τὴν
3039 3797 3244 3849 τούτων
3279 3798 3614 3869 ἀπαλλαγὴν

2024 3885 2284 3958 εὕρασθαι
2309 3889 2382 3960 μὴ
2411 3887 2490 3958 τῷ
2519 3887 2637 3958 Θεῷ
2677 3886 2856 3958 βοηθῴ
2881 3887 3288 3960 χρώμενο[υ]ς.·

2593 4017 2879 4072 ΨΑΛΜΟΣ
2915 4015 3015 4075 IB'.

2092 4132 2242 4203 Στιχ.
2265 4133 2576 4203 β’.-Είκὺς
2601 4129 2667 4206 ἦν
2688 4133 2852 4188 αὑτοῦ
2882 4135 3075 4188 τούτου
3102 4136 3262 4206 μόνον
3288 4140 3619 4209 φροντίζον-

347 4220 516 4276 Deum
546 4221 815 4288 elevabat,
851 4231 1016 4292 atque
1064 4222 1120 4275 in
1155 4220 1340 4275 animo
1369 4219 1608 4274 contrito
1640 4217 1919 4273 tremenda

2030 4243 2088 4278 τα
2115 4224 2301 4279 τοῦτον
2339 4224 2472 4280 Θεὸν
2501 4225 2720 4298 ﬁxe-tbi],
2749 4229 2843 4280 καὶ
2871 4227 3314 4298 κατηλλαγμένον
3343 4231 3619 4286 ἑκάστοτε

345 4311 469 4379 ejus
499 4311 707 4379 judicia
742 4312 1114 4368 meditabatur
1141 4329 1154 4366 :
1179 4310 1319 4365 Num
1352 4311 1486 4365 mihi
1520 4309 1796 4381 propitius
1820 4308 1922 4364 fuit

2025 4316 2431 4385 διαλογίζεσθαι
2459 4317 2791 4388 φοδούμενον
2823 4319 2880 4372 ἐν
2910 4322 2975 4389 τῇ
3007 4319 3153 4391 ψυχῇ
3180 4335 3193 4348 ο
3226 4315 3382 4391 ’Ἄρα
3413 4322 3620 4394 κατήλ-

348 4402 534 4468 Deus?
570 4402 710 4457 Num
743 4403 826 4458 ira
849 4404 971 4474 ejus
997 4403 1240 4473 quievit?
1272 4401 1524 4461 lratusne
1573 4412 1658 4458 est
1703 4400 1919 4457 adhuc?

2030 4408 2220 4462 λακταί
2268 4426 2359 4480 μοι
2413 4409 2442 4461 ό
2484 4409 2657 4475 Θεός;
2699 4405 2808 4481 ἆρα
2863 4409 3142 4463 πέπαυται
3186 4413 3286 4482 τῆς
3317 4412 3447 4466 κατ’
3479 4410 3618 4484 ἐμοῦ

347 4494 564 4566 aliaque
611 4494 948 4564 hujusmodi.
995 4495 1085 4549 Sic
1121 4509 1251 4564 ergo
1305 4491 1921 4566 loquitur:Usquequo

347 4587 462 4642 haec
505 4588 845 4652 meditabor,
890 4597 944 4642 et
983 4603 1179 4658 ponam
1217 4587 1485 4642 consilia?
1518 4586 1690 4640 Donec
1730 4585 1920 4639 avertis

347 4682 558 4751 faciem,
582 4681 779 4752 inquit,
811 4681 865 4734 id
894 4689 996 4743 est,
1024 4680 1282 4735 irasceris
1307 4687 1500 4734 contra
1543 4691 1630 4732 me
1649 4717 1665 4741 ,
1695 4690 1923 4732 necesse

347 4782 430 4827 est
452 4773 704 4843 posthaec
724 4773 985 4843 cogitare,
1012 4771 1238 4840 haecque
1258 4769 1536 4825 meditari.
1561 4767 1711 4820 Loco
1734 4766 1899 4835 hujus

349 4862 712 4935 Symmachus
743 4861 928 4917 dixit:
969 4862 1169 4916 Curam
1215 4862 1267 4914 in
1313 4859 1468 4913 corde
1513 4873 1626 4911 meo
1669 4856 1920 4926 quotidie.

347 4955 473 5010 llaec
500 4963 680 5010 autem
718 4955 944 5024 scripsit
979 4951 1333 5024 (Psalmist.)
1369 4949 1435 5004 ad
1467 4955 1712 5003 nostram
1739 4946 1926 5002 admo-

350 5047 630 5108 nitioncm,
668 5044 947 5116 quomodo
992 5043 1255 5113 pcenitcre
1283 5048 1535 5111 oporteat
1573 5047 1925 5109 peccatorum

347 5138 548 5195 docens
602 5140 686 5194 his
740 5136 955 5202 verbis,
1004 5135 1207 5204 quibus
1248 5141 1308 5189 ut
1342 5132 1628 5188 medicinis
1663 5131 1924 5187 utendum

347 5239 453 5286 est.

422 5341 584 5414 Vens.
616 5344 665 5398 5.
702 5372 772 5384 -
800 5341 910 5397 Deo
956 5347 1184 5412 propter
1228 5346 1514 5410 peccatum
1544 5334 1657 5406 pati
1691 5348 1918 5389 consen~

351 5433 538 5498 tiente,
564 5435 734 5489 fortes
772 5434 992 5488 interim
1026 5439 1186 5488 erant
1215 5431 1421 5491 inimici
1456 5429 1721 5487 adversus
1748 5426 1923 5488 illum.

419 5612 494 5684 (ι)
535 5609 641 5664 Mai
670 5609 802 5662 ibid.
845 5626 900 5680 ιδ.
936 5609 1060 5664 392.

2027 4498 2214 4569 ὀργῆς,
2248 4498 2279 4568 ἢ
2308 4498 2583 4569 ὀργίζεται
2616 4498 2729 4567 En;
2763 4501 2855 4553 καὶ
2897 4502 2998 4554 ὃσα
3030 4499 3273 4558 τοιαῦτα.
3313 4503 3495 4557 Τοῦτο
3525 4499 3621 4557 οὖν

2029 4607 2210 4659 φησιν·
2231 4589 2373 4652 Ἕως
2389 4590 2518 4644 πότε
2539 4589 2609 4644 τὰ
2627 4590 2849 4644 τοιαῦτα
2869 4591 3360 4663 ἐνθυμηθήσωμαι,
3376 4595 3478 4648 καὶ
3498 4595 3622 4666 βου-

2027 4683 2332 4753 λεύσωμαις
2352 4683 2539 4752 Μέχρι
2557 4679 2941 4752 ἀποστρέφῃς
2964 4682 3027 4736 τό
3051 4683 3402 4750 πρόσωπον,
3426 4685 3620 4754 φησὶν,

2028 4773 2304 4827 τουτέστιν
2331 4773 2525 4844 ὀργίζῃ
2562 4771 2682 4825 κατ’
2703 4771 2837 4840 ἐμοῦ
2863 4811 2878 4835 ,
2914 4771 3125 4842 ἀνάγκη
3164 4789 3231 4842 με
3264 4771 3447 4825 ταῦτα
3481 4774 3623 4827 ὑπο·

2030 4865 2248 4918 πτεύειν
2269 4864 2362 4917 καὶ
2381 4862 2552 4917 ταῦτα
2567 4861 2873 4930 λογίζεσθαι
2893 4880 2906 4892 ο
2932 4862 3048 4916 ἀνθ’
3074 4858 3134 4915 οὗ
3165 4863 3474 4935 Σύμμαχος
3487 4865 3618 4936 ἔφη’

2029 4957 2332 5024 Μέριμναν
2353 4954 2421 5007 ἐν
2441 4951 2516 5022 τῇ
2549 4953 2762 5022 καρδίᾳ
2803 4971 2925 5022 μου
2951 4955 3081 5008 καθ’
3117 4954 3348 5024 ἡμέραν
3375 4973 3391 4987 ·
3441 4955 3623 5010 ταῦτα

2030 5047 2088 5100 δέ
2109 5046 2321 5116 ἐγράφη
2352 5044 2490 5117 πρὸς
2545 5044 2825 5098 νουθεσίαν
2862 5045 3038 5116 ἡμῶν,
3066 5046 3183 5110 πῶς
3210 5046 3292 5099 δεῖ
3322 5051 3622 5116 μετανοεῖν

2031 5137 2117 5206 ἐφ’
2136 5132 2527 5207 ἁμαρτὴ’μασιν
2559 5134 2940 5190 ἐκδιδάσκοντα
2957 5140 3068 5201 τοῖς
3090 5135 3322 5208 παροῦσι
3343 5140 3623 5210 ῥήμασιν,

2030 5221 2118 5280 οἶα
2149 5225 2205 5279 δέ
2239 5223 2547 5294 φαρμάκοις
2563 5223 2896 5296 χρωμένους.

2104 5337 2251 5407 Στίχ.
2289 5343 2354 5406 γ’.
2390 5366 2459 5376 --
2505 5336 2612 5389 Τοῦ
2663 5335 2798 5389 Θεοῦ
2840 5337 3070 5408 πάσχειν
3115 5340 3628 5409 συγκεχωρηκότος

2031 5427 2118 5482 διὰ
2151 5428 2254 5499 τὴν
2284 5427 2580 5499 ἁμαρτίαν,
2608 5428 2816 5498 ἰσχυροὶ
2842 5429 2940 5499 μὲν
2963 5424 3101 5498 ἦσαν
3124 5429 3172 5482 οί
3206 5427 3477 5497 πολέμιοι
3503 5431 3630 5485 κατ’
