3974 6146
361 399 474 459 657

1541 407 1912 468 EXPOSITIO
1965 408 2034 466 IN
2078 410 2427 471 PSALMOS.

3538 414 3645 471 658

363 510 533 567 αὐτοῦ
553 528 569 544 ο
597 511 801 577 πάντες
823 498 881 567 δὲ
897 512 1038 586 μετὰ
1054 514 1257 588 πολλῆς
1274 517 1377 591 τῆς
1404 518 1590 586 ἀδείας
1608 522 1677 577 τὰ
1695 521 1954 579 δοκοῦντα

2070 538 2358 596 amnesque
2418 538 2546 581 cum
2592 526 2746 583 omni
2798 525 3017 594 ﬁducia,
3050 541 3172 598 qua:
3216 526 3321 585 sibi
3356 524 3645 597 plaeebant

363 602 715 658 διατιθέασαν
741 620 757 636 ο
790 599 932 674 ἦσαν
957 603 1015 660 δὲ
1054 607 1178 661 τδτε
1215 610 1264 662 οἱ
1292 611 1418 683 περὶ
1454 612 1548 666 τὸν
1597 613 1955 687 ’Δδεσσαλὼμ

365 693 736 762 πολεμοῦντες
774 695 971 751 αὐτόν’
1020 697 1182 753 τοῦτο
1220 695 1315 755 οῦν
1360 717 1556 772 φησιν’
1591 703 1782 776 Μέχρι
1813 707 1960 762 πότε

367 787 423 840 οι
446 784 648 854 ἐχθροὶ
667 787 902 856 ὑψηλοί
924 788 1059 843 κατ’
1077 788 1224 860 ἐμοῦ
1246 791 1531 858 Edonas;

952 941 1256 998 ΨΑΛΜΟΣ
1267 944 1368 1000 ll".

433 1052 587 1124 Στίχ.
631 1059 706 1119 ς’.
726 1054 1073 1125 -Ῑιεωχοῦ
1109 1056 1204 1112 τοῦ
1252 1057 1491 1125 Ἐζεκίου
1523 1060 1757 1118 ἐνταῦθα
1787 1062 1957 1133 λέγει,

369 1144 455 1199 διὰ
500 1144 563 1198 τὸ
603 1138 824 1214 ὀλίγους
874 1144 1020 1217 ἔχειν
1051 1148 1178 1212 τοὺς
1225 1149 1319 1203 ὑπ’
1349 1150 1531 1206 αὐτόν.
1564 1153 1771 1226 Βουλὴν
1803 1154 1862 1209 δὲ
1892 1154 1958 1225 ἦν

372 1237 786 1295 συνεϐούλευσεν
811 1241 923 1303 τοῖς
938 1239 1237 1306 Ἰουδαίοις,
1255 1242 1431 1312 λέγων
1459 1253 1825 1317 καταφρονεῐν
1856 1253 1958 1325 μὲν

368 1330 595 1396 ἐκεῖνον,
632 1329 949 1385 πεποιθέναι
977 1331 1033 1384 δὲ
1061 1331 1159 1386 ἐπὶ
1190 1334 1281 1388 τὸν
1311 1336 1588 1409 Δεσπότην
1614 1355 1627 1369 ·
1647 1339 1808 1412 ὑμεῖς
1833 1343 1955 1414 μὲν,

2056 616 2442 674 instituebant.
2473 615 2646 672 Erant
2666 625 2847 674 autem
2881 633 2947 675 ex
2979 619 3228 690 partibus
3262 617 3517 675 Absalom
3549 617 3645 688 qui

2056 703 2327 761 adversus
2360 704 2513 760 illum
2551 704 2972 775 pratiabantur;
3005 706 3129 764 ideo
3154 707 3290 763 dicit
3320 726 3334 763 :
3370 705 3645 779 Usquequo

2054 794 2262 851 inimici
2289 795 2669 851 mltabunmr
2690 806 2878 851 contra
2908 813 2990 854 me
3010 798 3036 851 2’

2612 942 2942 1000 PSALIIUS
2969 943 3118 1001 Xlll.

2126 1054 2298 1115 Vna.
2334 1059 2390 1114 6.
2421 1088 2491 1101 --
2519 1056 2647 1115 Haec
2695 1057 2840 1115 dicit.
2876 1057 2947 1115 de
2972 1057 3208 1115 Ezechia
3230 1101 3246 1126 ,
3278 1062 3433 1130 inope
3478 1074 3646 1116 causa

2056 1163 2373 1220 paucorum.
2391 1149 2504 1206 sibi
2520 1150 2889 1207 subditorum.
2917 1147 3226 1206 Consilium
3249 1150 3396 1223 quod
3415 1150 3647 1207 dederat

2056 1242 2262 1302 Iudaeis
2303 1244 2496 1302 dicens
2532 1246 2689 1302 illum
2741 1243 3141 1317 (Senuacherib)
3183 1261 3475 1318 spernere,
3503 1244 3647 1314 seip-

2058 1352 2181 1394 sum
2211 1352 2344 1394 vero
2367 1340 2426 1394 in
2456 1336 2692 1394 Domino
2723 1336 3022 1394 conﬁdere.
3058 1335 3172 1394 Vos
3198 1344 3405 1401 autem,
3434 1335 3644 1406 inquit,

370 1425 554 1498 φησὶν,
583 1425 811 1496 ἐγελᾶτε
833 1425 934 1497 τὴν
967 1425 1164 1500 βουλὴν
1195 1428 1383 1499 αὐτοῦ,
1414 1433 1444 1487 δ
1476 1432 1535 1486 δὲ
1562 1433 1771 1508 Κύριος
1800 1435 1957 1503 ἐλπὶς

369 1517 531 1571 αὑτοῦ
562 1517 738 1573 ἔστιν.

2070 1525 2167 1575 est.

435 1631 681 1703 Στίχ.ζ¹.
717 1661 790 1675 -
827 1632 1050 1707 Ἐπειδὴ
1096 1636 1194 1691 καὶ
1227 1637 1328 1703 τὰς
1377 1639 1572 1706 θυσίας
1620 1641 1680 1695 ἐν
1712 1641 1793 1715 τῷ
1836 1644 1956 1715 δρει

2128 1629 2299 1689 Vens.
2329 1632 2384 1688 7.
2420 1662 2485 1674 -
2512 1631 2654 1689 Cum
2692 1633 2859 1689 etiam
2890 1631 3109 1691 hostias
3152 1633 3210 1688 in
3238 1640 3478 1688 montem
3513 1629 3647 1687 Sion

368 1722 505 1776 Σιὼν
523 1722 824 1794 ἀναφέρειν
846 1727 1312 1799 προστεταγμένοι
1342 1725 1504 1802 ἦσαν,
1527 1734 1625 1788 καὶ
1655 1734 1756 1799 τὰς
1786 1753 1957 1807 προσ-

2070 1722 2277 1783 lelerre
2330 1725 2721 1797 sacriﬁciaque
2769 1740 3102 1807 omnemque
3136 1725 3349 1781 cultum
3385 1724 3650 1794 perﬁcere

369 1814 540 1886 φορὰς
568 1815 683 1870 καί
703 1817 888 1870 πᾶσαν
918 1817 1100 1871 αὐτῶν
1126 1819 1226 1890 τὴν
1263 1821 1523 1894 λατρείαν
1539 1825 1660 1879 ἐκεῖ
1681 1827 1951 1883 ἐπιτελεῖν

2070 1828 2122 1870 ιι
2154 1813 2274 1885 lege
2301 1814 2592 1879 deberent,
2620 1814 2691 1871 de
2720 1816 3014 1886 praesentia
3040 1813 3137 1870 Dei
3167 1813 3259 1870 hic
3288 1814 3515 1870 sedente
3548 1828 3648 1885 po-

366 1899 506 1972 ἦσαν
556 1906 1068 1978 νενομοθετημένοι,
1125 1887 1272 1980 εἶχόν
1326 1887 1388 1975 τε
1410 1912 1567 1978 δόξαν
1598 1914 1674 1978 ὡς
1714 1909 1832 1970 ξκεῐ
1856 1919 1953 1972 καὶ

2070 1912 2235 1961 .erant
2251 1905 2417 1963 etiam
2439 1905 2667 1977 gloriari
2692 1923 2707 1960 :
2732 1912 3025 1976 propterea
3047 1903 3187 1961 dicit
3216 1922 3231 1959 :
3255 1903 3387 1971 Quis
3418 1903 3561 1989 dabit
3583 1919 3650 1959 ea:

367 1995 460 2051 τοῦ
485 1994 625 2051 Θεοῦ
672 1997 1039 2070 τυγχάνοντος
1060 2017 1076 2033 ο
1115 2000 1204 2055 διὰ
1232 2002 1390 2057 τοῦτό
1430 2021 1618 2076 φησιν,
1646 2006 1745 2074 Τις
1770 2007 1955 2063 δώσει

2070 1994 2187 2053 Sion
2223 1996 2462 2051 salutare
2491 1994 2707 2052 Israel?
2752 1995 2805 2050 id
2848 2001 2966 2062 est,
3006 1993 3147 2061 Quis
3182 2008 3252 2049 ex
3288 2001 3475 2067 monte
3514 1991 3649 2047 Sion

367 2088 438 2143 ἐκ
460 2088 619 2144 Σιὼν
650 2088 718 2144 τὸ
742 2091 1043 2160 σωτήριον
1072 2092 1182 2148 τοῦ
1222 2094 1497 2166 ’1σραήλ;
1528 2097 1829 2164 τουτέστιν,
1858 2100 1957 2165 Τίς

2070 2088 2328 2160 praebebit
2384 2088 2618 2145 salutem
2662 2086 3044 2158 auxiliumque
3086 2085 3287 2142 nobis?
3322 2094 3378 2140 ut
3403 2100 3471 2140 ex
3519 2084 3646 2139 reti-

369 2181 479 2235 ἀπὺ
506 2181 604 2236 τοῦ
652 2181 794 2236 Σιὼν
848 2184 1009 2255 ὅρους
1033 2185 1264 2257 παρέξει
1292 2186 1392 2261 τὴν
1425 2190 1706 2261 σωτηρίαν
1738 2192 1835 2245 καὶ
1859 2189 1958 2263 τὴν

2070 2179 2241 2238 tentia
2280 2179 2632 2251 respondeat,
2657 2178 2836 2243 Deus;
2872 2177 3033 2250 quasi
3072 2192 3141 2233 ex
3165 2177 3292 2248 jure
3333 2175 3647 2248 signiﬁcans

2060 1426 2297 1485 consilio
2331 1428 2454 1498 ejus
2485 1427 2724 1501 gaudete
2746 1444 2763 1496 ;
2785 1428 3047 1501 quoniam
3077 1426 3344 1486 Dominus
3372 1444 3500 1499 spes
3525 1426 3646 1499 ejus

373 2270 623 2342 βοήθειαν
650 2273 817 2342 ἡμῖνς
842 2271 911 2325 ἶν’
937 2272 1092 2346 εἴπῃ,
1108 2274 1166 2329 Ὀ
1200 2275 1356 2343 Θεὸς,
1388 2278 1530 2332 κατὰ
1552 2279 1956 2352 ἀποσιώπησιν,

368 2361 447 2428 ὡς
476 2364 907 2435 ὁμολογούμενον
938 2368 1187 2439 σημήνας
1222 2368 1283 2423 τὸ
1317 2370 1486 2441 μηδὲν
1513 2371 1699 2443 ἕτερον
1728 2364 1868 2427 εἶναι
1900 2374 1960 2427 ὲν

371 2453 452 2525 τῷ
476 2453 618 2508 Σιὼν
638 2453 729 2508 τδν
755 2456 945 2520 σώζειν
976 2457 1086 2512 ἀπὸ
1112 2458 1397 2527 κινδύνων,
1427 2461 1462 2533 ἢ
1500 2462 1634 2517 Θεὸν
1664 2462 1849 2535 μόνον.

920 2592 1242 2647 ,ΨΑΛΜΟΣ
1292 2593 1396 2651 ΙΕ’.

456 2700 606 2771 Στίχ.
639 2699 706 2756 α’.
737 2730 805 2743 -—
834 2703 1055 2776 Ὅμοιός
1087 2707 1165 2779 (1)
1200 2708 1318 2761 ἐστι
1360 2706 1437 2779 τῷ
1466 2708 1673 2782 ἑννάτῳ
1699 2709 1842 2767 κατὰ
1862 2711 1962 2785 τὴν

383 2790 657 2849 ὑπόθεσιν.
690 2793 978 2866 Κάνταῦθα
1026 2797 1135 2869 γὰρ
1190 2798 1502 2869 εὐχαριστεῖ
1538 2800 1680 2872 ὑπὲρ
1725 2802 1827 2873 τῆς
1852 2804 1962 2858 τῶν

381 2884 667 2955 περιοίκων
692 2885 1028 2958 ἀναιρέσεως
1067 2890 1491 2961 τιμωρηθέντων
1517 2891 1623 2945 ὑπὸ
1658 2891 1816 2958 Θεοῦ,
1850 2893 1878 2947 δ
1896 2894 1961 2967 δὴ

374 2976 466 3030 καὶ
486 2975 706 3045 γέγονεν
735 2978 824 3031 ἐπ’
848 2978 1036 3033 αὐτοῦ.
1073 2979 1310 3045 Πολλοὺς
1339 2981 1448 3053 γὰρ
1475 2981 1569 3035 καὶ
1599 2981 1800 3054 μικροῦ
1831 2986 1965 3041 πάν-

363 3082 466 3129 τας
494 3067 621 3131 τοὺς
664 3069 981 3139 περιοίκους
1009 3070 1394 3142 ἐτιμωρήσατο
1432 3071 1521 3126 διὰ
1574 3074 1674 3145 τῆς
1703 3072 1799 3129 τοῦ
1825 3073 1961 3129 Θεοῦ

367 3159 709 3229 συμμαχίας.
739 3160 995 3216 ’Δπαντα
1047 3162 1233 3233 μέντοι
1279 3163 1351 3218 τὰ
1399 3163 1495 3218 τοῦ
1536 3164 1758 3238 ψαλμοῦ
1792 3166 1870 3232 ὡς
1896 3168 1962 3222 ὲκ

689 3250 785 3306 τοῦ
830 3252 962 3307 λαοῦ
991 3226 1178 3325 φησιν.
1213 3254 1434 3327 Ἐπειδὴ
1461 3226 1571 3327 γὰρ
1604 3226 1864 3330 ἐκεῖνο[υῇ
1892 3253 1959 3329 ἦν
1987 3226 2030 3285 c

368 3341 558 3413 κέρδος
599 3342 639 3413 ἠ
681 3342 791 3397 τῶν
818 3344 1031 3417 δχθρῶν
1073 3346 1375 3417 ἀναίρεσις,
1419 3346 1665 3411 ἐκείνους
1715 3348 1960 3403 διδάσκει

367 3432 517 3498 ὅπως
562 3435 763 3500 αὐτοὺς
794 3438 1084 3508 προσήκει,
1117 3438 1212 3493 καὶ
1255 3439 1399 3493 τίσιν
1452 3437 1827 3510 κεχρημένους
1849 3442 1962 3503 τοῖς

371 3525 632 3596 ῥήμασιν,
661 3526 1007 3599 εὐχαριστεῖν
1022 3529 1101 3587 τῶ
1122 3529 1240 3603 Θεῷ
1265 3531 1405 3603 ὑπὲρ
1433 3532 1531 3603 τῆς
1551 3533 1666 3603 τῷν
1687 3531 1961 3603 πολεμίων

370 3616 734 3687 ἀναιρέσεως.

438 3708 591 3779 Στίχ.
624 3709 700 3775 ς’.
730 3740 805 3752 -
843 3711 1063 3783 Ἐπειδὴ
1111 3712 1187 3785 (2)
1222 3713 1475 3786 σχοινίοις
1520 3714 1608 3768 ἀεὶ
1643 3713 1959 3786 μετρεῖσθαι

370 3798 618 3870 πέφυκεν
651 3802 685 3873 ἡ
708 3801 802 3871 γῆ’
821 3801 1011 3874 ὥσπερ
1035 3802 1093 3857 δὲ
1121 3803 1350 3859 ἕκαστον
1380 3804 1532 3870 ἔθνος
1562 3804 1698 3859 ἰδίαν
1718 3799 1832 3875 εἶχε
1856 3805 1959 3877 γῆν

367 3891 435 3963 ἢν
460 3890 727 3965 κατῴκει,
749 3893 892 3949 οὕτω
906 3896 1003 3949 καὶ
1028 3894 1106 3967 τῷ
1120 3895 1234 3967 λαῷ
1250 3897 1358 3951 τῶν
1373 3896 1746 3970 Ἰσραηλιτῶν,
1766 3896 1958 3970 ὥσπερ

371 3980 511 4034 ίδίαν
567 3982 693 4037 τινὰ
745 3984 852 4055 γῆν
892 3987 1288 4059 ἀπεκλήρωσεν
1315 3990 1414 4059 τὴν
1447 3990 1547 4061 τῆς
1588 3990 1956 4060 ὲπαγγελίας’

366 4071 533 4126 τοῦτο
559 4072 810 4142 βούλεται
839 4076 1043 4146 λέγειν,
1082 4079 1165 4132 ὅτι
1189 4079 1402 4150 ’Ὠσπερ
1435 4081 1576 4135 κατὰ
1604 4080 1959 4154 διαμέτρησιν

368 4162 663 4236 ἐκληρώθη
722 4182 814 4237 μοι
838 4167 902 4221 τὸ
953 4168 1176 4237 ἄριστον
1229 4169 1400 4243 μέρος
1433 4172 1534 4242 τῆς
1568 4172 1674 4242 γῆς
1696 4190 1712 4204 ο
1737 4173 1799 4226 τὸ
1824 4174 1959 4244 γὰρ,

370 4256 665 4323 Ἔπεσεν,
696 4256 818 4311 ἀντὶ
842 4256 960 4323 τοῦ,
999 4258 1340 4331 Ἐκληρώθη,
1383 4259 1450 4314 ὲκ
1500 4262 1812 4334 μεταφορᾶς
1854 4259 1962 4317 τῶν

370 4344 614 4418 κλήρων,
638 4345 715 4411 ὥς
742 4349 839 4403 καὶ¹
863 4350 922 4402 ὲν
938 4351 1059 4414 ταῖς
1082 4348 1323 4422 Πράξεσί
1344 4367 1529 4423 φησιν
1555 4351 1666 4407 Καὶ
1687 4351 1911 4408 ἔπεσεν
1928 4355 1963 4407 ό

365 4437 601 4506 κλῆρος
626 4437 727 4493 ἐπὶ
757 4441 1049 4495 Ματθίαν.

2058 2271 2272 2328 nullum
2301 2271 2472 2328 alium
2510 2286 2634 2329 esse
2662 2271 2719 2328 in
2746 2271 2854 2327 hoc
2894 2276 3083 2328 monte
3114 2268 3183 2328 ad
3219 2269 3544 2328 salvandum
3577 2285 3645 2325 ex

2061 2364 2326 2437 periculis
2353 2363 2464 2422 nisi
2486 2363 2669 2422 solum
2696 2362 2894 2421 Deum.

2597 2590 2936 2649 PSALHUS
3000 2590 3119 2648 XV.

2140 2705 2301 2764 Vsus.
2332 2706 2385 2762 Ι.
2417 2734 2490 2748 --
2522 2701 2623 2759 Hic
2660 2704 2909 2776 psalmus
2931 2718 3078 2760 nono
3106 2703 3304 2760 similis
3330 2711 3440 2769 est,
3472 2717 3648 2774 quan-

2063 2808 2181 2856 tum
2206 2798 2273 2853 ad
2303 2803 2711 2868 argumentum.
2742 2792 2878 2849 Nam
2935 2796 3105 2851 etiam
3135 2794 3228 2851 bic
3265 2794 3476 2865 gratias
3509 2793 3645 2866 agit,

2063 2900 2288 2962 propter
2324 2887 2676 2946 eversionem
2729 2885 2973 2942 hostium
3020 2884 3405 2950 ﬁnitimorum,
3447 2899 3478 2939 a
3535 2882 3651 2940 Deo

2063 2983 2422 3054 punitorum;
2468 2978 2618 3052 quod
2678 2977 2846 3035 etiam
2898 2977 3006 3049 ipsi
3056 2976 3307 3049 contigit.
3369 2975 3648 3032 Plurimos

2061 3074 2236 3140 enim,
2280 3082 2338 3129 et
2367 3070 2484 3129 fere
2519 3085 2715 3129 omnes
2762 3069 2977 3127 vicinos
3008 3070 3159 3126 ultus
3197 3076 3303 3133 est,
3341 3069 3652 3140 opitulante

2064 3163 2196 3221 Deo.
2236 3163 2408 3220 Porro
2434 3163 2619 3219 omnia
2646 3176 2769 3234 quas
2802 3162 2859 3218 in
2890 3162 3102 3233 psalmo
3133 3162 3511 3227 continentur,
3541 3161 3649 3217 sub

2063 3254 2251 3327 populi
2313 3267 2550 3325 persona
2616 3244 2901 3324 loquitur.‘
2962 3250 3422 3322 Quandoquidem
3497 3249 3645 3305 enim

2061 3346 2402 3403 eversionem
2461 3344 2813 3400 inimicorum
2877 3342 2984 3401 sibi
3049 3343 3206 3399 lucro
3271 3340 3647 3411 apponebant,

2014 3500 2019 3513 ι
2062 3438 2221 3495 docet
2248 3451 2345 3493 eos
2376 3435 2651 3508 quomodo
2701 3435 2852 3505 ipsos
2881 3432 3110 3498 deceat,
3143 3441 3197 3488 et
3226 3433 3428 3502 quibus
3465 3432 3647 3489 verbis

2061 3526 2131 3582 ob
2157 3525 2399 3582 hostium
2431 3524 2776 3582 eversionem
2813 3522 2923 3579 Deo
2950 3521 3159 3594 gratias
3190 3536 3373 3592 agere.

2132 3704 2301 3761 Vens.
2334 3704 2389 3760 6.
2415 3734 2486 3746 —
2515 3703 2654 3759 Cum
2689 3700 2913 3760 funibus
2947 3716 3168 3775 semper
3219 3709 3424 3758 terram
3461 3703 3646 3758 metiri

2062 3796 2296 3863 soleant,
2329 3796 2792 3867 quemadmodum
2832 3809 3179 3865 unaquaeque
3230 3808 3365 3865 gens
3406 3792 3645 3849 habebat

2062 3901 2229 3959 quam
2270 3895 2470 3943 terram
2502 3886 2811 3953 habitabat,
2849 3886 2923 3941 ita
2964 3900 3188 3958 quoque
3246 3885 3353 3941 hoc
3387 3885 3504 3939 vult
3548 3899 3645 3954 po-

2064 3981 2195 4054 pulo
2256 3978 2567 4037 lsraelitico
2598 3978 2817 4036 dicere:
2855 3976 3326 4049 quemadmodum
3362 3976 3643 4047 propriam

2062 4073 2360 4146 quamdam
2389 4079 2595 4130 terram
2633 4088 2700 4130 ex
2743 4071 3113 4143 promissione
3145 4070 3482 4134 obtinuerat,
3514 4069 3645 4123 mihi

2065 4169 2215 4224 sicut
2235 4181 2305 4222 ex
2323 4180 2586 4222 mensura
2609 4165 2820 4235 optima
2850 4178 2983 4234 pars
3009 4169 3174 4219 terra:
3200 4162 3410 4218 cecidit.
3441 4161 3645 4218 Cecidit

2060 4259 2295 4330 ponitur
2327 4272 2431 4329 pro
2463 4257 2685 4312 sortitus
2717 4270 2966 4320 sumre:
3015 4255 3338 4326 metaphora
3385 4255 3639 4317 sortium,

2062 4347 2529 4420 quemadmodum
2581 4348 2748 4404 etiam
2777 4347 2834 4401 in
2869 4347 3099 4404 Actibus
3126 4347 3331 4404 dicitur
3356 4366 3370 4402 :
3400 4347 3467 4402 Et
3502 4347 3640 4403 reci-

2064 4441 2144 4497 dit
2170 4458 2287 4497 sors
2308 4455 2467 4510 super
2489 4439 2797 4496 Matthiam.
2832 4438 2973 4510 (Act.
3003 4455 3042 4506 ι,
3067 4440 3185 4508 26.)

434 4550 978 4622 Στίχ.ζ¹.-Οὐκοῦν
1001 4553 1382 4626 εὐχαριστήσω
1406 4572 1488 4610 σοι
1511 4555 1653 4627 ὑπὲρ
1677 4557 1952 4624 ἁπάντων,

2138 4555 2309 4612 νειιε.
2337 4556 2394 4611 7.
2422 4584 2494 4598 —
2519 4554 2648 4611 ldeo
2685 4553 2893 4626 gratias
2932 4568 3035 4624 ago
3061 4552 3156 4609 tibi
3185 4559 3410 4625 propter
3434 4551 3637 4613 omnia,

360 4644 449 4696 ὅτι
478 4644 542 4697 οὐ
572 4644 736 4715 μόνον
768 4645 875 4715 γῆν
913 4662 1004 4716 μοι
1036 4646 1275 4709 δέδωκας
1307 4646 1586 4717 ἐξαίρετον
1624 4650 1705 4712 είς
1734 4648 1951 4719 κτῆσιν,

359 4732 481 4785 ἀλλ’
511 4733 595 4785 ὅτι
622 4733 717 4786 καὶ
736 4733 955 4787 σύνεσιν
1008 4734 1282 4805 παρέσχες
1312 4734 1405 4787 καὶ
1438 4735 1632 4804 σοφίαν
1664 4735 1760 4790 τοῦ
1784 4739 1958 4809 πράτ-

274 4896 275 4899 η
359 4841 478 4879 τειν
503 4824 542 4879 ἃ
560 4825 628 4896 δὴ
662 4823 1108 4898 [ὲ]νομοθετήσας
1133 4827 1262 4899 περὶ
1281 4828 1381 4898 τὴν
1403 4827 1514 4883 τῶν
1548 4829 1834 4900 πρακτέων
1864 4828 1960 4899 καὶ

362 4916 478 4970 τῶν
515 4916 594 4988 μὴ
618 4916 902 4973 τοιούτων.
1264 4952 1271 4957 -

435 5113 590 5184 Στίχ.
624 5120 697 5186 η’.
715 5144 785 5156 —-
809 5113 910 5168 Διὰ
931 5114 1090 5170 τοῦτο
1134 5118 1323 5185 ποῖον;
1359 5120 1576 5192 Ἐπειδὴ
1597 5122 1963 5190 Προωρὼμην

363 5205 594 5274 Κύριον
613 5203 877 5260 ἐνώπιόν
907 5224 1029 5276 μου
1071 5204 1422 5276 διαπαντὸς,
1454 5211 1550 5265 καὶ
1580 5213 1681 5267 οὐκ
1713 5213 1963 5281 ἀπεσφά-

360 5294 488 5365 λην,
521 5296 713 5367 φησὶν,
739 5296 850 5351 τῶν
899 5297 1136 5353 ἐλπίδων
1156 5316 1171 5332 ·
1204 5301 1319 5355 ἀλλ’
1356 5303 1543 5374 ἐπειδὴ
1566 5304 1657 5357 ἀεὶ
1682 5303 1782 5375 τὴν
1812 5305 1965 5377 παρὰ

363 5384 464 5440 τοῦ
493 5386 912 5460 προσεδεχόμην
948 5388 1224 5461 βοήθειαν,
1259 5391 1447 5463 ἔτυχον
1484 5387 1560 5447 ὧν
1598 5394 1843 5466 ἐξῄτουν,
1868 5395 1964 5450 καὶ

361 5476 427 5529 ἑν
457 5477 777 5552 εὐφροσύνῃ
804 5480 1079 5552 κατέστην
1099 5482 1267 5555 πολλῇ
1285 5523 1301 5539 .

440 5591 593 5662 Στίχ.
616 5597 667 5645 t'.
690 5623 761 5632 —
787 5593 1085 5648 Κάνταῦθα
1111 5595 1275 5650 πάλιν
1300 5596 1410 5650 ἀπὸ
1429 5596 1529 5669 τῆς
1554 5596 1734 5668 ψυχῆς
1760 5597 1822 5651 τὸ
1840 5598 1960 5651 ὅλον

364 5682 545 5736 καλεῖ·
591 5684 912 5740 ’Δπολαύσω
940 5686 997 5740 δὲ
1028 5687 1251 5752 τούτων,
1277 5689 1462 5762 φησιν,
1493 5689 1678 5760 ἐπειδή
1710 5707 1777 5759 με
1800 5690 1962 5752 αὐτὸς

457 5861 535 5931 (l)
565 5860 772 5918 lterum
796 5877 863 5918 cx
898 5862 1182 5921 Cordcrio.

2059 4663 2128 4706 eo
2162 4649 2311 4720 quod
2342 4663 2452 4703 non
2489 4647 2670 4704 solum
2704 4646 2842 4701 mibi
2876 4656 3082 4704 terram
3117 4645 3394 4716 egregiam
3436 4643 3639 4700 dedisti

2060 4742 2119 4798 in
2152 4740 2587 4811 possessionem,
2624 4737 2722 4796 sed
2758 4738 2924 4794 etiam
2967 4739 3114 4810 quod
3164 4736 3512 4807 prudentiam
3549 4750 3640 4790 sa-

2059 4833 2433 4906 pientiamque
2463 4830 2793 4889 concessisti
2839 4830 2910 4886 ad
2967 4829 3224 4886 facienda
3271 4843 3403 4899 qua:
3437 4842 3640 4897 praece-

2063 4925 2197 4996 pisti
2224 4924 2292 4980 de
2320 4924 2429 4991 his,
2463 4923 2698 4992 scilicet,
2735 4938 2858 4995 quas
2909 4920 3123 4995 agenda
3154 4926 3285 4976 sunt
3336 4932 3401 4975 ac
3430 4917 3498 4973 de
3554 4917 3641 4985 his

2065 5031 2190 5088 qua:
2217 5031 2331 5071 non
2360 5015 2591 5087 agenda.

2138 5123 2303 5180 Vens.
2334 5123 2484 5181 8.—
2509 5122 2744 5194 Propter
2794 5123 2900 5179 hoc
2949 5123 3230 5193 quodnam
3284 5118 3641 5193 (oﬂ'eram)?

2065 5214 2202 5270 Cum
2238 5214 2565 5284 providerem
2582 5215 2871 5269 Dominum
2896 5215 2951 5269 in
2976 5223 3253 5283 conspectu
3280 5229 3394 5267 meo
3415 5226 3637 5280 sentper,

2063 5323 2190 5371 nec,
2223 5306 2425 5377 inquit,
2452 5320 2483 5360 a
2513 5321 2610 5376 spe
2639 5305 2972 5374 frustrarer;
3002 5304 3097 5362 sed
3133 5319 3257 5361 cum
3293 5320 3557 5376 scmpcra
3582 5313 3639 5359 te

2074 5397 2411 5467 adiutorium
2463 5396 2795 5466 acciperem,
2836 5410 2960 5466 quae
2993 5394 3338 5465 postulabam
3368 5395 3501 5449 mihi
3540 5395 3640 5450 ob-

2068 5496 2354 5552 venerunt,
2388 5494 2552 5559 atque
2578 5487 2635 5542 in
2672 5502 2868 5558 magna
2896 5486 3085 5542 laetitia
3118 5487 3454 5543 constitutus
3488 5470 3633 5541 sum.

2139 5598 2304 5655 νεεδ.
2337 5600 2425 5653 10.
2459 5598 2627 5655 —Ibi
2658 5600 2894 5654 animam
2944 5614 3161 5655 omnem
3210 5614 3498 5670 personam
3535 5614 3636 5652 νο·
3692 5591 3700 5600 ’

2069 5698 2175 5744 cat.
2210 5690 2307 5744 llis
2349 5692 2606 5747 omnibus
2660 5691 2833 5761 fruar,
2891 5693 3089 5766 inquit,
3131 5707 3258 5748 cum
3317 5688 3637 5748 custodiens

2151 5866 2226 5938 (’2)
2271 5868 2373 5924 Mai
2406 5869 2538 5926 ibid.
2567 5887 2620 5942 p.
2645 5871 2769 5928 393.
