3974 6146
389 326 498 386 659

1558 338 1908 399 ΤΗΕοΒοΠέ
1940 340 2427 402 MOPSUESTENI

3539 345 3642 406 660

389 457 477 496 me
514 441 570 496 in
602 444 864 513 periculis
923 446 1105 516 perire
1155 463 1267 503 non
1323 452 1500 520 sinas,
1565 470 1668 510 nec
1722 473 1809 512 me
1857 458 1963 524 illis

2085 458 2356 528 ρυλάττων
2375 459 2474 513 οὐκ
2519 460 2613 529 ἐᾷς
2668 459 3023 514 ἐναπολέσθαι
3050 461 3160 524 τοῖς
3199 457 3488 521 κινδύνοις,
3522 456 3642 511 οὐδὲ

388 535 858 606 corrumpendum
903 537 1128 608 trades;
1191 551 1561 615 sanctumque
1607 562 1814 604 vocans
1864 565 1962 619 po-

389 631 576 698 pulum
605 631 1008 700 (lsraeliticum
1030 632 1050 704 )
1073 632 1142 690 ad
1176 633 1602 694 discernendum
1633 639 1704 694 ab
1733 641 1859 696 aliis
1892 642 1962 696 ob

355 736 362 740 ·
394 720 489 776 Dei
529 725 922 794 cognitionem.

459 878 626 936 Vens.
661 881 749 936 ll.
781 912 853 923 —
874 881 960 938 Ea:
989 883 1134 939 vultu
1166 893 1279 949 tuo,
1311 887 1363 942 id
1386 897 1490 952 est,
1540 888 1616 943 Ex
1655 896 1747 943 tua
1781 891 1962 944 mani-

391 971 684 1027 festatione
732 980 900 1044 atque
945 973 1221 1046 adiutorio
1284 975 1586 1046 adimpleor
1638 977 1849 1034 laetitia.
1889 1009 1963 1020 -

387 1063 955 1122 Animadvertendum
1000 1075 1086 1124 est
1137 1078 1316 1124 autem
1379 1085 1598 1140 quoque
1653 1070 1741 1128 his
1780 1073 1962 1129 verbis

391 1155 515 1210 linis
544 1156 743 1226 psalmi
784 1157 1004 1214 beatum
1035 1161 1345 1231 apostolum
1375 1159 1598 1218 Petrum
1635 1162 1691 1218 in
1732 1164 1962 1221 Actibus

389 1244 618 1317 (11,25)
651 1254 710 1301 ut
748 1245 818 1304 de
847 1248 1075 1305 Domino
1119 1249 1285 1306 dictis
1333 1267 1494 1308 usum
1549 1252 1743 1312 fuisse.
1791 1253 1963 1312 Porro

391 1339 673 1393 sciendum
696 1345 783 1395 est
809 1340 1002 1398 eodem
1032 1358 1202 1399 sensu
1233 1343 1349 1400 haec
1383 1343 1548 1400 verba
1582 1355 1713 1401 tunc
1742 1362 1773 1402 a
1802 1347 1964 1404 beato

391 1429 554 1485 Petro
585 1430 830 1487 adhibita
859 1433 1053 1500 fuisse,
1084 1450 1211 1490 cum
1246 1443 1378 1491 tunc
1420 1437 1490 1492 ad
1522 1439 1963 1498 convincendum

389 1523 608 1579 dixerit.
647 1522 878 1594 Proprie
917 1537 1124 1594 autem,
1183 1535 1239 1583 ct
1281 1529 1440 1599 juxta
1491 1547 1685 1587 verum
1740 1534 1964 1590 sensum

388 1615 706 1680 verborum,
725 1615 853 1672 dico
878 1606 1136 1674 eventum
1160 1617 1364 1677 habere
1393 1621 1447 1677 in
1479 1622 1733 1690 Domino,
1758 1625 1826 1682 de
1855 1643 1965 1699 quo

389 1722 611 1779 quoque
661 1709 718 1764 in
768 1709 1144 1766 testimonium
1197 1726 1334 1770 usus
1386 1721 1514 1782 est,
1561 1719 1722 1786 quasi
1778 1735 1962 1775 rerum

389 1806 585 1856 eventu
613 1798 682 1856 de
711 1799 806 1856 illo
823 1801 1526 1861 evidentiustestimonium
1562 1808 1836 1878 praebente
1859 1812 1959 1869 (ll.

914 2136 1242 2196 PSALMUS
1261 2164 1263 2166 ·
1281 2139 1418 2196 XVI.

461 2267 628 2324 Vens.
657 2268 708 2325 6.
740 2300 810 2310 ——
832 2263 1056 2327 Mutatio
1088 2273 1352 2344 temporis
1389 2273 1533 2330 facta
1562 2284 1668 2340 est,
1701 2277 1825 2331 loco
1851 2275 1964 2330 Ex-

393 2357 491 2410 tuli
530 2355 792 2426 quoniam
822 2358 1050 2414 exaudis
1078 2375 1189 2429 me,
1218 2363 1478 2431 quoniam
1509 2365 1786 2420 exaudisti
1815 2381 1925 2422 me.

465 2579 632 2637 Vens.
669 2581 724 2638 8.
755 2612 826 2622 —
857 2582 914 2637 lil
943 2591 1028 2638 est
1073 2584 1459 2640 resistentibus
1507 2586 1785 2655 adjutorio
1829 2596 1962 2654 tuo;

389 2687 513 2726 cum
549 2672 695 2726 enim
734 2670 970 2740 dixerit,
1011 2671 1119 2741 Qui
1139 2674 1316 2728 salvos
1346 2674 1481 2742 facis
1515 2684 1784 2744 sperantes
1813 2675 1869 2729 in
1916 2686 1966 2731 te

390 2765 480 2832 (ν.
503 2764 536 2817 7
562 2764 622 2835 );
657 2766 1010 2836 sperantibus
1060 2775 1242 2822 autem
1279 2767 1337 2821 in
1368 2781 1435 2822 eo
1482 2768 1760 2823 succurrit
1801 2779 1965 2839 atque

392 2853 720 2923 auxiliatur,
782 2856 1104 2914 resistentes
1156 2873 1285 2913 vero
1349 2858 1703 2928 sperantibus
1759 2860 1966 2916 auxilio

393 2961 496 3001 suo
521 2947 697 3004 bonos
723 2949 880 3004 dixit.

465 3035 728 3093 Dominus
785 3046 1070 3109 susceptor
1087 3069 1120 3104 ,-
1151 3040 1406 3110 quoniam
1461 3041 1684 3112 adjuvat
1719 3058 1826 3107 me,
1864 3057 1965 3098 nec

393 3129 524 3182 sinit
570 3144 657 3184 me
689 3131 946 3199 perverti.
981 3130 1118 3187 Illud
1149 3132 1295 3188 enim
1329 3151 1344 3188 :
1378 3133 1423 3185 Α
1449 3134 1654 3188 dextris
1691 3145 1769 3190 est
1814 3135 1966 3201 mihi,

392 3237 456 3275 ne
493 3235 837 3286 commoveor,
871 3221 1014 3277 idem
1060 3230 1144 3278 est
1186 3230 1370 3293 atque,
1402 3225 1696 3281 auxiliatur
1733 3228 1900 3295 mihi;
1937 3245 1967 3283 a

393 3312 586 3367 dextra
630 3313 840 3370 scilicet
875 3322 930 3370 et
959 3315 1158 3387 potiori
1195 3323 1352 3387 parte
1386 3318 1649 3373 auxilium
1682 3334 1906 3376 vocans.

464 3445 633 3504 Vens.
668 3447 755 3502 ‘lO.
783 3477 855 3488 —
888 3447 1000 3516 Sic,
1034 3449 1236 3522 inquit,
1267 3451 1487 3508 delicati
1523 3463 1673 3520 sunt,
1703 3454 1777 3508 ita
1810 3463 1871 3508 ut
1903 3470 1972 3510 ne

394 3541 561 3597 ullius
603 3543 828 3597 turbent
881 3544 1165 3600 mollitiem
1199 3556 1418 3612 cavent,
1455 3548 1778 3603 conclusum
1824 3548 1968 3603 enim

395 3635 541 3688 hunc
574 3633 792 3704 adipem
835 3635 892 3690 in
940 3651 1141 3707 magna
1181 3639 1486 3694 securitate
1533 3641 1967 3697 constituerunt.

397 3724 540 3780 Dicit
568 3725 937 3781 conciuserunt
968 3743 1068 3798 pro
1087 3730 1494 3798 prosperitatem
1516 3747 1668 3784 suam
1692 3731 1748 3786 in
1776 3749 1971 3803 magna

395 3818 681 3873 securitate
711 3816 923 3886 habent,
959 3819 1035 3873 ita
1075 3827 1134 3873 ut
1170 3821 1357 3877 nullus
1408 3837 1575 3878 casus
1609 3823 1720 3878 illis
1769 3825 1972 3879 timen-

397 3910 499 3964 dus
531 3909 628 3974 sit,
658 3925 726 3965 ne
750 3909 966 3966 dicatur
996 3910 1121 3966 vitae
1153 3909 1464 3970 felicitatem
1497 3912 1834 3983 perdidisse.

469 4132 635 4189 Vens.
666 4134 954 4188 ll.--Ad
1002 4134 1107 4189 hoc
1151 4104 1484 4204 respiciunt,
1527 4145 1700 4204 atque
1744 4133 1814 4187 ad
1871 4131 1976 4187 hoc

403 4225 538 4278 totis
570 4223 782 4279 viribus
818 4226 1074 4290 tendunt,
1101 4235 1164 4281 ut
1189 4240 1278 4282 me
1318 4243 1386 4282 ex
1425 4234 1578 4282 terra
1604 4224 1968 4290 haereditatis,

407 4312 464 4369 id
488 4321 598 4380 est,
630 4330 697 4369 ex
725 4323 874 4370 terra
907 4316 1294 4385 promissionis
1317 4317 1611 4389 depellant.

2069 546 2411 618 παραδώσεις
2452 567 2522 620 με
2560 549 2920 623 διαφθαρῆναι
2975 549 3066 603 ὑπ’
3099 546 3298 604 αὐτ-ὤν’
3338 547 3484 603 ὅσιον
3517 547 3642 599 κάν-

2066 625 2242 692 ταῦθα
2267 639 2358 692 τὸν
2389 639 2516 694 λαὸν
2555 639 2758 707 καλῶν,
2784 639 2924 711 πρὸς
2953 637 3360 709 ἀντιδιαστολὴν
3393 636 3642 702 ἐκείνων,

2067 731 2143 792 ὡς
2165 730 2358 802 ἔχοντα
2385 731 2478 785 τοῦ
2508 725 2644 786 Θεοῦ
2677 731 2776 802 τὴν
2803 730 3027 802 γνῶσιν.

2137 879 2286 951 Στίχ.
2313 887 2399 936 ια’,
2433 911 2502 922 -
2528 881 2671 935 Ἀντί¹
2711 880 2948 946 τοῦ,Ἐκ
2981 880 3306 949 προσώπου
3336 896 3474 944 σου,
3499 896 3643 934 τουτ-

2069 969 2316 1033 έστι,Ἐκ
2344 972 2445 1041 τῆς
2477 971 2796 1042 ἐπιφανείας
2839 988 2932 1024 σου
2965 969 3059 1024 καί⁵
3087 970 3186 1042 τῆς
3214 971 3364 1041 παρά
3391 970 3486 1023 σοῦ
3521 970 3647 1041 βοη..

2067 1061 2220 1128 θείας
2267 1061 2587 1134 πληροῦμαι
2631 1061 2988 1134 εὐφροσύνης.
3023 1061 3543 1133 -Ἐπισημαντέον
3592 1062 3646 1114 δὲ

2071 1153 2348 1209 κάνταῦθα
2379 1157 2462 1210 ὃτι
2492 1158 2608 1219 τοῖς
2655 1154 2989 1218 τελευταίοις
3019 1153 3114 1207 τοῦ
3147 1154 3363 1224 ψαλμοῦ
3401 1155 3430 1207 ὁ
3467 1154 3649 1225 μακά·

2074 1265 2186 1318 ριος
2213 1247 2509 1312 ἀπόστολος
2535 1247 2742 1318 Πέτρος
2773 1248 2832 1301 ἐν
2864 1248 2985 1310 ταῖς
3022 1245 3260 1317 Πράξεσι
3293 1245 3370 1308 ὡς
3396 1246 3525 1315 περὶ
3552 1245 3646 1298 τοῦ

2067 1318 2276 1410 Κυρίου
2318 1339 2629 1411 εἰρημένοις
2678 1336 3182 1409 ἐχρήσατο.’ῐστέον
3210 1336 3390 1390 τοίνυν
3416 1337 3496 1390 ὅτι
3523 1337 3658 1389 κάν-

2078 1433 2252 1487 ταῦθα
2270 1433 2412 1486 κατά
2428 1433 2527 1501 τὴν
2538 1432 2706 1502 αὐτὴν
2733 1431 2942 1485 ἔννοιαν
2954 1429 3038 1495 ἐξε
3047 1430 3268 1502 ίληπται
3290 1428 3366 1500 τῷ
3399 1428 3650 1500 μακαρίῳ

2083 1524 2408 1594 Ἀποστόλῳ·
2440 1523 2628 1595 ἐπειδὴ
2677 1522 2912 1577 ἐνταῦθα
2964 1522 3061 1593 μὲν
3107 1519 3652 1591 προτρεπτικώτερον

2069 1612 2316 1686 εἴρηται’
2350 1612 2556 1683 κυρίως
2575 1612 2632 1666 δέ
2663 1612 2758 1666 καὶ
2787 1610 2930 1666 κατά
2957 1611 3054 1682 τὴν
3083 1610 3258 1682 ἀληθῆ
3292 1611 3524 1672 ἔννοιαν,
3556 1609 3656 1679 τὴν

2073 1707 2210 1779 πρὸς
2226 1705 2296 1760 τά
2317 1707 2454 1778 ρητά
2475 1707 2643 1774 λέγω,
2672 1706 2772 1777 τὴν
2795 1705 3020 1760 ἔκϐασιν
3042 1704 3155 1775 ἔχει
3181 1705 3274 1757 ἐπὶ
3298 1702 3394 1757 τοῦ
3423 1701 3654 1773 Κυρίου,

2072 1799 2158 1867 ἐφ’
2185 1792 2246 1852 οῦ
2271 1799 2367 1851 καὶ
2396 1800 2464 1868 τῇ
2492 1798 2766 1870 μαρτυρίᾳ
2792 1797 3090 1868 ἐχρήσατο·
3121 1795 3197 1859 ὡς
3233 1796 3335 1865 τῆς
3363 1794 3472 1848 τῶν
3518 1811 3657 1865 πρα-

2065 1889 2291 1960 γμάτων
2317 1887 2593 1954 ἐκϐάσεως
2632 1889 2718 1942 ἐπ’
2743 1888 2907 1942 αὐτοῦ
2940 1887 3279 1962 κυριωτέραν
3306 1887 3406 1959 τὴν
3443 1903 3658 1958 μαρτυ-

2068 1980 2190 2052 ρίαν
2216 1979 2638 2052 ἀποφαινούσης.

2637 2101 2928 2192 «ΡΑΛΜοΣ
2961 2139 3084 2206 ις’.

2136 2274 2284 2345 Στίχ.
2325 2279 2399 2338 ς’.
2420 2303 2492 2316 --
2519 2272 2814 2344 Ἑναλλαγὴ
2838 2273 3031 2345 χρόνου
3057 2271 3366 2344 γεγένηται,
3395 2272 3517 2326 ἀντὶ
3539 2271 3658 2337 τοῦ,

2067 2357 2256 2433 ⁷Αρον·
2309 2363 2403 2417 τοῦ
2450 2363 2571 2417 Ὅτι
2620 2362 2908 2428 ἐπακούεις
2957 2381 3082 2435 μοι,
3125 2361 3256 2479 ἱοτι
3305 2360 3660 2429 ἐπήκουσά(-

2063 2472 2202 2525 μου.

2139 2591 2287 2660 Στίχ.
2315 2597 2386 2660 η’.
2417 2620 2489 2632 -
2511 2590 2819 2654 Τουτέστιν,
2838 2589 3308 2656 Ἀνθεστηκότων
3337 2588 3405 2658 τῇ
3437 2585 3660 2656 βοηθείᾳ

2071 2701 2164 2737 σου
2186 2699 2201 2713 ο
2236 2683 2423 2753 ἐπειδὴ
2455 2682 2566 2752 γὰρ
2597 2679 2774 2746 εἶπεν,
2799 2683 2862 2734 '0
2899 2679 3100 2742 σώζων
3129 2678 3270 2746 τοὺς
3308 2678 3662 2742 ἐλπίζοντας

2071 2771 2175 2826 ἐπὶ
2205 2773 2308 2828 σοι
2330 2788 2345 2802 ο
2373 2774 2486 2835 τοῖς
2513 2771 2572 2825 δέ
2614 2770 2924 2834 ἐλπίζουσιν
2960 2772 3047 2822 ἐπ’
3074 2767 3224 2838 αὐτῷ
3245 2768 3410 2831 αὐτὸς
3443 2765 3662 2837 ἐπαμύ-

2073 2880 2156 2918 νει
2211 2864 2307 2918 καὶ
2365 2862 2579 2933 βοηθεί⁶
2634 2863 2758 2926 τοὺς
2787 2860 3186 2930 ἀνθεστηκότας
3211 2860 3323 2921 τοῖς
3349 2857 3662 2921 ἐλπίζουσιν

2072 2954 2160 3008 ἐπ’
2187 2955 2350 3008 αὐτὸν
2377 2956 2442 3024 τῇ
2474 2953 2640 3006 αὑτοῦ
2673 2952 2894 3023 βοηθείᾳ
2917 2951 3114 3013 καλοὺς
3143 2948 3363 3019 ἔφησεν.

2140 3045 2345 3115 Κύριος
2371 3044 2448 3114 (2)
2473 3047 2502 3098 ὁ
2522 3028 2968 3115 προσδεχόμενος,
3003 3042 3085 3094 ᾶτι
3112 3039 3310 3110 βοηθεῖ,
3344 3039 3437 3090 καὶ
3460 3034 3563 3088 οὐκ
3590 3035 3660 3105 ἐᾷ.

2071 3136 2499 3208 περιτραπῆναι.
2535 3135 2608 3188 Τὸ
2635 3133 2744 3205 γὰρ
2766 3175 2780 3199 ,
2817 3135 2910 3186 Ἐκ
2949 3131 3164 3196 δεξιῶν
3183 3130 3302 3199 μού
3329 3128 3528 3192 ἐστιν,
3556 3127 3664 3179 ἵνα

2065 3226 2152 3297 μὴ
2183 3226 2481 3290 σαλευθῶ,
2516 3226 2646 3311 ἀντὶς
2662 3225 2777 3289 τοῦ,
2809 3224 3003 3294 Βοηθεῖ
3035 3240 3161 3293 μοι,
3189 3221 3298 3276 ἀπὸ
3335 3219 3431 3274 τοῦ
3484 3216 3662 3283 δεξιοῦ

2070 3321 2166 3375 καὶ
2196 3318 2292 3372 τοῦ
2337 3319 2646 3390 κρείττονος
2693 3317 2792 3388 τὴν
2843 3315 3095 3386 βοήθειαν
3139 3313 3396 3376 καλέσας.

2141 3451 2290 3523 Στίχ.
2323 3457 2447 3506 ι⁹.-
2469 3450 2545 3522 (5)
2585 3449 2760 3514 Οῦτω,
2784 3449 2948 3520 φησὶν
2967 3490 2982 3514 ,
3016 3447 3154 3501 εἰσὶν
3189 3445 3464 3508 εύπαθεῖς,
3485 3443 3560 3507 ὡς
3587 3443 3663 3515 μὴ

2071 3541 2312 3595 διαδῦναι
2329 3541 2506 3594 αὐτῶν
2525 3541 2615 3594 τὸν
2625 3537 2895 3610 λιπασμύν
2915 3555 2928 3568 ο
2949 3536 3137 3607 ἐπειδὴ
3150 3535 3330 3606 γὰρτὸ
3347 3532 3666 3602 συγκεκλει-

2076 3633 2268 3701 σμένον
2303 3633 2362 3685 ἐν
2388 3630 2658 3700 ἀσφαλείᾳ
2686 3628 2911 3702 πλείστῃ
2941 3627 3297 3695 καθέστηκεν,
3325 3623 3485 3677 τοῦτο
3515 3623 3665 3692 λέγει

2074 3724 2154 3785 τὸ,
2191 3721 2629 3786 Συνέκλεισαν,
2661 3720 2782 3772 ἀντὶ
2803 3718 2921 3781 τοῦ,
2950 3717 3061 3789 Τὴν
3088 3716 3340 3786 εὐθηνίαν
3386 3714 3566 3769 αὐτῶν
3606 3715 3664 3766 ἐν

2075 3814 2303 3886 πλείστῃ
2331 3811 2542 3883 ἔχουσιν
2571 3809 2856 3882 ἀσφαλείᾳ,
2883 3809 2958 3873 ὼς
2988 3808 3122 3879 μηδέ
3145 3807 3449 3878 προσδοκᾷν
3482 3805 3662 3859 αὐτῶν

2073 3905 2372 3966 διαπεσεῖν,
2403 3903 2473 3956 ἶν’
2501 3901 2630 3974 εἴπῃ
2673 3903 2753 3955 ὅτι
2798 3903 2898 3956 ούκ
2947 3898 3220 3956 ἀπέϐαλον
3255 3896 3348 3951 τοῦ
3397 3896 3517 3969 βίου
3561 3897 3662 3969 τὴν

2075 3995 2399 4067 εὐπραγίαν.

2148 4126 2300 4198 Στίχ.
2329 4133 2418 4181 ια’.
2441 4156 2512 4168 -—-
2535 4127 2678 4197 Πρὸς
2703 4125 2860 4180 τοῦτο
2885 4127 3181 4199 ἀφορῶσιν,
3212 4128 3306 4181 καὶ
3344 4127 3484 4198 πρὸς
3504 4124 3664 4182 τοῦτο

2077 4219 2258 4290 έχουσι
2286 4220 2466 4273 πᾶσαν
2492 4218 2591 4290 τὴν
2627 4221 2884 4291 σπουδὴν,
2917 4219 3059 4272 ὥστε
3091 4221 3194 4291 ἐμὲ
3225 4220 3326 4290 τῆς
3369 4221 3476 4290 γῆς
3503 4219 3663 4273 ἐκϐα-

2078 4311 2190 4364 λεῖν
2231 4311 2330 4381 τῆς
2372 4309 2760 4382 κληρονομίας,
2793 4310 3074 4364 τουτέστιν
3102 4311 3200 4381 τῆς
3227 4314 3332 4381 γῆς
3359 4311 3460 4381 τῆς
3494 4313 3663 4379 ἐπαγ-

2082 4403 2288 4472 γελίας.

466 4537 636 4610 -(4)
693 4535 796 4605 Qui
839 4541 1152 4609 quondam,
1195 4541 1400 4619 inquit},
1463 4559 1550 4598 me
1611 4544 1963 4613 bcatumprae-

2143 4570 2212 4580 —
2252 4535 2316 4592 Οί
2388 4540 2560 4604 ποτὲ,
2621 4540 2794 4609 φησὶ,
2865 4537 3292 4609 μακαρίζοντες,
3347 4537 3445 4590 νῦν
3495 4553 3659 4591 κατα·

398 4626 690 4688 dicabant,
774 4642 919 4683 nunc
981 4638 1386 4699 persequuntur
1459 4640 1515 4686 et
1582 4633 1970 4698 circumdant,

397 4723 512 4770 ute
551 4716 732 4772 medio
764 4717 976 4770 tollant.
1013 4717 1106 4773 Sic
1153 4720 1298 4773 enim
1338 4728 1393 4774 et
1441 4719 1808 4790 Symmachus
1871 4725 1969 4790 ait,

399 4805 622 4860 Beatum
657 4824 736 4861 me
767 4809 1115 4873 pradicant“
1136 4847 1152 4872 ,
1196 4809 1474 4877 confestim
1515 4811 1975 4867 circumdederunt

362 4941 371 4949 .
401 4916 499 4954 me.
539 4897 886 4969 Projicientes
920 4914 1049 4954 vero
1081 4900 1172 4955 hic
1204 4901 1418 4955 vocavit
1453 4916 1550 4956 eos
1590 4902 1682 4972 qui
1739 4903 1961 4959 beatum

402 4990 789 5060 praedicabant,
824 4991 952 5059 quia
1009 5005 1118 5044 non
1149 4992 1362 5046 sincera
1393 5001 1574 5049 mente
1616 4994 1770 5065 prius
1829 4997 1958 5052 bea-

403 5090 516 5135 tum
545 5080 841 5148 dixerant;
871 5080 966 5137 sed
998 5090 1060 5136 ut
1105 5081 1384 5152 ejicerent,
1431 5089 1487 5140 et
1531 5101 1562 5139 a
1616 5087 1828 5143 decenti
1884 5090 1969 5142 via

403 5171 735 5228 diverterent
762 5211 779 5238 ,
836 5174 907 5230 sd
949 5175 1312 5245 imposturam
1347 5179 1436 5234 usi
1505 5187 1636 5233 sunt
1687 5180 1975 5234 vocabutis

405 5263 781 5320 beatitudinis.

477 5397 642 5452 Vens.
669 5401 754 5455 12.
786 5431 854 5443 -—
883 5403 1218 5477 Exspectant
1256 5423 1361 5472 me,
1418 5416 1476 5462 ut
1510 5407 1759 5478 perdant,
1818 5421 1972 5460 more

481 5621 554 5686 (l)
611 5621 734 5677 llmc
772 5622 962 5678 ultima
991 5629 1152 5681 verba
1201 5644 1429 5683 erronea
1459 5638 1605 5682 sunt.
1647 5629 1773 5684 Vid.
1827 5628 1881 5684 S.
1925 5628 1979 5681 S.

409 5691 562 5745 Curs.
583 5689 770 5754 contpl.
797 5697 834 5742 t.
854 5689 971 5757 XV,
1007 5699 1112 5747 col.
1144 5697 1231 5750 '55.
1261 5696 1418 5751 Εοιτ,
1443 5697 1613 5752 Pun.

483 5762 559 5829 ω)
587 5758 662 5812 Ex
691 5760 978 5814 Corderio.

2080 4630 2334 4684 διώκουσι
2390 4631 2484 4683 καὶ
2535 4630 2955 4702 περικυκλοῦσιν
2979 4671 2993 4695 ,
3022 4630 3164 4683 ὥστε
3213 4629 3442 4682 ἀνελεῖν.
3477 4629 3659 4689 Οὕτως

2081 4723 2190 4794 γὰρ
2209 4723 2357 4791 λέγει
2381 4723 2474 4777 καὶ
2499 4722 2812 4793 Σύμμαχος,
2843 4722 3278 4791 Μακαρίζοντος
3296 4721 3660 4789 παραχρῆμα

2082 4813 2573 4881 περιεκύκλωσάν
2595 4830 2689 4881 με.
2735 4814 3180 4879 Ἔκϐάλλοντας
3206 4814 3265 4866 δέ
3313 4813 3440 4874 τοὺς
3487 4827 3662 4883 μακαα

2085 4904 2330 4974 ρίζοντας
2379 4901 2613 4956 ἐνταῦθα
2668 4904 2947 4966 ἐκάλεσεν,
2999 4904 3185 4974 ἐπειδὴ
3235 4904 3309 4974 μὴ
3352 4903 3555 4974 γνησίᾳ
3595 4903 3657 4971 τῇ

2079 4995 2285 5065 διανοίᾳ
2313 4993 2402 5046 τὸν
2426 4995 2777 5065 μακαρισμὸν
2806 4995 3083 5048 ἐποιοῦντο
3114 4995 3174 5048 τὸ
3195 4995 3457 5064 πρότερον
3482 5012 3494 5024 ·
3522 4993 3657 5046 ὥστε

2076 5083 2133 5138 δὲ
2183 5082 2436 5136 ἐκϐαλεῖν
2481 5083 2575 5137 καὶ
2632 5085 2893 5154 ἐκτρέψαι
2939 5086 3040 5154 τῆς
3079 5082 3465 5154 προσηκούσης
3510 5081 3654 5142 ὀδοῦ,

2074 5176 2294 5246 ἀπάτης
2321 5173 2510 5230 ἕνεκεν
2556 5178 2668 5240 τοῖς
2695 5175 2791 5230 τοῦ
2848 5175 3203 5247 μακαρισμοῦ
3257 5176 3501 5246 ῥήμασιν
3543 5171 3658 5225 ἐκέ-

2082 5289 2115 5342 χ
2122 5288 2300 5343 ρηντο.

2147 5406 2294 5476 Στίχ.
2329 5405 2415 5475 ιβ’.
2441 5434 2510 5444 —
2555 5402 2919 5475 Περιμένουσί
2951 5419 3039 5472 με,
3069 5401 3209 5455 ὥστε
3243 5399 3476 5466 ἀνελεῖν,
3507 5397 3658 5465 δίκην

2275 5627 2380 5679 Mai
2398 5626 2530 5680 ibid.

2165 5630 2242 5689 (δ)
2275 5630 2530 5680 lllaiibid.

2165 5697 2240 5752 till
2270 5695 2346 5750 Ex
2381 5695 2658 5751 Cerderio.

2083 5731 2087 5736 ι
2165 5697 2218 5749 ιιι
