  <div class='ocr_page' id='page_1' title='image "/cluster/home/n/w/nwhite01/storage/ocr_20150623/66/mdp.39015008467477/339.png"; bbox 0 0 3974 6146; ppageno 0'>
   <div class='ocr_carea' id='block_1_1' title="bbox 387 254 495 311">
    <p class='ocr_par' dir='ltr' id='par_1_1' title="bbox 387 254 495 311">
     <span class='ocr_line' id='line_1_1' title="bbox 387 254 495 311; baseline 0.009 -1"><span class='ocrx_word' id='word_1_1' title='bbox 387 254 495 311; x_wconf 73' lang='grc'><strong>665</strong></span> 
     </span>
    </p>
   </div>
   <div class='ocr_carea' id='block_1_2' title="bbox 1561 259 2423 318">
    <p class='ocr_par' dir='ltr' id='par_1_2' title="bbox 1561 259 2423 318">
     <span class='ocr_line' id='line_1_2' title="bbox 1561 259 2423 318; baseline 0.001 -4"><span class='ocrx_word' id='word_1_2' title='bbox 1561 259 1907 318; x_wconf 74' lang='lat' dir='ltr'><strong>TIIEODORI</strong></span> <span class='ocrx_word' id='word_1_3' title='bbox 1946 259 2423 318; x_wconf 77' lang='lat' dir='ltr'><strong>MOPSUESTENI</strong></span> 
     </span>
    </p>
   </div>
   <div class='ocr_carea' id='block_1_3' title="bbox 3515 265 3628 324">
    <p class='ocr_par' dir='ltr' id='par_1_3' title="bbox 3515 265 3628 324">
     <span class='ocr_line' id='line_1_3' title="bbox 3515 265 3628 324; baseline -0.018 0"><span class='ocrx_word' id='word_1_4' title='bbox 3515 265 3628 324; x_wconf 61' lang='lat'><strong>661</strong></span> 
     </span>
    </p>
   </div>
   <div class='ocr_carea' id='block_1_4' title="bbox 386 371 1970 450">
    <p class='ocr_par' dir='ltr' id='par_1_4' title="bbox 386 371 1960 444">
     <span class='ocr_line' id='line_1_4' title="bbox 386 371 1960 444; baseline -0.001 -13"><span class='ocrx_word' id='word_1_5' title='bbox 386 379 482 436; x_wconf 91' lang='lat' dir='ltr'><strong>sit.</strong></span> <span class='ocrx_word' id='word_1_6' title='bbox 511 371 784 432; x_wconf 82' lang='lat' dir='ltr'><strong>carbones</strong></span> <span class='ocrx_word' id='word_1_7' title='bbox 821 374 1027 429; x_wconf 83' lang='lat' dir='ltr'><strong>multos</strong></span> <span class='ocrx_word' id='word_1_8' title='bbox 1078 371 1194 428; x_wconf 83' lang='lat' dir='ltr'><strong>ﬁeri</strong></span> <span class='ocrx_word' id='word_1_9' title='bbox 1229 373 1499 444; x_wconf 81' lang='lat' dir='ltr'><strong>contigit:</strong></span> <span class='ocrx_word' id='word_1_10' title='bbox 1557 376 1816 430; x_wconf 89' lang='lat' dir='ltr'><strong>omnibus</strong></span> <span class='ocrx_word' id='word_1_11' title='bbox 1875 378 1960 429; x_wconf 86' lang='lat' dir='ltr'><strong>his</strong></span> 
     </span>
    </p>
   </div>
   <div class='ocr_carea' id='block_1_5' title="bbox 2077 371 3634 450">
    <p class='ocr_par' dir='ltr' id='par_1_5' title="bbox 2077 375 3634 450">
     <span class='ocr_line' id='line_1_5' title="bbox 2077 375 3634 450; baseline 0 -20"><span class='ocrx_word' id='word_1_12' title='bbox 2077 375 2339 450; x_wconf 77' lang='grc' dir='ltr'>Ξνθρακας</span> <span class='ocrx_word' id='word_1_13' title='bbox 2361 377 2452 431; x_wconf 77' lang='grc' dir='ltr'>ἐπὶ</span> <span class='ocrx_word' id='word_1_14' title='bbox 2479 377 2614 432; x_wconf 79' lang='grc' dir='ltr'>πολὺ</span> <span class='ocrx_word' id='word_1_15' title='bbox 2643 376 2895 446; x_wconf 85' lang='grc' dir='ltr'>γενέσθαι</span> <span class='ocrx_word' id='word_1_16' title='bbox 2929 377 3243 450; x_wconf 72' lang='grc' dir='ltr'>συμϐαίνει*</span> <span class='ocrx_word' id='word_1_17' title='bbox 3269 375 3336 430; x_wconf 74' lang='grc' dir='ltr'><strong>δι’</strong></span> <span class='ocrx_word' id='word_1_18' title='bbox 3352 375 3490 430; x_wconf 85' lang='grc' dir='ltr'>ὅλων</span> <span class='ocrx_word' id='word_1_19' title='bbox 3513 377 3634 448; x_wconf 79' lang='grc' dir='ltr'>βου-</span> 
     </span>
    </p>
   </div>
   <div class='ocr_carea' id='block_1_6' title="bbox 386 464 1949 534">
    <p class='ocr_par' dir='ltr' id='par_1_6' title="bbox 386 464 1949 534">
     <span class='ocr_line' id='line_1_6' title="bbox 386 464 1949 534; baseline -0.003 -10"><span class='ocrx_word' id='word_1_20' title='bbox 386 467 575 525; x_wconf 81' lang='lat' dir='ltr'><strong>dicere</strong></span> <span class='ocrx_word' id='word_1_21' title='bbox 604 464 816 534; x_wconf 86' lang='lat' dir='ltr'><strong>volens,</strong></span> <span class='ocrx_word' id='word_1_22' title='bbox 846 465 1010 522; x_wconf 85' lang='lat' dir='ltr'><strong>simul</strong></span> <span class='ocrx_word' id='word_1_23' title='bbox 1034 473 1256 521; x_wconf 78' lang='lat' dir='ltr'><strong>orantes</strong></span> <span class='ocrx_word' id='word_1_24' title='bbox 1280 465 1656 533; x_wconf 82' lang='lat' dir='ltr'><strong>exaudivisse,</strong></span> <span class='ocrx_word' id='word_1_25' title='bbox 1696 481 1949 522; x_wconf 82' lang='lat' dir='ltr'><strong>commo-</strong></span> 
     </span>
    </p>
   </div>
   <div class='ocr_carea' id='block_1_7' title="bbox 383 556 1957 628">
    <p class='ocr_par' dir='ltr' id='par_1_7' title="bbox 383 556 1957 628">
     <span class='ocr_line' id='line_1_7' title="bbox 383 556 1957 628; baseline -0.003 -12"><span class='ocrx_word' id='word_1_26' title='bbox 383 568 504 616; x_wconf 84' lang='lat' dir='ltr'><strong>tum</strong></span> <span class='ocrx_word' id='word_1_27' title='bbox 531 557 702 615; x_wconf 80' lang='lat' dir='ltr'><strong>fuisse</strong></span> <span class='ocrx_word' id='word_1_28' title='bbox 742 564 931 612; x_wconf 90' lang='lat' dir='ltr'><strong>contra</strong></span> <span class='ocrx_word' id='word_1_29' title='bbox 961 556 1238 619; x_wconf 87' lang='lat' dir='ltr'><strong>inimicos,</strong></span> <span class='ocrx_word' id='word_1_30' title='bbox 1287 558 1588 628; x_wconf 77' lang='lat' dir='ltr'><strong>statimque</strong></span> <span class='ocrx_word' id='word_1_31' title='bbox 1615 559 1800 613; x_wconf 87' lang='lat' dir='ltr'><strong>omnia</strong></span> <span class='ocrx_word' id='word_1_32' title='bbox 1833 573 1957 628; x_wconf 62' lang='lat' dir='ltr'><strong>per.</strong></span> 
     </span>
    </p>
   </div>
   <div class='ocr_carea' id='block_1_8' title="bbox 386 648 1956 719">
    <p class='ocr_par' dir='ltr' id='par_1_8' title="bbox 386 648 1956 719">
     <span class='ocr_line' id='line_1_8' title="bbox 386 648 1956 719; baseline -0.001 -13"><span class='ocrx_word' id='word_1_33' title='bbox 386 650 625 706; x_wconf 86' lang='lat' dir='ltr'><strong>turbari.</strong></span> <span class='ocrx_word' id='word_1_34' title='bbox 696 649 782 703; x_wconf 85' lang='lat' dir='ltr'><strong>Ira</strong></span> <span class='ocrx_word' id='word_1_35' title='bbox 855 655 1038 702; x_wconf 89' lang='lat' dir='ltr'><strong>autem</strong></span> <span class='ocrx_word' id='word_1_36' title='bbox 1116 648 1239 718; x_wconf 86' lang='lat' dir='ltr'><strong>ejus</strong></span> <span class='ocrx_word' id='word_1_37' title='bbox 1300 663 1368 703; x_wconf 77' lang='lat' dir='ltr'><strong>ex</strong></span> <span class='ocrx_word' id='word_1_38' title='bbox 1439 657 1599 719; x_wconf 89' lang='lat' dir='ltr'><strong>parte</strong></span> <span class='ocrx_word' id='word_1_39' title='bbox 1665 648 1956 705; x_wconf 78' lang='lat' dir='ltr'><strong>effectibus</strong></span> 
     </span>
    </p>
   </div>
   <div class='ocr_carea' id='block_1_9' title="bbox 387 737 1957 814">
    <p class='ocr_par' dir='ltr' id='par_1_9' title="bbox 387 737 1957 814">
     <span class='ocr_line' id='line_1_9' title="bbox 387 737 1957 814; baseline 0 -18"><span class='ocrx_word' id='word_1_40' title='bbox 387 741 718 814; x_wconf 88' lang='lat' dir='ltr'><strong>quibusdam</strong></span> <span class='ocrx_word' id='word_1_41' title='bbox 745 737 1016 810; x_wconf 83' lang='lat' dir='ltr'><strong>patefacta</strong></span> <span class='ocrx_word' id='word_1_42' title='bbox 1044 748 1163 805; x_wconf 90' lang='lat' dir='ltr'><strong>est,</strong></span> <span class='ocrx_word' id='word_1_43' title='bbox 1203 754 1353 793; x_wconf 88' lang='lat' dir='ltr'><strong>nunc</strong></span> <span class='ocrx_word' id='word_1_44' title='bbox 1379 753 1512 794; x_wconf 85' lang='lat' dir='ltr'><strong>vero</strong></span> <span class='ocrx_word' id='word_1_45' title='bbox 1545 739 1735 795; x_wconf 81' lang='lat' dir='ltr'><strong>hostes</strong></span> <span class='ocrx_word' id='word_1_46' title='bbox 1765 740 1957 796; x_wconf 84' lang='lat' dir='ltr'><strong>ulcisci</strong></span> 
     </span>
    </p>
   </div>
   <div class='ocr_carea' id='block_1_10' title="bbox 386 829 1954 902">
    <p class='ocr_par' dir='ltr' id='par_1_10' title="bbox 386 829 1954 902">
     <span class='ocr_line' id='line_1_10' title="bbox 386 829 1954 902; baseline -0.001 -15"><span class='ocrx_word' id='word_1_47' title='bbox 386 833 594 902; x_wconf 73' lang='lat' dir='ltr'><strong>cmpit:</strong></span> <span class='ocrx_word' id='word_1_48' title='bbox 631 838 863 900; x_wconf 77' lang='lat' dir='ltr'><strong>augetur</strong></span> <span class='ocrx_word' id='word_1_49' title='bbox 895 831 977 884; x_wconf 89' lang='lat' dir='ltr'><strong>ira</strong></span> <span class='ocrx_word' id='word_1_50' title='bbox 1030 844 1094 884; x_wconf 84' lang='lat' dir='ltr'><strong>ac</strong></span> <span class='ocrx_word' id='word_1_51' title='bbox 1131 830 1511 886; x_wconf 81' lang='lat' dir='ltr'><strong>vehementius</strong></span> <span class='ocrx_word' id='word_1_52' title='bbox 1541 829 1672 885; x_wconf 84' lang='lat' dir='ltr'><strong>illos</strong></span> <span class='ocrx_word' id='word_1_53' title='bbox 1701 831 1954 902; x_wconf 78' lang='lat' dir='ltr'><strong>castigat.</strong></span> 
     </span>
    </p>
   </div>
   <div class='ocr_carea' id='block_1_11' title="bbox 389 921 1956 994">
    <p class='ocr_par' dir='ltr' id='par_1_11' title="bbox 389 921 1956 994">
     <span class='ocr_line' id='line_1_11' title="bbox 389 921 1956 994; baseline -0.001 -16"><span class='ocrx_word' id='word_1_54' title='bbox 389 923 594 980; x_wconf 83' lang='lat' dir='ltr'><strong>Deinde</strong></span> <span class='ocrx_word' id='word_1_55' title='bbox 620 936 1004 994; x_wconf 78' lang='lat' dir='ltr'><strong>perseverans,</strong></span> <span class='ocrx_word' id='word_1_56' title='bbox 1034 922 1160 978; x_wconf 90' lang='lat' dir='ltr'><strong>illos</strong></span> <span class='ocrx_word' id='word_1_57' title='bbox 1191 923 1419 977; x_wconf 88' lang='lat' dir='ltr'><strong>omnino</strong></span> <span class='ocrx_word' id='word_1_58' title='bbox 1445 921 1622 978; x_wconf 90' lang='lat' dir='ltr'><strong>delet:</strong></span> <span class='ocrx_word' id='word_1_59' title='bbox 1653 929 1787 977; x_wconf 91' lang='lat' dir='ltr'><strong>tunc</strong></span> <span class='ocrx_word' id='word_1_60' title='bbox 1806 923 1956 978; x_wconf 88' lang='lat' dir='ltr'><strong>enim</strong></span> 
     </span>
    </p>
   </div>
   <div class='ocr_carea' id='block_1_12' title="bbox 339 1010 1960 1082">
    <p class='ocr_par' dir='ltr' id='par_1_12' title="bbox 339 1010 1960 1082">
     <span class='ocr_line' id='line_1_12' title="bbox 339 1010 1960 1082; baseline -0.001 -14"><span class='ocrx_word' id='word_1_61' title='bbox 339 1026 348 1037; x_wconf 83' lang='lat'><em>&#39;</em></span> <span class='ocrx_word' id='word_1_62' title='bbox 385 1011 658 1068; x_wconf 81' lang='lat' dir='ltr'><strong>carbones</strong></span> <span class='ocrx_word' id='word_1_63' title='bbox 686 1010 1064 1067; x_wconf 88' lang='lat' dir='ltr'><strong>consumendi.</strong></span> <span class='ocrx_word' id='word_1_64' title='bbox 1095 1025 1215 1066; x_wconf 90' lang='lat' dir='ltr'><strong>mos</strong></span> <span class='ocrx_word' id='word_1_65' title='bbox 1255 1019 1362 1077; x_wconf 85' lang='lat' dir='ltr'><strong>est,</strong></span> <span class='ocrx_word' id='word_1_66' title='bbox 1420 1025 1548 1067; x_wconf 87' lang='lat' dir='ltr'><strong>cum</strong></span> <span class='ocrx_word' id='word_1_67' title='bbox 1585 1010 1752 1082; x_wconf 71' lang='lat' dir='ltr'><strong>ignis,</strong></span> <span class='ocrx_word' id='word_1_68' title='bbox 1798 1011 1960 1067; x_wconf 91' lang='lat' dir='ltr'><strong>valde</strong></span> 
     </span>
    </p>
   </div>
   <div class='ocr_carea' id='block_1_13' title="bbox 386 1099 1372 1172">
    <p class='ocr_par' dir='ltr' id='par_1_13' title="bbox 386 1099 1372 1172">
     <span class='ocr_line' id='line_1_13' title="bbox 386 1099 1372 1172; baseline 0 -17"><span class='ocrx_word' id='word_1_69' title='bbox 386 1109 605 1166; x_wconf 85' lang='lat' dir='ltr'><strong>auctus,</strong></span> <span class='ocrx_word' id='word_1_70' title='bbox 640 1100 788 1172; x_wconf 74' lang='lat' dir='ltr'><strong>ligna</strong></span> <span class='ocrx_word' id='word_1_71' title='bbox 822 1100 1071 1171; x_wconf 88' lang='lat' dir='ltr'><strong>subjecta</strong></span> <span class='ocrx_word' id='word_1_72' title='bbox 1105 1099 1372 1156; x_wconf 88' lang='lat' dir='ltr'><strong>incendit.</strong></span> 
     </span>
    </p>
   </div>
   <div class='ocr_carea' id='block_1_14' title="bbox 454 1315 1962 1395">
    <p class='ocr_par' dir='ltr' id='par_1_14' title="bbox 454 1315 1962 1395">
     <span class='ocr_line' id='line_1_14' title="bbox 454 1315 1962 1395; baseline 0.002 -20"><span class='ocrx_word' id='word_1_73' title='bbox 454 1320 624 1379; x_wconf 72' lang='lat' dir='ltr'><strong>Vens.</strong></span> <span class='ocrx_word' id='word_1_74' title='bbox 657 1321 746 1376; x_wconf 81' lang='lat' dir='ltr'><strong>lo.</strong></span> <span class='ocrx_word' id='word_1_75' title='bbox 765 1315 846 1362; x_wconf 34' lang='lat'><strong>—‘</strong></span> <span class='ocrx_word' id='word_1_76' title='bbox 857 1320 964 1376; x_wconf 88' lang='lat' dir='ltr'><strong>Sed</strong></span> <span class='ocrx_word' id='word_1_77' title='bbox 981 1335 1106 1375; x_wconf 92' lang='lat' dir='ltr'><strong>cum</strong></span> <span class='ocrx_word' id='word_1_78' title='bbox 1123 1335 1191 1376; x_wconf 82' lang='lat' dir='ltr'><strong>ex</strong></span> <span class='ocrx_word' id='word_1_79' title='bbox 1217 1321 1394 1377; x_wconf 90' lang='lat' dir='ltr'><strong>sacris</strong></span> <span class='ocrx_word' id='word_1_80' title='bbox 1415 1319 1615 1388; x_wconf 77' lang='lat' dir='ltr'><strong>verbis,</strong></span> <span class='ocrx_word' id='word_1_81' title='bbox 1644 1337 1765 1393; x_wconf 63' lang='lat' dir='ltr'><strong>qua!</strong></span> <span class='ocrx_word' id='word_1_82' title='bbox 1782 1323 1962 1395; x_wconf 81' lang='lat' dir='ltr'><strong>profe-</strong></span> 
     </span>
    </p>
   </div>
   <div class='ocr_carea' id='block_1_15' title="bbox 385 1412 1960 1482">
    <p class='ocr_par' dir='ltr' id='par_1_15' title="bbox 385 1412 1960 1482">
     <span class='ocr_line' id='line_1_15' title="bbox 385 1412 1960 1482; baseline 0.001 -15"><span class='ocrx_word' id='word_1_83' title='bbox 385 1414 559 1470; x_wconf 87' lang='lat' dir='ltr'><strong>renda</strong></span> <span class='ocrx_word' id='word_1_84' title='bbox 595 1421 747 1480; x_wconf 91' lang='lat' dir='ltr'><strong>sunt,</strong></span> <span class='ocrx_word' id='word_1_85' title='bbox 795 1412 914 1468; x_wconf 83' lang='lat' dir='ltr'><strong>fore</strong></span> <span class='ocrx_word' id='word_1_86' title='bbox 947 1420 1008 1468; x_wconf 88' lang='lat' dir='ltr'><strong>ut</strong></span> <span class='ocrx_word' id='word_1_87' title='bbox 1044 1413 1349 1482; x_wconf 82' lang='lat' dir='ltr'><strong>quidquam</strong></span> <span class='ocrx_word' id='word_1_88' title='bbox 1390 1413 1656 1470; x_wconf 89' lang='lat' dir='ltr'><strong>indecens</strong></span> <span class='ocrx_word' id='word_1_89' title='bbox 1710 1424 1806 1469; x_wconf 89' lang='lat' dir='ltr'><strong>aut</strong></span> <span class='ocrx_word' id='word_1_90' title='bbox 1856 1415 1960 1468; x_wconf 89' lang='lat' dir='ltr'><strong>hu-</strong></span> 
     </span>
    </p>
   </div>
   <div class='ocr_carea' id='block_1_16' title="bbox 389 1505 1958 1576">
    <p class='ocr_par' dir='ltr' id='par_1_16' title="bbox 389 1505 1958 1576">
     <span class='ocr_line' id='line_1_16' title="bbox 389 1505 1958 1576; baseline -0.003 -14"><span class='ocrx_word' id='word_1_91' title='bbox 389 1508 517 1562; x_wconf 89' lang='lat' dir='ltr'><strong>mile</strong></span> <span class='ocrx_word' id='word_1_92' title='bbox 540 1506 793 1561; x_wconf 89' lang='lat' dir='ltr'><strong>videatur</strong></span> <span class='ocrx_word' id='word_1_93' title='bbox 815 1505 1134 1576; x_wconf 73' lang='lat' dir='ltr'><strong>praevideat,</strong></span> <span class='ocrx_word' id='word_1_94' title='bbox 1163 1505 1363 1560; x_wconf 88' lang='lat' dir='ltr'><strong>iterum</strong></span> <span class='ocrx_word' id='word_1_95' title='bbox 1398 1520 1703 1561; x_wconf 86' lang='lat' dir='ltr'><strong>sermonem</strong></span> <span class='ocrx_word' id='word_1_96' title='bbox 1726 1508 1958 1569; x_wconf 80' lang='lat' dir='ltr'><strong>extollit,</strong></span> 
     </span>
    </p>
   </div>
   <div class='ocr_carea' id='block_1_17' title="bbox 387 1597 1961 1670">
    <p class='ocr_par' dir='ltr' id='par_1_17' title="bbox 387 1597 1961 1670">
     <span class='ocr_line' id='line_1_17' title="bbox 387 1597 1961 1670; baseline 0 -16"><span class='ocrx_word' id='word_1_97' title='bbox 387 1601 581 1656; x_wconf 84' lang='lat' dir='ltr'><strong>dicens</strong></span> <span class='ocrx_word' id='word_1_98' title='bbox 607 1619 621 1655; x_wconf 89' lang='lat'><strong>:</strong></span> <span class='ocrx_word' id='word_1_99' title='bbox 654 1599 938 1654; x_wconf 78' lang='lat' dir='ltr'><strong>Descendit</strong></span> <span class='ocrx_word' id='word_1_100' title='bbox 959 1597 1024 1652; x_wconf 88' lang='lat' dir='ltr'><strong>de</strong></span> <span class='ocrx_word' id='word_1_101' title='bbox 1049 1598 1201 1664; x_wconf 66' lang='lat' dir='ltr'><strong>caelo,</strong></span> <span class='ocrx_word' id='word_1_102' title='bbox 1227 1607 1278 1653; x_wconf 89' lang='lat' dir='ltr'><strong>et</strong></span> <span class='ocrx_word' id='word_1_103' title='bbox 1307 1598 1532 1653; x_wconf 78' lang='lat' dir='ltr'><strong>habebat</strong></span> <span class='ocrx_word' id='word_1_104' title='bbox 1555 1599 1836 1670; x_wconf 87' lang='lat' dir='ltr'><strong>caliginem</strong></span> <span class='ocrx_word' id='word_1_105' title='bbox 1866 1600 1961 1654; x_wconf 91' lang='lat' dir='ltr'><strong>sub</strong></span> 
     </span>
    </p>
   </div>
   <div class='ocr_carea' id='block_1_18' title="bbox 2066 467 3636 539">
    <p class='ocr_par' dir='ltr' id='par_1_18' title="bbox 2066 467 3636 539">
     <span class='ocr_line' id='line_1_18' title="bbox 2066 467 3636 539; baseline 0.001 -20"><span class='ocrx_word' id='word_1_106' title='bbox 2066 468 2249 538; x_wconf 79' lang='grc' dir='ltr'>ληθεὶς</span> <span class='ocrx_word' id='word_1_107' title='bbox 2295 470 2488 533; x_wconf 77' lang='grc' dir='ltr'>εἰπεῖν,</span> <span class='ocrx_word' id='word_1_108' title='bbox 2527 469 2608 522; x_wconf 83' lang='grc' dir='ltr'>ὅτι</span> <span class='ocrx_word' id='word_1_109' title='bbox 2655 468 2773 539; x_wconf 78' lang='grc' dir='ltr'><strong>ἅμα</strong></span> <span class='ocrx_word' id='word_1_110' title='bbox 2808 485 2867 521; x_wconf 90' lang='grc' dir='ltr'><strong>τε</strong></span> <span class='ocrx_word' id='word_1_111' title='bbox 2917 468 3145 539; x_wconf 75' lang='grc' dir='ltr'>ἤκουσεν</span> <span class='ocrx_word' id='word_1_112' title='bbox 3178 467 3500 538; x_wconf 74' lang='grc' dir='ltr'><strong>εὐξαμένου,</strong></span> <span class='ocrx_word' id='word_1_113' title='bbox 3541 469 3636 525; x_wconf 72' lang='grc' dir='ltr'>καὶ</span> 
     </span>
    </p>
   </div>
   <div class='ocr_carea' id='block_1_19' title="bbox 2065 559 3637 630">
    <p class='ocr_par' dir='ltr' id='par_1_19' title="bbox 2065 559 3637 630">
     <span class='ocr_line' id='line_1_19' title="bbox 2065 559 3637 630; baseline 0 -18"><span class='ocrx_word' id='word_1_114' title='bbox 2065 561 2292 630; x_wconf 77' lang='grc' dir='ltr'><strong>ἐκινήθη</strong></span> <span class='ocrx_word' id='word_1_115' title='bbox 2347 559 2488 617; x_wconf 85' lang='grc' dir='ltr'>κατὰ</span> <span class='ocrx_word' id='word_1_116' title='bbox 2537 561 2645 613; x_wconf 89' lang='grc' dir='ltr'><strong>τῶν</strong></span> <span class='ocrx_word' id='word_1_117' title='bbox 2688 559 2916 630; x_wconf 81' lang='grc' dir='ltr'>ἐχθρῶν·</span> <span class='ocrx_word' id='word_1_118' title='bbox 2947 559 3043 613; x_wconf 78' lang='grc' dir='ltr'><strong>καὶ</strong></span> <span class='ocrx_word' id='word_1_119' title='bbox 3075 559 3238 622; x_wconf 80' lang='grc' dir='ltr'>εὐθὺς</span> <span class='ocrx_word' id='word_1_120' title='bbox 3276 560 3376 629; x_wconf 78' lang='grc' dir='ltr'><strong>μὲν</strong></span> <span class='ocrx_word' id='word_1_121' title='bbox 3420 561 3637 614; x_wconf 75' lang='grc' dir='ltr'>ἅπαντα</span> 
     </span>
    </p>
   </div>
   <div class='ocr_carea' id='block_1_20' title="bbox 2063 649 3639 722">
    <p class='ocr_par' dir='ltr' id='par_1_20' title="bbox 2063 649 3639 722">
     <span class='ocr_line' id='line_1_20' title="bbox 2063 649 3639 722; baseline 0.001 -20"><span class='ocrx_word' id='word_1_122' title='bbox 2063 651 2384 705; x_wconf 82' lang='grc' dir='ltr'>ἐσαλεύετο·</span> <span class='ocrx_word' id='word_1_123' title='bbox 2417 652 2741 720; x_wconf 81' lang='grc' dir='ltr'>ὑπεφαίνετο</span> <span class='ocrx_word' id='word_1_124' title='bbox 2765 650 2823 703; x_wconf 84' lang='grc' dir='ltr'><strong>δὲ</strong></span> <span class='ocrx_word' id='word_1_125' title='bbox 2848 649 3011 704; x_wconf 83' lang='grc' dir='ltr'>αὐτοῦ</span> <span class='ocrx_word' id='word_1_126' title='bbox 3041 650 3182 703; x_wconf 81' lang='grc' dir='ltr'>κατὰ</span> <span class='ocrx_word' id='word_1_127' title='bbox 3213 651 3376 722; x_wconf 83' lang='grc' dir='ltr'>μέρος</span> <span class='ocrx_word' id='word_1_128' title='bbox 3420 651 3517 704; x_wconf 79' lang='grc' dir='ltr'>καὶ</span> <span class='ocrx_word' id='word_1_129' title='bbox 3551 651 3639 704; x_wconf 74' lang='grc' dir='ltr'><strong>διὰ</strong></span> 
     </span>
    </p>
   </div>
   <div class='ocr_carea' id='block_1_21' title="bbox 2063 741 3640 816">
    <p class='ocr_par' dir='ltr' id='par_1_21' title="bbox 2063 741 3640 816">
     <span class='ocr_line' id='line_1_21' title="bbox 2063 741 3640 816; baseline 0 -20"><span class='ocrx_word' id='word_1_130' title='bbox 2063 744 2402 814; x_wconf 79' lang='grc' dir='ltr'>πραγμάτων</span> <span class='ocrx_word' id='word_1_131' title='bbox 2445 745 2480 814; x_wconf 76' lang='grc' dir='ltr'>ἡ</span> <span class='ocrx_word' id='word_1_132' title='bbox 2524 744 2684 815; x_wconf 79' lang='grc' dir='ltr'>ὀργὴ,</span> <span class='ocrx_word' id='word_1_133' title='bbox 2715 741 2810 797; x_wconf 92' lang='grc' dir='ltr'><strong>νῦν</strong></span> <span class='ocrx_word' id='word_1_134' title='bbox 2834 744 2930 813; x_wconf 83' lang='grc' dir='ltr'>μὲν</span> <span class='ocrx_word' id='word_1_135' title='bbox 2953 743 3255 816; x_wconf 79' lang='grc' dir='ltr'>ἀρχομένου</span> <span class='ocrx_word' id='word_1_136' title='bbox 3277 743 3640 814; x_wconf 76' lang='grc' dir='ltr'>τιμωρεῖσθαι</span> 
     </span>
    </p>
   </div>
   <div class='ocr_carea' id='block_1_22' title="bbox 2062 833 3640 906">
    <p class='ocr_par' dir='ltr' id='par_1_22' title="bbox 2062 833 3640 906">
     <span class='ocr_line' id='line_1_22' title="bbox 2062 833 3640 906; baseline 0.001 -21"><span class='ocrx_word' id='word_1_137' title='bbox 2062 834 2191 896; x_wconf 82' lang='grc' dir='ltr'>τοὺς</span> <span class='ocrx_word' id='word_1_138' title='bbox 2215 834 2524 904; x_wconf 86' lang='grc' dir='ltr'>πολεμίους,</span> <span class='ocrx_word' id='word_1_139' title='bbox 2567 833 2847 906; x_wconf 86' lang='grc' dir='ltr'>προῖόντος</span> <span class='ocrx_word' id='word_1_140' title='bbox 2871 833 2929 887; x_wconf 84' lang='grc' dir='ltr'><strong>δὲ</strong></span> <span class='ocrx_word' id='word_1_141' title='bbox 2951 835 3045 888; x_wconf 71' lang='grc' dir='ltr'><strong>καὶ</strong></span> <span class='ocrx_word' id='word_1_142' title='bbox 3068 833 3421 904; x_wconf 83' lang='grc' dir='ltr'>σφοδρότερον</span> <span class='ocrx_word' id='word_1_143' title='bbox 3444 833 3640 897; x_wconf 74' lang='grc' dir='ltr'>αὐτοὺς</span> 
     </span>
    </p>
   </div>
   <div class='ocr_carea' id='block_1_23' title="bbox 2068 922 3642 996">
    <p class='ocr_par' dir='ltr' id='par_1_23' title="bbox 2068 922 3642 996">
     <span class='ocr_line' id='line_1_23' title="bbox 2068 922 3642 996; baseline -0.001 -18"><span class='ocrx_word' id='word_1_144' title='bbox 2068 924 2386 988; x_wconf 78' lang='grc' dir='ltr'>κολάζοντος</span> <span class='ocrx_word' id='word_1_145' title='bbox 2401 941 2416 955; x_wconf 90' lang='grc'><strong>·</strong></span> <span class='ocrx_word' id='word_1_146' title='bbox 2444 922 2559 979; x_wconf 76' lang='grc' dir='ltr'>εἶτα</span> <span class='ocrx_word' id='word_1_147' title='bbox 2573 925 2673 995; x_wconf 86' lang='grc' dir='ltr'>τῆς</span> <span class='ocrx_word' id='word_1_148' title='bbox 2693 925 3014 996; x_wconf 77' lang='grc' dir='ltr'>παραμονῆς</span> <span class='ocrx_word' id='word_1_149' title='bbox 3033 925 3127 977; x_wconf 77' lang='grc' dir='ltr'><strong>καὶ</strong></span> <span class='ocrx_word' id='word_1_150' title='bbox 3148 924 3425 987; x_wconf 80' lang='grc' dir='ltr'>παντελῶς</span> <span class='ocrx_word' id='word_1_151' title='bbox 3443 925 3642 988; x_wconf 80' lang='grc' dir='ltr'>αὐτοὺς</span> 
     </span>
    </p>
   </div>
   <div class='ocr_carea' id='block_1_24' title="bbox 2066 1015 3641 1089">
    <p class='ocr_par' dir='ltr' id='par_1_24' title="bbox 2066 1015 3641 1089">
     <span class='ocr_line' id='line_1_24' title="bbox 2066 1015 3641 1089; baseline -0.002 -18"><span class='ocrx_word' id='word_1_152' title='bbox 2066 1017 2453 1084; x_wconf 76' lang='grc' dir='ltr'>ἀφανίζοντος·</span> <span class='ocrx_word' id='word_1_153' title='bbox 2502 1017 2625 1070; x_wconf 89' lang='grc' dir='ltr'>τότε</span> <span class='ocrx_word' id='word_1_154' title='bbox 2649 1017 2759 1089; x_wconf 79' lang='grc' dir='ltr'>γὰρ</span> <span class='ocrx_word' id='word_1_155' title='bbox 2791 1017 2910 1080; x_wconf 84' lang='grc' dir='ltr'>ἐθος</span> <span class='ocrx_word' id='word_1_156' title='bbox 2939 1016 3086 1070; x_wconf 70' lang='grc' dir='ltr'>ἐστὶν</span> <span class='ocrx_word' id='word_1_157' title='bbox 3110 1015 3490 1069; x_wconf 80' lang='grc' dir='ltr'>ἀποτελεῖσθαι</span> <span class='ocrx_word' id='word_1_158' title='bbox 3515 1015 3641 1076; x_wconf 74' lang='grc' dir='ltr'>τοὺς</span> 
     </span>
    </p>
   </div>
   <div class='ocr_carea' id='block_1_25' title="bbox 2065 1107 3643 1180">
    <p class='ocr_par' dir='ltr' id='par_1_25' title="bbox 2065 1107 3643 1180">
     <span class='ocr_line' id='line_1_25' title="bbox 2065 1107 3643 1180; baseline -0.002 -18"><span class='ocrx_word' id='word_1_159' title='bbox 2065 1107 2364 1180; x_wconf 77' lang='grc' dir='ltr'>ἄνθρακας,</span> <span class='ocrx_word' id='word_1_160' title='bbox 2397 1107 2616 1162; x_wconf 81' lang='grc' dir='ltr'>ἐπειδὰν</span> <span class='ocrx_word' id='word_1_161' title='bbox 2647 1108 2708 1161; x_wconf 82' lang='grc' dir='ltr'><strong>τὸ</strong></span> <span class='ocrx_word' id='word_1_162' title='bbox 2755 1107 2868 1179; x_wconf 90' lang='grc' dir='ltr'><strong>πῦρ</strong></span> <span class='ocrx_word' id='word_1_163' title='bbox 2899 1107 2992 1161; x_wconf 78' lang='grc' dir='ltr'>ἐπὶ</span> <span class='ocrx_word' id='word_1_164' title='bbox 3025 1107 3208 1161; x_wconf 81' lang='grc' dir='ltr'>πλεῖον</span> <span class='ocrx_word' id='word_1_165' title='bbox 3235 1107 3518 1177; x_wconf 87' lang='grc' dir='ltr'>γινόμενον</span> <span class='ocrx_word' id='word_1_166' title='bbox 3547 1107 3643 1170; x_wconf 77' lang='grc' dir='ltr'><strong>τὰς</strong></span> 
     </span>
    </p>
   </div>
   <div class='ocr_carea' id='block_1_26' title="bbox 2065 1198 3360 1290">
    <p class='ocr_par' dir='ltr' id='par_1_26' title="bbox 2065 1198 3360 1290">
     <span class='ocr_line' id='line_1_26' title="bbox 2065 1198 3360 1290; baseline -0.002 -38"><span class='ocrx_word' id='word_1_167' title='bbox 2065 1199 2433 1290; x_wconf 70' lang='grc' dir='ltr'>ὑποκειμένας</span> <span class='ocrx_word' id='word_1_168' title='bbox 2481 1199 2613 1263; x_wconf 78' lang='grc' dir='ltr'>ὔλας</span> <span class='ocrx_word' id='word_1_169' title='bbox 2653 1199 2965 1272; x_wconf 80' lang='grc' dir='ltr'>καταφλέξῃ</span> <span class='ocrx_word' id='word_1_170' title='bbox 3013 1199 3123 1252; x_wconf 85' lang='grc' dir='ltr'><strong>τῶν</strong></span> <span class='ocrx_word' id='word_1_171' title='bbox 3168 1198 3360 1263; x_wconf 86' lang='grc' dir='ltr'>ξύλων.</span> 
     </span>
    </p>
   </div>
   <div class='ocr_carea' id='block_1_27' title="bbox 2135 1331 3646 1407">
    <p class='ocr_par' dir='ltr' id='par_1_27' title="bbox 2135 1331 3646 1407">
     <span class='ocr_line' id='line_1_27' title="bbox 2135 1331 3646 1407; baseline -0.003 -18"><span class='ocrx_word' id='word_1_172' title='bbox 2135 1337 2285 1407; x_wconf 88' lang='grc' dir='ltr'>Στίχ.</span> <span class='ocrx_word' id='word_1_173' title='bbox 2318 1342 2366 1392; x_wconf 86' lang='grc' dir='ltr'><strong>ι’.</strong></span> <span class='ocrx_word' id='word_1_174' title='bbox 2389 1367 2459 1378; x_wconf 90' lang='lat'><strong>-—</strong></span> <span class='ocrx_word' id='word_1_175' title='bbox 2487 1335 2626 1390; x_wconf 82' lang='grc' dir='ltr'>Ἀλλ’</span> <span class='ocrx_word' id='word_1_176' title='bbox 2653 1335 2781 1388; x_wconf 85' lang='grc' dir='ltr'>ὅταν</span> <span class='ocrx_word' id='word_1_177' title='bbox 2819 1332 2925 1388; x_wconf 82' lang='grc' dir='ltr'><strong>ἀπὸ</strong></span> <span class='ocrx_word' id='word_1_178' title='bbox 2966 1333 3060 1387; x_wconf 84' lang='grc' dir='ltr'><strong>τοῦ</strong></span> <span class='ocrx_word' id='word_1_179' title='bbox 3102 1332 3483 1404; x_wconf 78' lang='grc' dir='ltr'>σχηματισμοῦ</span> <span class='ocrx_word' id='word_1_180' title='bbox 3530 1331 3646 1404; x_wconf 75' lang='grc' dir='ltr'><strong>εἵδῃ</strong></span> 
     </span>
    </p>
   </div>
   <div class='ocr_carea' id='block_1_28' title="bbox 2065 1425 3644 1500">
    <p class='ocr_par' dir='ltr' id='par_1_28' title="bbox 2065 1425 3644 1500">
     <span class='ocr_line' id='line_1_28' title="bbox 2065 1425 3644 1500; baseline -0.004 -18"><span class='ocrx_word' id='word_1_181' title='bbox 2065 1428 2187 1482; x_wconf 87' lang='grc' dir='ltr'>τινὰ</span> <span class='ocrx_word' id='word_1_182' title='bbox 2227 1426 2530 1500; x_wconf 84' lang='grc' dir='ltr'>ἀπρέπειαν</span> <span class='ocrx_word' id='word_1_183' title='bbox 2574 1425 3124 1498; x_wconf 82' lang='grc' dir='ltr'>ὑπερφαινομένην,ῆ</span> <span class='ocrx_word' id='word_1_184' title='bbox 3170 1425 3533 1494; x_wconf 80' lang='grc' dir='ltr'>ταπεινότητα</span> <span class='ocrx_word' id='word_1_185' title='bbox 3578 1426 3644 1493; x_wconf 83' lang='grc' dir='ltr'>τῇ</span> 
     </span>
    </p>
   </div>
   <div class='ocr_carea' id='block_1_29' title="bbox 2069 1510 3647 1590">
    <p class='ocr_par' dir='ltr' id='par_1_29' title="bbox 2069 1510 3647 1590">
     <span class='ocr_line' id='line_1_29' title="bbox 2069 1510 3647 1590; baseline -0.004 -17"><span class='ocrx_word' id='word_1_186' title='bbox 2069 1518 2390 1590; x_wconf 88' lang='grc' dir='ltr'>παρενθέσει</span> <span class='ocrx_word' id='word_1_187' title='bbox 2414 1519 2520 1571; x_wconf 89' lang='grc' dir='ltr'><strong>τῶν</strong></span> <span class='ocrx_word' id='word_1_188' title='bbox 2548 1519 2605 1570; x_wconf 84' lang='grc' dir='ltr'><strong>ἐν</strong></span> <span class='ocrx_word' id='word_1_189' title='bbox 2634 1518 2803 1589; x_wconf 84' lang='grc' dir='ltr'>μέσῳ,</span> <span class='ocrx_word' id='word_1_190' title='bbox 2834 1517 2994 1571; x_wconf 85' lang='grc' dir='ltr'>πάλιν</span> <span class='ocrx_word' id='word_1_191' title='bbox 3028 1515 3180 1581; x_wconf 74' lang='grc' dir='ltr'>αὔξει</span> <span class='ocrx_word' id='word_1_192' title='bbox 3213 1518 3306 1569; x_wconf 71' lang='grc' dir='ltr'><strong>τὸν</strong></span> <span class='ocrx_word' id='word_1_193' title='bbox 3333 1516 3510 1584; x_wconf 85' lang='grc' dir='ltr'>λόγον,</span> <span class='ocrx_word' id='word_1_194' title='bbox 3536 1510 3647 1568; x_wconf 79' lang='grc' dir='ltr'>οἷον</span> 
     </span>
    </p>
   </div>
   <div class='ocr_carea' id='block_1_30' title="bbox 2070 1605 3651 1676">
    <p class='ocr_par' dir='ltr' id='par_1_30' title="bbox 2070 1605 3651 1676">
     <span class='ocr_line' id='line_1_30' title="bbox 2070 1605 3651 1676; baseline -0.002 -13"><span class='ocrx_word' id='word_1_195' title='bbox 2070 1606 2242 1676; x_wconf 76' lang='grc' dir='ltr'>εἶπεν,</span> <span class='ocrx_word' id='word_1_196' title='bbox 2261 1609 2341 1662; x_wconf 81' lang='grc' dir='ltr'><strong>ὅτι</strong></span> <span class='ocrx_word' id='word_1_197' title='bbox 2354 1607 2583 1676; x_wconf 81' lang='grc' dir='ltr'>Κατέϐη</span> <span class='ocrx_word' id='word_1_198' title='bbox 2600 1609 2666 1662; x_wconf 81' lang='grc' dir='ltr'>ἐκ</span> <span class='ocrx_word' id='word_1_199' title='bbox 2686 1609 2805 1662; x_wconf 78' lang='grc' dir='ltr'>τῶν</span> <span class='ocrx_word' id='word_1_200' title='bbox 2823 1608 3110 1676; x_wconf 76' lang='grc' dir='ltr'><strong>οὐρανῶν,</strong></span> <span class='ocrx_word' id='word_1_201' title='bbox 3129 1608 3227 1661; x_wconf 81' lang='grc' dir='ltr'>καὶ</span> <span class='ocrx_word' id='word_1_202' title='bbox 3247 1605 3410 1675; x_wconf 79' lang='grc' dir='ltr'>εἶχεν</span> <span class='ocrx_word' id='word_1_203' title='bbox 3425 1608 3651 1676; x_wconf 75' lang='grc' dir='ltr'>τνόφον</span> 
     </span>
    </p>
   </div>
   <div class='ocr_carea' id='block_1_31' title="bbox 387 1690 1970 1778">
    <p class='ocr_par' dir='ltr' id='par_1_31' title="bbox 387 1690 1964 1762">
     <span class='ocr_line' id='line_1_31' title="bbox 387 1690 1964 1762; baseline -0.003 -13"><span class='ocrx_word' id='word_1_204' title='bbox 387 1693 607 1762; x_wconf 75' lang='lat' dir='ltr'><strong>pedibus</strong></span> <span class='ocrx_word' id='word_1_205' title='bbox 637 1693 775 1762; x_wconf 89' lang='lat' dir='ltr'><strong>ejus.</strong></span> <span class='ocrx_word' id='word_1_206' title='bbox 806 1691 980 1747; x_wconf 85' lang='lat' dir='ltr'><strong>Porro</strong></span> <span class='ocrx_word' id='word_1_207' title='bbox 1006 1706 1132 1746; x_wconf 88' lang='lat' dir='ltr'><strong>cum</strong></span> <span class='ocrx_word' id='word_1_208' title='bbox 1171 1691 1334 1745; x_wconf 90' lang='lat' dir='ltr'><strong>nobis</strong></span> <span class='ocrx_word' id='word_1_209' title='bbox 1364 1690 1629 1744; x_wconf 69' lang='lat' dir='ltr'><strong>humilior</strong></span> <span class='ocrx_word' id='word_1_210' title='bbox 1661 1692 1777 1746; x_wconf 87' lang='lat' dir='ltr'><strong>visa</strong></span> <span class='ocrx_word' id='word_1_211' title='bbox 1828 1690 1964 1745; x_wconf 81' lang='lat' dir='ltr'><strong>fuis-</strong></span> 
     </span>
    </p>
   </div>
   <div class='ocr_carea' id='block_1_32' title="bbox 2077 1690 3648 1778">
    <p class='ocr_par' dir='ltr' id='par_1_32' title="bbox 2077 1699 3648 1772">
     <span class='ocr_line' id='line_1_32' title="bbox 2077 1699 3648 1772; baseline -0.005 -15"><span class='ocrx_word' id='word_1_212' title='bbox 2077 1701 2187 1757; x_wconf 83' lang='grc' dir='ltr'><strong>ὑπὸ</strong></span> <span class='ocrx_word' id='word_1_213' title='bbox 2206 1702 2346 1768; x_wconf 83' lang='grc' dir='ltr'>τοὺς</span> <span class='ocrx_word' id='word_1_214' title='bbox 2366 1701 2555 1768; x_wconf 79' lang='grc' dir='ltr'>πόδας</span> <span class='ocrx_word' id='word_1_215' title='bbox 2573 1701 2778 1755; x_wconf 85' lang='grc' dir='ltr'>αὐτοῦ.</span> <span class='ocrx_word' id='word_1_216' title='bbox 2798 1702 3015 1772; x_wconf 76' lang='grc' dir='ltr'>Ἐπειδὴ</span> <span class='ocrx_word' id='word_1_217' title='bbox 3029 1701 3206 1753; x_wconf 82' lang='grc' dir='ltr'>τοίνυν</span> <span class='ocrx_word' id='word_1_218' title='bbox 3223 1701 3450 1768; x_wconf 86' lang='grc' dir='ltr'>ταπεινή</span> <span class='ocrx_word' id='word_1_219' title='bbox 3467 1716 3550 1760; x_wconf 86' lang='grc' dir='ltr'><strong>τις</strong></span> <span class='ocrx_word' id='word_1_220' title='bbox 3565 1699 3648 1749; x_wconf 83' lang='grc' dir='ltr'>ὲν-</span> 
     </span>
    </p>
   </div>
   <div class='ocr_carea' id='block_1_33' title="bbox 389 1781 1973 1856">
    <p class='ocr_par' dir='ltr' id='par_1_33' title="bbox 389 1781 1973 1856">
     <span class='ocr_line' id='line_1_33' title="bbox 389 1781 1973 1856; baseline -0.004 -14"><span class='ocrx_word' id='word_1_221' title='bbox 389 1794 475 1842; x_wconf 86' lang='lat' dir='ltr'><strong>set</strong></span> <span class='ocrx_word' id='word_1_222' title='bbox 534 1787 653 1841; x_wconf 60' lang='lat' dir='ltr'><strong>haec</strong></span> <span class='ocrx_word' id='word_1_223' title='bbox 697 1785 990 1856; x_wconf 50' lang='lat' dir='ltr'><strong>praesentia</strong></span> <span class='ocrx_word' id='word_1_224' title='bbox 1017 1825 1034 1850; x_wconf 93' lang='lat'><strong>,</strong></span> <span class='ocrx_word' id='word_1_225' title='bbox 1094 1781 1307 1837; x_wconf 87' lang='lat' dir='ltr'><strong>addidit</strong></span> <span class='ocrx_word' id='word_1_226' title='bbox 1364 1789 1458 1851; x_wconf 79' lang='grc' dir='ltr'><strong>(ν.</strong></span> <span class='ocrx_word' id='word_1_227' title='bbox 1523 1781 1633 1851; x_wconf 78' lang='lat' dir='ltr'><strong>ll)</strong></span> <span class='ocrx_word' id='word_1_228' title='bbox 1674 1800 1687 1836; x_wconf 89' lang='lat'><strong>:</strong></span> <span class='ocrx_word' id='word_1_229' title='bbox 1727 1782 1973 1837; x_wconf 79' lang='lat' dir='ltr'><strong>Ascendit</strong></span> 
     </span>
    </p>
   </div>
   <div class='ocr_carea' id='block_1_34' title="bbox 378 1875 1973 1959">
    <p class='ocr_par' dir='ltr' id='par_1_34' title="bbox 378 1875 1973 1959">
     <span class='ocr_line' id='line_1_34' title="bbox 378 1875 1973 1959; baseline 0.001 -29"><span class='ocrx_word' id='word_1_230' title='bbox 378 1893 543 1959; x_wconf 55' lang='lat' dir='ltr'><strong>super</strong></span> <span class='ocrx_word' id='word_1_231' title='bbox 590 1876 882 1940; x_wconf 82' lang='lat' dir='ltr'><strong>cherubim,</strong></span> <span class='ocrx_word' id='word_1_232' title='bbox 926 1875 1228 1931; x_wconf 89' lang='lat' dir='ltr'><strong>ostendens</strong></span> <span class='ocrx_word' id='word_1_233' title='bbox 1269 1875 1424 1928; x_wconf 89' lang='lat' dir='ltr'><strong>illum</strong></span> <span class='ocrx_word' id='word_1_234' title='bbox 1475 1883 1736 1946; x_wconf 86' lang='lat' dir='ltr'><strong>tanquam</strong></span> <span class='ocrx_word' id='word_1_235' title='bbox 1790 1891 1973 1947; x_wconf 77' lang='lat' dir='ltr'><strong>regem</strong></span> 
     </span>
    </p>
   </div>
   <div class='ocr_carea' id='block_1_35' title="bbox 389 1965 1963 2042">
    <p class='ocr_par' dir='ltr' id='par_1_35' title="bbox 389 1965 1963 2042">
     <span class='ocr_line' id='line_1_35' title="bbox 389 1965 1963 2042; baseline -0.003 -15"><span class='ocrx_word' id='word_1_236' title='bbox 389 1985 556 2042; x_wconf 86' lang='lat' dir='ltr'><strong>super</strong></span> <span class='ocrx_word' id='word_1_237' title='bbox 587 1971 756 2023; x_wconf 76' lang='lat' dir='ltr'><strong>curru’</strong></span> <span class='ocrx_word' id='word_1_238' title='bbox 786 1968 1089 2032; x_wconf 88' lang='lat' dir='ltr'><strong>sedentem,</strong></span> <span class='ocrx_word' id='word_1_239' title='bbox 1121 1981 1360 2037; x_wconf 90' lang='lat' dir='ltr'><strong>cumque</strong></span> <span class='ocrx_word' id='word_1_240' title='bbox 1387 1965 1676 2037; x_wconf 79' lang='lat' dir='ltr'><strong>majestate</strong></span> <span class='ocrx_word' id='word_1_241' title='bbox 1702 1983 1963 2039; x_wconf 87' lang='lat' dir='ltr'><strong>apparen-</strong></span> 
     </span>
    </p>
   </div>
   <div class='ocr_carea' id='block_1_36' title="bbox 390 2059 1976 2127">
    <p class='ocr_par' dir='ltr' id='par_1_36' title="bbox 390 2059 1976 2127">
     <span class='ocr_line' id='line_1_36' title="bbox 390 2059 1976 2127; baseline -0.002 -11"><span class='ocrx_word' id='word_1_242' title='bbox 390 2073 522 2117; x_wconf 89' lang='lat' dir='ltr'><strong>tem.</strong></span> <span class='ocrx_word' id='word_1_243' title='bbox 554 2059 784 2122; x_wconf 88' lang='lat' dir='ltr'><strong>Deinde,</strong></span> <span class='ocrx_word' id='word_1_244' title='bbox 829 2065 1089 2114; x_wconf 68' lang='lat' dir='ltr'><strong>contextu</strong></span> <span class='ocrx_word' id='word_1_245' title='bbox 1127 2068 1428 2127; x_wconf 87' lang='lat' dir='ltr'><strong>resumpto,</strong></span> <span class='ocrx_word' id='word_1_246' title='bbox 1469 2075 1667 2114; x_wconf 84' lang='lat' dir='ltr'><strong>rursus</strong></span> <span class='ocrx_word' id='word_1_247' title='bbox 1712 2059 1845 2114; x_wconf 88' lang='lat' dir='ltr'><strong>illud</strong></span> <span class='ocrx_word' id='word_1_248' title='bbox 1892 2059 1976 2114; x_wconf 87' lang='lat' dir='ltr'><strong>di-</strong></span> 
     </span>
    </p>
   </div>
   <div class='ocr_carea' id='block_1_37' title="bbox 389 2150 1975 2224">
    <p class='ocr_par' dir='ltr' id='par_1_37' title="bbox 389 2150 1975 2224">
     <span class='ocr_line' id='line_1_37' title="bbox 389 2150 1975 2224; baseline -0.001 -17"><span class='ocrx_word' id='word_1_249' title='bbox 389 2153 473 2208; x_wconf 78' lang='lat' dir='ltr'><strong>xit</strong></span> <span class='ocrx_word' id='word_1_250' title='bbox 503 2170 516 2205; x_wconf 88' lang='lat'><strong>:</strong></span> <span class='ocrx_word' id='word_1_251' title='bbox 546 2151 617 2206; x_wconf 89' lang='lat' dir='ltr'><strong>Et</strong></span> <span class='ocrx_word' id='word_1_252' title='bbox 647 2151 1094 2221; x_wconf 77' lang='lat' dir='ltr'><strong>posuit‘tenebras</strong></span> <span class='ocrx_word' id='word_1_253' title='bbox 1126 2150 1409 2206; x_wconf 73' lang='lat' dir='ltr'><strong>latibulum</strong></span> <span class='ocrx_word' id='word_1_254' title='bbox 1447 2168 1602 2206; x_wconf 88' lang='lat' dir='ltr'><strong>suum</strong></span> <span class='ocrx_word' id='word_1_255' title='bbox 1633 2161 1709 2221; x_wconf 78' lang='grc' dir='ltr'><strong>(ν.</strong></span> <span class='ocrx_word' id='word_1_256' title='bbox 1741 2152 1808 2206; x_wconf 74' lang='grc'><strong>12</strong></span> <span class='ocrx_word' id='word_1_257' title='bbox 1827 2151 1869 2224; x_wconf 91' lang='grc'>),</span> <span class='ocrx_word' id='word_1_258' title='bbox 1905 2161 1975 2216; x_wconf 84' lang='lat' dir='ltr'><strong>et,</strong></span> 
     </span>
    </p>
   </div>
   <div class='ocr_carea' id='block_1_38' title="bbox 390 2243 1981 2316">
    <p class='ocr_par' dir='ltr' id='par_1_38' title="bbox 390 2243 1981 2316">
     <span class='ocr_line' id='line_1_38' title="bbox 390 2243 1981 2316; baseline -0.001 -17"><span class='ocrx_word' id='word_1_259' title='bbox 390 2243 540 2316; x_wconf 89' lang='lat' dir='ltr'><strong>quod</strong></span> <span class='ocrx_word' id='word_1_260' title='bbox 572 2259 919 2314; x_wconf 88' lang='lat' dir='ltr'><strong>consequens</strong></span> <span class='ocrx_word' id='word_1_261' title='bbox 961 2252 1068 2311; x_wconf 88' lang='lat' dir='ltr'><strong>est,</strong></span> <span class='ocrx_word' id='word_1_262' title='bbox 1114 2245 1285 2316; x_wconf 86' lang='lat' dir='ltr'><strong>caligo</strong></span> <span class='ocrx_word' id='word_1_263' title='bbox 1329 2243 1425 2300; x_wconf 90' lang='lat' dir='ltr'><strong>sub</strong></span> <span class='ocrx_word' id='word_1_264' title='bbox 1471 2244 1688 2313; x_wconf 78' lang='lat' dir='ltr'><strong>pedibus</strong></span> <span class='ocrx_word' id='word_1_265' title='bbox 1737 2246 1877 2311; x_wconf 81' lang='lat' dir='ltr'><strong>eius.</strong></span> <span class='ocrx_word' id='word_1_266' title='bbox 1912 2244 1981 2298; x_wconf 87' lang='lat' dir='ltr'><strong>At</strong></span> 
     </span>
    </p>
   </div>
   <div class='ocr_carea' id='block_1_39' title="bbox 389 2335 1976 2407">
    <p class='ocr_par' dir='ltr' id='par_1_39' title="bbox 389 2335 1976 2407">
     <span class='ocr_line' id='line_1_39' title="bbox 389 2335 1976 2407; baseline -0.002 -15"><span class='ocrx_word' id='word_1_267' title='bbox 389 2352 518 2392; x_wconf 90' lang='lat' dir='ltr'><strong>cum</strong></span> <span class='ocrx_word' id='word_1_268' title='bbox 553 2337 710 2407; x_wconf 91' lang='lat' dir='ltr'><strong>plura</strong></span> <span class='ocrx_word' id='word_1_269' title='bbox 737 2336 805 2391; x_wconf 88' lang='lat' dir='ltr'><strong>de</strong></span> <span class='ocrx_word' id='word_1_270' title='bbox 833 2335 1060 2390; x_wconf 75' lang='lat' dir='ltr'><strong>tenebris</strong></span> <span class='ocrx_word' id='word_1_271' title='bbox 1083 2335 1306 2400; x_wconf 75' lang='lat' dir='ltr'><strong>dixerit,</strong></span> <span class='ocrx_word' id='word_1_272' title='bbox 1341 2336 1554 2391; x_wconf 90' lang='lat' dir='ltr'><strong>scilicet</strong></span> <span class='ocrx_word' id='word_1_273' title='bbox 1581 2352 1704 2406; x_wconf 85' lang='lat' dir='ltr'><strong>quae</strong></span> <span class='ocrx_word' id='word_1_274' title='bbox 1726 2345 1854 2392; x_wconf 88' lang='lat' dir='ltr'><strong>sunt</strong></span> <span class='ocrx_word' id='word_1_275' title='bbox 1881 2336 1976 2390; x_wconf 90' lang='lat' dir='ltr'><strong>sub</strong></span> 
     </span>
    </p>
   </div>
   <div class='ocr_carea' id='block_1_40' title="bbox 389 2427 1979 2499">
    <p class='ocr_par' dir='ltr' id='par_1_40' title="bbox 389 2427 1979 2499">
     <span class='ocr_line' id='line_1_40' title="bbox 389 2427 1979 2499; baseline -0.002 -14"><span class='ocrx_word' id='word_1_276' title='bbox 389 2429 609 2499; x_wconf 83' lang='lat' dir='ltr'><strong>pedibus</strong></span> <span class='ocrx_word' id='word_1_277' title='bbox 639 2428 757 2498; x_wconf 82' lang='lat' dir='ltr'><strong>ejus</strong></span> <span class='ocrx_word' id='word_1_278' title='bbox 793 2429 1027 2498; x_wconf 90' lang='lat' dir='ltr'><strong>illosque</strong></span> <span class='ocrx_word' id='word_1_279' title='bbox 1070 2427 1439 2494; x_wconf 90' lang='lat' dir='ltr'><strong>abscondunt,</strong></span> <span class='ocrx_word' id='word_1_280' title='bbox 1488 2428 1785 2498; x_wconf 85' lang='lat' dir='ltr'><strong>quodpiam</strong></span> <span class='ocrx_word' id='word_1_281' title='bbox 1823 2428 1979 2482; x_wconf 89' lang='lat' dir='ltr'><strong>inde-</strong></span> 
     </span>
    </p>
   </div>
   <div class='ocr_carea' id='block_1_41' title="bbox 395 2518 1977 2590">
    <p class='ocr_par' dir='ltr' id='par_1_41' title="bbox 395 2518 1977 2590">
     <span class='ocr_line' id='line_1_41' title="bbox 395 2518 1977 2590; baseline -0.003 -14"><span class='ocrx_word' id='word_1_282' title='bbox 395 2536 530 2577; x_wconf 88' lang='lat' dir='ltr'><strong>cens</strong></span> <span class='ocrx_word' id='word_1_283' title='bbox 559 2537 625 2576; x_wconf 78' lang='lat' dir='ltr'><strong>ex</strong></span> <span class='ocrx_word' id='word_1_284' title='bbox 676 2519 897 2590; x_wconf 89' lang='lat' dir='ltr'><strong>eloquio</strong></span> <span class='ocrx_word' id='word_1_285' title='bbox 943 2533 1104 2574; x_wconf 90' lang='lat' dir='ltr'><strong>sacro</strong></span> <span class='ocrx_word' id='word_1_286' title='bbox 1161 2518 1456 2590; x_wconf 85' lang='lat' dir='ltr'><strong>provenire</strong></span> <span class='ocrx_word' id='word_1_287' title='bbox 1506 2518 1812 2582; x_wconf 78' lang='lat' dir='ltr'><strong>videbatur,</strong></span> <span class='ocrx_word' id='word_1_288' title='bbox 1853 2534 1977 2573; x_wconf 89' lang='lat' dir='ltr'><strong>cum</strong></span> 
     </span>
    </p>
   </div>
   <div class='ocr_carea' id='block_1_42' title="bbox 393 2609 1980 2682">
    <p class='ocr_par' dir='ltr' id='par_1_42' title="bbox 393 2609 1980 2682">
     <span class='ocr_line' id='line_1_42' title="bbox 393 2609 1980 2682; baseline -0.002 -14"><span class='ocrx_word' id='word_1_289' title='bbox 393 2614 666 2670; x_wconf 82' lang='lat' dir='ltr'><strong>asseritur</strong></span> <span class='ocrx_word' id='word_1_290' title='bbox 711 2611 1009 2667; x_wconf 83' lang='lat' dir='ltr'><strong>circuitum</strong></span> <span class='ocrx_word' id='word_1_291' title='bbox 1068 2609 1425 2667; x_wconf 91' lang='lat' dir='ltr'><strong>tenebrosum</strong></span> <span class='ocrx_word' id='word_1_292' title='bbox 1470 2610 1592 2680; x_wconf 84' lang='lat' dir='ltr'><strong>ejus</strong></span> <span class='ocrx_word' id='word_1_293' title='bbox 1634 2625 1756 2666; x_wconf 86' lang='lat' dir='ltr'><strong>esse</strong></span> <span class='ocrx_word' id='word_1_294' title='bbox 1806 2611 1980 2682; x_wconf 86' lang='lat' dir='ltr'><strong>ipsius</strong></span> 
     </span>
    </p>
   </div>
   <div class='ocr_carea' id='block_1_43' title="bbox 389 2700 1978 2773">
    <p class='ocr_par' dir='ltr' id='par_1_43' title="bbox 389 2700 1978 2773">
     <span class='ocr_line' id='line_1_43' title="bbox 389 2700 1978 2773; baseline -0.001 -15"><span class='ocrx_word' id='word_1_295' title='bbox 389 2703 814 2760; x_wconf 86' lang='lat' dir='ltr'><strong>tabernaculum</strong></span> <span class='ocrx_word' id='word_1_296' title='bbox 847 2720 864 2769; x_wconf 90' lang='lat'><strong>;</strong></span> <span class='ocrx_word' id='word_1_297' title='bbox 895 2701 993 2759; x_wconf 90' lang='lat' dir='ltr'><strong>sed</strong></span> <span class='ocrx_word' id='word_1_298' title='bbox 1044 2702 1247 2773; x_wconf 90' lang='lat' dir='ltr'><strong>primo,</strong></span> <span class='ocrx_word' id='word_1_299' title='bbox 1288 2701 1548 2764; x_wconf 65' lang='lat' dir='ltr'><strong>tenebrae,</strong></span> <span class='ocrx_word' id='word_1_300' title='bbox 1615 2700 1817 2770; x_wconf 90' lang='lat' dir='ltr'><strong>inquit,</strong></span> <span class='ocrx_word' id='word_1_301' title='bbox 1850 2700 1978 2756; x_wconf 92' lang='lat' dir='ltr'><strong>dum</strong></span> 
     </span>
    </p>
   </div>
   <div class='ocr_carea' id='block_1_44' title="bbox 391 2789 1983 2864">
    <p class='ocr_par' dir='ltr' id='par_1_44' title="bbox 391 2789 1983 2864">
     <span class='ocr_line' id='line_1_44' title="bbox 391 2789 1983 2864; baseline -0.003 -15"><span class='ocrx_word' id='word_1_302' title='bbox 391 2794 512 2864; x_wconf 89' lang='lat' dir='ltr'><strong>ipse</strong></span> <span class='ocrx_word' id='word_1_303' title='bbox 540 2793 711 2864; x_wconf 80' lang='lat' dir='ltr'><strong>latet,</strong></span> <span class='ocrx_word' id='word_1_304' title='bbox 747 2791 1013 2847; x_wconf 85' lang='lat' dir='ltr'><strong>adversus</strong></span> <span class='ocrx_word' id='word_1_305' title='bbox 1039 2791 1291 2845; x_wconf 90' lang='lat' dir='ltr'><strong>inimicos</strong></span> <span class='ocrx_word' id='word_1_306' title='bbox 1323 2789 1712 2859; x_wconf 87' lang='lat' dir='ltr'><strong>projiciuntur,</strong></span> <span class='ocrx_word' id='word_1_307' title='bbox 1758 2789 1983 2860; x_wconf 87' lang='lat' dir='ltr'><strong>ipseque</strong></span> 
     </span>
    </p>
   </div>
   <div class='ocr_carea' id='block_1_45' title="bbox 392 2880 1980 2952">
    <p class='ocr_par' dir='ltr' id='par_1_45' title="bbox 392 2880 1980 2952">
     <span class='ocr_line' id='line_1_45' title="bbox 392 2880 1980 2952; baseline -0.003 -14"><span class='ocrx_word' id='word_1_308' title='bbox 392 2883 614 2938; x_wconf 83' lang='lat' dir='ltr'><strong>interim</strong></span> <span class='ocrx_word' id='word_1_309' title='bbox 656 2896 686 2936; x_wconf 91' lang='lat' dir='ltr'><strong>a</strong></span> <span class='ocrx_word' id='word_1_310' title='bbox 721 2882 939 2937; x_wconf 86' lang='lat' dir='ltr'><strong>nemine</strong></span> <span class='ocrx_word' id='word_1_311' title='bbox 961 2881 1198 2936; x_wconf 87' lang='lat' dir='ltr'><strong>videtur.</strong></span> <span class='ocrx_word' id='word_1_312' title='bbox 1225 2880 1379 2935; x_wconf 81' lang='lat' dir='ltr'><strong>Alias</strong></span> <span class='ocrx_word' id='word_1_313' title='bbox 1411 2880 1516 2934; x_wconf 90' lang='lat' dir='ltr'><strong>hoc</strong></span> <span class='ocrx_word' id='word_1_314' title='bbox 1565 2880 1980 2952; x_wconf 83' lang='lat' dir='ltr'><strong>tabernaculum</strong></span> 
     </span>
    </p>
   </div>
   <div class='ocr_carea' id='block_1_46' title="bbox 398 2970 1984 3043">
    <p class='ocr_par' dir='ltr' id='par_1_46' title="bbox 398 2970 1984 3043">
     <span class='ocr_line' id='line_1_46' title="bbox 398 2970 1984 3043; baseline -0.003 -14"><span class='ocrx_word' id='word_1_315' title='bbox 398 2973 526 3043; x_wconf 87' lang='lat' dir='ltr'><strong>ejus</strong></span> <span class='ocrx_word' id='word_1_316' title='bbox 554 2973 704 3027; x_wconf 90' lang='lat' dir='ltr'><strong>circa</strong></span> <span class='ocrx_word' id='word_1_317' title='bbox 737 2987 863 3027; x_wconf 90' lang='lat' dir='ltr'><strong>eum</strong></span> <span class='ocrx_word' id='word_1_318' title='bbox 895 2980 1046 3036; x_wconf 88' lang='lat' dir='ltr'><strong>erat,</strong></span> <span class='ocrx_word' id='word_1_319' title='bbox 1069 2972 1145 3024; x_wconf 89' lang='lat' dir='ltr'><strong>ita</strong></span> <span class='ocrx_word' id='word_1_320' title='bbox 1177 2979 1238 3025; x_wconf 86' lang='lat' dir='ltr'><strong>ut</strong></span> <span class='ocrx_word' id='word_1_321' title='bbox 1268 2970 1482 3024; x_wconf 84' lang='lat' dir='ltr'><strong>dicatur</strong></span> <span class='ocrx_word' id='word_1_322' title='bbox 1517 2970 1631 3034; x_wconf 84' lang='lat' dir='ltr'><strong>lux,</strong></span> <span class='ocrx_word' id='word_1_323' title='bbox 1680 2971 1824 3025; x_wconf 90' lang='lat' dir='ltr'><strong>sicut</strong></span> <span class='ocrx_word' id='word_1_324' title='bbox 1853 2970 1984 3024; x_wconf 87' lang='lat' dir='ltr'><strong>bea-</strong></span> 
     </span>
    </p>
   </div>
   <div class='ocr_carea' id='block_1_47' title="bbox 2074 1790 3650 1864">
    <p class='ocr_par' dir='ltr' id='par_1_47' title="bbox 2074 1790 3650 1864">
     <span class='ocr_line' id='line_1_47' title="bbox 2074 1790 3650 1864; baseline -0.003 -18"><span class='ocrx_word' id='word_1_325' title='bbox 2074 1792 2262 1864; x_wconf 79' lang='grc' dir='ltr'>τεῦθεν</span> <span class='ocrx_word' id='word_1_326' title='bbox 2289 1791 2616 1862; x_wconf 78' lang='grc' dir='ltr'>ὑπεφαίνετο</span> <span class='ocrx_word' id='word_1_327' title='bbox 2638 1794 2671 1862; x_wconf 84' lang='grc' dir='ltr'>ἠ</span> <span class='ocrx_word' id='word_1_328' title='bbox 2695 1791 2985 1863; x_wconf 87' lang='grc' dir='ltr'>παρουσία,</span> <span class='ocrx_word' id='word_1_329' title='bbox 3008 1790 3314 1862; x_wconf 80' lang='grc' dir='ltr'>παρέθηκεν</span> <span class='ocrx_word' id='word_1_330' title='bbox 3340 1790 3420 1853; x_wconf 73' lang='grc' dir='ltr'><strong>τὸ,</strong></span> <span class='ocrx_word' id='word_1_331' title='bbox 3439 1790 3650 1856; x_wconf 74' lang='grc' dir='ltr'><strong>Ἐπέΰη</strong></span> 
     </span>
    </p>
   </div>
   <div class='ocr_carea' id='block_1_48' title="bbox 2075 1881 3654 1955">
    <p class='ocr_par' dir='ltr' id='par_1_48' title="bbox 2075 1881 3654 1955">
     <span class='ocr_line' id='line_1_48' title="bbox 2075 1881 3654 1955; baseline -0.004 -15"><span class='ocrx_word' id='word_1_332' title='bbox 2075 1885 2173 1940; x_wconf 78' lang='grc' dir='ltr'><strong>ἐπὶ</strong></span> <span class='ocrx_word' id='word_1_333' title='bbox 2197 1885 2500 1955; x_wconf 77' lang='grc' dir='ltr'>χερουϐίμ,</span> <span class='ocrx_word' id='word_1_334' title='bbox 2526 1885 2735 1947; x_wconf 84' lang='grc' dir='ltr'>δεικνὺς</span> <span class='ocrx_word' id='word_1_335' title='bbox 2766 1882 2925 1936; x_wconf 82' lang='grc' dir='ltr'>αὑτὸν</span> <span class='ocrx_word' id='word_1_336' title='bbox 2948 1882 3021 1946; x_wconf 86' lang='grc' dir='ltr'>ὡς</span> <span class='ocrx_word' id='word_1_337' title='bbox 3048 1882 3267 1952; x_wconf 88' lang='grc' dir='ltr'>βασιλέα</span> <span class='ocrx_word' id='word_1_338' title='bbox 3299 1881 3385 1950; x_wconf 77' lang='grc' dir='ltr'>ὑφ’</span> <span class='ocrx_word' id='word_1_339' title='bbox 3403 1881 3654 1953; x_wconf 73' lang='grc' dir='ltr'>ἅρματος</span> 
     </span>
    </p>
   </div>
   <div class='ocr_carea' id='block_1_49' title="bbox 2077 1967 3656 2048">
    <p class='ocr_par' dir='ltr' id='par_1_49' title="bbox 2077 1967 3656 2048">
     <span class='ocr_line' id='line_1_49' title="bbox 2077 1967 3656 2048; baseline -0.004 -18"><span class='ocrx_word' id='word_1_340' title='bbox 2077 1977 2388 2048; x_wconf 81' lang='grc' dir='ltr'>ὀχούμενον,</span> <span class='ocrx_word' id='word_1_341' title='bbox 2415 1976 2510 2029; x_wconf 67' lang='grc' dir='ltr'><strong>καὶ</strong></span> <span class='ocrx_word' id='word_1_342' title='bbox 2557 1974 2701 2028; x_wconf 76' lang='grc' dir='ltr'>οὕτω</span> <span class='ocrx_word' id='word_1_343' title='bbox 2748 1973 3180 2045; x_wconf 81' lang='grc' dir='ltr'>παραγινόμενον</span> <span class='ocrx_word' id='word_1_344' title='bbox 3200 1991 3213 2005; x_wconf 76' lang='grc' dir='ltr'><strong>ο</strong></span> <span class='ocrx_word' id='word_1_345' title='bbox 3245 1967 3362 2025; x_wconf 76' lang='grc' dir='ltr'>εἶτα</span> <span class='ocrx_word' id='word_1_346' title='bbox 3392 1971 3492 2042; x_wconf 79' lang='grc' dir='ltr'><strong>τῆς</strong></span> <span class='ocrx_word' id='word_1_347' title='bbox 3525 1973 3656 2025; x_wconf 85' lang='grc' dir='ltr'>ἁκο-</span> 
     </span>
    </p>
   </div>
   <div class='ocr_carea' id='block_1_50' title="bbox 2076 2061 3652 2140">
    <p class='ocr_par' dir='ltr' id='par_1_50' title="bbox 2076 2061 3652 2140">
     <span class='ocr_line' id='line_1_50' title="bbox 2076 2061 3652 2140; baseline -0.005 -17"><span class='ocrx_word' id='word_1_348' title='bbox 2076 2069 2294 2134; x_wconf 86' lang='grc' dir='ltr'>λουθίας</span> <span class='ocrx_word' id='word_1_349' title='bbox 2320 2069 2616 2140; x_wconf 79' lang='grc' dir='ltr'>λαϐόμενος</span> <span class='ocrx_word' id='word_1_350' title='bbox 2633 2067 2793 2121; x_wconf 85' lang='grc' dir='ltr'>πάλιν</span> <span class='ocrx_word' id='word_1_351' title='bbox 2821 2061 2972 2120; x_wconf 73' lang='grc' dir='ltr'>εἶπεν</span> <span class='ocrx_word' id='word_1_352' title='bbox 2999 2067 3079 2130; x_wconf 84' lang='grc' dir='ltr'><strong>τὸ,</strong></span> <span class='ocrx_word' id='word_1_353' title='bbox 3108 2064 3216 2120; x_wconf 80' lang='grc' dir='ltr'><strong>Καὶ</strong></span> <span class='ocrx_word' id='word_1_354' title='bbox 3237 2064 3402 2119; x_wconf 78' lang='grc' dir='ltr'>ἔθετο</span> <span class='ocrx_word' id='word_1_355' title='bbox 3425 2065 3652 2130; x_wconf 78' lang='grc' dir='ltr'>σκότος</span> 
     </span>
    </p>
   </div>
   <div class='ocr_carea' id='block_1_51' title="bbox 2077 2155 3657 2230">
    <p class='ocr_par' dir='ltr' id='par_1_51' title="bbox 2077 2155 3657 2230">
     <span class='ocr_line' id='line_1_51' title="bbox 2077 2155 3657 2230; baseline -0.005 -15"><span class='ocrx_word' id='word_1_356' title='bbox 2077 2160 2438 2230; x_wconf 70' lang='grc' dir='ltr'>ἀποκρυφὴν</span> <span class='ocrx_word' id='word_1_357' title='bbox 2485 2159 2694 2223; x_wconf 82' lang='grc' dir='ltr'>αὑτοῦ,</span> <span class='ocrx_word' id='word_1_358' title='bbox 2730 2157 3020 2212; x_wconf 90' lang='grc' dir='ltr'>ἀκόλουθον</span> <span class='ocrx_word' id='word_1_359' title='bbox 3064 2157 3123 2210; x_wconf 79' lang='grc' dir='ltr'>ὃν</span> <span class='ocrx_word' id='word_1_360' title='bbox 3167 2156 3266 2228; x_wconf 78' lang='grc' dir='ltr'>τῷ,</span> <span class='ocrx_word' id='word_1_361' title='bbox 3296 2155 3405 2209; x_wconf 78' lang='grc' dir='ltr'><strong>Καὶ</strong></span> <span class='ocrx_word' id='word_1_362' title='bbox 3430 2155 3657 2225; x_wconf 62' lang='grc' dir='ltr'>γνόφος</span> 
     </span>
    </p>
   </div>
   <div class='ocr_carea' id='block_1_52' title="bbox 2078 2242 3656 2317">
    <p class='ocr_par' dir='ltr' id='par_1_52' title="bbox 2078 2242 3656 2317">
     <span class='ocr_line' id='line_1_52' title="bbox 2078 2242 3656 2317; baseline -0.006 -13"><span class='ocrx_word' id='word_1_363' title='bbox 2078 2249 2196 2304; x_wconf 80' lang='grc' dir='ltr'><strong>ὐπὸ</strong></span> <span class='ocrx_word' id='word_1_364' title='bbox 2227 2249 2369 2316; x_wconf 86' lang='grc' dir='ltr'>τοὺς</span> <span class='ocrx_word' id='word_1_365' title='bbox 2401 2246 2593 2314; x_wconf 79' lang='grc' dir='ltr'>πόδας</span> <span class='ocrx_word' id='word_1_366' title='bbox 2611 2248 2796 2302; x_wconf 85' lang='grc' dir='ltr'>αὐτοῦ</span> <span class='ocrx_word' id='word_1_367' title='bbox 2815 2264 2828 2276; x_wconf 93' lang='grc'>·</span> <span class='ocrx_word' id='word_1_368' title='bbox 2863 2246 2977 2300; x_wconf 81' lang='grc' dir='ltr'>ἀλλ’</span> <span class='ocrx_word' id='word_1_369' title='bbox 2997 2247 3184 2317; x_wconf 84' lang='grc' dir='ltr'>ἐπειδὴ</span> <span class='ocrx_word' id='word_1_370' title='bbox 3213 2245 3379 2298; x_wconf 79' lang='grc' dir='ltr'>πολὺν</span> <span class='ocrx_word' id='word_1_371' title='bbox 3408 2242 3656 2315; x_wconf 73' lang='grc' dir='ltr'>περὶτοῦ</span> 
     </span>
    </p>
   </div>
   <div class='ocr_carea' id='block_1_53' title="bbox 2080 2333 3660 2413">
    <p class='ocr_par' dir='ltr' id='par_1_53' title="bbox 2080 2333 3660 2413">
     <span class='ocr_line' id='line_1_53' title="bbox 2080 2333 3660 2413; baseline -0.008 -16"><span class='ocrx_word' id='word_1_372' title='bbox 2080 2343 2302 2406; x_wconf 83' lang='grc' dir='ltr'>σκότους</span> <span class='ocrx_word' id='word_1_373' title='bbox 2336 2342 2625 2413; x_wconf 82' lang='grc' dir='ltr'>ἐποιήσατο</span> <span class='ocrx_word' id='word_1_374' title='bbox 2657 2339 2747 2394; x_wconf 84' lang='grc' dir='ltr'>τδν</span> <span class='ocrx_word' id='word_1_375' title='bbox 2780 2339 2958 2409; x_wconf 85' lang='grc' dir='ltr'>λόγον,</span> <span class='ocrx_word' id='word_1_376' title='bbox 2990 2337 3066 2401; x_wconf 84' lang='grc' dir='ltr'>ὡς</span> <span class='ocrx_word' id='word_1_377' title='bbox 3091 2338 3240 2400; x_wconf 72' lang='grc' dir='ltr'>ὄντος</span> <span class='ocrx_word' id='word_1_378' title='bbox 3271 2335 3379 2388; x_wconf 83' lang='grc' dir='ltr'>ὑπὸ</span> <span class='ocrx_word' id='word_1_379' title='bbox 3408 2336 3535 2398; x_wconf 82' lang='grc' dir='ltr'>τοὺς</span> <span class='ocrx_word' id='word_1_380' title='bbox 3563 2333 3660 2386; x_wconf 83' lang='grc' dir='ltr'>πό-</span> 
     </span>
    </p>
   </div>
   <div class='ocr_carea' id='block_1_54' title="bbox 2082 2425 3660 2503">
    <p class='ocr_par' dir='ltr' id='par_1_54' title="bbox 2082 2425 3660 2503">
     <span class='ocr_line' id='line_1_54' title="bbox 2082 2425 3660 2503; baseline -0.008 -14"><span class='ocrx_word' id='word_1_381' title='bbox 2082 2433 2179 2497; x_wconf 79' lang='grc' dir='ltr'>δας</span> <span class='ocrx_word' id='word_1_382' title='bbox 2204 2432 2390 2497; x_wconf 83' lang='grc' dir='ltr'>αὐτοῦ,</span> <span class='ocrx_word' id='word_1_383' title='bbox 2429 2433 2524 2485; x_wconf 60' lang='grc' dir='ltr'><strong>καλ¹</strong></span> <span class='ocrx_word' id='word_1_384' title='bbox 2554 2431 2997 2503; x_wconf 88' lang='grc' dir='ltr'>ἀποκρύπτοντος</span> <span class='ocrx_word' id='word_1_385' title='bbox 3027 2429 3244 2492; x_wconf 74' lang='grc' dir='ltr'>αὐτοὺς,</span> <span class='ocrx_word' id='word_1_386' title='bbox 3280 2427 3452 2481; x_wconf 84' lang='grc' dir='ltr'>ἐδόκει</span> <span class='ocrx_word' id='word_1_387' title='bbox 3491 2425 3545 2479; x_wconf 83' lang='grc' dir='ltr'>δέ</span> <span class='ocrx_word' id='word_1_388' title='bbox 3574 2443 3660 2489; x_wconf 88' lang='grc' dir='ltr'><strong>τις</strong></span> 
     </span>
    </p>
   </div>
   <div class='ocr_carea' id='block_1_55' title="bbox 2082 2519 3662 2594">
    <p class='ocr_par' dir='ltr' id='par_1_55' title="bbox 2082 2519 3662 2594">
     <span class='ocr_line' id='line_1_55' title="bbox 2082 2519 3662 2594; baseline -0.005 -16"><span class='ocrx_word' id='word_1_389' title='bbox 2082 2525 2354 2593; x_wconf 84' lang='grc' dir='ltr'>ἁπρέπεια</span> <span class='ocrx_word' id='word_1_390' title='bbox 2385 2523 2690 2592; x_wconf 74' lang='grc' dir='ltr'>ἐγγίνεσθαι</span> <span class='ocrx_word' id='word_1_391' title='bbox 2721 2523 2799 2594; x_wconf 84' lang='grc' dir='ltr'>τῷ</span> <span class='ocrx_word' id='word_1_392' title='bbox 2825 2521 3208 2594; x_wconf 61' lang='grc' dir='ltr'>σχηματισμῷ</span> <span class='ocrx_word' id='word_1_393' title='bbox 3227 2519 3662 2590; x_wconf 75' lang='grc' dir='ltr'>ἀσφαλιζόμενος</span> 
     </span>
    </p>
   </div>
   <div class='ocr_carea' id='block_1_56' title="bbox 2078 2610 3659 2686">
    <p class='ocr_par' dir='ltr' id='par_1_56' title="bbox 2078 2610 3659 2686">
     <span class='ocr_line' id='line_1_56' title="bbox 2078 2610 3659 2686; baseline -0.004 -16"><span class='ocrx_word' id='word_1_394' title='bbox 2078 2618 2140 2671; x_wconf 77' lang='grc' dir='ltr'>τὸ</span> <span class='ocrx_word' id='word_1_395' title='bbox 2173 2617 2475 2670; x_wconf 81' lang='grc' dir='ltr'>ὕποπίπτον</span> <span class='ocrx_word' id='word_1_396' title='bbox 2503 2616 2684 2686; x_wconf 82' lang='grc' dir='ltr'>κύκλῳ</span> <span class='ocrx_word' id='word_1_397' title='bbox 2713 2615 2898 2680; x_wconf 79' lang='grc' dir='ltr'>αὐτοῦ,</span> <span class='ocrx_word' id='word_1_398' title='bbox 2925 2614 3107 2685; x_wconf 86' lang='grc' dir='ltr'>φησίν·</span> <span class='ocrx_word' id='word_1_399' title='bbox 3125 2615 3196 2668; x_wconf 84' lang='grc' dir='ltr'><em>Ἡ</em></span> <span class='ocrx_word' id='word_1_400' title='bbox 3221 2613 3420 2680; x_wconf 75' lang='grc' dir='ltr'>σκηνὴ</span> <span class='ocrx_word' id='word_1_401' title='bbox 3449 2610 3659 2666; x_wconf 85' lang='grc' dir='ltr'>αὑτοῦ.</span> 
     </span>
    </p>
   </div>
   <div class='ocr_carea' id='block_1_57' title="bbox 2093 2703 3665 2779">
    <p class='ocr_par' dir='ltr' id='par_1_57' title="bbox 2093 2703 3665 2779">
     <span class='ocr_line' id='line_1_57' title="bbox 2093 2703 3665 2779; baseline -0.004 -18"><span class='ocrx_word' id='word_1_402' title='bbox 2093 2707 2254 2762; x_wconf 82' lang='grc' dir='ltr'>Ἀλλά</span> <span class='ocrx_word' id='word_1_403' title='bbox 2281 2708 2341 2761; x_wconf 82' lang='grc' dir='ltr'><strong>τὸ</strong></span> <span class='ocrx_word' id='word_1_404' title='bbox 2374 2707 2474 2779; x_wconf 82' lang='grc' dir='ltr'><strong>μέν</strong></span> <span class='ocrx_word' id='word_1_405' title='bbox 2520 2707 2728 2771; x_wconf 82' lang='grc' dir='ltr'>σκότος,</span> <span class='ocrx_word' id='word_1_406' title='bbox 2756 2707 2938 2776; x_wconf 70' lang='grc' dir='ltr'>φησιν,</span> <span class='ocrx_word' id='word_1_407' title='bbox 2973 2705 3115 2759; x_wconf 82' lang='grc' dir='ltr'>κατὰ</span> <span class='ocrx_word' id='word_1_408' title='bbox 3144 2703 3254 2758; x_wconf 88' lang='grc' dir='ltr'><strong>τῶν</strong></span> <span class='ocrx_word' id='word_1_409' title='bbox 3283 2703 3492 2774; x_wconf 81' lang='grc' dir='ltr'>ἐχθρῶν</span> <span class='ocrx_word' id='word_1_410' title='bbox 3528 2721 3665 2772; x_wconf 85' lang='grc' dir='ltr'>προ-</span> 
     </span>
    </p>
   </div>
   <div class='ocr_carea' id='block_1_58' title="bbox 2081 2794 3666 2869">
    <p class='ocr_par' dir='ltr' id='par_1_58' title="bbox 2081 2794 3666 2869">
     <span class='ocr_line' id='line_1_58' title="bbox 2081 2794 3666 2869; baseline -0.004 -18"><span class='ocrx_word' id='word_1_411' title='bbox 2081 2799 2332 2869; x_wconf 77' lang='grc' dir='ltr'>ϐέϐλητο,</span> <span class='ocrx_word' id='word_1_412' title='bbox 2367 2796 2718 2869; x_wconf 85' lang='grc' dir='ltr'>ἀποκρύπτον</span> <span class='ocrx_word' id='word_1_413' title='bbox 2763 2795 2944 2859; x_wconf 77' lang='grc' dir='ltr'>αὑτὸν,</span> <span class='ocrx_word' id='word_1_414' title='bbox 2996 2795 3092 2848; x_wconf 71' lang='grc' dir='ltr'>καὶ</span> <span class='ocrx_word' id='word_1_415' title='bbox 3127 2794 3249 2848; x_wconf 82' lang='grc' dir='ltr'><strong>οὐδέ</strong></span> <span class='ocrx_word' id='word_1_416' title='bbox 3278 2794 3508 2866; x_wconf 86' lang='grc' dir='ltr'>ὁρᾶσθαι</span> <span class='ocrx_word' id='word_1_417' title='bbox 3548 2795 3666 2856; x_wconf 77' lang='grc' dir='ltr'>τοῖς</span> 
     </span>
    </p>
   </div>
   <div class='ocr_carea' id='block_1_59' title="bbox 2083 2877 3661 2957">
    <p class='ocr_par' dir='ltr' id='par_1_59' title="bbox 2083 2877 3661 2957">
     <span class='ocr_line' id='line_1_59' title="bbox 2083 2877 3661 2957; baseline -0.006 -17"><span class='ocrx_word' id='word_1_418' title='bbox 2083 2887 2344 2950; x_wconf 75' lang='grc' dir='ltr'>ἐναντίοις</span> <span class='ocrx_word' id='word_1_419' title='bbox 2374 2886 2559 2940; x_wconf 89' lang='grc' dir='ltr'>ποιοῦν</span> <span class='ocrx_word' id='word_1_420' title='bbox 2583 2903 2598 2916; x_wconf 92' lang='grc'><strong>·</strong></span> <span class='ocrx_word' id='word_1_421' title='bbox 2645 2885 2773 2957; x_wconf 72' lang='grc' dir='ltr'>περὶ</span> <span class='ocrx_word' id='word_1_422' title='bbox 2815 2884 2976 2938; x_wconf 79' lang='grc' dir='ltr'>αὐτὸν</span> <span class='ocrx_word' id='word_1_423' title='bbox 3004 2883 3061 2937; x_wconf 78' lang='grc' dir='ltr'><strong>δὲ</strong></span> <span class='ocrx_word' id='word_1_424' title='bbox 3096 2885 3130 2954; x_wconf 81' lang='grc' dir='ltr'>ἡ</span> <span class='ocrx_word' id='word_1_425' title='bbox 3166 2883 3336 2955; x_wconf 80' lang='grc' dir='ltr'>σκηνὴ</span> <span class='ocrx_word' id='word_1_426' title='bbox 3370 2881 3535 2934; x_wconf 83' lang='grc' dir='ltr'>αὑτοῦ</span> <span class='ocrx_word' id='word_1_427' title='bbox 3565 2877 3661 2952; x_wconf 61' lang='grc' dir='ltr'><strong>ἦν’</strong></span> 
     </span>
    </p>
   </div>
   <div class='ocr_carea' id='block_1_60' title="bbox 2085 2971 3662 3050">
    <p class='ocr_par' dir='ltr' id='par_1_60' title="bbox 2085 2971 3662 3050">
     <span class='ocr_line' id='line_1_60' title="bbox 2085 2971 3662 3050; baseline -0.005 -20"><span class='ocrx_word' id='word_1_428' title='bbox 2085 2978 2152 3030; x_wconf 81' lang='grc' dir='ltr'>ίν’</span> <span class='ocrx_word' id='word_1_429' title='bbox 2178 2977 2328 3050; x_wconf 74' lang='grc' dir='ltr'>εἴπῃ,</span> <span class='ocrx_word' id='word_1_430' title='bbox 2368 2977 2430 3030; x_wconf 82' lang='grc' dir='ltr'><strong>τὸ</strong></span> <span class='ocrx_word' id='word_1_431' title='bbox 2475 2976 2614 3045; x_wconf 89' lang='grc' dir='ltr'>φῶς,</span> <span class='ocrx_word' id='word_1_432' title='bbox 2666 2977 2742 3039; x_wconf 83' lang='grc' dir='ltr'><strong>ὡς</strong></span> <span class='ocrx_word' id='word_1_433' title='bbox 2774 2975 2869 3029; x_wconf 74' lang='grc' dir='ltr'>καὶ</span> <span class='ocrx_word' id='word_1_434' title='bbox 2907 2976 2936 3028; x_wconf 88' lang='grc' dir='ltr'><strong>ό</strong></span> <span class='ocrx_word' id='word_1_435' title='bbox 2970 2973 3237 3046; x_wconf 86' lang='grc' dir='ltr'>μακάριος</span> <span class='ocrx_word' id='word_1_436' title='bbox 3271 2971 3480 3034; x_wconf 84' lang='grc' dir='ltr'>Παῦλος</span> <span class='ocrx_word' id='word_1_437' title='bbox 3525 2971 3662 3041; x_wconf 75' lang='grc' dir='ltr'>περὶ</span> 
     </span>
    </p>
   </div>
   <div class='ocr_carea' id='block_1_61' title="bbox 395 3055 1970 3136">
    <p class='ocr_par' dir='ltr' id='par_1_61' title="bbox 395 3055 1970 3132">
     <span class='ocr_line' id='line_1_61' title="bbox 395 3055 1970 3132; baseline -0.002 -16"><span class='ocrx_word' id='word_1_438' title='bbox 395 3071 490 3116; x_wconf 91' lang='lat' dir='ltr'><strong>tus</strong></span> <span class='ocrx_word' id='word_1_439' title='bbox 535 3060 742 3116; x_wconf 86' lang='lat' dir='ltr'><strong>Paulus</strong></span> <span class='ocrx_word' id='word_1_440' title='bbox 785 3061 853 3115; x_wconf 91' lang='lat' dir='ltr'><strong>de</strong></span> <span class='ocrx_word' id='word_1_441' title='bbox 903 3055 1024 3130; x_wconf 80' lang='lat' dir='ltr'><strong>ipso</strong></span> <span class='ocrx_word' id='word_1_442' title='bbox 1061 3059 1196 3113; x_wconf 90' lang='lat' dir='ltr'><strong>dicit</strong></span> <span class='ocrx_word' id='word_1_443' title='bbox 1233 3058 1305 3132; x_wconf 88' lang='grc'><strong>(1</strong></span> <span class='ocrx_word' id='word_1_444' title='bbox 1346 3059 1484 3115; x_wconf 85' lang='lat' dir='ltr'><strong>Tim.</strong></span> <span class='ocrx_word' id='word_1_445' title='bbox 1519 3076 1595 3124; x_wconf 79' lang='lat' dir='ltr'><strong>Vl,</strong></span> <span class='ocrx_word' id='word_1_446' title='bbox 1630 3059 1756 3129; x_wconf 77' lang='grc'><strong>16),</strong></span> <span class='ocrx_word' id='word_1_447' title='bbox 1787 3059 1970 3117; x_wconf 85' lang='lat' dir='ltr'><strong>Lucem</strong></span> 
     </span>
    </p>
   </div>
   <div class='ocr_carea' id='block_1_62' title="bbox 2077 3055 3662 3136">
    <p class='ocr_par' dir='ltr' id='par_1_62' title="bbox 2081 3060 3662 3136">
     <span class='ocr_line' id='line_1_62' title="bbox 2081 3060 3662 3136; baseline -0.004 -16"><span class='ocrx_word' id='word_1_448' title='bbox 2081 3065 2245 3120; x_wconf 83' lang='grc' dir='ltr'>αὐτοῦ</span> <span class='ocrx_word' id='word_1_449' title='bbox 2273 3083 2456 3136; x_wconf 81' lang='grc' dir='ltr'>φησιν’</span> <span class='ocrx_word' id='word_1_450' title='bbox 2476 3065 2605 3130; x_wconf 81' lang='grc' dir='ltr'>Φῶς</span> <span class='ocrx_word' id='word_1_451' title='bbox 2629 3063 2808 3118; x_wconf 74' lang='grc' dir='ltr'>οἰκῶν</span> <span class='ocrx_word' id='word_1_452' title='bbox 2834 3065 3165 3132; x_wconf 75' lang='grc' dir='ltr'>ἀπρόσιτον</span> <span class='ocrx_word' id='word_1_453' title='bbox 3184 3079 3196 3093; x_wconf 93' lang='grc'><strong>·</strong></span> <span class='ocrx_word' id='word_1_454' title='bbox 3226 3061 3317 3132; x_wconf 84' lang='grc' dir='ltr'>τῆς</span> <span class='ocrx_word' id='word_1_455' title='bbox 3343 3060 3451 3132; x_wconf 78' lang='grc' dir='ltr'>γὰρ</span> <span class='ocrx_word' id='word_1_456' title='bbox 3484 3061 3662 3130; x_wconf 73' lang='grc' dir='ltr'>αὐτῆς</span> 
     </span>
    </p>
   </div>
   <div class='ocr_carea' id='block_1_63' title="bbox 396 3145 1975 3205">
    <p class='ocr_par' dir='ltr' id='par_1_63' title="bbox 396 3145 1975 3205">
     <span class='ocr_line' id='line_1_63' title="bbox 396 3145 1975 3205; baseline -0.002 0"><span class='ocrx_word' id='word_1_457' title='bbox 396 3150 646 3205; x_wconf 73' lang='lat' dir='ltr'><strong>habitans</strong></span> <span class='ocrx_word' id='word_1_458' title='bbox 677 3147 1109 3203; x_wconf 83' lang='lat' dir='ltr'><strong>inaccessibilem.</strong></span> <span class='ocrx_word' id='word_1_459' title='bbox 1147 3145 1204 3201; x_wconf 90' lang='lat' dir='ltr'><strong>ln</strong></span> <span class='ocrx_word' id='word_1_460' title='bbox 1241 3148 1491 3202; x_wconf 90' lang='lat' dir='ltr'><strong>eumdem</strong></span> <span class='ocrx_word' id='word_1_461' title='bbox 1538 3155 1719 3203; x_wconf 86' lang='lat' dir='ltr'><strong>autem</strong></span> <span class='ocrx_word' id='word_1_462' title='bbox 1754 3164 1975 3204; x_wconf 84' lang='lat' dir='ltr'><strong>sensum</strong></span> 
     </span>
    </p>
   </div>
   <div class='ocr_carea' id='block_1_64' title="bbox 397 3237 1978 3309">
    <p class='ocr_par' dir='ltr' id='par_1_64' title="bbox 397 3237 1978 3309">
     <span class='ocr_line' id='line_1_64' title="bbox 397 3237 1978 3309; baseline -0.001 -11"><span class='ocrx_word' id='word_1_463' title='bbox 397 3243 516 3298; x_wconf 84' lang='lat' dir='ltr'><strong>haec</strong></span> <span class='ocrx_word' id='word_1_464' title='bbox 544 3243 656 3296; x_wconf 89' lang='lat' dir='ltr'><strong>duo</strong></span> <span class='ocrx_word' id='word_1_465' title='bbox 708 3239 1001 3306; x_wconf 88' lang='lat' dir='ltr'><strong>recidunt;</strong></span> <span class='ocrx_word' id='word_1_466' title='bbox 1053 3237 1516 3309; x_wconf 87' lang='lat' dir='ltr'><strong>quemadmodum</strong></span> <span class='ocrx_word' id='word_1_467' title='bbox 1565 3239 1712 3295; x_wconf 89' lang='lat' dir='ltr'><strong>enim</strong></span> <span class='ocrx_word' id='word_1_468' title='bbox 1773 3239 1978 3296; x_wconf 84' lang='lat' dir='ltr'><strong>dicitur</strong></span> 
     </span>
    </p>
   </div>
   <div class='ocr_carea' id='block_1_65' title="bbox 397 3329 1983 3400">
    <p class='ocr_par' dir='ltr' id='par_1_65' title="bbox 397 3329 1983 3400">
     <span class='ocr_line' id='line_1_65' title="bbox 397 3329 1983 3400; baseline -0.003 -12"><span class='ocrx_word' id='word_1_469' title='bbox 397 3335 575 3390; x_wconf 91' lang='lat' dir='ltr'><strong>lucem</strong></span> <span class='ocrx_word' id='word_1_470' title='bbox 609 3333 882 3394; x_wconf 84' lang='lat' dir='ltr'><strong>habitare,</strong></span> <span class='ocrx_word' id='word_1_471' title='bbox 920 3332 994 3386; x_wconf 86' lang='lat' dir='ltr'><strong>ita</strong></span> <span class='ocrx_word' id='word_1_472' title='bbox 1026 3329 1445 3385; x_wconf 85' lang='lat' dir='ltr'><strong>tabernaculum</strong></span> <span class='ocrx_word' id='word_1_473' title='bbox 1497 3329 1593 3384; x_wconf 88' lang='lat' dir='ltr'><strong>Dei</strong></span> <span class='ocrx_word' id='word_1_474' title='bbox 1643 3331 1867 3400; x_wconf 86' lang='lat' dir='ltr'><strong>proprie</strong></span> <span class='ocrx_word' id='word_1_475' title='bbox 1895 3330 1983 3384; x_wconf 79' lang='lat' dir='ltr'><strong>di-</strong></span> 
     </span>
    </p>
   </div>
   <div class='ocr_carea' id='block_1_66' title="bbox 403 3418 1984 3492">
    <p class='ocr_par' dir='ltr' id='par_1_66' title="bbox 403 3418 1984 3492">
     <span class='ocr_line' id='line_1_66' title="bbox 403 3418 1984 3492; baseline -0.004 -11"><span class='ocrx_word' id='word_1_476' title='bbox 403 3427 552 3482; x_wconf 88' lang='lat' dir='ltr'><strong>citur</strong></span> <span class='ocrx_word' id='word_1_477' title='bbox 581 3424 713 3488; x_wconf 66' lang='lat' dir='ltr'><strong>lux;</strong></span> <span class='ocrx_word' id='word_1_478' title='bbox 749 3422 1024 3478; x_wconf 86' lang='lat' dir='ltr'><strong>tenebrosa</strong></span> <span class='ocrx_word' id='word_1_479' title='bbox 1064 3437 1202 3492; x_wconf 86' lang='lat' dir='ltr'><strong>aqua</strong></span> <span class='ocrx_word' id='word_1_480' title='bbox 1231 3421 1287 3474; x_wconf 87' lang='lat' dir='ltr'><strong>in</strong></span> <span class='ocrx_word' id='word_1_481' title='bbox 1331 3418 1557 3474; x_wconf 84' lang='lat' dir='ltr'><strong>nubibus</strong></span> <span class='ocrx_word' id='word_1_482' title='bbox 1593 3421 1754 3485; x_wconf 86' lang='lat' dir='ltr'><strong>aeris,</strong></span> <span class='ocrx_word' id='word_1_483' title='bbox 1794 3422 1849 3474; x_wconf 87' lang='lat' dir='ltr'><strong>in</strong></span> <span class='ocrx_word' id='word_1_484' title='bbox 1878 3421 1984 3474; x_wconf 84' lang='lat' dir='ltr'><strong>cir-</strong></span> 
     </span>
    </p>
   </div>
   <div class='ocr_carea' id='block_1_67' title="bbox 400 3511 1985 3586">
    <p class='ocr_par' dir='ltr' id='par_1_67' title="bbox 400 3511 1985 3586">
     <span class='ocr_line' id='line_1_67' title="bbox 400 3511 1985 3586; baseline -0.004 -14"><span class='ocrx_word' id='word_1_485' title='bbox 400 3519 550 3572; x_wconf 86' lang='lat' dir='ltr'><strong>cuitu</strong></span> <span class='ocrx_word' id='word_1_486' title='bbox 571 3516 688 3586; x_wconf 87' lang='lat' dir='ltr'><strong>ejus</strong></span> <span class='ocrx_word' id='word_1_487' title='bbox 719 3513 1128 3568; x_wconf 85' lang='lat' dir='ltr'><strong>tabernaculum</strong></span> <span class='ocrx_word' id='word_1_488' title='bbox 1149 3512 1286 3583; x_wconf 87' lang='lat' dir='ltr'><strong>ejus,</strong></span> <span class='ocrx_word' id='word_1_489' title='bbox 1310 3527 1652 3582; x_wconf 89' lang='lat' dir='ltr'><strong>rursumque</strong></span> <span class='ocrx_word' id='word_1_490' title='bbox 1684 3511 1831 3583; x_wconf 80' lang='lat' dir='ltr'><strong>quod</strong></span> <span class='ocrx_word' id='word_1_491' title='bbox 1855 3527 1985 3582; x_wconf 65' lang='lat' dir='ltr'><strong>prte-</strong></span> 
     </span>
    </p>
   </div>
   <div class='ocr_carea' id='block_1_68' title="bbox 399 3605 1984 3678">
    <p class='ocr_par' dir='ltr' id='par_1_68' title="bbox 399 3605 1984 3678">
     <span class='ocr_line' id='line_1_68' title="bbox 399 3605 1984 3678; baseline -0.004 -12"><span class='ocrx_word' id='word_1_492' title='bbox 399 3609 652 3666; x_wconf 87' lang='lat' dir='ltr'><strong>cedentia</strong></span> <span class='ocrx_word' id='word_1_493' title='bbox 691 3607 966 3678; x_wconf 85' lang='lat' dir='ltr'><strong>sequitur,</strong></span> <span class='ocrx_word' id='word_1_494' title='bbox 1027 3605 1098 3659; x_wconf 88' lang='lat' dir='ltr'><strong>Et</strong></span> <span class='ocrx_word' id='word_1_495' title='bbox 1143 3607 1358 3675; x_wconf 77' lang='lat' dir='ltr'><strong>{uerunt</strong></span> <span class='ocrx_word' id='word_1_496' title='bbox 1415 3606 1644 3661; x_wconf 70' lang='lat' dir='ltr'><strong>tenebras</strong></span> <span class='ocrx_word' id='word_1_497' title='bbox 1703 3607 1984 3661; x_wconf 79' lang='lat' dir='ltr'><strong>latibulum</strong></span> 
     </span>
    </p>
   </div>
   <div class='ocr_carea' id='block_1_69' title="bbox 400 3693 1970 3772">
    <p class='ocr_par' dir='ltr' id='par_1_69' title="bbox 400 3693 1970 3772">
     <span class='ocr_line' id='line_1_69' title="bbox 400 3693 1970 3772; baseline -0.003 -16"><span class='ocrx_word' id='word_1_498' title='bbox 400 3693 538 3772; x_wconf 80' lang='lat' dir='ltr'><strong>ejus.</strong></span> <span class='ocrx_word' id='word_1_499' title='bbox 585 3699 846 3755; x_wconf 82' lang='lat' dir='ltr'><strong>Addidit:</strong></span> <span class='ocrx_word' id='word_1_500' title='bbox 897 3697 1195 3753; x_wconf 86' lang='lat' dir='ltr'><strong>Tenebrosa</strong></span> <span class='ocrx_word' id='word_1_501' title='bbox 1236 3715 1376 3768; x_wconf 87' lang='lat' dir='ltr'><strong>aqua</strong></span> <span class='ocrx_word' id='word_1_502' title='bbox 1429 3700 1486 3753; x_wconf 85' lang='lat' dir='ltr'><strong>in</strong></span> <span class='ocrx_word' id='word_1_503' title='bbox 1527 3698 1754 3754; x_wconf 87' lang='lat' dir='ltr'><strong>nubibus</strong></span> <span class='ocrx_word' id='word_1_504' title='bbox 1808 3701 1970 3754; x_wconf 85' lang='lat' dir='ltr'><strong>aeris.</strong></span> 
     </span>
    </p>
   </div>
   <div class='ocr_carea' id='block_1_70' title="bbox 2081 3151 3667 3227">
    <p class='ocr_par' dir='ltr' id='par_1_70' title="bbox 2081 3151 3667 3227">
     <span class='ocr_line' id='line_1_70' title="bbox 2081 3151 3667 3227; baseline -0.004 -18"><span class='ocrx_word' id='word_1_505' title='bbox 2081 3156 2287 3220; x_wconf 87' lang='grc' dir='ltr'>ἐννοίας</span> <span class='ocrx_word' id='word_1_506' title='bbox 2317 3157 2499 3227; x_wconf 81' lang='grc' dir='ltr'>ἔχεται</span> <span class='ocrx_word' id='word_1_507' title='bbox 2530 3155 2816 3227; x_wconf 80' lang='grc' dir='ltr'>ἀμφότερα</span> <span class='ocrx_word' id='word_1_508' title='bbox 2839 3171 2852 3186; x_wconf 74' lang='grc'><strong><em>⁸</em></strong></span> <span class='ocrx_word' id='word_1_509' title='bbox 2889 3153 3076 3225; x_wconf 82' lang='grc' dir='ltr'>ὥσπερ</span> <span class='ocrx_word' id='word_1_510' title='bbox 3098 3153 3207 3226; x_wconf 82' lang='grc' dir='ltr'>γὰρ</span> <span class='ocrx_word' id='word_1_511' title='bbox 3235 3151 3346 3222; x_wconf 85' lang='grc' dir='ltr'><strong>φῶς</strong></span> <span class='ocrx_word' id='word_1_512' title='bbox 3372 3153 3544 3205; x_wconf 75' lang='grc' dir='ltr'>οἰκεῖν</span> <span class='ocrx_word' id='word_1_513' title='bbox 3571 3151 3667 3204; x_wconf 77' lang='grc' dir='ltr'><strong>λέ-</strong></span> 
     </span>
    </p>
   </div>
   <div class='ocr_carea' id='block_1_71' title="bbox 2082 3238 3666 3314">
    <p class='ocr_par' dir='ltr' id='par_1_71' title="bbox 2082 3238 3666 3314">
     <span class='ocr_line' id='line_1_71' title="bbox 2082 3238 3666 3314; baseline -0.004 -16"><span class='ocrx_word' id='word_1_514' title='bbox 2082 3263 2257 3313; x_wconf 88' lang='grc' dir='ltr'>γεται,</span> <span class='ocrx_word' id='word_1_515' title='bbox 2286 3244 2430 3298; x_wconf 76' lang='grc' dir='ltr'>οὓτω</span> <span class='ocrx_word' id='word_1_516' title='bbox 2464 3245 2560 3297; x_wconf 77' lang='grc' dir='ltr'><strong>καὶ</strong></span> <span class='ocrx_word' id='word_1_517' title='bbox 2588 3246 2622 3314; x_wconf 85' lang='grc' dir='ltr'>ὴ</span> <span class='ocrx_word' id='word_1_518' title='bbox 2653 3242 2827 3314; x_wconf 81' lang='grc' dir='ltr'>σκηνὴ</span> <span class='ocrx_word' id='word_1_519' title='bbox 2850 3243 2944 3296; x_wconf 88' lang='grc' dir='ltr'><strong>τοῦ</strong></span> <span class='ocrx_word' id='word_1_520' title='bbox 2975 3242 3111 3295; x_wconf 88' lang='grc' dir='ltr'>Θεοῦ</span> <span class='ocrx_word' id='word_1_521' title='bbox 3130 3243 3340 3310; x_wconf 79' lang='grc' dir='ltr'>λέγοιτο</span> <span class='ocrx_word' id='word_1_522' title='bbox 3367 3241 3431 3294; x_wconf 80' lang='grc' dir='ltr'>ἂν</span> <span class='ocrx_word' id='word_1_523' title='bbox 3453 3238 3666 3311; x_wconf 77' lang='grc' dir='ltr'>κυρίως</span> 
     </span>
    </p>
   </div>
   <div class='ocr_carea' id='block_1_72' title="bbox 2081 3333 3670 3408">
    <p class='ocr_par' dir='ltr' id='par_1_72' title="bbox 2081 3333 3670 3408">
     <span class='ocr_line' id='line_1_72' title="bbox 2081 3333 3670 3408; baseline -0.003 -17"><span class='ocrx_word' id='word_1_524' title='bbox 2081 3339 2142 3392; x_wconf 82' lang='grc' dir='ltr'><strong>τὸ</strong></span> <span class='ocrx_word' id='word_1_525' title='bbox 2166 3337 2303 3408; x_wconf 86' lang='grc' dir='ltr'>φῶς.</span> <span class='ocrx_word' id='word_1_526' title='bbox 2335 3339 2655 3392; x_wconf 77' lang='grc' dir='ltr'>Σκοτεινὸν</span> <span class='ocrx_word' id='word_1_527' title='bbox 2685 3336 2843 3404; x_wconf 84' lang='grc' dir='ltr'>ὕδωρ</span> <span class='ocrx_word' id='word_1_528' title='bbox 2859 3336 2930 3406; x_wconf 79' lang='grc' dir='ltr'><strong>ἐν</strong></span> <span class='ocrx_word' id='word_1_529' title='bbox 2961 3335 3244 3406; x_wconf 69' lang='grc' dir='ltr'>’νεφέλαις</span> <span class='ocrx_word' id='word_1_530' title='bbox 3275 3333 3489 3401; x_wconf 74' lang='grc' dir='ltr'>ἀέρων,</span> <span class='ocrx_word' id='word_1_531' title='bbox 3522 3350 3670 3404; x_wconf 86' lang='grc' dir='ltr'>παρ-</span> 
     </span>
    </p>
   </div>
   <div class='ocr_carea' id='block_1_73' title="bbox 2080 3425 3671 3500">
    <p class='ocr_par' dir='ltr' id='par_1_73' title="bbox 2080 3425 3671 3500">
     <span class='ocr_line' id='line_1_73' title="bbox 2080 3425 3671 3500; baseline -0.003 -18"><span class='ocrx_word' id='word_1_532' title='bbox 2080 3429 2398 3490; x_wconf 86' lang='grc' dir='ltr'>ενθεντικῶς</span> <span class='ocrx_word' id='word_1_533' title='bbox 2424 3429 2520 3498; x_wconf 84' lang='grc' dir='ltr'>τῷ,</span> <span class='ocrx_word' id='word_1_534' title='bbox 2537 3430 2755 3492; x_wconf 81' lang='grc' dir='ltr'>Κύκλῳ</span> <span class='ocrx_word' id='word_1_535' title='bbox 2780 3428 2968 3482; x_wconf 85' lang='grc' dir='ltr'>αὐτοῦ</span> <span class='ocrx_word' id='word_1_536' title='bbox 2987 3430 3024 3496; x_wconf 74' lang='grc' dir='ltr'><strong><em>ἡ</em></strong></span> <span class='ocrx_word' id='word_1_537' title='bbox 3049 3426 3248 3494; x_wconf 76' lang='grc' dir='ltr'>σκηνὴ</span> <span class='ocrx_word' id='word_1_538' title='bbox 3267 3425 3476 3500; x_wconf 61' lang='grc' dir='ltr'>αὐτοῦ.</span> <span class='ocrx_word' id='word_1_539' title='bbox 3495 3425 3671 3479; x_wconf 77' lang='grc' dir='ltr'>Πάλιν</span> 
     </span>
    </p>
   </div>
   <div class='ocr_carea' id='block_1_74' title="bbox 2081 3517 3670 3592">
    <p class='ocr_par' dir='ltr' id='par_1_74' title="bbox 2081 3517 3670 3592">
     <span class='ocr_line' id='line_1_74' title="bbox 2081 3517 3670 3592; baseline -0.005 -16"><span class='ocrx_word' id='word_1_540' title='bbox 2081 3521 2387 3583; x_wconf 76' lang='grc' dir='ltr'>ἀκολούθως</span> <span class='ocrx_word' id='word_1_541' title='bbox 2399 3523 2510 3583; x_wconf 85' lang='grc' dir='ltr'>τοῖς</span> <span class='ocrx_word' id='word_1_542' title='bbox 2524 3519 2972 3592; x_wconf 86' lang='grc' dir='ltr'>προηγουμένοις,</span> <span class='ocrx_word' id='word_1_543' title='bbox 2992 3518 3092 3589; x_wconf 81' lang='grc' dir='ltr'><strong>τῷ,</strong></span> <span class='ocrx_word' id='word_1_544' title='bbox 3119 3519 3229 3572; x_wconf 75' lang='grc' dir='ltr'><strong>Καὶ</strong></span> <span class='ocrx_word' id='word_1_545' title='bbox 3252 3517 3418 3571; x_wconf 74' lang='grc' dir='ltr'>ἔθετο</span> <span class='ocrx_word' id='word_1_546' title='bbox 3445 3518 3670 3582; x_wconf 78' lang='grc' dir='ltr'>σκότος</span> 
     </span>
    </p>
   </div>
   <div class='ocr_carea' id='block_1_75' title="bbox 2079 3606 3671 3682">
    <p class='ocr_par' dir='ltr' id='par_1_75' title="bbox 2079 3606 3671 3682">
     <span class='ocr_line' id='line_1_75' title="bbox 2079 3606 3671 3682; baseline -0.006 -14"><span class='ocrx_word' id='word_1_547' title='bbox 2079 3611 2440 3682; x_wconf 59' lang='grc' dir='ltr'>ἀποκρυφθέν</span> <span class='ocrx_word' id='word_1_548' title='bbox 2476 3611 2682 3676; x_wconf 84' lang='grc' dir='ltr'>αὑτοῦ,</span> <span class='ocrx_word' id='word_1_549' title='bbox 2710 3611 2988 3682; x_wconf 75' lang='grc' dir='ltr'>ἐπήγαγεν</span> <span class='ocrx_word' id='word_1_550' title='bbox 3013 3623 3028 3638; x_wconf 77' lang='grc' dir='ltr'><strong><em>ο</em></strong></span> <span class='ocrx_word' id='word_1_551' title='bbox 3061 3607 3384 3663; x_wconf 77' lang='grc' dir='ltr'>Σκοτεινὸν</span> <span class='ocrx_word' id='word_1_552' title='bbox 3417 3606 3577 3674; x_wconf 78' lang='grc' dir='ltr'>ὕδωρ</span> <span class='ocrx_word' id='word_1_553' title='bbox 3602 3608 3671 3659; x_wconf 83' lang='grc' dir='ltr'><strong>ἐν</strong></span> 
     </span>
    </p>
   </div>
   <div class='ocr_carea' id='block_1_76' title="bbox 2085 3695 3674 3774">
    <p class='ocr_par' dir='ltr' id='par_1_76' title="bbox 2085 3695 3674 3774">
     <span class='ocr_line' id='line_1_76' title="bbox 2085 3695 3674 3774; baseline -0.007 -15"><span class='ocrx_word' id='word_1_554' title='bbox 2085 3705 2368 3774; x_wconf 68' lang='grc' dir='ltr'>νεφέλαις</span> <span class='ocrx_word' id='word_1_555' title='bbox 2407 3702 2629 3771; x_wconf 78' lang='grc' dir='ltr'>ἀέρων·</span> <span class='ocrx_word' id='word_1_556' title='bbox 2663 3701 2950 3755; x_wconf 88' lang='grc' dir='ltr'>ἀκόλουθον</span> <span class='ocrx_word' id='word_1_557' title='bbox 2982 3699 3090 3771; x_wconf 79' lang='grc' dir='ltr'>γὰρ</span> <span class='ocrx_word' id='word_1_558' title='bbox 3137 3695 3206 3769; x_wconf 75' lang='grc' dir='ltr'>ἦν</span> <span class='ocrx_word' id='word_1_559' title='bbox 3236 3698 3299 3750; x_wconf 85' lang='grc' dir='ltr'><strong>τὸ</strong></span> <span class='ocrx_word' id='word_1_560' title='bbox 3341 3697 3542 3765; x_wconf 81' lang='grc' dir='ltr'>γνόφος</span> <span class='ocrx_word' id='word_1_561' title='bbox 3577 3696 3674 3749; x_wconf 77' lang='grc' dir='ltr'><strong>καὶ</strong></span> 
     </span>
    </p>
   </div>
   <div class='ocr_carea' id='block_1_77' title="bbox 401 3789 1970 3865">
    <p class='ocr_par' dir='ltr' id='par_1_77' title="bbox 401 3790 1970 3862">
     <span class='ocr_line' id='line_1_77' title="bbox 401 3790 1970 3862; baseline -0.004 -13"><span class='ocrx_word' id='word_1_562' title='bbox 401 3793 834 3862; x_wconf 80' lang='lat' dir='ltr'><strong>Consequuntur</strong></span> <span class='ocrx_word' id='word_1_563' title='bbox 864 3805 996 3859; x_wconf 77' lang='lat' dir='ltr'><strong>ergo</strong></span> <span class='ocrx_word' id='word_1_564' title='bbox 1030 3790 1211 3860; x_wconf 78' lang='lat' dir='ltr'><strong>caligo</strong></span> <span class='ocrx_word' id='word_1_565' title='bbox 1230 3798 1287 3845; x_wconf 90' lang='lat' dir='ltr'><strong>et</strong></span> <span class='ocrx_word' id='word_1_566' title='bbox 1313 3791 1580 3857; x_wconf 68' lang='lat' dir='ltr'><strong>tenebras;</strong></span> <span class='ocrx_word' id='word_1_567' title='bbox 1609 3806 1737 3845; x_wconf 88' lang='lat' dir='ltr'><strong>nam</strong></span> <span class='ocrx_word' id='word_1_568' title='bbox 1765 3792 1970 3855; x_wconf 76' lang='lat' dir='ltr'><strong>omnia,</strong></span> 
     </span>
    </p>
   </div>
   <div class='ocr_carea' id='block_1_78' title="bbox 2077 3789 3673 3865">
    <p class='ocr_par' dir='ltr' id='par_1_78' title="bbox 2089 3789 3673 3865">
     <span class='ocr_line' id='line_1_78' title="bbox 2089 3789 3673 3865; baseline -0.007 -15"><span class='ocrx_word' id='word_1_569' title='bbox 2089 3798 2278 3859; x_wconf 88' lang='grc' dir='ltr'>σκότος</span> <span class='ocrx_word' id='word_1_570' title='bbox 2300 3813 2314 3826; x_wconf 77' lang='grc'><em>’</em></span> <span class='ocrx_word' id='word_1_571' title='bbox 2340 3795 2589 3864; x_wconf 87' lang='grc' dir='ltr'>συνέχεεν</span> <span class='ocrx_word' id='word_1_572' title='bbox 2610 3793 2738 3865; x_wconf 74' lang='grc' dir='ltr'>γὰρ,</span> <span class='ocrx_word' id='word_1_573' title='bbox 2775 3793 2960 3862; x_wconf 65' lang='grc' dir='ltr'>φησιν,</span> <span class='ocrx_word' id='word_1_574' title='bbox 2994 3791 3208 3845; x_wconf 79' lang='grc' dir='ltr'>ᾶπαντα</span> <span class='ocrx_word' id='word_1_575' title='bbox 3227 3789 3516 3860; x_wconf 85' lang='grc' dir='ltr'>γινομένου</span> <span class='ocrx_word' id='word_1_576' title='bbox 3544 3805 3673 3858; x_wconf 82' lang='grc' dir='ltr'>σχηο</span> 
     </span>
    </p>
   </div>
   <div class='ocr_carea' id='block_1_79' title="bbox 404 3878 1970 3957">
    <p class='ocr_par' dir='ltr' id='par_1_79' title="bbox 404 3881 1970 3956">
     <span class='ocr_line' id='line_1_79' title="bbox 404 3881 1970 3956; baseline -0.002 -17"><span class='ocrx_word' id='word_1_577' title='bbox 404 3886 606 3956; x_wconf 90' lang='lat' dir='ltr'><strong>inquit,</strong></span> <span class='ocrx_word' id='word_1_578' title='bbox 635 3890 1006 3938; x_wconf 88' lang='lat' dir='ltr'><strong>consentanea</strong></span> <span class='ocrx_word' id='word_1_579' title='bbox 1061 3890 1190 3936; x_wconf 90' lang='lat' dir='ltr'><strong>sunt</strong></span> <span class='ocrx_word' id='word_1_580' title='bbox 1231 3897 1298 3937; x_wconf 80' lang='lat' dir='ltr'><strong>ex</strong></span> <span class='ocrx_word' id='word_1_581' title='bbox 1335 3889 1492 3953; x_wconf 88' lang='lat' dir='ltr'><strong>parte</strong></span> <span class='ocrx_word' id='word_1_582' title='bbox 1547 3881 1642 3937; x_wconf 88' lang='lat' dir='ltr'><strong>Dei</strong></span> <span class='ocrx_word' id='word_1_583' title='bbox 1683 3883 1835 3936; x_wconf 75' lang='lat' dir='ltr'><strong>iram</strong></span> <span class='ocrx_word' id='word_1_584' title='bbox 1887 3897 1970 3937; x_wconf 28' lang='lat' dir='ltr'><strong>ani</strong></span> 
     </span>
    </p>
   </div>
   <div class='ocr_carea' id='block_1_80' title="bbox 2077 3878 3674 3957">
    <p class='ocr_par' dir='ltr' id='par_1_80' title="bbox 2090 3878 3674 3957">
     <span class='ocr_line' id='line_1_80' title="bbox 2090 3878 3674 3957; baseline -0.009 -14"><span class='ocrx_word' id='word_1_585' title='bbox 2090 3888 2322 3957; x_wconf 85' lang='grc' dir='ltr'>ματίσας</span> <span class='ocrx_word' id='word_1_586' title='bbox 2353 3886 2446 3940; x_wconf 92' lang='grc' dir='ltr'><strong>τοῦ</strong></span> <span class='ocrx_word' id='word_1_587' title='bbox 2490 3886 2626 3938; x_wconf 83' lang='grc' dir='ltr'>Θεοῦ</span> <span class='ocrx_word' id='word_1_588' title='bbox 2676 3883 2772 3953; x_wconf 85' lang='grc' dir='ltr'>τὴν</span> <span class='ocrx_word' id='word_1_589' title='bbox 2799 3882 3004 3953; x_wconf 82' lang='grc' dir='ltr'>ὀργήν·</span> <span class='ocrx_word' id='word_1_590' title='bbox 3045 3883 3079 3950; x_wconf 81' lang='grc' dir='ltr'><strong>ἡ</strong></span> <span class='ocrx_word' id='word_1_591' title='bbox 3114 3881 3223 3951; x_wconf 86' lang='grc' dir='ltr'>γὰρ</span> <span class='ocrx_word' id='word_1_592' title='bbox 3256 3878 3350 3932; x_wconf 85' lang='grc' dir='ltr'><strong>τοῦ</strong></span> <span class='ocrx_word' id='word_1_593' title='bbox 3379 3878 3545 3947; x_wconf 83' lang='grc' dir='ltr'>ἀέρος</span> <span class='ocrx_word' id='word_1_594' title='bbox 3581 3894 3674 3929; x_wconf 81' lang='grc' dir='ltr'>συ-</span> 
     </span>
    </p>
   </div>
   <div class='ocr_carea' id='block_1_81' title="bbox 403 3966 1970 4050">
    <p class='ocr_par' dir='ltr' id='par_1_81' title="bbox 403 3971 1970 4041">
     <span class='ocr_line' id='line_1_81' title="bbox 403 3971 1970 4041; baseline -0.002 -12"><span class='ocrx_word' id='word_1_595' title='bbox 403 3971 766 4041; x_wconf 84' lang='lat' dir='ltr'><strong>nuntiantis;</strong></span> <span class='ocrx_word' id='word_1_596' title='bbox 818 3987 915 4027; x_wconf 91' lang='lat' dir='ltr'><strong>aer</strong></span> <span class='ocrx_word' id='word_1_597' title='bbox 963 3973 1110 4028; x_wconf 90' lang='lat' dir='ltr'><strong>enim</strong></span> <span class='ocrx_word' id='word_1_598' title='bbox 1154 3973 1528 4029; x_wconf 89' lang='lat' dir='ltr'><strong>condensatus</strong></span> <span class='ocrx_word' id='word_1_599' title='bbox 1586 3974 1970 4029; x_wconf 88' lang='lat' dir='ltr'><strong>obscuritatem</strong></span> 
     </span>
    </p>
   </div>
   <div class='ocr_carea' id='block_1_82' title="bbox 2077 3966 3674 4050">
    <p class='ocr_par' dir='ltr' id='par_1_82' title="bbox 2087 3966 3674 4050">
     <span class='ocr_line' id='line_1_82' title="bbox 2087 3966 3674 4050; baseline -0.008 -19"><span class='ocrx_word' id='word_1_600' title='bbox 2087 3979 2316 4050; x_wconf 82' lang='grc' dir='ltr'>στροφὴ,</span> <span class='ocrx_word' id='word_1_601' title='bbox 2334 3977 2554 4039; x_wconf 84' lang='grc' dir='ltr'>πάντως</span> <span class='ocrx_word' id='word_1_602' title='bbox 2577 3973 2739 4042; x_wconf 79' lang='grc' dir='ltr'>ζόφον</span> <span class='ocrx_word' id='word_1_603' title='bbox 2763 3974 3057 4045; x_wconf 74' lang='grc' dir='ltr'>εἰργάσατο</span> <span class='ocrx_word' id='word_1_604' title='bbox 3079 3969 3368 4042; x_wconf 88' lang='grc' dir='ltr'>τοιοῦτο[ν]</span> <span class='ocrx_word' id='word_1_605' title='bbox 3405 3966 3549 4022; x_wconf 82' lang='grc' dir='ltr'>εἷναι</span> <span class='ocrx_word' id='word_1_606' title='bbox 3576 3968 3674 4021; x_wconf 75' lang='grc' dir='ltr'>καὶ</span> 
     </span>
    </p>
   </div>
   <div class='ocr_carea' id='block_1_83' title="bbox 405 4054 1970 4138">
    <p class='ocr_par' dir='ltr' id='par_1_83' title="bbox 405 4064 1970 4138">
     <span class='ocr_line' id='line_1_83' title="bbox 405 4064 1970 4138; baseline -0.001 -17"><span class='ocrx_word' id='word_1_607' title='bbox 405 4072 652 4138; x_wconf 70' lang='lat' dir='ltr'><strong>generat,</strong></span> <span class='ocrx_word' id='word_1_608' title='bbox 681 4065 939 4135; x_wconf 88' lang='lat' dir='ltr'><strong>idemque</strong></span> <span class='ocrx_word' id='word_1_609' title='bbox 976 4064 1161 4119; x_wconf 82' lang='lat' dir='ltr'><strong>evenit</strong></span> <span class='ocrx_word' id='word_1_610' title='bbox 1185 4064 1253 4120; x_wconf 91' lang='lat' dir='ltr'><strong>de</strong></span> <span class='ocrx_word' id='word_1_611' title='bbox 1294 4079 1436 4135; x_wconf 89' lang='lat' dir='ltr'><strong>aqua</strong></span> <span class='ocrx_word' id='word_1_612' title='bbox 1471 4065 1527 4119; x_wconf 92' lang='lat' dir='ltr'><strong>in</strong></span> <span class='ocrx_word' id='word_1_613' title='bbox 1565 4065 1810 4121; x_wconf 89' lang='lat' dir='ltr'><strong>nubibus</strong></span> <span class='ocrx_word' id='word_1_614' title='bbox 1858 4081 1970 4120; x_wconf 79' lang='lat' dir='ltr'><strong>acrt</strong></span> 
     </span>
    </p>
   </div>
   <div class='ocr_carea' id='block_1_84' title="bbox 2077 4054 3673 4138">
    <p class='ocr_par' dir='ltr' id='par_1_84' title="bbox 2085 4054 3673 4134">
     <span class='ocr_line' id='line_1_84' title="bbox 2085 4054 3673 4134; baseline -0.009 -14"><span class='ocrx_word' id='word_1_615' title='bbox 2085 4068 2147 4120; x_wconf 84' lang='grc' dir='ltr'><strong>τὸ</strong></span> <span class='ocrx_word' id='word_1_616' title='bbox 2179 4067 2322 4134; x_wconf 76' lang='grc' dir='ltr'>ὕδωρ</span> <span class='ocrx_word' id='word_1_617' title='bbox 2353 4065 2410 4117; x_wconf 85' lang='grc' dir='ltr'><strong>ἐν</strong></span> <span class='ocrx_word' id='word_1_618' title='bbox 2435 4065 2556 4126; x_wconf 78' lang='grc' dir='ltr'>ταῖς</span> <span class='ocrx_word' id='word_1_619' title='bbox 2581 4061 2831 4130; x_wconf 86' lang='grc' dir='ltr'>νεφέλαις</span> <span class='ocrx_word' id='word_1_620' title='bbox 2870 4058 3247 4131; x_wconf 87' lang='grc' dir='ltr'>μελανθείσαις</span> <span class='ocrx_word' id='word_1_621' title='bbox 3277 4058 3345 4127; x_wconf 78' lang='grc' dir='ltr'>τῇ</span> <span class='ocrx_word' id='word_1_622' title='bbox 3370 4054 3466 4109; x_wconf 84' lang='grc' dir='ltr'><strong>τοῦ</strong></span> <span class='ocrx_word' id='word_1_623' title='bbox 3506 4055 3673 4125; x_wconf 87' lang='grc' dir='ltr'>ἀέρος</span> 
     </span>
    </p>
   </div>
   <div class='ocr_carea' id='block_1_85' title="bbox 404 4146 1970 4228">
    <p class='ocr_par' dir='ltr' id='par_1_85' title="bbox 404 4153 1143 4213">
     <span class='ocr_line' id='line_1_85' title="bbox 404 4153 1143 4213; baseline -0.005 -1"><span class='ocrx_word' id='word_1_624' title='bbox 404 4155 749 4213; x_wconf 79' lang='lat' dir='ltr'><strong>condensato</strong></span> <span class='ocrx_word' id='word_1_625' title='bbox 775 4153 1143 4210; x_wconf 90' lang='lat' dir='ltr'><strong>obumbratis.</strong></span> 
     </span>
    </p>
   </div>
   <div class='ocr_carea' id='block_1_86' title="bbox 2077 4146 2498 4228">
    <p class='ocr_par' dir='ltr' id='par_1_86' title="bbox 2095 4146 2498 4228">
     <span class='ocr_line' id='line_1_86' title="bbox 2095 4146 2498 4228; baseline -0.01 -18"><span class='ocrx_word' id='word_1_626' title='bbox 2095 4146 2370 4228; x_wconf 77' lang='grc' dir='ltr'>συστροφῇ</span> <span class='ocrx_word' id='word_1_627' title='bbox 2401 4155 2444 4224; x_wconf 82' lang='grc' dir='ltr'>(ι</span> <span class='ocrx_word' id='word_1_628' title='bbox 2458 4156 2498 4224; x_wconf 93' lang='grc'><strong>).</strong></span> 
     </span>
    </p>
   </div>
   <div class='ocr_carea' id='block_1_87' title="bbox 1342 4315 2742 4392">
    <p class='ocr_par' dir='ltr' id='par_1_87' title="bbox 1342 4315 2742 4392">
     <span class='ocr_line' id='line_1_87' title="bbox 1342 4315 2742 4392; baseline -0.003 -18"><span class='ocrx_word' id='word_1_629' title='bbox 1342 4319 1417 4392; x_wconf 73' lang='grc'><strong>(2)</strong></span> <span class='ocrx_word' id='word_1_630' title='bbox 1459 4319 1713 4390; x_wconf 86' lang='lat' dir='ltr'><strong>Ejusdem</strong></span> <span class='ocrx_word' id='word_1_631' title='bbox 1754 4322 1809 4376; x_wconf 83' lang='lat' dir='ltr'><strong>in</strong></span> <span class='ocrx_word' id='word_1_632' title='bbox 1845 4323 2109 4390; x_wconf 85' lang='lat' dir='ltr'><strong>psalmum</strong></span> <span class='ocrx_word' id='word_1_633' title='bbox 2151 4318 2456 4390; x_wconf 74' lang='lat' dir='ltr'><strong>vigesimum</strong></span> <span class='ocrx_word' id='word_1_634' title='bbox 2491 4315 2742 4381; x_wconf 84' lang='lat' dir='ltr'><strong>primum.</strong></span> 
     </span>
    </p>
   </div>
   <div class='ocr_carea' id='block_1_88' title="bbox 481 4439 3674 4524">
    <p class='ocr_par' dir='ltr' id='par_1_88' title="bbox 481 4439 3674 4524">
     <span class='ocr_line' id='line_1_88' title="bbox 481 4439 3674 4524; baseline -0.005 -16"><span class='ocrx_word' id='word_1_635' title='bbox 481 4452 753 4508; x_wconf 74' lang='lat' dir='ltr'><strong>Fuderunt</strong></span> <span class='ocrx_word' id='word_1_636' title='bbox 804 4471 993 4511; x_wconf 83' lang='lat' dir='ltr'><strong>manus</strong></span> <span class='ocrx_word' id='word_1_637' title='bbox 1047 4471 1190 4510; x_wconf 88' lang='lat' dir='ltr'><strong>meas</strong></span> <span class='ocrx_word' id='word_1_638' title='bbox 1229 4463 1280 4510; x_wconf 89' lang='lat' dir='ltr'><strong>et</strong></span> <span class='ocrx_word' id='word_1_639' title='bbox 1326 4455 1514 4524; x_wconf 88' lang='lat' dir='ltr'><strong>pedes,</strong></span> <span class='ocrx_word' id='word_1_640' title='bbox 1551 4462 1601 4509; x_wconf 91' lang='lat' dir='ltr'><strong>et</strong></span> <span class='ocrx_word' id='word_1_641' title='bbox 1638 4457 1818 4510; x_wconf 85' lang='lat' dir='ltr'><strong>omnia</strong></span> <span class='ocrx_word' id='word_1_642' title='bbox 1865 4454 2363 4518; x_wconf 84' lang='lat' dir='ltr'><strong>perscrutabantur,</strong></span> <span class='ocrx_word' id='word_1_643' title='bbox 2407 4460 2458 4505; x_wconf 81' lang='lat' dir='ltr'><strong>et</strong></span> <span class='ocrx_word' id='word_1_644' title='bbox 2504 4466 2622 4521; x_wconf 73' lang='lat' dir='ltr'><strong>qua:</strong></span> <span class='ocrx_word' id='word_1_645' title='bbox 2668 4447 2922 4519; x_wconf 85' lang='lat' dir='ltr'><strong>agebam,</strong></span> <span class='ocrx_word' id='word_1_646' title='bbox 2969 4453 3020 4498; x_wconf 87' lang='lat' dir='ltr'><strong>et</strong></span> <span class='ocrx_word' id='word_1_647' title='bbox 3064 4459 3182 4515; x_wconf 65' lang='lat' dir='ltr'><strong>quin</strong></span> <span class='ocrx_word' id='word_1_648' title='bbox 3225 4441 3481 4496; x_wconf 81' lang='lat' dir='ltr'><strong>conabar.</strong></span> <span class='ocrx_word' id='word_1_649' title='bbox 3535 4439 3674 4493; x_wconf 79' lang='lat' dir='ltr'><strong>Nam</strong></span> 
     </span>
    </p>
   </div>
   <div class='ocr_carea' id='block_1_89' title="bbox 407 4535 3674 4617">
    <p class='ocr_par' dir='ltr' id='par_1_89' title="bbox 407 4535 3674 4617">
     <span class='ocr_line' id='line_1_89' title="bbox 407 4535 3674 4617; baseline -0.004 -21"><span class='ocrx_word' id='word_1_650' title='bbox 407 4540 694 4607; x_wconf 76' lang='lat' dir='ltr'><strong>foderunt,</strong></span> <span class='ocrx_word' id='word_1_651' title='bbox 729 4559 794 4599; x_wconf 82' lang='lat' dir='ltr'><strong>ex</strong></span> <span class='ocrx_word' id='word_1_652' title='bbox 825 4547 1187 4601; x_wconf 84' lang='lat' dir='ltr'><strong>translatione</strong></span> <span class='ocrx_word' id='word_1_653' title='bbox 1226 4545 1367 4601; x_wconf 82' lang='lat' dir='ltr'><strong>dixit</strong></span> <span class='ocrx_word' id='word_1_654' title='bbox 1411 4560 1640 4606; x_wconf 84' lang='lat' dir='ltr'><strong>eorum.</strong></span> <span class='ocrx_word' id='word_1_655' title='bbox 1685 4547 1778 4616; x_wconf 91' lang='lat' dir='ltr'><strong>qui</strong></span> <span class='ocrx_word' id='word_1_656' title='bbox 1827 4563 1922 4617; x_wconf 89' lang='lat' dir='ltr'><strong>per</strong></span> <span class='ocrx_word' id='word_1_657' title='bbox 1968 4547 2327 4602; x_wconf 85' lang='lat' dir='ltr'><strong>eﬂ&#39;ossionem</strong></span> <span class='ocrx_word' id='word_1_658' title='bbox 2378 4541 2614 4599; x_wconf 88' lang='lat' dir='ltr'><strong>scrutari</strong></span> <span class='ocrx_word' id='word_1_659' title='bbox 2657 4553 2779 4609; x_wconf 68' lang='lat' dir='ltr'><strong>quae</strong></span> <span class='ocrx_word' id='word_1_660' title='bbox 2819 4538 2876 4592; x_wconf 90' lang='lat' dir='ltr'><strong>in</strong></span> <span class='ocrx_word' id='word_1_661' title='bbox 2924 4535 3202 4607; x_wconf 84' lang='lat' dir='ltr'><strong>profundo</strong></span> <span class='ocrx_word' id='word_1_662' title='bbox 3247 4539 3378 4588; x_wconf 88' lang='lat' dir='ltr'><strong>sunt</strong></span> <span class='ocrx_word' id='word_1_663' title='bbox 3424 4537 3674 4585; x_wconf 82' lang='lat' dir='ltr'><strong>tentant.</strong></span> 
     </span>
    </p>
   </div>
   <div class='ocr_carea' id='block_1_90' title="bbox 406 4621 3678 4706">
    <p class='ocr_par' dir='ltr' id='par_1_90' title="bbox 406 4621 3678 4706">
     <span class='ocr_line' id='line_1_90' title="bbox 406 4621 3678 4706; baseline -0.005 -16"><span class='ocrx_word' id='word_1_664' title='bbox 406 4634 892 4691; x_wconf 74' lang='lat' dir='ltr'><strong>Dinumerauerunt</strong></span> <span class='ocrx_word' id='word_1_665' title='bbox 936 4638 1116 4692; x_wconf 84' lang='lat' dir='ltr'><strong>omnia</strong></span> <span class='ocrx_word' id='word_1_666' title='bbox 1158 4653 1282 4691; x_wconf 85' lang='lat' dir='ltr'><strong>assa</strong></span> <span class='ocrx_word' id='word_1_667' title='bbox 1330 4653 1482 4698; x_wconf 84' lang='lat' dir='ltr'><strong>mea,</strong></span> <span class='ocrx_word' id='word_1_668' title='bbox 1529 4638 1701 4693; x_wconf 87' lang='lat' dir='ltr'><strong>totius</strong></span> <span class='ocrx_word' id='word_1_669' title='bbox 1745 4653 1879 4693; x_wconf 62' lang='lat' dir='ltr'><strong>mea:</strong></span> <span class='ocrx_word' id='word_1_670' title='bbox 1922 4637 2266 4692; x_wconf 83' lang='lat' dir='ltr'><strong>fortitudinis</strong></span> <span class='ocrx_word' id='word_1_671' title='bbox 2308 4641 2366 4691; x_wconf 91' lang='lat' dir='ltr'><strong>et</strong></span> <span class='ocrx_word' id='word_1_672' title='bbox 2407 4635 2581 4690; x_wconf 89' lang='lat' dir='ltr'><strong>totius</strong></span> <span class='ocrx_word' id='word_1_673' title='bbox 2623 4647 2758 4686; x_wconf 73' lang='lat' dir='ltr'><strong>mea:</strong></span> <span class='ocrx_word' id='word_1_674' title='bbox 2800 4629 3128 4684; x_wconf 63' lang='lat' dir='ltr'><strong>substantiae</strong></span> <span class='ocrx_word' id='word_1_675' title='bbox 3165 4627 3488 4682; x_wconf 90' lang='lat' dir='ltr'><strong>detentores</strong></span> <span class='ocrx_word' id='word_1_676' title='bbox 3538 4621 3678 4706; x_wconf 82' lang='lat' dir='ltr'><strong>facti</strong></span> 
     </span>
    </p>
   </div>
   <div class='ocr_carea' id='block_1_91' title="bbox 410 4711 3744 4797">
    <p class='ocr_par' dir='ltr' id='par_1_91' title="bbox 410 4711 3744 4797">
     <span class='ocr_line' id='line_1_91' title="bbox 410 4711 3744 4797; baseline -0.005 -16"><span class='ocrx_word' id='word_1_677' title='bbox 410 4735 576 4792; x_wconf 88' lang='lat' dir='ltr'><strong>sunt,</strong></span> <span class='ocrx_word' id='word_1_678' title='bbox 617 4735 676 4782; x_wconf 91' lang='lat' dir='ltr'><strong>ut</strong></span> <span class='ocrx_word' id='word_1_679' title='bbox 715 4730 880 4783; x_wconf 88' lang='lat' dir='ltr'><strong>etiam</strong></span> <span class='ocrx_word' id='word_1_680' title='bbox 921 4743 1152 4784; x_wconf 90' lang='lat' dir='ltr'><strong>numero</strong></span> <span class='ocrx_word' id='word_1_681' title='bbox 1187 4743 1308 4784; x_wconf 90' lang='lat' dir='ltr'><strong>mea</strong></span> <span class='ocrx_word' id='word_1_682' title='bbox 1356 4728 1720 4797; x_wconf 70' lang='lat' dir='ltr'><strong>subiicerent.</strong></span> <span class='ocrx_word' id='word_1_683' title='bbox 1757 4727 1918 4783; x_wconf 81' lang='lat' dir='ltr'><strong>Istud</strong></span> <span class='ocrx_word' id='word_1_684' title='bbox 1961 4736 2142 4783; x_wconf 82' lang='lat' dir='ltr'><strong>autem</strong></span> <span class='ocrx_word' id='word_1_685' title='bbox 2189 4742 2256 4782; x_wconf 85' lang='lat' dir='ltr'><strong>ex</strong></span> <span class='ocrx_word' id='word_1_686' title='bbox 2294 4723 2700 4782; x_wconf 90' lang='lat' dir='ltr'><strong>consuetudine</strong></span> <span class='ocrx_word' id='word_1_687' title='bbox 2744 4735 2910 4791; x_wconf 89' lang='lat' dir='ltr'><strong>quam</strong></span> <span class='ocrx_word' id='word_1_688' title='bbox 2957 4719 3158 4774; x_wconf 85' lang='lat' dir='ltr'><strong>habent</strong></span> <span class='ocrx_word' id='word_1_689' title='bbox 3200 4717 3426 4775; x_wconf 91' lang='lat' dir='ltr'><strong>hostes,</strong></span> <span class='ocrx_word' id='word_1_690' title='bbox 3476 4711 3671 4765; x_wconf 77' lang='lat' dir='ltr'><strong>dixit:</strong></span> <span class='ocrx_word' id='word_1_691' title='bbox 3738 4789 3744 4794; x_wconf 16' lang='grc' dir='ltr'>ἱ</span> 
     </span>
    </p>
   </div>
   <div class='ocr_carea' id='block_1_92' title="bbox 407 4809 3676 4890">
    <p class='ocr_par' dir='ltr' id='par_1_92' title="bbox 407 4809 3676 4890">
     <span class='ocr_line' id='line_1_92' title="bbox 407 4809 3676 4890; baseline -0.006 -16"><span class='ocrx_word' id='word_1_692' title='bbox 407 4820 504 4890; x_wconf 88' lang='lat' dir='ltr'><strong>qui</strong></span> <span class='ocrx_word' id='word_1_693' title='bbox 547 4820 772 4890; x_wconf 85' lang='lat' dir='ltr'><strong>quando</strong></span> <span class='ocrx_word' id='word_1_694' title='bbox 817 4820 1193 4884; x_wconf 89' lang='lat' dir='ltr'><strong>obtinuerint,</strong></span> <span class='ocrx_word' id='word_1_695' title='bbox 1249 4834 1483 4874; x_wconf 86' lang='lat' dir='ltr'><strong>nurnero</strong></span> <span class='ocrx_word' id='word_1_696' title='bbox 1529 4827 1585 4874; x_wconf 91' lang='lat' dir='ltr'><strong>et</strong></span> <span class='ocrx_word' id='word_1_697' title='bbox 1629 4819 1758 4873; x_wconf 82' lang='lat' dir='ltr'><strong>talis</strong></span> <span class='ocrx_word' id='word_1_698' title='bbox 1809 4821 2064 4876; x_wconf 89' lang='lat' dir='ltr'><strong>subtilem</strong></span> <span class='ocrx_word' id='word_1_699' title='bbox 2120 4820 2374 4874; x_wconf 88' lang='lat' dir='ltr'><strong>notitiam</strong></span> <span class='ocrx_word' id='word_1_700' title='bbox 2422 4819 2772 4872; x_wconf 87' lang='lat' dir='ltr'><strong>inventorum</strong></span> <span class='ocrx_word' id='word_1_701' title='bbox 2823 4811 3049 4865; x_wconf 79' lang='lat' dir='ltr'><strong>faciunt.</strong></span> <span class='ocrx_word' id='word_1_702' title='bbox 3106 4809 3405 4878; x_wconf 81' lang='lat' dir='ltr'><strong>Propterea</strong></span> <span class='ocrx_word' id='word_1_703' title='bbox 3451 4812 3511 4858; x_wconf 89' lang='lat' dir='ltr'><strong>et</strong></span> <span class='ocrx_word' id='word_1_704' title='bbox 3562 4819 3676 4857; x_wconf 90' lang='lat' dir='ltr'><strong>se-</strong></span> 
     </span>
    </p>
   </div>
   <div class='ocr_carea' id='block_1_93' title="bbox 408 4899 3674 4984">
    <p class='ocr_par' dir='ltr' id='par_1_93' title="bbox 408 4899 3674 4984">
     <span class='ocr_line' id='line_1_93' title="bbox 408 4899 3674 4984; baseline -0.007 -15"><span class='ocrx_word' id='word_1_705' title='bbox 408 4923 644 4984; x_wconf 87' lang='lat' dir='ltr'><strong>quenter</strong></span> <span class='ocrx_word' id='word_1_706' title='bbox 677 4914 910 4971; x_wconf 88' lang='lat' dir='ltr'><strong>dicens:</strong></span> <span class='ocrx_word' id='word_1_707' title='bbox 950 4911 1064 4982; x_wconf 85' lang='lat' dir='ltr'><strong>Ipsi</strong></span> <span class='ocrx_word' id='word_1_708' title='bbox 1095 4928 1215 4967; x_wconf 79' lang='lat' dir='ltr'><strong>vero</strong></span> <span class='ocrx_word' id='word_1_709' title='bbox 1255 4909 1716 4965; x_wconf 72' lang='lat' dir='ltr'><strong>consideraverunt</strong></span> <span class='ocrx_word' id='word_1_710' title='bbox 1745 4919 1794 4964; x_wconf 86' lang='lat' dir='ltr'><strong>et</strong></span> <span class='ocrx_word' id='word_1_711' title='bbox 1825 4921 2205 4978; x_wconf 62' lang='lat' dir='ltr'><strong>conspexerunt</strong></span> <span class='ocrx_word' id='word_1_712' title='bbox 2241 4925 2356 4972; x_wconf 88' lang='lat' dir='ltr'><strong>me,</strong></span> <span class='ocrx_word' id='word_1_713' title='bbox 2391 4907 2614 4962; x_wconf 88' lang='lat' dir='ltr'><strong>intulit:</strong></span> <span class='ocrx_word' id='word_1_714' title='bbox 2652 4903 2958 4957; x_wconf 83' lang='lat' dir='ltr'><strong>Diviserunt</strong></span> <span class='ocrx_word' id='word_1_715' title='bbox 2998 4899 3100 4952; x_wconf 88' lang='lat' dir='ltr'><strong>sibi</strong></span> <span class='ocrx_word' id='word_1_716' title='bbox 3144 4899 3452 4951; x_wconf 84' lang='lat' dir='ltr'><strong>vestimenta</strong></span> <span class='ocrx_word' id='word_1_717' title='bbox 3503 4911 3633 4968; x_wconf 78' lang='lat' dir='ltr'><strong>mea</strong></span> <span class='ocrx_word' id='word_1_718' title='bbox 3656 4933 3674 4958; x_wconf 91' lang='lat'><strong>,</strong></span> 
     </span>
    </p>
   </div>
   <div class='ocr_carea' id='block_1_94' title="bbox 408 4985 3680 5077">
    <p class='ocr_par' dir='ltr' id='par_1_94' title="bbox 408 4985 3680 5077">
     <span class='ocr_line' id='line_1_94' title="bbox 408 4985 3680 5077; baseline -0.008 -14"><span class='ocrx_word' id='word_1_719' title='bbox 408 5017 462 5063; x_wconf 89' lang='lat' dir='ltr'><strong>et</strong></span> <span class='ocrx_word' id='word_1_720' title='bbox 495 5024 661 5077; x_wconf 88' lang='lat' dir='ltr'><strong>supra</strong></span> <span class='ocrx_word' id='word_1_721' title='bbox 689 5008 1058 5062; x_wconf 84' lang='lat' dir='ltr'><strong>vestimentum</strong></span> <span class='ocrx_word' id='word_1_722' title='bbox 1087 5019 1265 5059; x_wconf 86' lang='lat' dir='ltr'><strong>meum</strong></span> <span class='ocrx_word' id='word_1_723' title='bbox 1295 5003 1556 5058; x_wconf 85' lang='lat' dir='ltr'><strong>miserunt</strong></span> <span class='ocrx_word' id='word_1_724' title='bbox 1586 5011 1804 5058; x_wconf 85' lang='lat' dir='ltr'><strong>sortem.</strong></span> <span class='ocrx_word' id='word_1_725' title='bbox 1837 5002 2266 5058; x_wconf 88' lang='lat' dir='ltr'><strong>Considerantes</strong></span> <span class='ocrx_word' id='word_1_726' title='bbox 2296 5008 2477 5053; x_wconf 87' lang='lat' dir='ltr'><strong>autem</strong></span> <span class='ocrx_word' id='word_1_727' title='bbox 2511 5011 2619 5062; x_wconf 88' lang='lat' dir='ltr'><strong>me,</strong></span> <span class='ocrx_word' id='word_1_728' title='bbox 2656 4995 2769 5058; x_wconf 87' lang='lat' dir='ltr'><strong>ait,</strong></span> <span class='ocrx_word' id='word_1_729' title='bbox 2796 5003 2852 5048; x_wconf 90' lang='lat' dir='ltr'><strong>et</strong></span> <span class='ocrx_word' id='word_1_730' title='bbox 2883 4991 3284 5060; x_wconf 80' lang='lat' dir='ltr'><strong>conspicientes</strong></span> <span class='ocrx_word' id='word_1_731' title='bbox 3312 4985 3456 5056; x_wconf 88' lang='lat' dir='ltr'><strong>quod</strong></span> <span class='ocrx_word' id='word_1_732' title='bbox 3481 4985 3680 5077; x_wconf 67' lang='lat' dir='ltr'><strong>omnia</strong></span> 
     </span>
    </p>
   </div>
   <div class='ocr_carea' id='block_1_95' title="bbox 410 5075 3682 5167">
    <p class='ocr_par' dir='ltr' id='par_1_95' title="bbox 410 5075 3682 5167">
     <span class='ocr_line' id='line_1_95' title="bbox 410 5075 3682 5167; baseline -0.007 -16"><span class='ocrx_word' id='word_1_733' title='bbox 410 5099 493 5155; x_wconf 80' lang='lat' dir='ltr'><strong>eis</strong></span> <span class='ocrx_word' id='word_1_734' title='bbox 524 5075 828 5156; x_wconf 83' lang='lat' dir='ltr'><strong>evenerunt</strong></span> <span class='ocrx_word' id='word_1_735' title='bbox 869 5099 926 5154; x_wconf 90' lang='lat' dir='ltr'><strong>in</strong></span> <span class='ocrx_word' id='word_1_736' title='bbox 972 5113 1060 5154; x_wconf 93' lang='lat' dir='ltr'><strong>me</strong></span> <span class='ocrx_word' id='word_1_737' title='bbox 1102 5096 1409 5153; x_wconf 87' lang='lat' dir='ltr'><strong>desiderata</strong></span> <span class='ocrx_word' id='word_1_738' title='bbox 1454 5094 1817 5167; x_wconf 84' lang='lat' dir='ltr'><strong>(conspicere</strong></span> <span class='ocrx_word' id='word_1_739' title='bbox 1861 5096 2006 5150; x_wconf 90' lang='lat' dir='ltr'><strong>enim</strong></span> <span class='ocrx_word' id='word_1_740' title='bbox 2055 5097 2130 5149; x_wconf 87' lang='lat' dir='ltr'><strong>ita</strong></span> <span class='ocrx_word' id='word_1_741' title='bbox 2177 5101 2236 5146; x_wconf 91' lang='lat' dir='ltr'><strong>ut</strong></span> <span class='ocrx_word' id='word_1_742' title='bbox 2277 5091 2421 5161; x_wconf 87' lang='lat' dir='ltr'><strong>apud</strong></span> <span class='ocrx_word' id='word_1_743' title='bbox 2465 5104 2604 5154; x_wconf 90' lang='lat' dir='ltr'><strong>nos,</strong></span> <span class='ocrx_word' id='word_1_744' title='bbox 2637 5087 2842 5142; x_wconf 89' lang='lat' dir='ltr'><strong>dicitur</strong></span> <span class='ocrx_word' id='word_1_745' title='bbox 2874 5099 2985 5154; x_wconf 82' lang='lat' dir='ltr'><strong>pro</strong></span> <span class='ocrx_word' id='word_1_746' title='bbox 3026 5097 3124 5146; x_wconf 90' lang='lat' dir='ltr'><strong>eo,</strong></span> <span class='ocrx_word' id='word_1_747' title='bbox 3180 5078 3329 5150; x_wconf 91' lang='lat' dir='ltr'><strong>quod</strong></span> <span class='ocrx_word' id='word_1_748' title='bbox 3371 5087 3490 5167; x_wconf 81' lang='lat' dir='ltr'><strong>est,</strong></span> <span class='ocrx_word' id='word_1_749' title='bbox 3519 5075 3682 5130; x_wconf 83' lang='lat' dir='ltr'><strong>Vidit</strong></span> 
     </span>
    </p>
   </div>
   <div class='ocr_carea' id='block_1_96' title="bbox 371 5166 3685 5262">
    <p class='ocr_par' dir='ltr' id='par_1_96' title="bbox 371 5166 3685 5262">
     <span class='ocr_line' id='line_1_96' title="bbox 371 5166 3685 5262; baseline -0.006 -20"><span class='ocrx_word' id='word_1_750' title='bbox 371 5259 374 5262; x_wconf 8' lang='grc' dir='ltr'><strong><em>ἢ</em></strong></span> <span class='ocrx_word' id='word_1_751' title='bbox 412 5195 470 5244; x_wconf 85' lang='lat' dir='ltr'><strong>tn</strong></span> <span class='ocrx_word' id='word_1_752' title='bbox 520 5205 644 5246; x_wconf 90' lang='lat' dir='ltr'><strong>eum</strong></span> <span class='ocrx_word' id='word_1_753' title='bbox 690 5206 812 5262; x_wconf 71' lang='lat' dir='ltr'><strong>quae</strong></span> <span class='ocrx_word' id='word_1_754' title='bbox 853 5191 1072 5246; x_wconf 91' lang='lat' dir='ltr'><strong>volebat</strong></span> <span class='ocrx_word' id='word_1_755' title='bbox 1113 5189 1225 5260; x_wconf 88' lang='lat' dir='ltr'><strong>pati</strong></span> <span class='ocrx_word' id='word_1_756' title='bbox 1271 5166 1471 5260; x_wconf 83' lang='lat' dir='ltr'><strong>eum),</strong></span> <span class='ocrx_word' id='word_1_757' title='bbox 1506 5188 1618 5260; x_wconf 86' lang='lat' dir='ltr'><strong>jam</strong></span> <span class='ocrx_word' id='word_1_758' title='bbox 1676 5194 1937 5258; x_wconf 85' lang='lat' dir='ltr'><strong>tanquam</strong></span> <span class='ocrx_word' id='word_1_759' title='bbox 1987 5200 2072 5240; x_wconf 90' lang='lat' dir='ltr'><strong>me</strong></span> <span class='ocrx_word' id='word_1_760' title='bbox 2112 5184 2337 5238; x_wconf 88' lang='lat' dir='ltr'><strong>omnino</strong></span> <span class='ocrx_word' id='word_1_761' title='bbox 2392 5180 2554 5234; x_wconf 85' lang='lat' dir='ltr'><strong>malis</strong></span> <span class='ocrx_word' id='word_1_762' title='bbox 2599 5177 2806 5240; x_wconf 89' lang='lat' dir='ltr'><strong>dedito,</strong></span> <span class='ocrx_word' id='word_1_763' title='bbox 2849 5175 2994 5230; x_wconf 90' lang='lat' dir='ltr'><strong>sicut</strong></span> <span class='ocrx_word' id='word_1_764' title='bbox 3053 5179 3109 5228; x_wconf 92' lang='lat' dir='ltr'><strong>et</strong></span> <span class='ocrx_word' id='word_1_765' title='bbox 3151 5170 3340 5227; x_wconf 89' lang='lat' dir='ltr'><strong>hostes</strong></span> <span class='ocrx_word' id='word_1_766' title='bbox 3387 5166 3496 5221; x_wconf 87' lang='lat' dir='ltr'><strong>mei</strong></span> <span class='ocrx_word' id='word_1_767' title='bbox 3548 5175 3685 5236; x_wconf 83' lang='lat' dir='ltr'><strong>post</strong></span> 
     </span>
    </p>
   </div>
   <div class='ocr_carea' id='block_1_97' title="bbox 395 5454 1970 5545">
    <p class='ocr_par' dir='ltr' id='par_1_97' title="bbox 395 5455 1965 5545">
     <span class='ocr_line' id='line_1_97' title="bbox 395 5455 1965 5545; baseline 0.003 -21"><span class='ocrx_word' id='word_1_768' title='bbox 395 5455 565 5545; x_wconf 44' lang='lat' dir='ltr'><strong>‘__(l)</strong></span> <span class='ocrx_word' id='word_1_769' title='bbox 592 5473 845 5545; x_wconf 56' lang='lat' dir='ltr'><strong>Abhinc</strong></span> <span class='ocrx_word' id='word_1_770' title='bbox 878 5474 1168 5545; x_wconf 81' lang='lat' dir='ltr'><strong>usquead</strong></span> <span class='ocrx_word' id='word_1_771' title='bbox 1215 5476 1486 5545; x_wconf 86' lang='lat' dir='ltr'><strong>psalmum</strong></span> <span class='ocrx_word' id='word_1_772' title='bbox 1533 5489 1706 5545; x_wconf 11' lang='lat' dir='ltr'><strong>nm;</strong></span> <span class='ocrx_word' id='word_1_773' title='bbox 1736 5475 1870 5545; x_wconf 80' lang='lat' dir='ltr'><strong>nihil</strong></span> <span class='ocrx_word' id='word_1_774' title='bbox 1905 5489 1965 5528; x_wconf 91' lang='lat' dir='ltr'><strong>cs</strong></span> 
     </span>
    </p>
   </div>
   <div class='ocr_carea' id='block_1_98' title="bbox 2077 5454 3426 5545">
    <p class='ocr_par' dir='ltr' id='par_1_98' title="bbox 2093 5454 3426 5545">
     <span class='ocr_line' id='line_1_98' title="bbox 2093 5454 3426 5545; baseline 0.01 -21"><span class='ocrx_word' id='word_1_775' title='bbox 2093 5454 2366 5545; x_wconf 62' lang='lat' dir='ltr'><strong>liat._Mt_t.</strong></span> <span class='ocrx_word' id='word_1_776' title='bbox 2543 5538 2556 5545; x_wconf 86' lang='lat'>_</span> <span class='ocrx_word' id='word_1_777' title='bbox 2697 5534 2718 5545; x_wconf 81' lang='lat'>_</span> <span class='ocrx_word' id='word_1_778' title='bbox 2946 5541 2955 5545; x_wconf 90' lang='lat'>_</span> <span class='ocrx_word' id='word_1_779' title='bbox 3122 5530 3132 5541; x_wconf 93' lang='lat'><strong>.</strong></span> <span class='ocrx_word' id='word_1_780' title='bbox 3245 5543 3286 5545; x_wconf 28' lang='grc' dir='ltr'>η</span> 
     </span>
    </p>
   </div>
   <div class='ocr_carea' id='block_1_99' title="bbox 421 5526 3680 5612">
    <p class='ocr_par' dir='ltr' id='par_1_99' title="bbox 421 5526 3680 5612">
     <span class='ocr_line' id='line_1_99' title="bbox 421 5526 3680 5612; baseline -0.003 -22"><span class='ocrx_word' id='word_1_781' title='bbox 421 5526 1047 5612; x_wconf 58' lang='lat' dir='ltr'><strong>Theiulbrihntiocheni</strong></span> <span class='ocrx_word' id='word_1_782' title='bbox 1076 5526 1988 5612; x_wconf 26' lang='lat' dir='ltr'><strong>in—hoeeodi—ce—ltiiiﬂﬂl)Quam-</strong></span> <span class='ocrx_word' id='word_1_783' title='bbox 2163 5543 2238 5611; x_wconf 67' lang='grc'><strong>(2)</strong></span> <span class='ocrx_word' id='word_1_784' title='bbox 2278 5542 2490 5612; x_wconf 73' lang='lat' dir='ltr'><strong>(litatur</strong></span> <span class='ocrx_word' id='word_1_785' title='bbox 2543 5538 2646 5592; x_wconf 88' lang='lat' dir='ltr'><strong>hoc</strong></span> <span class='ocrx_word' id='word_1_786' title='bbox 2695 5530 3175 5612; x_wconf 65' lang='lat' dir='ltr'><strong>fr_ag_tnentuin__in</strong></span> <span class='ocrx_word' id='word_1_787' title='bbox 3231 5526 3466 5582; x_wconf 86' lang='lat' dir='ltr'><strong>concilio</strong></span> <span class='ocrx_word' id='word_1_788' title='bbox 3514 5526 3680 5612; x_wconf 51' lang='lat' dir='ltr'><strong>Cotl-</strong></span> 
     </span>
    </p>
   </div>
   <div class='ocr_carea' id='block_1_100' title="bbox 421 5595 3681 5682">
    <p class='ocr_par' dir='ltr' id='par_1_100' title="bbox 421 5595 3681 5682">
     <span class='ocr_line' id='line_1_100' title="bbox 421 5595 3681 5682; baseline -0.002 -26"><span class='ocrx_word' id='word_1_789' title='bbox 421 5609 619 5682; x_wconf 70' lang='lat' dir='ltr'><strong>ohretn</strong></span> <span class='ocrx_word' id='word_1_790' title='bbox 655 5595 788 5678; x_wconf 83' lang='lat' dir='ltr'><strong>puto</strong></span> <span class='ocrx_word' id='word_1_791' title='bbox 837 5613 1080 5682; x_wconf 58' lang='lat' dir='ltr'><strong>defuisse</strong></span> <span class='ocrx_word' id='word_1_792' title='bbox 1125 5595 1604 5668; x_wconf 36' lang='grc' dir='ltr'><strong>(ἐέὶὲηὲέίὲιίῐςὶότί</strong></span> <span class='ocrx_word' id='word_1_793' title='bbox 1662 5595 1984 5682; x_wconf 66' lang='lat' dir='ltr'><strong>quaternio-</strong></span> <span class='ocrx_word' id='word_1_794' title='bbox 2089 5595 2576 5682; x_wconf 20' lang='lat' dir='ltr'><strong>sta‘iiliinopolitano</strong></span> <span class='ocrx_word' id='word_1_795' title='bbox 2625 5607 2752 5660; x_wconf 90' lang='lat' dir='ltr'><strong>anni</strong></span> <span class='ocrx_word' id='word_1_796' title='bbox 2782 5595 2932 5668; x_wconf 41' lang='lat' dir='ltr'><strong>v5.53,</strong></span> <span class='ocrx_word' id='word_1_797' title='bbox 3000 5600 3217 5656; x_wconf 86' lang='lat' dir='ltr'><strong>actione</strong></span> <span class='ocrx_word' id='word_1_798' title='bbox 3275 5614 3348 5661; x_wconf 83' lang='lat' dir='ltr'><strong>Iv,</strong></span> <span class='ocrx_word' id='word_1_799' title='bbox 3397 5611 3550 5651; x_wconf 87' lang='lat' dir='ltr'><strong>num.</strong></span> <span class='ocrx_word' id='word_1_800' title='bbox 3579 5595 3681 5652; x_wconf 72' lang='lat'><strong>2&#39;5.</strong></span> 
     </span>
    </p>
   </div>
   <div class='ocr_carea' id='block_1_101' title="bbox 423 5678 2604 5753">
    <p class='ocr_par' dir='ltr' id='par_1_101' title="bbox 423 5678 2604 5753">
     <span class='ocr_line' id='line_1_101' title="bbox 423 5678 2604 5753; baseline 0.002 -25"><span class='ocrx_word' id='word_1_801' title='bbox 423 5691 523 5729; x_wconf 86' lang='lat' dir='ltr'><strong>nes</strong></span> <span class='ocrx_word' id='word_1_802' title='bbox 553 5678 761 5749; x_wconf 85' lang='lat' dir='ltr'><strong>aliquot</strong></span> <span class='ocrx_word' id='word_1_803' title='bbox 785 5681 993 5733; x_wconf 84' lang='lat' dir='ltr'><strong>codicis</strong></span> <span class='ocrx_word' id='word_1_804' title='bbox 1019 5679 1329 5740; x_wconf 83' lang='lat' dir='ltr'><strong>Thcodori.-</strong></span> <span class='ocrx_word' id='word_1_805' title='bbox 1343 5686 1488 5738; x_wconf 87' lang='lat' dir='ltr'><strong>unde</strong></span> <span class='ocrx_word' id='word_1_806' title='bbox 1519 5678 1775 5753; x_wconf 73' lang='lat' dir='ltr'><strong>excerpta</strong></span> <span class='ocrx_word' id='word_1_807' title='bbox 1806 5697 1986 5736; x_wconf 87' lang='lat' dir='ltr'><strong>sume-</strong></span> <span class='ocrx_word' id='word_1_808' title='bbox 2095 5681 2288 5742; x_wconf 83' lang='lat' dir='ltr'><strong>Mansi.</strong></span> <span class='ocrx_word' id='word_1_809' title='bbox 2331 5678 2401 5733; x_wconf 78' lang='lat' dir='ltr'><strong>X1</strong></span> <span class='ocrx_word' id='word_1_810' title='bbox 2423 5720 2437 5739; x_wconf 88' lang='lat'><strong><em>.</em></strong></span> <span class='ocrx_word' id='word_1_811' title='bbox 2481 5680 2604 5732; x_wconf 69' lang='lat'><strong>212.</strong></span> 
     </span>
    </p>
   </div>
  </div>
