3974 6146
331 287 442 346 eos
1289 305 1294 308 -
1539 281 1908 339 exrosmo
1947 282 2015 338 IN
2055 283 2397 342 essurus.
3503 293 3608 350 sea

333 397 702 454 vastationem
748 405 804 454 et
848 395 1222 467 captivitatem
1273 394 1586 451 diviserunt
1628 404 1780 452 sorte
1826 397 2154 454 divisionem
2203 373 2396 456 eorum
2447 401 2737 459 facientes.
2787 405 2863 458 Et”
2893 403 3234 478 evangelista
3281 405 3504 476 quidem
3554 407 3610 461 in

339 493 572 549 Domino
619 491 784 548 verba
835 506 904 547 ex
950 492 1114 547 rebus
1165 505 1491 552 assumens.
1532 493 1615 547 eis
1660 508 1816 558 usus,
1861 501 1922 547 ut
1966 493 2056 548 hic
2098 501 2154 550 et
2196 495 2252 550 in
2300 497 2424 553 aliis
2470 497 2736 554 diximus.
2763 498 2899 554 Nam
2927 502 3072 572 quod
3103 516 3212 557 non
3239 501 3512 573 pertineat
3539 504 3608 558 ad

337 586 630 643 Dominum
673 589 942 658 psalmus,
982 587 1038 641 in
1073 587 1452 658 superioribus
1507 585 1791 643 evidenter
1846 589 2214 646 ostendimus.
2249 591 2319 646 At
2350 607 2480 647 vero
2544 594 2741 650 beatus
2788 595 2961 650 David
3002 611 3168 666 supra
3230 595 3452 651 modum
3505 595 3611 649 ista

337 679 513 750 magis
554 695 623 734 ex
669 679 757 735 bis
806 694 929 749 quae
960 678 1221 733 Absalom
1271 677 1416 770 facta
1454 686 1603 744 sunt,
1639 679 1781 734 dixit
1820 697 1836 736 :
1887 681 2152 752 quoniam
2199 683 2330 738 dum
2365 688 2689 742 recessisset
2721 686 2912 752 David.
2944 687 3069 756 jure
3103 687 3232 743 belli
3263 687 3607 770 metropoli"!

342 772 624 844 ingressus
647 772 892 844 quidem,
918 785 1112 826 omnes
1135 769 1378 826 obtinuit
1399 785 1489 826 res
1511 771 1743 842 regales,
1770 786 1877 827 non
1902 773 2072 844 piguit
2103 784 2278 830 autem
2309 779 2471 832 etiam
2503 780 2674 849 patris
2702 779 2872 834 cubile
2899 781 3198 850 inquinare.

885 949 1182 1004 nmmos
1215 952 1364 1018 ne".

403 1109 554 1180 Στίχ.
589 1108 656 1180 β’.
674 1109 952 1164 -Ἡνίκα
979 1104 1074 1164 οὖν
1103 1109 1177 1181 (1)
1199 1108 1425 1179 πλησίον
1453 1102 1598 1164 οὗτοι
1618 1107 1924 1178 γεγόνασιν,

333 1201 409 1265 ὡς
433 1201 530 1254 καὶ
557 1200 996 1271 ἁπογευσάμενοί
1034 1218 1134 1271 μου
1183 1200 1292 1252 τῶν
1328 1198 1578 1269 σαρκῶν·
1625 1198 1782 1252 τοῦτο
1817 1198 1928 1268 γὰρ

336 1291 585 1363 βούλεται
612 1294 786 1345 εἰπεῖν
805 1293 1008 1356 τὺ,Τοῦ
1023 1291 1236 1362 φαγεῖν
1259 1291 1368 1356 τὰς
1391 1290 1623 1360 σάρκας
1632 1309 1772 1360 μουο
1786 1291 1926 1346 ὥστε

333 1383 502 1449 δεῖξαι
527 1384 708 1438 αὐτῶν
730 1383 828 1454 τὴν
855 1383 1112 1454 ὠμότητα
1140 1384 1233 1436 καὶ
1259 1383 1359 1454 τὴν
1383 1384 1573 1454 ὀργὴν,
1593 1381 1710 1453 μεθ’
1731 1377 1798 1453 ἦς
1819 1383 1925 1454 ὦρ-

339 1491 472 1543 μουν
501 1474 589 1526 ἐπ’
619 1473 835 1535 αὐτούς·
881 1472 942 1524 τὸ
970 1472 1050 1536 δὲ,
1099 1471 1400 1541 Ἑγγίζειν,
1439 1473 1559 1525 ἀντὶ
1582 1471 1698 1538 τοῦ,
1737 1473 1926 1526 Ἡνίκα

333 1563 477 1618 οὕτω
497 1564 723 1634 πλησίον
738 1562 1044 1631 γεγόνασιν,
1076 1563 1151 1626 ὡς
1173 1563 1338 1634 μηδὲν
1367 1563 1632 1618 ἐλλείπειν
1667 1563 1803 1635 πρὸς
1827 1563 1927 1633 τὴν

336 1655 685 1726 ἐκπλήρωσιν
713 1655 814 1724 τῆς
839 1655 1147 1726 προθέσεως
1184 1653 1382 1708 αὐτῶν·
1427 1654 1609 1718 καλῶς
1640 1655 1696 1708 δὲ
1729 1656 1926 1718 αὐτοὺς

337 1745 672 1811 κακοῦντας
707 1744 986 1810 ἐκάλεσεν,
1024 1746 1100 1807 ὡς
1143 1744 1232 1797 διὰ
1264 1744 1364 1815 τὴν
1395 1744 1705 1816 προσοῦσαν
1742 1747 1925 1808 αὐτοῖς

341 1837 492 1907 ἰσχὺν
521 1837 768 1899 ἅπαντας
799 1835 1011 1906 μυρίοις
1043 1834 1434 1905 περιϐαλόντας
1480 1837 1686 1898 κακοῖς.
1711 1866 1784 1876 —-
1808 1837 1926 1888 Ka-

337 1928 444 1992 λῶς
469 1928 551 1990 τὺ,
574 1929 777 1982 Αὐτοί’
802 1928 882 1982 ὅτι
916 1928 1092 1998 Ἥμᾶς
1112 1928 1209 1998 μὲν
1234 1927 1502 1998 ἠδίκησαν
1523 1929 1696 1991 οὐδὲν,
1725 1929 1926 1983 ἔπαθον

336 2019 394 2072 δὲ
437 2017 611 2071 ταῦτα
656 2018 835 2080 αὐτοὶ,
873 2017 1020 2089 ἅπερ
1045 2019 1192 2088 ἡμᾶς
1234 2018 1496 2072 διαθεῖναι
1530 2020 1872 2090 προσεδόκων
1906 2038 1922 2052 ο

337 2108 818 2182 ἐμφαντικώτερον
842 2109 901 2163 δὲ
924 2109 1005 2174 τὸ,
1023 2108 1404 2177 Ἦσθένησαν
1425 2110 1522 2163 καὶ
1541 2111 1784 2176 ἔπεσον,
1805 2111 1928 2166 ἀντὶ

336 2200 453 2262 τοῦ,
480 2201 592 2271 Οὐχ
616 2201 723 2252 ὐπὸ
756 2200 1030 2270 πολεμίων
1059 2200 1423 2272 ἀνῃρέθησαν,
1445 2201 1565 2253 οὐδὲ
1589 2202 1692 2255 ὑπὸ
1715 2202 1928 2274 ἀνθρὼ-

1952 941 2007 1002 Δ

2541 958 2868 1017 PSALMUS
2903 959 3098 1016 XXVI.

2104 1111 2270 1168 Vens.
2301 1112 2456 1166 2.-
2487 1111 2626 1168 Dum
2686 1113 2852 1183 igitur
2897 1112 2976 1168 illi
3021 1127 3192 1185 prope
3240 1111 3370 1170 facti
3434 1121 3609 1172 sunt.

2029 1203 2187 1274 quasi
2217 1218 2416 1259 carnes
2445 1218 2596 1260 meas
2624 1213 2934 1274 gustantes,
2971 1203 3078 1258 hoe
3121 1202 3266 1258 enim
3311 1202 3607 1274 signiﬁcat,

2035 1293 2103 1350 Ut
2133 1295 2293 1350 edant
2322 1313 2506 1350 carnes
2537 1313 2700 1360 meas,
2727 1303 2785 1350 ut
2812 1295 3067 1351 ostendat
3095 1310 3286 1350 eorum
3319 1295 3610 1350 crudelita-

2032 1393 2139 1439 tem
2176 1393 2342 1455 atque
2379 1385 2517 1438 iram
2547 1401 2655 1455 qua
2700 1385 2758 1439 in
2805 1384 2984 1454 ipsum
3046 1385 3347 1439 irruebant.
3403 1385 3606 1452 Appro-

2027 1475 2176 1546 piant
2211 1485 2551 1546 autem,pro,
2581 1476 2714 1530 Dum
2737 1487 2844 1530 tam
2865 1492 3032 1546 prope
3054 1476 3180 1530 facti
3213 1483 3361 1536 sunt.
3394 1484 3453 1528 ut
3475 1475 3608 1528 nihil

2028 1569 2140 1624 illis
2193 1568 2409 1622 deesset
2471 1567 2538 1621 ad
2605 1567 2940 1636 implendum
2996 1581 3186 1620 eorum
3240 1566 3605 1636 propositum.

2028 1656 2198 1714 Recte
2224 1667 2424 1713 autem-
2444 1659 2570 1712 illos
2618 1660 2834 1712 vocavit
2886 1670 3150 1723 nocentes,
3201 1659 3296 1728 qui
3345 1657 3416 1710 ob
3451 1671 3606 1712 suam

2027 1751 2329 1820 potentiam
2364 1764 2556 1804 omnes
2591 1749 2740 1805 mille
2768 1750 2930 1804 malis
2959 1751 3297 1820 opprimunt.
3331 1778 3400 1788 —-
3440 1749 3608 1804 Recte

2028 1843 2152 1907 ipsi,
2195 1843 2322 1912 quia
2355 1841 2489 1896 nihil
2521 1841 2740 1913 quidem
2762 1842 2922 1898 nobis
2946 1850 3272 1904 nocuerunt,
3302 1843 3450 1911 passi
3479 1851 3609 1896 sunt

2030 1942 2212 1989 autem
2242 1935 2431 1989 eadem
2462 1949 2584 2006 qua:
2615 1943 2806 1988 contra
2857 1948 2962 1990 nos
3012 1933 3413 2002 excogitabant.
3465 1933 3606 1986 Cum

2029 2025 2239 2094 majore
2268 2033 2447 2079 autem
2476 2023 2723 2094 emphasi
2762 2023 2915 2087 dicit,
2945 2020 3216 2091 Inﬁrmati
3243 2029 3366 2075 sunt
3395 2031 3443 2074 et
3471 2022 3606 2074 ceci-

2030 2118 2244 2182 derant,
2303 2131 2427 2186 pro,
2467 2114 2578 2171 Nec
2611 2116 2679 2169 ab
2715 2115 2968 2169 hostibus
3009 2114 3169 2168 deleti
3214 2123 3365 2177 sunt,
3397 2127 3498 2167 nec
3539 2112 3609 2166 ab

2031 2209 2348 2264 hominibus
2377 2206 2677 2278 quidquam
2718 2206 2962 2261 terribile
2994 2205 3143 2275 passi
3174 2213 3339 2269 sunt,
3375 2206 3468 2259 sed
3500 2204 3606 2258 mi-
3679 2251 3684 2255 .

338 2310 454 2347 πων
477 2292 684 2345 ἔπαθόν
717 2310 770 2345 τι
820 2291 1012 2352 δεινὸν,
1057 2292 1193 2346 ἀλλὰ
1231 2290 1546 2359 παραδόξως
1583 2285 1725 2347 ἄνευ⁸
1742 2295 1926 2366 πάσης

2050 2299 2277 2354 ἀδίιὶιθι-
2306 2300 2426 2353 sine
2474 2299 2584 2352 ulla
2643 2314 2807 2352 manu
2862 2299 3124 2360 humana,
3176 2298 3361 2353 subito
3395 2313 3461 2352 cx
3513 2297 3608 2352 Dei

335 2379 680 2454 ἀνθρωπείας
738 2383 939 2454 χειρὸς,
987 2368 1248 2454 ὲξαίῖρνης
1279 2385 1360 2447 είς
1401 2383 1688 2438 ἀσθένειαν
1728 2387 1796 2458 τῇ
1833 2385 1928 2439 τοῦ

335 2472 474 2527 Θεοῦ
509 2473 922 2544 κατηνέχθησαν
948 2473 1211 2545 τιμωρίᾳ.

411 2586 566 2658 Στίχ.
590 2594 662 2655 τ’.
695 2617 766 2626 -
794 2588 910 2640 Ὀτι
943 2585 1216 2652 ἀπόδειξιν
1255 2588 1396 2660 ἔχων
1432 2590 1681 2661 αὐτάρκη
1728 2589 1798 2644 τὰ
1830 2607 1924 2659 γε·

343 2679 548 2749 γονὸτα
570 2679 671 2749 τῆς
692 2678 785 2731 τοῦ
807 2677 933 2732 Θεοῦ
956 2679 1231 2751 βοηθείας,
1253 2698 1394 2751 παρε
1404 2681 1610 2752 μόολῆς
1627 2680 1756 2751 ὅλης
1779 2699 1933 2751 κινη-

349 2773 540 2844 θείσης
563 2773 654 2825 καὶ
684 2771 936 2842 πολέμου,
962 2772 1174 2825 δέδοικα
1198 2772 1412 2840 οὐδένα,
1450 2773 1624 2846 ταύτῃ
1656 2772 1932 2837 πεποιθὼς

348 2866 417 2935 τῇ
448 2863 541 2917 τοῦ
572 2861 706 2916 Θεοῦ
738 2864 1053 2934 συμμαχίᾳ·
1099 2863 1159 2917 τὸ
1187 2863 1317 2935 γάρ,
1348 2864 1418 2917 ἐν
1447 2859 1658 2934 fatim,
1683 2864 1934 2919 τουτέστι

343 2958 408 3028 τῇ
432 2955 656 3026 βοηθείᾳ
685 2956 780 3009 καὶ
808 2957 876 3026 τῇ
907 2953 1196 3026 συμμαχίᾳ
1227 2954 1321 3008 τοῦ
1354 2957 1646 3008 Δεσπότου.

407 3046 557 3118 Στίχ.
583 3055 645 3102 ε’.
673 3077 746 3087 —
765 3047 979 3118 Ὠσπερ
1006 3047 1111 3100 τινὶ
1142 3050 1315 3119 σκηνῇ
1339 3051 1405 3120 τῇ
1440 3047 1617 3117 οἰκείᾳ.
1649 3048 1932 3111 σκεπάσας

339 3141 582 3212 βοηθείᾳ,
621 3141 763 3212 μετὰ
816 3141 1019 3210 πολλῆς
1079 3158 1147 3211 με
1173 3142 1272 3211 τῆς
1307 3139 1607 3208 ἀσφαλείας
1631 3141 1930 3210 ἐφύλαξενο

337 3234 583 3300 σκηνὴν
597 3231 728 3302 γὰρ,
752 3231 848 3286 τοῦ
864 3231 1003 3284 Θεοῦ
1029 3230 1187 3283 καλεῖ
1204 3230 1297 3301 τὴν
1327 3229 1600 3300 ΒοήΘειαν,
1627 3231 1704 3294 ὼς
1728 3230 1933 3284 σκεπά-

340 3340 513 3377 σεισαν
541 3323 707 3377 αὐτὸν
740 3321 850 3378 ἀπὸ
875 3323 984 3376 τῶν
1008 3322 1212 3376 κακῶνο
1242 3321 1305 3375 τὸ
1337 3323 1414 3385 δὲ.
1448 3325 1779 3391 Ἕκρυψεν,
1811 3325 1933 3376 ἀντὶ

339 3413 459 3478 τοῦ,
485 3413 806 3485 Ἐφύλαξεν,
836 3414 946 3468 ἀπὸ
981 3413 1076 3467 τοῦ
1101 3414 1510 3484 κατακρύπτειν
1536 3414 1623 3466 ἀεὶ
1648 3415 1774 3477 τούς
1813 3414 1934 3483 βου-

339 3507 601 3577 λομένους
629 3525 682 3560 τι
713 3507 1025 3577 φυλάττειν·
1064 3509 1161 3562 Ἐν
1182 3509 1374 3577 ἡμέρᾳ
1393 3507 1448 3560 δὲ
1471 3507 1675 3561 κακῶν
1702 3525 1843 3575 μου,
1871 3509 1928 3559 ὲν

339 3599 417 3670 τῷ
442 3599 622 3670 καιρῷ
657 3599 758 3670 τῆς
821 3603 1131 3670 συμφορᾶς,
1183 3601 1273 3655 ὅτε
1300 3599 1515 3653 πολλῶν
1546 3598 1922 3670 προσεδόκησα
1959 3640 2002 3697 C

342 3689 778 3760 πειραθήσεσθαι
802 3690 1010 3745 κακῶν.

900 3843 1198 3899 ΨΛΛΜΟΣ
1240 3847 1378 3900 KH'.

413 3980 568 4050 Στίχ.
603 3979 673 4048 γ’.
697 4009 767 4021 -—~
793 3980 930 4052 Περὶ
972 3981 1176 4053 ταύτης
1213 3981 1314 4051 τῆς
1360 3980 1600 4035 ἀϐύσσου
1629 3982 1738 4036 τῶν
1787 3983 1938 4050 λογι-

349 4072 504 4141 σμῶν
526 4073 734 4126 ὑδάτων
755 4073 921 4142 φησὶν
953 4073 982 4125 ὁ
1012 4073 1208 4126 Δαυΐδ·
1240 4073 1413 4142 Φωνὴ
1443 4075 1665 4144 Κυρίου
1686 4073 1787 4128 ἐπὶ
1819 4073 1940 4129 τῶν

347 4162 609 4218 ὑδάτων.

909 4322 1202 4377 ΨΔΛΜΟΣ
1247 4320 1378 4376 ΚΘ’.

425 4459 576 4530 Στίχ.
604 4457 891 4513 ι’.--Ἀντὶ
917 4457 1034 4522 τοῦ,
1066 4455 1242 4510 ταῦτα
1268 4455 1482 4524 έλεγονυ
1505 4455 1631 4510 Ἐὰν
1659 4432 1939 4520 ἀποδάνω,

356 4551 412 4605 τί
441 4551 509 4605 τὸ
541 4551 761 4620 ὄφελος
780 4566 800 4614 ;
830 4549 1117 4603 ἀποθανὼν
1154 4548 1263 4618 γὰρ
1297 4547 1683 4620 διαφθείρομαι
1711 4589 1728 4617 ,
1764 4551 1942 4621 τέφρα

355 4643 641 4712 γινόμενος
678 4643 774 4696 καὶ
807 4641 1019 4704 σποδός.

426 4737 580 4806 Στίχ.
617 4735 704 4806 ιβ’.
733 4765 806 4775 --
843 4734 901 4787 Ὀ
935 4734 1136 4796 σάκκος
1169 4731 1370 4785 κακίαν
1403 4729 1498 4783 καὶ
1526 4729 1802 4798 ἀγνωσίαν
1847 4746 1943 4800 ση-

359 4831 580 4900 μαίνει,
640 4827 829 4899 ὲπειδὴ
880 4827 976 4880 καὶ
1038 4827 1096 4878 αἱ
1141 4825 1323 4895 τρίχες
1373 4823 1484 4875 τῶν
1545 4821 1748 4892 ἐρίφων
1802 4817 1944 4893 ἦσαν

356 4921 465 4974 τῶν
501 4919 810 4992 ἱσταμένων
844 4917 904 4983 ἐξ
940 4911 1235 4987 εὐωνύμων
1271 4915 1366 4969 καὶ
1413 4912 1510 4966 τοῦ
1549 4911 1942 4984 ἀποπομπαίου

355 5012 589 5082 τράγου.

426 5105 578 5175 Στὶχ.
619 5107 709 5172 ιγ’.
741 5133 811 5142 -
850 5099 1054 5165 Εἰπὼν,
1093 5099 1175 5152 Οὐ
1198 5096 1284 5165 μὴ
1311 5093 1644 5166 κατανυνῶ,
1675 5095 1798 5148 ἀντὶ
1821 5091 1939 5158 τοῦ,

358 5193 436 5250 Οὐ
469 5197 894 5268 μεταγνὼσομαι
919 5192 1012 5244 ἐπὶ
1032 5191 1097 5260 τῇ
1138 5187 1426 5258 ψαλμῳδίᾳ
1449 5225 1466 5250 ,
1501 5187 1802 5254 ἐπήγαγενο
1835 5185 1941 5249 Εἰς

1971 4982 2019 5038 D

2033 2392 2277 2448 vindicta
2308 2393 2365 2446 in
2399 2391 2774 2446 inﬁrmitatem
2807 2391 3006 2461 dejecti
3037 2398 3188 2446 sunt.

2103 2591 2272 2648 Vens.
2295 2592 2352 2647 3.
2375 2621 2444 2632 —
2465 2591 2601 2648 Cum
2631 2590 2774 2645 facta
2803 2589 2989 2645 divina
3017 2591 3087 2646 de
3111 2591 3314 2645 auxilio
3337 2587 3612 2660 sperando

2033 2683 2330 2750 suﬂiciant,
2387 2683 2644 2754 quamvis
2694 2682 2881 2736 omnia
2932 2689 3114 2736 castra
3163 2682 3474 2752 bellumque
3521 2694 3610 2734 me.

2034 2773 2466 2837 circumdarent,
2498 2772 2637 2827 nihil
2667 2771 2898 2837 timebo,
2924 2770 2980 2825 in
3007 2771 3211 2825 aitxilio
3235 2771 3329 2826 Dei
3355 2785 3605 2839 sperans,

2032 2879 2285 2935 Sperans,
2323 2865 2572 2934 inquam,
2610 2864 2665 2918 in
2695 2877 2782 2932 eo,
2835 2862 2889 2916 id
2922 2870 3029 2928 est,
3071 2863 3125 2916 in
3157 2862 3433 2927 adiutorio
3455 2862 3612 2916 auxi—

2032 2956 2216 3027 lioque
2246 2955 2483 3010 Domini.

2106 3049 2274 3104 Vens.
2305 3050 2358 3104 5.
2379 3079 2448 3089 -—
2470 3047 2939 3115 Quemadmodum
2967 3047 3204 3118 quodam
3234 3047 3610 3112 tabernaculo,

2033 3141 2308 3210 adjutorio
2337 3153 2437 3194 suo
2464 3147 2776 3209 protegens,
2813 3150 3009 3208 magna
3050 3141 3345 3194 securitate
3395 3155 3481 3194 me
3513 3155 3614 3193 cu-

2033 3230 2277 3286 stodivit.
2315 3230 2739 3285 Tabernaculum
2765 3234 2910 3287 enim
2943 3238 3104 3286 vocat
3153 3231 3492 3298 adiutorium
3530 3229 3614 3281 di-

2033 3322 2248 3383 vinum,
2290 3331 2550 3391 tanquam
2580 3338 2704 3378 eum
2745 3324 2813 3377 ab
2862 3338 3053 3377 eorum
3087 3323 3250 3376 malis
3296 3329 3612 3389 protegens.

2032 3414 2322 3467 Abscondit
2364 3423 2568 3479 autem,
2603 3431 2703 3485 pro
2729 3415 3030 3477 custodiuit,
3059 3429 3126 3467 ex
3157 3413 3244 3466 bis
3272 3412 3366 3481 qui
3396 3426 3612 3479 semper

2034 3507 2380 3562 abscondunt
2438 3508 2588 3576 quod
2644 3523 2869 3562 servare
2914 3508 3127 3562 volunt.
3190 3503 3255 3557 In
3300 3504 3386 3556 die
3429 3512 3610 3556 autem

2033 3599 2321 3664 malorum,
2353 3607 2599 3669 tempore
2631 3600 3004 3663 adversitatis,
3061 3598 3283 3668 quando
3318 3613 3404 3652 me
3440 3597 3613 3651 multa

2035 3689 2179 3740 mala
2207 3694 2566 3756 experturum
2598 3686 2828 3742 credidi.

2528 3840 2856 3898 PSALMUS
2884 3840 3125 3896 XXVIII.

2105 3983 2276 4038 Vens.
2310 3985 2364 4038 5.
2398 4012 2470 4022 —
2491 3981 2565 4037 De
2603 3982 2808 4052 abysso
2845 3981 3316 4036 murmurantium
3343 3971 3614 4052 aquarum

2037 4077 2171 4133 dicit
2198 4075 2390 4141 David,
2436 4075 2548 4130 V0.1:
2576 4075 2792 4129 Domini
2822 4090 2977 4144 super
3002 4090 3190 4144 aquas.

2543 4275 2868 4370 PSALMUS
2907 4312 3103 4370 XXIX.

2109 4456 2279 4510 Vens.
2304 4453 2390 4507 10.
2415 4482 2483 4493 --
2505 4451 2804 4522 Propterea
2827 4451 2943 4504 haec
2968 4449 3217 4503 dicebam
3241 4469 3254 4504 :
3281 4449 3336 4504 Si
3367 4456 3620 4504 mortuus

2041 4551 2220 4614 fuero,
2251 4563 2366 4618 qua:
2388 4545 2600 4600 utilitas
2625 4547 2650 4599 ?
2679 4542 2816 4597 Nam
2852 4552 3093 4596 mortuus
3128 4554 3457 4609 corrumpor
3477 4579 3493 4603 ,
3543 4538 3623 4593 ci-

2041 4644 2128 4698 nis
2159 4641 2450 4712 pulvisquc
2485 4636 2578 4690 ﬁo.
3230 4621 3244 4635 ’

2111 4732 2280 4787 Vens.
2319 4731 2409 4785 12.
2437 4758 2505 4770 -
2532 4727 2740 4782 Saccus
2763 4725 3030 4779 malitiam
3063 4731 3228 4795 atque
3253 4720 3621 4794 ignorantiam

2041 4825 2336 4896 signiﬁcat,
2372 4837 2497 4877 cum
2535 4819 2630 4889 pili
2661 4827 2850 4873 essent
2900 4817 3179 4870 hircorum
3215 4816 3308 4885 qui
3358 4821 3626 4870 steterant

2043 4925 2154 4971 tam
2185 4931 2250 4971 ex
2284 4912 2584 4968 immolatis
2609 4925 2776 4980 quam
2805 4922 2873 4962 ex
2910 4905 3235 4962 emissariis.

2119 5092 2286 5146 Vens.
2320 5092 2410 5147 I5.
2434 5122 2505 5133 —
2523 5093 2593 5144 Et
2625 5106 2728 5143 non
2755 5102 3103 5158 compungar,
3127 5099 3227 5154 pro
3253 5082 3374 5137 Non
3401 5085 3628 5137 cantare

2049 5185 2347 5246 desistam;
2398 5181 2574 5247 addit,
2610 5179 2676 5232 In
2704 5179 2958 5232 swculum
3007 5175 3317 5244 conﬁtebor,
3366 5174 3486 5228 sine
3522 5170 3626 5225 ﬁne

359 5261 680 5343 tdr'aid'nca
703 5261 1244 5354 ἐξομολογήσομαι,
1278 5277 1371 5332 τοῦ
1401 5277 1604 5346 ταύτην
1637 5274 1931 5328 διατελέσαι

2051 5276 2155 5330 hoc
2210 5273 2359 5343 fungi
2394 5271 2598 5342 gratias
2646 5284 2834 5338 agens,
2864 5283 2990 5323 cum
3039 5264 3300 5322 saeculum
3359 5261 3627 5319 malorum

365 5398 446 5433 σοι
476 5379 772 5440 ἀπαύστως
822 5371 1198 5446 εὐχαριστῶν·
1246 5369 1420 5424 αἰῶνα
1461 5367 1663 5432 καλῶν,
1705 5364 1795 5418 τὸν
1847 5364 1931 5432 τῆς

2053 5368 2124 5422 sit
2149 5365 2314 5436 hujus
2341 5365 2464 5419 vitae
2487 5370 2724 5432 tempus.

364 5472 570 5534 οἰκείας
596 5467 748 5533 ζωῆς
787 5467 1000 5537 χρόνον.

439 5693 512 5764 (1)
547 5691 649 5746 Mai
684 5687 822 5746 ibid.
850 5704 904 5758 p.
935 5686 1061 5741 395.
