3974 6146
436 332 541 393 οτι

1602 317 1962 376 THEODORI
1999 316 2485 374 MOPSUESTENI

3607 318 3709 376 672

1807 432 2140 494 PSALMUS
2168 435 2353 494 XLIV.

513 543 685 603 Vsus.
718 548 766 600 Ι.
797 574 868 586 -
895 541 1038 611 Quid
1082 541 1267 610 itaque
1301 537 1377 611 (l)
1415 533 1728 590 invenietur
1775 531 1964 600 maius
1991 531 2080 585 bis
2109 545 2232 600 quae
2261 547 2292 584 a
2323 531 2546 588 Christo
2580 531 2721 587 facta
2757 540 2887 589 sunt
2916 533 2970 588 in
3007 539 3158 588 tanta
3187 533 3376 590 mundi
3407 545 3711 592 commuta-

446 641 595 696 tione
626 637 885 693 omnibus
922 631 1370 705 agnoscentibus,
1417 627 1586 711 Deugn
1614 621 2008 678 universorum
2043 623 2352 711 etupietatis
2385 633 2551 690 atque
2579 624 2802 680 virtutis
2841 624 3184 696 diligentiam
3215 626 3417 682 habere
3444 626 3710 684 festinan-

444 731 602 792 tium,
631 737 686 782 et
716 722 1142 796 glorificantium
1183 717 1404 788 quidem
1435 707 1536 768 Dei
1565 711 1946 783 Unigenitum,
1978 707 2355 766 exhibendum
2380 728 2512 769 vero
2550 721 2744 769 sancto
2792 712 3022 784 Spiritui
3073 713 3400 788 condignam
3429 718 3711 778 adoratio-

451 837 573 878 oem
601 837 616 872 :
649 832 746 888 pro
770 816 968 887 quibus
999 813 1058 866 Β.
1090 809 1261 865 David
1292 808 1406 862 ait:
1442 804 1718 860 Eructaoit
1746 818 1838 858 cor
1866 815 2046 856 meum
2071 801 2290 857 verbum
2311 804 2503 860 bonum
2537 805 2713 864 (Ptol.
2747 821 2896 872 ιιιν,
2924 807 3008 878 1).

965 946 1288 1005 PSALMUS
1317 943 1505 1000 XLIX.

518 1050 687 1105 Vens.
713 1048 853 1104 1,-
872 1043 1046 1098 Etiam
1071 1041 1162 1094 hic
1188 1039 1429 1109 psalmus
1450 1036 1678 1092 moralis
1699 1042 1807 1098 est,
1832 1046 2029 1088 verum

448 1160 562 1200 non
610 1141 678 1196 ad
708 1152 900 1195 omnes
943 1134 1197 1190 homines
1242 1130 1517 1200 dirigitur,
1569 1129 1668 1184 sed
1712 1135 1929 1181 tantum
1960 1125 2028 1179 ad

445 1234 691 1297 Iudaeos,
728 1237 916 1301 utpote
945 1224 1168 1282 virtutis
1214 1229 1644 1291 contemptores,
1695 1229 1748 1275 et
1789 1219 1844 1273 in
1876 1219 2030 1288 lega-

451 1329 598 1382 libus
629 1321 912 1380 sacriliciis
940 1324 1114 1374 totum
1148 1314 1516 1380 collocantes;
1554 1312 1659 1366 hoc
1703 1326 1877 1365 unum
1915 1316 2030 1364 sat-

450 1426 710 1490 agentes,
762 1421 824 1469 ut
862 1411 1027 1468 verba
1070 1407 1209 1477 legis
1253 1405 1504 1469 scirent,
1555 1416 1669 1457 non
1725 1408 1907 1456 autem
1971 1404 2032 1454 ut

453 1489 710 1562 mandata
758 1504 1060 1559 servarent.
1092 1495 1206 1550 lllis
1252 1493 1420 1564 igitur
1451 1489 1856 1546 formidabilem
1906 1503 2030 1545 ser-

454 1614 672 1653 monem
737 1594 1053 1656 instituens,
1103 1587 1344 1658 iudicem
1390 1583 1730 1654 iudicantem
1779 1590 1834 1636 et
1878 1581 2030 1652 ipsos

453 1670 844 1760 reos‘ﬁgurate
875 1680 1160 1739 describit.

1023 1813 1249 1871 PSALM
1259 1813 1344 1870 US
1373 1812 1482 1868 ιιι.

527 1913 694 1968 Vens.
724 1912 874 1967 5.-
905 1908 1041 1964 Cum
1093 1906 1415 1976 traiectione
1462 1905 1568 1962 hoc
1619 1903 1865 1976 positum
1918 1909 2026 1958 est.
2091 1902 2115 1908 ”

454 2006 552 2059 Sic
607 2004 750 2057 enim
795 2000 958 2055 etiam
1013 1997 1101 2050 hic
1150 1995 1711 2066 subintelligendum;
1763 1992 2030 2064 quoniam

457 2098 575 2151 haec
601 2102 685 2150 est
709 2088 1105 2160 consequentia
1129 2102 1144 2138 :
1173 2084 1362 2140 Nonne
1387 2085 1554 2139 scient
1581 2101 1762 2138 omnes
1791 2083 1884 2154 qui
1907 2097 2032 2151 opo-

457 2198 652 2241 rantur
716 2183 1074 2253 iniquitatem,
1129 2177 1219 2248 qui
1279 2174 1533 2230 devorant
1580 2175 1782 2245 plebem
1825 2175 1882 2228 in
1914 2173 2030 2227 cibo

455 2281 633 2348 partis,
691 2275 942 2346 quoniam
993 2271 1138 2327 Deus
1183 2268 1462 2337 dissipavit
1523 2285 1648 2323 ossa
1689 2267 2033 2322 hominum?

456 2377 656 2424 caetera
689 2373 868 2420 autem
892 2363 1176 2432 interiecta
1200 2371 1350 2420 sunt.
1376 2360 1433 2415 ld
1457 2369 1544 2417 est
1573 2378 1589 2414 :
1621 2357 1833 2413 Nonne
1855 2357 2036 2413 scient

457 2458 563 2524 ipsi
596 2455 833 2526 operarii
863 2453 1192 2523 iniquitatis,
1229 2453 1326 2523 qui
1355 2452 1619 2522 populum
1643 2449 1940 2513 devorant,
1979 2456 2037 2504 et

457 2551 612 2619 quasi
643 2550 826 2604 cibum
854 2547 1229 2602 necessarium
1265 2546 1418 2614 ipsos
1461 2555 1790 2598 consumere
1827 2554 2038 2594 conan-

455 2651 568 2706 tur,
599 2651 650 2698 te
675 2654 865 2695 omnes
887 2639 1197 2703 absumere,
1219 2645 1274 2692 et
1303 2635 1544 2700 abolere,
1578 2633 1675 2702 qui
1703 2631 2025 2687 hominibus

457 2735 698 2804 placent,
726 2730 996 2802 Rapsacis
1024 2729 1277 2798 exemplo
1305 2725 1601 2796 ;quoniam
1634 2723 1682 2778 is
1706 2722 1774 2777 ad
1802 2723 2038 2791 gratiam

455 2827 762 2888 hominum,
797 2823 963 2879 verba
1001 2819 1298 2891 impietatis
1327 2819 1489 2889 plena
1521 2814 1868 2886 proferebat?
1900 2813 2039 2868 Illud

462 2928 662 2984 autem,
695 2918 864 2971 Deum
895 2932 1002 2969 non
1025 2916 1438 2976 invocaverunt;
1485 2910 1600 2964 illic
1635 2911 1923 2963 timuerunt
1967 2907 2038 2961 ti-

459 3025 624 3070 more,
653 3007 743 3060 ubi
769 3021 872 3058 non
896 3012 1012 3058 erat
1049 3004 1229 3066 timor,
1253 3001 1309 3054 in
1333 2999 1515 3054 medio
1542 2997 1852 3064 interiacet,
1879 2993 2041 3064 quasi

461 3101 635 3160 dicat,
671 3097 765 3152 Dei
796 3096 1113 3150 memoriam
1148 3110 1257 3150 non
1289 3093 1581 3153 facientes,
1621 3089 1890 3144 timebant
1918 3101 2041 3157 qua:

460 3206 571 3245 non
621 3194 1094 3258 exspectaverant.
1153 3187 1250 3241 llla
1307 3185 1456 3241 enim
1506 3197 1629 3253 quae
1677 3179 2040 3252 Jerosolymis

459 3288 638 3344 erant,
665 3287 931 3350 tanquam
964 3277 1144 3333 iutilia
1172 3284 1228 3333 et
1263 3277 1472 3332 nullius
1496 3275 1761 3331 momenti
1791 3281 2041 3329 eontem-

2683 941 2977 998 ΨΑΛΜΟΣ
3028 941 3166 998 ΜΘ⁸.

2205 1034 2354 1106 Στίχ.
2379 1036 2634 1090 cit—Kal
2645 1030 2798 1100 οὗτος
2819 1036 2897 1106 (Ξ)
2916 1036 3102 1106 ὴθικδς
3115 1037 3142 1089 ὁ
3161 1035 3393 1108 ψαλμὸς,
3409 1037 3522 1092 ἀλλ’
3533 1039 3716 1094 οὐκέτι

2134 1127 2270 1198 πρὸς
2300 1126 2543 1190 ἅπαντας
2563 1126 2908 1198 ἀνθρώπους,
2937 1128 3072 1200 πρὸς
3121 1130 3408 1194 Ἰουδαίους
3435 1131 3493 1184 δὲ
3532 1133 3716 1202 μόνον,

2129 1215 2334 1270 ὡσανεὶ
2361 1217 2698 1288 ἀμελοῦντας
2726 1218 2825 1289 μὲν
2847 1219 3068 1289 ἀρετῆς,
3103 1219 3165 1274 τὸ
3183 1219 3242 1273 δὲ
3275 1222 3385 1274 πᾶν
3402 1221 3719 1292 τιθεμένους

2138 1311 2196 1365 ἐν
2219 1312 2337 1374 ταῖς
2376 1309 2588 1375 θυσίαις
2637 1310 2732 1365 τοῦ
2775 1312 2963 1383 νόμου,
2993 1311 3098 1376 ἕως
3143 1312 3237 1385 coit
3266 1314 3466 1368 εἰδέναι
3503 1314 3574 1368 τὰ
3621 1317 3720 1388 ῥή-

2134 1417 2279 1469 ματα
2330 1399 2489 1470 μόνον
2518 1401 3000 1474 ἐπιμελουμένους,
3023 1403 3205 1458 οὐκέτι
3245 1405 3302 1459 δέ
3329 1406 3424 1459 xui.
3456 1409 3528 1460 τὰ
3561 1425 3721 1478 προσ-

2130 1490 2392 1561 τάγματα
2436 1492 2749 1561 φυλάττειν.
2779 1493 2889 1546 Καὶ
2919 1492 3295 1565 φοϐερώτερον
3331 1497 3518 1558 αὐτοῖς
3554 1515 3722 1552 κατα-

2134 1580 2418 1646 σκευάζων
2447 1582 2538 1636 τὸν
2566 1582 2744 1651 λόγον,
2775 1585 3170 1656 σχηματοποιεῖ
3198 1585 3724 1656 κριτὴνβικάζοντα

2134 1672 2230 1729 καὶ
2256 1674 2382 1739 τοὺς
2421 1673 2834 1745 ἐλεγχομένους.

2703 1809 2997 1865 ΨΑΛΜΟΣ
3022 1811 3148 1867 NB’.

2201 1901 2353 1973 Στίχ.
2385 1904 2537 1955 ε¹.-
2559 1901 2694 1957 Μεθ’
2723 1903 3029 1972 ὑπερῶτου
3075 1904 3242 1960 ἐστίν.
3271 1905 3428 1961 Οὖτω
3473 1908 3586 1980 γὰρ
3631 1909 3728 1962 ἐπ-

2133 1993 2534 2065 εσημηνάμεθα
2575 1994 2764 2049 κάκεῖο
2809 1997 2841 2066 ή
2881 1995 2990 2068 γὰρ
3035 1997 3324 2052 ἀκολουθία
3351 1998 3529 2070 αὕτη·
3577 2001 3725 2070 Οὐχί

2134 2083 2473 2152 γνώσονται
2517 2084 2742 2152 πάντες
2779 2090 2833 2141 οἱ
2885 2087 3256 2158 ἐργαζόμενοι
3287 2090 3405 2158 τὴν
3441 2092 3723 2160 ἀνομίαν,

2135 2177 2190 2230 οι
2217 2177 2641 2244 κατεσθίοντες
2678 2178 2786 2233 τὸν
2816 2180 2969 2234 λαὸν
2987 2181 3058 2234 ἐν
3088 2182 3317 2248 βρώσει
3343 2182 3550 2250 ἄρτου,
3579 2185 3675 2238 ὅτι
3697 2187 3726 2239 ό
3793 2219 3802 2226 -

2137 2267 2282 2334 Θεὸς
2291 2267 2676 2337 διεσκόρπισε
2694 2272 2766 2324 τὰ
2788 2269 2940 2326 ὀστᾶ
2963 2271 3556 2346 ἀνθρώπ[αρέσκ]ων;
3575 2275 3652 2327 τὰ
3674 2275 3727 2328 δὲ

2135 2357 2300 2414 λοιπά
2321 2360 2408 2414 διὰ
2441 2360 2628 2431 μέσου.
2657 2363 2966 2416 Τουτὲστινο
2997 2365 3110 2418 Οὐκ
3134 2365 3201 2418 ἂν
3233 2366 3453 2436 μάθοιεν
3489 2369 3649 2420 αὐτοὶ
3678 2369 3725 2420 οἱ

2136 2444 2235 2515 τῆς
2263 2447 2493 2517 ἀνομίας
2516 2450 2786 2519 ἐργάται,
2825 2454 2875 2506 οἱ
2915 2452 3008 2506 τὸν
3045 2453 3174 2507 λαὸν
3201 2455 3604 2521 κατεσθίοντες,
3634 2458 3724 2511 καὶ

2137 2540 2557 2595 καταναλίσκειν
2581 2542 2769 2615 ὥσπερ
2813 2544 2937 2598 τινὰ
2963 2547 3174 2617 τροφὴν
3188 2547 3496 2616 ἀναγκαίαν
3528 2551 3724 2614 αὐτοὺς

2139 2631 2493 2703 πειρώμενοι,
2531 2635 2614 2687 ὅτι
2663 2637 2875 2700 πάντας
2921 2638 3256 2703 ἀναλίσκεις,
3288 2641 3385 2694 καὶ
3440 2642 3725 2710 ἀφανίζεις

2138 2725 2267 2788 τοὺς
2288 2725 2803 2797 ἀνθῳπαρέσκους,
2834 2730 2910 2792 ὡς
2933 2731 3042 2784 ἀπὸ
3069 2733 3164 2786 τοῦ
3208 2733 3484 2803 Ῥαψάκου
3502 2775 3516 2800 ,
3537 2735 3726 2806 ἐπειδὴ

2139 2815 2278 2885 πρὸς
2300 2816 2459 2887 χάριν
2486 2817 2788 2889 ἀνθρώπων
2813 2819 3066 2885 ἀσεϐείας
3087 2821 3388 2891 ἐφθέγγετο
3412 2826 3625 2894 μεστάς
3655 2826 3727 2879 Τὸ

2139 2906 2218 2972 δὲ,
2248 2907 2361 2960 Τὸν
2407 2908 2556 2962 Θεὸν
2601 2910 2714 2962 οὐκ
2756 2911 3206 2967 ἐπεκαλέσαντο
3229 2929 3246 2942 ’
3270 2914 3396 2968 ἐκεῖ
3427 2915 3727 2985 ἐφοϐήθη-

2141 3012 2263 3052 σαν
2288 2999 2476 3068 φόϐον
2495 2995 2568 3056 οὗ
2592 3003 2703 3056 οὐκ
2723 2997 2801 3072 ἦν
2826 3004 3029 3071 φόϐος,
3058 3003 3147 3058 διὰ
3177 3005 3334 3076 μέσου
3357 3006 3555 3060 κεῖται.
3574 3006 3726 3062 Ἀντὶ

2139 3089 2256 3152 τοῦ,
2283 3090 2416 3143 Θεοῦ
2464 3092 2684 3163 μνήμην
2745 3093 2818 3164 μὴ
2866 3095 3247 3165 ποιησάμενοι,
3287 3097 3644 3168 ἐφοϐήθησαν
3691 3099 3728 3154 ἃ

2145 3178 2220 3250 μὴ
2268 3181 2694 3253 προσεδόκησαν.
2732 3185 3260 3257 Καταφρονήσαντες
3293 3187 3402 3260 γὰρ
3422 3188 3534 3242 τῶν
3572 3192 3631 3243 ἐν
3660 3193 3726 3260 τῇ

2151 3271 2524 3343 Ἰερουσαλὴμ,
2557 3274 2633 3338 ὡς
2663 3273 2893 3330 εὐτελῶν
2943 3278 3035 3330 καὶ
3079 3277 3276 3347 ὀλίγων
3297 3317 3313 3342 ,
3343 3279 3496 3350 παρά
3544 3283 3734 3334 πᾶσαν

459 3383 674 3438 nentes,
707 3380 906 3444 praeter
933 3385 1153 3428 omnem
1183 3384 1336 3439 spem
1368 3382 1400 3422 a
1423 3367 1538 3426 Deo
1558 3367 1832 3438 supplicio
1856 3363 2036 3419 ad‘ccti

2145 3362 2331 3417 ἐλπίδα
2358 3363 2455 3435 τὴν
2487 3365 2639 3436 παρά
2684 3366 2779 3420 τοῦ
2813 3367 2948 3422 Θεοῦ
2972 3370 3246 3441 τιμωρίαν
3283 3370 3562 3434 ἐδιξξίιιντο.Δ

460 3473 610 3521 sunt.

529 3576 697 3632 Vens.
731 3577 786 3630 'l.
813 3604 884 3617 —
910 3573 1184 3641 Quoniam
1229 3573 1373 3629 Deus
1405 3572 1464 3626 in
1504 3569 1640 3626 Sion
1675 3567 1929 3624 habitare
1968 3567 2036 3621 ah

2212 3566 2358 3639 Στίχ.
2392 3566 2458 3632 ζ’.
2492 3568 2795 3640 -Ἐπειδὴ
2825 3572 2882 3624 ἐν
2909 3573 2975 3642 τῇ
3006 3533 3143 3624 Σιων
3174 3574 3450 3626 κατοικεῖν
3477 3572 3614 3645 παρ’
3638 3571 3732 3626 αὑ-

460 3667 598 3737 ipsis
632 3665 950 3735 putabatur,
998 3663 1286 3729 Quisnam,
1319 3662 1522 3731 inquit,
1573 3660 1641 3715 de
1686 3666 1871 3714 monte
1904 3656 2038 3712 Sion

459 3759 694 3814 salutem
730 3755 892 3811 nobis
930 3755 1254 3810 exhibebit?
1301 3753 1358 3808 Id
1391 3761 1500 3815 est,
1544 3751 1713 3818 Deus,
1775 3760 2037 3820 tauquam

460 3849 515 3904 id
554 3849 700 3920 quod
735 3848 789 3902 in
831 3846 1086 3903 confesso
1125 3847 1220 3910 sit,
1249 3845 1556 3907 subticens,
1587 3842 2037 3915 quandoquidem

458 3958 528 3998 ex
557 3949 743 3996 monte
773 3941 908 3995 Sion
937 3955 966 3994 a
997 3940 1150 3993 nullo
1179 3938 1286 3992 alio
1323 3938 1583 3991 auxilium
1608 3939 1856 4006 accipere
1892 3945 2041 4005 pote-

457 4042 607 4098 rant,
661 4041 1022 4103 przeterquam
1076 4045 1107 4084 a
1154 4029 1292 4096 Deo,
1336 4030 1431 4100 qui
1465 4029 1667 4085 ibidem
1704 4027 2038 4084 commorari

457 4125 806 4180 credebatur.

1013 4255 1334 4315 PSALMUS
1374 4256 1506 4314 ιλιι.

503 4394 698 4451 .Vsns.
721 4395 777 4450 ὅ.
804 4423 874 4434 -
896 4393 1166 4460 Quoniam
1209 4395 1312 4459 illi,
1360 4394 1452 4464 qui
1485 4393 1765 4450 civitatem
1815 4392 2038 4448 obside-

459 4487 612 4548 hant,
648 4486 752 4540 hoc
786 4485 1058 4554 prtecipue
1089 4485 1518 4555 exprobrabant.
1552 4484 1698 4553 quod
1727 4498 1789 4538 ea
1819 4499 1942 4553 qua:
1967 4483 2038 4537 ab

457 4579 691 4634 Ezecliia
753 4577 1100 4640 dicebantur,
1164 4577 1242 4631 nil
1299 4577 1433 4646 ipsis
1493 4576 1755 4646 prodesse
1807 4581 2036 4644 possent

456 4674 648 4739 (erant
673 4679 853 4726 autem
894 4671 1032 4735 haec,
1083 4669 1229 4738 quod
1260 4668 1518 4722 nimirum
1560 4668 1613 4721 in
1648 4667 1817 4720 Deum
1865 4666 2037 4720 conli-

457 4761 695 4816 dendum
732 4761 824 4821 sit.
854 4761 948 4830 qui
983 4759 1138 4828 ipsos
1170 4773 1201 4813 e
1234 4759 1484 4826 periculo
1527 4766 1672 4811 esset
1704 4757 1929 4811 omnino
1965 4757 2033 4809 li-

455 4851 801 4921 beraturus),
853 4851 1084 4920 pulchre
1130 4849 1271 4903 dixit
1335 4849 1520 4903 istud:
1571 4847 1637 4902 In
1687 4849 1893 4902 nomine
1944 4859 2031 4901 tuo

2140 3661 2252 3724 τοῖς
2304 3660 2604 3730 ὑπείληπτο
2639 3663 2668 3715 ὀ
2705 3661 2838 3725 Θεὸς
2859 3701 2873 3726 ,
2916 3663 3001 3724 τίς
3055 3665 3217 3733 ἡμῖν,
3251 3666 3449 3736 φησὶν,
3481 3665 3598 3719 ἀπὸ
3633 3663 3727 3718 τοῦ

2141 3751 2280 3805 Σιὼν
2297 3753 2456 3824 ὅρους
2475 3751 2698 3824 παρέξει
2717 3755 2816 3824 τὴν
2845 3754 3116 3825 σωτηρίαν
3142 3773 3156 3821 ;
3180 3757 3300 3809 ἀντὶ
3327 3757 3444 3822 τοῦ,
3483 3757 3551 3811 Ὀ
3573 3758 3726 3826 Θεὸς,

2139 3843 2216 3906 ὡς
2263 3843 2691 3915 ὁμολογούμενον
2747 3846 3176 3918 ἀποσιωπήσας,
3217 3849 3340 3902 ἐπεὶ
3404 3850 3543 3919 μηδὲ
3603 3851 3732 3920 ἐνῆν

2141 3937 2270 4003 παρ’
2309 3935 2496 4006 ἐτέρου
2543 3936 2689 4000 τινὸς
2717 3937 3038 4002 ἐκδέξασθαι
3086 3939 3338 4009 βοήθειαν
3371 3941 3434 3993 ἐκ
3457 3942 3558 3994 τοῦ
3592 3941 3732 3995 Σιὼν

2140 4023 2298 4096 ὅρους
2321 4027 2375 4096 ,ἢ
2412 4026 2506 4079 τοῦ
2536 4025 2692 4094 Θεοῦ,
2726 4027 2822 4081 καὶ
2845 4027 3052 4097 διάγειν
3081 4031 3197 4084 ἐκεῖ
3233 4032 3658 4103 πιστευομένου.

2701 4251 2995 4308 ΨΑΛΜΟΣ
3025 4251 3151 4308 NF’.

2212 4385 2360 4456 Στίχ.
2382 4386 2760 4458 γ’.-Ἑπειδὴ
2783 4387 2940 4442 τοῦτο
2964 4389 3198 4458 μάλιστα
3215 4388 3732 4454 ἐκεῖνοιὼνείδιζον,

2140 4478 2547 4543 κεκυκλωκότες
2591 4479 2690 4550 τὴν
2743 4480 2928 4541 πόλιν,
2962 4481 3039 4544 ὡς
3081 4480 3234 4533 οὐδὲν
3280 4480 3480 4543 αὐτοὺς
3531 4481 3732 4550 ὀνῆσαι

2139 4571 2361 4624 δύναται
2399 4572 2468 4624 τὰ
2507 4571 2661 4643 παρὰ
2702 4571 2796 4625 τοῦ
2843 4572 3084 4636 Ἐζεκίου
3127 4573 3398 4642 λεγόμενα
3427 4571 3638 4640 (ταῦτα
3675 4569 3732 4624 δέ

2138 4657 2226 4732 ἦν,
2259 4663 2334 4726 ὡς
2365 4663 2640 4734 προσῆκεν
2665 4664 2756 4716 ἐπὶ
2807 4663 2897 4716 τὸν
2923 4663 3055 4717 Θεὸν
3084 4664 3423 4726 πεποιθέναι,
3453 4663 3512 4726 ὃς
3550 4661 3730 4719 ἀπαλ-

2138 4753 2286 4819 λάξει
2323 4755 2539 4818 πάντως
2587 4754 2784 4818 αὐτοὺς
2809 4753 2902 4808 τοῦ
2936 4755 3227 4826 κινδύνου)·
3261 4754 3443 4818 καλῶς
3473 4751 3602 4807 εἷπε
3647 4751 3730 4814 τὸ,

2151 4850 2247 4903 Ἐν
2267 4849 2345 4914 τῷ
2372 4850 2615 4917 ὀνόματί
2640 4864 2756 4902 σου
2779 4847 2987 4901 σῶσόν
3002 4864 3100 4917 με.
3131 4847 3422 4900 Τουτέστιν
3440 4863 3455 4876 ·
3500 4843 3731 4914 Ἐπειδὴ

457 4945 662 4998 salvum
693 4960 773 4998 me
801 4943 905 5013 fac.
936 4941 991 4995 id
1019 4950 1138 4998 est:
1168 4941 1616 5010 Quandoquidem
1651 4955 1848 4995 nomen
1881 4949 2031 4995 tuum

2145 4940 2229 4993 τὸν
2268 4940 2358 4993 σὸν
2382 4940 2550 5010 ὄνομα
2579 4939 3007 5010 ἐπικαλούμενος
3037 4939 3372 5010 χλευάζομαι
3405 4939 3538 5009 παρ’
3572 4934 3725 4990 ὲκεί-

457 5034 721 5102 invocans
761 5033 831 5088 ab
881 5032 1017 5102 ipsis
1054 5031 1332 5097 derideor,
1389 5032 1442 5085 in
1481 5030 1589 5086 hoc
1625 5031 1748 5101 ipso
1797 5033 2031 5087 salutem

457 5126 589 5179 mihi
623 5126 830 5197 prmbe,
881 5140 951 5179 ne
986 5122 1129 5178 bello
1176 5122 1261 5177 vel
1294 5122 1541 5177 exercitu
1593 5125 1665 5178 sit
1714 5137 1885 5194 opus;
1935 5124 2032 5178 sed

458 5219 575 5272 sola
600 5228 691 5273 tua
717 5218 1067 5274 invocatione
1090 5231 1398 5284 consequar
1419 5231 1539 5287 quae
1559 5224 1706 5286 peto,
1732 5225 1792 5270 ut
1817 5216 2038 5271 discant

459 5307 512 5360 hi
549 5319 754 5380 quanta
787 5311 964 5364 virtus
995 5310 1069 5364 sit
1094 5323 1286 5364 eorum
1322 5309 1413 5379 qui
1450 5309 1712 5363 auxilium
1748 5317 1903 5364 tuum
1932 5309 2037 5363 im-

459 5399 694 5465 plorant.

532 5506 694 5562 Vens.
721 5509 776 5561 ι.
809 5539 879 5548 -
910 5510 1162 5574 Attende,
1193 5510 1394 5578 inquit,
1422 5517 1477 5565 et
1503 5525 1627 5565 cum
1665 5512 2031 5582 propensione

460 5596 588 5654 audi
623 5599 785 5653 verba
823 5599 1091 5654 orationis
1119 5616 1271 5655 meae.

531 5778 606 5847 (Ι)
640 5776 794 5845 Apud
828 5773 1140 5828 Facundum
1175 5775 1640 5845 Iiermianensem,
1670 5795 1749 5844 ix,
1787 5782 1821 5835 l.

2139 5051 2266 5096 νων,
2311 5033 2369 5085 ἐν
2401 5031 2549 5102 αὐτῷ
2591 5031 2765 5102 τούτῳ
2793 5032 2894 5103 τὴν
2949 5031 3224 5103 σωτηρίαν
3256 5047 3347 5100 μοι
3393 5028 3728 5100 παράσχου,

2139 5125 2280 5178 ὥστε
2339 5124 2412 5194 μὴ
2447 5123 2706 5193 πολέμου,
2748 5123 2823 5195 μὴ
2875 5123 3235 5195 παρατάξεως
3257 5121 3512 5192 δεηθῆναι
3541 5136 3557 5149 °
3589 5117 3733 5173 ἀλλά

2142 5215 2277 5286 μόνῃ
2300 5217 2366 5286 τῇ
2400 5216 2464 5285 σῇ
2496 5217 2771 5286 προσευχῇ
2798 5216 2978 5285 τυχεῖν
3010 5213 3120 5266 τῶν
3148 5210 3626 5280 σπουδαζομένων,
3641 5209 3734 5262 ἵνα

2141 5307 2387 5377 μάθωσιν
2409 5301 2576 5370 οὗτοι,
2604 5306 2746 5376 πόση
2779 5305 2888 5359 τῶν
2917 5306 3016 5376 τὴν
3051 5304 3303 5377 βοήθειαν
3347 5297 3721 5375 ἐπικαλουμέ-

2137 5415 2244 5451 νων
2271 5400 2304 5470 ή
2340 5399 2512 5469 ἰσχύς.

2209 5513 2358 5582 Στίχ.
2387 5511 2450 5566 δ’.
2478 5541 2548 5552 -
2574 5511 2882 5582 Φρόντισον,
2917 5510 3050 5580 φησὶ
3073 5550 3088 5576 ,
3124 5507 3218 5562 καὶ
3260 5505 3398 5576 μετά
3426 5503 3737 5571 διαθέσεως

2139 5603 2368 5655 ἄκουσον
2399 5602 2506 5654 τῶν
2534 5601 2633 5670 τῆς
2662 5600 2971 5670 προσευχῆς
3005 5617 3105 5673 μου
3135 5596 3413 5670 ῥημάτων.

2211 5782 2287 5851 (2)
2317 5780 2394 5835 Ex
2425 5779 2708 5836 Cordcrio.
