3974 6146
261 235 357 295 875

808 342 1103 397 ΨΔΛΜΟΣ
1140 344 1264 398 NA’.

1449 228 1819 287 EXPOSITIO
1856 232 1922 288 lN
1955 231 2296 289 PSALMOS.

3406 241 3515 299 δτι

2474 347 2799 406 PSALHUS
2850 351 2984 406 LIV.

318 397 621 504 δεοδωρου
651 434 716 505 (1
741 433 782 505 ).
821 435 934 505 Τῆς
989 434 1370 504 αἰχμαλωσίας
1423 435 1826 506 ἀπαλλαγέντες

2005 439 2341 511 Babylonica
2382 440 2916 509 captivitate'Judmi
2955 443 3288 502 mirabiliter
3333 461 3364 500 a
3417 447 3512 504 Dei

256 530 321 602 [οί
355 525 624 598 ⁹⁴Ιουδσιῖοι]
664 525 769 598 τῆς
821 527 881 580 ὲν
931 525 1212 580 Βαϐυλῶνι
1263 525 1580 597 παραδόξως
1623 531 1688 598 τῇ
1731 526 1826 580 τοῦ

253 620 374 676 Θεοῦ
401 619 657 690 δυνάμει,
690 618 1104 675 κατεσκεύασαν
1128 619 1226 691 μὲν
1252 619 1342 673 τὸν
1357 619 1484 674 ναὸν
1511 623 1604 674 καὶ
1621 621 1828 675 οίκείαν

254 711 396 766 πάλιν
441 707 671 780 ᾤκησαν
722 708 848 779 γῆν,
874 708 1170 780 ἀπειλήφει
1215 709 1274 762 δὲ
1317 709 1411 762 καὶ
1460 711 1494 781 ἠ
1540 711 1696 774 πόλις
1734 711 1829 764 τὸν

251 807 438 858 οἰκεῖον
467 803 688 858 ἅπαντα
728 802 932 873 κόσμον
952 817 967 830 ’
999 801 1137 856 ἀλλὰ
1165 802 1260 855 καὶ
1287 801 1508 870 βαθείας
1550 804 1828 875 ἅπήλαυον

252 896 337 967 τῆς
359 896 607 966 εἰρήνης.
629 893 740 948 Καὶ
770 893 835 964 δὴ
857 891 951 946 τοῦ
993 893 1184 964 χρόνου
1216 893 1670 964 παραϐαίνοντος,
1693 896 1829 966 ἀρχ-

255 991 416 1061 ιερεὺς
445 987 546 1042 τοῦ
568 987 756 1050 ἔθνους
784 986 1076 1058 γεγένηται
1107 985 1307 1049 Ὀνίας,
1331 985 1468 1056 ἀνὴρ
1492 985 1828 1050 δικαιότατος

254 1083 332 1135 καὶ
365 1081 800 1142 εὐσεϐέστατος·
836 1078 959 1131 τότε
991 1077 1048 1130 δὲ
1091 1078 1220 1140 τοὺς
1271 1078 1546 1148 ἀρχιερεῖς
1604 1077 1699 1131 καὶ
1728 1077 1828 1148 τὴν

253 1173 406 1246 ἀρχὴν
434 1171 534 1227 τοῦ
564 1171 750 1235 ἔθνους
779 1169 1213 1235 ὲμπεπιστεῦθαι
1245 1169 1574 1224 συνέϐαινεν.
1600 1172 1680 1241 Τῇ
1715 1171 1828 1224 τοί-

252 1281 332 1316 νυν
357 1261 662 1332 ἐπιστασίᾳ
696 1259 790 1313 τοῦ
826 1258 1020 1326 Ὀνίου,
1047 1258 1188 1328 μετά
1210 1257 1388 1328 πάσης
1415 1258 1698 1329 ἀκριϐείας
1719 1259 1828 1314 τῶν

249 1356 487 1425 νομίμων
538 1350 977 1421 φυλαττομένων,
1011 1350 1106 1404 καὶ
1135 1350 1232 1420 τῆς
1265 1351 1343 1413 εἰς
1375 1350 1467 1403 τὸν
1506 1350 1638 1406 Θεὸν
1675 1353 1829 1406 εὐσε-

252 1446 383 1509 ϐείας
421 1445 626 1516 ἄριστα
655 1441 1060 1512 πληρουμένης,
1093 1440 1274 1510 Σίμων
1316 1459 1401 1504 τις
1433 1443 1497 1496 ἐκ
1521 1443 1622 1514 τῆς
1655 1445 1829 1516 φυλῆς

250 1537 535 1606 Βενιαμὶν,
579 1533 844 1587 Σελεύκου
901 1532 1024 1586 τότε
1073 1532 1450 1602 βασιλεύοντος
1503 1537 1603 1605 τῆς
1643 1535 1829 1599 Ἀσίας

249 1629 479 1699 ἀπάσης,
526 1625 729 1697 Συρίας
774 1641 835 1678 τε
871 1623 966 1677 καὶ
1007 1624 1281 1694 Φοινίκης,
1321 1625 1660 1695 προστασίαν
1705 1626 1828 1680 τινὰ

249 1719 677 1789 πεπιστευμένος
703 1715 797 1770 τοῦ
829 1714 976 1787 ίεροῦ
996 1755 1010 1780 ,
1045 1705 1302 1787 διηνέχθη
1339 1717 1438 1787 μὲν
1466 1718 1565 1772 οὐκ
1592 1718 1828 1788 εὐλόγως

249 1810 374 1879 πρὸς
402 1809 500 1863 τὸν
536 1807 716 1862 Ὀνίαν
740 1823 753 1838 ·
798 1807 858 1860 ὲν
891 1805 947 1858 δὲ
979 1807 1045 1874 τῇ
1079 1805 1215 1876 πρὸς
1243 1805 1404 1860 αὐτὸν
1434 1807 1686 1878 ἡττηθεὶς
1715 1809 1825 1864 δια-

251 1902 400 1970 φορᾷ,
433 1897 712 1952 κοινοῦται
763 1894 1105 1966 ’Δπολλωνίῲ
1157 1895 1234 1966 τῷ
1285 1897 1598 1969 στρατηγῷ,
1645 1902 1826 1971 φήσας

247 1990 563 2044 ἀποκεῖσθαι
587 1989 883 2062 πάμπολλα
918 1991 1175 2060 χρήματα
1200 1991 1258 2042 ὲν
1279 1989 1358 2060 τῷ
1381 1989 1518 2060 ναῷ,
1544 1990 1581 2046 ἃ
1601 1991 1825 2047 δυνατὸν

247 2078 508 2148 ληφθέντα
531 2079 782 2150 χρήσιμα
809 2079 886 2149 τῷ
914 2079 1125 2150 βασιλεῖ
1153 2080 1410 2148 γενέσθαι
1431 2082 1568 2152 πρὸς
1595 2099 1826 2154 στρατο-

244 2169 420 2237 λογίαν
441 2185 456 2199 ·
480 2169 690 2238 γίνεται
715 2169 774 2223 δὲ
799 2168 960 2223 τοῦτο
979 2170 1074 2224 καὶ
1102 2170 1179 2240 τῷ
1211 2171 1421 2242 βασιλεῖ
1439 2173 1715 2246 γνώριμον
1737 2174 1826 2229 διὰ

244 2260 333 2314 τοῦ
357 2260 667 2332 στρατηγοῦ
689 2277 703 2288 ⁸
718 2262 811 2314 καὶ
833 2261 1125 2332 δεξάμενος
1145 2261 1214 2315 τὰ
1232 2263 1384 2334 παρά
1401 2263 1495 2318 τοῦ
1518 2265 1824 2336 στρατηγοῦ

248 2351 574 2421 μηνυθέντα,
602 2346 920 2422 Ἦλιόδωρόν
951 2370 1074 2407 τινα
1120 2353 1228 2408 τῶν
1260 2355 1477 2409 οἰκείων
1507 2357 1826 2412 ἀποστέλλει

244 2439 543 2511 ληψόμενον
567 2441 639 2494 τὰ
655 2443 927 2513 χρήματα.
951 2444 1059 2498 Καὶ
1085 2444 1150 2516 δὴ
1188 2447 1582 2516 παραγεγονὼς
1601 2449 1630 2501 6
1659 2449 1828 2503 Ἥλιό-

215 2587 218 2590 ,
243 2531 438 2600 δωρος,
470 2530 619 2598 ἔγνω
632 2531 924 2600 χρημάτων
940 2534 1035 2603 μὲν
1059 2535 1158 2588 οὐκ
1183 2532 1323 2589 εἶναι
1353 2537 1607 2591 τοσοῦτον
1625 2539 1826 2610 πλῆθος

245 2622 307 2674 ὲν
327 2621 407 2690 τῷ
441 2619 576 2691 ίερῷ
600 2621 722 2674 ὅσον
741 2623 774 2693 ἠ
791 2621 882 2676 τοῦ
899 2623 1132 2695 Σίμωνος
1158 2626 1661 2701 ἐϐούλετοδιαϐολὴ,
1685 2629 1825 2685 εῐναι

245 2711 307 2764 δὲ
329 2711 508 2780 ὀλίγα,
529 2712 809 2767 καὶταῦτα
835 2716 1345 2790 παρακα[τα]θήκας
1373 2719 1597 2790 ἑτέρων,
1612 2723 1662 2775 οἳ
1690 2723 1826 2794 πρὸς

252 2801 356 2873 τὴν
387 2801 718 2868 ἀξιοπιστίαν
749 2804 838 2859 τοῦ
866 2805 1030 2859 τόπου
1062 2810 1154 2860 καὶ
1181 2808 1281 2879 τὴν
1306 2809 1400 2862 τοῦ
1429 2809 1564 2864 Θεοῦ
1596 2811 1826 2882 δύναμιν

248 2894 670 2966 ἀποϐλέψαντες,
695 2897 792 2962 τὰς
822 2899 1346 2972 παρακα[τα]θήκας
1377 2901 1639 2958 ἀπέθεντο
1658 2921 1670 2935 ·
1704 2921 1828 2958 συν-

241 2986 524 3042 εϐούλευεν
551 2989 607 3042 δὲ
637 2992 666 3044 ό
698 2991 895 3058 Ὀνίας,
927 2994 1092 3065 μηδὲν
1119 2995 1470 3066 ἐπιχειρῆσαι
1503 2996 1686 3051 λαϐεῖν
1718 2996 1826 3052 τῶν

1932 532 2179 609 potentia
2203 531 2443 598 liberati,
2462 533 2918 590 instauraverunt
2942 538 3223 607 templum,
3248 553 3517 610 suamque

1931 637 2128 679 rursus
2169 623 2404 692 patriam
2452 621 2810 679 incoluerunt
2841 641 2858 691 ;
2898 625 3128 696 ipsaque
3167 629 3299 683 urbs
3337 636 3512 684 totum

1931 713 2142 784 recepit
2181 714 2532 784 splendorem
2571 724 2849 783 veterem,
2881 717 3101 787 altaque
3141 731 3276 789 pace
3320 720 3511 776 cuncti

1929 805 2260 862 fruebantur
2315 805 2421 871 (11
2446 807 2620 862 Much.
2665 821 2767 872 ut,
2805 808 2916 878 tv).
2972 807 3278 878 Progressa
3326 818 3510 878 autem

1931 897 2202 966 temporis
2233 897 2484 968 pontifex
2517 897 2697 969 gentis
2741 897 2924 954 factus
2952 910 3038 955 est
3068 901 3240 957 Onias
3259 943 3275 968 ,
3305 903 3390 958 vir
3416 904 3511 973 ju-

1929 988 2211 1044 stissimus
2251 998 2307 1044 et
2342 990 2833 1062 religiosissimus:
2866 999 3001 1046 tunc
3037 994 3183 1048 enim
3223 995 3292 1049 ad
3326 997 3509 1065 ponti-

1930 1077 2064 1136 ﬁces
2113 1080 2458 1150 principatus
2508 1095 2728 1151 quoque
2783 1081 2965 1152 gentis
3012 1081 3216 1138 deferri
3276 1086 3509 1141 solebat.

1929 1168 2079 1241 Ergo
2113 1169 2256 1227 Onia
2290 1170 2373 1226 rei
2406 1171 2640 1242 publica:
2671 1172 3039 1242 praesidente,
3079 1174 3214 1245 legis
3243 1176 3370 1245 jure
3409 1192 3506 1231 ac-

1930 1267 2126 1316 curate
2187 1262 2516 1326 observato,
2570 1263 2835 1336 religione
2890 1280 3020 1336 erga
3073 1265 3244 1321 Deum
3300 1268 3508 1336 optime

1929 1353 2211 1417 exercita,
2246 1350 2436 1406 Simon
2478 1351 2702 1424 quidam
2739 1354 2810 1409 de
2839 1355 2989 1411 tribu
3022 1354 3330 1426 Bcnjamini
3351 1397 3366 1420 ,
3407 1355 3508 1413 Se-

1929 1443 2090 1497 leuco
2109 1443 2254 1498 Asia:
2290 1443 2564 1500 universa:
2597 1444 2882 1518 Syriaeque
2917 1455 2975 1502 et
3005 1435 3305 1504 Pbmniciae
3336 1451 3506 1520 impe-

1929 1542 2088 1589 rante
2111 1573 2127 1598 ,
2163 1534 2402 1604 quadam
2435 1535 2624 1606 templi
2663 1537 3032 1606 praepositum
3074 1537 3366 1607 praeditus,
3411 1555 3508 1609 pa-

1930 1641 2052 1680 rum
2087 1625 2321 1682 honeste
2353 1627 2423 1682 ab
2461 1625 2601 1682 Onia
2635 1627 2982 1686 dissidebat:
3028 1630 3083 1684 in
3123 1646 3232 1700 qua
3274 1640 3507 1688 conten-

1929 1717 2078 1794 tione
2135 1719 2346 1785 victus,
2408 1720 2669 1776 convenit
2727 1720 3084 1791 Apollonium
3142 1722 3502 1792 praifectum,

1925 1810 2088 1879 eique
2135 1810 2403 1865 indicavit
2453 1811 2745 1882 plurimam
2795 1827 2921 1869 esse
2978 1813 3031 1866 in
3082 1815 3286 1885 templo
3336 1831 3504 1886 pecu-

1924 1901 2072 1956 uitam
2098 1944 2115 1969 ,
2157 1917 2281 1972 quae
2316 1903 2443 1958 inde
2483 1911 2800 1972 protracta,
2837 1905 2952 1976 regi
2991 1906 3060 1960 ad
3111 1906 3346 1962 militum
3397 1909 3503 1963 sti-

1925 1988 2126 2058 pendia
2175 1991 2327 2046 utilis
2387 1991 2550 2047 foret.
2609 1990 2770 2058 Quod
2819 2008 2946 2048 cum
2990 2009 3022 2048 a
3074 1995 3334 2064 prefecto
3385 1999 3502 2070 regi

1925 2080 2296 2150 signiﬁcatum
2333 2083 2562 2149 fuisset,
2599 2084 2690 2140 bic
2718 2100 2786 2141 eo
2815 2085 3021 2142 indicio
3061 2103 3197 2144 usus
3240 2087 3500 2145 Heliodo-

1927 2186 2048 2226 rum
2087 2173 2377 2242 quemdam
2421 2173 2745 2230 familiarem
2785 2192 2948 2232 suum
2997 2177 3150 2232 misit
3196 2179 3290 2248 qui
3330 2195 3504 2250 pecu-

1925 2265 2074 2318 niam
2105 2277 2345 2336 caperet.
2373 2265 2493 2321 Jam
2528 2283 2659 2323 vero
2691 2267 2820 2323 illuc
2848 2269 3126 2339 profectus
3148 2270 3497 2340 Heliodorus,

1925 2358 2195 2426 comperit
2229 2372 2340 2413 non
2370 2367 2550 2413 tantas
2595 2375 2720 2416 esse
2753 2360 2809 2414 in
2855 2363 3062 2432 templo
3095 2378 3230 2433 opes
3261 2373 3500 2434 quantas

1929 2446 2119 2503 Simon
2151 2449 2369 2504 delator
2419 2448 2672 2515 dixerat,
2703 2453 2798 2506 sed
2851 2452 3170 2509 thesaurum
3200 2455 3497 2522 modicum,

1925 2547 1980 2594 et
2011 2539 2231 2609 quidem
2283 2555 2349 2594 ex
2388 2541 2584 2597 alienis
2616 2541 2879 2613 depositis
2921 2544 3201 2600 hominum
3235 2547 3330 2616 qui
3378 2547 3500 2603 loco

1927 2629 2158 2685 ﬁdentes
2179 2639 2234 2685 ct
2261 2629 2356 2684 Dei
2375 2633 2675 2700 potentiam
2701 2633 3130 2705 religionemque
3157 2644 3496 2706 spectantes,

1927 2720 2002 2774 ibi
2037 2734 2138 2775 sua
2170 2731 2547 2788 reposuerant.
2582 2720 2919 2776 Hortabatur
2945 2739 3110 2794 porro
3141 2724 3498 2780 Heliodorum

1926 2813 2134 2879 Onias,
2196 2827 2264 2869 ne
2294 2812 2428 2883 quid
2463 2813 2591 2868 inde
2625 2815 2986 2878 detraheret:
3023 2817 3226 2871 etenim
3277 2818 3384 2873 Deo
3415 2817 3500 2871 fa-

1927 2914 2076 2961 ctum
2107 2905 2175 2959 iri
2203 2904 2461 2975 injuriam
2484 2890 2817 2976 gravemque
2846 2907 3136 2972 oﬂ'ensam,
3170 2912 3220 2964 si
3247 2910 3500 2980 deposita

1928 2996 2072 3067 apud
2098 2995 2276 3066 ipsum
2305 2995 2539 3066 pecunia
2565 2995 2920 3065 diriperetur.
2941 2995 3354 3053 Verumtamem
3384 2999 3498 3055 baac

239 3079 842 3156 ἀποκειμένων.⁶Ύϐρις
870 3085 1002 3156 γὰρ,
1036 3087 1220 3156 φησὶν,
1245 3088 1323 3150 είς
1352 3089 1412 3140 τὺ
1436 3088 1590 3142 Θεῖον
1615 3089 1674 3143 τὸ
1690 3091 1826 3158 γινό-

1929 3087 2064 3142 nihil
2095 3086 2250 3158 pensi
2281 3085 2610 3141 Heliodorus
2643 3086 2915 3150 habebat,
2951 3086 3040 3140 cui
3089 3101 3201 3155 pra:
3238 3089 3499 3145 omnibus

243 3189 424 3241 μενον.
458 3175 554 3227 καὶ
583 3174 842 3246 λυπήσεις
871 3177 1066 3239 ἐκεῖνο,
1095 3173 1154 3232 οὗ
1181 3178 1279 3248 τὴν
1305 3179 1824 3255 παρακα[τα]θήκην

237 3263 900 3335 ἀποπλήοειςῖΕμελλεν
931 3268 1136 3322 τούτων
1182 3270 1336 3324 οὐδὲν
1383 3271 1459 3341 τῷ
1499 3272 1822 3345 Ἦλιοδὼρῳ,

241 3355 467 3424 μείζονα
500 3356 718 3411 πάντων
751 3359 1001 3429 κρίναντι
1029 3359 1090 3412 τὸ
1119 3360 1212 3413 τοῦ
1253 3360 1518 3429 βασιλέως
1547 3363 1626 3426 είς
1651 3365 1825 3435 πέρας

234 3445 466 3515 ἀγαγεῖν
495 3448 840 3520 πρόσταγμα.
877 3451 1065 3521 Ἐὐχαὶ
1102 3451 1200 3520 μὲν
1223 3447 1314 3504 οὖν
1344 3452 1439 3504 καὶ
1467 3452 1651 3524 θρῆνοι
1685 3455 1826 3509 κατά

234 3536 330 3608 τὴν
363 3539 525 3591 πόλιν
554 3539 832 3607 ἐγίγνοντο
853 3542 944 3594 ἐπὶ
963 3541 1190 3605 τούτοις,
1216 3542 1563 3596 ἱκετευόντων
1583 3543 1674 3596 τὸν
1694 3545 1826 3598 θεὸν

236 3628 310 3698 μὴ
336 3629 668 3683 καταλιπεῖν
693 3631 1046 3702 ἀνεκδίκητον
1074 3631 1170 3701 τὴν
1200 3631 1434 3702 τόλμαψ
1473 3632 1646 3703 εἰσῄει
1673 3633 1728 3686 δὲ
1759 3635 1824 3703 τῇ

234 3721 401 3792 ἑτέρᾳ
432 3721 518 3785 ὡς
563 3721 634 3775 τά
682 3723 943 3794 χρήματα
983 3723 1285 3794 ληψόμενος
1307 3741 1319 3754 ·
1355 3723 1448 3776 καὶ
1473 3726 1501 3777 6
1544 3723 1677 3786 Θεὸς
1705 3726 1826 3788 ταῖς

237 3811 480 3884 ἱκεσίαις
539 3811 633 3865 τοῦ
676 3813 913 3884 πλήθους
943 3813 1253 3880 ἐπινεύσας,
1279 3814 1370 3869 καὶ
1399 3814 1493 3868 τοῦ
1525 3815 1826 3885 ἀρχιερέως

232 3903 330 3974 τὴν
370 3903 669 3957 εὐσέϐειαν
713 3904 1130 3974 ἀποδεξάμενος,
1167 3905 1521 3978 φοϐερωτάτη
1564 3905 1670 3958 τινὶ
1711 3905 1828 3957 ἐπι-

233 3996 440 4065 φανείᾳ
498 3993 595 4047 τοῦ
650 3995 996 4066 τολμήματος
1040 3997 1435 4051 άπεσκεύασεν.
1490 3997 1666 4066 Ὠφθη
1719 3998 1827 4067 γάρ

228 4088 473 4141 εἰσιέναι
529 4087 778 4154 μέλλοντι
814 4088 976 4151 ἵππος
1005 4087 1093 4141 διὰ
1140 4087 1232 4141 τοῦ
1277 4087 1436 4156 ἀέρος
1474 4088 1703 4160 φοϐερὸς
1726 4086 1827 4156 μὲν

230 4176 377 4244 ὖψιν,
426 4174 656 4244 φαιδρὸς
703 4175 759 4227 δὲ
811 4173 872 4228 τὸ
921 4178 1142 4246 σχῆμα,
1181 4174 1542 4244 ὲποχούμενόν
1593 4191 1651 4225 τε
1688 4173 1827 4241 ἔχων

232 4270 372 4339 μετὰ
397 4267 617 4339 χρυσῆς
652 4268 749 4338 τῆς
770 4266 1094 4334 πανοπλίας,
1125 4266 1182 4330 ὃς
1214 4267 1308 4318 καὶ
1341 4264 1478 4336 μετὰ
1509 4263 1701 4317 πολλοῦ
1733 4262 1824 4316 τοῦ

230 4359 561 4431 ῥυζήματος
595 4361 716 4422 ταῖς
761 4356 1119 4428 ὲμπροσθίαις
1153 4355 1340 4419 ὁπλαῖς
1373 4355 1463 4409 τὸν
1508 4353 1826 4424 Ἦλιόδωρον

1927 3178 2079 3234 cordi
2109 3186 2231 3233 erat
2267 3178 2411 3248 regis
2451 3177 2767 3231 mandatum
2803 3178 3053 3248 exsequi.
3094 3177 3298 3235 Preces
3330 3180 3500 3252 igitur

1926 3284 1992 3325 ac
2032 3269 2454 3328 lamentationes
2483 3279 2597 3324 tota
2628 3269 2765 3325 urbe
2792 3278 2952 3323 erant
2981 3271 3260 3325 orantium
3297 3271 3497 3336 Deum,

1927 3378 1996 3420 ne
2024 3363 2072 3420 is
2105 3378 2274 3418 ausus
2307 3363 2450 3418 foret
2480 3362 2710 3419 inultus.
2747 3361 2887 3417 Ecce
2914 3371 3096 3417 autem
3130 3364 3220 3417 ille
3248 3364 3498 3433 sequenti

1926 3454 2015 3509 die
2046 3455 2460 3526 ingrediebatur
2483 3453 2774 3524 pecuniam
2804 3462 3163 3523 sumpturus;
3195 3469 3318 3506 cum
3353 3453 3500 3509 Deus

1928 3546 2117 3616 p0pu|i
2174 3545 2436 3614 precibus
2495 3559 2747 3600 annuens
2807 3559 2871 3599 ac
2929 3543 3204 3613 pontiﬁcis
3240 3543 3498 3613 pietatem

1928 3637 2234 3706 respiciens
2257 3675 2272 3699 ,
2309 3637 2547 3691 terribili
2578 3635 2876 3689 admodum
2911 3634 3122 3689 visione
3160 3633 3377 3690 facinus
3412 3636 3499 3690 in-

1928 3726 2134 3780 hibuit.
2181 3726 2454 3794 Apparuit
2507 3724 2651 3778 cnim
2688 3724 2802 3793 jam
2845 3724 3172 3792 ingredienti
3212 3741 3390 3793 equus
3441 3725 3496 3779 in

1930 3831 2058 3871 acre
2094 3814 2360 3869 terribilis
2395 3820 2654 3882 aspectu,
2689 3813 2975 3882 splendida
3007 3812 3180 3868 forma
3205 3853 3220 3877 ,
3256 3815 3494 3882 equitem

1928 3918 2130 3974 gerens
2167 3918 2334 3958 aurea
2367 3911 2572 3958 tectum
2614 3912 2890 3956 armatura
2919 3919 2934 3967 ;
2968 3903 3127 3972 isque
3153 3903 3329 3959 valido
3371 3920 3496 3958 cum

1930 3997 2135 4066 impetu
2189 3993 2469 4065 prioribus
2508 3994 2757 4049 calcibus
2799 3992 3152 4048 Heliodorum
3193 3994 3494 4064 percussit.

1929 4086 2046 4141 Duo
2094 4087 2320 4156 insuper
2361 4088 2624 4155 juvenes.
2665 4086 2894 4140 terribili
2929 4086 3139 4156 pariter
3180 4085 3398 4156 specie,
3432 4100 3498 4140 ac

1928 4180 2216 4250 splendido
2275 4188 2511 4244 ornatu,
2557 4179 2775 4250 utrique
2815 4179 2972 4234 lateri
3015 4188 3260 4235 astantes
3310 4177 3494 4233 Helio-

1928 4271 2123 4326 dorum
2154 4270 2536 4326 verberabant.
2575 4273 2752 4342 Atque
2781 4271 2856 4324 ita
2895 4278 3008 4324 tum
3045 4285 3108 4324 ea
3139 4271 3350 4326 visione
3380 4279 3497 4324 tum

1931 4364 2106 4433 plagis
2161 4371 2585 4427 consternatus,
2642 4362 2939 4417 semivivus
2989 4362 3117 4415 inde
3161 4362 3339 4416 elatus
3391 4370 3494 4416 est.

228 4449 500 4524 ἔπληξεν.
526 4449 630 4502 Δύο
652 4467 709 4502 τε
731 4449 956 4516 νεανίαι,
987 4449 1207 4521 φοϐεροὶ
1233 4448 1328 4502 καὶ
1374 4441 1519 4501 οὗτοι
1552 4447 1652 4517 τὴν
1676 4445 1825 4509 θέαν,

1931 4457 2069 4509 Tum
2100 4469 2230 4508 vero
2258 4452 2534 4510 Heliodori
2569 4454 2801 4508 comites
2829 4453 3023 4507 Oniam
3051 4451 3320 4512 orabant,
3353 4451 3499 4520 apud

231 4538 483 4606 ἐπίδοξοί
510 4556 571 4593 τε
601 4539 660 4594 τὸ
689 4539 896 4611 σχῆμα,
921 4540 1274 4612 περιστάντες
1302 4539 1549 4592 ἐντεῦθεν
1574 4536 1826 4590 κάκεῖθεν

229 4632 602 4702 ἐμαστίγουν.
633 4633 745 4686 Καὶ
797 4632 970 4696 οὓτως
1015 4632 1124 4686 ἀπὺ
1172 4632 1272 4701 τῆς
1316 4630 1577 4693 ὀπτασίας
1605 4629 1823 4683 καὶτῶν

233 4726 478 4798 πληγῶν
512 4725 838 4782 καταπεσὼν
865 4726 1029 4798 ἤρθη,
1067 4727 1266 4798 μικροῦ
1318 4724 1511 4798 νεκρὸς
1543 4725 1823 4796 ὑπάρχων.

302 4838 389 4911 (l)
430 4838 711 4914 Theodori
737 4839 1422 4914 Mopsuesteniprolixnm
1443 4839 1823 4914 argume‘ntnm

232 4909 288 4964 in
317 4909 609 4979 psalmum
636 4927 772 4981 Axnv,
813 4909 868 4964 i'n
897 4927 1006 4981 quo
1027 4909 1343 4965 Judieorum
1373 4911 1599 4965 historia
1635 4924 1664 4962 a
1698 4919 1827 4962 tem-

231 4983 478 5049 poribus
502 4979 841 5050 captivitatis
877 4979 1049 5050 usque
1075 4981 1142 5034 ad
1175 4981 1506 5034 Antiochum
1552 4981 1825 5050 Illustrcm

229 5060 286 5104 et
314 5050 482 5105 Onia:
518 5049 700 5120 fugam
741 5052 797 5106 in
827 5049 1123 5121 Egy’ptum
1175 5052 1489 5104 summatim
1525 5049 1827 5118 attingeba-

232 5128 352 5191 tur,
396 5123 685 5176 exstitisse
711 5137 822 5191 ius.
854 5124 996 5191 apud
1035 5122 1267 5190 Anglum
1307 5121 1568 5183 Galacuin,
1604 5125 1831 5191 narrant

228 5189 478 5260 (lavrens
507 5201 673 5260 atque
709 5188 1020 5255 Fabricius,
1058 5188 1146 5245 ubi
1182 5191 1249 5244 de
1279 5192 1501 5259 sc:-iptis
1522 5188 1827 5244 doctissimi

234 5258 623 5330 Mopsuesteni
681 5277 782 5331 pro
829 5263 1076 5342 ipsorum
1133 5258 1407 5341 instituto’
1450 5269 1637 5342 agunt.
1691 5261 1828 5342 Ecce

237 5327 437 5402 auteIn
466 5346 566 5402 ego
599 5327 818 5402 quoque
853 5327 907 5386 id
953 5339 1330 5402 argumentum
1375 5328 1726 5402 ianaticana
1760 5327 1827 5381 ad

234 5399 578 5468 fsiilterium
612 5399 811 5456 catena
845 5399 1041 5457 nactus
1073 5411 1214 5463 sum,
1251 5401 1305 5453 in
1338 5400 1544 5462 codice,
1581 5401 1825 5468 inquam,

236 5467 303 5524 Β.
343 5470 390 5523 ί.
422 5469 689 5526 Ωιι-2η.
736 5471 916 5526 Simul
942 5481 1122 5525 tamen
1153 5470 1417 5538 comperi,
1449 5484 1640 5523 errore
1662 5467 1827 5538 tpr-

236 5540 515 5609 graphico
537 5543 709 5599 scribi
743 5540 888 5612 apud
911 5541 1202 5612 praedictos
1223 5537 1474 5593 auctores
1501 5538 1588 5602 65,
1617 5553 1714 5607 pro
1737 5537 1826 5612 54,

238 5612 530 5681 perversis
580 5609 1184 5681 ncnipe'numeralibus
1227 5612 1410 5664 notis:
1457 5623 1580 5681 nam
1622 5623 1678 5661 re
1712 5609 1830 5681 qui_~

237 5680 378 5733 dem
411 5696 529 5736 vera
562 5684 666 5737 boc
685 5678 1071 5754 argumentum
1099 5696 1204 5737 non
1230 5695 1350 5747 xu,
1390 5678 1486 5736 sed
1517 5693 1602 5732 Ltv
1635 5678 1825 5749 psalmi

1935 4543 2106 4598 Deum
2141 4542 2561 4598 intercessorem
2593 4542 2737 4609 ﬁeri,
2767 4551 2827 4596 ut
2854 4542 2944 4596 ille
2973 4539 3292 4595 imminente
3323 4548 3500 4592 morte

1884 4627 1968 4724 ‘li
1982 4637 2284 4688 berarctur.
2302 4631 2455 4698 Quod
2479 4633 2625 4688 illico
2646 4633 2851 4688 faciens
2870 4630 3063 4697 Onias,
3081 4628 3353 4684 sacriﬁcio
3379 4629 3502 4698 ejus

1934 4726 2106 4796 gratia
2139 4725 2342 4791 oblato,
2375 4725 2647 4780 hominem
2681 4724 3000 4778 inﬁrmitate
3025 4722 3343 4792 expedivit,
3384 4720 3500 4776 Deo

1927 4847 2052 4905 est;
2092 4839 2237 4908 quod
2275 4856 2342 4893 ne
2380 4839 2588 4894 diutius
2622 4839 2820 4901 lateat,
2857 4837 3002 4908 typis
3045 4837 3167 4891 sine
3197 4851 3349 4889 mora
3393 4835 3501 4889 im-

1932 4907 2167 4978 primere
2202 4909 2440 4964 decrevi.
2495 4908 2683 4964 Nobile
2723 4910 2942 4978 quippe,
2975 4907 3338 4978 fragmentum
3394 4914 3500 4978 est,

1932 4975 2074 5032 inter
2113 4980 2347 5047 plurima
2393 4995 2514 5048 quae
2563 4975 3015 5044 auctorisrlinjus
3045 4975 3315 5043 vulganda
3354 4975 3501 5048 mihi

1932 5045 2264 5117 supersunt:
2298 5045 2533 5102 nec'tam
2567 5051 2761 5102 merito
2808 5049 3094 5108 historico,
3137 5053 3324 5117 utpote
3341 5045 3407 5117 _in
3443 5057 3504 5097 re

1933 5113 2272 5187 pervulgata,
2323 5119 2754 5182 commendatur,
2795 5132 2955 5184 quam
2987 5117 3140 5187 quia
3165 5113 3504 5187 liincdenuo

1933 5183 2335 5256 cognoscimus.
2377 5189 2650 5256 quomodo
2682 5183 3034 5256 famigeratus
3067 5183 3499 5256 SAS._Bib|iorutn_

1930 5250 2199 5327 int'erpres
2229 5250 2548 5311 Theodorus
2591 5259 2658 5310 ab
2682 5250 2906 5327 historia
2933 5253 3147 5327 Veteris
3169 5250 3503 5327 'Ijestainenti

1931 5327 1997 5379 ad
2034 5322 2120 5381 res
2143 5326 2276 5381 Novi
2308 5327 2573 5385 Fcnderis,
2609 5337 2772 5394 atque
2804 5326 2870 5377 ad
2903 5323 3158 5394 vaticinia
3177 5324 3248 5394 de
3279 5322 3504 5394 Christo

1931 5399 2169 5452 transire
2216 5398 2410 5452 solitus
2448 5396 2647 5449 fuerit:
2687 5392 2861 5463 quam
2903 5408 3016 5446 rem
3053 5393 3107 5446 in
3139 5392 3261 5459 ejus
3291 5392 3504 5461 integro

1931 5468 2096 5522 etiam
2159 5469 2223 5520 ad
2284 5466 2374 5520 ΧΙΙ
2450 5466 2754 5535 prepbetas
2800 5466 3041 5517 minores
3082 5463 3500 5535 commentario,

1933 5552 2094 5605 quem
2123 5551 2221 5591 nos
2257 5539 2385 5590 olim
2420 5529 2691 5592 edidimus
2725 5533 2918 5605 Scrjpt.
2964 5543 3062 5605 ret.
3096 5542 3133 5586 t.
3170 5529 3290 5605 Vl,_
3315 5531 3504 5585 obser-

1933 5600 2061 5659 vare
2094 5624 2198 5660 non
2227 5608 2393 5664 seuth
2420 5607 2591 5662 licuit.
2627 5605 2756 5668 MAI,
2798 5603 3050 5660 Bibliolh.
3091 5619 3221 5658 ποι-α
3252 5600 3500 5664 Patrum,

1935 5676 2018 5739 Ill,
2053 5678 2174 5731 655.
