3974 6146
487 191 593 246 675

1676 181 2026 240 THEODORI
2063 183 2290 243 MOPSU
2300 184 2547 240 ESTENI

3643 182 3750 238 676

491 306 593 376 ipsi
625 311 946 375 apparente,
977 302 1288 370 multasque
1318 300 1527 372 gratias
1556 301 1800 371 pontiﬁci
1835 303 2065 358 reddere

2179 307 2394 376 Δεήσεις
2420 305 2558 375 ὑπὲρ
2581 304 2788 358 τούτων
2812 304 2947 374 πρὸς
2975 302 3064 356 τὸν
3093 301 3272 356 Ὀνίαν
3300 301 3579 370 ἐγίγνοντο
3599 300 3750 372 παρὰ

491 396 734 465 iubente.
774 395 866 450 Sic
907 396 996 449 ille
1050 402 1298 449 servatus
1323 433 1338 457 ,
1385 393 1589 449 oblatis
1627 394 1737 450 Deo
1786 397 2063 462 victimis,

491 487 561 540 ad
594 503 772 557 regem
805 501 1058 541 reversus
1087 493 1198 548 est,
1233 501 1356 556 qua:
1385 485 1494 542 sibi
1525 488 1842 543 acciderant
1876 504 2069 544 narra-

491 592 670 632 turus.
705 577 822 631 Non
867 587 1048 631 tamen
1089 575 1305 632 destitit
1340 591 1371 631 a
1411 592 1511 633 sua
1554 579 1799 648 nequitia
1837 578 2063 645 Simon,

493 681 670 736 neque
698 681 726 719 a
757 667 1052 721 calumniis
1083 673 1278 720 contra
1308 667 1499 721 Oniam
1531 669 1814 725 struendis
1841 687 1855 723 :
1896 669 1971 722 ita
2005 676 2067 723 ιιι

492 758 579 812 hic
612 756 679 810 ad
714 771 895 825 regem
933 755 1248 826 profectus,
1297 765 1353 812 et
1395 759 1820 815 criminationes
1853 760 1961 814 sibi
1997 761 2068 814 il-

491 849 630 902 latas
663 849 1018 916 cognoverit,
1055 856 1111 904 et
1143 849 1309 904 simul
1345 850 1549 919 populo
1583 850 1840 906 idoneam
1873 841 2064 921 pacem

489 940 894 995 conciliaverit.

2169 396 2276 450 τῶν
2325 397 2591 450 συνόντων
2629 395 2706 467 τῷ
2743 394 3085 466 Ἣλιοδώριρ,
3129 393 3406 448 ἱκετεῦσαι
3449 391 3543 446 τδν
3592 390 3748 456 Θεδν,

2169 486 2499 558 χαρίσασθαι
2549 485 2698 556 αὑτῷ
2745 485 2840 538 τοῦ
2896 485 3347 556 προσδοκωμένου
3375 483 3606 538 θανάτου
3652 481 3752 552 τὴν

2169 578 2512 650 ἀπαλλαγήν.
2542 578 2608 630 Ὀ
2631 577 2726 631 καὶ
2766 579 2994 648 ποιήσας
3023 579 3052 630 6
3098 577 3274 640 Ὀνίας
3305 576 3493 640 εὐθὺς,
3523 575 3622 628 καὶ
3655 573 3755 627 θυι

2171 667 2291 734 σίας
2321 666 2686 740 προσαγαγὼν
2711 668 2850 740 ὑπὲρ
2870 667 3055 732 αὑτοῦ,
3075 667 3349 732 ἀπήλλαξε
3372 669 3471 738 τῆς
3492 662 3756 734 κατεχού-

2171 777 2270 831 σης
2303 759 2461 813 νόσου
2487 775 2500 788 ·
2539 757 2893 827 ἐπιφανέντος
2914 775 2974 810 τε
3005 757 3153 827 αὐτῷ
3185 756 3279 809 τοῦ
3307 754 3464 818 Θεοῦ,
3500 753 3596 806 καὶ
3629 751 3758 805 πολι

2171 847 2270 911 λὰς
2305 847 2448 918 ἔχειν
2481 846 2712 918 χάριτας
2751 845 2829 916 τῷ
2866 847 3114 916 ἀρχιερεῖ
3179 842 3754 915 παρακελευσαμένου.

2172 939 2332 993 Οὕτω
2380 937 2670 1001 διασωθεὶς
2708 937 2806 991 καὶ
2835 937 3024 1000 θυσίας
3065 935 3141 1006 τῷ
3185 934 3306 1006 Θεῷ
3339 933 3756 1006 προσκομίσας,

489 1032 794 1104 ἐπανῆλθεν
837 1033 974 1103 πρὸς
1009 1031 1101 1086 τὸν
1141 1030 1362 1102 βασιλέα
1391 1033 1783 1106 διηγησόμενος
1809 1035 1881 1089 τά
1908 1033 2170 1103 γεγονότα
2189 1047 2204 1062 ⁸
2237 1031 2352 1086 ἀλλ’
2374 1033 2474 1085 οὐκ
2494 1030 2760 1100 ἀφίστατο
2788 1030 2889 1100 τῆς
2920 1030 3124 1092 οἰκείας
3152 1028 3454 1100 μοχθηρίας
3487 1030 3516 1081 ό
3553 1027 3758 1098 Σίμων,

491 1125 802 1195 παρέμενεν
833 1124 890 1178 δέ
915 1123 1138 1188 πολλαῖς
1163 1126 1286 1179 κατ’
1308 1126 1472 1180 αὑτοῦ
1500 1128 1839 1200 κεχρημένος
1861 1117 2168 1190 διαϐολαῖς·
2194 1128 2289 1181 καὶ
2315 1127 2404 1180 διὰ
2426 1125 2584 1179 τοῦτο
2610 1126 2802 1196 μέχρις
2833 1125 2926 1178 τοῦ
2949 1123 3216 1195 βασιλέως
3246 1123 3424 1185 Ὀνίας
3443 1122 3758 1192 γενόμενος,

489 1215 632 1286 ἔγνω
662 1218 762 1279 τάς
791 1219 911 1270 κατ’
929 1215 1095 1270 αὐτοῦ
1126 1217 1305 1283 πάσας
1333 1219 1608 1283 διαϐολὰς,
1633 1219 1775 1273 ὥστε
1809 1220 1902 1274 καὶ
1931 1218 2012 1290 τῷ
2040 1219 2185 1274 ἔθνει
2216 1219 2574 1291 περιποιῆσαι
2603 1219 2701 1290 τὴν
2738 1219 3127 1288 προσήκουσαν
3158 1215 3408 1285 εἰρήνην.

561 1305 688 1362 Haec
726 1307 856 1361 dum
898 1315 1086 1378 ageret
1121 1305 1294 1363 Onias
1319 1349 1335 1374 ,
1375 1309 1641 1365 Seleucus
1678 1311 1938 1372 moritur,
1971 1322 2064 1364 re-

491 1413 768 1468 gnumquc
803 1397 1096 1467 occupavit
1127 1398 1436 1455 Antiochus
1469 1397 1742 1468 illustris;
1775 1400 1865 1455 cui
1897 1397 2067 1455 Iason

491 1488 752 1559 quidam,
785 1487 940 1544 Oniae
974 1488 1167 1553 l’rater,
1205 1490 1492 1559 pecuniam
1539 1491 1829 1560 plurimam
1869 1505 1930 1547 se
1967 1493 2068 1547 da-

489 1587 676 1633 turum
711 1577 1044 1649 spopondit,
1077 1580 1123 1634 si
1161 1582 1541 1650 pontiﬁcatum
1576 1581 1695 1651 ipse
1726 1581 2068 1652 impetraret.

494 1672 615 1726 Alia
667 1671 895 1742 insuper
937 1671 1082 1726 dona
1131 1672 1365 1742 plurima
1414 1671 1716 1738 oﬂ‘erebat,
1749 1674 1797 1730 si
1847 1688 2075 1745 gymna-

2255 1307 2390 1362 Ἀλλ’
2415 1309 2473 1360 ἐν
2519 1307 2730 1370 τούτοις
2773 1306 2927 1369 ὄντος
2977 1303 3075 1358 τοῦ
3149 1304 3345 1368 Ὀνίου,
3386 1302 3610 1372 τελευτᾷ
3663 1303 3763 1371 μὲν

2169 1401 2200 1452 6
2242 1399 2521 1463 Σέλευκος,
2555 1395 2968 1469 παραλαμϐάνει
2999 1395 3056 1448 δὲ
3099 1394 3199 1466 τήν
3248 1386 3522 1463 βασιλείαν
3558 1394 3588 1444 6
3612 1391 3765 1444 Ἐπι-

2175 1491 2348 1561 φανής
2401 1489 2671 1560 Ἀντίοχος
2695 1527 2711 1553 ,
2756 1487 2841 1558 ἐφ’
2887 1479 2948 1540 οὗ
3003 1485 3191 1539 Ἰάσων
3243 1501 3330 1546 τις
3381 1481 3609 1550 ἀδελφὸς
3664 1480 3764 1534 τοῦ

2188 1583 2362 1638 Ὀνίου
2397 1581 2566 1651 ἔφησε
2599 1580 2813 1634 πολλῶν
2861 1579 3160 1651 χρημάτων
3200 1574 3460 1647 πρόσοδον
3487 1573 3565 1644 τῷ
3603 1572 3764 1643 βασι-

2177 1676 2261 1728 λεῖ
2305 1673 2597 1747 προσάξαι,
2639 1674 2688 1726 εί
2717 1670 2936 1726 λάϐοιτο
2977 1669 3078 1741 τῆς
3111 1666 3524 1741 ἀρχιερωσύνης
3557 1665 3722 1730 αὑτός
3747 1682 3760 1696 ·

493 1764 639 1820 sium
677 1764 731 1818 in
763 1763 902 1819 urbe
930 1769 1178 1828 struere,
1222 1763 1704 1821 circumcisionem
1745 1767 2071 1837 antiquare,

2179 1741 2368 1818 δώσειν
2394 1763 2452 1816 δὲ
2481 1764 2573 1816 καὶ
2599 1762 2762 1833 ἔτερα
2787 1760 3028 1826 πλείονα,
3061 1760 3109 1812 εί
3133 1759 3226 1812 καὶ
3265 1756 3568 1826 γυμνάσιον
3593 1771 3767 1812 κατα-

493 1868 660 1926 atque
700 1856 929 1910 omnino
962 1855 1102 1926 legis
1133 1871 1268 1911 usus
1303 1857 1525 1912 abolere
1569 1857 1675 1912 sibi
1721 1859 2075 1928 permittere-

492 1956 605 2002 tur.
649 1947 746 2002 His
787 1948 1075 2017 promissis
1111 1963 1414 2018 persuasus
1452 1948 1795 2012 Antiochus,
1837 1949 2074 2019 dignita-

444 2045 447 2048 '
495 2049 602 2094 tem
635 2038 712 2093 illi
751 2039 1008 2094 contulit.
1046 2037 1217 2110 igitur
1250 2037 1419 2095 Onias
1452 2040 1679 2110 quidem
1719 2041 2076 2112 religiosissi-

495 2145 617 2185 mus
639 2144 702 2184 ac
717 2129 1064 2198 iustissimus
1082 2131 1185 2193 vir,
1203 2139 1593 2186 exauctoratus
1612 2132 1938 2202 pontiﬁcatu
1961 2142 2073 2198 est;

493 2218 660 2275 lason
684 2230 864 2275 autem
891 2219 1201 2275 sacerdotio
1221 2221 1385 2276 simul
1413 2229 1469 2276 et
1493 2221 1804 2292 principatu
1832 2223 2038 2292 potitus
2059 2263 2074 2289 ,

493 2311 677 2366 statim
701 2310 769 2364 ad
793 2310 1046 2365 ethnicos
1072 2324 1255 2366 mores
1282 2325 1576 2382 aggressus
1606 2319 1692 2367 est
1715 2309 1936 2368 Judaaos
1960 2319 2076 2366 tra-

493 2403 716 2467 ducere,
739 2411 794 2458 et
816 2402 1158 2475 gymnasium
1183 2417 1384 2474 praeter
1408 2402 1692 2458 Iudaicam
1718 2405 2078 2460 consuetudi-

494 2510 618 2550 nem
656 2494 946 2550 zediiicavit
963 2512 984 2550 ιο
999 2501 1052 2550 ει
1073 2494 1244 2566 legem
1271 2495 1564 2550 immutare
1584 2509 1839 2566 pergens,
1861 2497 2077 2552 cunctis

491 2599 523 2640 a
555 2584 646 2642 Dei
682 2585 830 2639 cultu
861 2585 1262 2655 pmceptisque
1288 2584 1556 2655 legalibus
1585 2583 1848 2639 recedere
1872 2584 2076 2640 suade-

449 2705 466 2716 ι
495 2676 587 2731 bat
606 2719 620 2740 ,
648 2686 808 2746 atque
829 2674 1180 2731 ethnicorum
1213 2689 1396 2730 mores
1427 2674 1730 2743 suscipere,
1755 2676 2074 2746 gymnasia,

496 2767 817 2837 palaestras,
852 2773 906 2820 et
941 2766 1046 2820 alia
1082 2765 1399 2835 hujusmodi
1435 2765 1809 2834 frequentare.
1845 2765 2078 2838 Jamque

493 2860 855 2913 omittebatur
886 2857 1240 2912 circumcisio
1266 2895 1282 2922 ,
1323 2857 1680 2912 sabbatorum
1721 2858 2077 2914 observantia

499 2950 904 3019 negiigehatur,
945 2949 1364 3018 generatimque
1402 2947 1682 3004 etltnicam
1724 2948 1958 3004 formam
1999 2951 2078 3006 ci-

2173 1857 2494 1912 σκευάσειεν
2531 1857 2590 1909 ἐν
2633 1857 2700 1926 τῇ
2737 1855 2888 1908 πόλει
2911 1892 2926 1916 ,
2959 1855 3054 1906 καὶ
3093 1852 3191 1922 τὴν
3235 1848 3538 1920 περιτομὴν
3583 1845 3768 1901 αὐτῶν

2175 1949 2411 2014 λύσειεν,
2443 1947 2540 2002 καὶ
2577 1948 2714 2011 ὅλως
2754 1946 3042 2012 ἐξαλλάξαι
3070 1945 3139 1997 τά
3167 1943 3373 2014 νόμιμα
3408 1938 3766 2010 συγχωρηθῇ.

2190 2039 2446 2108 Ἐπείσθη
2491 2039 2701 2102 τούτοις
2753 2039 2866 2100 τοῖς
2917 2038 3158 2107 ῥήμασι,
3195 2031 3533 2105 παραδίδωσι
3562 2048 3624 2084 τε
3671 2031 3771 2083 αὑοι

2175 2129 2256 2203 τῷ
2297 2131 2398 2203 τὴν
2440 2130 2638 2201 ἀρχήν.
2683 2129 2794 2184 Καὶ
2827 2131 2854 2183 6
2891 2128 2988 2200 μὲν
3042 2127 3220 2190 Ὀνίας
3273 2122 3666 2185 εύσεϐέστατός
3705 2137 3770 2175 τε

2178 2221 2275 2276 καὶ
2328 2221 2666 2285 δικαιότατος
2719 2220 2796 2274 ὢν
2843 2221 3018 2292 ἀνὴρ,
3053 2218 3157 2284 ἔξω
3203 2218 3303 2288 τῆς
3355 2213 3772 2287 ἀρχιερωτύνης

2179 2313 2447 2385 κατέστη·
2481 2315 2510 2366 ὁ
2554 2312 2612 2366 δὲ
2654 2314 2876 2379 Ἰάσων,
2908 2313 3006 2382 τῆς
3060 2329 3119 2364 τε
3162 2307 3462 2381 ἱερωσύνης
3518 2307 3619 2362 καὶ
3669 2307 3772 2377 τῆς

2179 2405 2428 2472 ἐξουσίας
2481 2405 2874 2476 ἐπιλαϐόμενος
2897 2443 2912 2468 ,
2948 2401 3112 2467 εὐθὺς
3159 2402 3254 2455 ἐπὶ
3308 2400 3401 2454 τὸν
3455 2398 3772 2470 Ἑλληνικὸν

2179 2499 2506 2570 χαρακτῆρα
2536 2499 2842 2570 μετήγαγεν
2873 2499 2999 2559 τοὺς
3034 2494 3342 2559 Ἰουδαίους,
3379 2492 3690 2564 γυμνάσιόν
3713 2508 3771 2544 τε

2179 2589 2584 2644 κατεσκεύασεν
2631 2591 2783 2665 παρὰ
2812 2590 2872 2643 τὸ
2913 2588 3203 2642 Ἰουδαϊκὸν
3249 2586 3404 2649 ἔθος·
3447 2586 3544 2640 καὶ
3572 2583 3645 2639 τὰ
3687 2584 3774 2637 νό-

2184 2701 2327 2754 μιμα
2379 2683 2436 2736 δὲ
2485 2683 2775 2750 ἐξαλλάξαι
2823 2681 3291 2753 παρασκευάσας,
3352 2680 3602 2740 ἅπαντας
3674 2676 3775 2748 μὲν

2180 2775 2388 2829 ἀνελεῖν
2421 2776 2522 2846 τῆς
2548 2777 2628 2839 είς
2663 2775 2755 2829 τὸν
2785 2775 2917 2828 Θεὸν
2946 2772 3242 2845 θεραπείας
3284 2772 3378 2824 καὶ
3419 2769 3530 2822 τῶν
3555 2767 3654 2822 τοῦ
3686 2768 3777 2822 νό-

2183 2883 2284 2936 μου
2317 2867 2754 2939 προσταγμάτων
2785 2865 3021 2931 ἔπεισεν,
3053 2864 3342 2936 προσέχειν
3369 2861 3424 2915 δὲ
3444 2862 3560 2924 τοῖς
3587 2859 3776 2912 ἔθεσιν

2179 2961 2289 3023 τοῖς
2333 2959 2694 3029 Ἑλληνικοῖς,
2737 2960 3081 3029 γυμνασίοις,
3121 2957 3216 3010 καὶ
3253 2953 3639 3022 παλαίστραις,
3675 2951 3781 3003 καὶ

499 3041 641 3094 vitas
672 3039 954 3094 induebat.
991 3036 1120 3092 Haec
1148 3038 1340 3094 videns
1373 3039 1570 3095 beatus
1597 3038 1768 3096 Onias
1795 3040 1891 3096 diu
1923 3042 2039 3097 ﬁeri
2059 3083 2072 3108 ,

2179 3054 2291 3115 τοῖς
2314 3051 2576 3119 τοιούτοις
2607 3068 2622 3083 ·
2664 3051 2918 3121 ἠμελεῖτο
2937 3049 3008 3130 ’.δὲ
3039 3049 3223 3102 λοιπὸν
3248 3046 3340 3100 καὶ
3369 3045 3435 3099 τὰ
3461 3043 3563 3114 τῆς
3603 3060 3778 3114 περι-

497 3129 804 3200 angehatur
827 3131 1030 3198 animo,
1062 3131 1269 3187 ferebat
1294 3131 1604 3202 :rgerrime,
1636 3145 1701 3187 ac
1729 3131 2072 3202 deplorabat.

2179 3145 2374 3215 τομῆς,
2419 3146 2807 3216 κατεφρονεῖτο
2840 3125 3072 3196 καὶτῶν
3109 3140 3396 3194 σαϐϐάτων
3426 3139 3461 3208 ἠ
3503 3137 3778 3207 τήρησις,

497 3221 640 3276 Muto
669 3228 854 3276 autem
883 3223 1130 3292 quotidie
1171 3222 1626 3293 ingravescente,
1675 3223 1868 3279 urbem
1913 3225 2072 3281 dere-

2180 3235 2274 3288 καὶ
2306 3234 2442 3294 ὅλως
2479 3237 2559 3297 είς
2614 3233 2926 3304 Ἑλληνικὸν
2966 3233 3152 3304 σχῆμα
3185 3232 3254 3286 τὰ
3283 3229 3425 3285 κατὰ
3476 3227 3578 3299 τὴν
3609 3229 3780 3280 πόλιν

497 3314 689 3385 liquit,
721 3324 889 3385 atque
923 3315 977 3369 in
1007 3313 1309 3387 Egyptum
1336 3311 1617 3385 proiectus
1649 3315 1821 3371 altare
1850 3316 1926 3371 ibi
1957 3331 2072 3372 cre-

2183 3323 2504 3396 μετέπεσεν.
2533 3325 2721 3380 Ταῦτα
2752 3327 2896 3397 ὁρῶν
2924 3328 2952 3379 6
2985 3326 3258 3396 μακάριος
3291 3323 3469 3386 Ὀνίας
3499 3321 3597 3373 ἐπὶ
3634 3320 3778 3372 πολὺ

497 3407 608 3472 xit,
646 3408 908 3475 templum
945 3407 1269 3471 adornavit,
1312 3405 1597 3476 divinique
1641 3407 1717 3463 ibi
1760 3407 1944 3465 cultus
1974 3423 2072 3464 cu-

2179 3417 2458 3489 γινόμενα,
2493 3417 2694 3488 ἠθύμει
2727 3419 2823 3473 καὶ
2868 3418 3168 3488 ἠγανάκτει
3210 3416 3304 3469 καὶ
3337 3411 3628 3477 ἐστέναξεν
3650 3427 3665 3440 ·
3701 3413 3781 3472 ὡς

493 3510 612 3550 ram
644 3498 853 3568 gessit,
892 3497 1097 3555 Judzeis
1136 3499 1412 3569 indigenis
1451 3499 1505 3554 in
1547 3500 1635 3556 his
1674 3514 1796 3570 quae
1831 3501 1901 3556 ad
1939 3503 2072 3558 reli-

2179 3505 2236 3558 δὲ
2283 3506 2378 3558 καὶ
2415 3506 2707 3576 προϐαῖνον
2735 3507 2881 3579 ἐώρα
2911 3507 2974 3560 τὸ
3001 3506 3191 3570 κακὸν,
3212 3498 3528 3559 καταλιπὼν
3563 3501 3786 3572 ἀνεχώ-

495 3588 708 3658 gionem
738 3591 1014 3659 pertinent
1045 3590 1413 3647 ministerium
1451 3605 1613 3646 suum
1647 3593 2032 3648 commodans.

2181 3614 2365 3668 ρησεν,
2397 3598 2487 3650 καὶ
2514 3599 2593 3662 εἰς
2621 3598 2718 3671 τὴν
2739 3601 3010 3666 Αἴγυπτον
3039 3593 3335 3669 καλῶν(ἱια
3381 3596 3551 3662 cert),
3584 3595 3786 3648 θυσια-

494 3681 713 3752 στήριόν
734 3697 792 3733 τε
812 3679 1068 3751 ἐπήξατο,
1102 3683 1198 3735 καὶ
1225 3681 1353 3735 ναὸν
1373 3683 1797 3746 κατεσκεύασεν,
1834 3682 1928 3736 καὶ
1956 3686 2054 3755 τῆς
2089 3686 2166 3750 εἰς
2201 3689 2291 3741 τὸν
2315 3690 2447 3743 Θεὸν
2480 3690 2758 3753 εὐσεϐείας
2788 3691 3180 3763 ἐπεμελήσατο,
3205 3691 3317 3752 τοῖς
3340 3691 3456 3742 ἐκεῖ
3490 3687 3788 3752 Ἰουδαίοις

495 3771 563 3826 τά
581 3772 771 3826 δέοντα
794 3772 919 3843 περὶ
939 3772 1039 3842 τὴν
1065 3770 1158 3824 τοῦ
1182 3771 1336 3824 Θεοῦι
1347 3771 1644 3841 θεραπείαν
1675 3773 2081 3843 ὑποτιθέμενος.

567 3863 690 3917 Haec
719 3863 910 3919 beatus
942 3862 1108 3918 David
1140 3871 1414 3934 praesente
1443 3864 1658 3932 psalmo
1687 3863 2061 3929 vaticinatur;

2247 3868 2434 3922 Ταῦτα
2455 3869 2482 3921 6
2511 3868 2778 3940 μακάριος
2807 3867 3139 3940 προφητεύει
3166 3868 3330 3922 Δαϐὶδ
3349 3869 3410 3922 ’ἐν
3433 3865 3514 3938 τῷ
3536 3868 3792 3939 παρόντι

496 3961 884 4022 assumptaque
917 3951 1070 4008 Oniaa
1103 3968 1340 4024 persona
1373 3968 1436 4006 ea
1485 3952 1652 4016 dicit,
1689 3968 1809 4022 quae
1842 3953 1954 4008 dici
2001 3955 2069 4008 ab

2179 3959 2374 4030 ψαλμῷ
2397 3975 2412 3989 ⁶
2439 3960 2533 4014 καὶ
2569 3961 2627 4013 τὸ
2645 3960 2736 4014 τοῦ
2755 3962 2926 4014 Ὀνίου
2953 3962 3241 4032 πρόσωπον
3264 3959 3574 4024 ἀναλαϐὼν,
3596 3961 3794 4015 ταῦτα

497 4045 589 4099 illo
621 4045 909 4113 oportebat
946 4045 1042 4114 qui
1081 4043 1316 4099 insidias
1353 4059 1385 4098 a
1427 4046 1546 4100 suis
1590 4059 1790 4114 passus
1829 4053 1984 4109 erat,
2018 4053 2071 4099 et

2180 4050 2499 4118 ἐφθέγγετο,
2539 4052 2638 4105 ὅσα
2678 4052 2823 4117 εἰκὸς
2851 4048 2919 4124 ἦν
2942 4053 3121 4121 λέγειν
3146 4055 3373 4117 ἐκεῖνον,
3417 4051 3795 4110 ἐπιϐουλευό-

497 4133 566 4187 ab
589 4134 845 4188 Antiochi
893 4135 1226 4190 satellitibus
1257 4134 1574 4191 sacerdotio
1599 4136 1868 4205 dejectus,
1894 4145 1949 4192 et
1974 4136 2070 4206 qui

2187 4160 2346 4213 μενον
2373 4144 2477 4197 ὑπὸ
2503 4145 2612 4198 τῶν
2641 4145 2877 4211 οἰκείων,
2912 4146 3304 4216 ἐκϐαλλόμενον
3333 4147 3433 4216 τῆς
3461 4146 3794 4216 ἱερωσύνης

496 4225 568 4278 ob
595 4225 895 4280 incolarum
929 4226 1083 4282 urbis
1108 4227 1409 4298 nequitiam
1434 4269 1448 4293 ,
1482 4235 1876 4298 postremoque
1902 4229 1973 4282 ob
1997 4229 2072 4281 ir-

2181 4235 2286 4288 ύπὸ
2309 4237 2416 4289 τῶν
2450 4237 2721 4308 Ἀντιόχου
2742 4254 2756 4270 ο
2789 4237 3006 4308 ὁρῶντα
3033 4237 3130 4308 τὴν
3168 4237 3464 4308 μοχθηρίαν
3497 4237 3618 4290 τῶν
3663 4240 3799 4292 τότε

497 4315 875 4386 religiosorum
902 4318 1101 4372 civium
1127 4321 1564 4390 praepotentiam,
1584 4321 1840 4391 legalium
1865 4321 2072 4375 rituum

2179 4327 2278 4396 τὴν
2307 4326 2464 4380 πόλιν
2485 4328 2799 4396 οἰκούντων,
2836 4328 2923 4382 διά
2949 4346 3006 4381 τε
3038 4329 3136 4392 τὰς
3164 4331 3221 4382 ἐν
3261 4328 3397 4399 αὐτῇ
3426 4327 3796 4396 πλεονεξίας,

495 4407 849 4463 abolitionem
871 4449 887 4474 ,
919 4425 1247 4482 semperque
1281 4421 1501 4466 auctam
1537 4414 1806 4468 malorum
1841 4415 2036 4469 molem
2057 4451 2072 4478 ,

2180 4418 2275 4471 καὶ
2315 4417 2414 4490 τὴν
2443 4419 2552 4472 τῶν
2601 4421 2846 4492 νομίμων
2881 4421 3206 4492 ἐναλλαγὴν,
3246 4422 3340 4474 καὶ
3366 4422 3462 4492 τὴν
3500 4423 3800 4478 ἑκάστοτε

494 4513 556 4554 sc
603 4499 659 4554 in
711 4501 878 4570 pedes
927 4501 1178 4558 dederat.
1235 4504 1544 4575 Caeteroqui
1596 4505 1750 4560 hunc
1799 4506 2072 4576 psalmum

2179 4509 2471 4582 γινομένην
2500 4511 2609 4566 τῶν
2655 4512 2842 4566 κακῶν
2874 4513 3146 4579 ἐπίτασιν,
3170 4513 3270 4585 ἤδη
3299 4515 3395 4568 καὶ
3428 4515 3563 4586 περὶ
3591 4519 3800 4589 φυγῆς

496 4589 666 4646 David
693 4591 858 4648 Saule
897 4593 1205 4649 insectante
1240 4595 1551 4665 composuit
1575 4636 1590 4661 ,
1627 4610 1757 4650 cum
1789 4595 1946 4653 exsul
1989 4609 2072 4649 es-

2179 4601 2586 4673 βουλευὸμενον.
2619 4603 2822 4673 Εῖρηκε
2860 4605 2958 4674 μὲν
3015 4605 3107 4658 τὸν
3157 4605 3376 4675 ψαλμὸν
3415 4608 3445 4659 6
3490 4609 3802 4680 μακάριος

494 4689 578 4734 set
605 4690 660 4735 et
690 4680 906 4737 deserta
927 4682 1047 4736 loca
1074 4683 1320 4739 incolere
1341 4693 1589 4738 coactus.
1621 4682 1879 4738 Pratdicit
1907 4685 2072 4740 simul

2179 4693 2360 4759 Δαϐὶδ,
2395 4694 2500 4747 ὑπὸ
2548 4693 2643 4748 τοῦ
2693 4696 2864 4748 Σαοὺλ
2891 4696 3238 4767 διωκόμενος,
3275 4698 3369 4750 καὶ
3415 4702 3805 4771 μετανάστης

489 4769 809 4826 Judaeorum
839 4787 1061 4844 quoque
1091 4773 1358 4828 adversus
1406 4772 1761 4830 Servatorem
1805 4775 2072 4840 insidias,

2179 4781 2486 4854 γενδμενος,
2515 4785 2574 4837 ἐν
2601 4786 2795 4857 ἐρήμῳ
2813 4805 2876 4840 ’τε
2897 4789 3104 4856 διάγειν
3128 4787 3580 4860 ἀναγκαζόμενος
3605 4808 3623 4823 ο
3655 4769 3809 4864 προ-

492 4874 653 4935 atque
679 4864 732 4918 in
761 4879 819 4920 se
854 4865 972 4935 ipso
994 4865 1208 4920 Domini
1237 4867 1546 4936 passionem
1572 4875 1698 4924 ante
1727 4875 1944 4938 tempus
1976 4869 2072 4925 de-

2179 4876 2420 4942 θεσπίζει
2450 4868 2518 4932 δὲ’
2541 4880 2679 4933 κατὰ
2700 4879 2897 4933 ταύτὸν
2933 4883 3027 4934 καὶ
3053 4881 3151 4945 τὰς
3177 4881 3283 4934 τῶν
3326 4882 3609 4936 Ἰουδαίων
3643 4889 3808 4940 κατὰ

489 4959 703 5014 scribit.
727 4956 849 5029 ipse
869 4958 1014 5014 enim
1039 4975 1069 5013 a
1094 4956 1281 5024 Saule,
1317 4960 1406 5014 cui
1439 4959 1806 5028 benefecerat,
1825 4963 2072 5032 exagita-

2179 4967 2268 5020 τοῦ
2307 4969 2560 5042 Σωτῆρος
2601 4971 2916 5037 ἐπιϐουλάς,
2943 4973 3038 5026 καὶ
3070 4973 3127 5026 ὲν
3156 4972 3335 5044 ἐαυτῷ
3360 4972 3813 5048 προδιαγράιρει

489 5059 608 5111 tus,
640 5061 696 5107 et
726 5053 795 5107 ab
825 5051 1034 5122 aliquot
1064 5050 1428 5108 familiaribus
1458 5052 1710 5123 proditus
1729 5095 1746 5120 ,
1778 5052 2071 5108 Dominum

2179 5058 2242 5112 τὰ
2267 5059 2359 5113 τοῦ
2389 5062 2658 5114 Δεσπότου
2690 5063 3008 5135 παθήματα.
3040 5067 3212 5130 Αὐτός
3254 5084 3316 5120 τε
3364 5067 3473 5138 γὰρ
3516 5069 3644 5124 ὑπὸ
3700 5072 3811 5125 τοῦ

489 5141 833 5212 spiritalibus
889 5143 1070 5197 oculis
1123 5142 1460 5214 praevidebat
1509 5144 1700 5199 eadem
1746 5157 2067 5213 passurum.

2179 5146 2621 5216 εύεργετηθέντος
2637 5150 2810 5204 Σαοὺλ
2835 5151 3176 5223 ἐξηλαύνετο,
3197 5157 3292 5218 καὶ
3315 5156 3420 5210 ὑπό
3441 5173 3624 5212 τινων
3645 5178 3815 5229 γνω-

487 5231 783 5302 Propterea
813 5237 979 5290 etiam
1017 5235 1302 5305 inscriptio
1335 5237 1389 5290 in
1416 5235 1576 5306 ﬁnem
1619 5234 1689 5292 ad
1736 5251 1824 5290 res
1868 5236 2066 5306 praedi-

2179 5235 2351 5307 ρίμων
2385 5237 2767 5311 προ[ὑ]δίδοτο,
2806 5245 2898 5297 καὶ
2930 5245 3019 5298 τὸν
3050 5246 3327 5317 Δεσπότην
3362 5247 3642 5320 προεώρα
3682 5257 3818 5318 τοῖς

485 5331 605 5377 etas
634 5323 892 5380 lectorem
926 5330 1291 5392 transmittit,
1325 5329 1718 5399 sapienterque
1761 5328 1927 5383 dictis
1981 5335 2065 5381 at-

2179 5329 2264 5382 τοῦ
2304 5331 2622 5402 Πνεύματος
2659 5335 2963 5407 ὀφθαλμοῖς
3000 5337 3164 5391 ταὺτὸ
3193 5337 3351 5391 τοῦτο
3394 5343 3768 5412 πεισόμενον
3796 5363 3812 5375 “

485 5412 714 5466 tendere
748 5427 934 5470 monet
954 5457 968 5481 ,
996 5433 1095 5473 ceu
1130 5420 1449 5490 prophetico
1481 5437 1650 5476 sensu
1680 5419 1791 5474 illic
1819 5419 2024 5474 latente
2044 5457 2059 5481 ,

2179 5422 2255 5475 διὰ
2277 5421 2440 5476 τοῦτο
2469 5426 2563 5478 καὶ
2581 5427 2670 5493 είς
2700 5427 2770 5481 τό
2807 5428 2982 5495 τέλος
3014 5432 3047 5498 ἠ
3083 5429 3363 5503 ἐπιγραφή
3392 5436 3821 5507 παραπέμπει

489 5501 584 5568 qui
621 5517 720 5555 suo
757 5511 1004 5573 tempore
1031 5509 1099 5564 ad
1133 5509 1295 5565 linem
1324 5511 1682 5568 deducendus
1722 5522 1860 5566 erat.
1911 5512 2065 5566 insu-

2179 5511 2264 5563 τὸν
2298 5513 2717 5585 ἐντυγχάνοντα,
2739 5517 2831 5569 καὶ
2857 5515 3092 5580 συνετῶς
3136 5520 3425 5588 προσέχειν
3453 5525 3574 5586 τοῖς
3629 5525 3822 5596 levo.

490 5607 587 5662 per
617 5590 705 5646 hic
736 5594 980 5662 psalmus
1011 5599 1153 5653 inter
1184 5603 1415 5670 hymnos
1444 5619 1666 5674 quoque
1719 5611 2064 5667 numeratur,

2179 5601 2357 5671 μένοις
2391 5607 2702 5677 παρεγγυᾷ,
2737 5607 2813 5671 ὡς
2859 5606 2955 5677 τῆς
2995 5608 3344 5679 προφητικῆς
3391 5609 3663 5681 διανοίας
3707 5635 3823 5675 κε-
