3974 6146
319 250 432 313 δτι

1531 256 1909 314 EXPOSITIO
1938 258 2001 314 IN
2039 259 2378 318 PSALMOS.

3487 264 3593 323 678

325 375 709 447 καλυμμένης,
740 373 833 428 καὶ
882 375 1022 443 μετὰ
1054 373 1249 444 χρόνου
1296 373 1594 444 δεχομένης
1638 376 1699 428 τὸ
1739 375 1910 440 τέλος.

2040 376 2152 446 ιιιίιι
2180 376 2462 448 passionis
2495 374 2793 431 Dominicte
2821 376 3068 438 continet
3095 374 3589 432 adumbrationem-

326 469 472 540 Πρὸς
512 467 570 520 δὲ
599 466 812 529 τούτοις
845 465 940 519 καὶ
981 467 1096 528 τοῖς
1129 464 1320 534 ὕμνοις
1348 465 1376 517 ὁ
1406 464 1620 535 ψαλμδς
1665 463 1914 534 ἔγκατηεί-

326 561 537 624 λεκται,
565 555 934 628 σκιαγραφίαν
960 555 1084 609 τινὰ
1113 554 1252 624 ἔχων
1289 552 1397 607 τῶν
1432 551 1776 606 Δεσποτικῶν
1807 569 1914 605 πα-

261 713 264 720 ,
327 648 618 721 θημάτων·
659 647 867 700 δίκαιον
893 646 1003 716 γὰρ
1043 646 1130 697 ἀεὶ
1171 645 1360 716 ὑμνεῖν
1393 644 1486 698 τὸν
1524 645 1696 698 ταῦτα
1721 644 1914 698 παθεῖν

329 743 469 815 ὑπὲρ
525 741 628 812 τῆς
676 739 786 792 τῶν
840 735 1144 807 ἀνθρώπων
1196 737 1566 808 ἀνασχόμενον
1617 736 1909 807 σωτηρίας.

279 903 284 906 _
340 834 498 888 Ἀλλά
517 833 709 904 μηδεὶς
724 833 791 902 τῇ
815 829 1163 897 ταπεινότητι
1189 825 1298 880 τῶν
1320 828 1582 898 ῥημάτων
1609 825 1914 895 προσέχων,

329 925 520 990 ἀνάξια
547 923 725 977 ταῦτα
771 919 1014 992 ἡγείσθω
1057 918 1150 972 τοῦ
1185 919 1438 988 Σωτῆρος
1467 916 1704 988 Χριστοῦ
1735 933 1750 949 ·
1787 932 1915 968 σκο-

330 1017 498 1070 πείτω
545 1015 603 1068 δὲ
643 1014 720 1076 ὼς
761 1014 790 1065 ὁ
824 1011 989 1082 χολῆς
1037 1013 1132 1063 καὶ
1176 1009 1331 1073 ὄξους
1376 1010 1469 1061 καὶ
1516 1007 1624 1060 τῶν
1658 1005 1916 1060 τοιούτων

330 1104 726 1175 ἀνασχόμενος,
749 1103 849 1155 οὐκ
872 1100 937 1154 ἂν
959 1100 1131 1167 λόγων
1160 1096 1517 1168 ταπεινότητα
1539 1097 1912 1167 παρῃτήσατο.

334 1193 661 1264 Κατάλληλα
684 1192 793 1263 γὰρ
826 1187 963 1245 εἶναι
998 1189 1066 1242 τὰ
1102 1191 1322 1260 ῥήματα
1353 1189 1616 1259 προσήκει
1638 1188 1752 1249 τοῖς
1771 1186 1916 1256 πρά-

331 1306 536 1361 γμασιν
555 1306 569 1320 ·
593 1286 760 1340 αὐτοῦ
785 1281 844 1337 δέ
876 1287 1022 1336 ἐστιν
1047 1285 1079 1353 ἡ
1105 1281 1258 1352 φωνὴ
1284 1281 1366 1346 τὸ,
1392 1281 1618 1334 Μάθετε
1641 1281 1744 1334 ἀπ’
1772 1279 1917 1347 ἐμοῦ

334 1381 422 1434 ὅτι
450 1377 638 1446 πρᾶός
668 1379 784 1447 εἰμι
824 1375 922 1428 καὶ
957 1373 1235 1438 ταπεινὸς
1259 1371 1333 1441 τῇ
1365 1371 1596 1439 καρδίᾳ,
1624 1369 1722 1424 καὶ
1747 1368 1920 1438 εὑρή-

335 1488 472 1526 σετε
516 1469 867 1524 ἀνάπαυσιν
911 1466 1040 1530 ταῖς
1069 1463 1298 1534 ⁴ψυχαῖς
1328 1463 1495 1532 ὑμῶν
1520 1480 1532 1493 ·
1577 1465 1672 1517 καὶ
1712 1462 1874 1516 πάλιν
1902 1475 1916 1490 ⁶

2015 467 2212 521 Merito
2235 467 2387 524 enim
2420 465 2513 521 ille
2547 466 2769 536 hymnis
2794 468 3156 522 celebrandus
3184 474 3306 530 est,
3338 467 3434 535 qui
3463 467 3596 520 talia

2012 572 2114 633 pro
2144 557 2432 611 hominum
2462 555 2644 610 salute
2676 555 2791 624 pati
2843 557 3098 611 voluerit.
3145 553 3266 608 Jam
3311 566 3473 608 nemo
3509 553 3596 606 dio

2011 649 2258 704 ctionum
2319 647 2687 702 humilitatem
2739 649 3137 712 considerans,
3186 646 3441 716 indignas
3491 644 3596 700 has

2015 738 2312 794 Servatore
2354 737 2584 795 Christo
2628 739 2950 794 existimet:
3005 738 3319 793 consideret
3366 735 3592 805 potius,

2013 845 2136 885 eum
2165 830 2260 900 qui
2295 828 2367 885 fel
2395 836 2724 898 acetumque
2754 837 2807 884 et
2842 829 2949 884 alia
2982 826 3365 897 hujuscemodi
3396 826 3598 879 tolera-

2015 921 2200 986 verit,
2229 920 2484 976 eumdem
2520 920 2683 974 facile
2719 935 2786 973 ne
2818 920 3127 974 dictionum
3165 917 3387 988 quidem
3422 916 3598 970 humi-

2014 1013 2222 1067 litatem
2256 1013 2619 1067 recusavisse.
2657 1011 2866 1065 Etenim
2898 1009 3064 1084 verba
3095 1023 3405 1065 consonare
3437 1007 3597 1062 factis

2018 1112 2455 1158 consentaneum
2493 1110 2600 1158 est.
2634 1100 2770 1155 Nam
2796 1108 2850 1154 et
2879 1101 3053 1171 ipsius
3084 1115 3188 1155 vox
3225 1109 3311 1155 est
3341 1116 3354 1151 :
3397 1097 3598 1152 Discite

2017 1210 2050 1246 a
2085 1209 2165 1246 me
2191 1193 2318 1263 quia
2345 1192 2494 1247 mitis
2522 1208 2639 1247 sum
2667 1201 2715 1246 et
2741 1191 2960 1244 humilis
2999 1189 3155 1248 corde
3175 1229 3190 1254 ,
3231 1199 3280 1243 et
3321 1189 3596 1242 invenietis

2017 1286 2246 1354 requiem
2267 1283 2548 1338 animabus
2576 1284 2760 1340 vestris
2783 1267 2994 1353 (Matth.
3023 1298 3100 1348 ιι,
3123 1281 3252 1348 ‘29).
3289 1281 3351 1335 Et
3377 1297 3596 1344 rursus,

2020 1369 2335 1424 Mandatum
2373 1371 2596 1440 accepi,
2631 1370 2762 1441 quid
2799 1370 2978 1424 dicam
3011 1379 3065 1426 et
3097 1372 3224 1441 quid
3259 1372 3510 1441 eloquar,
3545 1381 3600 1426 et

2021 1460 2158 1514 nihil
2190 1475 2221 1514 a
2255 1475 2342 1515 me
2368 1461 2490 1530 ipso
2520 1460 2685 1516 facio.
2717 1459 2782 1514 Et
2807 1499 2823 1524 ,
2855 1459 2998 1517 Deus
3032 1478 3177 1516 meus
3199 1501 3214 1526 ,
3245 1461 3386 1517 Deus
3417 1478 3561 1516 meus
3583 1503 3597 1525 ,

347 1561 596 1632 Ὲντολὴν
640 1559 853 1621 ἔλαϐον,
890 1557 943 1610 τί
967 1558 1106 1609 εἴπω
1155 1556 1248 1608 καὶ
1285 1555 1337 1606 τί
1366 1554 1603 1623 λαλήσω,
1644 1552 1740 1606 καὶ
1768 1550 1921 1603 οὐδὲν

2040 1564 2186 1617 mare
2217 1547 2551 1618 dereliquiin
2581 1549 2710 1603 me?
2746 1546 2874 1603 Haec
2912 1556 2968 1603 et
3012 1549 3178 1618 hujus
3227 1551 3446 1620 generis
3490 1549 3601 1603 alia

336 1655 429 1706 ἀπ’
457 1650 694 1722 ὲμαυτοῦ
729 1647 867 1700 ποιῶ
886 1662 900 1676 ⁸
928 1646 1046 1709 καὶ,
1097 1642 1201 1697 Θεέ
1244 1660 1384 1712 μου,
1411 1639 1516 1694 Θεέ
1559 1657 1698 1708 μου,
1729 1638 1831 1691 ἵνα
1865 1636 1924 1688 τί

2041 1654 2267 1694 inmano
2295 1654 2448 1695 more
2475 1639 2823 1710 loquebatur,
2855 1648 2917 1694 ut
2949 1640 3246 1696 humanam
3292 1656 3451 1697 suam
3497 1657 3601 1698 na-

339 1762 408 1815 με
437 1742 859 1814 Messalinae;
883 1737 1068 1792 Ταῦτα
1092 1736 1149 1790 δὲ
1171 1736 1265 1790 καὶ
1295 1736 1362 1788 τὰ
1384 1734 1609 1787 τοιαῦτα
1641 1729 1916 1802 ἀνθρωπί-

2047 1746 2202 1787 uram
2232 1729 2586 1795 ostenderet,
2623 1738 2788 1800 atque
2818 1740 2878 1786 ut
2911 1747 2968 1788 se
2999 1730 3315 1786 Judaeorum
3367 1731 3602 1787 inﬁrmi-

337 1855 441 1901 νως
463 1835 783 1905 ἐφθέγγετο,
816 1832 912 1885 καὶ
933 1829 1032 1900 τὴν
1053 1828 1397 1898 ἀνθρωπείαν
1422 1825 1581 1896 φύσιν
1605 1821 1913 1885 ὑπεδείκνυ,

2040 1824 2120 1878 .ati
2154 1820 2619 1876 accommodaret.
2655 1819 2772 1876 Hoc
2802 1831 2952 1877 certe
2985 1822 3111 1877 loco
3141 1822 3313 1878 David
3352 1833 3408 1879 et
3453 1824 3600 1893 inju-

339 1929 432 1984 καὶ
473 1924 775 1996 οἰκονομῶν
823 1923 966 1994 (cod.
1001 1918 1319 1990 οἰκοδομῶν)
1357 1918 1458 1990 τὴν
1503 1915 1612 1969 τῶν
1650 1913 1916 1968 Ἰουδαίων

2040 1914 2137 1972 rias
2169 1912 2277 1969 sibi
2309 1913 2492 1968 illatas
2523 1911 2716 1974 docet,
2753 1920 2808 1968 et
2838 1914 3003 1969 simul
3040 1913 3275 1969 Domino
3307 1923 3604 1970 eventuras

337 2020 613 2074 ἀσθένειαν
630 2034 645 2047 ·
669 2015 904 2070 ἐνταῦθα
941 2015 1123 2084 μέντοι
1146 2013 1174 2062 ὁ
1209 2010 1350 2072 θεῖος
1374 2006 1540 2060 Δαὸὶδ
1589 2005 1684 2060 καὶ
1714 2005 1814 2077 τὴν
1840 2005 1919 2067 είς

2040 2005 2321 2076 praedicit;
2355 2006 2428 2060 ob
2469 2006 2795 2075 passionum
2843 2009 3292 2062 communionem
3338 2007 3608 2078 plaudens

339 2111 499 2166 αὐτὸν
537 2107 916 2178 γεγενημένην
944 2105 1160 2158 ἀδικίαν
1182 2102 1440 2166 διδάσκει,
1468 2099 1560 2151 καὶ⁵
1587 2097 1684 2168 τὴν
1725 2099 1805 2159 είς
1830 2095 1922 2148 τὸν

2040 2098 2170 2165 sibi,
2205 2111 2272 2152 ac
2301 2097 2704 2168 propemodum
2739 2113 2866 2153 cum
2899 2099 3070 2153 Paulo
3103 2100 3460 2156 exclamans;
3493 2098 3608 2170 Ego

339 2202 616 2272 Δεσπότην
647 2197 912 2268 ἐσομένην
963 2193 1383 2266 προδιαγράφει,
1428 2194 1495 2260 τῇ
1528 2188 1782 2257 κοινωνίᾳ
1807 2185 1915 2238 τῶν

2040 2189 2293 2258 stigmata
2321 2186 2536 2243 Domini
2565 2186 2698 2244 Jesu
2731 2188 2786 2242 in
2818 2204 3052 2260 corpore
3086 2206 3208 2246 meo
3243 2198 3425 2260 porto.

342 2294 676 2364 παθημάτων
707 2289 1135 2363 ἐναϐρυνόμενος
1164 2287 1258 2340 καὶ
1284 2284 1567 2355 μονονουχὶ
1596 2280 1734 2352 βοῶν
1763 2277 1902 2351 μετὰ
1936 2279 2182 2334 Παύλου·
2232 2278 2374 2350 Ἐγὼ
2410 2279 2479 2334 τὰ
2521 2280 2792 2350 στίγματα
2820 2282 2914 2335 τοῦ
2941 2282 3145 2354 Κυρίου
3208 2283 3384 2354 Ἰησοῦ
3429 2285 3488 2336 ὲν
3529 2283 3613 2355 τῷ

343 2385 555 2458 σώματί
580 2403 684 2457 μου
714 2383 985 2454 βαστάζω.

903 2473 1196 2529 ΨΔΛΜυΣ
1233 2473 1359 2526 NA'.

419 2570 576 2639 Στίχ.
597 2567 738 2638 β’.-
761 2567 853 2637 Μὴ
880 2566 1172 2638 διαπτύσῃς
1195 2566 1297 2635 (Ι),
1322 2564 1457 2634 μηδὲ
1487 2563 1927 2635 καταφρονήσῃς,

362 2660 570 2730 μικρὰν
618 2657 784 2728 αὐτὴν
825 2656 915 2710 καὶ
957 2656 1145 2726 εὐτελῆ
1201 2655 1578 2726 λογισάμενος.
1623 2654 1927 2726 ’Υπεριδεῖν

362 2750 472 2820 γὰρ
501 2749 716 2817 λέγεται
761 2748 816 2801 τὸ
859 2748 1304 2818 καταφρονῆσαι,
1366 2747 1441 2810 ὡς
1487 2746 1688 2818 μικροῦ
1721 2747 1815 2802 καὶ
1847 2745 1932 2800 ού-

362 2837 529 2900 δενός.

426 2923 664 2993 Στίχ.γ¹.
689 2923 1108 2995 -Ἄδολεσχίαν
1155 2925 1311 2978 καλεῖ
1367 2924 1572 2988 παντὸς
1611 2927 1934 2996 πράγματος

2579 2467 2903 2524 PSALMUS
2937 2469 3067 2525 LIV.

2107 2556 2272 2611 Vens.
2301 2556 2356 2613 2.
2381 2585 2452 2596 ——
2477 2555 2601 2612 Noli
2637 2573 2916 2628 respuere,
2950 2558 3036 2612 vel
3073 2565 3444 2622 contemnere,
3481 2557 3610 2628 pax-'-

2035 2660 2157 2700 vam
2189 2655 2246 2702 et
2274 2645 2438 2702 vilem
2495 2645 2644 2700 illam
2671 2645 2975 2702 aestimans.
3019 2646 3313 2718 Despicere
3346 2647 3494 2701 enim
3525 2647 3612 2701 di-

2038 2738 2185 2793 citur
2215 2737 2358 2794 idem
2394 2738 2542 2809 quod
2581 2746 2958 2806 contemnere,
3004 2747 3265 2811 tanquam
3301 2739 3430 2811 quid
3459 2739 3614 2810 parvi

2037 2837 2094 2886 et
2134 2829 2341 2884 nullius
2363 2830 2628 2885 momenti

2115 2920 2278 2977 Vens.
2315 2921 2370 2976 3.
2421 2951 2489 2962 -
2519 2920 2978 2976 Exercitationem
3029 2930 3190 2978 vocat
3238 2921 3620 2991 cujuscunque

354 3011 651 3082 συνέχειαν.
694 3013 766 3065 Τὸ
797 3007 912 3079 οὖν,
968 3015 1317 3084 Ἑλυπήθτπν
1363 3017 1434 3070 ἐν
1475 3015 1550 3086 τῇ
1600 3017 1927 3086 ἀδολεσχίᾳ

2040 3010 2245 3081 negotii
2285 3009 2788 3065 continuationem.
2826 3008 2981 3066 Istud
3017 3010 3207 3081 igitur,
3255 3008 3618 3064 Contristatus

349 3118 486 3170 μου,
533 3100 633 3154 καὶ
663 3101 1002 3172 ἐταράχθην
1028 3120 1042 3134 ⁸
1072 3109 1354 3178 τουτέστιἰ
1387 3107 1594 3178 Συνεχῆ
1626 3108 1726 3180 τὴν
1758 3107 1937 3178 λύπην

355 3191 510 3262 ἔσχον
542 3191 638 3244 καὶ
669 3193 768 3264 τὴν
790 3194 1036 3266 ταραχὴν
1061 3195 1168 3248 ἀπὸ
1197 3195 1291 3250 τοῦ
1324 3197 1560 3268 πλήθους
1585 3197 1698 3253 τῶν
1725 3198 1935 3265 κακῶν,

355 3281 526 3336 ἄλλων
559 3283 648 3335 ἐπ’
676 3284 857 3348 ἄλλοις
895 3286 985 3338 ἀεὶ
1021 3287 1453 3357 συμϐαινόντων.

423 3456 570 3528 Στίχ.
593 3457 672 3512 ιδ.
703 3487 776 3499 —
799 3458 1113 3532 Σύμμαχος,
1141 3461 1317 3518 Ἀλλὰ
1351 3464 1432 3518 σὺ
1459 3464 1768 3534 ἅνθρωπος
1801 3467 1940 3535 ὁμό-

359 3560 592 3614 τροπος,
609 3547 708 3602 καὶ
734 3548 1027 3618 συνήθης,
1045 3551 1141 3605 καὶ
1172 3552 1477 3624 γνώριμος.
1497 3557 1569 3609 Τὸ
1586 3556 1664 3624 δὲ,
1681 3554 1941 3626 Ἦγεμών

356 3657 491 3708 μου.
522 3641 702 3705 καλῶς
729 3641 806 3705 ὡς
841 3643 977 3713 πρὸς
1005 3644 1094 3697 τὸν
1127 3646 1377 3717 Σίμωναο
1415 3647 1602 3718 ἐπειδὴ
1631 3647 1726 3700 τοῦ
1759 3666 1938 3718 μακα-

365 3731 477 3804 ρίου
521 3732 693 3784 Ὀνίου
724 3732 1224 3806 ὰρχιερατεύοντος,
1256 3737 1590 3809 προστασίαν
1629 3737 1750 3791 τινὰ
1781 3738 1940 3806 ἐγκε-

362 3822 614 3892 χείριστο.
669 3821 856 3887 Οὕτως
909 3824 1181 3896 ἡγεμόνας
1232 3827 1326 3880 καὶ
1364 3829 1631 3899 ἄρχοντας
1677 3828 1939 3899 βασιλέων

363 3913 628 3985 καλοῦμεν
659 3916 785 3978 τοὺς
813 3916 903 3968 ὑπ’
933 3916 1112 3970 αὐτῶν
1159 3918 1518 3987 πράττοντας,
1551 3920 1660 3972 εἴτε
1687 3918 1818 3990 παρ’
1846 3918 1941 3974 αύ-

362 4006 468 4060 τῶν
491 4007 588 4078 τὴν
617 4007 789 4082 ἀρχὴν
820 4009 1350 4082 ἐγκεχειρισμένους.

922 4209 1218 4265 ΨΛΛΜΟΣ
1250 4212 1376 4266 ΝΖ’.

2038 3117 2156 3156 sum
2209 3102 2265 3154 in
2318 3100 2694 3156 exercitatione
2734 3115 2872 3164 mea,
2921 3111 2971 3154 et
3007 3100 3394 3164 conturbatus;
3427 3098 3482 3153 id
3512 3107 3617 3162 est,

2036 3191 2372 3248 Continuam
2428 3191 2598 3248 habui
2656 3190 2938 3247 tristitiam
2981 3200 3037 3247 et
3060 3190 3540 3248 conturbationem
3588 3201 3621 3241 a

2038 3282 2390 3340 multitudine
2429 3284 2724 3349 malorum,
2775 3282 2904 3338 dum
2955 3283 3066 3338 alia
3115 3297 3183 3338 ex
3233 3281 3359 3336 aliis
3405 3292 3624 3349 semper

2037 3375 2316 3430 oriuntur.

2112 3464 2281 3522 Vnus.
2312 3465 2401 3520 M.
2425 3496 2496 3506 —
2525 3464 2910 3537 Symmachus,
2951 3462 3055 3518 Sed
3099 3472 3155 3516 tu
3205 3461 3360 3514 homo
3408 3473 3623 3513 eorum-

2038 3559 2160 3613 dem
2195 3573 2426 3623 morum,
2475 3565 2526 3612 et
2583 3556 2871 3623 familiaris
2922 3572 3088 3620 meus,
3150 3564 3200 3608 et
3258 3562 3434 3607 notus.
3482 3551 3623 3604 Illud

2037 3663 2195 3713 vero,
2238 3647 2362 3701 Dux
2403 3663 2570 3710 meus,
2617 3655 2767 3702 recte
2803 3657 3064 3715 tanquam
3112 3643 3177 3697 ad
3222 3641 3500 3697 Simonem
3539 3642 3623 3694 di-

2041 3747 2226 3806 ctum;
2260 3745 2320 3792 ut
2361 3740 2478 3806 qui,
2516 3737 2652 3792 Ouia
2696 3751 2954 3806 supremo
2999 3734 3309 3790 sacerdotio
3342 3733 3625 3804 fungente,

2043 3828 2429 3900 praefecturam
2473 3827 2708 3897 aliquam
2741 3827 2984 3897 gerebat.
3029 3825 3145 3880 lloc
3181 3825 3343 3880 modo
3364 3823 3533 3879 duces
3569 3832 3626 3878 et

2043 3924 2402 3990 imperatores
2440 3935 2630 3990 regum
2668 3919 3011 3989 appellamus
3059 3933 3156 3973 eos
3185 3917 3280 3988 qui
3321 3916 3457 3987 ipsis
3489 3915 3626 3970 sub-

2043 4008 2284 4066 ordinati
2331 4016 2499 4075 sunt,
2545 4009 2662 4065 sive
2719 4009 2816 4080 qui
2869 4008 2937 4062 ab
2987 4007 3121 4080 ipsis
3172 4007 3461 4077 imperium
3516 4005 3626 4062 sibi

2045 4101 2422 4160 concreditum
2455 4109 2810 4170 acceperunt.

2571 4208 2898 4266 PSALMUS
2928 4207 3088 4263 LVII.

431 4298 580 4369 Στίχ.
609 4304 695 4351 ια’.
729 4300 874 4352 --Ἡ
903 4300 958 4353 δὲ
987 4302 1065 4362 εἰς
1103 4302 1267 4371 ὑμᾶς,
1291 4303 1443 4369 φησὶ,
1466 4302 1704 4372 τιμωρία
1745 4303 1927 4373 εύφρο·

2119 4302 2290 4360 Vens.
2315 4305 2406 4358 il.
2427 4335 2498 4344 υ-
2527 4302 2786 4358 Vestrum
2815 4309 3020 4366 autem,
3057 4300 3256 4389 inquit,
3293 4298 3630 4370 supplicium

365 4387 530 4458 σύνην
574 4388 794 4459 παρέξει
834 4390 944 4452 τοῖς
971 4389 1216 4458 δικαίοις,
1247 4395 1358 4455 τοῖς
1397 4392 1491 4444 νῦν
1523 4392 1611 4460 ὑφ’
1645 4392 1798 4461 ὑμῶν
1822 4395 1944 4445 ἐπι·

365 4475 792 4546 ϐουλευομένοις.

436 4569 757 4638 Θεοδώρου.
789 4571 864 4623 Τὸ
894 4571 1206 4625 νί.ττεσθαι
1249 4572 1282 4642 ἡ
1319 4573 1438 4626 θεία
1475 4573 1666 4646 Γραφη
1707 4575 1939 4646 συνεχῶς

2049 4398 2293 4451 laetitiam
2324 4396 2590 4465 praebebit
2621 4395 2789 4465 justis
2825 4394 2956 4459 illis,
2987 4394 3084 4464 qui
3123 4379 3268 4448 nunc
3298 4408 3329 4446 a
3357 4392 3511 4447 vobis
3544 4391 3630 4444 in-

2049 4489 2208 4544 sidiis
2243 4488 2607 4556 impctuntur.
2671 4500 2678 4505 ‘

2121 4577 2249 4632 iam.
2292 4606 2365 4619 —
2400 4575 2682 4631 Theodori.
2749 4575 2988 4632 Verbum
3065 4574 3282 4628 lavandi
3343 4571 3632 4641 Scriptura

363 4655 628 4727 λαμϐάνει
678 4658 772 4710 ἐπὶ
821 4657 915 4712 τοῦ
973 4659 1006 4729 ἢ
1051 4664 1326 4713 κοινωνεῖν
1368 4678 1472 4713 τινι
1526 4663 1559 4733 ἢ
1608 4664 1683 4734 μὴ
1737 4681 1927 4717 κοινω-

2048 4671 2234 4725 divina
2270 4685 2486 4739 semper
2518 4668 2718 4738 accipit
2749 4683 2850 4738 pro
2874 4666 3376 4723 communicatione
3409 4664 3494 4718 vel
3520 4679 3633 4718 non

363 4751 495 4802 νεῖν.
521 4748 691 4802 Τοῦτο
721 4749 828 4821 γὰρ
859 4749 978 4813 ἔθος
998 4752 1110 4814 τοῖς
1138 4751 1406 4816 παλαιοῖς,
1436 4751 1521 4804 διὰ
1540 4746 1631 4805 τοῦ
1663 4755 1922 4808 νίπτεσθα

2053 4760 2553 4815 communicatione
2582 4758 2840 4828 alicujus.
2866 4757 2960 4812 llla
3007 4757 3154 4811 enim
3186 4763 3306 4811 erat
3333 4763 3634 4809 consuetu-

362 4839 463 4902 τὰς
505 4842 696 4909 χεῖρας
743 4840 1027 4910 σημαίνειν
1063 4842 1320 4912 ὁπότερον
1352 4841 1419 4895 ἂν
1466 4842 1762 4899 ἐϐούλοντο.
1794 4846 1927 4899 Οὖτιι

2054 4853 2126 4908 do
2154 4853 2456 4916 veteribus,
2480 4861 2539 4906 ut
2565 4865 2661 4921 per
2686 4850 2948 4905 lotionem
2980 4861 3244 4904 manuum
3277 4849 3634 4904 alterutrum,

363 4933 458 4985 καὶ
503 4933 734 4996 Πιλᾶτος
771 4934 832 4986 ὲν
876 4937 989 4997 τοῖς
1023 4933 1375 5004 Εύαγγελίοις
1414 4938 1664 5006 φαίνεται
1688 4937 1765 5008 τῷ
1793 4939 1927 5008 νίψαι

2057 4950 2223 5012 prout
2243 4942 2519 5003 volebant,
2571 4941 2968 5012 signiﬁcarent.
3007 4939 3100 4993 Sic
3139 4939 3304 4992 etiam
3337 4937 3544 4990 Pilatus
3578 4935 3636 4988 in

364 5023 489 5077 σθαι
517 5023 620 5087 τὰς
648 5025 837 5096 χεῖρας
864 5025 1162 5094 σημαίνων,
1191 5027 1274 5078 ὅτι
1315 5027 1388 5098 μὴ
1426 5032 1656 5100 κοινωνῇ
1698 5029 1777 5099 τῷ
1807 5031 1927 5100 φόνι,

2057 5031 2368 5101 Evangeliis
2399 5033 2617 5086 videtur
2659 5047 2757 5101 per
2804 5031 3065 5086 lationem
3115 5042 3379 5082 manuum
3430 5025 3638 5095 signifi-

363 5114 506 5167 κατὰ
532 5114 627 5167 τοῦ
660 5113 918 5186 Χριστοῦ.
949 5114 1102 5168 Οὕτω
1144 5116 1236 5170 καὶ
1265 5117 1488 5189 ἑτέρωθί
1518 5137 1680 5190 φησιν
1708 5122 1737 5172 ό
1769 5123 1927 5191 μακάι

2057 5138 2236 5186 casse,
2260 5139 2449 5178 senon
2477 5124 2887 5179 communicare
2913 5122 3048 5177 caedi
3071 5120 3300 5174 Christi.
3353 5117 3446 5171 Sic
3468 5118 3636 5171 etiam

365 5221 483 5274 ριος
513 5207 713 5260 Δαδίδ·
763 5207 1026 5276 Νίψομαι
1065 5208 1138 5260 ὲν
1163 5209 1372 5275 ἀθώοις
1423 5211 1531 5275 τὰς
1568 5213 1770 5281 χεῖράς
1797 5229 1916 5280 μου

2060 5215 2168 5269 alio
2210 5215 2333 5268 loco
2361 5215 2556 5270 beatus
2594 5213 2764 5268 David
2792 5215 2868 5268 ait
2896 5233 2911 5270 :
2946 5211 3155 5266 Lavabo
3183 5213 3320 5264 inter
3341 5211 3640 5262 innocentes

363 5299 630 5367 τουτέστι,
671 5299 786 5370 Τὴν
840 5301 977 5369 πρὸς
1025 5302 1225 5363 αὐτοὺς
1271 5303 1586 5373 ἀσπάσομαι
1646 5305 1927 5357 κοινωνίαν

2061 5322 2247 5358 manus
2281 5322 2459 5370 meas;
2501 5306 2552 5359 id
2581 5315 2682 5369 est,
2714 5319 2840 5360 cum
2885 5303 3025 5373 ipsis
3068 5303 3370 5372 amplectar
3392 5314 3642 5355 commu-

380 5390 640 5446 Ἐνταῦθα
673 5387 770 5446 οὖν
791 5393 950 5445 τοῦτο
972 5392 1138 5460 λέγει,
1166 5394 1247 5446 ὅτι
1292 5396 1322 5446 ὁ
1357 5394 1561 5456 δίκαιος
1591 5395 1648 5448 ὲν
1676 5398 1740 5465 τῇ
1772 5412 1927 5462 σφαγ·

2064 5397 2410 5453 nicationem.
2434 5395 2532 5450 llic
2547 5410 2676 5465 ergo
2700 5395 2857 5459 dicit,
2882 5393 3094 5464 justum
3120 5395 3175 5448 in
3201 5392 3348 5446 caede
3367 5404 3433 5445 ac
3465 5399 3642 5444 morte

365 5482 463 5534 καὶ
487 5483 565 5553 τῷ
596 5481 816 5552 θανάτῳ
842 5480 936 5534 τοῦ
966 5482 1290 5554 ἁμαρτωλοῦ
1318 5484 1654 5554 δειχθήσεται
1687 5485 1924 5556 μηδεμία

2063 5488 2371 5558 peccatoris
2408 5487 2748 5543 declaratum
2802 5487 2870 5542 iri
2917 5485 3126 5542 nullam
3170 5485 3375 5541 habere
3408 5495 3534 5538 cum
3573 5480 3642 5535 iis

443 5657 516 5729 (1]
551 5656 626 5711 Ex
659 5654 954 5710 Corderio.
