3974 6146
423 238 528 298 679

1613 235 1966 294 THEODORI
2006 238 2491 298 MOPSUES‘I‘ENI

3581 248 3684 307 680

420 356 1000 422 columnnicationem,
1047 354 1149 409 hoc
1188 361 1292 420 est,
1335 353 1550 424 justum
1595 352 1985 421 appariturum.

2102 356 2244 427 ἔχειν
2274 356 2409 428 πρὸς
2445 357 2641 420 αὐτοὺς
2681 359 2983 424 κοινωνίαν,
3026 359 3333 427 τουτέστιν,
3367 362 3687 433 ἀποφανθῆ-

421 447 560 504 Cum
589 449 734 502 enim
778 447 855 502 illi
886 453 1170 514 prOpterea
1209 442 1532 512 puniantur,
1577 439 1636 493 hi
1671 447 1857 494 autem
1885 455 2002 493 ma-

421 549 592 594 neant
647 539 726 592 nil
779 536 907 590 mali
959 535 1252 606 patientes,
1311 533 1508 587 horum
1542 530 1721 586 virtus
1773 530 2000 586 demou-

421 639 654 688 stratur.

494 723 660 777 Vsus.
704 720 793 773 12.
819 747 889 760 -—
913 716 1180 773 Nonnulli
1224 715 1396 781 istud,
1455 712 1646 782 Utique
1680 721 1759 767 est
1793 711 1997 781 fructus

409 813 582 882 justo,
623 826 719 880 per
766 810 1257 879 interrogationem
1296 807 1582 878 legerunt;
1612 818 1678 857 ac
1716 803 1764 858 si
1803 803 2001 858 scisci-

419 912 670 958 tarentur
700 909 889 956 utrum
918 901 992 956 sit
1031 919 1044 954 :
1073 897 1218 970 quod
1244 898 1300 952 in
1327 895 1661 967 syllogismis
1689 893 1876 950 dicere
1903 910 1998 951 so-

415 996 616 1057 lemus,
669 992 932 1062 Nunquid
991 989 1134 1045 hoc?
1183 989 1239 1044 id
1296 996 1400 1052 est,
1448 985 1667 1054 Ergone
1712 983 1866 1039 hoc?
1916 986 1998 1040 sic

414 1088 579 1142 etiam
624 1086 728 1139 hoc
759 1085 882 1138 loco
925 1083 1024 1145 ait,
1070 1080 1216 1151 quod
1265 1094 1390 1135 cum
1430 1077 1548 1130 haec
1587 1075 1730 1129 facta
1769 1075 1994 1143 fuerint,

413 1195 608 1234 omnes
638 1178 836 1233 dicturi
858 1177 989 1241 sint,
1022 1174 1293 1240 Quoniam
1319 1185 1446 1226 vere
1472 1175 1558 1224 est
1593 1167 1807 1222 fructus
1822 1168 1995 1236 justo,

413 1279 468 1326 et
497 1286 606 1325 non
653 1269 773 1324 sine
819 1266 1069 1322 mercede
1095 1263 1370 1334 justitiam
1397 1265 1642 1315 exercet.
1673 1255 1818 1311 Ecce
1839 1247 1995 1312 enim

413 1372 704 1434 prepterea
733 1360 909 1430 puniti
941 1365 1071 1413 sunt
1099 1355 1195 1426 qui
1229 1354 1367 1422 ipsis
1395 1349 1832 1406 insidiabantur.

945 1447 1274 1505 PSALMUS
1312 1445 1498 1501 LVIII.

483 1544 652 1601 Vsus.
685 1546 740 1598 7.
774 1574 845 1584 —
875 1543 975 1596 llic
1025 1541 1192 1596 etiam
1238 1548 1324 1594 est
1359 1549 1623 1606 temporis
1666 1535 1994 1600 immutatio,

411 1656 512 1711 pro
541 1647 935 1703 convertantur,
963 1643 1018 1690 et
1039 1635 1384 1696 circumeant,
1411 1639 1464 1686 et
1487 1631 1681 1700 famem
1699 1629 1994 1698 patiantur.

2104 463 2256 500 σεται
2301 447 2523 511 δίκαιος.
2550 450 2715 502 Ὅταν
2765 449 2874 521 γάρ
2922 451 3116 502 ἐκεῖνοι
3149 450 3236 503 διὰ
3278 451 3483 504 τούτων
3521 451 3682 506 κολά-

2102 539 2324 605 ζωνται,
2352 536 2496 594 οὗτοι
2521 540 2577 592 δὲ
2610 539 2810 610 μένωσι
2850 541 3014 612 μηδὲν
3035 541 3330 611 πάσχοντες
3359 543 3548 609 κακὸν,
3574 543 3684 597 δεί-

2100 647 2290 684 κνυται
2315 631 2518 685 τούτων
2545 633 2579 702 ὴ
2607 634 2799 704 ἀρετή.

2169 723 2314 792 Στίχ.
2346 721 2664 792 ιβ’.-Τινὲς
2691 723 2920 792 τδ,”Αρα
2943 724 3076 778 ἐστὶ
3096 723 3323 793 καρπὸς
3351 724 3433 790 τῷ
3453 724 3682 792 δικαίῳ,

2099 815 2220 866 κατ’
2243 815 2509 886 ἐρώτησιν
2537 816 2846 886 ἀνέγνωσαν
2869 835 2882 847 ·
2905 818 3104 872 ὡσανεὶ
3131 817 3567 888 πυνθανομένων,
3599 820 3683 872 ὅτι

2099 905 2162 957 El
2194 904 2340 959 ἔστιν
2375 907 2502 977 ἄρα,
2535 907 2669 979 ὅπερ
2713 907 2830 971 ἔθος
2879 909 3012 979 ἡμῖν
3053 911 3112 960 ὲν
3149 911 3264 971 τοῖς
3309 907 3686 978 συλλογισμοῖς

2098 993 2295 1062 λέγειν,
2323 999 2371 1048 εἰ
2401 997 2474 1068 μὴ
2492 998 2609 1050 τοδε
2633 1015 2646 1063 ;
2676 999 2796 1051 ἀντὶ
2815 997 2930 1064 τοῦ,
2963 998 3170 1052 Οὐκοῦν
3193 999 3311 1052 τόδε
3335 1017 3351 1064 ;
3377 999 3520 1052 οὕτω
3553 1002 3686 1054 κάν-

2097 1088 2270 1140 ταῦθα
2296 1088 2463 1156 λέγει,
2497 1089 2577 1142 ὅτι
2608 1089 2812 1144 τούτων
2851 1092 3176 1160 γενομένων,
3212 1091 3414 1154 πάντες
3443 1093 3680 1161 ἐροῦσιν,

2096 1173 2178 1226 ὅτι
2206 1174 2417 1245 ἀληθῶς
2449 1175 2562 1229 ἐστι
2593 1177 2670 1248 τῷ
2715 1179 2908 1248 δικαίῳ
2952 1181 3181 1249 καρπὸς,
3219 1183 3312 1234 καὶ
3357 1181 3457 1233 οὐκ
3490 1180 3682 1250 ἀμισθὶ

2095 1264 2195 1335 τὴν
2249 1266 2593 1337 δικαιοσύνην
2648 1268 2960 1339 ἐργάζεται.
3005 1271 3132 1324 ’1δού
3171 1269 3280 1340 γὰρ
3329 1270 3432 1323 ὐπὸ
3475 1269 3679 1323 τούτων

2097 1355 2520 1429 ἐτιμωρήθησαν
2549 1361 2599 1413 οἱ
2624 1359 3061 1424 ἐπιϐουλεύοντες
3086 1360 3290 1424 αὐτοῖς.

2661 1449 2953 1505 ΨΑΛΜΟΣ
2979 1453 3027 1505 Ν
3033 1452 3110 1504 H'.

2167 1542 2316 1613 Στίχ.
2343 1540 2409 1607 ζ’.
2435 1544 2815 1615 -Ἐναλλαγὴ
2847 1543 3125 1596 κάνταῦθα
3165 1542 3380 1612 χρόνου,
3410 1541 3530 1595 ἀντὶ
3562 1539 3679 1610 τοῦ,

2111 1632 2701 1705 Ἐπιστρεψάτωσαν,
2721 1638 2812 1691 καὶ
2839 1635 3349 1697 κυῌωσὰτωσαν,
3370 1633 3465 1687 καὶ
3497 1637 3677 1703 λιμω-

412 1735 570 1802 Quod
617 1744 800 1788 autem
842 1730 977 1785 dicit
1010 1735 1096 1782 est
1128 1723 1406 1794 ejusmodi
1437 1741 1450 1776 :
1481 1721 1754 1788 Quoniam
1790 1736 1985 1776 canum

2097 1724 2394 1790 εᾶτωσαν.
2407 1729 2472 1780 Ὃ
2484 1728 2540 1780 δὲ
2561 1727 2705 1798 λέγει
2717 1727 2954 1782 τοιοῦτόν
2973 1730 3137 1780 ἐστιν·
3157 1725 3372 1796 Ἐπειδὴ
3383 1725 3493 1778 τῶν
3505 1725 3652 1779 κυνῶ

411 1829 696 1898 proprium
745 1831 833 1877 est
884 1818 1064 1873 noctis
1119 1827 1366 1885 tempore
1417 1813 1656 1866 circuire
1710 1811 1990 1866 civitatem

413 1919 748 1979 universam,
773 1923 828 1967 et
861 1909 1162 1980 majoribus
1196 1907 1274 1960 uti
1313 1903 1574 1970 vocibus;
1606 1903 1846 1957 maxime
1879 1915 1994 1955 au-

411 2019 518 2065 tem
552 2011 656 2062 hoc
697 2005 930 2068 faciunt,
973 1998 1196 2071 quando
1240 1995 1535 2066 contigerit
1577 1997 1728 2064 ipsos
1777 1993 1994 2049 esurire

409 2103 517 2157 cibi
545 2099 781 2168 indigos.
821 2094 1010 2149 Simile
1045 2090 1202 2161 quid,
1237 2088 1437 2159 inquit,
1460 2086 1714 2141 hostibus
1737 2083 1991 2148 eveniat;

411 2209 442 2247 a
473 2190 729 2262 prazsenti
755 2185 1018 2241 felicitate
1056 2182 1115 2235 in
1159 2179 1318 2250 pejus
1349 2192 1448 2246 per
1475 2173 1808 2245 supplicium
1837 2183 1990 2227 tuum

409 2289 807 2340 convertantur
839 2297 852 2332 :
883 2285 937 2332 et
967 2275 1110 2330 sicut
1141 2286 1328 2333 canes,
1360 2271 1539 2323 noctis
1574 2277 1820 2336 tempore
1851 2279 1880 2318 a
1912 2263 1994 2318 fa-

409 2392 499 2432 me
535 2373 774 2437 obsessi,
805 2371 863 2424 in
891 2365 1129 2422 circuitu
1162 2362 1438 2417 ululantes
1475 2358 1822 2412 circumeunt
1853 2353 1990 2409 civi-

409 2478 577 2524 tatem
599 2508 613 2532 ,
640 2466 721 2521 sic
746 2472 802 2519 et
829 2461 884 2515 hi
918 2457 1192 2530 supplicio
1218 2461 1316 2509 tuo
1344 2452 1437 2507 icti
1469 2451 1678 2519 ejulent
1713 2448 1782 2502 ad
1817 2447 1992 2502 instar

407 2548 641 2623 canum;
675 2559 748 2610 ita
782 2563 840 2609 ut
869 2568 938 2608 ex
968 2553 1085 2621 ipsa
1123 2562 1258 2603 voce
1285 2545 1589 2616 ejulatuum
1632 2540 1715 2595 tui
1753 2540 1809 2593 in
1839 2538 1990 2607 ipsos

406 2651 664 2724 supplicii
689 2653 949 2718 appareat
979 2637 1322 2711 magnitudo.
1354 2632 1644 2703 Temporis
1674 2636 1854 2683 autem
1883 2628 1988 2683 im-

407 2718 765 2799 mutationem
795 2737 1002 2793 indicat
1027 2728 1395 2804 Symmachus
1422 2723 1634 2788 dicens,
1662 2718 1982 2776 Convertun-

408 2844 496 2888 tur
531 2831 600 2886 ad
626 2844 910 2899 vesperam.

475 3008 646 3065 Vsus.
677 3008 731 3061 8.
767 3031 835 3044 --
856 3004 962 3058 llic
987 3003 1149 3056 etiam
1177 2995 1336 3055 istud
1369 3009 1485 3050 ecce
1515 2992 1791 3063 adjectum
1813 2999 1897 3046 est
1921 3006 1984 3046 ex

2101 1817 2229 1871 ἴδιον
2251 1821 2391 1874 κατὰ
2411 1820 2501 1873 τὸν
2517 1819 2616 1888 τῆς
2631 1819 2820 1882 νυκτὸς
2840 1818 3027 1888 καιρὸν
3043 1817 3314 1889 περιιέναι
3335 1833 3396 1868 τε
3415 1814 3514 1885 τὴν
3530 1814 3680 1868 πόλιν

2098 1909 2336 1975 ἃπασαν,
2358 1913 2449 1965 καὶ
2481 1911 2691 1983 μείζοσι
2721 1910 3020 1982 κεχρῆσθαι
3049 1912 3169 1970 ταῖς
3195 1909 3429 1977 φωναῖς
3466 1905 3680 1959 ποιοῦσι

2097 2001 2152 2055 δὲ
2201 2002 2333 2056 αὐτὸ
2381 2004 2647 2074 μάλιστα,
2705 2003 2923 2056 ἐπειδὰν
2973 2000 3240 2072 συμϐαίνῃ
3292 1999 3388 2053 καὶ
3439 1997 3680 2070 π[ε]ινᾷν

2097 2089 2383 2162 δεχθέντας
2427 2095 2665 2166 τροφῆς·
2720 2093 2959 2148 τοιοῦτόν
3023 2110 3076 2147 τι
3129 2092 3257 2163 περὶ
3305 2090 3414 2144 τῶν
3469 2089 3681 2161 ἐχθρῶν

2099 2200 2231 2253 φησι
2255 2202 2268 2216 ·
2299 2186 2848 2258 Μεταστραφήτωσαν
2881 2185 2988 2238 ἀπὸ
3013 2185 3110 2255 τῆς
3138 2182 3232 2236 νῦν
3261 2181 3568 2252 εὐπραγίας
3601 2183 3680 2244 είς

2095 2272 2157 2324 τὸ
2189 2277 2369 2345 χεῖρον
2401 2279 2466 2346 τῇ
2513 2276 2664 2348 παρά
2709 2274 2803 2329 σοῦ
2836 2275 3106 2346 τιμωρίᾳ·
3142 2274 3238 2327 καὶ
3269 2271 3458 2341 ὥσπερ
3492 2270 3676 2335 κύνες,

2096 2362 2237 2414 κατά
2262 2361 2352 2415 τὸν
2372 2363 2562 2435 καιρὸν
2608 2364 2709 2434 τῆς
2748 2365 2939 2427 νυκτὸς
2973 2365 3077 2417 ὑπὸ
3114 2362 3274 2434 λιμοῦ
3308 2361 3677 2432 συνεχόμενοι,

2097 2451 2281 2522 κύκλῳ
2302 2452 2530 2522 βοῶντες
2549 2455 2647 2526 τὴν
2673 2455 2826 2509 πόλιν
2853 2453 3189 2525 ἐκπεριίασιν
3205 2470 3218 2484 ·
3241 2453 3384 2506 οὕτω
3411 2454 3507 2507 καὶ
3533 2444 3678 2506 οῦτοι

2094 2546 2160 2615 τῇ
2190 2544 2342 2618 παρὰ
2365 2546 2458 2598 σοῦ
2495 2546 2736 2617 τιμωρίᾳ
2773 2545 3069 2615 πληγέντες
3099 2543 3499 2608 ὀλολυζέτωσαν
3520 2543 3679 2614 ὅμοια

2093 2637 2208 2698 τοῖς
2231 2637 2416 2690 κυσίν·
2447 2637 2587 2690 ὥστε
2631 2638 2728 2691 καὶ
2770 2641 2837 2709 τῇ
2869 2640 3019 2708 φωνῇ
3059 2635 3170 2690 τῶν
3210 2633 3524 2706 ὀλολυγμῶν
3557 2635 3682 2704 φαί-

2094 2727 2280 2781 νεσθαι
2311 2729 2412 2800 τῆς
2441 2730 2711 2802 τιμωρίας
2739 2747 2832 2782 σου
2863 2730 2964 2800 τῆς
3000 2731 3078 2792 εἰς
3103 2728 3299 2791 αὐτοὺς
3337 2727 3399 2780 τὸ
3427 2727 3677 2798 μέγεθος.

2095 2823 2206 2893 Τὴν
2235 2821 2291 2876 δὲ
2325 2823 2622 2895 ἐναλλαγὴν
2658 2823 2750 2876 τοῦ
2783 2824 2973 2893 χρόνου
3006 2823 3244 2877 δείκνυσι
3275 2820 3572 2893 Σύμμαχος
3599 2823 3679 2875 εἰ·

2095 2911 2233 2978 πὼν,
2275 2913 2846 2983 Ἐπιστρεψάτωσαν
2880 2917 2968 2981 εἰς
3001 2913 3287 2983 ἑσπέραν.

2149 3005 2297 3078 Στίχ.
2313 3012 2458 3077 η’.-
2471 3008 2792 3077 Θεοδώρου.
2808 3007 3101 3062 Κάνταῦθα
3111 3006 3362 3075 τδ,ἰδοὺ,
3381 3004 3673 3077 προσέρρι-

406 3101 596 3173 phrasi
627 3098 876 3153 Ilehraea.
911 3091 1275 3165 Symmachus
1320 3103 1452 3143 vero
1496 3088 1577 3140 ait
1606 3104 1621 3141 :
1652 3081 1766 3152 Ipsi
1811 3090 1985 3135 autem

2092 3113 2221 3152 πται
2236 3098 2344 3155 ἀπὸ
2361 3097 2457 3154 τοῦ
2468 3098 2753 3171 Ἐὅραῖκοῦ
2772 3098 3080 3170 ἰδιώματος.
3100 3098 3391 3170 Σύμμαχος
3405 3097 3462 3154 δέ
3479 3114 3645 3168 φησιν
3658 3113 3674 3128 ·

405 3169 720 3260 singultiunt
750 3185 1076 3241 comedentes
1106 3197 1193 3234 ore
1215 3195 1332 3245 suo,
1358 3187 1407 3231 et
1426 3175 1581 3248 quasi
1604 3169 1990 3244 gladiostlabiis

405 3283 517 3337 suis
550 3279 855 3355 [egerunt].
885 3276 1025 3331 Nam
1049 3283 1102 3330 et
1133 3273 1223 3327 hic
1246 3283 1464 3340 tempus
1490 3265 1824 3328 immutavit,
1863 3276 1990 3317 cum

404 3378 653 3432 futurum
688 3386 787 3444 pro
818 3367 1074 3440 praesenti
1106 3364 1267 3419 dixit.
1303 3361 1412 3432 Ipsi
1447 3358 1618 3423 enim,
1655 3355 1854 3425 inquit,
1895 3369 1991 3438 per

402 3486 467 3525 0s
504 3483 664 3522 suum
710 3473 767 3520 et
815 3478 910 3534 per
955 3461 1096 3514 labia
1137 3472 1238 3513 sua
1283 3456 1589 3524 loquuntur
1633 3447 1800 3502 verba
1835 3447 1989 3500 omni

403 3557 587 3630 gladio
635 3557 843 3626 pejora,
891 3560 946 3606 et
985 3563 1107 3618 quae
1145 3544 1295 3601 omni
1330 3558 1464 3598 ense
1495 3538 1739 3593 atrocius
1772 3535 1990 3589 valeant

403 3623 711 3704 vulnerare.
739 3645 1006 3712 Quoniam
1025 3640 1144 3710 quis
1171 3636 1371 3690 audivit
1392 3637 1416 3690 1’
1445 3632 1499 3687 id
1519 3639 1622 3696 est,
1644 3627 1834 3683 Nemo.
1853 3623 1989 3680 Por—

402 3757 464 3795 ro
507 3740 598 3793 hic
648 3739 812 3793 etiam
858 3750 963 3789 vox
1007 3732 1240 3785 dicentes
1293 3724 1648 3787 subauditur,
1689 3717 1848 3788 quasi
1890 3731 1986 3786 per

402 3832 746 3887 reticentiam
775 3826 1062 3896 Propheta:
1092 3823 1276 3888 dicta;
1308 3818 1455 3874 sicut
1481 3815 1647 3871 etiam
1680 3813 1735 3866 in
1773 3810 1986 3880 psalmo

403 3924 644 3980 secundo
684 3921 831 3976 istud
865 3939 878 3974 :
915 3918 1209 3973 Astiterunt
1245 3927 1388 3982 reges
1423 3919 1602 3972 terra',
1641 3913 1693 3960 et
1721 3901 1984 3972 principes

401 4023 747 4071 convenerunt
794 4013 850 4066 in
894 4025 1080 4073 unum,
1142 4005 1394 4060 adversus
1447 3999 1757 4059 Dominum,
1798 4003 1848 4048 et
1887 3992 1984 4045 ad-

403 4125 578 4163 versus
625 4107 893 4162 Christum
931 4105 1065 4172 eius.
1119 4101 1499 4170 Dirumpamus
1534 4090 1746 4146 vincula
1778 4101 1980 4146 eorum,

401 4213 451 4256 et
486 4201 832 4270 projiciamus
861 4217 892 4251 tt
923 4197 1072 4252 nobis
1104 4196 1292 4266 jugum
1334 4196 1569 4262 ipsorum
1601 4202 1619 4241 :
1650 4199 1775 4239 nam
1816 4180 1979 4236 etiam

403 4295 478 4350 ibi
539 4310 635 4364 per
686 4292 1031 4346 reticentiam
1099 4287 1428 4343 subauditur
1473 4298 1574 4336 vox
1621 4277 1872 4337 dicentes,
1921 4277 1980 4323 ut

402 4402 601 4444 sensus
645 4386 735 4449 sit,
777 4384 1047 4448 dicentes,
1082 4380 1459 4448 Dirumpamus
1497 4373 1710 4429 vincula
1741 4383 1922 4424 eorum
1957 4378 1976 4416 :

401 4480 476 4534 ita
517 4481 682 4534 etiam
715 4478 824 4540 Inc,
859 4473 995 4528 Ecce
1016 4473 1117 4542 ipsi
1142 4477 1419 4541 loquentur
1442 4469 1497 4521 in
1527 4481 1617 4520 ore
1640 4479 1757 4526 suo,
1787 4472 1835 4516 et
1855 4461 1975 4530 gla-

399 4570 517 4622 dius
547 4569 600 4621 in
631 4567 789 4619 labiis
831 4581 1010 4618 eorum
1045 4577 1062 4614 :
1116 4561 1365 4630 quoniam
1415 4559 1536 4628 quis
1582 4554 1826 4608 audivit?
1863 4551 1976 4605 Ex-

402 4659 650 4727 pressius
714 4664 895 4708 autem
946 4653 1000 4706 in
1044 4652 1256 4721 psalmo
1309 4646 1732 4718 quadragesimo
1777 4651 1976 4713 quarto

399 4748 809 4810 adnotavimus,
840 4745 985 4798 sicut
1013 4739 1359 4796 consuetudo
1386 4746 1472 4792 est
1493 4735 1801 4804 PrOphetaa,
1828 4731 1974 4786 istud

397 4841 536 4894 dixit
579 4851 634 4894 et
676 4839 874 4900 dicens,
917 4843 972 4890 et
1011 4833 1058 4890 si
1083 4831 1216 4902 quid
1243 4833 1316 4886 sit
1351 4826 1685 4893 istiusmodi,
1721 4839 1819 4894 per
1851 4823 1978 4878 reti-

396 4932 635 4988 centiam
656 4929 807 5000 poni.
845 4926 973 4980 Vult
999 4925 1145 4980 enim
1176 4922 1244 4977 de
1278 4921 1417 4991 ipsis
1451 4918 1656 4981 dicere,
1709 4915 1870 4988 quasi
1890 4913 1974 4968 di-

396 5032 564 5079 cant:
605 5022 827 5076 Minime
866 5016 1194 5087 supplicium
1247 5011 1685 5076 formidavimus,
1734 5009 1829 5065 sed
1872 5024 1974 5078 pro

397 5116 541 5169 virili
583 5115 638 5168 in
676 5115 826 5182 ipsos
869 5109 1154 5170 irruimus,
1195 5120 1292 5161 eos
1334 5103 1651 5159 occidentes
1675 5110 1730 5156 et
1764 5101 1973 5154 interti-

395 5207 604 5262 cientes
639 5222 653 5260 :
688 5204 818 5257 dum
853 5201 999 5256 enim
1043 5199 1207 5253 etiam
1252 5195 1421 5248 multa
1473 5193 1580 5247 alia
1621 5191 1968 5252 fecissemus,

392 5296 521 5364 quis
557 5293 766 5348 audivit
791 5306 886 5346 eos
919 5286 1237 5361 gementes?
1270 5285 1357 5339 vel
1388 5281 1624 5339 attendit
1658 5281 1793 5351 ipsis
1826 5280 1972 5348 inju-

396 5389 477 5441 ria
511 5384 830 5455 oppressis?
860 5383 942 5438 vel
965 5383 1091 5452 quis
1119 5382 1264 5436 ullus
1289 5389 1374 5435 est
1403 5375 1825 5432 interfectores?
1849 5374 1970 5430 Non

392 5477 554 5545 quasi
582 5477 697 5529 hinc
739 5474 965 5526 omnino
993 5472 1235 5527 dixerint
1275 5470 1518 5534 inimici,
1557 5469 1653 5523 sed
1682 5484 1713 5523 a
1754 5483 1812 5523 re
1850 5468 1970 5537 ipsa

394 5584 498 5639 pro
542 5582 642 5619 sua
695 5564 1098 5620 consuetudine
1153 5565 1298 5620 istud
1338 5564 1474 5617 dixit
1509 5577 1754 5632 ponens;
1791 5561 1970 5617 simile

390 5658 540 5717 enim
559 5663 642 5714 est
665 5656 778 5721 isti,
803 5655 948 5709 Dixit
971 5657 1108 5712 enim
1130 5659 1184 5712 in
1211 5657 1370 5713 corde
1397 5674 1492 5715 suo
1510 5672 1528 5713 :
1545 5657 1669 5714 Non
1702 5657 1960 5726 requiret;

2087 3187 2264 3244 Αὐτοὶ
2294 3190 2413 3260 μὲν
2450 3190 2855 3251 ἀποϐλύζουσι
2903 3190 3029 3257 τοῖς
3071 3193 3372 3260 στόμασιν
3423 3187 3674 3253 ἑαυτῶν,

2091 3281 2190 3334 καὶ
2225 3282 2307 3347 ὡς
2329 3282 2630 3351 μαχαίρας
2663 3280 2788 3347 τοῖς
2828 3282 3101 3350 χείλεσιν
3127 3278 3346 3335 αὐτῶν.
3384 3276 3677 3332 Κάνταῦθα

2090 3371 2198 3443 γὰρ
2241 3371 2495 3442 ἐνήλλαξε
2533 3370 2626 3423 τὸν
2678 3369 2889 3441 χρόνον,
2949 3369 3210 3439 μέλλοντα
3263 3366 3503 3439 είρηκὼς
3556 3363 3676 3420 ἀντὶ

2087 3457 2182 3510 τοῦ
2215 3457 2523 3521 ἐνεστῶτος.
2553 3458 2719 3511 Αὐτοὶ
2750 3457 2878 3530 γὰρ,
2906 3457 3060 3528 φησὶ,
3101 3457 3428 3526 φθέγγονται
3458 3457 3674 3527 ῥήματα

2087 3547 2174 3602 διά
2198 3547 2292 3601 τοῦ
2324 3548 2588 3618 στόματος
2615 3547 2792 3602 αὐτῶν
2825 3548 2920 3602 καὶ
2956 3547 3064 3600 τῶν
3092 3547 3318 3617 χειλέων
3345 3547 3528 3617 πάσης
3563 3545 3673 3616 χεί-

2090 3656 2220 3711 ρονα
2250 3639 2541 3711 μαχαίρας,
2573 3639 2665 3693 καὶ
2694 3639 2890 3702 παντὸς
2913 3637 3098 3707 ξίφους
3123 3637 3484 3708 εὐτονώτερον
3510 3637 3678 3710 πλήτ-

2086 3749 2198 3784 τειν
2230 3731 2520 3800 δυνάμενα.
2545 3731 2666 3784 Ὅτι
2695 3731 2786 3796 τίς
2816 3730 3125 3799 ἤκουσεν-ς
3162 3730 3283 3783 ἀντὶ
3311 3729 3427 3796 τοῦ,
3462 3729 3673 3795 Οὐδείς.

2090 3824 2243 3877 Ἔστι
2284 3823 2341 3877 δὲ
2376 3822 2654 3878 κάνταῦθα
2700 3822 2780 3886 τὸ,
2811 3821 3079 3890 λέγοντες,
3108 3821 3215 3876 ἀπὸ
3242 3821 3421 3876 κοινοῦ
3453 3821 3678 3893 νοούμε-

2086 3937 2194 3983 νον,
2227 3921 2304 3982 ώς
2351 3919 2490 3972 κατὰ
2540 3917 2916 3989 ἀποσιώπησιν
2960 3919 3246 3990 εἰρημένον
3278 3920 3356 3990 τῷ
3383 3919 3670 3994 προφήτῃ·

2084 4011 2195 4069 οἷον
2225 4017 2317 4069 καὶ
2352 4017 2412 4069 ὲν
2457 4015 2535 4085 τῷ
2571 4015 2804 4086 δευτέρῳ
2835 4015 3033 4087 ψαλμῷ
3069 4015 3149 4080 τὸ,
3183 4015 3584 4084 Παρέστησαν
3617 4016 3674 4068 οι

2078 4112 2361 4178 βασιλεῖς
2392 4111 2504 4179 τῆς
2536 4111 2669 4182 γῆς,
2707 4113 2806 4166 καὶ
2841 4117 2894 4167 οἱ
2937 4113 3224 4183 ἄρχοντες
3267 4111 3674 4181 συνήχθησαν

2083 4212 2179 4263 ἐπὶ
2227 4211 2294 4263 τι)
2327 4208 2474 4263 αὑτό
2503 4193 2660 4264 κατὰ
2689 4210 2798 4264 τοῦ
2835 4211 3058 4278 Κυρίου
3085 4210 3180 4263 καὶ
3211 4206 3362 4262 κατὰ
3395 4207 3502 4261 τοῦ
3532 4209 3671 4275 Χρι-

2082 4307 2234 4361 στοῦ
2269 4305 2480 4361 αὐτοῦ’
2509 4305 2927 4375 Διαρῤήξωμεν
2965 4303 3108 4370 τοὺς
3139 4303 3402 4373 δεσμοὺς
3448 4301 3671 4370 αὐτῶν,

2011 4426 2054 4480 ι)
2084 4404 2183 4458 καὶ
2231 4405 2658 4474 ἀπορῤἰψωμεν
2708 4403 2808 4473 ἀφ’
2853 4400 3023 4472 ἡμῶν
3066 4401 3174 4455 τὸν
3219 4400 3396 4472 ζυγὸν
3431 4399 3666 4455 αὐτῶν·

2076 4500 2185 4553 ἀπὺ
2213 4500 2393 4554 κοινοῦ
2422 4501 2531 4573 γὰρ
2563 4502 2745 4568 κάκεῖ,
2763 4499 2904 4553 κατὰ
2947 4498 3324 4568 ἀποσιώπησιν
3363 4501 3562 4552 νοεῖται
3585 4501 3670 4564 τὸ,

2075 4596 2323 4666 λέγοντες
2345 4615 2359 4628 ο
2413 4597 2500 4651 ἵνα
2623 4596 2905 4664 Λέγοντες⁹
2938 4595 3357 4664 Διαρῤήξωμεν
3397 4597 3534 4660 τοὺς
3575 4593 3665 4648 δε-

2075 4694 2271 4763 σμοὺς
2315 4693 2533 4750 αὐτῶν.
2578 4693 2763 4757 Οὕτως
2814 4689 2906 4747 οῦν
2961 4692 3273 4758 κάνταῦθα,
3315 4692 3462 4748 Ἰδοὺ
3497 4694 3671 4748 αὐτοὶ

2075 4791 2550 4862 ἀποφθέγξονται
2577 4791 2648 4844 ἐν
2671 4788 2751 4855 τῷ
2772 4791 3023 4860 στόματι
3041 4787 3260 4853 αὐτῶν,
3280 4787 3382 4842 καὶ
3397 4788 3672 4858 ῥομφαία

2072 4888 2145 4942 ἐν
2176 4887 2302 4956 τοῖς
2329 4889 2605 4959 χείλεσιν
2635 4885 2864 4942 αὐτῶνθ
2897 4887 2988 4942 ὅτι
3016 4887 3108 4952 τις
3134 4885 3443 4954 ἦκουσεν;
3486 4886 3673 4957 ’Δκρι-

2074 4983 2328 5056 σέστερον
2373 4984 2429 5036 δὲ
2470 4985 2528 5036 ὲν
2570 4982 2650 5054 τῷ
2691 4982 2771 5053 μδ⁹
3063 4980 3560 5052 ὲπεσημηνάμεθα,
3591 4981 3674 5044 ὡς,

2071 5080 2192 5144 ἔθος
2217 5081 2296 5151 τῷ
2321 5081 2594 5152 προφήτῃ.
2617 5079 2697 5143 τὸ,
2724 5079 2880 5146 Εἰπὲ,
2903 5079 3016 5143 καὶ,
3046 5079 3252 5148 Λέγων,
3283 5079 3376 5131 καὶ
3403 5077 3458 5130 εἴ
3482 5095 3535 5132 τι
3558 5094 3677 5130 τοι-

2069 5177 2244 5243 οῦτον,
2269 5176 2409 5232 κατά
2431 5174 2808 5246 ἀποσιώπησιν
2847 5175 3073 5229 τιθέναι.
3099 5173 3352 5227 Βούλεται
3389 5173 3498 5244 γὰρ
3537 5175 3680 5245 περὶ

2069 5275 2250 5330 αὐτῶν
2269 5276 2461 5338 εἰπεῖν,
2480 5273 2561 5326 ὅτι
2574 5272 2755 5342 φασίψ
2772 5273 2846 5325 Οὐ
2860 5272 3104 5344 προσῆκε
3121 5272 3349 5326 δεδιέναι
3370 5271 3675 5341 τιμωρίαν,

2069 5371 2186 5423 ἀλλ’
2218 5369 2499 5441 έπιϐὦμεν
2541 5369 2723 5432 αὐτοῖς
2757 5369 2856 5439 ὅση
2895 5367 3149 5438 δύναμις,
3187 5366 3536 5436 ἀναιροῦντες
3570 5366 3678 5420 καὶ

2069 5467 2541 5537 κατασφάττοντες
2563 5479 2580 5495 ο
2609 5465 2781 5518 πολλά
2813 5465 2923 5535 γὰρ
2954 5465 3049 5518 καὶ
3088 5465 3252 5535 ἕτερα
3285 5463 3679 5533 πεποιηκότων

2068 5567 2102 5635 ἠ
2113 5565 2248 5634 μῶν,
2266 5564 2347 5628 τίς
2362 5565 2495 5634 ήκου
2503 5579 2593 5616 σεν
2607 5561 2787 5615 αὐτῶν
2802 5559 3163 5623 στεναζόντων
3178 5576 3192 5625 ;
3211 5559 3244 5630 ἢ
3261 5559 3342 5622 τίς
3359 5557 3680 5629 προσέσχεν

2070 5662 2250 5724 αὐτοῖς
2278 5659 2682 5729 ἀδικουμένοις;
2719 5657 2752 5728 ἦ
2785 5657 2867 5721 τίς
2893 5657 3168 5728 ἐπήμυνεν
3209 5653 3681 5725 ἀναιρουμένοις;
3741 5695 3772 5710 ς
