3974 6146
305 344 399 409 68!

1519 342 1888 407 EXPOSITIO
1927 349 1995 406 IN
2024 347 2364 411 PSALMOS.

3468 363 3573 419 63!

302 470 411 540 υύχ
456 467 541 521 δτι
570 463 731 520 τοῦτο
777 463 964 534 ἔλεγον
1007 462 1226 530 πάντως
1272 466 1323 520 οἱ
1366 467 1584 539 exepu-
1631 466 1748 520 ἀλλ’
1785 466 1887 520 ἀπὸ

1996 480 2051 524 et
2084 469 2196 535 isti,
2230 469 2371 538 Qui:
2411 472 2607 526 videbit
2630 488 2722 527 eos
2747 473 2927 546 (Paul.
2957 473 3235 544 utit,6)?
3268 472 3411 530 idem
3427 464 3576 531 enim

300 556 390 617 τοῦ
418 559 753 632 πράγματος
798 556 941 612 κατά
981 557 1045 611 τὸ
1090 558 1290 612 οἰκεῖον
1316 556 1439 621 εθος
1476 558 1537 611 τὺ
1569 553 1701 612 εἶπε
1722 558 1897 611 τεθει-

303 652 405 717 κώς
425 668 441 682 ο
470 651 658 722 ὅμοιον
685 649 796 720 γάρ
830 648 948 702 ἐστι
986 646 1085 718 τῷ,
1113 643 1261 702 Εἶχε
1290 646 1402 717 τὰρ
1427 646 1498 702 ἐν
1529 648 1748 716 καρδίᾳ
1790 650 1899 701 αὑ-

1999 562 2104 616 hoe
2144 562 2266 619 loco
2292 563 2407 619 vult
2435 564 2636 621 dicere.
2680 564 2956 633 Quoniam
2981 568 3064 624 sic
3084 567 3269 622 omnia
3299 577 3489 636 agunt,
3516 582 3581 622 ac

1996 654 2042 707 si
2076 668 2237 711 nemo
2263 656 2496 722 audiret,
2516 660 2598 715 vel
2616 652 2804 715 cura'm
2833 668 3047 730 gereret
3071 662 3262 717 eorum
3281 676 3403 732 qua:
3420 660 3580 715 tium.

300 743 424 811 rei},
454 746 572 799 οὐκ
596 739 941 810 ἐκζητήσει·
975 741 1069 794 καὶ
1108 738 1189 810 τῷ
1213 777 1230 804 ,
1266 736 1460 793 Εἶπον
1479 755 1497 772 ·
1553 737 1655 805 Τίς
1685 740 1887 808 ὄψεται

1997 743 2283 816 Proprium
2300 757 2482 805 autem
2495 760 2579 805 est
2592 751 2735 806 beati
2749 750 2968 809 Davidis
2980 754 3052 809 ob
3062 753 3168 809 hoc
3181 752 3417 832 maxime
3431 767 3593 821 roga-

294 837 544 902 ’ᾱῠτούσ
573 835 649 888 Τδ
677 832 810 889 αὑτὸ
832 834 947 905 γὰρ
967 832 1250 887 κάνταῦθα
1272 833 1447 886 εἰπεῖν
1470 830 1736 902 βούλεται.
1770 832 1895 884 Ὅτι

294 926 467 991 ὀὑτως
493 926 713 981 ἃπαντα
743 925 1096 997 πράττουσιν,
1125 922 1201 987 ὡς
1224 922 1326 977 οὑκ
1343 920 1633 985 ἀκούοντος
1655 917 1892 984 οὐδενὸς,

299 1020 413 1075 eos;
476 1018 858 1090 φροντίζοντος
903 1017 1014 1071 τῶν
1072 1015 1429 1087 γιγνομὲνων.
1482 1012 1642 1068 Ἶδιον
1684 1011 1745 1067 δὲ
1799 1011 1890 1066 τοῦ

302 1111 573 1185 μακαρίου
595 1109 761 1164 Δασὶδ
780 1109 842 1163 τὸ
867 1109 957 1164 διὰ
979 1106 1138 1161 τοῦτο
1171 1107 1404 1176 μάλιστα
1430 1107 1602 1160 αίτεῖν
1630 1103 1726 1158 τοῦ
1751 1103 1889 1158 Θεοῦ

298 1205 389 1276 τὴν
418 1203 568 1257 κατά
609 1202 718 1256 τῶν
749 1200 1173 1271 ἁμαρτανόντων
1205 1198 1504 1270 τιμωρίαν’
1545 1196 1635 1252 διὰ
1680 1196 1743 1250 τὸ
1781 1196 1892 1251 τῶν

301 1292 513 1348 πολλῶν
538 1294 599 1347 ἐν
626 1294 747 1356 ταῖς
772 1290 1011 1353 ἀδικίαις
1041 1288 1382 1359 αἰτιωμένων
1412 1288 1505 1342 τὸν
1532 1286 1686 1352 Θεὸν,
1722 1286 1800 1350 ὡς
1827 1284 1889 1339 οὑ

300 1385 635 1458 προνοοῦντα
691 1382 785 1437 τὸν
812 1382 1121 1451 Δεσπότην·
1176 1376 1365 1452 ὥσπερ
1418 1380 1528 1450 γὰρ
1576 1376 1893 1441 ἀδικοῦντες

299 1478 387 1532 καὶ
415 1478 724 1546 πάσχοντες
755 1474 929 1538 οὐδὲν,
961 1472 1220 1543 τοιαύτην
1250 1474 1363 1536 τοῖς
1388 1471 1602 1534 πολλοῖς
1628 1469 1727 1542 τὴν
1759 1469 1890 1522 ὑπό-

298 1584 441 1622 νοιαν
487 1567 848 1639 ἐργάζονταιν
884 1563 1027 1618 οὕτω
1071 1563 1495 1635 τιμωρούμενοι,
1540 1563 1603 1617 τὸ
1645 1561 1888 1615 ἐναντίον

300 1664 504 1726 πάντας
548 1659 874 1715 ὑποπτεύειν
920 1656 1417 1728 παρασκευάζουσι.
1471 1654 1752 1707 Δείκνυσιν
1794 1648 1888 1707 οὖν

1992 850 2053 889 re
2069 834 2260 902 Deum,
2280 846 2342 892 ut
2358 849 2677 908 peccatores
2701 841 2925 912 puniat;
2954 843 3081 913 quia
3106 844 3331 914 plurimi
3363 843 3582 913 injuriis

1999 924 2181 981 electi
2211 926 2472 984 incusant
2503 929 2693 995 Deum,
2721 944 2785 985 ac
2813 931 2861 987 si
2891 932 3119 987 minime
3139 933 3404 1003 providus
3434 940 3583 988 esset

1997 1012 2267 1074 Dominus
2304 1036 2317 1072 :
2361 1020 2505 1075 sicut
2541 1021 2712 1085 enim.
2752 1022 2883 1077 dum
2914 1022 3259 1094 iniquitatem
3290 1024 3578 1088 facientes,

1999 1108 2132 1162 nihil
2156 1110 2462 1178 patiuntur,
2503 1112 2819 1168 istiusmodi
2850 1113 3167 1184 opinionem
3205 1115 3458 1186 plurimis
3490 1117 3580 1171 in-

1996 1211 2232 1272 gerunt;
2294 1203 2368 1257 ita
2422 1204 2553 1260 dum
2601 1206 2931 1276 puniuntur,
2983 1221 3176 1264 omnes
3236 1209 3580 1265 contrarium

1993 1291 2210 1349 iaciunt
2242 1296 2480 1366 opinari.
2533 1295 2789 1353 Ostendit
2825 1299 3014 1370 itaque
3044 1315 3103 1356 se
3133 1314 3245 1355 non
3274 1300 3400 1357 ideo
3431 1301 3581 1371 quod

1993 1382 2204 1452 aliquid
2234 1386 2498 1457 patiatur,
2546 1387 2767 1459 exigere
2805 1397 2865 1443 ut
2897 1388 2966 1445 de
2995 1388 3255 1458 iniuriam
3287 1389 3582 1461 irr’ogauti-

1995 1474 2100 1530 bus
2134 1476 2466 1547 supplicium
2490 1488 2765 1546 sumatur,
2809 1479 2903 1537 sed
2941 1489 3000 1535 ut
3030 1480 3353 1536 hominibus
3384 1480 3581 1536 exinde

1996 1567 2191 1621 melior
2232 1568 2300 1623 de
2352 1568 2462 1626 Deo
2505 1573 2696 1642 opinio
2744 1573 3049 1644 ingeratur,
3089 1573 3298 1629 docens
3350 1588 3471 1635 nos,
3521 1579 3581 1627 ut

1994 1658 2181 1712 omnia
2211 1659 2281 1715 ad
2309 1659 2405 1716 Dei
2434 1663 2665 1733 gloriam
2694 1665 2957 1736 perlicere
2990 1676 3329 1737 satagamus.

298 1742 574 1809 ἐαυτὸνόὑ
604 1750 696 1804 διὰ
726 1748 788 1802 τό
827 1765 881 1800 τι
912 1746 1123 1811 παθεῖν,
1154 1745 1247 1799 τὸν
1292 1745 1435 1799 κατά
1478 1743 1588 1797 τῶν
1625 1740 1952 1796 ἀδικούντων
1989 1746 2245 1803 αἰτοῦντα
2271 1752 2559 1826 τιμωρίαν,
2584 1754 2701 1809 ἀλλ’
2747 1756 2886 1811 ὥστε
2946 1759 3231 1829 κρείττονα
3299 1758 3428 1825 περὶ
3482 1756 3578 1809 τοῦ

301 1841 428 1897 Θεοῦ
493 1845 605 1904 τοῖς
646 1838 955 1911 ἀνθρώποις
1009 1836 1260 1891 ἐντεῦθεν
1304 1834 1622 1905 ἐγγενέσθαι
1670 1832 1770 1904 τὴν
1809 1832 2097 1905 ὑπόληψιν,
2173 1840 2322 1911 ἡμᾶς
2394 1844 2701 1912 “magal”,
2740 1846 2829 1901 διὰ
2871 1847 3091 1902 πάντων
3139 1848 3201 1901 τὸ
3240 1848 3377 1918 πρὸς
3419 1844 3580 1913 δόξαν

295 1936 445 2011 Θεοῦ-ί
460 1932 751 1990 συντελοῦν
784 1930 1087 2004 ἐπιζητεῖν.

368 2030 514 2102 Στίχ.
548 2029 634 2100 ιβ’.
651 2028 882 2092 -,Κατ’
902 2024 1171 2098 ἐρώτησιν
1191 2024 1589 2094 ἀναγνωστέον.
1606 2022 1750 2077 Ἀντὶ
1771 2019 1886 2075 τοῦ·

2062 2016 2227 2079 Vens.
2272 2023 2361 2080 l2.
2381 2057 2452 2068 -
2474 2025 2575 2083 Per
2600 2028 3090 2100 interrogationem
3115 2029 3223 2087 hoc
3257 2031 3575 2103 legendum.

300 2118 502 2179 Ἀλλ-ὀὑ
524 2121 599 2194 μὴ
615 2119 812 2184 αὑτοὺς
827 2116 1321 2192 ἀποκτείνῃςὼστε
1338 2117 1412 2188 μὴ
1428 2115 1776 2170 ἐπιλαθέσθαι
1792 2110 1888 2166 τοῦ

303 2219 462 2287 νόμου
489 2233 581 2270 σου
600 2231 615 2281 ;
635 2214 807 2277 ὥστε,
831 2212 1018 2285 φησιν,
1040 2210 1166 2265 οὑτε
1181 2210 1271 2265 διά
1294 2210 1452 2266 τοῦτο
1474 2205 1586 2264 οἷόν
1607 2225 1665 2262 τε
1691 2208 1889 2271 αὑτοὺς

303 2326 362 2362 κε
372 2309 552 2378 ρδάναι
579 2306 680 2377 τὴν
701 2304 994 2376 τιμωρίαν.
1022 2304 1087 2357 '0
1110 2302 1166 2357 δέ
1182 2302 1329 2372 λέγει
1348 2300 1589 2355 τοιοῦτόν
1610 2302 1747 2354 ἐστιε
1772 2296 1889 2371 Πρὸ

303 2400 400 2472 τῆς
431 2399 525 2454 τοῦ
559 2397 827 2451 Δεσπότου
857 2392 1096 2468 Χριστοῦ
1125 2395 1428 2467 παρουσίας
1456 2393 1555 2466 τὴν
1580 2393 1887 2465 προσήκου-

306 2508 427 2558 σαν,
458 2492 555 2545 καὶ
603 2488 815 2542 τελείαν
856 2488 1039 2541 πίστιν
1077 2486 1209 2557 περὶ
1259 2484 1362 2555 τῆς
1403 2483 1753 2546 ἀναστάσεως
1787 2481 1889 2534 οὐκ

308 2584 551 2655 ἔχοντες,
568 2582 807 2655 ’ἡγοῦντο
838 2582 958 2645 τοὺς
986 2560 1353 2642 τελευτάντας
1377 2577 1657 2641 παντελῶς
1684 2576 1780 2630 τοῦ
1807 2571 1886 2628 εἴ·

310 2690 405 2730 ναι
435 2676 588 2737 ἐκτὸς
617 2672 877 2743 γίνεσθαι,
918 2673 1008 2727 καὶ
1056 2672 1132 2745 μὴ
1182 2671 1441 2726 δύνασθαι
1488 2670 1647 2740 λόγον
1686 2668 1808 2723 τινὰ
1849 2668 1884 2741 ἢ

312 2768 538 2839 μνήμην
569 2764 704 2819 Θεοῦ
748 2764 918 2835 ἔχειν’·
947 2764 1037 2819 διὰ
1076 2762 1236 2818 τοῦτό
1264 2763 1398 2834 φησί
1442 2780 1572 2827 που,
1599 2761 1726 2815 Ὅτι
1774 2763 1888 2815 οὐκ

314 2856 480 2911 ἐστιν
527 2856 599 2909 ἐν
658 2853 736 2920 τῷ
764 2848 1017 2920 ’θανάτῳ
1072 2856 1106 2909 d
1154 2855 1551 2925 μνημονεύων
1600 2866 1718 2908 σου
1741 2869 1754 2882 ·
1797 2852 1889 2907 καὶ

308 2947 558 3020 ἀλλαχοῦ,
588 2950 707 3017 Οὐχ
742 2949 798 3002 οἱ
836 2945 1037 3016 νεκροί
1080 2946 1372 3001 αίνέσωσι
1409 2962 1505 3013 σε,
1540 2947 1736 3015 Κύριε.
1777 2945 1888 2999 Καὶ

300 3040 437 3097 ὅλως
467 3039 665 3111 πολλὴν
702 3040 849 3094 ἐστιν
884 3039 1063 3110 εὑρεῖν
1088 3038 1294 3105 ταύτην
1340 3039 1441 3112 τὴν
1482 3039 1675 3111 χρῆσιν
1713 3040 1772 3091 ἐν
1819 3037 1885 3108 τῇ

298 3133 512 3203 Παλαιᾷ
535 3131 800 3204 Διαθήκῃ.
832 3130 1052 3200 Ἐπειδὴ
1075 3129 1254 3185 τοίνυν
1283 3130 1360 3194 ὡς
1395 3129 1503 3186 τῶν
1528 3129 1625 3201 μέν
1655 3127 1888 3184 ἐνταῦθα

299 3223 607 3296 ὑμνούντων
646 3223 735 3276 τὸν
773 3220 926 3288 Θεὸν,
948 3220 1057 3276 τῶν
1081 3222 1137 3276 δὲ
1171 3224 1235 3277 ἐκ
1266 3222 1375 3277 τῶν
1403 3220 1496 3275 τοῦ
1528 3221 1644 3292 βίου
1670 3219 1889 3291 γινομέ-

296 3335 423 3383 νων,
460 3314 583 3369 οὑδέ
630 3312 942 3386 μεμνῆσθαι
987 3311 1067 3367 ἔτι
1119 3312 1214 3367 τοῦ
1258 3313 1393 3367 Θεοῦ
1426 3308 1537 3366 οἶόν
1577 3329 1637 3366 τε
1682 3312 1885 3376 ὄντων,

294 3407 450 3464 τοῦτό
487 3423 687 3479 φησιν·
735 3404 876 3459 Ἀλλ’
918 3405 1019 3459 οὑκ
1068 3406 1385 3469 ἀποκτενεῖς
1431 3405 1649 3471 αὑτοὺς,
1696 3404 1884 3476 φησὶν,

292 3496 408 3554 ἀλλ’
433 3498 725 3572 ύπερθήσῃ
750 3496 847 3569 τὴν
870 3497 991 3550 κατ’
1017 3496 1195 3550 αὑτῶν
1226 3494 1516 3568 τιμωρίαν,
1547 3494 1621 3559 ὡς
1650 3495 1718 3549 ἂν
1750 3496 1886 3567 μήτε

290 3590 658 3654 ἀποθανόντες
692 3590 772 3653 εἰς
825 3588 998 3660 λήθην
1044 3588 1144 3660 τῆς
1196 3588 1297 3659 σῆς
1346 3587 1551 3641 ἔλθοιεν
1579 3586 1883 3657 δυνάμεως.

302 3682 452 3736 Ἀντί
481 3678 614 3734 τοῦ·
645 3678 758 3749 Οὑχ
789 3674 900 3732 οἷόν
930 3695 991 3731 τε
1034 3678 1158 3731 οὑδέ
1195 3678 1284 3732 διὰ
1311 3677 1468 3732 τοῦτο
1490 3676 1886 3731 ἀναϐάλλεσθαι

284 3775 385 3851 τὴν
418 3772 725 3845 τιμωρίαν·
758 3773 807 3825 εἰ
840 3771 939 3843 μὲν
964 3769 1424 3843 γὰρ,ἐμέμνηντό
1468 3786 1562 3824 σου
1596 3768 1697 3840 τῆς
1730 3768 1888 3823 δυνά-

289 3885 460 3940 μεως,
487 3866 587 3920 καὶ
615 3865 713 3936 τὴν
751 3863 951 3933 γνῶσιν
980 3859 1128 3935 εἶχον
1165 3865 1266 3935 τὴν
1310 3861 1430 3935 σὴν,
1474 3862 1569 3916 καὶ
1612 3862 1812 3934 ⁴ᾔδεσαν
1850 3862 1888 3918 ἃ

285 3959 575 4032 προσῆκον
611 3951 701 4027 ἦν,
750 3954 897 4017 εἰκὸς
939 3953 1027 4007 διὰ
1073 3952 1234 4006 τοῦτο
1283 3951 1595 4022 φείσασθαι,
1627 3951 1768 4005 ὥστε
1810 3949 1887 4023 μὴ

280 4050 674 4106 ἀποθανόντων
707 4045 806 4117 τὴν
842 4045 941 4118 σὴν
983 4038 1390 4115 περιαιρεθῆναι
1431 4044 1650 4115 μνήμην
1691 4041 1752 4109 ἐξ
1790 4042 1889 4096 αὑ-

278 4145 424 4197 τῶν·
470 4140 671 4211 ἐπειδὴ
707 4138 765 4192 δέ
793 4136 1045 4191 τοσοῦτον
1088 4134 1356 4207 ἀπέχουσι
1403 4134 1497 4189 τοῦ
1532 4135 1765 4190 ἐνταῦθά
1792 4151 1886 4189 σου

278 4234 680 4310 μνημονεύειν,
710 4230 852 4285 ὥστε
881 4232 958 4293 είς
996 4228 1058 4283 τὸ
1086 4229 1324 4283 ἐναντίον
1351 4227 1566 4283 ἅπαντα
1601 4227 1883 4301 πράττειν,

277 4330 376 4385 καὶ
418 4329 638 4383 ἀδικεῖν
676 4325 751 4389 ὼς
797 4324 897 4377 οὑκ
936 4321 1088 4386 ὄντος
1134 4320 1230 4375 τοῦ
1285 4319 1591 4391 ἐφεστῶτος
1634 4320 1712 4391 τῷ
1748 4318 1881 4392 βίῳο

274 4423 372 4477 καὶ
412 4418 795 4491 διακρίνοντος
842 4415 910 4469 τὰ
955 4411 1306 4485 πραττόμενα
1331 4451 1346 4476 ,
1403 4408 1627 4465 τοιαῦτα
1679 4410 1739 4464 δὲ
1793 4411 1888 4465 καὶ

276 4511 464 4584 λέγειν
508 4512 594 4573 ὡς
624 4506 801 4571 οὐδεὶς
829 4506 858 4559 ό
887 4503 1119 4567 ἀκούων,
1152 4501 1185 4572 ἢ
1233 4496 1533 4572 φροντίζων
1563 4499 1672 4554 τῶν
1699 4515 1888 4570 γιγνο-

273 4605 488 4678 μένων.
548 4601 661 4656 Καὶ
715 4599 817 4653 οὑκ
870 4595 1075 4650 ἔνεστιν
1123 4596 1304 4648 ἐκεῖνα
1353 4591 1667 4662 λογίσασθαι
1706 4590 1741 4645 ἀ
1787 4591 1889 4662 τῆς

1990 2110 2162 2179 Quasi
2192 2114 2344 2171 dicat
2373 2115 2673 2189 :Nunquid
2704 2121 2930 2177 occides
2974 2136 3091 2189 eos,
3131 2138 3201 2178 ne
3244 2125 3577 2182 obliviscan-

1991 2209 2082 2256 tur
2140 2203 2279 2276 legis
2319 2208 2460 2262 tuae?
2510 2210 2587 2264 ita
2645 2220 2728 2276 ut,
2786 2212 2991 2282 inquit,
3059 2228 3237 2284 neque
3280 2227 3577 2288 propterea

1990 2295 2207 2365 pessint
2240 2299 2500 2369 supplicii
2534 2301 2753 2357 lucrum
2783 2302 2988 2361 facere.
3029 2303 3185 2371 Quod
3219 2316 3403 2364 autem
3442 2311 3575 2366 dicit

1988 2394 2075 2443 est
2122 2387 2441 2448 istiusmodi
2478 2395 2665 2450 :Ante
2711 2394 2919 2452 Christi
2974 2394 3191 2453 Domini
3251 2401 3571 2463 adventum,

1989 2492 2117 2534 cum
2142 2496 2254 2536 non
2280 2482 2554 2540 haberent
2585 2485 2889 2555 perfectam
2925 2485 3088 2544 ﬁdem
3122 2490 3571 2553 resurrectionis,

1987 2571 2378 2630 existimabant
2412 2575 2705 2635 defunctos
2736 2580 2959 2649 penitus
3004 2581 3323 2646 anuihilari,
3373 2588 3429 2636 et
3463 2598 3572 2637 non

1987 2678 2155 2734 posse
2187 2668 2459 2723 rationem
2510 2669 2753 2740 aliquam
2807 2679 2903 2726 aut
2952 2674 3276 2729 memoriam
3322 2673 3415 2730 Dei
3471 2674 3573 2729 ha-

1988 2754 2157 2825 bere;
2189 2757 2402 2815 idcirco
2430 2759 2563 2815 alibi
2595 2760 2750 2827 dicit,
2778 2762 3047 2830 Quoniam
3072 2781 3176 2819 non
3214 2775 3294 2821 est
3324 2767 3381 2819 in
3404 2777 3575 2821 morte

1988 2848 2078 2918 qui
2118 2865 2319 2904 menter
2351 2854 2421 2906 sit
2464 2854 2543 2906 tui
2572 2852 2751 2913 (Psal.
2780 2869 2856 2921 vi,
2887 2856 2974 2927 6);
3020 2863 3076 2911 et
3130 2857 3241 2912 alio
3270 2858 3411 2921 loco,
3448 2856 3574 2912 Non

1988 2944 2189 2997 mortui
2229 2944 2525 2999 laudabunt
2565 2955 2633 3011 te,
2664 2946 2887 3002 Domine
2929 2947 3106 3019 (Psal.
3162 2964 3318 3012 cxm,
3349 2949 3459 3019 l7).
3505 2947 3575 3004 Et

1990 3035 2218 3089 omnino
2264 3033 2614 3110 frequentem
2658 3038 2715 3093 in
2749 3037 2933 3096 Veteri
2979 3037 3335 3096 Testamento
3382 3041 3576 3097 istius-

1990 3124 2138 3179 modi
2183 3142 2343 3183 usum
2380 3129 2644 3201 loquendi
2692 3133 2940 3205 reperire
2986 3132 3136 3188 licet.
3178 3131 3348 3200 Quasi
3391 3135 3577 3206 itaque

1986 3216 2068 3271 illi
2114 3219 2208 3288 qui
2251 3219 2341 3276 hic
2392 3230 2524 3278 sunt
2558 3222 2732 3281 Deum
2780 3224 3094 3290 laudarent,
3137 3225 3193 3281 hi
3234 3241 3370 3281 vero
3407 3227 3502 3298 qui
3544 3241 3577 3282 e

1988 3308 2134 3365 vivis
2182 3323 2545 3369 excesserunt
2591 3331 2662 3371 ne
2709 3317 3034 3371 memoriam
3066 3317 3288 3386 quidem
3326 3317 3418 3370 Dei
3457 3332 3578 3370 am-

1988 3400 2135 3472 plius
2163 3402 2371 3461 habere
2392 3415 2642 3476 possent,
2675 3407 2782 3462 hoc
2809 3407 2945 3462 dicit
2980 3428 2989 3460 :
3029 3404 3137 3462 Sed
3172 3422 3284 3461 non
3327 3406 3575 3472 occides,

1989 3492 2189 3561 inquit,
2242 3509 2362 3561 eos,
2394 3511 2586 3551 verum
2626 3495 2850 3553 diii'eres
2877 3497 3215 3569 supplicium
3257 3511 3474 3563 eorum,
3506 3512 3577 3553 ne

1988 3583 2246 3640 videlicet
2293 3586 2596 3643 morientes
2631 3588 2685 3641 in
2736 3572 3071 3644 oblivionem
3111 3589 3340 3642 veniant
3380 3597 3577 3659 poten—

1987 3673 2078 3727 tia:
2117 3681 2247 3730 tum.
2309 3675 2480 3742 Quasi
2538 3677 2733 3732 dicat:
2762 3677 2951 3750 Neque
3013 3692 3110 3749 per
3164 3678 3270 3735 hoc
3318 3688 3578 3750 poterunt

1989 3765 2223 3822 evadere
2252 3768 2587 3838 supplicium
2616 3786 2629 3823 :
2664 3783 2791 3823 nam
2833 3770 2880 3826 si
2908 3770 3137 3827 virtutis
3167 3778 3274 3825 tuae
3307 3786 3577 3827 memores

1991 3855 2219 3922 fuerint,
2272 3868 2326 3913 et
2379 3859 2632 3913 notitiam
2681 3866 2836 3914 tuam
2880 3860 3198 3927 habuerint,
3245 3871 3300 3917 et
3348 3876 3412 3916 ea
3456 3874 3578 3933 qua

1989 3950 2401 4005 conveniebant
2433 3952 2824 4021 cognoverint,
2860 3967 2959 4025 par
2983 3958 3070 4010 est
3112 3960 3167 4006 ut
3197 3952 3409 4009 idcirco
3448 3968 3578 4023 par-

1989 4051 2155 4119 catur
2192 4043 2285 4111 iis,
2330 4060 2397 4101 ne
2442 4045 2582 4116 ipsis
2641 4046 3006 4102 morientibus
3051 4047 3318 4101 memoria
3369 4054 3466 4100 tua
3508 4045 3578 4100 ab

1990 4134 2102 4191 illis
2132 4135 2459 4192 auferatur:
2491 4153 2688 4192 verum
2732 4153 2860 4192 cum
2896 4145 3113 4192 tantum
3148 4137 3334 4193 absint
3382 4152 3413 4192 a
3461 4151 3579 4193 me-

1988 4226 2165 4281 moria
2196 4233 2292 4281 tua
2336 4226 2428 4281 hic
2462 4227 2781 4293 recolenda,
2819 4235 2881 4281 ut
2925 4241 2957 4282 e
2985 4224 3208 4285 diverso
3257 4235 3455 4282 cuncta
3502 4225 3578 4282 fa-

1990 4319 2143 4375 ciant
2173 4327 2285 4375 tam
2324 4320 2533 4392 inique,
2581 4333 2647 4375 ac
2684 4318 2733 4375 si
2778 4333 2943 4374 nemo
2984 4319 3112 4375 huic
3138 4319 3265 4375 vita:
3291 4330 3574 4390 praeesset,

1987 4418 2044 4468 et
2071 4425 2134 4468 ea
2168 4427 2291 4485 qua:
2336 4419 2609 4484 geruntur
2642 4410 3008 4482 dijudicaret;
3061 4411 3195 4482 quin
3241 4413 3407 4466 etiam
3444 4410 3577 4465 talia

1990 4503 2201 4569 dicant,
2249 4518 2314 4558 ac
2358 4505 2405 4558 si
2457 4517 2622 4558 nemo
2671 4503 2911 4566 audiret,
2960 4508 3054 4557 aut
3085 4509 3308 4557 curaret
3359 4516 3421 4556 ea
3455 4515 3577 4570 qu'a

1991 4595 2150 4651 fiunt.
2205 4593 2394 4666 Neque
2427 4595 2595 4651 etiam
2648 4594 2743 4649 illa
2794 4595 2926 4650 licet
2954 4593 3202 4665 cogitare
3241 4608 3364 4664 quae
3407 4594 3577 4649 sortis

278 4698 583 4770 βελτίστης
617 4691 725 4748 sici.
769 4690 962 4762 μοίρας
1008 4689 1100 4743 καὶ
1133 4687 1233 4758 τῆς
1266 4685 1574 4757 κρείττονος
1616 4684 1745 4755 περὶ
1791 4682 1885 4736 σοῦ

1992 4695 2120 4741 sunt
2168 4686 2390 4757 optima:
2445 4692 2499 4740 et
2544 4685 2789 4740 sanioris
2844 4684 2994 4739 circa
3046 4691 3100 4739 te
3156 4682 3460 4752 opinionis,
3507 4698 3577 4739 ne

276 4789 639 4862 ὑπολήψεως,
669 4783 744 4849 ὡς
783 4783 856 4855 μὴ
896 4780 1032 4853 λήθῃ
1069 4781 1359 4851 παραδοῖεν
1391 4776 1458 4831 τὰ
1492 4774 1633 4830 κατά
1671 4776 1750 4840 σὲ,
1788 4774 1885 4829 θα-

273 4884 425 4954 νάτῳ
478 4898 544 4934 τε
598 4878 719 4948 ἅμα
758 4872 1070 4947 τιμωρῆσαι
1120 4872 1214 4925 καὶ
1268 4869 1538 4931 ποικίλαις
1588 4867 1888 4936 κακώσεσι,

274 4975 371 5030 καὶ
404 4972 645 5034 ταύταις
681 4967 881 5041 μᾶλλον
917 4966 950 5037 ἢ
981 4963 1057 5037 τῷ
1098 4963 1313 5035 θανάτῳ
1343 4960 1651 5016 ὑποδαλεῖν.
1688 4959 1746 5015 '0
1779 4961 1888 5032 γάρ

274 5064 684 5141 παρελκυσμὸς
746 5060 855 5116 τῶν
907 5056 1094 5112 δεινῶν
1152 5057 1458 5127 ὑπόμνησιν
1515 5057 1734 5125 ἐμποιεῖ
1780 5053 1888 5108 τῶν

274 5159 598 5234 ἁμαρτιῶν.
626 5155 739 5210 Καὶ
771 5153 928 5209 τοῦτο
957 5150 1016 5206 δέ
1046 5148 1295 5222 βούλεται
1325 5148 1414 5203 διὰ
1444 5148 1661 5202 πάντων
1690 5149 1885 5211 εἰπεῖν,

272 5254 359 5306 ὅτι
399 5251 566 5306 οὐδὲν
595 5249 782 5311 αὑτοῖς
822 5243 1115 5317 πρόσεστιν
1142 5240 1310 5309 ἄξιον,
1340 5239 1432 5294 τοῦ
1463 5238 1678 5311 φειδοῦς
1706 5242 1888 5311 τυχεῖν

273 5360 451 5408 τινος.

238 5430 248 5502 ᾖ
352 5424 517 5506 Στὶχ.
536 5440 605 5504 ιγ’
613 5462 703 5487 .——
719 5427 938 5501 Ἐπειδὴ
958 5427 1026 5482 τά
1042 5425 1345 5497 γιγνόμενα
1365 5424 1582 5485 πάντως
1600 5421 1694 5474 καὶ
1710 5422 1888 5490 ἀπαγ-

276 5526 595 5598 γέλλονται,
638 5522 900 5584 πολλάκις
930 5520 1051 5574 ἀντὶ
1079 5516 1174 5571 τοῦ
1213 5514 1538 5586 γιγνομένου
1573 5511 1669 5583 τὴν
1710 5514 1883 5580 ἐπαγ-

275 5622 486 5692 γελίαν
523 5619 695 5690 λέγει.
759 5617 848 5679 Ὠς
884 5613 982 5667 τό·
1050 5607 1376 5674 ’Λκουτιεῑς
1398 5623 1477 5676 με
1515 5605 1884 5673 ἀγαλλίασιν

276 5713 386 5769 καὶ
420 5710 823 5783 εὐφροσύνην
847 5722 860 5735 ⁸
893 5706 1015 5761 ἀντὶ
1041 5702 1134 5757 τοῦ
1159 5741 1175 5766 ,
1208 5699 1475 5772 Παρέξεις
1508 5713 1598 5768 μοι
1626 5696 1842 5760 πάντως
1865 5711 1880 5725 ⁸

276 5805 345 5859 τὸ
393 5804 516 5876 τάρ
564 5801 909 5875 γιγνόμενον,
973 5795 1133 5848 τοῦτο
1189 5792 1283 5879 καὶ2
1340 5788 1614 5846 άκουτιεϊν
1670 5786 1882 5858 ἔμελλε.

631 5896 910 5956 Pnaon.
955 5891 1076 5952 Gn.
1111 5885 1331 5949 LXVI.

1988 4779 2253 4834 oblivioni
2304 4778 2521 4832 tradant
2572 4792 2636 4834 ea
2670 4793 2795 4850 qua:
2842 4776 2913 4833 ad
2965 4787 3018 4833 te
3068 4782 3345 4847 spectant,
3394 4786 3576 4832 morte

1990 4871 2157 4928 simul
2191 4886 2257 4927 ac
2286 4871 2525 4929 diversis
2572 4872 2734 4928 malis
2761 4872 2913 4940 ipsos
2948 4871 3105 4942 puni,
3138 4879 3303 4939 atque
3348 4868 3437 4924 his
3473 4884 3574 4939 po-

1988 4962 2100 5017 tius
2143 4976 2308 5033 quam
2352 4962 2518 5018 morti
2571 4963 2962 5033 subjiciantur.
3009 4958 3248 5016 Tractus
3301 4960 3578 5030 siquidem

1992 5053 2373 5109 molestiarum
2422 5054 2744 5109 memoriam
2792 5040 3021 5110 refricat
3057 5061 3433 5124 peccatorum.
3484 5051 3583 5104 At-

1990 5158 2099 5214 que
2135 5143 2238 5197 llOC
2258 5158 2357 5212 per
2382 5143 2570 5198 omnia
2596 5145 2715 5199 vult
2747 5144 2957 5209 dicere,
2988 5141 3137 5215 quod
3170 5141 3310 5197 nihil
3350 5141 3406 5196 in
3441 5140 3581 5213 ipsis

1989 5237 2063 5292 sit
2094 5235 2242 5307 quod
2271 5235 2511 5307 aliquam
2548 5233 2947 5307 indulgentiam
2974 5243 3272 5290 mereatur.

2058 5414 2226 5473 Vens.
2285 5413 2781 5482 l3.-—-Quoniam
2838 5429 2904 5470 ea
2965 5428 3090 5485 qua:
3146 5412 3285 5467 nunt
3351 5410 3577 5465 omnino

1985 5508 2150 5563 etiam
2187 5506 2610 5573 annuntiantur,
2668 5504 2991 5575 frequenter
3023 5518 3124 5575 pro
3155 5500 3304 5557 facto
3355 5514 3577 5556 annun-

1993 5598 2278 5652 tiationem
2314 5596 2467 5651 dicit.
2506 5596 2565 5651 V.
2602 5611 2656 5667 ε.
2691 5595 2892 5650 Audire
2939 5612 3020 5650 me
3055 5595 3218 5666 [acia
3262 5592 3579 5648 exsultatio-

1993 5708 2107 5746 nem
2159 5699 2210 5745 et
2257 5690 2496 5744 lwlitimu
2550 5689 2725 5761 (Psal.
2778 5706 2829 5757 ι,
2866 5689 2996 5760 ill);
3044 5688 3100 5744 id
3153 5696 3260 5753 est,
3306 5684 3578 5758 praebebis

1994 5783 2221 5841 omnino
2266 5784 2398 5839 mihi
2435 5802 2446 5838 :
2484 5799 2610 5840 nam
2663 5784 2713 5840 id
2746 5784 2893 5856 quod
2945 5783 3134 5851 lichat,
3169 5781 3413 5835 futurum
3459 5778 3579 5829 erat

3163 5873 3244 5931 22
