3974 6146
364 324 506 385 ,68⁸5

1557 320 1907 378 THEODORI
1936 318 2420 376 MOPSUESTENI

3555 322 3657 379 σει

402 456 464 501 ιιι
495 444 677 500 audiri
714 442 945 498 faceret.
982 441 1095 498 Hoc
1121 443 1246 500 loco
1283 444 1452 515 igitur
1484 446 1649 501 etiam
1685 443 1840 507 illud,
1864 442 1973 496 An-

2084 441 2375 497 Κάνταῦθα
2415 435 2509 495 οὖν
2540 438 2620 508 τὺ,
2657 439 3164 510 Διατηιελήσονται
3194 440 3265 493 ἐν
3299 442 3656 508 συντελείᾳ,

400 535 786 592 nuntiabuntur
815 535 867 587 in
891 534 1363 599 consummatione,
1395 533 1447 589 id
1477 542 1564 590 est
1592 543 1779 590 erunt.
1805 532 1977 589 Exse-

401 629 702 682 crationem
741 640 873 680 vero
927 632 982 679 et
1034 623 1380 680 mendacium
1427 633 1588 681 vocat
1629 640 1692 682 ea
1747 641 1872 695 qua:
1909 625 1979 680 ab

404 720 540 791 ipsis
591 718 808 779 ﬁebant,
846 723 1037 786 utpote
1084 716 1355 772 mendacii
1399 716 1579 786 plena
1614 726 1782 786 atque
1823 731 1979 772 exse-

401 808 646 864 cratione
672 807 858 877 digna.
894 805 970 860 Ex
1000 805 1088 861 his
1123 806 1313 878 igitur,
1354 806 1557 875 inquit,
1589 823 1711 877 qua:
1741 807 1973 872 faciunt,

398 917 467 958 ex
510 898 708 956 iisdem
743 898 1301 962 consummabuntur,
1347 906 1402 952 et
1432 899 1735 954 morientur
1765 917 1781 953 :
1809 897 1979 969 siqui-

400 992 525 1047 dem
570 991 686 1047 bch
740 989 877 1059 ipsis
932 1003 1100 1045 causa
1150 998 1314 1045 erunt
1354 989 1856 1045 consummationis
1912 1002 1976 1043 ac

398 1082 615 1138 mortis.
658 1079 967 1150 Utrobique
1016 1086 1197 1133 autem
1255 1078 1364 1134 sibi
1413 1078 1520 1148 ipsi
1566 1087 1858 1146 consonat,
1907 1095 1973 1134 ex

398 1170 649 1231 moribus
677 1167 828 1238 ipsos
853 1166 1048 1236 majori
1073 1165 1345 1235 supplicio
1372 1166 1570 1236 dignos
1597 1166 1976 1223 demonstrare

400 1263 625 1328 volens;
668 1260 749 1315 sic
781 1258 927 1313 enim
980 1258 1056 1310 ait
1088 1275 1101 1310 :
1132 1257 1249 1311 Non
1283 1256 1410 1311 licet
1444 1256 1578 1327 ipsis
1611 1274 1642 1313 a
1679 1266 1731 1314 te
1764 1259 1976 1329 suppli‘

399 1355 471 1410 cii
507 1354 721 1409 lucrum
755 1351 957 1414 facere,
1009 1350 1170 1420 quasi
1200 1350 1277 1404 tui
1330 1364 1605 1407 memores
1641 1360 1849 1417 essent,
1880 1360 1974 1407 aut

398 1456 455 1502 te
502 1453 944 1517 c0gnosccrent:
982 1441 1244 1512 quoniam
1287 1441 1390 1496 hoc
1437 1442 1558 1512 ipso
1598 1443 1784 1513 potius
1814 1458 1977 1515 pmna

400 1538 549 1609 digni
570 1542 862 1607 apparent,
899 1542 1129 1604 propter
1159 1547 1222 1587 ea
1267 1548 1389 1603 quas
1415 1534 1608 1591 dicunt
1637 1545 1688 1590 et
1717 1534 1929 1589 faciunt
1956 1554 1971 1591 :

398 1630 513 1683 haec
555 1627 702 1682 enim
752 1624 991 1679 maxime
1034 1625 1412 1679 necessarium
1462 1624 1599 1694 ipsis
1647 1625 1973 1695 supplicium

400 1721 672 1785 aﬂerunt;
704 1716 949 1787 quinimo
978 1715 1145 1770 etiam
1173 1715 1718 1773 consummationem.

2081 533 2203 588 ἀντὶ
2232 533 2325 586 τοῦ
2356 534 2631 588 Ἔσονται.
2652 533 2707 585 Ἀ
2717 533 2815 603 ράν
2842 531 2899 583 δέ
2926 531 3019 584 καὶ
3037 530 3231 599 ψεῦδος
3250 530 3408 584 καλεῖ
3435 529 3503 584 τά
3530 535 3659 603 παρ’

2080 624 2304 678 ἐκείνων
2335 623 2635 694 γιγνόμενα
2655 662 2671 688 ,
2702 621 2779 685 ὡς
2814 620 3043 692 ψεύδους
3084 620 3259 692 μεστὰ
3284 620 3382 677 καὶ
3412 623 3658 694 κατάρας

2080 714 2226 779 ἀξια.
2290 714 2422 789 Ἀπρ
2476 714 2656 768 τοίνυν
2703 711 2930 778 τούτων,
2963 713 3151 782 φησὶν,
3182 706 3258 767 ὧν
3297 712 3657 783 πράττουσιν,

2078 807 2186 861 ἀπὸ
2233 806 2439 862 τούτων
2479 805 2992 878 συντελεσθήσονται
3011 845 3028 871 ,
3070 806 3162 860 καὶ
3209 804 3655 858 ἀποθανοῦνται·

2076 898 2251 952 ταῦτα
2286 898 2396 970 γὰρ
2438 898 2622 961 αὐτοῖς
2658 898 2758 969 τῆς
2795 896 3106 960 συντελείας
3136 896 3291 951 ἐσται
3319 895 3415 951 καὶ
3437 896 3533 949 τοῦ
3560 896 3657 950 θα-

2078 992 2238 1046 νάτου
2270 991 2338 1044 τὰ
2367 991 2537 1044 αἴτια.
2567 992 2644 1044 Δι’
2672 992 2794 1059 ὅλου
2828 992 2886 1045 δέ
2918 991 3098 1063 ἐαυτῷ
3129 991 3520 1062 ἠκολούθησεν,
3549 991 3658 1046 ἀπὸ

2076 1080 2171 1134 τοῦ
2204 1082 2410 1152 τρόπου
2452 1082 2695 1152 μείζονος
2725 1081 2926 1146 αὐτοὺς
2958 1083 3232 1154 τιμωρίας
3268 1081 3456 1146 ἀξίους
3485 1080 3657 1145 δεῖξαι

2079 1171 2422 1241 βουλόμενος.
2461 1171 2618 1226 Οὕτω
2662 1172 2771 1243 γάρ
2805 1189 2972 1243 φησιν
2993 1187 3008 1202 ’
3060 1173 3176 1226 Οὐκ
3210 1172 3421 1227 ἔνεστιν
3455 1174 3655 1237 αὐτοὺς

2077 1262 2334 1333 κερδάναι
2376 1263 2476 1333 τὴν
2518 1263 2671 1335 παρά
2699 1262 2794 1316 σοῦ
2839 1263 3132 1335 τιμωρίαν,
3167 1263 3245 1327 ὡς
3272 1264 3657 1334 μεμνημένους

2078 1372 2194 1419 σου,
2222 1355 2255 1426 ἢ
2288 1356 2496 1419 εἰδότας
2518 1372 2577 1409 σε
2600 1373 2613 1386 ·
2639 1357 2722 1410 ὅτι
2745 1356 2791 1410 δ’
2812 1356 2944 1410 αὐτὸ
2970 1356 3127 1410 τοῦτο
3148 1357 3348 1428 μᾶλλον
3375 1356 3517 1423 ἄξιοι
3539 1356 3657 1425 φαί-

2077 1463 2255 1502 νονται
2305 1448 2609 1519 τιμωρίας,
2645 1449 2737 1518 ἀφ’
2780 1442 2855 1503 ὧν
2898 1448 3118 1518 λέγουσί
3163 1466 3222 1502 τε
3273 1449 3367 1503 καὶ
3401 1447 3652 1502 ποιοῦσιν

2074 1538 2250 1593 ταῦτα
2300 1539 2409 1610 γὰρ
2461 1538 2696 1609 μάλιστα
2743 1541 3052 1610 ἀναγκαίαν
3089 1541 3272 1606 αὐτοῖς
3314 1542 3516 1610 ἐπάγει
3556 1541 3656 1613 τὴν

2075 1628 2346 1701 τιμωρίαν
2369 1647 2383 1661 ·
2419 1630 2501 1691 ἔτι
2533 1630 2591 1684 δέ
2620 1632 2716 1685 καὶ
2746 1633 2846 1692 τὴν
2888 1631 3224 1688 συντέλειαν.

473 1810 638 1866 Vens.
674 1810 760 1865 14.
784 1840 848 1853 -—
874 1807 939 1861 Et
969 1808 1228 1878 quoniam
1257 1823 1402 1878 saepe
1430 1808 1593 1864 nobis
1619 1808 1974 1879 exprobrant,

2150 1810 2300 1880 Στίχ.
2334 1809 2412 1864 ιδ’.
2446 1840 2512 1853 -—
2542 1812 2653 1865 Καὶ
2682 1810 2870 1883 ἐπειδὴ
2913 1810 3171 1877 πολλάκις
3205 1813 3340 1883 ἡμῖν
3363 1812 3653 1877 ὀνειδίζουο

401 1906 546 1979 quod
581 1903 907 1975 praefectura
947 1910 1040 1957 tua
1090 1900 1313 1954 minime
1357 1900 1507 1970 digni
1552 1900 1725 1955 habiti
1773 1900 1971 1964 simus,

398 2008 454 2055 et
486 1997 693 2053 idcirco
721 1995 957 2050 maxime
978 1992 1295 2048 indecenter
1319 1992 1584 2048 adversus
1624 2008 1727 2048 nos
1759 1992 1976 2048 insidiis

400 2092 487 2148 usi
523 2096 691 2155 sunt;
717 2104 783 2143 ex
833 2085 1103 2158 supplicio
1130 2086 1250 2155 ipso
1289 2092 1642 2156 cognoscent,
1688 2082 1833 2155 quod
1865 2098 1976 2138 non

400 2182 581 2239 solum
635 2188 839 2243 noster,
894 2178 989 2234 sed
1040 2178 1313 2233 universa:
1353 2191 1572 2248 quoque
1618 2183 1779 2232 terra:
1809 2176 1976 2233 herus

400 2275 478 2329 sis
510 2287 574 2327 ac
603 2270 865 2326 Dominus
891 2289 904 2324 :
943 2277 1168 2340 propter
1198 2268 1301 2324 hoc
1330 2268 1548 2323 vindica
1585 2283 1687 2323 nos
1709 2276 1974 2337 quantum

399 2365 665 2430 volueris,
709 2362 927 2437 eos‘qui
961 2361 1216 2432 iniuriam
1250 2361 1411 2417 nobis
1435 2360 1647 2415 faciunt
1676 2358 1972 2428 puniendo.

401 2456 684 2529 Expressit
707 2462 890 2510 autem
920 2460 1095 2508 totum
1125 2462 1531 2523 consequenter
1560 2451 1626 2505 ad
1654 2450 1759 2507 ista
1782 2450 1972 2514 verba,

404 2549 487 2605 Ne
522 2546 734 2603 occidas
786 2562 872 2600 eos
901 2560 919 2598 :
953 2542 1149 2599 deinde
1197 2558 1261 2599 ex
1314 2540 1693 2612 superioribus
1745 2539 1976 2596 resumit

401 2647 597 2695 contra
634 2637 757 2693 illos
791 2634 1246 2698 exsecrationem,
1288 2643 1339 2688 et
1373 2633 1449 2686 ait
1478 2651 1491 2687 :

471 2729 643 2786 Vens.
675 2727 762 2784 i5.
788 2758 853 2768 —
878 2725 936 2781 ld
967 2725 1118 2797 quod
1143 2724 1397 2794 superius
1428 2723 1564 2792 ipsis
1592 2721 1976 2792 exprobrando

400 2823 635 2887 dixerat,
670 2820 773 2875 boc
801 2819 965 2874 etiam
1012 2817 1103 2871 hic
1145 2814 1474 2871 resumenda
1502 2813 1656 2876 dicit,
1687 2820 1975 2883 postquam

400 2915 548 2984 ipsos
572 2910 849 2982 supplicio
875 2909 1073 2980 dignos
1095 2921 1219 2963 esse
1245 2906 1738 2973 demonstraverat.
1766 2902 1976 2974 Itaque,

402 3002 605 3073 inquit,
634 3000 894 3071 quoniam
946 2999 1174 3067 minime
1220 2997 1347 3052 licet
1391 2995 1526 3066 ipsis
1563 3010 1813 3066 parcere,
1848 3003 1974 3051 tan-

345 3156 355 3169 ι
401 3108 566 3163 quam
604 3105 751 3147 nunc
784 3090 1006 3160 quidem
1057 3097 1112 3142 te
1152 3087 1495 3154 curantibus,
1526 3086 1647 3166 sed,
1683 3087 1730 3143 si
1771 3087 1975 3142 mortui

404 3185 633 3246 fuerint,
678 3180 943 3236 oblivioni
981 3188 1037 3236 te
1081 3178 1403 3245 tradituris;
1453 3194 1484 3234 e
1532 3186 1728 3233 contra
1767 3179 1976 3248 utique,

401 3288 526 3326 cum
560 3271 760 3342 ingrati
798 3270 930 3334 sint,
962 3285 1026 3325 ex
1060 3268 1331 3339 supplicio
1362 3268 1604 3323 debitum
1636 3275 1933 3339 agnoscent
1960 3283 1972 3319 :

399 3362 764 3433 iustissimam
793 3360 962 3429 igitur
986 3375 1206 3429 pmnam
1239 3358 1491 3423 subeant,
1514 3366 1567 3413 et
1590 3357 1856 3428 supplicio
1882 3365 1977 3411 tuo

405 3452 616 3524 rejecti,
661 3451 874 3506 ululent
911 3453 1086 3506 instar
1150 3462 1348 3502 canum
1394 3448 1573 3504 noctis
1604 3453 1852 3516 tempore
1883 3461 1978 3516 per

402 3545 678 3621 civitatem
709 3540 1256 3612 circumvagantium.

915 3628 1191 3685 PSALMU
1205 3627 1243 3682 S
1296 3627 1435 3682 LIX.

476 3722 642 3780 Vens.
692 3724 744 3795 ὅτ
797 3752 867 3763 -—
891 3720 1160 3778 Caeterum
1194 3721 1241 3776 si
1272 3720 1438 3775 etiam
1473 3720 1589 3775 haec
1626 3722 1740 3791 pati
1769 3718 1976 3790 permi-

403 3819 549 3883 sisti,
596 3815 1023 3887 baudquaquam
1057 3822 1207 3870 certe
1250 3812 1408 3868 malis
1449 3811 1729 3867 immorari
1773 3809 1976 3880 permi-

403 3909 548 3975 sisti,
577 3908 1050 3981 promptissimam
1084 3904 1244 3961 nobis
1271 3905 1619 3959 clementiam
1649 3911 1797 3958 tuam
1825 3900 1977 3957 exhi-

402 4002 559 4059 bcns.

476 4091 642 4147 Vens.
704 4091 758 4147 4.
794 4122 866 4136 -υ-
906 4090 1010 4157 Qui
1072 4089 1239 4147 rebus
1291 4084 1672 4141 materialibus
1729 4082 1975 4139 adhaere-

404 4189 588 4248 scunt,
637 4187 691 4236 et
736 4185 954 4235 terrena
993 4178 1234 4248 sapiunt,
1287 4190 1414 4233 cum
1457 4173 1568 4228 illis
1609 4171 1973 4240 delectentur,

402 4288 470 4326 eo
504 4272 652 4343 quod
683 4270 751 4326 iis
791 4269 1122 4333 adiciantur,
1156 4269 1473 4324 existimant
1525 4281 1586 4323 se
1619 4264 1977 4322 stabilitatem

403 4369 460 4417 ct
507 4359 1049 4432 imperturbationem
1099 4358 1348 4413 obtinere
1382 4376 1396 4413 :
1429 4371 1618 4410 verum
1663 4352 1975 4412 istiusmodi

2079 1913 2184 1964 σιν,
2221 1899 2298 1962 ὡς
2349 1899 2451 1969 τῆς
2496 1899 2652 1971 παρά
2702 1901 2796 1953 σοῦ
2843 1900 3177 1972 προστασίας
3215 1902 3312 1955 οὐκ
3351 1900 3652 1966 ἀξιωθεῖσι,

2076 1990 2172 2042 καὶ¹
2215 1988 2304 2042 διὰ
2333 1989 2491 2043 τοῦτο
2537 1990 2774 2060 μάλιστα
2807 1990 3125 2065 ἀδεέστερον
3166 1995 3287 2055 ταῖς
3317 1991 3443 2045 καθ’
3495 1993 3656 2064 ἡμῶν

2075 2080 2386 2145 ἐπιϐουλαῖς
2424 2081 2663 2153 ἐχρῶντο
2689 2099 2702 2112 ·
2747 2082 2835 2136 διά
2877 2083 2974 2154 τῆς
3021 2082 3289 2155 τιμωρίας
3315 2083 3651 2152 γνώσονται.

2074 2171 2155 2224 ὅτι
2192 2172 2457 2242 δεσπότης
2484 2190 2543 2226 τε
2598 2173 2694 2227 καὶ
2723 2173 2923 2246 Κύριος
2975 2174 3072 2245 οὐχ
3104 2175 3261 2245 ἡμῶν
3304 2174 3485 2245 μόνον,
3516 2174 3655 2230 ἀλλὰ

2076 2262 2186 2336 γὰρ
2214 2265 2311 2318 καὶ
2350 2264 2532 2336 πάσης
2558 2266 2658 2335 τῆς
2687 2268 2791 2335 γῆς
2822 2281 2839 2297 ⁸
2870 2265 2959 2319 διὰ
2990 2264 3150 2318 τοῦτο
3176 2268 3308 2337 ἡμῖν
3350 2264 3650 2337 ἐπάμυνον,

2075 2357 2201 2420 τοὺς
2239 2356 2562 2422 ἀδικοῦντας
2594 2357 3009 2431 τιμωρούμενος
3057 2358 3160 2412 ὅσα
3209 2358 3437 2422 ἐθέλεις.
3494 2357 3653 2412 Ἀπέ-

2074 2445 2214 2500 δωκε
2245 2447 2302 2503 δέ
2324 2448 2384 2502 τὸ
2415 2451 2523 2502 πᾶν
2544 2448 2687 2503 κατά
2714 2448 3055 2514 ἀκολουθίαν,
3084 2449 3146 2503 τὸ
3170 2449 3267 2519 Μὴ
3290 2450 3652 2520 ἀποκτείνῃς

2076 2537 2329 2601 αὐτούς·
2363 2534 2480 2592 εἶτα
2524 2537 2896 2609 ἀναλαμϐάνει
2933 2538 3139 2595 ἀνωθεν
3180 2539 3282 2611 τὴν
3323 2542 3443 2594 κατ’
3474 2526 3651 2596 αὐτῶν

2076 2630 2343 2699 κατάραν,
2375 2629 2469 2684 καί
2498 2644 2686 2702 φησιν’

2147 2719 2300 2790 Στίχ.
2334 2717 2488 2773 ιε⁸.-
2516 2721 2693 2792 Ὅπερ
2719 2722 2831 2776 ἀνω
2858 2718 3010 2777 εἶπεν
3040 2723 3398 2795 ἐπαρώμενος
3426 2724 3610 2788 αὐτοῖς
3629 2764 3647 2789 ,

2074 2808 2234 2883 τοῦτο
2265 2809 2545 2864 κάνταῦθα
2570 2810 2968 2883 ἀναλαμϐάνων
2996 2812 3146 2880 λέγει
3168 2852 3184 2877 ,
3227 2812 3365 2883 μετά
3388 2812 3451 2865 τὸ
3477 2812 3646 2877 δεῖξαι

2077 2874 2274 2964 αὖτοὺς
2303 2901 2488 2968 ἀξίους
2529 2900 2690 2966 ὄντας
2715 2874 2817 2972 τῖῆς
2857 2874 3147 2974 τιμωρίας.
3170 2874 3428 2967 ⁷(λὺκοῦν,
3462 2874 3649 2974 φησίν,

2076 2992 2262 3066 ἐπειδὴ
2294 2994 2388 3047 καὶ
2424 2993 2711 3063 φείσασθαι
2734 2993 2915 3048 αὐτῶν
2935 2996 3036 3065 οὐχ
3085 2989 3198 3048 οἷόν
3220 3012 3297 3058 τε,
3320 2994 3395 3057 ὡς
3414 2993 3510 3048 νῦν
3542 2994 3650 3063 μέν

2080 3100 2174 3137 σου
2205 3086 2620 3156 φροντιζόντων,
2647 3088 3057 3160 ἐπιλησομένων
3088 3087 3146 3141 δὲ
3182 3089 3231 3141 εί
3279 3085 3606 3142 ἀποθάνοιεν
3629 3102 3645 3115 ⁸

2076 3178 2386 3232 τούναντίον
2402 3178 2466 3250 δὴ
2486 3178 2799 3251 ἀγνώμονες
2828 3180 3001 3246 ὅντες,
3033 3179 3142 3234 ἀπὸ
3172 3178 3270 3249 τῆς
3293 3177 3562 3250 τιμωρίας
3591 3177 3653 3233 τὸ

2078 3268 2195 3323 δέον
2225 3269 2617 3337 ἐπιγνώσονται
2643 3286 2657 3300 ο
2707 3271 3051 3343 δικαιοτάτην
3097 3266 3190 3325 οὖν
3220 3270 3488 3341 τιμωρίαν
3516 3271 3652 3323 ὑπο-

2081 3361 2444 3432 μεινάτωσαν,
2478 3361 2573 3416 καὶ
2605 3364 2671 3432 τῇ
2712 3361 2863 3433 παρά
2907 3362 3000 3414 σοῦ
3042 3362 3283 3432 τιμωρίᾳ
3320 3344 3608 3431 βληθέντες
3634 3401 3651 3424 ,

2077 3451 2475 3517 ὀλολυζέτωσαν
2495 3455 2650 3527 δίκην
2668 3454 2776 3508 τῶν
2808 3454 2945 3509 κατά
2967 3454 3064 3524 τὴν
3084 3454 3236 3508 πόλιν
3260 3453 3655 3525 ἐκπεριιόντων

2081 3546 2258 3601 κυνῶν
2286 3549 2343 3601 ἐν
2377 3547 2456 3618 τῷ
2482 3548 2580 3617 τῆς
2612 3546 2806 3610 νυκτὸς
2837 3545 3035 3617 καιρῷ.

2651 3636 2946 3692 ΨΑΑΜΟΣ
2983 3638 3111 3691 NG’.

2150 3727 2300 3798 Στίχ.
2327 3733 2395 3796 γ’,
2437 3758 2502 3769 --
2545 3726 2685 3781 Ἀλλ’
2717 3730 2768 3781 εί
2797 3725 3086 3781 καὶταῦτα
3121 3725 3314 3781 παθεῖν
3345 3725 3657 3798 συνεχώρη-

2079 3835 2213 3883 σας,
2262 3819 2325 3871 οὐ
2368 3819 2476 3889 μὴν
2521 3819 2799 3888 ἐναφῆκας
2834 3821 2948 3882 τοῖς
2995 3821 3204 3883 κακοῖς,
3251 3816 3517 3889 ὀξυτάτην
3552 3817 3658 3888 τὴν

2078 3913 2230 3982 παρὰ
2266 3909 2356 3964 σοῦ
2393 3910 2802 3983 φιλανθρωπίαν
2833 3913 2963 3983 ἡμῖν
2993 3911 3386 3983 παρεχόμενος.

2151 4088 2298 4157 Στίχ.
2330 4086 2393 4141 δ’.
2427 4115 2493 4126 ——
2519 4086 2581 4139 Οἱ
2614 4085 3053 4158 προσπαθοῦντες
3078 4089 3192 4152 τοῖς
3212 4087 3436 4155 ὑλικοῖς,
3468 4088 3661 4145 καὶτὰ

2080 4179 2296 4248 ἐπίγεια
2324 4179 2677 4251 φρονοῦντες,
2711 4179 3037 4250 τερπόμενοι
3071 4180 3158 4232 ἐπ’
3185 4181 3370 4244 αὐτοῖς
3393 4221 3409 4248 ,
3446 4178 3525 4252 τῷ
3554 4181 3663 4253 ἐμ-

2080 4269 2273 4333 παθεῖς
2289 4264 2448 4332 εἶναι,
2470 4268 2672 4325 οἴονται
2698 4271 3019 4327 εὐστάθειαν
3049 4273 3142 4327 καὶ
3165 4272 3466 4344 ἀταραξίαν
3488 4272 3661 4344 ἔχειν·

2082 4361 2285 4432 βλάϐην
2317 4361 2373 4415 δὲ
2403 4364 2436 4434 ἡ
2464 4360 2684 4433 τοιαύτη
2715 4363 3048 4427 κατάστασις
3077 4363 3232 4435 φέρει
3253 4378 3267 4394 °
3308 4364 3431 4418 ὅθεν
3462 4367 3666 4435 χρήσι-

403 4461 584 4507 status
630 4449 742 4505 illis
776 4448 1164 4504 detrimentum
1194 4446 1390 4514 all‘ert;
1438 4444 1583 4501 unde
1613 4445 1745 4500 utile
1776 4452 1878 4508 est,
1916 4450 1975 4501 ut

2084 4471 2202 4525 μον,
2239 4453 2373 4526 ἐλέῳ
2419 4454 2553 4509 Θεοῦ
2585 4455 2932 4525 συσεισθῆναι
2976 4453 3146 4526 αὐτὴν
3176 4456 3270 4509 καὶ
3316 4455 3665 4527 ταραχθῆναι

402 4555 499 4612 per
528 4539 965 4597 misericordiam
1001 4536 1095 4593 Dei
1135 4538 1487 4593 concutiatur
1520 4551 1585 4590 ac
1616 4536 1974 4592 conturbetur

404 4636 618 4691 ratione
656 4633 1015 4706 paenitentiae.
1047 4612 1241 4685 sciens
1266 4630 1409 4683 enim
1446 4644 1609 4698 quam
1645 4628 1869 4684 noxium
1904 4627 1974 4682 sit

372 4725 570 4780 -rebus
615 4721 996 4779 materialibus
1052 4719 1342 4783 inhaerere,
1393 4724 1448 4772 et
1485 4716 1686 4772 terreni
1732 4715 1972 4770 hominis

401 4817 696 4887 imaginem
744 4827 971 4884 sapere,
1018 4809 1386 4864 turbationem
1445 4815 1499 4862 et
1558 4807 1974 4861 commotionem

401 4912 659 4982 patiatur,
691 4924 723 4963 a
767 4905 952 4978 priori,
976 4917 1143 4973 prava
1172 4901 1282 4957 vita
1332 4899 1399 4954 ad
1439 4897 1661 4969 probam
1697 4913 1762 4952 ac
1803 4898 1975 4953 beati-

400 4998 611 5056 tudinis
654 4999 869 5070 plenam
904 4992 1211 5052 translata;
1244 4989 1481 5044 contrita
1515 5004 1726 5058 nempe,
1764 4995 1818 5044 et
1849 5004 1976 5045 sen-

399 5108 519 5149 sum
563 5089 871 5162 percipiens
918 5082 1314 5141 contritionum
1363 5097 1427 5136 ex
1466 5080 1833 5135 invisibilibus
1878 5080 1976 5135 bo-

398 5183 579 5239 stibus
614 5177 1025 5239 exsislentium,
1073 5172 1351 5228 invocabit
1383 5170 1571 5238 utique
1599 5185 1724 5225 eum
1765 5168 1857 5240 qui
1890 5168 1977 5223 di-

400 5275 501 5329 cit:
564 5272 676 5345 Ego
734 5286 855 5329 sum
920 5268 1185 5324 Dominus
1229 5279 1434 5321 sanans
1483 5274 1536 5319 te
1582 5280 1599 5318 :
1652 5276 1778 5316 cum
1830 5262 1975 5316 enim

400 5365 648 5421 medicus
683 5363 778 5432 sit,
812 5361 1031 5421 sanabit
1070 5373 1211 5414 eam.
1249 5356 1519 5413 Caeterum
1558 5354 1726 5425 possit
1757 5367 1978 5424 quoque

400 5462 566 5514 terra:
604 5454 774 5511 motio
804 5452 989 5509 induci
1036 5453 1106 5508 iis
1134 5451 1229 5526 qui
1262 5449 1316 5506 in
1361 5464 1425 5506 ea
1458 5453 1607 5510 sunt,
1641 5446 1978 5502 daemonibus

402 5545 691 5602 translatis
728 5545 796 5599 ad
824 5544 1046 5599 oracula
1075 5543 1262 5599 divina
1296 5539 1665 5612 suscipienda.

496 5630 1181 5703 Imm—Quandoquidem
1208 5648 1394 5689 eorum
1418 5630 1732 5687 aﬂ'ectiones
1761 5643 1977 5685 assum-

403 5734 590 5804 pserat
625 5740 794 5800 super
815 5731 1043 5792 terram,
1073 5723 1296 5795 propria
1332 5735 1465 5780 usus
1500 5729 1583 5777 est
1627 5719 1878 5792 sequela;
1925 5726 1979 5774 et

2085 4545 2449 4616 μεταμελείας
2493 4547 2699 4617 τρόπῳ.
2757 4546 2965 4600 Γνοῡσα
3010 4547 3118 4619 γάρ
3149 4547 3222 4612 ὡς
3276 4547 3571 4613 ἐπιϐλαϐἐς
3600 4548 3666 4603 τὸ

2082 4635 2287 4701 ὑλικοῖς
2311 4636 2611 4708 ἐνέχεσθαι,
2643 4638 2735 4691 καλ⁵
2763 4640 2979 4709 φρονεῖν
2999 4640 3097 4710 τὴν
3123 4639 3216 4693 τοῦ
3242 4640 3425 4712 χοϊκοῦ
3451 4641 3663 4703 εἰκόνα,

2079 4727 2318 4797 τάραχον
2370 4728 2463 4781 καὶ
2518 4727 2843 4798 συσσεισμὸν
2895 4729 3071 4799 σχοίη,
3137 4729 3544 4803 μετατιθεμένη
3595 4733 3665 4785 ἐκ
3760 4796 3763 4799 Α

2054 4860 2065 4866 -
2083 4817 2348 4888 προτέρου
2378 4819 2579 4887 φαύλου
2613 4817 2728 4889 βίου
2750 4818 2843 4871 ἐπὶ
2871 4819 3156 4875 σπουδαῖον
3186 4823 3281 4876 καὶ
3312 4822 3667 4894 μακαριότη-

2081 4924 2171 4970 τος
2201 4907 2379 4979 πλήρη
2407 4925 2420 4938 ’
2458 4907 2649 4978 ἀμέλει
2678 4906 2806 4977 γοῦν
2833 4948 2848 4973 ,
2883 4911 3231 4980 συντριϐεῖσα
3278 4912 3534 4984 αἴσθησιν
3566 4913 3667 4966 λα-

2082 4997 2253 5051 ϐοῦσα
2285 4998 2395 5051 τῶν
2427 4998 2784 5069 ὑπαρξάντων
2824 5003 3245 5073 συντριμμάτων
3273 5006 3338 5057 ἐκ
3364 5003 3476 5058 τῶν
3500 5004 3675 5076 ἀορά-

2081 5105 2189 5142 των
2218 5088 2516 5154 πολεμίων,
2559 5091 2936 5159 παρακαλέσει
2965 5092 3055 5147 τὸν
3090 5092 3352 5159 λέγοντα,
3391 5093 3504 5162 ἐγώ
3542 5096 3670 5165 είμι

2083 5173 2287 5245 Κύριος
2314 5177 2343 5229 ό
2380 5175 2605 5247 ἰώμενός
2633 5195 2692 5231 σε
2715 5196 2726 5207 ·
2768 5182 2950 5253 ἰατρὸς
2974 5184 3081 5254 γὰρ
3110 5184 3391 5255 ὑπάρχων,
3446 5185 3673 5239 ίάσεται

2083 5266 2273 5338 αὑτήν.
2302 5267 2537 5321 Δυνατὸν
2563 5269 2619 5322 δὲ
2648 5269 2742 5325 καὶ
2770 5272 2931 5327 σάλον
2958 5273 3262 5345 ἐπαχθῆναι
3292 5278 3357 5347 τῇ
3390 5279 3458 5347 γῇ
3497 5292 3675 5345 μετα-

2083 5359 2382 5431 τιθεμένων
2425 5360 2532 5413 τῶν
2572 5362 2658 5415 ἐπ’
2695 5363 2866 5435 αὐτῆς
2910 5364 3179 5437 δαιμόνων
3217 5366 3309 5420 ἐπὶ
3343 5365 3671 5439 παραδοχὴν

2085 5449 2245 5507 θείων
2271 5451 2674 5524 θεσπισμάτων.

2169 5622 2385 5697 Ἐπειδὴ
2414 5625 2480 5680 τὰ
2504 5626 2681 5681 αὐτῶν
2710 5625 2856 5699 πάθη
2895 5627 3156 5685 ἀνέλαϐεν
3173 5631 3268 5684 ἐπὶ
3289 5630 3391 5701 τῆς
3419 5630 3521 5703 γῆς
3544 5665 3566 5697 ,
3600 5633 3676 5703 τῇ

2085 5715 2260 5787 οἰκείᾳ
2304 5718 2571 5789 ἐχρήσατο
2617 5718 2944 5792 ἀκολουθίαν
2974 5719 3087 5797 -καὶ
3132 5718 3223 5777 διὰ
3261 5720 3421 5777 τοῦτο
3457 5721 3681 5780 ὡσανεὶ
