3974 6146
346 373 448 428 683

1550 352 1918 413 EXPOSITIO
1953 349 2019 409 IN
2063 349 2407 410 PSALMOS.

343 482 446 536 ἀπὺ
470 479 568 548 τῆς
593 473 903 547 ὑπερϐολῆς
925 473 1021 527 τοῦ
1037 472 1263 543 σεισμοῦ
1283 471 1385 542 τῆς
1403 470 1505 541 γῆς
1536 467 1915 542 συντριδείσης

2046 463 2226 520 dcirco
2267 462 2430 534 quasi
2484 474 2552 517 ex
2594 457 2898 532 hyperbole
2944 455 3205 511 motionis
3251 460 3416 509 terra
3465 468 3606 509 con-

346 575 435 625 καὶ
476 567 823 639 διαλυθείσης
867 564 1011 619 οὕτω
1051 564 1223 637 φησί’
1252 563 1604 636 Θεράπευσον
1634 560 1702 615 τὰ
1733 559 1881 629 πάθη
1901 599 1915 623 ,

346 644 710 719 «tamen»
748 659 848 723 τάς
878 656 1185 728 συμφοράς.

405 750 719 819 Κατάνυξιν
746 750 895 818 λέγει
913 749 974 802 τὸ
995 748 1173 817 ἐφόσῳ
1191 747 1389 818 δήποτε
1414 744 1700 818 πράγματι
1726 741 1921 797 παθεῖν

341 846 441 917 τὴν
489 844 675 915 ψυχήν
714 857 730 873 ·
766 841 939 903 οὕτως
970 840 1098 892 ὅταν
1136 837 1305 910 λέγῃ,
1345 836 1407 890 τὺ
1459 835 1920 903 διεσχίσθησαν,

342 936 441 990 καὶ
514 937 590 989 οὐ
652 933 1112 1001 κατενύγησαν,,
1184 928 1496 993 τουτέστιν,
1563 924 1923 995 ἀποτυχόντες

342 1026 636 1091 πολλάκις,
707 1023 829 1077 ούδέ
894 1020 1067 1085 οὕτως
1131 1019 1331 1073 ἔπαθον
1376 1018 1476 1090 τὴν
1532 1017 1741 1088 ψυχὴν,
1800 1015 1923 1069 οὐδὲ

340 1119 707 1188 κατέγνωσαν
753 1116 984 1169 ἑαυτῶν.
1055 1111 1311 1167 Τοιοῦτόν
1368 1112 1485 1164 ἐστι
1546 1112 1642 1164 καὶ
1694 1110 1756 1163 τδ
1781 1149 1796 1175 ,
1862 1111 1965 1185 Ἃ-

339 1211 581 1279 λέγεται
614 1209 686 1261 ἐν
723 1206 852 1272 ταῖς
888 1204 1159 1272 καρδίαις
1188 1202 1374 1272 ὑμῶν,
1416 1202 1486 1255 ἐν
1526 1200 1657 1267 ταῖς
1696 1200 1924 1266 κοίταις

343 1302 513 1372 ὑμῶν
550 1299 943 1367 κατανύτητε.
974 1295 1302 1359 Τουτέστιν,
1350 1292 1387 1347 θ.
1430 1291 1749 1364 βουλεύεσθε
1784 1292 1926 1345 κατά

342 1396 604 1457 διάνοιαν,
640 1393 725 1460 ἐφ’
754 1389 987 1460 ἡσυχίας
1010 1387 1183 1451 ὄντες,
1215 1388 1273 1440 ἐν
1297 1389 1362 1456 τῇ
1393 1385 1550 1455 κλίνῃ
1578 1383 1925 1454 λογισάμενοι

345 1485 664 1552 κατάγνωτε
686 1479 917 1541 ἑαυτῶν,
949 1477 1041 1530 καὶ
1065 1475 1477 1546 μεταμελήθητε
1503 1475 1588 1543 ἐφ’
1614 1468 1695 1537 οἷς
1712 1473 1929 1544 διεπρά-

348 1573 531 1639 ξασθε.
561 1570 719 1623 Οὕτω
745 1568 838 1621 καὶ
872 1566 966 1618 ἐπὶ
993 1565 1093 1634 τῆς
1122 1564 1429 1627 Σουσάννας
1462 1562 1724 1634 περὶτῶν
1756 1579 1927 1634 πρεσ-

347 1665 593 1735 ϐυτέρων
620 1662 805 1733 φησιν,
841 1659 930 1712 ὅτι
954 1658 1379 1725 κατενύγησαν
1419 1654 1495 1724 τῇ
1524 1654 1740 1723 καρδίᾳ
1762 1669 1778 1682 ·
1814 1671 1930 1707 του-

349 1758 555 1821 τέστιν,
586 1753 788 1807 ἔπαθον
834 1750 921 1803 ἐπ’
955 1750 1092 1819 αὐτῇ
1119 1748 1225 1801 ὑπὸ
1256 1748 1353 1817 τῆς
1381 1745 1680 1815 ἐπιθυμίας
1712 1744 1930 1815 συνεχό-

357 1864 528 1919 μενοι.
563 1843 859 1899 Κάνταῦθα
880 1837 972 1895 οὖν
993 1839 1284 1904 κατάνυξιν
1309 1838 1465 1892 καλεῖ
1489 1837 1587 1909 τὴν
1612 1837 1931 1909 ἐπιθυμίαν,
1963 1828 2006 1884 Β

352 1939 425 2002 ὡς
452 1937 626 2002 πόθος
655 1933 1079 2007 ἐνεργαζόμενον
1110 1934 1176 2002 τῇ
1214 1931 1381 2001 ψυχῇ.
1425 1929 1513 1993 Ὠς
1540 1930 1650 2001 γὰρ
1693 1930 1935 2001 μεταμέ-

351 2028 470 2082 λεια
497 2027 592 2082 καὶ
621 2024 911 2091 κατὰνυξις
935 2023 1258 2096 πράγματος
1282 2022 1452 2085 πάθος
1478 2023 1715 2092 ἐμποιεῖ,
1749 2021 1841 2075 καὶ
1859 2020 1935 2085 ὡς

356 2118 620 2191 ἐπιθυμία
660 2117 759 2172 καὶ
795 2116 936 2185 ἔρως
979 2114 1240 2186 χαλεπὸν,
1282 2113 1456 2179 οὕτως
1506 2114 1713 2185 ἀθυμία
1764 2113 1936 2177 πάθος

357 2211 731 2284 ἐνεργάζεται.
763 2210 870 2268 Τὸν
887 2209 944 2262 δὲ
964 2205 1104 2261 οἶνον
1126 2207 1217 2260 ἐπὶ
1234 2206 1335 2276 τῆς
1367 2207 1653 2277 συμφορᾶς
1679 2205 1767 2258 ἀεὶ
1787 2203 1935 2273 λέγει

359 2306 453 2360 καὶ⁸
477 2305 573 2376 τῆς
604 2301 896 2374 τιμωρίας·
917 2299 1024 2353 ἀπὸ
1048 2297 1141 2351 τοῦ
1174 2298 1264 2351 τὸν
1290 2293 1431 2352 οἶνον
1460 2297 1683 2352 πλείονα
1713 2296 1937 2350 δοθέντα

360 2396 631 2467 παράγειν
656 2396 779 2457 τοὺς
819 2390 1114 2463 λογισμοὺς
1134 2431 1150 2454 ,
1195 2392 1288 2445 καὶ
1324 2390 1691 2462 παραφέρειν,
1718 2390 1816 2443 καὶ
1833 2383 1960 2462 τὴν

364 2485 518 2555 παρά
546 2484 641 2537 τοῦ
665 2482 799 2537 θεοῦ
847 2480 1117 2553 τιμωρίαν
1152 2479 1309 2544 ἐκτὸς
1335 2480 1431 2536 τοῦ
1471 2479 1812 2545 καθεστῶτος
1842 2482 1938 2553 ἐρ-

369 2575 658 2644 γάζεσθαι.
703 2572 873 2626 Τοῦτο
915 2568 1006 2626 οὖν
1061 2587 1262 2642 φησιν’
1321 2570 1445 2627 Ὅτι
1498 2573 1770 2643 τιμωρίαν
1806 2574 1938 2644 ἡμῖν

375 2664 734 2735 ἐπενεχθῆναι
773 2662 1144 2736 συνεχώρησας
1170 2704 1184 2728 ,
1210 2661 1352 2716 οὕτω
1383 2663 1480 2734 μὲν
1508 2663 1764 2733 δαψιλῶς,
1794 2664 1938 2719 ὥστε

375 2758 555 2812 δοκεῖν
582 2760 661 2821 εἰς
692 2756 992 2824 ἀπόγνωσιν
1027 2754 1130 2825 τῆς
1168 2754 1441 2825 τιμωρίας
1474 2757 1720 2826 μετέχειν
1748 2770 1763 2786 ⁸
1797 2757 1940 2811 οὕτω

379 2848 442 2903 δὲ
469 2847 718 2920 χαλεπὴν,
742 2848 816 2911 ὡς
845 2845 1047 2911 πάθους
1077 2847 1172 2900 καὶ
1201 2845 1442 2916 ἀθυμίας
1484 2846 1771 2917 αὐτάρκως
1800 2848 1938 2919 πλη-

376 2937 507 3011 ροῦν
530 2938 624 3011 τὴν
662 2938 856 3010 ψυχήν.

2027 556 2168 612 tritae
2208 569 2273 611 ac
2294 553 2574 611 dissoluta:
2600 554 2682 609 sic
2728 552 2806 607 ait
2834 570 2847 608 :
2873 547 3092 607 ledere
3120 546 3526 609 aﬂ'ectionibus.
3554 554 3612 603 et

2028 646 2269 703 dissolve
2301 645 2667 699 calamitates.

2007 754 2025 768 ε
2098 736 2234 792 ista.
2258 765 2330 779 --
2352 735 2843 806 Compunctionem
2876 740 3039 790 vocat
3067 731 3370 804 quamlibet
3413 729 3619 784 animai

2027 843 2158 901 erga
2202 843 2587 900 quamcunque
2623 842 2737 883 rem
2778 826 3158 890 aifectionem;
3190 831 3253 878 ut
3292 836 3416 877 cum
3448 820 3610 887 dicit,

2030 921 2291 991 Dissipati
2333 930 2476 986 sunt,
2517 936 2611 975 nec
2658 918 2960 987 compuncti
2985 916 3161 986 (Paul.
3193 929 3381 970 nstv.
3412 913 3525 984 15),
3554 910 3612 966 id

2030 1021 2138 1079 est,
2165 1028 2546 1085 saepenumero
2579 1011 2850 1077 frustrati,
2899 1007 3213 1079 nequedum
3254 1008 3440 1061 animo
3478 1004 3613 1061 moti

2032 1114 2183 1170 sunt,
2237 1120 2417 1176 neque
2462 1106 2792 1174 semetipsos
2838 1109 3196 1157 accusarunt.
3246 1099 3385 1155 Tale
3431 1107 3521 1153 est
3558 1101 3618 1152 et

2034 1195 2191 1260 illud,
2242 1196 2373 1273 Quis
2402 1195 2582 1249 dicitis
2631 1194 2686 1247 in
2717 1191 2965 1247 cordibus
3008 1193 3212 1259 vestris,
3248 1193 3307 1245 in
3351 1189 3614 1244 cubilibats

2032 1289 2220 1344 uestris
2272 1287 2687 1359 compungimini
2729 1284 2906 1357 (Psal.
2961 1301 3036 1349 tv,
3083 1285 3161 1356 5).
3204 1283 3265 1339 Id
3322 1291 3429 1350 est,
3482 1282 3618 1349 Qum

2033 1390 2215 1439 mente
2247 1382 2489 1445 volvitis,
2522 1383 2579 1436 in
2605 1382 2790 1451 quiete
2824 1370 3133 1443 constituti,
3182 1379 3237 1433 in
3280 1379 3480 1433 lectulo
3524 1391 3619 1431 ra-

2033 1476 2239 1530 tionem
2292 1475 2546 1529 ineuntes
2569 1472 2944 1542 vosmetipsos
2982 1471 3372 1534 condemnate,
3404 1478 3459 1525 et
3495 1480 3623 1539 pmo'

2036 1566 2327 1620 nitentiam
2364 1566 2509 1637 agite
2539 1579 2642 1635 pro
2681 1564 3019 1637 commissis.
3063 1561 3157 1617 Sic
3198 1562 3367 1617 etiam
3412 1562 3480 1616 ad
3513 1559 3625 1616 SuiJ

2034 1664 2267 1713 sannam
2293 1657 2360 1712 de
2392 1656 2707 1712 senioribus
2738 1655 2834 1721 ait,
2869 1634 3137 1720 Qtioniam
3166 1654 3467 1722 compuncti
3491 1660 3627 1708 sunt

2038 1732 2196 1805 corde
2227 1747 2390 1821 (Dan.
2427 1764 2545 1814 XIII,
2588 1748 2716 1814 56);
2750 1748 2803 1803 id
2858 1755 2964 1813 est,
2996 1746 3177 1803 allecti
3220 1746 3441 1803 fuerunt
3487 1760 3622 1817 erga

2036 1843 2187 1897 illam
2248 1856 2278 1895 a
2331 1840 2785 1912 concupiscentia
2831 1836 3057 1896 detenti.
3116 1838 3234 1894 Hoc
3280 1840 3403 1893 locu
3453 1838 3625 1909 igitur

2035 1930 2514 2001 compunctiouem
2544 1936 2709 1983 vocat
2745 1929 3274 1998 concupiscentiam,
3314 1936 3376 1983 ut
3410 1944 3533 1999 qua:
3562 1929 3620 1984 in

2037 2021 2219 2076 anima
2265 2020 2467 2075 excitet
2521 2019 2887 2075 aﬁectionem.
2940 2019 3413 2086 Quemadmodum
3471 2025 3619 2077 enim

2038 2112 2363 2182 poenitentia
2395 2120 2451 2167 et
2486 2111 2835 2180 compunctio
2880 2112 2961 2167 rei
3006 2110 3263 2168 aﬂ‘ectum
3312 2112 3534 2179 inserit,
3561 2122 3621 2168 et

2038 2205 2183 2258 sicut
2215 2202 2664 2273 concupiscentia
2695 2210 2749 2256 et
2775 2216 2929 2258 amor
2952 2203 3280 2270 molestiam,
3324 2203 3409 2259 sic
3448 2200 3623 2259 animi

2038 2294 2274 2365 dejectio
2330 2294 2646 2364 passionem
2692 2294 2911 2365 ingerit.
2950 2293 3125 2350 Porro
3164 2294 3354 2350 vinum
3402 2309 3623 2364 semper

2039 2386 2107 2441 de
2160 2385 2477 2440 calamitate
2523 2385 2895 2456 et'supplicio
2930 2384 3100 2453 dicit;
3152 2399 3219 2441 eo
3261 2385 3409 2455 quod
3437 2385 3625 2439 vinum

2039 2476 2323 2548 copiosius
2361 2474 2551 2529 datum
2593 2476 2954 2546 cogitationes
2998 2475 3319 2540 transierat,
3352 2483 3408 2531 et
3441 2482 3628 2535 trans-

2038 2577 2241 2638 vertat,
2296 2577 2353 2624 et
2389 2568 2720 2639 supplicium
2753 2584 2785 2622 a
2834 2566 2946 2623 Deo
2997 2568 3211 2624 illatum
3258 2583 3292 2623 a
3341 2583 3445 2625 suo
3478 2576 3631 2625 statu

2040 2669 2280 2719 mentem
2305 2660 2601 2718 dimoveat.
2641 2657 2758 2715 Hoc
2794 2659 2981 2731 itaque
3009 2661 3146 2716 dicit
3175 2680 3189 2717 :
3222 2660 3495 2729 Quoniam
3527 2677 3629 2716 no-

2041 2756 2128 2812 bis
2182 2755 2518 2827 supplicium
2586 2752 2819 2825 irrogari
2872 2753 3213 2824 permisisti,
3276 2753 3442 2823 idque
3491 2751 3630 2813 adeo

2042 2849 2307 2912 ubertim,
2350 2853 2412 2902 ut
2450 2860 2563 2917 pra:
2594 2860 2757 2917 pugna
2800 2848 2857 2903 in
2891 2845 3327 2916 desperationem
3368 2844 3633 2902 inducere

2041 2941 2351 3007 videreris;
2386 2939 2526 2995 adeo
2554 2949 2735 2995 autem
2762 2953 2949 3009 grave,
2979 2944 3040 2993 ut
3070 2939 3329 3008 passione
3356 2946 3413 2993 et
3447 2936 3630 3010 pusil-

2044 3033 2352 3088 lanimitate
2376 3031 2615 3086 animam
2654 3028 3001 3086 abundanter
3026 3029 3298 3101 impleret.

434 3122 585 3193 Στίχ.
615 3129 690 3187 ς’.
715 3149 785 3163 —-
826 3120 964 3174 Ἀλλ’
996 3120 1055 3174 ἐν
1080 3119 1231 3192 μέσῳ
1271 3121 1542 3175 τοσούτων
1564 3121 1727 3187 δντας
1754 3122 1941 3177 κακῶν

2115 3125 2283 3181 Vsus.
2335 3124 2388 3182 6.
2418 3153 2491 3169 --—
2515 3122 2784 3179 Caeterum
2819 3125 2876 3178 in
2908 3122 3090 3178 medio
3133 3131 3408 3177 tantorum
3455 3119 3630 3176 malo.

356 3216 464 3269 οὐκ
492 3216 710 3285 ἀφῆκας
741 3213 953 3278 παθεῖν,
979 3213 1167 3285 ὥσπερ
1206 3213 1263 3267 δέ
1293 3214 1505 3285 σημείῳ
1537 3216 1643 3267 τινὶ
1655 3215 1941 3284 διακρίνας

2048 3233 2171 3274 rum
2208 3217 2540 3274 exsistentes
2571 3230 2683 3271 non
2715 3215 3014 3285 permisisti
3058 3215 3200 3277 ladi,
3237 3214 3334 3271 sed
3364 3221 3626 3283 tanquam

357 3308 537 3380 ἡμᾶς’
560 3306 733 3370 οὕτως
748 3308 807 3361 ἐν
831 3307 980 3377 μέσῳ
1003 3306 1110 3359 τῶν
1129 3306 1314 3360 κακῶν
1332 3307 1729 3377 στρεφομένους
1754 3308 1945 3363 ἀνεπιο

354 3398 687 3461 ϐουλεύτους
734 3396 1373 3469 φυλαχθῆναιιέποίησας
1422 3397 1524 3467 τῆς
1551 3397 1657 3450 τῶν
1686 3399 1943 3453 ἐναντίων

353 3490 686 3560 ἐπιϐουλῆς.
718 3489 891 3543 Τοῦτο
913 3488 974 3541 δὲ
1004 3489 1068 3541 ἐκ
1102 3489 1411 3560 μεταφορᾶς
1444 3488 1593 3556 λέγει
1619 3487 1727 3542 τῶν
1746 3491 1803 3542 ἐν
1833 3492 1944 3555 τοῖς

352 3581 626 3652 πολέμοις
679 3579 941 3643 πολλάκις
989 3580 1443 3650 ἀναμιγνυμένων
1487 3582 1598 3641 τοῖς
1640 3580 1943 3651 πολεμίοις,

351 3664 563 3729 οἵτινες
593 3663 848 3734 ἀλλήλοις
878 3662 1083 3716 διδόασι
1124 3665 1326 3733 σημεῖα
1354 3663 1448 3716 καὶ
1479 3662 1724 3733 σύμϐολα
1746 3665 1946 3719 οἰκειό-

346 3774 551 3828 τητος,
580 3756 676 3809 καὶ
704 3753 1064 3823 γινώσκουσιν
1094 3754 1356 3825 ἀλλήλους
1389 3756 1446 3807 ἐν
1473 3754 1817 3827 ἀπομιμήσει
1850 3755 1946 3811 τοῦ

349 3848 651 3918 σχήματος
678 3887 695 3911 ,
729 3844 805 3909 ὼς
837 3845 913 3915 μὴ
967 3843 1166 3916 ἀθρόαν
1205 3844 1302 3897 καὶ
1338 3843 1747 3916 ἀπροσδόκητον
1814 3847 1948 3900 ὑπο-

346 3939 545 3993 στῶσι
577 3938 678 4008 τὴν
704 3935 996 4007 τιμωρίαν·
1030 3937 1078 3988 οἱ
1105 3936 1212 4007 γάρ
1241 3934 1399 3988 τοῦτο
1414 3935 1711 4003 ποιοῦντες,
1740 3939 1828 3992 ἀεὶ
1855 3957 1951 4009 ση-

346 4030 515 4101 μεῖόν
551 4046 605 4081 τι
632 4027 852 4089 πάντως
894 4025 1143 4103 ἀλληλοις
1173 4028 1267 4078 καί
1313 4026 1562 4096 σύνθημα
1586 4028 1842 4093 διδόασιν,
1873 4030 1949 4095 ὡς

339 4122 415 4177 ἂν
449 4122 547 4194 μὴ
579 4117 689 4173 ἀπὸ
721 4119 820 4190 τῆς
855 4117 997 4172 κατὰ
1026 4117 1086 4171 τὸ
1123 4117 1308 4189 σχῆμα
1348 4119 1658 4190 κοινότητος
1690 4120 1951 4193 ἀλλήλους

340 4215 475 4268 ἀντὶ
496 4211 624 4266 τῶν
648 4210 924 4279 πολεμίων
949 4209 1177 4263 ἀνέλωσι
1198 4227 1210 4238 ·
1247 4210 1457 4282 σημείῳ
1476 4210 1534 4263 δέ
1560 4229 1666 4266 τινι
1690 4214 1952 4285 γνωρίμῳ

338 4304 743 4378 διακρξνοντες
792 4301 1087 4371 ἀλλήλους,
1149 4300 1507 4371 φυλάττονται
1556 4303 1655 4373 μὲν
1689 4305 1786 4367 τὰς
1830 4304 1950 4357 κατ’

2051 3311 2211 3383 signo
2241 3310 2485 3382 quodam
2526 3323 2628 3366 nos
2661 3308 3041 3379 distinguens;
3085 3306 3168 3364 sic
3208 3306 3266 3360 in
3299 3305 3486 3360 medio
3512 3319 3632 3360 ma-

2052 3404 2230 3460 lorum
2247 3407 2583 3463 -versantes,
2618 3401 2687 3455 ab
2733 3399 2952 3456 insidiis
2995 3397 3436 3454 adversariorum
3480 3404 3633 3454 tutos

2052 3495 2322 3553 custodiri
2366 3492 2568 3549 fecisti.
2621 3490 2737 3547 Hoc
2784 3499 2963 3546 autem
3009 3490 3143 3544 dicit
3204 3504 3274 3544 ex
3314 3488 3635 3558 metaphora

2052 3603 2268 3654 eorum,
2312 3585 2406 3657 qui
2442 3585 2496 3639 in
2542 3583 2704 3639 bellis
2738 3595 3115 3652 saepenumero
3147 3579 3399 3636 hostibus
3429 3579 3635 3651 permi.

2055 3676 2147 3741 sti,
2183 3676 2288 3732 sibi
2321 3681 2514 3729 mutuo
2549 3673 2706 3743 signa
2739 3671 2986 3750 quaedam
3015 3684 3080 3724 ac
3119 3670 3366 3741 symbola
3400 3671 3635 3729 familia--~

2054 3765 2236 3821 ritatis
2266 3779 2364 3820 seu
2389 3763 2646 3818 amicitiae
2667 3761 2926 3830 prabent,
2951 3761 3096 3816 unde
3118 3775 3176 3816 se
3206 3760 3439 3817 invicem
3465 3776 3636 3833 agno-

2057 3862 2217 3912 scant
2276 3854 2333 3909 in
2387 3852 3002 3923 similitudine-ﬁguras,
3062 3865 3133 3907 ne
3178 3853 3519 3923 repentinam
3578 3861 3637 3910 et

2058 3948 2492 4018 inexspectatam
2551 3948 2756 4000 ea‘dem
2809 3943 3139 3998 incurrant:
3182 3944 3275 4013 qui
3323 3943 3470 3998 enim
3530 3943 3637 4000 hoe

2059 4040 2288 4105 faciunt,
2320 4052 2537 4108 semper
2564 4036 2791 4093 omnino
2812 4035 2919 4092 sibi
2950 4044 3140 4090 mutuo
3168 4036 3382 4106 signum
3414 4035 3636 4107 aliquod

2058 4145 2123 4187 ex
2159 4128 2415 4186 condicto
2459 4126 2701 4189 tradunt,
2757 4140 2828 4180 ne
2871 4132 3096 4194 propter
3136 4139 3481 4181 communem
3514 4141 3635 4196 spe-

2061 4223 2200 4279 ciem
2228 4237 2287 4277 se
2316 4220 2549 4276 invicem
2585 4233 2685 4289 pro
2731 4218 2982 4273 hostibus
3015 4215 3394 4274 interimerent
3423 4236 3438 4274 :
3468 4233 3637 4289 porro

2063 4315 2223 4386 signo
2266 4312 2452 4380 aliquo
2480 4309 2709 4365 notabili
2752 4307 2984 4362 invicem
3013 4305 3412 4373 discernentes,
3463 4323 3494 4363 a
3528 4324 3637 4365 mtt-

339 4394 625 4466 ἀλλήλων
656 4390 873 4460 σφαγὰς
901 4429 916 4454 ,
952 4391 1253 4462 πράττουσι
1293 4389 1350 4443 δὲ
1390 4389 1529 4460 μετά
1558 4391 1738 4461 πάσης
1771 4393 1941 4457 ἁδείας

2065 4406 2173 4461 tuis
2221 4403 2440 4475 quidem
2477 4398 2723 4454 caedibus
2776 4397 3079 4462 abstinent,
3142 4413 3268 4454 cum
3309 4399 3459 4455 omni
3504 4413 3639 4455 vero

335 4488 415 4541 τά
445 4482 735 4540 δοκοῦντα
764 4484 841 4546 είς
871 4482 998 4545 τοὺς
1026 4481 1318 4551 πολεμίους
1343 4497 1354 4511 ·
1386 4476 1414 4534 ὃ
1442 4480 1507 4553 δὴ
1531 4482 1755 4552 ποιῆσαι
1776 4500 1835 4538 τε
1862 4486 1941 4539 και

2064 4495 2359 4552 securitate
2403 4489 2616 4545 faciunt
2655 4502 2719 4543 ea
2758 4502 2880 4557 quae
2917 4496 3112 4542 contra
3148 4488 3334 4544 hostes
3382 4486 3638 4543 videntur

339 4574 719 4649 φυλάξασθαι
758 4573 997 4635 ἐκείνους
1039 4572 1136 4643 οὑχ
1176 4565 1286 4625 οἷόν
1335 4589 1396 4625 τε
1447 4572 1523 4644 τῷ
1575 4575 1813 4644 σχήματι
1859 4575 1941 4646 pg,

2061 4593 2369 4658 opportuna
2394 4581 2572 4652 :quod
2605 4580 2794 4650 utique
2821 4580 2925 4650 ipsi
2954 4577 3137 4635 facere
3157 4589 3319 4650 atque
3346 4578 3643 4636 observare

334 4667 795 4736 ἀπατωμένους,
821 4665 883 4717 τὸ
916 4663 1163 4733 σύνθημα
1190 4663 1246 4716 δὲ
1275 4665 1377 4717 οὐκ
1410 4664 1636 4725 εἰδότας.
1666 4665 1835 4719 Τοῦτο
1861 4662 1941 4724 οὗι

2060 4679 2287 4734 minimc
2338 4681 2585 4746 possent,
2643 4674 2688 4727 si
2734 4674 2915 4743 specie
2960 4671 3180 4742 quidem
3228 4667 3634 4741 deciperentur,

337 4778 528 4832 φησιν
569 4775 582 4789 ’
630 4758 754 4809 Ὂτι
790 4755 979 4825 ὥσπερ
1019 4754 1231 4826 σημείῳ
1279 4756 1388 4808 τινὶ
1430 4755 1745 4825 διακρίνας,
1777 4758 1941 4832 πάσης

2061 4770 2377 4826 condictum
2402 4781 2535 4821 vero
2563 4764 2780 4835 signum
2813 4765 3148 4835 ignorarent.
3179 4761 3290 4817 Hoc
3313 4763 3501 4832 imque
3527 4763 3634 4818 ait‘:

333 4856 506 4925 ἡμᾶς
569 4847 789 4921 ἐῤῥύσω
826 4846 928 4917 τῆς
978 4848 1111 4917 παρ’
1138 4847 1361 4899 ἐκείνων
1395 4846 1716 4918 ἐπιϐουλῆς,
1771 4850 1848 4913 ὡς
1892 4849 1941 4903 ἂι

2062 4857 2218 4924 Quod
2256 4856 2401 4911 sicut
2432 4853 2592 4923 signo
2621 4854 2807 4923 aliquo
2836 4852 3181 4917 discernens,
3218 4866 3409 4906 omnes
3440 4866 3542 4905 nos
3572 4853 3640 4907 ab

341 4948 498 5018 μήτε
536 4942 656 4997 ὑπὸ
687 4941 859 5005 τόξων
904 4940 1221 5010 φερομένων
1270 4940 1407 5010 μήτε
1452 4941 1556 4994 ύπό
1586 4957 1730 5004 τινος
1771 4942 1941 5013 ἐτέροι

2062 4948 2281 5002 illorum
2312 4945 2525 5000 insidiis
2571 4944 2839 5009 Iiberasti,
2882 4949 2942 4998 ut
3000 4958 3180 5013 neque
3231 4959 3261 4996 a
3305 4942 3637 5012 sagittariis.

337 5037 529 5093 πάθοι
540 5035 651 5105 μέν
681 5050 735 5085 τι
748 5032 950 5086 δεινόν.
979 5031 1151 5085 Τοῦτο
1181 5031 1237 5083 δὲ
1267 5033 1362 5084 καὶ
1391 5032 1499 5084 ἀπὸ
1516 5031 1624 5085 τῶν
1654 5036 1772 5086 κατ’
1796 5035 1941 5102 Δί’γυ⁴

2063 5033 2241 5108 neque
2267 5037 2335 5091 ab
2366 5037 2476 5091 alio
2502 5036 2686 5105 aliquo
2708 5034 2988 5105 quidpiam
3017 5035 3145 5088 mali
3168 5041 3500 5103 pateremur.
3525 5030 3640 5086 Hoc

337 5148 491 5186 πτον
527 5124 723 5182 λαϐὼν
741 5119 894 5177 εἶπεν
914 5166 927 5189 ,
955 5123 1037 5176 ὅτι
1066 5122 1254 5193 ῶσπερ
1276 5124 1484 5193 σημείῳ
1500 5126 1603 5177 τινὶ
1626 5125 1704 5195 τῷ
1732 5126 1823 5179 ἐπὶ
1852 5126 1960 5180 τῶν

333 5223 540 5295 φλιῶν
574 5219 774 5288 αἵματι
797 5215 1077 5287 διακρίνας
1107 5213 1331 5279 τούτους
1353 5215 1459 5269 ἀπὸ
1484 5216 1590 5268 τῶν
1622 5217 1960 5286 Αἰγυπτίων,

334 5316 605 5376 τούτους
628 5311 730 5383 μὲν
763 5307 1021 5370 ἀϐλαϐεῖς
1044 5306 1386 5378 διετήρησεν,
1418 5308 1659 5372 ἐκείνους
1687 5308 1743 5362 δὲ
1763 5312 1957 5380 ἐτιμω-

335 5411 609 5477 ρήσει-το.

414 5495 598 5564 Στίχ.
627 5490 692 5557 ζ’.
728 5522 797 5532 ——
820 5491 1002 5544 Ταῦτα
1026 5490 1103 5556 δὲ,
1130 5490 1315 5560 φησὶν,
1338 5489 1597 5559 ἐποίησας
1622 5489 1760 5562 ὑπὲρ
1806 5490 1961 5561 ἡμῶν

2063 5141 2246 5186 autem
2279 5129 2444 5183 etiam
2479 5128 2618 5183 dixit
2656 5129 2908 5197 exemplo
2929 5143 3120 5184 eorum
3156 5142 3279 5196 qua:
3315 5125 3372 5181 in
3400 5122 3638 5197 Egypto

2062 5222 2455 5291 contigerunt:
2486 5219 2618 5288 quia
2669 5218 2829 5289 quasi
2865 5219 3024 5287 signo
3064 5220 3319 5289 quopiam
3370 5218 3640 5288 sanguine

2062 5313 2397 5368 liminarium
2445 5309 2549 5366 bos
2591 5311 2662 5366 ab
2697 5310 2972 5381 [Egyptiis
3014 5312 3382 5373 distinguens.
3435 5312 3637 5369 illaesos

2063 5403 2384 5467 custodivit,
2425 5401 2709 5473 [Egyptios
2736 5418 2866 5459 vero
2891 5403 3122 5474 punivit.

2133 5493 2302 5549 Vsus.
2337 5493 2387 5545 7.
2419 5524 2487 5536 -—
2517 5492 2643 5547 Ηεεο
2685 5502 2891 5559 autem,
2926 5495 3125 5566 inquit,
3171 5509 3272 5566 pro
3315 5496 3481 5554 nobis
3520 5512 3550 5552 a
3582 5505 3637 5553 te

2063 5587 2274 5641 dilectis
2293 5583 2543 5650 effecisti,
2570 5592 2630 5638 ut
2663 5586 2731 5641 ab
2758 5587 2975 5641 illorum
3007 5587 3222 5643 insidiis
3255 5588 3632 5644 liberaremur.

2065 5674 2268 5730 Deinde
2314 5674 2476 5728 etiam
2521 5687 2723 5742 rogans
2768 5674 3076 5747 subiungit,
3136 5677 3202 5733 Ut
3248 5678 3529 5743 nimirum,
3564 5678 3644 5731 in-

2068 5766 2205 5839 quit,
2238 5766 2393 5824 illzcsi
2444 5778 2866 5839 permanentes,
2915 5785 2944 5824 a
2990 5767 3133 5827 facie
3173 5785 3334 5827 arcus
3372 5769 3634 5823 liberare-

331 5589 458 5643 τῶν
490 5583 890 5656 ἠγαπημένων
923 5582 1027 5635 ὑπὸ
1068 5581 1163 5635 σοῦ
1191 5623 1205 5647 ,
1242 5581 1330 5635 ἵνα
1362 5581 1523 5650 ἡμεῖς
1560 5580 1962 5651 ἀπαλλαγῶμεν

331 5684 449 5751 τῆς
476 5676 726 5732 ἐκείνων
753 5673 1068 5745 ἐπιϐουλῆς.
1099 5668 1233 5727 Εἶτα
1256 5672 1349 5725 καὶ
1369 5672 1657 5741 εὐχόμενος
1688 5672 1961 5743 ἐπιφέρει,

332 5774 564 5835 Ὅπως
596 5769 726 5841 γὰρ,
752 5769 938 5840 φησὶν,
968 5766 1225 5832 ἀδλαδεῖς
1253 5765 1650 5836 διαμείναντες,
1674 5765 1960 5837 ῥυσθῶμεν
