  <div class='ocr_page' id='page_1' title='image "/cluster/home/n/w/nwhite01/storage/ocr_20150623/66/mdp.39015008467477/351.png"; bbox 0 0 3974 6146; ppageno 0'>
   <div class='ocr_carea' id='block_1_1' title="bbox 323 304 430 364">
    <p class='ocr_par' dir='ltr' id='par_1_1' title="bbox 323 304 430 364">
     <span class='ocr_line' id='line_1_1' title="bbox 323 304 430 364; baseline 0 -5"><span class='ocrx_word' id='word_1_1' title='bbox 323 304 430 364; x_wconf 68' lang='grc' dir='ltr'>σιτ</span> 
     </span>
    </p>
   </div>
   <div class='ocr_carea' id='block_1_2' title="bbox 1498 282 2371 351">
    <p class='ocr_par' dir='ltr' id='par_1_2' title="bbox 1498 282 2371 351">
     <span class='ocr_line' id='line_1_2' title="bbox 1498 282 2371 351; baseline -0.005 0"><span class='ocrx_word' id='word_1_2' title='bbox 1498 289 1847 351; x_wconf 73' lang='grc' dir='ltr'>τΗΕοῡΟΒι</span> <span class='ocrx_word' id='word_1_3' title='bbox 1896 287 2122 348; x_wconf 78' lang='lat' dir='ltr'><strong>MOPSU</strong></span> <span class='ocrx_word' id='word_1_4' title='bbox 2132 282 2371 348; x_wconf 81' lang='lat' dir='ltr'><strong>ESTENI</strong></span> 
     </span>
    </p>
   </div>
   <div class='ocr_carea' id='block_1_3' title="bbox 3475 291 3576 353">
    <p class='ocr_par' dir='ltr' id='par_1_3' title="bbox 3475 291 3576 353">
     <span class='ocr_line' id='line_1_3' title="bbox 3475 291 3576 353; baseline -0.01 -7"><span class='ocrx_word' id='word_1_5' title='bbox 3475 291 3576 353; x_wconf 54' lang='grc' dir='ltr'><strong>ΜΒ</strong></span> 
     </span>
    </p>
   </div>
   <div class='ocr_carea' id='block_1_4' title="bbox 327 406 1904 485">
    <p class='ocr_par' dir='ltr' id='par_1_4' title="bbox 327 409 1902 485">
     <span class='ocr_line' id='line_1_4' title="bbox 327 409 1902 485; baseline -0.009 -11"><span class='ocrx_word' id='word_1_6' title='bbox 327 439 471 482; x_wconf 78' lang='lat' dir='ltr'><strong>mur,</strong></span> <span class='ocrx_word' id='word_1_7' title='bbox 521 418 739 474; x_wconf 89' lang='lat' dir='ltr'><strong>dileetls</strong></span> <span class='ocrx_word' id='word_1_8' title='bbox 794 417 906 474; x_wconf 88' lang='lat' dir='ltr'><strong>tuis</strong></span> <span class='ocrx_word' id='word_1_9' title='bbox 961 415 1285 485; x_wconf 73' lang='lat' dir='ltr'><strong>prtedictum</strong></span> <span class='ocrx_word' id='word_1_10' title='bbox 1335 414 1556 484; x_wconf 78' lang='lat' dir='ltr'><strong>signum</strong></span> <span class='ocrx_word' id='word_1_11' title='bbox 1605 409 1902 466; x_wconf 73' lang='lat' dir='ltr'><strong>tradidisti.</strong></span> 
     </span>
    </p>
   </div>
   <div class='ocr_carea' id='block_1_5' title="bbox 2005 406 3578 485">
    <p class='ocr_par' dir='ltr' id='par_1_5' title="bbox 2006 406 3578 482">
     <span class='ocr_line' id='line_1_5' title="bbox 2006 406 3578 482; baseline 0.004 -22"><span class='ocrx_word' id='word_1_12' title='bbox 2006 409 2116 461; x_wconf 70' lang='grc' dir='ltr'><strong>ἀπὸ</strong></span> <span class='ocrx_word' id='word_1_13' title='bbox 2144 408 2435 478; x_wconf 76' lang='grc' dir='ltr'><strong>προσώπου</strong></span> <span class='ocrx_word' id='word_1_14' title='bbox 2457 406 2631 471; x_wconf 80' lang='grc' dir='ltr'><strong>τόξου,</strong></span> <span class='ocrx_word' id='word_1_15' title='bbox 2658 409 2768 470; x_wconf 82' lang='grc' dir='ltr'>τοῖς</span> <span class='ocrx_word' id='word_1_16' title='bbox 2797 408 3102 478; x_wconf 71' lang='grc' dir='ltr'><strong>ἀγαπητοῖς</strong></span> <span class='ocrx_word' id='word_1_17' title='bbox 3131 425 3220 462; x_wconf 84' lang='grc' dir='ltr'><strong>σου</strong></span> <span class='ocrx_word' id='word_1_18' title='bbox 3245 410 3342 479; x_wconf 80' lang='grc' dir='ltr'>τὴν</span> <span class='ocrx_word' id='word_1_19' title='bbox 3374 412 3578 482; x_wconf 73' lang='grc' dir='ltr'>λεχθεῖ-</span> 
     </span>
    </p>
   </div>
   <div class='ocr_carea' id='block_1_6' title="bbox 327 503 1901 574">
    <p class='ocr_par' dir='ltr' id='par_1_6' title="bbox 327 503 1901 574">
     <span class='ocr_line' id='line_1_6' title="bbox 327 503 1901 574; baseline -0.006 -7"><span class='ocrx_word' id='word_1_20' title='bbox 327 512 446 569; x_wconf 87' lang='lat' dir='ltr'><strong>Hoc</strong></span> <span class='ocrx_word' id='word_1_21' title='bbox 497 517 682 566; x_wconf 87' lang='lat' dir='ltr'><strong>autem</strong></span> <span class='ocrx_word' id='word_1_22' title='bbox 727 509 891 564; x_wconf 80' lang='lat' dir='ltr'><strong>etiam</strong></span> <span class='ocrx_word' id='word_1_23' title='bbox 933 506 1024 560; x_wconf 88' lang='lat' dir='ltr'><strong>hic</strong></span> <span class='ocrx_word' id='word_1_24' title='bbox 1051 504 1368 569; x_wconf 88' lang='lat' dir='ltr'><strong>dicendum,</strong></span> <span class='ocrx_word' id='word_1_25' title='bbox 1418 503 1568 574; x_wconf 91' lang='lat' dir='ltr'><strong>quod</strong></span> <span class='ocrx_word' id='word_1_26' title='bbox 1609 512 1739 557; x_wconf 89' lang='lat' dir='ltr'><strong>tunc</strong></span> <span class='ocrx_word' id='word_1_27' title='bbox 1767 503 1901 558; x_wconf 83' lang='lat' dir='ltr'><strong>libe-</strong></span> 
     </span>
    </p>
   </div>
   <div class='ocr_carea' id='block_1_7' title="bbox 324 595 1902 672">
    <p class='ocr_par' dir='ltr' id='par_1_7' title="bbox 324 595 1902 672">
     <span class='ocr_line' id='line_1_7' title="bbox 324 595 1902 672; baseline -0.006 -14"><span class='ocrx_word' id='word_1_28' title='bbox 324 604 438 658; x_wconf 86' lang='lat' dir='ltr'><strong>rari</strong></span> <span class='ocrx_word' id='word_1_29' title='bbox 473 608 730 672; x_wconf 88' lang='lat' dir='ltr'><strong>poterunt</strong></span> <span class='ocrx_word' id='word_1_30' title='bbox 767 599 837 652; x_wconf 88' lang='lat' dir='ltr'><strong>ab</strong></span> <span class='ocrx_word' id='word_1_31' title='bbox 867 597 1110 652; x_wconf 91' lang='lat' dir='ltr'><strong>inimicis</strong></span> <span class='ocrx_word' id='word_1_32' title='bbox 1138 596 1532 660; x_wconf 90' lang='lat' dir='ltr'><strong>invisibilibus,</strong></span> <span class='ocrx_word' id='word_1_33' title='bbox 1559 595 1781 665; x_wconf 86' lang='lat' dir='ltr'><strong>quando</strong></span> <span class='ocrx_word' id='word_1_34' title='bbox 1806 608 1902 650; x_wconf 88' lang='lat' dir='ltr'><strong>eos</strong></span> 
     </span>
    </p>
   </div>
   <div class='ocr_carea' id='block_1_8' title="bbox 324 685 1904 757">
    <p class='ocr_par' dir='ltr' id='par_1_8' title="bbox 324 685 1904 757">
     <span class='ocr_line' id='line_1_8' title="bbox 324 685 1904 757; baseline -0.006 -7"><span class='ocrx_word' id='word_1_35' title='bbox 324 694 563 751; x_wconf 87' lang='lat' dir='ltr'><strong>servabit</strong></span> <span class='ocrx_word' id='word_1_36' title='bbox 590 692 813 747; x_wconf 90' lang='lat' dir='ltr'><strong>dextera</strong></span> <span class='ocrx_word' id='word_1_37' title='bbox 857 698 972 753; x_wconf 90' lang='lat' dir='ltr'><strong>tua,</strong></span> <span class='ocrx_word' id='word_1_38' title='bbox 1018 687 1192 744; x_wconf 89' lang='lat' dir='ltr'><strong>Filius</strong></span> <span class='ocrx_word' id='word_1_39' title='bbox 1246 700 1372 742; x_wconf 91' lang='lat' dir='ltr'><strong>tuus</strong></span> <span class='ocrx_word' id='word_1_40' title='bbox 1414 687 1752 757; x_wconf 90' lang='lat' dir='ltr'><strong>unigenitus.</strong></span> <span class='ocrx_word' id='word_1_41' title='bbox 1801 685 1904 740; x_wconf 84' lang='lat' dir='ltr'><strong>Hic</strong></span> 
     </span>
    </p>
   </div>
   <div class='ocr_carea' id='block_1_9' title="bbox 323 780 1901 850">
    <p class='ocr_par' dir='ltr' id='par_1_9' title="bbox 323 780 1901 850">
     <span class='ocr_line' id='line_1_9' title="bbox 323 780 1901 850; baseline -0.008 -8"><span class='ocrx_word' id='word_1_42' title='bbox 323 787 470 842; x_wconf 85' lang='lat' dir='ltr'><strong>enim</strong></span> <span class='ocrx_word' id='word_1_43' title='bbox 523 784 750 839; x_wconf 79' lang='lat' dir='ltr'><strong>dextera</strong></span> <span class='ocrx_word' id='word_1_44' title='bbox 801 780 897 836; x_wconf 87' lang='lat' dir='ltr'><strong>Dei</strong></span> <span class='ocrx_word' id='word_1_45' title='bbox 941 795 1318 850; x_wconf 65' lang='lat' dir='ltr'><strong>saepenumero</strong></span> <span class='ocrx_word' id='word_1_46' title='bbox 1365 780 1757 848; x_wconf 73' lang='lat' dir='ltr'><strong>interpretatus</strong></span> <span class='ocrx_word' id='word_1_47' title='bbox 1795 784 1901 845; x_wconf 88' lang='lat' dir='ltr'><strong>est,</strong></span> 
     </span>
    </p>
   </div>
   <div class='ocr_carea' id='block_1_10' title="bbox 324 868 1903 945">
    <p class='ocr_par' dir='ltr' id='par_1_10' title="bbox 324 868 1903 945">
     <span class='ocr_line' id='line_1_10' title="bbox 324 868 1903 945; baseline -0.006 -15"><span class='ocrx_word' id='word_1_48' title='bbox 324 874 624 945; x_wconf 63' lang='lat' dir='ltr'><strong>praesertim</strong></span> <span class='ocrx_word' id='word_1_49' title='bbox 663 871 887 942; x_wconf 88' lang='lat' dir='ltr'><strong>quando</strong></span> <span class='ocrx_word' id='word_1_50' title='bbox 935 871 1287 940; x_wconf 74' lang='lat' dir='ltr'><strong>praepositum</strong></span> <span class='ocrx_word' id='word_1_51' title='bbox 1340 877 1424 925; x_wconf 88' lang='lat' dir='ltr'><strong>est</strong></span> <span class='ocrx_word' id='word_1_52' title='bbox 1461 869 1614 935; x_wconf 87' lang='lat' dir='ltr'><strong>illud,</strong></span> <span class='ocrx_word' id='word_1_53' title='bbox 1657 868 1903 924; x_wconf 83' lang='lat' dir='ltr'><strong>Stabitt&#39;vi</strong></span> 
     </span>
    </p>
   </div>
   <div class='ocr_carea' id='block_1_11' title="bbox 324 959 1903 1032">
    <p class='ocr_par' dir='ltr' id='par_1_11' title="bbox 324 959 1903 1032">
     <span class='ocr_line' id='line_1_11' title="bbox 324 959 1903 1032; baseline -0.004 -12"><span class='ocrx_word' id='word_1_54' title='bbox 324 974 372 1020; x_wconf 77' lang='lat' dir='ltr'><strong>te</strong></span> <span class='ocrx_word' id='word_1_55' title='bbox 400 965 617 1019; x_wconf 68' lang='lat' dir='ltr'><strong>dextera</strong></span> <span class='ocrx_word' id='word_1_56' title='bbox 631 963 785 1030; x_wconf 82' lang='lat' dir='ltr'><strong>justa</strong></span> <span class='ocrx_word' id='word_1_57' title='bbox 807 978 923 1016; x_wconf 82' lang='lat' dir='ltr'><strong>utea</strong></span> <span class='ocrx_word' id='word_1_58' title='bbox 949 959 1087 1032; x_wconf 84' lang='lat' dir='ltr'><strong>(Isa.</strong></span> <span class='ocrx_word' id='word_1_59' title='bbox 1122 977 1232 1026; x_wconf 79' lang='lat' dir='ltr'><strong>xu,</strong></span> <span class='ocrx_word' id='word_1_60' title='bbox 1265 961 1354 1029; x_wconf 85' lang='lat' dir='ltr'><strong>I0)</strong></span> <span class='ocrx_word' id='word_1_61' title='bbox 1381 977 1395 1026; x_wconf 89' lang='lat'><strong>;</strong></span> <span class='ocrx_word' id='word_1_62' title='bbox 1424 968 1499 1025; x_wconf 88' lang='lat' dir='ltr'><strong>et,</strong></span> <span class='ocrx_word' id='word_1_63' title='bbox 1527 961 1757 1015; x_wconf 78' lang='lat' dir='ltr'><strong>Dextera</strong></span> <span class='ocrx_word' id='word_1_64' title='bbox 1785 977 1903 1014; x_wconf 82' lang='lat' dir='ltr'><strong>mea</strong></span> 
     </span>
    </p>
   </div>
   <div class='ocr_carea' id='block_1_12' title="bbox 322 1049 1902 1124">
    <p class='ocr_par' dir='ltr' id='par_1_12' title="bbox 322 1049 1902 1124">
     <span class='ocr_line' id='line_1_12' title="bbox 322 1049 1902 1124; baseline -0.003 -16"><span class='ocrx_word' id='word_1_65' title='bbox 322 1055 553 1124; x_wconf 72' lang='lat' dir='ltr'><strong>ﬁrmauit</strong></span> <span class='ocrx_word' id='word_1_66' title='bbox 601 1055 790 1108; x_wconf 70' lang='lat' dir='ltr'><strong>caelum</strong></span> <span class='ocrx_word' id='word_1_67' title='bbox 823 1051 963 1123; x_wconf 68' lang='lat' dir='ltr'><strong>(Ira.</strong></span> <span class='ocrx_word' id='word_1_68' title='bbox 1015 1067 1207 1114; x_wconf 73' lang='lat' dir='ltr'><strong>xwtu,</strong></span> <span class='ocrx_word' id='word_1_69' title='bbox 1261 1051 1371 1120; x_wconf 80' lang='grc'><strong>15).</strong></span> <span class='ocrx_word' id='word_1_70' title='bbox 1421 1049 1716 1105; x_wconf 87' lang='lat' dir='ltr'><strong>Sciendum</strong></span> <span class='ocrx_word' id='word_1_71' title='bbox 1764 1065 1902 1120; x_wconf 81' lang='lat' dir='ltr'><strong>quo-</strong></span> 
     </span>
    </p>
   </div>
   <div class='ocr_carea' id='block_1_13' title="bbox 321 1140 1931 1212">
    <p class='ocr_par' dir='ltr' id='par_1_13' title="bbox 321 1140 1931 1212">
     <span class='ocr_line' id='line_1_13' title="bbox 321 1140 1931 1212; baseline -0.004 -12"><span class='ocrx_word' id='word_1_72' title='bbox 321 1145 486 1200; x_wconf 91' lang='lat' dir='ltr'><strong>modo</strong></span> <span class='ocrx_word' id='word_1_73' title='bbox 516 1144 719 1199; x_wconf 84' lang='lat' dir='ltr'><strong>iterum</strong></span> <span class='ocrx_word' id='word_1_74' title='bbox 765 1141 957 1196; x_wconf 88' lang='lat' dir='ltr'><strong>ordine</strong></span> <span class='ocrx_word' id='word_1_75' title='bbox 990 1141 1364 1212; x_wconf 65' lang='lat' dir='ltr'><strong>intelligentia:</strong></span> <span class='ocrx_word' id='word_1_76' title='bbox 1413 1155 1534 1195; x_wconf 89' lang='lat' dir='ltr'><strong>sese</strong></span> <span class='ocrx_word' id='word_1_77' title='bbox 1565 1140 1806 1194; x_wconf 83' lang='lat' dir='ltr'><strong>habeant</strong></span> <span class='ocrx_word' id='word_1_78' title='bbox 1837 1140 1931 1194; x_wconf 79' lang='lat' dir='ltr'><strong>ea&#39;</strong></span> 
     </span>
    </p>
   </div>
   <div class='ocr_carea' id='block_1_14' title="bbox 321 1231 1896 1308">
    <p class='ocr_par' dir='ltr' id='par_1_14' title="bbox 321 1231 1896 1308">
     <span class='ocr_line' id='line_1_14' title="bbox 321 1231 1896 1308; baseline -0.005 -15"><span class='ocrx_word' id='word_1_79' title='bbox 321 1252 443 1308; x_wconf 69' lang='lat' dir='ltr'><strong>quae</strong></span> <span class='ocrx_word' id='word_1_80' title='bbox 484 1234 859 1307; x_wconf 83' lang='lat' dir='ltr'><strong>proferuntur.</strong></span> <span class='ocrx_word' id='word_1_81' title='bbox 898 1232 1142 1287; x_wconf 87' lang='lat' dir='ltr'><strong>Primum</strong></span> <span class='ocrx_word' id='word_1_82' title='bbox 1191 1233 1336 1287; x_wconf 88' lang='lat' dir='ltr'><strong>enim</strong></span> <span class='ocrx_word' id='word_1_83' title='bbox 1387 1231 1481 1285; x_wconf 83' lang='lat' dir='ltr'><strong>tibi</strong></span> <span class='ocrx_word' id='word_1_84' title='bbox 1532 1231 1896 1297; x_wconf 84' lang='lat' dir='ltr'><strong>exaudiverit,</strong></span> 
     </span>
    </p>
   </div>
   <div class='ocr_carea' id='block_1_15' title="bbox 323 1325 1900 1393">
    <p class='ocr_par' dir='ltr' id='par_1_15' title="bbox 323 1325 1900 1393">
     <span class='ocr_line' id='line_1_15' title="bbox 323 1325 1900 1393; baseline -0.005 -7"><span class='ocrx_word' id='word_1_85' title='bbox 323 1337 507 1386; x_wconf 79' lang='lat' dir='ltr'><strong>servat</strong></span> <span class='ocrx_word' id='word_1_86' title='bbox 556 1327 745 1382; x_wconf 87' lang='lat' dir='ltr'><strong>Deus:</strong></span> <span class='ocrx_word' id='word_1_87' title='bbox 783 1333 838 1380; x_wconf 90' lang='lat' dir='ltr'><strong>et</strong></span> <span class='ocrx_word' id='word_1_88' title='bbox 881 1325 996 1379; x_wconf 82' lang='lat' dir='ltr'><strong>haec</strong></span> <span class='ocrx_word' id='word_1_89' title='bbox 1043 1331 1444 1393; x_wconf 81' lang='lat' dir='ltr'><strong>consequenter</strong></span> <span class='ocrx_word' id='word_1_90' title='bbox 1489 1333 1575 1378; x_wconf 90' lang='lat' dir='ltr'><strong>est</strong></span> <span class='ocrx_word' id='word_1_91' title='bbox 1630 1325 1900 1388; x_wconf 82' lang='lat' dir='ltr'><strong>connexio</strong></span> 
     </span>
    </p>
   </div>
   <div class='ocr_carea' id='block_1_16' title="bbox 325 1414 1902 1489">
    <p class='ocr_par' dir='ltr' id='par_1_16' title="bbox 325 1414 1902 1489">
     <span class='ocr_line' id='line_1_16' title="bbox 325 1414 1902 1489; baseline -0.003 -13"><span class='ocrx_word' id='word_1_92' title='bbox 325 1421 614 1484; x_wconf 87' lang='lat' dir='ltr'><strong>orationis,</strong></span> <span class='ocrx_word' id='word_1_93' title='bbox 643 1428 767 1489; x_wconf 91' lang='lat' dir='ltr'><strong>post</strong></span> <span class='ocrx_word' id='word_1_94' title='bbox 791 1417 972 1483; x_wconf 62' lang='lat' dir='ltr'><strong>Salva,</strong></span> <span class='ocrx_word' id='word_1_95' title='bbox 993 1416 1188 1472; x_wconf 76' lang='lat' dir='ltr'><strong>exaudi</strong></span> <span class='ocrx_word' id='word_1_96' title='bbox 1215 1433 1295 1470; x_wconf 84' lang='lat' dir='ltr'><strong>me</strong></span> <span class='ocrx_word' id='word_1_97' title='bbox 1322 1416 1594 1472; x_wconf 84' lang='lat' dir='ltr'><strong>habentis.</strong></span> <span class='ocrx_word' id='word_1_98' title='bbox 1619 1414 1734 1471; x_wconf 84' lang='lat' dir='ltr'><strong>Nisi</strong></span> <span class='ocrx_word' id='word_1_99' title='bbox 1760 1415 1902 1471; x_wconf 82' lang='lat' dir='ltr'><strong>forte</strong></span> 
     </span>
    </p>
   </div>
   <div class='ocr_carea' id='block_1_17' title="bbox 325 1507 1902 1584">
    <p class='ocr_par' dir='ltr' id='par_1_17' title="bbox 325 1507 1902 1584">
     <span class='ocr_line' id='line_1_17' title="bbox 325 1507 1902 1584; baseline -0.006 -12"><span class='ocrx_word' id='word_1_100' title='bbox 325 1515 408 1582; x_wconf 75' lang='lat' dir='ltr'><strong>sic</strong></span> <span class='ocrx_word' id='word_1_101' title='bbox 492 1513 864 1584; x_wconf 71' lang='lat' dir='ltr'><strong>intelligatur;</strong></span> <span class='ocrx_word' id='word_1_102' title='bbox 912 1512 1072 1580; x_wconf 88' lang='lat' dir='ltr'><strong>quasi</strong></span> <span class='ocrx_word' id='word_1_103' title='bbox 1126 1510 1274 1565; x_wconf 86' lang='lat' dir='ltr'><strong>dicat</strong></span> <span class='ocrx_word' id='word_1_104' title='bbox 1320 1528 1334 1564; x_wconf 91' lang='lat'><strong>:</strong></span> <span class='ocrx_word' id='word_1_105' title='bbox 1380 1507 1612 1564; x_wconf 87' lang='lat' dir='ltr'><strong>Salvans</strong></span> <span class='ocrx_word' id='word_1_106' title='bbox 1675 1509 1902 1563; x_wconf 85' lang='lat' dir='ltr'><strong>dextera</strong></span> 
     </span>
    </p>
   </div>
   <div class='ocr_carea' id='block_1_18' title="bbox 321 1597 1901 1668">
    <p class='ocr_par' dir='ltr' id='par_1_18' title="bbox 321 1597 1901 1668">
     <span class='ocr_line' id='line_1_18' title="bbox 321 1597 1901 1668; baseline -0.005 -6"><span class='ocrx_word' id='word_1_107' title='bbox 321 1605 527 1662; x_wconf 80' lang='lat' dir='ltr'><strong>exaudi</strong></span> <span class='ocrx_word' id='word_1_108' title='bbox 569 1621 677 1668; x_wconf 86' lang='lat' dir='ltr'><strong>me,</strong></span> <span class='ocrx_word' id='word_1_109' title='bbox 707 1605 782 1658; x_wconf 91' lang='lat' dir='ltr'><strong>ila</strong></span> <span class='ocrx_word' id='word_1_110' title='bbox 814 1612 873 1658; x_wconf 92' lang='lat' dir='ltr'><strong>ut</strong></span> <span class='ocrx_word' id='word_1_111' title='bbox 920 1603 1055 1658; x_wconf 87' lang='lat' dir='ltr'><strong>mihi</strong></span> <span class='ocrx_word' id='word_1_112' title='bbox 1093 1610 1312 1659; x_wconf 90' lang='lat' dir='ltr'><strong>servato</strong></span> <span class='ocrx_word' id='word_1_113' title='bbox 1349 1597 1414 1656; x_wconf 73' lang='lat' dir='ltr'><strong>in‘</strong></span> <span class='ocrx_word' id='word_1_114' title='bbox 1437 1601 1581 1658; x_wconf 89' lang='lat' dir='ltr'><strong>votis</strong></span> <span class='ocrx_word' id='word_1_115' title='bbox 1617 1601 1690 1656; x_wconf 86' lang='lat' dir='ltr'><strong>sit</strong></span> <span class='ocrx_word' id='word_1_116' title='bbox 1716 1600 1901 1656; x_wconf 90' lang='lat' dir='ltr'><strong>divina</strong></span> 
     </span>
    </p>
   </div>
   <div class='ocr_carea' id='block_1_19' title="bbox 323 1693 1892 1768">
    <p class='ocr_par' dir='ltr' id='par_1_19' title="bbox 323 1693 1892 1768">
     <span class='ocr_line' id='line_1_19' title="bbox 323 1693 1892 1768; baseline -0.006 -12"><span class='ocrx_word' id='word_1_117' title='bbox 323 1700 464 1756; x_wconf 64' lang='lat' dir='ltr'><strong>bona</strong></span> <span class='ocrx_word' id='word_1_118' title='bbox 507 1697 828 1768; x_wconf 77' lang='lat' dir='ltr'><strong>postulare;</strong></span> <span class='ocrx_word' id='word_1_119' title='bbox 869 1696 984 1749; x_wconf 77' lang='lat' dir='ltr'><strong>haec</strong></span> <span class='ocrx_word' id='word_1_120' title='bbox 1017 1703 1202 1749; x_wconf 88' lang='lat' dir='ltr'><strong>autem</strong></span> <span class='ocrx_word' id='word_1_121' title='bbox 1246 1708 1357 1748; x_wconf 87' lang='lat' dir='ltr'><strong>non</strong></span> <span class='ocrx_word' id='word_1_122' title='bbox 1401 1701 1534 1747; x_wconf 90' lang='lat' dir='ltr'><strong>sunt</strong></span> <span class='ocrx_word' id='word_1_123' title='bbox 1581 1693 1688 1747; x_wconf 89' lang='lat' dir='ltr'><strong>alia</strong></span> <span class='ocrx_word' id='word_1_124' title='bbox 1729 1707 1892 1762; x_wconf 89' lang='lat' dir='ltr'><strong>quam</strong></span> 
     </span>
    </p>
   </div>
   <div class='ocr_carea' id='block_1_20' title="bbox 2007 494 3580 570">
    <p class='ocr_par' dir='ltr' id='par_1_20' title="bbox 2007 494 3580 570">
     <span class='ocr_line' id='line_1_20' title="bbox 2007 494 3580 570; baseline 0.006 -19"><span class='ocrx_word' id='word_1_125' title='bbox 2007 515 2102 552; x_wconf 89' lang='grc' dir='ltr'><strong>σαν</strong></span> <span class='ocrx_word' id='word_1_126' title='bbox 2161 499 2460 570; x_wconf 77' lang='grc' dir='ltr'><strong>σημείωσιν</strong></span> <span class='ocrx_word' id='word_1_127' title='bbox 2513 497 2738 562; x_wconf 76' lang='grc' dir='ltr'>ἔδωκας.</span> <span class='ocrx_word' id='word_1_128' title='bbox 2790 499 3025 553; x_wconf 83' lang='grc' dir='ltr'><strong>Λεκτέον</strong></span> <span class='ocrx_word' id='word_1_129' title='bbox 3055 499 3115 552; x_wconf 84' lang='grc' dir='ltr'><strong>δὲ</strong></span> <span class='ocrx_word' id='word_1_130' title='bbox 3149 502 3246 554; x_wconf 76' lang='grc' dir='ltr'><strong>καὶ</strong></span> <span class='ocrx_word' id='word_1_131' title='bbox 3283 494 3418 568; x_wconf 80' lang='grc' dir='ltr'>ὦδε,</span> <span class='ocrx_word' id='word_1_132' title='bbox 3459 506 3580 560; x_wconf 74' lang='grc' dir='ltr'>τότε</span> 
     </span>
    </p>
   </div>
   <div class='ocr_carea' id='block_1_21' title="bbox 2005 590 3581 663">
    <p class='ocr_par' dir='ltr' id='par_1_21' title="bbox 2005 590 3581 663">
     <span class='ocr_line' id='line_1_21' title="bbox 2005 590 3581 663; baseline 0.007 -20"><span class='ocrx_word' id='word_1_133' title='bbox 2005 590 2269 660; x_wconf 78' lang='grc' dir='ltr'>ρυσθῆναι</span> <span class='ocrx_word' id='word_1_134' title='bbox 2298 591 2405 644; x_wconf 87' lang='grc' dir='ltr'>ἀπὸ</span> <span class='ocrx_word' id='word_1_135' title='bbox 2438 591 2708 662; x_wconf 84' lang='grc' dir='ltr'>πολεμίων</span> <span class='ocrx_word' id='word_1_136' title='bbox 2743 592 2989 662; x_wconf 81' lang='grc' dir='ltr'><strong>ἀοράτων</strong></span> <span class='ocrx_word' id='word_1_137' title='bbox 3034 592 3356 663; x_wconf 83' lang='grc' dir='ltr'><strong>δυνήσονται</strong></span> <span class='ocrx_word' id='word_1_138' title='bbox 3383 635 3399 658; x_wconf 89' lang='grc'><strong>,</strong></span> <span class='ocrx_word' id='word_1_139' title='bbox 3453 598 3581 654; x_wconf 83' lang='grc' dir='ltr'>ὅταν</span> 
     </span>
    </p>
   </div>
   <div class='ocr_carea' id='block_1_22' title="bbox 2007 679 3580 761">
    <p class='ocr_par' dir='ltr' id='par_1_22' title="bbox 2007 679 3580 761">
     <span class='ocr_line' id='line_1_22' title="bbox 2007 679 3580 761; baseline 0.006 -28"><span class='ocrx_word' id='word_1_140' title='bbox 2007 679 2158 754; x_wconf 80' lang='grc' dir='ltr'>σώσῃ</span> <span class='ocrx_word' id='word_1_141' title='bbox 2188 684 2219 752; x_wconf 82' lang='grc' dir='ltr'>ἡ</span> <span class='ocrx_word' id='word_1_142' title='bbox 2252 681 2401 746; x_wconf 81' lang='grc' dir='ltr'>δεξιὰ</span> <span class='ocrx_word' id='word_1_143' title='bbox 2438 699 2552 746; x_wconf 90' lang='grc' dir='ltr'>σου,</span> <span class='ocrx_word' id='word_1_144' title='bbox 2581 685 2610 736; x_wconf 84' lang='grc' dir='ltr'><strong>ό</strong></span> <span class='ocrx_word' id='word_1_145' title='bbox 2634 683 2931 752; x_wconf 87' lang='grc' dir='ltr'>μονογενής</span> <span class='ocrx_word' id='word_1_146' title='bbox 2969 699 3063 734; x_wconf 90' lang='grc' dir='ltr'><strong>σου</strong></span> <span class='ocrx_word' id='word_1_147' title='bbox 3092 683 3240 748; x_wconf 89' lang='grc' dir='ltr'>Υἱός.</span> <span class='ocrx_word' id='word_1_148' title='bbox 3276 682 3444 751; x_wconf 75' lang='grc' dir='ltr'>Οὗτος</span> <span class='ocrx_word' id='word_1_149' title='bbox 3470 690 3580 761; x_wconf 82' lang='grc' dir='ltr'>γὰρ</span> 
     </span>
    </p>
   </div>
   <div class='ocr_carea' id='block_1_23' title="bbox 2003 773 3582 851">
    <p class='ocr_par' dir='ltr' id='par_1_23' title="bbox 2003 773 3582 851">
     <span class='ocr_line' id='line_1_23' title="bbox 2003 773 3582 851; baseline 0.003 -24"><span class='ocrx_word' id='word_1_150' title='bbox 2003 773 2152 840; x_wconf 77' lang='grc' dir='ltr'>δεξιὰ</span> <span class='ocrx_word' id='word_1_151' title='bbox 2189 773 2322 826; x_wconf 82' lang='grc' dir='ltr'>Θεοῦ</span> <span class='ocrx_word' id='word_1_152' title='bbox 2355 775 2689 844; x_wconf 73' lang='grc' dir='ltr'><strong>ἡρμήνευται</strong></span> <span class='ocrx_word' id='word_1_153' title='bbox 2734 773 3014 838; x_wconf 82' lang='grc' dir='ltr'>πολλάκις,</span> <span class='ocrx_word' id='word_1_154' title='bbox 3051 775 3286 845; x_wconf 84' lang='grc' dir='ltr'>μάλιστα</span> <span class='ocrx_word' id='word_1_155' title='bbox 3329 779 3417 832; x_wconf 82' lang='grc' dir='ltr'>ὅτε</span> <span class='ocrx_word' id='word_1_156' title='bbox 3447 797 3582 851; x_wconf 87' lang='grc' dir='ltr'>προ-</span> 
     </span>
    </p>
   </div>
   <div class='ocr_carea' id='block_1_24' title="bbox 2003 863 3581 937">
    <p class='ocr_par' dir='ltr' id='par_1_24' title="bbox 2003 863 3581 937">
     <span class='ocr_line' id='line_1_24' title="bbox 2003 863 3581 937; baseline 0.003 -21"><span class='ocrx_word' id='word_1_157' title='bbox 2003 864 2182 917; x_wconf 84' lang='grc' dir='ltr'>έκειτο</span> <span class='ocrx_word' id='word_1_158' title='bbox 2210 864 2300 928; x_wconf 86' lang='grc' dir='ltr'><strong>τὸ,</strong></span> <span class='ocrx_word' id='word_1_159' title='bbox 2359 863 2816 932; x_wconf 71' lang='grc' dir='ltr'>Ἠσφαλισάμην</span> <span class='ocrx_word' id='word_1_160' title='bbox 2844 877 2919 917; x_wconf 87' lang='grc' dir='ltr'>σε</span> <span class='ocrx_word' id='word_1_161' title='bbox 2947 863 3023 932; x_wconf 76' lang='grc' dir='ltr'>τῇ</span> <span class='ocrx_word' id='word_1_162' title='bbox 3061 864 3230 932; x_wconf 81' lang='grc' dir='ltr'>δεξιᾷ</span> <span class='ocrx_word' id='word_1_163' title='bbox 3268 865 3342 934; x_wconf 78' lang='grc' dir='ltr'>τῇ</span> <span class='ocrx_word' id='word_1_164' title='bbox 3379 866 3581 937; x_wconf 84' lang='grc' dir='ltr'><strong>δικαίᾳ</strong></span> 
     </span>
    </p>
   </div>
   <div class='ocr_carea' id='block_1_25' title="bbox 1999 954 3576 1027">
    <p class='ocr_par' dir='ltr' id='par_1_25' title="bbox 1999 954 3576 1027">
     <span class='ocr_line' id='line_1_25' title="bbox 1999 954 3576 1027; baseline 0.004 -19"><span class='ocrx_word' id='word_1_165' title='bbox 1999 973 2117 1024; x_wconf 81' lang='grc' dir='ltr'><strong>μου</strong></span> <span class='ocrx_word' id='word_1_166' title='bbox 2138 971 2150 986; x_wconf 82' lang='grc'><em>’</em></span> <span class='ocrx_word' id='word_1_167' title='bbox 2195 955 2312 1020; x_wconf 72' lang='grc' dir='ltr'>καὶ,</span> <span class='ocrx_word' id='word_1_168' title='bbox 2353 956 2425 1010; x_wconf 80' lang='grc' dir='ltr'><em>Ἠ</em></span> <span class='ocrx_word' id='word_1_169' title='bbox 2449 954 2618 1018; x_wconf 78' lang='grc' dir='ltr'>δεξιά</span> <span class='ocrx_word' id='word_1_170' title='bbox 2644 974 2762 1024; x_wconf 86' lang='grc' dir='ltr'><strong>μου</strong></span> <span class='ocrx_word' id='word_1_171' title='bbox 2800 955 3129 1024; x_wconf 79' lang='grc' dir='ltr'>ὲστερέωσε</span> <span class='ocrx_word' id='word_1_172' title='bbox 3163 958 3269 1013; x_wconf 83' lang='grc' dir='ltr'><strong>τὸν</strong></span> <span class='ocrx_word' id='word_1_173' title='bbox 3296 962 3576 1027; x_wconf 77' lang='grc' dir='ltr'>οὐρανόν.</span> 
     </span>
    </p>
   </div>
   <div class='ocr_carea' id='block_1_26' title="bbox 2018 1045 3580 1120">
    <p class='ocr_par' dir='ltr' id='par_1_26' title="bbox 2018 1045 3580 1120">
     <span class='ocr_line' id='line_1_26' title="bbox 2018 1045 3580 1120; baseline 0.003 -22"><span class='ocrx_word' id='word_1_174' title='bbox 2018 1046 2364 1098; x_wconf 82' lang='grc' dir='ltr'>Ἐπιστατέον</span> <span class='ocrx_word' id='word_1_175' title='bbox 2394 1045 2470 1108; x_wconf 88' lang='grc' dir='ltr'><strong>ώς</strong></span> <span class='ocrx_word' id='word_1_176' title='bbox 2510 1045 2745 1116; x_wconf 77' lang='grc' dir='ltr'>ἔμπαλιν</span> <span class='ocrx_word' id='word_1_177' title='bbox 2781 1049 2845 1117; x_wconf 82' lang='grc' dir='ltr'>τῇ</span> <span class='ocrx_word' id='word_1_178' title='bbox 2877 1046 3029 1110; x_wconf 81' lang='grc' dir='ltr'>τάξει</span> <span class='ocrx_word' id='word_1_179' title='bbox 3063 1048 3162 1118; x_wconf 83' lang='grc' dir='ltr'><strong>τῆς</strong></span> <span class='ocrx_word' id='word_1_180' title='bbox 3189 1051 3428 1118; x_wconf 86' lang='grc' dir='ltr'>νοήσεως</span> <span class='ocrx_word' id='word_1_181' title='bbox 3467 1050 3580 1120; x_wconf 78' lang='grc' dir='ltr'>ἔχει</span> 
     </span>
    </p>
   </div>
   <div class='ocr_carea' id='block_1_27' title="bbox 2003 1138 3580 1210">
    <p class='ocr_par' dir='ltr' id='par_1_27' title="bbox 2003 1138 3580 1210">
     <span class='ocr_line' id='line_1_27' title="bbox 2003 1138 3580 1210; baseline 0.006 -21"><span class='ocrx_word' id='word_1_182' title='bbox 2003 1138 2072 1189; x_wconf 87' lang='grc' dir='ltr'>τὰ</span> <span class='ocrx_word' id='word_1_183' title='bbox 2105 1138 2203 1208; x_wconf 83' lang='grc' dir='ltr'>τῆς</span> <span class='ocrx_word' id='word_1_184' title='bbox 2248 1140 2548 1209; x_wconf 77' lang='grc' dir='ltr'>προφορᾶς.</span> <span class='ocrx_word' id='word_1_185' title='bbox 2593 1140 2862 1210; x_wconf 83' lang='grc' dir='ltr'>Πρότερον</span> <span class='ocrx_word' id='word_1_186' title='bbox 2898 1141 3008 1210; x_wconf 85' lang='grc' dir='ltr'>γὰρ</span> <span class='ocrx_word' id='word_1_187' title='bbox 3040 1141 3388 1205; x_wconf 76' lang='grc' dir='ltr'>εἰσακούσας,</span> <span class='ocrx_word' id='word_1_188' title='bbox 3418 1143 3580 1210; x_wconf 74' lang='grc' dir='ltr'>σώζει</span> 
     </span>
    </p>
   </div>
   <div class='ocr_carea' id='block_1_28' title="bbox 2004 1228 3571 1305">
    <p class='ocr_par' dir='ltr' id='par_1_28' title="bbox 2004 1228 3571 1305">
     <span class='ocr_line' id='line_1_28' title="bbox 2004 1228 3571 1305; baseline 0.006 -24"><span class='ocrx_word' id='word_1_189' title='bbox 2004 1228 2133 1292; x_wconf 86' lang='grc' dir='ltr'>Θεός</span> <span class='ocrx_word' id='word_1_190' title='bbox 2161 1246 2175 1262; x_wconf 83' lang='lat'><strong>&#39;</strong></span> <span class='ocrx_word' id='word_1_191' title='bbox 2218 1231 2312 1283; x_wconf 70' lang='grc' dir='ltr'>καὶ</span> <span class='ocrx_word' id='word_1_192' title='bbox 2345 1231 2483 1301; x_wconf 79' lang='grc' dir='ltr'>αὕτη</span> <span class='ocrx_word' id='word_1_193' title='bbox 2517 1233 2550 1301; x_wconf 85' lang='grc' dir='ltr'><strong>ἡ</strong></span> <span class='ocrx_word' id='word_1_194' title='bbox 2585 1231 2895 1294; x_wconf 78' lang='grc' dir='ltr'>ἀκολούθως</span> <span class='ocrx_word' id='word_1_195' title='bbox 2921 1234 3159 1305; x_wconf 76' lang='grc' dir='ltr'>ἁρμονία</span> <span class='ocrx_word' id='word_1_196' title='bbox 3206 1235 3304 1304; x_wconf 83' lang='grc' dir='ltr'>τῆς</span> <span class='ocrx_word' id='word_1_197' title='bbox 3342 1235 3571 1300; x_wconf 79' lang='grc' dir='ltr'>λέξεως.</span> 
     </span>
    </p>
   </div>
   <div class='ocr_carea' id='block_1_29' title="bbox 2007 1321 3581 1399">
    <p class='ocr_par' dir='ltr' id='par_1_29' title="bbox 2007 1321 3581 1399">
     <span class='ocr_line' id='line_1_29' title="bbox 2007 1321 3581 1399; baseline 0.004 -26"><span class='ocrx_word' id='word_1_198' title='bbox 2007 1321 2146 1391; x_wconf 83' lang='grc' dir='ltr'><strong>μετά</strong></span> <span class='ocrx_word' id='word_1_199' title='bbox 2182 1321 2242 1373; x_wconf 82' lang='grc' dir='ltr'><strong>τὸ</strong></span> <span class='ocrx_word' id='word_1_200' title='bbox 2275 1321 2486 1376; x_wconf 79' lang='grc' dir='ltr'><strong>Σώσον</strong></span> <span class='ocrx_word' id='word_1_201' title='bbox 2515 1325 2575 1377; x_wconf 83' lang='grc' dir='ltr'><strong>τὸ</strong></span> <span class='ocrx_word' id='word_1_202' title='bbox 2601 1323 2982 1379; x_wconf 75' lang='grc' dir='ltr'>Ἔπὰκουσόν</span> <span class='ocrx_word' id='word_1_203' title='bbox 3003 1343 3121 1395; x_wconf 82' lang='grc' dir='ltr'><strong>μου</strong></span> <span class='ocrx_word' id='word_1_204' title='bbox 3145 1324 3394 1396; x_wconf 58' lang='grc' dir='ltr'>ἐχούσης.</span> <span class='ocrx_word' id='word_1_205' title='bbox 3416 1328 3477 1379; x_wconf 82' lang='lat' dir='ltr'><strong>Ei</strong></span> <span class='ocrx_word' id='word_1_206' title='bbox 3505 1327 3581 1399; x_wconf 74' lang='grc' dir='ltr'>μὴ</span> 
     </span>
    </p>
   </div>
   <div class='ocr_carea' id='block_1_30' title="bbox 2006 1411 3566 1489">
    <p class='ocr_par' dir='ltr' id='par_1_30' title="bbox 2006 1411 3566 1489">
     <span class='ocr_line' id='line_1_30' title="bbox 2006 1411 3566 1489; baseline 0.004 -23"><span class='ocrx_word' id='word_1_207' title='bbox 2006 1412 2115 1483; x_wconf 80' lang='grc' dir='ltr'>ἄρα</span> <span class='ocrx_word' id='word_1_208' title='bbox 2145 1411 2288 1465; x_wconf 74' lang='grc' dir='ltr'>οὕτω</span> <span class='ocrx_word' id='word_1_209' title='bbox 2319 1413 2568 1485; x_wconf 74' lang='grc' dir='ltr'>νοηθείηο</span> <span class='ocrx_word' id='word_1_210' title='bbox 2604 1414 2790 1478; x_wconf 90' lang='grc' dir='ltr'>Σώσας</span> <span class='ocrx_word' id='word_1_211' title='bbox 2817 1417 2884 1487; x_wconf 84' lang='grc' dir='ltr'>τῇ</span> <span class='ocrx_word' id='word_1_212' title='bbox 2915 1416 3066 1488; x_wconf 80' lang='grc' dir='ltr'>δεξιᾷ</span> <span class='ocrx_word' id='word_1_213' title='bbox 3091 1418 3396 1472; x_wconf 79' lang='grc' dir='ltr'>ὲπὰκουσόν</span> <span class='ocrx_word' id='word_1_214' title='bbox 3427 1436 3529 1489; x_wconf 89' lang='grc' dir='ltr'><strong>μου</strong></span> <span class='ocrx_word' id='word_1_215' title='bbox 3551 1459 3566 1485; x_wconf 91' lang='grc'><strong>,</strong></span> 
     </span>
    </p>
   </div>
   <div class='ocr_carea' id='block_1_31' title="bbox 2003 1502 3581 1578">
    <p class='ocr_par' dir='ltr' id='par_1_31' title="bbox 2003 1502 3581 1578">
     <span class='ocr_line' id='line_1_31' title="bbox 2003 1502 3581 1578; baseline 0.004 -23"><span class='ocrx_word' id='word_1_216' title='bbox 2003 1504 2168 1574; x_wconf 84' lang='grc' dir='ltr'>εὐχῆς</span> <span class='ocrx_word' id='word_1_217' title='bbox 2195 1502 2361 1574; x_wconf 77' lang='grc' dir='ltr'>οὔσης</span> <span class='ocrx_word' id='word_1_218' title='bbox 2389 1506 2515 1575; x_wconf 76' lang='grc' dir='ltr'>ἐμοὶ</span> <span class='ocrx_word' id='word_1_219' title='bbox 2547 1504 2624 1576; x_wconf 83' lang='grc' dir='ltr'>τῷ</span> <span class='ocrx_word' id='word_1_220' title='bbox 2655 1506 2879 1559; x_wconf 85' lang='grc' dir='ltr'>σωθέντι</span> <span class='ocrx_word' id='word_1_221' title='bbox 2906 1508 3033 1578; x_wconf 77' lang='grc' dir='ltr'>περὶ</span> <span class='ocrx_word' id='word_1_222' title='bbox 3064 1509 3222 1562; x_wconf 83' lang='grc' dir='ltr'>θείων</span> <span class='ocrx_word' id='word_1_223' title='bbox 3247 1509 3467 1577; x_wconf 83' lang='grc' dir='ltr'>ἀγαθῶν</span> <span class='ocrx_word' id='word_1_224' title='bbox 3492 1511 3581 1562; x_wconf 75' lang='lat' dir='ltr'><strong>ai-</strong></span> 
     </span>
    </p>
   </div>
   <div class='ocr_carea' id='block_1_32' title="bbox 2003 1593 3576 1668">
    <p class='ocr_par' dir='ltr' id='par_1_32' title="bbox 2003 1593 3576 1668">
     <span class='ocr_line' id='line_1_32' title="bbox 2003 1593 3576 1668; baseline 0.005 -24"><span class='ocrx_word' id='word_1_225' title='bbox 2003 1593 2252 1664; x_wconf 83' lang='grc' dir='ltr'>τουμένῳ</span> <span class='ocrx_word' id='word_1_226' title='bbox 2277 1610 2290 1622; x_wconf 82' lang='lat'><strong><em>°</em></strong></span> <span class='ocrx_word' id='word_1_227' title='bbox 2319 1596 2418 1648; x_wconf 78' lang='grc' dir='ltr'><strong>οὐκ</strong></span> <span class='ocrx_word' id='word_1_228' title='bbox 2444 1594 2578 1648; x_wconf 86' lang='grc' dir='ltr'>ἀλλα</span> <span class='ocrx_word' id='word_1_229' title='bbox 2609 1595 2664 1648; x_wconf 85' lang='grc' dir='ltr'>δὲ</span> <span class='ocrx_word' id='word_1_230' title='bbox 2687 1595 2858 1650; x_wconf 82' lang='grc' dir='ltr'>ταῦτα</span> <span class='ocrx_word' id='word_1_231' title='bbox 2880 1597 2986 1650; x_wconf 84' lang='grc' dir='ltr'><strong>τῶν</strong></span> <span class='ocrx_word' id='word_1_232' title='bbox 3012 1597 3106 1650; x_wconf 83' lang='grc' dir='ltr'>τοῦ</span> <span class='ocrx_word' id='word_1_233' title='bbox 3146 1598 3456 1668; x_wconf 79' lang='grc' dir='ltr'>πνεύματος</span> <span class='ocrx_word' id='word_1_234' title='bbox 3481 1615 3576 1668; x_wconf 84' lang='grc' dir='ltr'>χα·</span> 
     </span>
    </p>
   </div>
   <div class='ocr_carea' id='block_1_33' title="bbox 2011 1685 3582 1760">
    <p class='ocr_par' dir='ltr' id='par_1_33' title="bbox 2011 1685 3582 1760">
     <span class='ocr_line' id='line_1_33' title="bbox 2011 1685 3582 1760; baseline 0.004 -23"><span class='ocrx_word' id='word_1_235' title='bbox 2011 1685 2308 1757; x_wconf 86' lang='grc' dir='ltr'>ρισμάτων.</span> <span class='ocrx_word' id='word_1_236' title='bbox 2352 1687 2653 1758; x_wconf 81' lang='grc' dir='ltr'>Ἀγαπητοὶ</span> <span class='ocrx_word' id='word_1_237' title='bbox 2699 1688 2756 1741; x_wconf 86' lang='grc' dir='ltr'>δὲ</span> <span class='ocrx_word' id='word_1_238' title='bbox 2787 1689 2880 1742; x_wconf 81' lang='grc' dir='ltr'>τοῦ</span> <span class='ocrx_word' id='word_1_239' title='bbox 2911 1689 3048 1742; x_wconf 78' lang='grc' dir='ltr'>Θεοῦ</span> <span class='ocrx_word' id='word_1_240' title='bbox 3099 1691 3481 1760; x_wconf 78' lang='grc' dir='ltr'>τυγχάνουσιν,</span> <span class='ocrx_word' id='word_1_241' title='bbox 3531 1692 3582 1744; x_wconf 73' lang='grc' dir='ltr'>οἱ</span> 
     </span>
    </p>
   </div>
   <div class='ocr_carea' id='block_1_34' title="bbox 322 1742 1904 1858">
    <p class='ocr_par' dir='ltr' id='par_1_34' title="bbox 322 1742 1894 1858">
     <span class='ocr_line' id='line_1_34' title="bbox 324 1742 1892 1763; baseline -0.004 -7"><span class='ocrx_word' id='word_1_242' title='bbox 324 1742 464 1756; x_wconf 71' lang='grc'><strong>----</strong></span> <span class='ocrx_word' id='word_1_243' title='bbox 559 1742 828 1763; x_wconf 63' lang='grc' dir='ltr'><strong>μην-η,</strong></span> <span class='ocrx_word' id='word_1_244' title='bbox 871 1742 983 1749; x_wconf 66' lang='grc' dir='ltr'><strong>--.π</strong></span> <span class='ocrx_word' id='word_1_245' title='bbox 1018 1742 1202 1749; x_wconf 54' lang='grc' dir='ltr'><strong><em>πη---</em></strong></span> <span class='ocrx_word' id='word_1_246' title='bbox 1246 1742 1357 1748; x_wconf 78' lang='lat'><strong>---_</strong></span> <span class='ocrx_word' id='word_1_247' title='bbox 1402 1742 1530 1747; x_wconf 63' lang='grc' dir='ltr'><strong><em>η---</em></strong></span> <span class='ocrx_word' id='word_1_248' title='bbox 1583 1742 1688 1747; x_wconf 40' lang='grc' dir='ltr'>επ</span> <span class='ocrx_word' id='word_1_249' title='bbox 1735 1742 1892 1762; x_wconf 56' lang='grc' dir='ltr'><strong><em>τη---</em></strong></span> 
     </span>
     <span class='ocr_line' id='line_1_35' title="bbox 322 1742 1894 1858; baseline -0.005 -14"><span class='ocrx_word' id='word_1_250' title='bbox 322 1802 469 1844; x_wconf 66' lang='lat' dir='ltr'><strong>dona</strong></span> <span class='ocrx_word' id='word_1_251' title='bbox 506 1742 745 1858; x_wconf 50' lang='lat' dir='ltr'><strong>‘Spiritus</strong></span> <span class='ocrx_word' id='word_1_252' title='bbox 801 1789 1003 1842; x_wconf 86' lang='lat' dir='ltr'><strong>sancti.</strong></span> <span class='ocrx_word' id='word_1_253' title='bbox 1043 1784 1218 1839; x_wconf 87' lang='lat' dir='ltr'><strong>Porro</strong></span> <span class='ocrx_word' id='word_1_254' title='bbox 1251 1784 1437 1840; x_wconf 90' lang='lat' dir='ltr'><strong>dilecti</strong></span> <span class='ocrx_word' id='word_1_255' title='bbox 1481 1783 1577 1838; x_wconf 85' lang='lat' dir='ltr'><strong>Dei</strong></span> <span class='ocrx_word' id='word_1_256' title='bbox 1623 1793 1753 1839; x_wconf 90' lang='lat' dir='ltr'><strong>sunt</strong></span> <span class='ocrx_word' id='word_1_257' title='bbox 1795 1784 1894 1848; x_wconf 88' lang='lat' dir='ltr'><strong>illi,</strong></span> 
     </span>
    </p>
   </div>
   <div class='ocr_carea' id='block_1_35' title="bbox 2005 1742 3582 1858">
    <p class='ocr_par' dir='ltr' id='par_1_35' title="bbox 2005 1742 3582 1850">
     <span class='ocr_line' id='line_1_36' title="bbox 2005 1742 3582 1850; baseline 0.004 -21"><span class='ocrx_word' id='word_1_258' title='bbox 2005 1742 2115 1830; x_wconf 47' lang='grc' dir='ltr'>διὰ.</span> <span class='ocrx_word' id='word_1_259' title='bbox 2138 1742 2566 1846; x_wconf 75' lang='grc' dir='ltr'><strong>καλοκάγαθίαν⁵</strong></span> <span class='ocrx_word' id='word_1_260' title='bbox 2593 1779 2746 1843; x_wconf 78' lang='grc' dir='ltr'>ὄντες</span> <span class='ocrx_word' id='word_1_261' title='bbox 2789 1779 2930 1845; x_wconf 76' lang='grc' dir='ltr'>ἄξιοι</span> <span class='ocrx_word' id='word_1_262' title='bbox 2977 1780 3072 1835; x_wconf 83' lang='grc' dir='ltr'>τοῦ</span> <span class='ocrx_word' id='word_1_263' title='bbox 3120 1742 3442 1850; x_wconf 52' lang='grc' dir='ltr'>ἀγαπᾶσθαι</span> <span class='ocrx_word' id='word_1_264' title='bbox 3470 1742 3582 1837; x_wconf 57' lang='grc' dir='ltr'><strong>’δτξ</strong></span> 
     </span>
    </p>
   </div>
   <div class='ocr_carea' id='block_1_36' title="bbox 321 1873 1895 1952">
    <p class='ocr_par' dir='ltr' id='par_1_36' title="bbox 321 1873 1895 1952">
     <span class='ocr_line' id='line_1_37' title="bbox 321 1873 1895 1952; baseline -0.004 -15"><span class='ocrx_word' id='word_1_265' title='bbox 321 1879 417 1952; x_wconf 83' lang='lat' dir='ltr'><strong>qui</strong></span> <span class='ocrx_word' id='word_1_266' title='bbox 449 1880 518 1936; x_wconf 90' lang='lat' dir='ltr'><strong>ob</strong></span> <span class='ocrx_word' id='word_1_267' title='bbox 550 1893 765 1936; x_wconf 87' lang='lat' dir='ltr'><strong>morum</strong></span> <span class='ocrx_word' id='word_1_268' title='bbox 799 1877 1130 1950; x_wconf 78' lang='lat' dir='ltr'><strong>probitatem</strong></span> <span class='ocrx_word' id='word_1_269' title='bbox 1161 1875 1312 1948; x_wconf 80' lang='lat' dir='ltr'><strong>digni</strong></span> <span class='ocrx_word' id='word_1_270' title='bbox 1342 1882 1473 1936; x_wconf 68' lang='lat' dir='ltr'><strong>sunt</strong></span> <span class='ocrx_word' id='word_1_271' title='bbox 1507 1873 1575 1931; x_wconf 87' lang='lat' dir='ltr'><strong>ab</strong></span> <span class='ocrx_word' id='word_1_272' title='bbox 1600 1874 1693 1931; x_wconf 88' lang='lat' dir='ltr'><strong>illo</strong></span> <span class='ocrx_word' id='word_1_273' title='bbox 1721 1873 1895 1946; x_wconf 78' lang='lat' dir='ltr'><strong>diligi.</strong></span> 
     </span>
    </p>
   </div>
   <div class='ocr_carea' id='block_1_37' title="bbox 842 1987 1407 2045">
    <p class='ocr_par' dir='ltr' id='par_1_37' title="bbox 842 1987 1407 2045">
     <span class='ocr_line' id='line_1_38' title="bbox 842 1987 1407 2045; baseline -0.002 -1"><span class='ocrx_word' id='word_1_274' title='bbox 842 1989 1167 2045; x_wconf 72' lang='lat' dir='ltr'><strong>PSALMUS</strong></span> <span class='ocrx_word' id='word_1_275' title='bbox 1197 1987 1407 2044; x_wconf 82' lang='lat' dir='ltr'><strong>LXVII.</strong></span> 
     </span>
    </p>
   </div>
   <div class='ocr_carea' id='block_1_38' title="bbox 396 2061 1912 2172">
    <p class='ocr_par' dir='ltr' id='par_1_38' title="bbox 396 2061 1912 2172">
     <span class='ocr_line' id='line_1_39' title="bbox 396 2061 1912 2172; baseline -0.001 -13"><span class='ocrx_word' id='word_1_276' title='bbox 396 2100 559 2160; x_wconf 66' lang='lat' dir='ltr'><strong>Vens.</strong></span> <span class='ocrx_word' id='word_1_277' title='bbox 595 2102 682 2160; x_wconf 83' lang='grc'><strong>18.</strong></span> <span class='ocrx_word' id='word_1_278' title='bbox 708 2129 780 2142; x_wconf 93' lang='grc'><strong><em>-</em></strong></span> <span class='ocrx_word' id='word_1_279' title='bbox 806 2101 940 2156; x_wconf 88' lang='lat' dir='ltr'><strong>Cum</strong></span> <span class='ocrx_word' id='word_1_280' title='bbox 976 2101 1144 2172; x_wconf 78' lang='lat' dir='ltr'><strong>igitur</strong></span> <span class='ocrx_word' id='word_1_281' title='bbox 1173 2101 1413 2172; x_wconf 80' lang='lat' dir='ltr'><strong>papulus</strong></span> <span class='ocrx_word' id='word_1_282' title='bbox 1454 2099 1617 2172; x_wconf 90' lang='lat' dir='ltr'><strong>quasi</strong></span> <span class='ocrx_word' id='word_1_283' title='bbox 1647 2061 1912 2171; x_wconf 80' lang='lat' dir='ltr'><strong>captivus</strong></span> 
     </span>
    </p>
   </div>
   <div class='ocr_carea' id='block_1_39' title="bbox 324 2192 1902 2265">
    <p class='ocr_par' dir='ltr' id='par_1_39' title="bbox 324 2192 1902 2265">
     <span class='ocr_line' id='line_1_40' title="bbox 324 2192 1902 2265; baseline -0.003 -13"><span class='ocrx_word' id='word_1_284' title='bbox 324 2204 471 2252; x_wconf 81' lang='lat' dir='ltr'><strong>esset</strong></span> <span class='ocrx_word' id='word_1_285' title='bbox 507 2195 565 2249; x_wconf 87' lang='lat' dir='ltr'><strong>in</strong></span> <span class='ocrx_word' id='word_1_286' title='bbox 588 2193 831 2265; x_wconf 68' lang='lat' dir='ltr'><strong>Egypto</strong></span> <span class='ocrx_word' id='word_1_287' title='bbox 860 2192 1133 2259; x_wconf 87' lang='lat' dir='ltr'><strong>serviens,</strong></span> <span class='ocrx_word' id='word_1_288' title='bbox 1168 2192 1411 2248; x_wconf 81' lang='lat' dir='ltr'><strong>extraxit</strong></span> <span class='ocrx_word' id='word_1_289' title='bbox 1439 2207 1536 2249; x_wconf 92' lang='lat' dir='ltr'><strong>eos</strong></span> <span class='ocrx_word' id='word_1_290' title='bbox 1573 2207 1603 2247; x_wconf 93' lang='lat' dir='ltr'><strong>e</strong></span> <span class='ocrx_word' id='word_1_291' title='bbox 1635 2193 1902 2254; x_wconf 83' lang='lat' dir='ltr'><strong>servitute</strong></span> 
     </span>
    </p>
   </div>
   <div class='ocr_carea' id='block_1_40' title="bbox 329 2279 1900 2353">
    <p class='ocr_par' dir='ltr' id='par_1_40' title="bbox 329 2279 1900 2353">
     <span class='ocr_line' id='line_1_41' title="bbox 329 2279 1900 2353; baseline -0.002 -15"><span class='ocrx_word' id='word_1_292' title='bbox 329 2285 496 2349; x_wconf 90' lang='lat' dir='ltr'><strong>Deus,</strong></span> <span class='ocrx_word' id='word_1_293' title='bbox 525 2291 579 2338; x_wconf 90' lang='lat' dir='ltr'><strong>et</strong></span> <span class='ocrx_word' id='word_1_294' title='bbox 620 2283 876 2337; x_wconf 88' lang='lat' dir='ltr'><strong>liberavit</strong></span> <span class='ocrx_word' id='word_1_295' title='bbox 910 2283 1025 2353; x_wconf 87' lang='lat' dir='ltr'><strong>lege</strong></span> <span class='ocrx_word' id='word_1_296' title='bbox 1056 2281 1184 2336; x_wconf 86' lang='lat' dir='ltr'><strong>belli</strong></span> <span class='ocrx_word' id='word_1_297' title='bbox 1212 2299 1226 2334; x_wconf 90' lang='lat'><strong>:</strong></span> <span class='ocrx_word' id='word_1_298' title='bbox 1261 2296 1387 2335; x_wconf 87' lang='lat' dir='ltr'><strong>nam</strong></span> <span class='ocrx_word' id='word_1_299' title='bbox 1417 2295 1544 2335; x_wconf 91' lang='lat' dir='ltr'><strong>cum</strong></span> <span class='ocrx_word' id='word_1_300' title='bbox 1578 2279 1767 2336; x_wconf 88' lang='lat' dir='ltr'><strong>hostes</strong></span> <span class='ocrx_word' id='word_1_301' title='bbox 1796 2295 1900 2350; x_wconf 84' lang='lat' dir='ltr'><strong>pu-</strong></span> 
     </span>
    </p>
   </div>
   <div class='ocr_carea' id='block_1_41' title="bbox 326 2372 1899 2444">
    <p class='ocr_par' dir='ltr' id='par_1_41' title="bbox 326 2372 1899 2444">
     <span class='ocr_line' id='line_1_42' title="bbox 326 2372 1899 2444; baseline -0.003 -13"><span class='ocrx_word' id='word_1_302' title='bbox 326 2377 582 2440; x_wconf 80' lang='lat' dir='ltr'><strong>nivisset,</strong></span> <span class='ocrx_word' id='word_1_303' title='bbox 619 2383 750 2429; x_wconf 91' lang='lat' dir='ltr'><strong>tunc</strong></span> <span class='ocrx_word' id='word_1_304' title='bbox 779 2375 930 2444; x_wconf 89' lang='lat' dir='ltr'><strong>ipsos</strong></span> <span class='ocrx_word' id='word_1_305' title='bbox 963 2374 1184 2444; x_wconf 87' lang='lat' dir='ltr'><strong>eripuit.</strong></span> <span class='ocrx_word' id='word_1_306' title='bbox 1212 2373 1521 2444; x_wconf 84' lang='lat' dir='ltr'><strong>Captivitas</strong></span> <span class='ocrx_word' id='word_1_307' title='bbox 1551 2381 1736 2428; x_wconf 90' lang='lat' dir='ltr'><strong>autem</strong></span> <span class='ocrx_word' id='word_1_308' title='bbox 1759 2372 1899 2426; x_wconf 90' lang='lat' dir='ltr'><strong>dicl-</strong></span> 
     </span>
    </p>
   </div>
   <div class='ocr_carea' id='block_1_42' title="bbox 323 2465 1901 2540">
    <p class='ocr_par' dir='ltr' id='par_1_42' title="bbox 323 2465 1901 2540">
     <span class='ocr_line' id='line_1_43' title="bbox 323 2465 1901 2540; baseline -0.001 -18"><span class='ocrx_word' id='word_1_309' title='bbox 323 2479 435 2533; x_wconf 89' lang='lat' dir='ltr'><strong>tur,</strong></span> <span class='ocrx_word' id='word_1_310' title='bbox 468 2467 737 2540; x_wconf 90' lang='lat' dir='ltr'><strong>quidquid</strong></span> <span class='ocrx_word' id='word_1_311' title='bbox 773 2468 890 2538; x_wconf 86' lang='lat' dir='ltr'><strong>lege</strong></span> <span class='ocrx_word' id='word_1_312' title='bbox 922 2467 1051 2522; x_wconf 87' lang='lat' dir='ltr'><strong>beili</strong></span> <span class='ocrx_word' id='word_1_313' title='bbox 1098 2467 1338 2538; x_wconf 88' lang='lat' dir='ltr'><strong>capitur.</strong></span> <span class='ocrx_word' id='word_1_314' title='bbox 1373 2466 1490 2520; x_wconf 83' lang='lat' dir='ltr'><strong>Hoc</strong></span> <span class='ocrx_word' id='word_1_315' title='bbox 1522 2473 1606 2523; x_wconf 91' lang='lat' dir='ltr'><strong>est</strong></span> <span class='ocrx_word' id='word_1_316' title='bbox 1634 2465 1780 2536; x_wconf 90' lang='lat' dir='ltr'><strong>quod</strong></span> <span class='ocrx_word' id='word_1_317' title='bbox 1817 2465 1901 2520; x_wconf 63' lang='lat' dir='ltr'><strong>dio</strong></span> 
     </span>
    </p>
   </div>
   <div class='ocr_carea' id='block_1_43' title="bbox 323 2556 1900 2628">
    <p class='ocr_par' dir='ltr' id='par_1_43' title="bbox 323 2556 1900 2628">
     <span class='ocr_line' id='line_1_44' title="bbox 323 2556 1900 2628; baseline -0.001 -15"><span class='ocrx_word' id='word_1_318' title='bbox 323 2561 436 2627; x_wconf 82' lang='lat' dir='ltr'><strong>cit;</strong></span> <span class='ocrx_word' id='word_1_319' title='bbox 492 2573 557 2614; x_wconf 91' lang='lat' dir='ltr'><strong>ac</strong></span> <span class='ocrx_word' id='word_1_320' title='bbox 607 2559 654 2614; x_wconf 90' lang='lat' dir='ltr'><strong>si</strong></span> <span class='ocrx_word' id='word_1_321' title='bbox 690 2559 882 2613; x_wconf 87' lang='lat' dir='ltr'><strong>dicat:</strong></span> <span class='ocrx_word' id='word_1_322' title='bbox 925 2556 1299 2626; x_wconf 80' lang='lat' dir='ltr'><strong>Captivitatem</strong></span> <span class='ocrx_word' id='word_1_323' title='bbox 1345 2557 1588 2628; x_wconf 87' lang='lat' dir='ltr'><strong>(scilicet</strong></span> <span class='ocrx_word' id='word_1_324' title='bbox 1624 2573 1746 2621; x_wconf 90' lang='lat' dir='ltr'><strong>nos,</strong></span> <span class='ocrx_word' id='word_1_325' title='bbox 1805 2557 1900 2626; x_wconf 87' lang='lat' dir='ltr'><strong>qtti</strong></span> 
     </span>
    </p>
   </div>
   <div class='ocr_carea' id='block_1_44' title="bbox 321 2648 1899 2722">
    <p class='ocr_par' dir='ltr' id='par_1_44' title="bbox 321 2648 1899 2722">
     <span class='ocr_line' id='line_1_45' title="bbox 321 2648 1899 2722; baseline 0 -16"><span class='ocrx_word' id='word_1_326' title='bbox 321 2651 483 2722; x_wconf 80' lang='lat' dir='ltr'><strong>quasi</strong></span> <span class='ocrx_word' id='word_1_327' title='bbox 529 2651 586 2706; x_wconf 90' lang='lat' dir='ltr'><strong>in</strong></span> <span class='ocrx_word' id='word_1_328' title='bbox 620 2652 940 2721; x_wconf 85' lang='lat' dir='ltr'><strong>captivitate</strong></span> <span class='ocrx_word' id='word_1_329' title='bbox 968 2651 1377 2721; x_wconf 83' lang='lat' dir='ltr'><strong>serviebamus)</strong></span> <span class='ocrx_word' id='word_1_330' title='bbox 1410 2652 1671 2718; x_wconf 86' lang='lat' dir='ltr'><strong>captivam</strong></span> <span class='ocrx_word' id='word_1_331' title='bbox 1705 2648 1899 2706; x_wconf 76' lang='lat' dir='ltr'><strong>ducens</strong></span> 
     </span>
    </p>
   </div>
   <div class='ocr_carea' id='block_1_45' title="bbox 323 2740 1896 2813">
    <p class='ocr_par' dir='ltr' id='par_1_45' title="bbox 323 2740 1896 2813">
     <span class='ocr_line' id='line_1_46' title="bbox 323 2740 1896 2813; baseline 0 -18"><span class='ocrx_word' id='word_1_332' title='bbox 323 2743 619 2813; x_wconf 84' lang='lat' dir='ltr'><strong>(tanquam</strong></span> <span class='ocrx_word' id='word_1_333' title='bbox 657 2742 818 2798; x_wconf 80' lang='lat' dir='ltr'><strong>fortis</strong></span> <span class='ocrx_word' id='word_1_334' title='bbox 849 2745 958 2798; x_wconf 86' lang='lat' dir='ltr'><strong>dux</strong></span> <span class='ocrx_word' id='word_1_335' title='bbox 984 2742 1113 2798; x_wconf 88' lang='lat' dir='ltr'><strong>belli</strong></span> <span class='ocrx_word' id='word_1_336' title='bbox 1147 2742 1263 2812; x_wconf 87' lang='lat' dir='ltr'><strong>lege</strong></span> <span class='ocrx_word' id='word_1_337' title='bbox 1292 2741 1558 2811; x_wconf 86' lang='lat' dir='ltr'><strong>vincens)</strong></span> <span class='ocrx_word' id='word_1_338' title='bbox 1595 2740 1896 2808; x_wconf 88' lang='lat' dir='ltr'><strong>abduxisti,</strong></span> 
     </span>
    </p>
   </div>
   <div class='ocr_carea' id='block_1_46' title="bbox 322 2829 1899 2895">
    <p class='ocr_par' dir='ltr' id='par_1_46' title="bbox 322 2829 1899 2895">
     <span class='ocr_line' id='line_1_47' title="bbox 322 2829 1899 2895; baseline -0.004 -7"><span class='ocrx_word' id='word_1_339' title='bbox 322 2839 377 2888; x_wconf 81' lang='lat' dir='ltr'><strong>et</strong></span> <span class='ocrx_word' id='word_1_340' title='bbox 412 2834 728 2889; x_wconf 84' lang='lat' dir='ltr'><strong>extraxisti.</strong></span> <span class='ocrx_word' id='word_1_341' title='bbox 765 2832 919 2888; x_wconf 91' lang='lat' dir='ltr'><strong>Istud</strong></span> <span class='ocrx_word' id='word_1_342' title='bbox 975 2842 1185 2895; x_wconf 87' lang='lat' dir='ltr'><strong>autem,</strong></span> <span class='ocrx_word' id='word_1_343' title='bbox 1240 2830 1540 2884; x_wconf 78' lang='lat' dir='ltr'><strong>Ascendisti</strong></span> <span class='ocrx_word' id='word_1_344' title='bbox 1585 2830 1641 2882; x_wconf 81' lang='lat' dir='ltr'><strong>in</strong></span> <span class='ocrx_word' id='word_1_345' title='bbox 1687 2829 1899 2883; x_wconf 83' lang='lat' dir='ltr'><strong>altum:</strong></span> 
     </span>
    </p>
   </div>
   <div class='ocr_carea' id='block_1_47' title="bbox 324 2920 1899 2994">
    <p class='ocr_par' dir='ltr' id='par_1_47' title="bbox 324 2920 1899 2994">
     <span class='ocr_line' id='line_1_48' title="bbox 324 2920 1899 2994; baseline -0.002 -16"><span class='ocrx_word' id='word_1_346' title='bbox 324 2923 737 2980; x_wconf 75' lang='lat' dir='ltr'><strong>demonstratae</strong></span> <span class='ocrx_word' id='word_1_347' title='bbox 775 2940 859 2988; x_wconf 91' lang='lat' dir='ltr'><strong>es,</strong></span> <span class='ocrx_word' id='word_1_348' title='bbox 902 2923 1102 2994; x_wconf 87' lang='lat' dir='ltr'><strong>inquit,</strong></span> <span class='ocrx_word' id='word_1_349' title='bbox 1141 2937 1375 2992; x_wconf 86' lang='lat' dir='ltr'><strong>magnus</strong></span> <span class='ocrx_word' id='word_1_350' title='bbox 1399 2930 1455 2974; x_wconf 86' lang='lat' dir='ltr'><strong>et</strong></span> <span class='ocrx_word' id='word_1_351' title='bbox 1481 2923 1776 2977; x_wconf 85' lang='lat' dir='ltr'><strong>excelsus:</strong></span> <span class='ocrx_word' id='word_1_352' title='bbox 1815 2920 1899 2975; x_wconf 80' lang='lat' dir='ltr'><strong>id-</strong></span> 
     </span>
    </p>
   </div>
   <div class='ocr_carea' id='block_1_48' title="bbox 323 3011 1900 3084">
    <p class='ocr_par' dir='ltr' id='par_1_48' title="bbox 323 3011 1900 3084">
     <span class='ocr_line' id='line_1_49' title="bbox 323 3011 1900 3084; baseline 0 -14"><span class='ocrx_word' id='word_1_353' title='bbox 323 3015 479 3071; x_wconf 80' lang='lat' dir='ltr'><strong>circo</strong></span> <span class='ocrx_word' id='word_1_354' title='bbox 508 3016 755 3084; x_wconf 80' lang='lat' dir='ltr'><strong>accepisti</strong></span> <span class='ocrx_word' id='word_1_355' title='bbox 781 3015 922 3068; x_wconf 83' lang='lat' dir='ltr'><strong>dona</strong></span> <span class='ocrx_word' id='word_1_356' title='bbox 949 3016 1002 3067; x_wconf 82' lang='lat' dir='ltr'><strong>in</strong></span> <span class='ocrx_word' id='word_1_357' title='bbox 1032 3013 1349 3067; x_wconf 78' lang='lat' dir='ltr'><strong>hominibus.</strong></span> <span class='ocrx_word' id='word_1_358' title='bbox 1381 3011 1538 3070; x_wconf 84' lang='lat' dir='ltr'><strong>Tunc</strong></span> <span class='ocrx_word' id='word_1_359' title='bbox 1566 3015 1733 3069; x_wconf 88' lang='lat' dir='ltr'><strong>etiam</strong></span> <span class='ocrx_word' id='word_1_360' title='bbox 1757 3013 1900 3070; x_wconf 91' lang='lat' dir='ltr'><strong>Deus</strong></span> 
     </span>
    </p>
   </div>
   <div class='ocr_carea' id='block_1_49' title="bbox 325 3109 1900 3179">
    <p class='ocr_par' dir='ltr' id='par_1_49' title="bbox 325 3109 1900 3179">
     <span class='ocr_line' id='line_1_50' title="bbox 325 3109 1900 3179; baseline 0.001 -18"><span class='ocrx_word' id='word_1_361' title='bbox 325 3109 852 3179; x_wconf 64' lang='lat' dir='ltr'><strong>ipsispraeceperat,</strong></span> <span class='ocrx_word' id='word_1_362' title='bbox 888 3114 948 3159; x_wconf 93' lang='lat' dir='ltr'><strong>ut</strong></span> <span class='ocrx_word' id='word_1_363' title='bbox 977 3114 1225 3174; x_wconf 83' lang='lat' dir='ltr'><strong>peterent</strong></span> <span class='ocrx_word' id='word_1_364' title='bbox 1254 3120 1384 3161; x_wconf 88' lang='lat' dir='ltr'><strong>vasa</strong></span> <span class='ocrx_word' id='word_1_365' title='bbox 1427 3113 1685 3177; x_wconf 85' lang='lat' dir='ltr'><strong>argentea</strong></span> <span class='ocrx_word' id='word_1_366' title='bbox 1717 3115 1770 3162; x_wconf 90' lang='lat' dir='ltr'><strong>et</strong></span> <span class='ocrx_word' id='word_1_367' title='bbox 1801 3122 1900 3162; x_wconf 90' lang='lat' dir='ltr'><strong>au-</strong></span> 
     </span>
    </p>
   </div>
   <div class='ocr_carea' id='block_1_50' title="bbox 2005 1869 2194 1924">
    <p class='ocr_par' dir='ltr' id='par_1_50' title="bbox 2005 1869 2194 1924">
     <span class='ocr_line' id='line_1_51' title="bbox 2005 1869 2194 1924; baseline 0.005 -1"><span class='ocrx_word' id='word_1_368' title='bbox 2005 1869 2194 1924; x_wconf 75' lang='grc' dir='ltr'>αὐτοῦ.</span> 
     </span>
    </p>
   </div>
   <div class='ocr_carea' id='block_1_51' title="bbox 2565 1979 3013 2036">
    <p class='ocr_par' dir='ltr' id='par_1_51' title="bbox 2565 1979 3013 2036">
     <span class='ocr_line' id='line_1_52' title="bbox 2565 1979 3013 2036; baseline 0.002 -1"><span class='ocrx_word' id='word_1_369' title='bbox 2565 1981 2860 2035; x_wconf 76' lang='grc' dir='ltr'><strong>ΨΑΛΜΟΣ</strong></span> <span class='ocrx_word' id='word_1_370' title='bbox 2898 1979 3013 2036; x_wconf 87' lang='grc' dir='ltr'><strong>ΞΖ’.</strong></span> 
     </span>
    </p>
   </div>
   <div class='ocr_carea' id='block_1_52' title="bbox 2071 2088 3583 2167">
    <p class='ocr_par' dir='ltr' id='par_1_52' title="bbox 2071 2088 3583 2167">
     <span class='ocr_line' id='line_1_53' title="bbox 2071 2088 3583 2167; baseline 0.008 -23"><span class='ocrx_word' id='word_1_371' title='bbox 2071 2092 2222 2163; x_wconf 87' lang='grc' dir='ltr'>Στίχ.</span> <span class='ocrx_word' id='word_1_372' title='bbox 2257 2099 2349 2162; x_wconf 84' lang='grc' dir='ltr'><strong>ιη’.</strong></span> <span class='ocrx_word' id='word_1_373' title='bbox 2389 2120 2460 2132; x_wconf 87' lang='grc'><strong>--</strong></span> <span class='ocrx_word' id='word_1_374' title='bbox 2505 2092 2722 2164; x_wconf 84' lang='grc' dir='ltr'>Ἐπειδὴ</span> <span class='ocrx_word' id='word_1_375' title='bbox 2754 2088 2846 2146; x_wconf 82' lang='grc' dir='ltr'><strong>οὖν</strong></span> <span class='ocrx_word' id='word_1_376' title='bbox 2892 2095 2921 2146; x_wconf 87' lang='grc' dir='ltr'>ὁ</span> <span class='ocrx_word' id='word_1_377' title='bbox 2959 2094 3088 2159; x_wconf 80' lang='grc' dir='ltr'>λαὸς</span> <span class='ocrx_word' id='word_1_378' title='bbox 3121 2094 3197 2162; x_wconf 81' lang='grc' dir='ltr'>ὡς</span> <span class='ocrx_word' id='word_1_379' title='bbox 3234 2097 3583 2167; x_wconf 78' lang='grc' dir='ltr'>αίχμάλωτος</span> 
     </span>
    </p>
   </div>
   <div class='ocr_carea' id='block_1_53' title="bbox 1999 2179 3583 2262">
    <p class='ocr_par' dir='ltr' id='par_1_53' title="bbox 1999 2179 3583 2262">
     <span class='ocr_line' id='line_1_54' title="bbox 1999 2179 3583 2262; baseline 0.008 -28"><span class='ocrx_word' id='word_1_380' title='bbox 1999 2179 2068 2254; x_wconf 76' lang='grc' dir='ltr'>ἦν</span> <span class='ocrx_word' id='word_1_381' title='bbox 2098 2185 2156 2236; x_wconf 78' lang='grc' dir='ltr'>ἐν</span> <span class='ocrx_word' id='word_1_382' title='bbox 2186 2185 2253 2255; x_wconf 84' lang='grc' dir='ltr'>τῇ</span> <span class='ocrx_word' id='word_1_383' title='bbox 2299 2183 2560 2254; x_wconf 79' lang='grc' dir='ltr'>Αἰγύπτῳ</span> <span class='ocrx_word' id='word_1_384' title='bbox 2591 2184 2878 2250; x_wconf 86' lang='grc' dir='ltr'>δουλεύων,</span> <span class='ocrx_word' id='word_1_385' title='bbox 2914 2186 3212 2252; x_wconf 73' lang='grc' dir='ltr'>ἐξέσπασεν</span> <span class='ocrx_word' id='word_1_386' title='bbox 3253 2191 3453 2256; x_wconf 79' lang='grc' dir='ltr'>αὐτοὺς</span> <span class='ocrx_word' id='word_1_387' title='bbox 3477 2193 3583 2262; x_wconf 83' lang='grc' dir='ltr'>τῆς</span> 
     </span>
    </p>
   </div>
   <div class='ocr_carea' id='block_1_54' title="bbox 1999 2273 3582 2353">
    <p class='ocr_par' dir='ltr' id='par_1_54' title="bbox 1999 2273 3582 2353">
     <span class='ocr_line' id='line_1_55' title="bbox 1999 2273 3582 2353; baseline 0.006 -27"><span class='ocrx_word' id='word_1_388' title='bbox 1999 2273 2241 2337; x_wconf 83' lang='grc' dir='ltr'>δουλείας</span> <span class='ocrx_word' id='word_1_389' title='bbox 2269 2276 2297 2327; x_wconf 86' lang='grc' dir='ltr'><strong>ό</strong></span> <span class='ocrx_word' id='word_1_390' title='bbox 2321 2274 2470 2338; x_wconf 80' lang='grc' dir='ltr'>Θεὸς,</span> <span class='ocrx_word' id='word_1_391' title='bbox 2496 2276 2590 2328; x_wconf 77' lang='grc' dir='ltr'><strong>καὶ</strong></span> <span class='ocrx_word' id='word_1_392' title='bbox 2619 2275 2896 2346; x_wconf 84' lang='grc' dir='ltr'>ἀπήλλαξε</span> <span class='ocrx_word' id='word_1_393' title='bbox 2925 2277 3165 2348; x_wconf 85' lang='grc' dir='ltr'>πολέμου</span> <span class='ocrx_word' id='word_1_394' title='bbox 3196 2280 3345 2352; x_wconf 86' lang='grc' dir='ltr'>νόμῳ</span> <span class='ocrx_word' id='word_1_395' title='bbox 3367 2299 3380 2312; x_wconf 89' lang='grc'><strong>·</strong></span> <span class='ocrx_word' id='word_1_396' title='bbox 3402 2300 3582 2353; x_wconf 88' lang='grc' dir='ltr'>τιμω-</span> 
     </span>
    </p>
   </div>
   <div class='ocr_carea' id='block_1_55' title="bbox 2004 2365 3583 2442">
    <p class='ocr_par' dir='ltr' id='par_1_55' title="bbox 2004 2365 3583 2442">
     <span class='ocr_line' id='line_1_56' title="bbox 2004 2365 3583 2442; baseline 0.007 -25"><span class='ocrx_word' id='word_1_397' title='bbox 2004 2366 2308 2434; x_wconf 79' lang='grc' dir='ltr'>ρησάμενος</span> <span class='ocrx_word' id='word_1_398' title='bbox 2331 2365 2440 2437; x_wconf 85' lang='grc' dir='ltr'>γὰρ</span> <span class='ocrx_word' id='word_1_399' title='bbox 2465 2368 2591 2429; x_wconf 82' lang='grc' dir='ltr'>τοὺς</span> <span class='ocrx_word' id='word_1_400' title='bbox 2610 2367 2906 2432; x_wconf 81' lang='grc' dir='ltr'>ἐναντίους,</span> <span class='ocrx_word' id='word_1_401' title='bbox 2929 2368 3072 2423; x_wconf 80' lang='grc' dir='ltr'>οὕτω</span> <span class='ocrx_word' id='word_1_402' title='bbox 3091 2372 3313 2435; x_wconf 76' lang='grc' dir='ltr'>τούτους</span> <span class='ocrx_word' id='word_1_403' title='bbox 3337 2374 3583 2442; x_wconf 79' lang='grc' dir='ltr'>ἀφεῖλεν.</span> 
     </span>
    </p>
   </div>
   <div class='ocr_carea' id='block_1_56' title="bbox 1998 2458 3589 2540">
    <p class='ocr_par' dir='ltr' id='par_1_56' title="bbox 1998 2458 3589 2540">
     <span class='ocr_line' id='line_1_57' title="bbox 1998 2458 3589 2540; baseline 0.006 -29"><span class='ocrx_word' id='word_1_404' title='bbox 1998 2458 2354 2528; x_wconf 76' lang='grc' dir='ltr'>Αἰχμαλωσία</span> <span class='ocrx_word' id='word_1_405' title='bbox 2382 2460 2438 2513; x_wconf 84' lang='grc' dir='ltr'>δὲ</span> <span class='ocrx_word' id='word_1_406' title='bbox 2471 2460 2722 2528; x_wconf 82' lang='grc' dir='ltr'>λέγεται,</span> <span class='ocrx_word' id='word_1_407' title='bbox 2769 2461 2916 2516; x_wconf 77' lang='grc' dir='ltr'>ἅπαν</span> <span class='ocrx_word' id='word_1_408' title='bbox 2958 2463 3016 2516; x_wconf 86' lang='grc' dir='ltr'><strong>τὸ</strong></span> <span class='ocrx_word' id='word_1_409' title='bbox 3046 2465 3104 2518; x_wconf 82' lang='grc' dir='ltr'>ὲν</span> <span class='ocrx_word' id='word_1_410' title='bbox 3146 2465 3386 2536; x_wconf 79' lang='grc' dir='ltr'>πολέμου</span> <span class='ocrx_word' id='word_1_411' title='bbox 3430 2469 3589 2540; x_wconf 79' lang='grc' dir='ltr'>νόμῳ</span> 
     </span>
    </p>
   </div>
   <div class='ocr_carea' id='block_1_57' title="bbox 1997 2547 3593 2629">
    <p class='ocr_par' dir='ltr' id='par_1_57' title="bbox 1997 2547 3593 2629">
     <span class='ocr_line' id='line_1_58' title="bbox 1997 2547 3593 2629; baseline 0.009 -28"><span class='ocrx_word' id='word_1_412' title='bbox 1997 2547 2425 2621; x_wconf 75' lang='grc' dir='ltr'>λαμϐανόμενον.</span> <span class='ocrx_word' id='word_1_413' title='bbox 2463 2550 2632 2604; x_wconf 74' lang='grc' dir='ltr'>Τοῦτό</span> <span class='ocrx_word' id='word_1_414' title='bbox 2681 2571 2844 2624; x_wconf 87' lang='grc' dir='ltr'>φησιν</span> <span class='ocrx_word' id='word_1_415' title='bbox 2868 2572 2881 2586; x_wconf 90' lang='grc'><strong>·</strong></span> <span class='ocrx_word' id='word_1_416' title='bbox 2917 2556 2993 2618; x_wconf 87' lang='grc' dir='ltr'>ὠς</span> <span class='ocrx_word' id='word_1_417' title='bbox 3027 2555 3092 2609; x_wconf 84' lang='grc' dir='ltr'>ἂν</span> <span class='ocrx_word' id='word_1_418' title='bbox 3131 2559 3260 2629; x_wconf 72' lang='grc' dir='ltr'>εἴπῃ</span> <span class='ocrx_word' id='word_1_419' title='bbox 3284 2575 3297 2588; x_wconf 80' lang='grc' dir='ltr'><strong>ο</strong></span> <span class='ocrx_word' id='word_1_420' title='bbox 3340 2559 3460 2627; x_wconf 74' lang='grc' dir='ltr'><strong>Τὴν</strong></span> <span class='ocrx_word' id='word_1_421' title='bbox 3492 2563 3593 2614; x_wconf 79' lang='grc' dir='ltr'><strong>αι-</strong></span> 
     </span>
    </p>
   </div>
   <div class='ocr_carea' id='block_1_58' title="bbox 1999 2637 3588 2721">
    <p class='ocr_par' dir='ltr' id='par_1_58' title="bbox 1999 2637 3588 2721">
     <span class='ocr_line' id='line_1_59' title="bbox 1999 2637 3588 2721; baseline 0.008 -28"><span class='ocrx_word' id='word_1_422' title='bbox 1999 2643 2357 2710; x_wconf 77' lang='grc' dir='ltr'>χμαλωσίαν</span> <span class='ocrx_word' id='word_1_423' title='bbox 2403 2642 2684 2715; x_wconf 84' lang='grc' dir='ltr'>(δηλονότι</span> <span class='ocrx_word' id='word_1_424' title='bbox 2715 2647 2862 2715; x_wconf 80' lang='grc' dir='ltr'>ἡμᾶς</span> <span class='ocrx_word' id='word_1_425' title='bbox 2885 2687 2900 2709; x_wconf 92' lang='grc'><strong>,</strong></span> <span class='ocrx_word' id='word_1_426' title='bbox 2937 2637 3068 2710; x_wconf 76' lang='grc' dir='ltr'>τοὺς</span> <span class='ocrx_word' id='word_1_427' title='bbox 3102 2649 3178 2711; x_wconf 85' lang='grc' dir='ltr'><strong>ὡς</strong></span> <span class='ocrx_word' id='word_1_428' title='bbox 3211 2649 3268 2703; x_wconf 82' lang='grc' dir='ltr'><strong>ἐν</strong></span> <span class='ocrx_word' id='word_1_429' title='bbox 3300 2652 3588 2721; x_wconf 78' lang='grc' dir='ltr'>αἰχμαλω-</span> 
     </span>
    </p>
   </div>
   <div class='ocr_carea' id='block_1_59' title="bbox 2001 2733 3590 2816">
    <p class='ocr_par' dir='ltr' id='par_1_59' title="bbox 2001 2733 3590 2816">
     <span class='ocr_line' id='line_1_60' title="bbox 2001 2733 3590 2816; baseline 0.007 -31"><span class='ocrx_word' id='word_1_430' title='bbox 2001 2735 2092 2804; x_wconf 80' lang='grc' dir='ltr'><strong>σίᾳ</strong></span> <span class='ocrx_word' id='word_1_431' title='bbox 2117 2733 2488 2801; x_wconf 86' lang='grc' dir='ltr'>δουλεύοντας)</span> <span class='ocrx_word' id='word_1_432' title='bbox 2511 2739 3005 2806; x_wconf 67' lang='grc' dir='ltr'>αὶχιιαλωτεύσας</span> <span class='ocrx_word' id='word_1_433' title='bbox 3026 2740 3044 2810; x_wconf 95' lang='grc'>(</span> <span class='ocrx_word' id='word_1_434' title='bbox 3066 2740 3140 2804; x_wconf 87' lang='grc' dir='ltr'><strong>ώς</strong></span> <span class='ocrx_word' id='word_1_435' title='bbox 3172 2741 3392 2812; x_wconf 77' lang='grc' dir='ltr'>ἰσχυρὸς</span> <span class='ocrx_word' id='word_1_436' title='bbox 3417 2759 3590 2816; x_wconf 78' lang='grc' dir='ltr'>στρα·</span> 
     </span>
    </p>
   </div>
   <div class='ocr_carea' id='block_1_60' title="bbox 1999 2824 3588 2898">
    <p class='ocr_par' dir='ltr' id='par_1_60' title="bbox 1999 2824 3588 2898">
     <span class='ocr_line' id='line_1_61' title="bbox 1999 2824 3588 2898; baseline 0.008 -23"><span class='ocrx_word' id='word_1_437' title='bbox 1999 2824 2199 2894; x_wconf 83' lang='grc' dir='ltr'>τιώτης</span> <span class='ocrx_word' id='word_1_438' title='bbox 2240 2824 2478 2894; x_wconf 76' lang='grc' dir='ltr'>πολέμου</span> <span class='ocrx_word' id='word_1_439' title='bbox 2519 2825 2669 2896; x_wconf 88' lang='grc' dir='ltr'>νόμῳ</span> <span class='ocrx_word' id='word_1_440' title='bbox 2713 2830 2976 2898; x_wconf 78' lang='grc' dir='ltr'>νικήσας)</span> <span class='ocrx_word' id='word_1_441' title='bbox 3034 2831 3286 2898; x_wconf 79' lang='grc' dir='ltr'>ἀφεῖλες,</span> <span class='ocrx_word' id='word_1_442' title='bbox 3334 2833 3428 2885; x_wconf 73' lang='grc' dir='ltr'><strong>καὶ</strong></span> <span class='ocrx_word' id='word_1_443' title='bbox 3472 2834 3588 2887; x_wconf 78' lang='grc' dir='ltr'><strong>ἀπ⁴</strong></span> 
     </span>
    </p>
   </div>
   <div class='ocr_carea' id='block_1_61' title="bbox 2005 2917 3583 2992">
    <p class='ocr_par' dir='ltr' id='par_1_61' title="bbox 2005 2917 3583 2992">
     <span class='ocr_line' id='line_1_62' title="bbox 2005 2917 3583 2992; baseline 0.005 -22"><span class='ocrx_word' id='word_1_444' title='bbox 2005 2917 2274 2981; x_wconf 83' lang='grc' dir='ltr'>έσπασας.</span> <span class='ocrx_word' id='word_1_445' title='bbox 2308 2918 2381 2970; x_wconf 85' lang='grc' dir='ltr'><strong>Τὸ</strong></span> <span class='ocrx_word' id='word_1_446' title='bbox 2407 2918 2484 2982; x_wconf 83' lang='grc' dir='ltr'><strong>δὲ,</strong></span> <span class='ocrx_word' id='word_1_447' title='bbox 2533 2917 2766 2984; x_wconf 79' lang='grc' dir='ltr'><strong>Ἀνέϐης</strong></span> <span class='ocrx_word' id='word_1_448' title='bbox 2793 2922 2880 2984; x_wconf 74' lang='grc' dir='ltr'>εὶς</span> <span class='ocrx_word' id='word_1_449' title='bbox 2907 2921 3083 2989; x_wconf 70' lang='grc' dir='ltr'>ὕψος,</span> <span class='ocrx_word' id='word_1_450' title='bbox 3115 2921 3380 2992; x_wconf 79' lang='grc' dir='ltr'>ἐδείχθης,</span> <span class='ocrx_word' id='word_1_451' title='bbox 3421 2925 3583 2992; x_wconf 64' lang='grc' dir='ltr'>φησι,</span> 
     </span>
    </p>
   </div>
   <div class='ocr_carea' id='block_1_62' title="bbox 2005 3011 3583 3085">
    <p class='ocr_par' dir='ltr' id='par_1_62' title="bbox 2005 3011 3583 3085">
     <span class='ocr_line' id='line_1_63' title="bbox 2005 3011 3583 3085; baseline 0.003 -19"><span class='ocrx_word' id='word_1_452' title='bbox 2005 3011 2180 3082; x_wconf 80' lang='grc' dir='ltr'>μέγας</span> <span class='ocrx_word' id='word_1_453' title='bbox 2226 3011 2320 3066; x_wconf 71' lang='grc' dir='ltr'><strong>καὶ</strong></span> <span class='ocrx_word' id='word_1_454' title='bbox 2361 3011 2567 3083; x_wconf 73' lang='grc' dir='ltr'>ὑψηλός</span> <span class='ocrx_word' id='word_1_455' title='bbox 2593 3028 2606 3042; x_wconf 75' lang='grc' dir='ltr'><strong>ο</strong></span> <span class='ocrx_word' id='word_1_456' title='bbox 2662 3011 2750 3065; x_wconf 80' lang='grc' dir='ltr'>διὰ</span> <span class='ocrx_word' id='word_1_457' title='bbox 2797 3013 2955 3066; x_wconf 82' lang='grc' dir='ltr'>τοῦτο</span> <span class='ocrx_word' id='word_1_458' title='bbox 3002 3014 3214 3081; x_wconf 80' lang='grc' dir='ltr'>ἔλαϐες</span> <span class='ocrx_word' id='word_1_459' title='bbox 3255 3017 3476 3085; x_wconf 75' lang='grc' dir='ltr'>δόματα</span> <span class='ocrx_word' id='word_1_460' title='bbox 3508 3018 3583 3070; x_wconf 79' lang='grc' dir='ltr'><strong>ἐν</strong></span> 
     </span>
    </p>
   </div>
   <div class='ocr_carea' id='block_1_63' title="bbox 2001 3103 3588 3176">
    <p class='ocr_par' dir='ltr' id='par_1_63' title="bbox 2001 3103 3588 3176">
     <span class='ocr_line' id='line_1_64' title="bbox 2001 3103 3588 3176; baseline 0.003 -17"><span class='ocrx_word' id='word_1_461' title='bbox 2001 3103 2354 3172; x_wconf 81' lang='grc' dir='ltr'>ἀνθρώποις.</span> <span class='ocrx_word' id='word_1_462' title='bbox 2384 3105 2691 3174; x_wconf 79' lang='grc' dir='ltr'>Προσέταξε</span> <span class='ocrx_word' id='word_1_463' title='bbox 2722 3105 2831 3176; x_wconf 78' lang='grc' dir='ltr'>γὰρ</span> <span class='ocrx_word' id='word_1_464' title='bbox 2869 3107 3052 3171; x_wconf 83' lang='grc' dir='ltr'>αὐτοῖς</span> <span class='ocrx_word' id='word_1_465' title='bbox 3085 3108 3202 3160; x_wconf 88' lang='grc' dir='ltr'>τότε</span> <span class='ocrx_word' id='word_1_466' title='bbox 3232 3111 3259 3162; x_wconf 93' lang='grc' dir='ltr'><strong>ό</strong></span> <span class='ocrx_word' id='word_1_467' title='bbox 3291 3109 3423 3172; x_wconf 80' lang='grc' dir='ltr'>Θεὸς</span> <span class='ocrx_word' id='word_1_468' title='bbox 3443 3154 3455 3175; x_wconf 93' lang='grc'><strong>,</strong></span> <span class='ocrx_word' id='word_1_469' title='bbox 3499 3113 3588 3164; x_wconf 76' lang='grc' dir='ltr'>αἱ-</span> 
     </span>
    </p>
   </div>
   <div class='ocr_carea' id='block_1_64' title="bbox 324 3187 1904 3271">
    <p class='ocr_par' dir='ltr' id='par_1_64' title="bbox 324 3196 1896 3270">
     <span class='ocr_line' id='line_1_65' title="bbox 324 3196 1896 3270; baseline -0.002 -14"><span class='ocrx_word' id='word_1_470' title='bbox 324 3213 462 3262; x_wconf 82' lang='lat' dir='ltr'><strong>rea;</strong></span> <span class='ocrx_word' id='word_1_471' title='bbox 496 3207 662 3267; x_wconf 91' lang='lat' dir='ltr'><strong>atque</strong></span> <span class='ocrx_word' id='word_1_472' title='bbox 697 3197 786 3252; x_wconf 91' lang='lat' dir='ltr'><strong>ubi</strong></span> <span class='ocrx_word' id='word_1_473' title='bbox 821 3199 936 3252; x_wconf 69' lang='lat' dir='ltr'><strong>haec</strong></span> <span class='ocrx_word' id='word_1_474' title='bbox 968 3196 1299 3267; x_wconf 86' lang='lat' dir='ltr'><strong>petivissent</strong></span> <span class='ocrx_word' id='word_1_475' title='bbox 1332 3205 1662 3268; x_wconf 86' lang='lat' dir='ltr'><strong>acceperunt</strong></span> <span class='ocrx_word' id='word_1_476' title='bbox 1688 3198 1896 3270; x_wconf 79' lang='lat' dir='ltr'><strong>(Exod.</strong></span> 
     </span>
    </p>
   </div>
   <div class='ocr_carea' id='block_1_65' title="bbox 2005 3187 3589 3271">
    <p class='ocr_par' dir='ltr' id='par_1_65' title="bbox 2005 3196 3589 3271">
     <span class='ocr_line' id='line_1_66' title="bbox 2005 3196 3589 3271; baseline 0.004 -23"><span class='ocrx_word' id='word_1_477' title='bbox 2005 3197 2167 3268; x_wconf 85' lang='grc' dir='ltr'>τῆσαι</span> <span class='ocrx_word' id='word_1_478' title='bbox 2197 3196 2364 3265; x_wconf 83' lang='grc' dir='ltr'>σκεύη</span> <span class='ocrx_word' id='word_1_479' title='bbox 2401 3198 2618 3268; x_wconf 85' lang='grc' dir='ltr'>ἀργυρᾶ</span> <span class='ocrx_word' id='word_1_480' title='bbox 2649 3197 2741 3250; x_wconf 77' lang='grc' dir='ltr'><strong>καὶ</strong></span> <span class='ocrx_word' id='word_1_481' title='bbox 2767 3199 2944 3267; x_wconf 78' lang='grc' dir='ltr'>χρυσᾶ</span> <span class='ocrx_word' id='word_1_482' title='bbox 2963 3213 2974 3226; x_wconf 88' lang='grc'><strong>·</strong></span> <span class='ocrx_word' id='word_1_483' title='bbox 3006 3198 3298 3253; x_wconf 78' lang='grc' dir='ltr'>καὶταῦτα</span> <span class='ocrx_word' id='word_1_484' title='bbox 3327 3203 3589 3271; x_wconf 71' lang='grc' dir='ltr'>αἰτήσαν-</span> 
     </span>
    </p>
   </div>
   <div class='ocr_carea' id='block_1_66' title="bbox 323 3287 1897 3360">
    <p class='ocr_par' dir='ltr' id='par_1_66' title="bbox 323 3287 1897 3360">
     <span class='ocr_line' id='line_1_67' title="bbox 323 3287 1897 3360; baseline 0 -14"><span class='ocrx_word' id='word_1_485' title='bbox 323 3289 448 3360; x_wconf 79' lang='lat' dir='ltr'><strong>Ix):</strong></span> <span class='ocrx_word' id='word_1_486' title='bbox 493 3287 693 3344; x_wconf 91' lang='lat' dir='ltr'><strong>deinde</strong></span> <span class='ocrx_word' id='word_1_487' title='bbox 738 3297 915 3344; x_wconf 89' lang='lat' dir='ltr'><strong>morte</strong></span> <span class='ocrx_word' id='word_1_488' title='bbox 947 3289 1314 3360; x_wconf 86' lang='lat' dir='ltr'><strong>primogenita</strong></span> <span class='ocrx_word' id='word_1_489' title='bbox 1359 3290 1651 3345; x_wconf 89' lang='lat' dir='ltr'><strong>invadente</strong></span> <span class='ocrx_word' id='word_1_490' title='bbox 1691 3290 1897 3360; x_wconf 78' lang='lat' dir='ltr'><strong>(Exod.</strong></span> 
     </span>
    </p>
   </div>
   <div class='ocr_carea' id='block_1_67' title="bbox 322 3378 1901 3453">
    <p class='ocr_par' dir='ltr' id='par_1_67' title="bbox 322 3378 1901 3453">
     <span class='ocr_line' id='line_1_68' title="bbox 322 3378 1901 3453; baseline 0.003 -17"><span class='ocrx_word' id='word_1_491' title='bbox 322 3381 457 3453; x_wconf 83' lang='lat' dir='ltr'><strong>xu),</strong></span> <span class='ocrx_word' id='word_1_492' title='bbox 487 3387 792 3451; x_wconf 88' lang='lat' dir='ltr'><strong>eruperunt</strong></span> <span class='ocrx_word' id='word_1_493' title='bbox 825 3395 893 3435; x_wconf 84' lang='lat' dir='ltr'><strong>ex</strong></span> <span class='ocrx_word' id='word_1_494' title='bbox 923 3379 1184 3452; x_wconf 66' lang='lat' dir='ltr'><strong>Egypto,</strong></span> <span class='ocrx_word' id='word_1_495' title='bbox 1218 3378 1446 3453; x_wconf 83' lang='lat' dir='ltr'><strong>jubente</strong></span> <span class='ocrx_word' id='word_1_496' title='bbox 1477 3380 1607 3449; x_wconf 90' lang='lat' dir='ltr'><strong>Deo,</strong></span> <span class='ocrx_word' id='word_1_497' title='bbox 1633 3382 1901 3440; x_wconf 81' lang='lat' dir='ltr'><strong>habentes</strong></span> 
     </span>
    </p>
   </div>
   <div class='ocr_carea' id='block_1_68' title="bbox 322 3468 1902 3541">
    <p class='ocr_par' dir='ltr' id='par_1_68' title="bbox 322 3468 1902 3541">
     <span class='ocr_line' id='line_1_69' title="bbox 322 3468 1902 3541; baseline 0.001 -15"><span class='ocrx_word' id='word_1_498' title='bbox 322 3471 486 3526; x_wconf 85' lang='lat' dir='ltr'><strong>etiam</strong></span> <span class='ocrx_word' id='word_1_499' title='bbox 514 3485 668 3526; x_wconf 80' lang='lat' dir='ltr'><strong>vasa.</strong></span> <span class='ocrx_word' id='word_1_500' title='bbox 711 3468 831 3525; x_wconf 83' lang='lat' dir='ltr'><strong>Non</strong></span> <span class='ocrx_word' id='word_1_501' title='bbox 879 3471 1072 3541; x_wconf 85' lang='lat' dir='ltr'><strong>igitur,</strong></span> <span class='ocrx_word' id='word_1_502' title='bbox 1122 3473 1321 3541; x_wconf 83' lang='lat' dir='ltr'><strong>inquit,</strong></span> <span class='ocrx_word' id='word_1_503' title='bbox 1357 3488 1458 3528; x_wconf 91' lang='lat' dir='ltr'><strong>nos</strong></span> <span class='ocrx_word' id='word_1_504' title='bbox 1497 3475 1674 3530; x_wconf 91' lang='lat' dir='ltr'><strong>solum</strong></span> <span class='ocrx_word' id='word_1_505' title='bbox 1718 3481 1902 3529; x_wconf 83' lang='lat' dir='ltr'><strong>extra-</strong></span> 
     </span>
    </p>
   </div>
   <div class='ocr_carea' id='block_1_69' title="bbox 323 3548 1903 3628">
    <p class='ocr_par' dir='ltr' id='par_1_69' title="bbox 323 3548 1903 3628">
     <span class='ocr_line' id='line_1_70' title="bbox 323 3548 1903 3628; baseline 0.001 -11"><span class='ocrx_word' id='word_1_506' title='bbox 323 3561 479 3628; x_wconf 82' lang='lat' dir='ltr'><strong>xisti,</strong></span> <span class='ocrx_word' id='word_1_507' title='bbox 506 3571 562 3618; x_wconf 89' lang='lat' dir='ltr'><strong>et</strong></span> <span class='ocrx_word' id='word_1_508' title='bbox 592 3578 622 3617; x_wconf 90' lang='lat' dir='ltr'><strong>e</strong></span> <span class='ocrx_word' id='word_1_509' title='bbox 650 3563 916 3619; x_wconf 74' lang='lat' dir='ltr'><strong>servitute</strong></span> <span class='ocrx_word' id='word_1_510' title='bbox 948 3562 1215 3627; x_wconf 86' lang='lat' dir='ltr'><strong>liberasti,</strong></span> <span class='ocrx_word' id='word_1_511' title='bbox 1254 3564 1350 3618; x_wconf 88' lang='lat' dir='ltr'><strong>sed</strong></span> <span class='ocrx_word' id='word_1_512' title='bbox 1380 3564 1548 3619; x_wconf 91' lang='lat' dir='ltr'><strong>etiam</strong></span> <span class='ocrx_word' id='word_1_513' title='bbox 1566 3548 1717 3619; x_wconf 72' lang='lat' dir='ltr'><strong>dona</strong></span> <span class='ocrx_word' id='word_1_514' title='bbox 1747 3579 1903 3620; x_wconf 89' lang='lat' dir='ltr'><strong>acce-</strong></span> 
     </span>
    </p>
   </div>
   <div class='ocr_carea' id='block_1_70' title="bbox 325 3653 1901 3728">
    <p class='ocr_par' dir='ltr' id='par_1_70' title="bbox 325 3653 1901 3728">
     <span class='ocr_line' id='line_1_71' title="bbox 325 3653 1901 3728; baseline 0.003 -19"><span class='ocrx_word' id='word_1_515' title='bbox 325 3654 457 3725; x_wconf 83' lang='lat' dir='ltr'><strong>pisti</strong></span> <span class='ocrx_word' id='word_1_516' title='bbox 485 3654 554 3710; x_wconf 89' lang='lat' dir='ltr'><strong>ab</strong></span> <span class='ocrx_word' id='word_1_517' title='bbox 581 3653 920 3718; x_wconf 86' lang='lat' dir='ltr'><strong>hominibus,</strong></span> <span class='ocrx_word' id='word_1_518' title='bbox 951 3654 1110 3724; x_wconf 85' lang='lat' dir='ltr'><strong>quasi</strong></span> <span class='ocrx_word' id='word_1_519' title='bbox 1133 3669 1258 3708; x_wconf 90' lang='lat' dir='ltr'><strong>cum</strong></span> <span class='ocrx_word' id='word_1_520' title='bbox 1281 3655 1445 3712; x_wconf 87' lang='lat' dir='ltr'><strong>donis</strong></span> <span class='ocrx_word' id='word_1_521' title='bbox 1469 3657 1728 3712; x_wconf 91' lang='lat' dir='ltr'><strong>omnibus</strong></span> <span class='ocrx_word' id='word_1_522' title='bbox 1752 3659 1901 3728; x_wconf 90' lang='lat' dir='ltr'><strong>ipsos</strong></span> 
     </span>
    </p>
   </div>
   <div class='ocr_carea' id='block_1_71' title="bbox 324 3742 1903 3812">
    <p class='ocr_par' dir='ltr' id='par_1_71' title="bbox 324 3742 1903 3812">
     <span class='ocr_line' id='line_1_72' title="bbox 324 3742 1903 3812; baseline -0.001 -13"><span class='ocrx_word' id='word_1_523' title='bbox 324 3744 756 3800; x_wconf 85' lang='lat' dir='ltr'><strong>dimittentibus.</strong></span> <span class='ocrx_word' id='word_1_524' title='bbox 803 3743 1074 3797; x_wconf 81' lang='lat' dir='ltr'><strong>Caeterum</strong></span> <span class='ocrx_word' id='word_1_525' title='bbox 1105 3742 1402 3812; x_wconf 86' lang='lat' dir='ltr'><strong>Apostolus</strong></span> <span class='ocrx_word' id='word_1_526' title='bbox 1429 3743 1536 3799; x_wconf 90' lang='lat' dir='ltr'><strong>hoc</strong></span> <span class='ocrx_word' id='word_1_527' title='bbox 1580 3744 1903 3800; x_wconf 90' lang='lat' dir='ltr'><strong>testimonio</strong></span> 
     </span>
    </p>
   </div>
   <div class='ocr_carea' id='block_1_72' title="bbox 326 3833 1901 3906">
    <p class='ocr_par' dir='ltr' id='par_1_72' title="bbox 326 3833 1901 3906">
     <span class='ocr_line' id='line_1_73' title="bbox 326 3833 1901 3906; baseline -0.001 -15"><span class='ocrx_word' id='word_1_528' title='bbox 326 3850 461 3891; x_wconf 89' lang='lat' dir='ltr'><strong>usus</strong></span> <span class='ocrx_word' id='word_1_529' title='bbox 492 3844 578 3890; x_wconf 90' lang='lat' dir='ltr'><strong>est</strong></span> <span class='ocrx_word' id='word_1_530' title='bbox 612 3833 839 3906; x_wconf 81' lang='lat' dir='ltr'><strong>(Ephes.</strong></span> <span class='ocrx_word' id='word_1_531' title='bbox 869 3849 941 3899; x_wconf 83' lang='lat' dir='ltr'><strong>Iv,</strong></span> <span class='ocrx_word' id='word_1_532' title='bbox 969 3833 1032 3901; x_wconf 89' lang='lat'><strong>8)</strong></span> <span class='ocrx_word' id='word_1_533' title='bbox 1071 3835 1226 3904; x_wconf 89' lang='lat' dir='ltr'><strong>quasi</strong></span> <span class='ocrx_word' id='word_1_534' title='bbox 1262 3835 1330 3890; x_wconf 92' lang='lat' dir='ltr'><strong>de</strong></span> <span class='ocrx_word' id='word_1_535' title='bbox 1356 3835 1576 3889; x_wconf 87' lang='lat' dir='ltr'><strong>Christo</strong></span> <span class='ocrx_word' id='word_1_536' title='bbox 1601 3853 1615 3902; x_wconf 92' lang='lat'><strong>;</strong></span> <span class='ocrx_word' id='word_1_537' title='bbox 1640 3837 1901 3905; x_wconf 86' lang='lat' dir='ltr'><strong>quoniam</strong></span> 
     </span>
    </p>
   </div>
   <div class='ocr_carea' id='block_1_73' title="bbox 325 3924 1900 3997">
    <p class='ocr_par' dir='ltr' id='par_1_73' title="bbox 325 3924 1900 3997">
     <span class='ocr_line' id='line_1_74' title="bbox 325 3924 1900 3997; baseline -0.001 -15"><span class='ocrx_word' id='word_1_538' title='bbox 325 3936 379 3982; x_wconf 85' lang='lat' dir='ltr'><strong>et</strong></span> <span class='ocrx_word' id='word_1_539' title='bbox 415 3926 534 3997; x_wconf 90' lang='lat' dir='ltr'><strong>ipse</strong></span> <span class='ocrx_word' id='word_1_540' title='bbox 573 3941 674 3982; x_wconf 91' lang='lat' dir='ltr'><strong>nos</strong></span> <span class='ocrx_word' id='word_1_541' title='bbox 703 3926 808 3982; x_wconf 85' lang='lat' dir='ltr'><strong>sub</strong></span> <span class='ocrx_word' id='word_1_542' title='bbox 849 3924 1070 3980; x_wconf 90' lang='lat' dir='ltr'><strong>diabolo</strong></span> <span class='ocrx_word' id='word_1_543' title='bbox 1102 3927 1347 3995; x_wconf 88' lang='lat' dir='ltr'><strong>captivos</strong></span> <span class='ocrx_word' id='word_1_544' title='bbox 1384 3927 1742 3989; x_wconf 84' lang='lat' dir='ltr'><strong>exsistentes,</strong></span> <span class='ocrx_word' id='word_1_545' title='bbox 1776 3942 1900 3981; x_wconf 91' lang='lat' dir='ltr'><strong>cum</strong></span> 
     </span>
    </p>
   </div>
   <div class='ocr_carea' id='block_1_74' title="bbox 326 4015 1902 4089">
    <p class='ocr_par' dir='ltr' id='par_1_74' title="bbox 326 4015 1902 4089">
     <span class='ocr_line' id='line_1_75' title="bbox 326 4015 1902 4089; baseline 0.001 -17"><span class='ocrx_word' id='word_1_546' title='bbox 326 4018 507 4088; x_wconf 81' lang='lat' dir='ltr'><strong>ipsum</strong></span> <span class='ocrx_word' id='word_1_547' title='bbox 560 4019 756 4089; x_wconf 69' lang='lat' dir='ltr'><strong>proelio</strong></span> <span class='ocrx_word' id='word_1_548' title='bbox 789 4018 928 4072; x_wconf 91' lang='lat' dir='ltr'><strong>inito</strong></span> <span class='ocrx_word' id='word_1_549' title='bbox 975 4017 1291 4080; x_wconf 85' lang='lat' dir='ltr'><strong>devicisset,</strong></span> <span class='ocrx_word' id='word_1_550' title='bbox 1332 4017 1555 4071; x_wconf 82' lang='lat' dir='ltr'><strong>exemit.</strong></span> <span class='ocrx_word' id='word_1_551' title='bbox 1607 4015 1902 4088; x_wconf 88' lang='lat' dir='ltr'><strong>Propterea</strong></span> 
     </span>
    </p>
   </div>
   <div class='ocr_carea' id='block_1_75' title="bbox 325 4109 1903 4180">
    <p class='ocr_par' dir='ltr' id='par_1_75' title="bbox 325 4109 1903 4180">
     <span class='ocr_line' id='line_1_76' title="bbox 325 4109 1903 4180; baseline 0 -14"><span class='ocrx_word' id='word_1_552' title='bbox 325 4127 454 4166; x_wconf 89' lang='lat' dir='ltr'><strong>cum</strong></span> <span class='ocrx_word' id='word_1_553' title='bbox 485 4113 632 4166; x_wconf 90' lang='lat' dir='ltr'><strong>istud</strong></span> <span class='ocrx_word' id='word_1_554' title='bbox 663 4111 912 4180; x_wconf 80' lang='lat' dir='ltr'><strong>accepisti</strong></span> <span class='ocrx_word' id='word_1_555' title='bbox 940 4109 1082 4164; x_wconf 84' lang='lat' dir='ltr'><strong>dona</strong></span> <span class='ocrx_word' id='word_1_556' title='bbox 1117 4118 1310 4164; x_wconf 90' lang='lat' dir='ltr'><strong>nostro</strong></span> <span class='ocrx_word' id='word_1_557' title='bbox 1340 4109 1597 4178; x_wconf 86' lang='lat' dir='ltr'><strong>loquendi</strong></span> <span class='ocrx_word' id='word_1_558' title='bbox 1623 4112 1760 4164; x_wconf 91' lang='lat' dir='ltr'><strong>mori</strong></span> <span class='ocrx_word' id='word_1_559' title='bbox 1794 4127 1903 4166; x_wconf 91' lang='lat' dir='ltr'><strong>non</strong></span> 
     </span>
    </p>
   </div>
   <div class='ocr_carea' id='block_1_76' title="bbox 327 4201 1900 4275">
    <p class='ocr_par' dir='ltr' id='par_1_76' title="bbox 327 4201 1900 4275">
     <span class='ocr_line' id='line_1_77' title="bbox 327 4201 1900 4275; baseline 0 -17"><span class='ocrx_word' id='word_1_560' title='bbox 327 4206 657 4275; x_wconf 87' lang='lat' dir='ltr'><strong>quadraret,</strong></span> <span class='ocrx_word' id='word_1_561' title='bbox 694 4219 804 4273; x_wconf 85' lang='lat' dir='ltr'><strong>quo</strong></span> <span class='ocrx_word' id='word_1_562' title='bbox 843 4203 900 4256; x_wconf 91' lang='lat' dir='ltr'><strong>in</strong></span> <span class='ocrx_word' id='word_1_563' title='bbox 939 4201 1339 4258; x_wconf 88' lang='lat' dir='ltr'><strong>ecclesiasticis</strong></span> <span class='ocrx_word' id='word_1_564' title='bbox 1362 4203 1648 4257; x_wconf 87' lang='lat' dir='ltr'><strong>sententiis</strong></span> <span class='ocrx_word' id='word_1_565' title='bbox 1673 4203 1900 4268; x_wconf 87' lang='lat' dir='ltr'><strong>utimur,</strong></span> 
     </span>
    </p>
   </div>
   <div class='ocr_carea' id='block_1_77' title="bbox 209 4292 1903 4362">
    <p class='ocr_par' dir='ltr' id='par_1_77' title="bbox 209 4292 1903 4362">
     <span class='ocr_line' id='line_1_78' title="bbox 209 4292 1903 4362; baseline -0.001 -11"><span class='ocrx_word' id='word_1_566' title='bbox 209 4315 224 4318; x_wconf 60' lang='grc'><strong><em>”</em></strong></span> <span class='ocrx_word' id='word_1_567' title='bbox 327 4297 629 4351; x_wconf 80' lang='lat' dir='ltr'><strong>immutans</strong></span> <span class='ocrx_word' id='word_1_568' title='bbox 652 4295 875 4349; x_wconf 89' lang='lat' dir='ltr'><strong>verbum</strong></span> <span class='ocrx_word' id='word_1_569' title='bbox 911 4295 1180 4362; x_wconf 82' lang='lat' dir='ltr'><strong>accepisti,</strong></span> <span class='ocrx_word' id='word_1_570' title='bbox 1215 4294 1354 4349; x_wconf 82' lang='lat' dir='ltr'><strong>dixit</strong></span> <span class='ocrx_word' id='word_1_571' title='bbox 1375 4293 1586 4347; x_wconf 79' lang='lat' dir='ltr'><strong>dedisti.</strong></span> <span class='ocrx_word' id='word_1_572' title='bbox 1619 4292 1733 4348; x_wconf 83' lang='lat' dir='ltr'><strong>Hoc</strong></span> <span class='ocrx_word' id='word_1_573' title='bbox 1755 4296 1903 4350; x_wconf 87' lang='lat' dir='ltr'><strong>enim</strong></span> 
     </span>
    </p>
   </div>
   <div class='ocr_carea' id='block_1_78' title="bbox 329 4385 1901 4458">
    <p class='ocr_par' dir='ltr' id='par_1_78' title="bbox 329 4385 1901 4458">
     <span class='ocr_line' id='line_1_79' title="bbox 329 4385 1901 4458; baseline 0.002 -20"><span class='ocrx_word' id='word_1_574' title='bbox 329 4385 555 4442; x_wconf 85' lang='lat' dir='ltr'><strong>Christo</strong></span> <span class='ocrx_word' id='word_1_575' title='bbox 607 4388 785 4457; x_wconf 87' lang='lat' dir='ltr'><strong>magis</strong></span> <span class='ocrx_word' id='word_1_576' title='bbox 831 4386 1190 4456; x_wconf 82' lang='lat' dir='ltr'><strong>congruebat,</strong></span> <span class='ocrx_word' id='word_1_577' title='bbox 1246 4396 1304 4440; x_wconf 92' lang='lat' dir='ltr'><strong>ut</strong></span> <span class='ocrx_word' id='word_1_578' title='bbox 1333 4387 1425 4457; x_wconf 87' lang='lat' dir='ltr'><strong>qui</strong></span> <span class='ocrx_word' id='word_1_579' title='bbox 1455 4403 1564 4441; x_wconf 87' lang='lat' dir='ltr'><strong>non</strong></span> <span class='ocrx_word' id='word_1_580' title='bbox 1609 4389 1901 4458; x_wconf 86' lang='lat' dir='ltr'><strong>acceperit,</strong></span> 
     </span>
    </p>
   </div>
   <div class='ocr_carea' id='block_1_79' title="bbox 2001 3282 3591 3351">
    <p class='ocr_par' dir='ltr' id='par_1_79' title="bbox 2001 3282 3591 3351">
     <span class='ocr_line' id='line_1_80' title="bbox 2001 3282 3591 3351; baseline 0.004 -13"><span class='ocrx_word' id='word_1_581' title='bbox 2001 3303 2092 3349; x_wconf 88' lang='grc' dir='ltr'><strong>τες</strong></span> <span class='ocrx_word' id='word_1_582' title='bbox 2135 3286 2352 3340; x_wconf 74' lang='grc' dir='ltr'>ἔλαϐονο</span> <span class='ocrx_word' id='word_1_583' title='bbox 2411 3282 2531 3340; x_wconf 75' lang='grc' dir='ltr'>εἶτα</span> <span class='ocrx_word' id='word_1_584' title='bbox 2587 3286 2988 3351; x_wconf 75' lang='grc' dir='ltr'>καταλαϐόντος</span> <span class='ocrx_word' id='word_1_585' title='bbox 3039 3287 3133 3341; x_wconf 82' lang='grc' dir='ltr'>τοῦ</span> <span class='ocrx_word' id='word_1_586' title='bbox 3184 3288 3417 3344; x_wconf 81' lang='grc' dir='ltr'>θανάτου</span> <span class='ocrx_word' id='word_1_587' title='bbox 3473 3292 3591 3347; x_wconf 81' lang='grc' dir='ltr'>τῶν</span> 
     </span>
    </p>
   </div>
   <div class='ocr_carea' id='block_1_80' title="bbox 2003 3377 3591 3455">
    <p class='ocr_par' dir='ltr' id='par_1_80' title="bbox 2003 3377 3591 3455">
     <span class='ocr_line' id='line_1_81' title="bbox 2003 3377 3591 3455; baseline 0.004 -24"><span class='ocrx_word' id='word_1_588' title='bbox 2003 3378 2385 3448; x_wconf 86' lang='grc' dir='ltr'>πρωτοτόκων,</span> <span class='ocrx_word' id='word_1_589' title='bbox 2424 3377 2751 3450; x_wconf 78' lang='grc' dir='ltr'>ἐξώρμησαν</span> <span class='ocrx_word' id='word_1_590' title='bbox 2770 3379 2869 3448; x_wconf 79' lang='grc' dir='ltr'>τῆς</span> <span class='ocrx_word' id='word_1_591' title='bbox 2893 3379 3168 3447; x_wconf 80' lang='grc' dir='ltr'>Αἰγύπτου</span> <span class='ocrx_word' id='word_1_592' title='bbox 3193 3381 3272 3453; x_wconf 81' lang='grc' dir='ltr'>τῷ</span> <span class='ocrx_word' id='word_1_593' title='bbox 3305 3385 3591 3455; x_wconf 68' lang='grc' dir='ltr'>προστάγα</span> 
     </span>
    </p>
   </div>
   <div class='ocr_carea' id='block_1_81' title="bbox 2006 3471 3590 3546">
    <p class='ocr_par' dir='ltr' id='par_1_81' title="bbox 2006 3471 3590 3546">
     <span class='ocr_line' id='line_1_82' title="bbox 2006 3471 3590 3546; baseline 0.004 -22"><span class='ocrx_word' id='word_1_594' title='bbox 2006 3489 2134 3544; x_wconf 90' lang='grc' dir='ltr'>ματι</span> <span class='ocrx_word' id='word_1_595' title='bbox 2161 3471 2255 3525; x_wconf 82' lang='grc' dir='ltr'>τοῦ</span> <span class='ocrx_word' id='word_1_596' title='bbox 2279 3471 2436 3534; x_wconf 79' lang='grc' dir='ltr'>Θεοῦ,</span> <span class='ocrx_word' id='word_1_597' title='bbox 2469 3471 2682 3542; x_wconf 77' lang='grc' dir='ltr'>ἔχοντες</span> <span class='ocrx_word' id='word_1_598' title='bbox 2708 3471 2802 3526; x_wconf 72' lang='grc' dir='ltr'>καὶ</span> <span class='ocrx_word' id='word_1_599' title='bbox 2840 3471 2908 3525; x_wconf 87' lang='grc' dir='ltr'><strong>τά</strong></span> <span class='ocrx_word' id='word_1_600' title='bbox 2933 3472 3122 3544; x_wconf 76' lang='grc' dir='ltr'>σκεύη.</span> <span class='ocrx_word' id='word_1_601' title='bbox 3157 3475 3266 3545; x_wconf 77' lang='grc' dir='ltr'>Οὐχ</span> <span class='ocrx_word' id='word_1_602' title='bbox 3293 3477 3442 3546; x_wconf 80' lang='grc' dir='ltr'>ἡμᾶς</span> <span class='ocrx_word' id='word_1_603' title='bbox 3469 3474 3590 3544; x_wconf 76' lang='grc' dir='ltr'>οὖν,</span> 
     </span>
    </p>
   </div>
   <div class='ocr_carea' id='block_1_82' title="bbox 2004 3563 3589 3638">
    <p class='ocr_par' dir='ltr' id='par_1_82' title="bbox 2004 3563 3589 3638">
     <span class='ocr_line' id='line_1_83' title="bbox 2004 3563 3589 3638; baseline 0.004 -23"><span class='ocrx_word' id='word_1_604' title='bbox 2004 3563 2167 3634; x_wconf 75' lang='grc' dir='ltr'>φησὶ,</span> <span class='ocrx_word' id='word_1_605' title='bbox 2203 3563 2361 3634; x_wconf 86' lang='grc' dir='ltr'>μόνον</span> <span class='ocrx_word' id='word_1_606' title='bbox 2388 3564 2610 3634; x_wconf 80' lang='grc' dir='ltr'>ἀφείλου</span> <span class='ocrx_word' id='word_1_607' title='bbox 2631 3604 2646 3630; x_wconf 86' lang='grc'><strong>,</strong></span> <span class='ocrx_word' id='word_1_608' title='bbox 2682 3563 2776 3617; x_wconf 72' lang='grc' dir='ltr'><strong>καὶ</strong></span> <span class='ocrx_word' id='word_1_609' title='bbox 2805 3565 2904 3634; x_wconf 80' lang='grc' dir='ltr'><strong>τῆς</strong></span> <span class='ocrx_word' id='word_1_610' title='bbox 2947 3565 3192 3630; x_wconf 88' lang='grc' dir='ltr'>δουλείας</span> <span class='ocrx_word' id='word_1_611' title='bbox 3225 3567 3551 3638; x_wconf 81' lang='grc' dir='ltr'>ἀπήλλαξας</span> <span class='ocrx_word' id='word_1_612' title='bbox 3576 3587 3589 3601; x_wconf 77' lang='grc' dir='ltr'><strong>ο</strong></span> 
     </span>
    </p>
   </div>
   <div class='ocr_carea' id='block_1_83' title="bbox 2003 3655 3595 3730">
    <p class='ocr_par' dir='ltr' id='par_1_83' title="bbox 2003 3655 3595 3730">
     <span class='ocr_line' id='line_1_84' title="bbox 2003 3655 3595 3730; baseline 0.001 -19"><span class='ocrx_word' id='word_1_613' title='bbox 2003 3656 2137 3711; x_wconf 88' lang='grc' dir='ltr'><strong>ἀλλά</strong></span> <span class='ocrx_word' id='word_1_614' title='bbox 2156 3657 2252 3710; x_wconf 71' lang='grc' dir='ltr'><strong>καὶ</strong></span> <span class='ocrx_word' id='word_1_615' title='bbox 2278 3655 2488 3727; x_wconf 87' lang='grc' dir='ltr'>δόματα</span> <span class='ocrx_word' id='word_1_616' title='bbox 2511 3655 2699 3720; x_wconf 73' lang='grc' dir='ltr'>ἔλαϐες</span> <span class='ocrx_word' id='word_1_617' title='bbox 2722 3657 2872 3728; x_wconf 87' lang='grc' dir='ltr'><strong>παρά</strong></span> <span class='ocrx_word' id='word_1_618' title='bbox 2899 3657 3006 3710; x_wconf 86' lang='grc' dir='ltr'><strong>τῶν</strong></span> <span class='ocrx_word' id='word_1_619' title='bbox 3032 3657 3354 3730; x_wconf 88' lang='grc' dir='ltr'>ἀνθρώπων,</span> <span class='ocrx_word' id='word_1_620' title='bbox 3383 3660 3595 3714; x_wconf 70' lang='grc' dir='ltr'>ὡσανεὶ</span> 
     </span>
    </p>
   </div>
   <div class='ocr_carea' id='block_1_84' title="bbox 2008 3749 3592 3824">
    <p class='ocr_par' dir='ltr' id='par_1_84' title="bbox 2008 3749 3592 3824">
     <span class='ocr_line' id='line_1_85' title="bbox 2008 3749 3592 3824; baseline 0.001 -22"><span class='ocrx_word' id='word_1_621' title='bbox 2008 3749 2145 3820; x_wconf 88' lang='grc' dir='ltr'><strong>μετά</strong></span> <span class='ocrx_word' id='word_1_622' title='bbox 2183 3749 2370 3821; x_wconf 91' lang='grc' dir='ltr'>δώρων</span> <span class='ocrx_word' id='word_1_623' title='bbox 2407 3749 2626 3803; x_wconf 86' lang='grc' dir='ltr'>πάντων</span> <span class='ocrx_word' id='word_1_624' title='bbox 2659 3750 2858 3814; x_wconf 82' lang='grc' dir='ltr'>αὐτοὺς</span> <span class='ocrx_word' id='word_1_625' title='bbox 2893 3750 3316 3820; x_wconf 77' lang='grc' dir='ltr'>ἐκπεμψάντων.</span> <span class='ocrx_word' id='word_1_626' title='bbox 3383 3752 3592 3824; x_wconf 84' lang='grc' dir='ltr'><strong>Ἐχρή-</strong></span> 
     </span>
    </p>
   </div>
   <div class='ocr_carea' id='block_1_85' title="bbox 2007 3841 3596 3917">
    <p class='ocr_par' dir='ltr' id='par_1_85' title="bbox 2007 3841 3596 3917">
     <span class='ocr_line' id='line_1_86' title="bbox 2007 3841 3596 3917; baseline 0.003 -23"><span class='ocrx_word' id='word_1_627' title='bbox 2007 3858 2136 3894; x_wconf 81' lang='grc' dir='ltr'>σατο</span> <span class='ocrx_word' id='word_1_628' title='bbox 2173 3841 2230 3894; x_wconf 80' lang='grc' dir='ltr'>δὲ</span> <span class='ocrx_word' id='word_1_629' title='bbox 2258 3841 2286 3892; x_wconf 86' lang='grc' dir='ltr'>ὁ</span> <span class='ocrx_word' id='word_1_630' title='bbox 2329 3841 2650 3904; x_wconf 85' lang='grc' dir='ltr'>Ἀπόστολος</span> <span class='ocrx_word' id='word_1_631' title='bbox 2696 3841 2871 3914; x_wconf 81' lang='grc' dir='ltr'>ταύτῃ</span> <span class='ocrx_word' id='word_1_632' title='bbox 2908 3845 2972 3913; x_wconf 84' lang='grc' dir='ltr'>τῇ</span> <span class='ocrx_word' id='word_1_633' title='bbox 3008 3843 3301 3914; x_wconf 79' lang='grc' dir='ltr'>μαρτυρίᾳ,</span> <span class='ocrx_word' id='word_1_634' title='bbox 3345 3843 3422 3908; x_wconf 84' lang='grc' dir='ltr'>ὡς</span> <span class='ocrx_word' id='word_1_635' title='bbox 3456 3846 3596 3917; x_wconf 76' lang='grc' dir='ltr'>περὶ</span> 
     </span>
    </p>
   </div>
   <div class='ocr_carea' id='block_1_86' title="bbox 2003 3919 3596 4008">
    <p class='ocr_par' dir='ltr' id='par_1_86' title="bbox 2003 3919 3596 4008">
     <span class='ocr_line' id='line_1_87' title="bbox 2003 3919 3596 4008; baseline 0 -22"><span class='ocrx_word' id='word_1_636' title='bbox 2003 3933 2096 3987; x_wconf 79' lang='grc' dir='ltr'>τοῦ</span> <span class='ocrx_word' id='word_1_637' title='bbox 2123 3933 2356 4004; x_wconf 75' lang='grc' dir='ltr'>Χριστοῦ</span> <span class='ocrx_word' id='word_1_638' title='bbox 2381 3952 2393 3964; x_wconf 86' lang='grc'><strong>·</strong></span> <span class='ocrx_word' id='word_1_639' title='bbox 2423 3935 2502 3986; x_wconf 84' lang='grc' dir='ltr'><strong>ὅτι</strong></span> <span class='ocrx_word' id='word_1_640' title='bbox 2531 3935 2622 3987; x_wconf 78' lang='grc' dir='ltr'>καὶ</span> <span class='ocrx_word' id='word_1_641' title='bbox 2652 3935 2812 3998; x_wconf 79' lang='grc' dir='ltr'>αὐτὸς</span> <span class='ocrx_word' id='word_1_642' title='bbox 2841 3935 3219 4006; x_wconf 78' lang='grc' dir='ltr'>αἰχμαλώτους</span> <span class='ocrx_word' id='word_1_643' title='bbox 3244 3919 3395 4008; x_wconf 71' lang='grc' dir='ltr'>ἡμᾶς</span> <span class='ocrx_word' id='word_1_644' title='bbox 3423 3937 3596 4002; x_wconf 76' lang='grc' dir='ltr'>ὄντας</span> 
     </span>
    </p>
   </div>
   <div class='ocr_carea' id='block_1_87' title="bbox 2005 4023 3596 4097">
    <p class='ocr_par' dir='ltr' id='par_1_87' title="bbox 2005 4023 3596 4097">
     <span class='ocr_line' id='line_1_88' title="bbox 2005 4023 3596 4097; baseline 0.003 -19"><span class='ocrx_word' id='word_1_645' title='bbox 2005 4025 2109 4078; x_wconf 81' lang='grc' dir='ltr'>ὑπὸ</span> <span class='ocrx_word' id='word_1_646' title='bbox 2126 4023 2220 4077; x_wconf 80' lang='grc' dir='ltr'>τοῦ</span> <span class='ocrx_word' id='word_1_647' title='bbox 2244 4023 2512 4088; x_wconf 77' lang='grc' dir='ltr'>διαϐόλου,</span> <span class='ocrx_word' id='word_1_648' title='bbox 2544 4025 2692 4096; x_wconf 82' lang='grc' dir='ltr'>μάχῃ</span> <span class='ocrx_word' id='word_1_649' title='bbox 2719 4028 2782 4096; x_wconf 75' lang='grc' dir='ltr'>τῇ</span> <span class='ocrx_word' id='word_1_650' title='bbox 2809 4026 2944 4095; x_wconf 82' lang='grc' dir='ltr'>πρὸς</span> <span class='ocrx_word' id='word_1_651' title='bbox 2969 4025 3130 4080; x_wconf 66' lang='grc' dir='ltr'>αὐτόν</span> <span class='ocrx_word' id='word_1_652' title='bbox 3155 4029 3406 4097; x_wconf 80' lang='grc' dir='ltr'>νικήσας,</span> <span class='ocrx_word' id='word_1_653' title='bbox 3426 4030 3596 4096; x_wconf 82' lang='grc' dir='ltr'>ἀφεί-</span> 
     </span>
    </p>
   </div>
   <div class='ocr_carea' id='block_1_88' title="bbox 2003 4115 3600 4194">
    <p class='ocr_par' dir='ltr' id='par_1_88' title="bbox 2003 4115 3600 4194">
     <span class='ocr_line' id='line_1_89' title="bbox 2003 4115 3600 4194; baseline 0.001 -25"><span class='ocrx_word' id='word_1_654' title='bbox 2003 4117 2142 4169; x_wconf 88' lang='grc' dir='ltr'>λετο.</span> <span class='ocrx_word' id='word_1_655' title='bbox 2177 4115 2274 4168; x_wconf 88' lang='grc' dir='ltr'>Διά</span> <span class='ocrx_word' id='word_1_656' title='bbox 2312 4115 2468 4169; x_wconf 74' lang='grc' dir='ltr'>τοῦτο</span> <span class='ocrx_word' id='word_1_657' title='bbox 2507 4116 2691 4187; x_wconf 77' lang='grc' dir='ltr'>ἐπειδὴ</span> <span class='ocrx_word' id='word_1_658' title='bbox 2720 4116 2779 4168; x_wconf 84' lang='grc' dir='ltr'><strong>τὸ</strong></span> <span class='ocrx_word' id='word_1_659' title='bbox 2821 4116 3076 4184; x_wconf 81' lang='grc' dir='ltr'>Ἔλαϐες</span> <span class='ocrx_word' id='word_1_660' title='bbox 3101 4117 3327 4187; x_wconf 82' lang='grc' dir='ltr'>δόματα</span> <span class='ocrx_word' id='word_1_661' title='bbox 3363 4120 3463 4190; x_wconf 77' lang='grc' dir='ltr'><strong>οὐχ</strong></span> <span class='ocrx_word' id='word_1_662' title='bbox 3492 4122 3600 4194; x_wconf 76' lang='grc' dir='ltr'><strong>ἣρ-</strong></span> 
     </span>
    </p>
   </div>
   <div class='ocr_carea' id='block_1_89' title="bbox 2008 4207 3600 4282">
    <p class='ocr_par' dir='ltr' id='par_1_89' title="bbox 2008 4207 3600 4282">
     <span class='ocr_line' id='line_1_90' title="bbox 2008 4207 3600 4282; baseline 0.003 -20"><span class='ocrx_word' id='word_1_663' title='bbox 2008 4225 2168 4280; x_wconf 85' lang='grc' dir='ltr'>μοττε</span> <span class='ocrx_word' id='word_1_664' title='bbox 2201 4211 2340 4262; x_wconf 90' lang='grc' dir='ltr'><strong>κατά</strong></span> <span class='ocrx_word' id='word_1_665' title='bbox 2377 4207 2436 4260; x_wconf 80' lang='grc' dir='ltr'>τὸ</span> <span class='ocrx_word' id='word_1_666' title='bbox 2471 4209 2599 4278; x_wconf 85' lang='grc' dir='ltr'>παρ’</span> <span class='ocrx_word' id='word_1_667' title='bbox 2641 4209 2773 4278; x_wconf 83' lang='grc' dir='ltr'>ἡμῖν</span> <span class='ocrx_word' id='word_1_668' title='bbox 2807 4208 2927 4271; x_wconf 76' lang='grc' dir='ltr'>ἔθος</span> <span class='ocrx_word' id='word_1_669' title='bbox 2950 4249 2965 4273; x_wconf 93' lang='grc'><strong>,</strong></span> <span class='ocrx_word' id='word_1_670' title='bbox 2995 4207 3184 4282; x_wconf 83' lang='grc' dir='ltr'>ὥσπερ</span> <span class='ocrx_word' id='word_1_671' title='bbox 3221 4211 3278 4264; x_wconf 78' lang='grc' dir='ltr'>ὲν</span> <span class='ocrx_word' id='word_1_672' title='bbox 3319 4213 3441 4272; x_wconf 85' lang='grc' dir='ltr'>ταῖς</span> <span class='ocrx_word' id='word_1_673' title='bbox 3473 4210 3600 4266; x_wconf 84' lang='grc' dir='ltr'>δια-</span> 
     </span>
    </p>
   </div>
   <div class='ocr_carea' id='block_1_90' title="bbox 2004 4296 3598 4369">
    <p class='ocr_par' dir='ltr' id='par_1_90' title="bbox 2004 4296 3598 4369">
     <span class='ocr_line' id='line_1_91' title="bbox 2004 4296 3598 4369; baseline 0.001 -18"><span class='ocrx_word' id='word_1_674' title='bbox 2004 4298 2182 4363; x_wconf 83' lang='grc' dir='ltr'>λέξεσι</span> <span class='ocrx_word' id='word_1_675' title='bbox 2214 4300 2334 4360; x_wconf 87' lang='grc' dir='ltr'>ταῖς</span> <span class='ocrx_word' id='word_1_676' title='bbox 2365 4296 2854 4368; x_wconf 80' lang='grc' dir='ltr'>ἐκκλησιαστικαῖς</span> <span class='ocrx_word' id='word_1_677' title='bbox 2887 4297 3236 4369; x_wconf 85' lang='grc' dir='ltr'>κεχρήμεθα,</span> <span class='ocrx_word' id='word_1_678' title='bbox 3267 4298 3598 4365; x_wconf 82' lang='grc' dir='ltr'>ὑπαλλάξας</span> 
     </span>
    </p>
   </div>
   <div class='ocr_carea' id='block_1_91' title="bbox 2005 4384 3602 4458">
    <p class='ocr_par' dir='ltr' id='par_1_91' title="bbox 2005 4384 3602 4458">
     <span class='ocr_line' id='line_1_92' title="bbox 2005 4384 3602 4458; baseline -0.001 -16"><span class='ocrx_word' id='word_1_679' title='bbox 2005 4390 2064 4442; x_wconf 75' lang='grc' dir='ltr'><strong>τὸ</strong></span> <span class='ocrx_word' id='word_1_680' title='bbox 2083 4389 2356 4454; x_wconf 78' lang='grc' dir='ltr'>Ἔλαϐες,</span> <span class='ocrx_word' id='word_1_681' title='bbox 2377 4384 2527 4442; x_wconf 71' lang='grc' dir='ltr'>εἶπεν</span> <span class='ocrx_word' id='word_1_682' title='bbox 2554 4388 2614 4441; x_wconf 85' lang='grc' dir='ltr'><strong>τὸ</strong></span> <span class='ocrx_word' id='word_1_683' title='bbox 2632 4387 2921 4452; x_wconf 64' lang='grc' dir='ltr'>νΕδωκας.</span> <span class='ocrx_word' id='word_1_684' title='bbox 2947 4386 3116 4440; x_wconf 82' lang='grc' dir='ltr'>Τοῦτο</span> <span class='ocrx_word' id='word_1_685' title='bbox 3137 4387 3244 4457; x_wconf 77' lang='grc' dir='ltr'><strong>γὰρ</strong></span> <span class='ocrx_word' id='word_1_686' title='bbox 3261 4387 3602 4458; x_wconf 79' lang='grc' dir='ltr'>ἁρμοδιώτε-</span> 
     </span>
    </p>
   </div>
   <div class='ocr_carea' id='block_1_92' title="bbox 328 4475 1904 4575">
    <p class='ocr_par' dir='ltr' id='par_1_92' title="bbox 328 4475 1902 4550">
     <span class='ocr_line' id='line_1_93' title="bbox 328 4475 1902 4550; baseline 0.001 -17"><span class='ocrx_word' id='word_1_687' title='bbox 328 4477 423 4534; x_wconf 82' lang='lat' dir='ltr'><strong>sed</strong></span> <span class='ocrx_word' id='word_1_688' title='bbox 453 4489 576 4550; x_wconf 91' lang='lat' dir='ltr'><strong>post</strong></span> <span class='ocrx_word' id='word_1_689' title='bbox 604 4492 900 4532; x_wconf 88' lang='lat' dir='ltr'><strong>ascensum</strong></span> <span class='ocrx_word' id='word_1_690' title='bbox 935 4491 1098 4532; x_wconf 89' lang='lat' dir='ltr'><strong>suum</strong></span> <span class='ocrx_word' id='word_1_691' title='bbox 1148 4475 1206 4530; x_wconf 90' lang='lat' dir='ltr'><strong>in</strong></span> <span class='ocrx_word' id='word_1_692' title='bbox 1237 4476 1408 4533; x_wconf 79' lang='lat' dir='ltr'><strong>etelos</strong></span> <span class='ocrx_word' id='word_1_693' title='bbox 1449 4475 1688 4548; x_wconf 89' lang='lat' dir='ltr'><strong>Spiritus</strong></span> <span class='ocrx_word' id='word_1_694' title='bbox 1722 4479 1902 4535; x_wconf 87' lang='lat' dir='ltr'><strong>sancti</strong></span> 
     </span>
    </p>
   </div>
   <div class='ocr_carea' id='block_1_93' title="bbox 2005 4475 3602 4575">
    <p class='ocr_par' dir='ltr' id='par_1_93' title="bbox 2011 4477 3602 4554">
     <span class='ocr_line' id='line_1_94' title="bbox 2011 4477 3602 4554; baseline -0.002 -20"><span class='ocrx_word' id='word_1_695' title='bbox 2011 4499 2102 4554; x_wconf 90' lang='grc' dir='ltr'><strong>ρον</strong></span> <span class='ocrx_word' id='word_1_696' title='bbox 2129 4483 2220 4534; x_wconf 71' lang='grc' dir='ltr'>ἐπὶ</span> <span class='ocrx_word' id='word_1_697' title='bbox 2247 4480 2508 4550; x_wconf 79' lang='grc' dir='ltr'>Χριστοῦ,</span> <span class='ocrx_word' id='word_1_698' title='bbox 2535 4480 2595 4533; x_wconf 82' lang='grc' dir='ltr'><strong>οὑ</strong></span> <span class='ocrx_word' id='word_1_699' title='bbox 2630 4479 2886 4542; x_wconf 72' lang='grc' dir='ltr'>λαϐόντος</span> <span class='ocrx_word' id='word_1_700' title='bbox 2905 4521 2920 4546; x_wconf 86' lang='grc'><strong>,</strong></span> <span class='ocrx_word' id='word_1_701' title='bbox 2958 4477 3093 4533; x_wconf 86' lang='grc' dir='ltr'><strong>ἀλλά</strong></span> <span class='ocrx_word' id='word_1_702' title='bbox 3119 4479 3255 4549; x_wconf 87' lang='grc' dir='ltr'><strong>μετά</strong></span> <span class='ocrx_word' id='word_1_703' title='bbox 3284 4479 3383 4548; x_wconf 85' lang='grc' dir='ltr'><strong>τὴν</strong></span> <span class='ocrx_word' id='word_1_704' title='bbox 3405 4478 3602 4531; x_wconf 80' lang='grc' dir='ltr'>ἄνοδον</span> 
     </span>
    </p>
   </div>
   <div class='ocr_carea' id='block_1_94' title="bbox 326 4568 864 4639">
    <p class='ocr_par' dir='ltr' id='par_1_94' title="bbox 326 4568 864 4639">
     <span class='ocr_line' id='line_1_95' title="bbox 326 4568 864 4639; baseline 0.002 -17"><span class='ocrx_word' id='word_1_705' title='bbox 326 4569 469 4624; x_wconf 86' lang='lat' dir='ltr'><strong>dona</strong></span> <span class='ocrx_word' id='word_1_706' title='bbox 501 4569 737 4639; x_wconf 87' lang='lat' dir='ltr'><strong>largitus</strong></span> <span class='ocrx_word' id='word_1_707' title='bbox 773 4568 864 4626; x_wconf 90' lang='lat' dir='ltr'><strong>sit.</strong></span> 
     </span>
    </p>
   </div>
   <div class='ocr_carea' id='block_1_95' title="bbox 817 4795 1400 4855">
    <p class='ocr_par' dir='ltr' id='par_1_95' title="bbox 817 4795 1400 4855">
     <span class='ocr_line' id='line_1_96' title="bbox 817 4795 1400 4855; baseline 0.002 -1"><span class='ocrx_word' id='word_1_708' title='bbox 817 4795 1141 4854; x_wconf 78' lang='lat' dir='ltr'><strong>PSALMUS</strong></span> <span class='ocrx_word' id='word_1_709' title='bbox 1169 4797 1400 4855; x_wconf 75' lang='lat' dir='ltr'><strong>LXVIII.</strong></span> 
     </span>
    </p>
   </div>
   <div class='ocr_carea' id='block_1_96' title="bbox 2009 4567 3602 4642">
    <p class='ocr_par' dir='ltr' id='par_1_96' title="bbox 2009 4567 3602 4642">
     <span class='ocr_line' id='line_1_97' title="bbox 2009 4567 3602 4642; baseline -0.006 -15"><span class='ocrx_word' id='word_1_710' title='bbox 2009 4572 2108 4640; x_wconf 79' lang='grc' dir='ltr'>τὴν</span> <span class='ocrx_word' id='word_1_711' title='bbox 2132 4573 2188 4624; x_wconf 81' lang='grc' dir='ltr'>ὲν</span> <span class='ocrx_word' id='word_1_712' title='bbox 2211 4574 2323 4635; x_wconf 90' lang='grc' dir='ltr'>τοῖς</span> <span class='ocrx_word' id='word_1_713' title='bbox 2349 4572 2598 4642; x_wconf 72' lang='grc' dir='ltr'>οὐρανοῖς</span> <span class='ocrx_word' id='word_1_714' title='bbox 2626 4570 2915 4634; x_wconf 87' lang='grc' dir='ltr'>δεδωκότος</span> <span class='ocrx_word' id='word_1_715' title='bbox 2944 4569 3036 4622; x_wconf 79' lang='grc' dir='ltr'>τοῦ</span> <span class='ocrx_word' id='word_1_716' title='bbox 3059 4567 3368 4640; x_wconf 85' lang='grc' dir='ltr'>πνεύματος</span> <span class='ocrx_word' id='word_1_717' title='bbox 3389 4567 3461 4620; x_wconf 81' lang='grc' dir='ltr'>τὰ</span> <span class='ocrx_word' id='word_1_718' title='bbox 3494 4585 3602 4637; x_wconf 82' lang='grc' dir='ltr'>χα-</span> 
     </span>
    </p>
   </div>
   <div class='ocr_carea' id='block_1_97' title="bbox 2013 4665 2273 4736">
    <p class='ocr_par' dir='ltr' id='par_1_97' title="bbox 2013 4665 2273 4736">
     <span class='ocr_line' id='line_1_98' title="bbox 2013 4665 2273 4736; baseline 0 -18"><span class='ocrx_word' id='word_1_719' title='bbox 2013 4665 2273 4736; x_wconf 89' lang='grc' dir='ltr'>ρίσματα.</span> 
     </span>
    </p>
   </div>
   <div class='ocr_carea' id='block_1_98' title="bbox 2573 4799 3028 4855">
    <p class='ocr_par' dir='ltr' id='par_1_98' title="bbox 2573 4799 3028 4855">
     <span class='ocr_line' id='line_1_99' title="bbox 2573 4799 3028 4855; baseline -0.002 -1"><span class='ocrx_word' id='word_1_720' title='bbox 2573 4800 2866 4855; x_wconf 81' lang='grc' dir='ltr'><strong>ΨΑΛΜΟΣ</strong></span> <span class='ocrx_word' id='word_1_721' title='bbox 2901 4799 3028 4853; x_wconf 74' lang='lat' dir='ltr'><strong>EH’.</strong></span> 
     </span>
    </p>
   </div>
   <div class='ocr_carea' id='block_1_99' title="bbox 359 4908 3562 4994">
    <p class='ocr_par' dir='ltr' id='par_1_99' title="bbox 359 4908 3562 4994">
     <span class='ocr_line' id='line_1_100' title="bbox 359 4908 3562 4994; baseline -0.002 -23"><span class='ocrx_word' id='word_1_722' title='bbox 359 4917 434 4987; x_wconf 83' lang='lat' dir='ltr'><strong>(I)</strong></span> <span class='ocrx_word' id='word_1_723' title='bbox 475 4914 728 4986; x_wconf 75' lang='lat' dir='ltr'><strong>Ejusdem</strong></span> <span class='ocrx_word' id='word_1_724' title='bbox 764 4911 828 4966; x_wconf 84' lang='lat' dir='ltr'><strong>de</strong></span> <span class='ocrx_word' id='word_1_725' title='bbox 864 4911 1294 4978; x_wconf 79' lang='lat' dir='ltr'><strong>interpretatione</strong></span> <span class='ocrx_word' id='word_1_726' title='bbox 1323 4913 1849 4994; x_wconf 39' lang='lat' dir='ltr'><strong>sexagesim&#39;iJoctavi</strong></span> <span class='ocrx_word' id='word_1_727' title='bbox 1884 4918 2104 4984; x_wconf 80' lang='lat' dir='ltr'><strong>psalmi,</strong></span> <span class='ocrx_word' id='word_1_728' title='bbox 2142 4917 2198 4970; x_wconf 85' lang='lat' dir='ltr'><strong>in</strong></span> <span class='ocrx_word' id='word_1_729' title='bbox 2235 4914 2393 4970; x_wconf 84' lang='lat' dir='ltr'><strong>verba</strong></span> <span class='ocrx_word' id='word_1_730' title='bbox 2430 4913 2529 4994; x_wconf 70' lang='lat' dir='ltr'><strong>illa</strong></span> <span class='ocrx_word' id='word_1_731' title='bbox 2561 4930 2579 4967; x_wconf 91' lang='lat'><strong><em>:</em></strong></span> <span class='ocrx_word' id='word_1_732' title='bbox 2611 4912 2890 4968; x_wconf 85' lang='lat' dir='ltr'><strong>Dederunt</strong></span> <span class='ocrx_word' id='word_1_733' title='bbox 2927 4913 2984 4967; x_wconf 89' lang='lat' dir='ltr'><strong>in</strong></span> <span class='ocrx_word' id='word_1_734' title='bbox 3014 4923 3198 4967; x_wconf 83' lang='lat' dir='ltr'><strong>escam</strong></span> <span class='ocrx_word' id='word_1_735' title='bbox 3230 4921 3406 4964; x_wconf 83' lang='lat' dir='ltr'><strong>meam</strong></span> <span class='ocrx_word' id='word_1_736' title='bbox 3447 4908 3562 4978; x_wconf 66' lang='grc' dir='ltr'>ἰοὶ,</span> 
     </span>
    </p>
   </div>
   <div class='ocr_carea' id='block_1_100' title="bbox 1394 4985 2536 5058">
    <p class='ocr_par' dir='ltr' id='par_1_100' title="bbox 1394 4985 2536 5058">
     <span class='ocr_line' id='line_1_101' title="bbox 1394 4985 2536 5058; baseline -0.001 -19"><span class='ocrx_word' id='word_1_737' title='bbox 1394 4991 1449 5039; x_wconf 87' lang='lat' dir='ltr'><strong>et</strong></span> <span class='ocrx_word' id='word_1_738' title='bbox 1487 4985 1542 5038; x_wconf 92' lang='lat' dir='ltr'><strong>in</strong></span> <span class='ocrx_word' id='word_1_739' title='bbox 1581 4985 1674 5041; x_wconf 83' lang='lat' dir='ltr'><strong>siti</strong></span> <span class='ocrx_word' id='word_1_740' title='bbox 1715 5001 1834 5042; x_wconf 83' lang='lat' dir='ltr'><strong>mea</strong></span> <span class='ocrx_word' id='word_1_741' title='bbox 1872 4995 2200 5058; x_wconf 83' lang='lat' dir='ltr'><strong>potaverunt</strong></span> <span class='ocrx_word' id='word_1_742' title='bbox 2237 5001 2324 5040; x_wconf 89' lang='lat' dir='ltr'><strong>me</strong></span> <span class='ocrx_word' id='word_1_743' title='bbox 2358 4993 2536 5040; x_wconf 81' lang='lat' dir='ltr'><strong>aceto.</strong></span> 
     </span>
    </p>
   </div>
   <div class='ocr_carea' id='block_1_101' title="bbox 398 5099 3606 5173">
    <p class='ocr_par' dir='ltr' id='par_1_101' title="bbox 398 5099 3606 5173">
     <span class='ocr_line' id='line_1_102' title="bbox 398 5099 3606 5173; baseline -0.001 -16"><span class='ocrx_word' id='word_1_744' title='bbox 398 5101 671 5169; x_wconf 86' lang='lat' dir='ltr'><strong>Quoniam</strong></span> <span class='ocrx_word' id='word_1_745' title='bbox 717 5101 827 5158; x_wconf 88' lang='lat' dir='ltr'><strong>cibi</strong></span> <span class='ocrx_word' id='word_1_746' title='bbox 865 5109 922 5158; x_wconf 88' lang='lat' dir='ltr'><strong>et</strong></span> <span class='ocrx_word' id='word_1_747' title='bbox 967 5107 1131 5173; x_wconf 89' lang='lat' dir='ltr'><strong>potus</strong></span> <span class='ocrx_word' id='word_1_748' title='bbox 1177 5112 1378 5156; x_wconf 74' lang='lat' dir='ltr'><strong>suaves</strong></span> <span class='ocrx_word' id='word_1_749' title='bbox 1421 5100 1638 5171; x_wconf 87' lang='lat' dir='ltr'><strong>quidem</strong></span> <span class='ocrx_word' id='word_1_750' title='bbox 1687 5101 1824 5158; x_wconf 86' lang='lat' dir='ltr'><strong>ﬁunt</strong></span> <span class='ocrx_word' id='word_1_751' title='bbox 1867 5105 1921 5159; x_wconf 81' lang='lat' dir='ltr'><strong>in</strong></span> <span class='ocrx_word' id='word_1_752' title='bbox 1963 5113 2207 5173; x_wconf 89' lang='lat' dir='ltr'><strong>tempore</strong></span> <span class='ocrx_word' id='word_1_753' title='bbox 2260 5101 2484 5172; x_wconf 83' lang='lat' dir='ltr'><strong>gaudii,</strong></span> <span class='ocrx_word' id='word_1_754' title='bbox 2532 5102 2780 5156; x_wconf 87' lang='lat' dir='ltr'><strong>insuavia</strong></span> <span class='ocrx_word' id='word_1_755' title='bbox 2823 5108 3005 5156; x_wconf 90' lang='lat' dir='ltr'><strong>autem</strong></span> <span class='ocrx_word' id='word_1_756' title='bbox 3048 5108 3102 5156; x_wconf 91' lang='lat' dir='ltr'><strong>et</strong></span> <span class='ocrx_word' id='word_1_757' title='bbox 3144 5113 3331 5154; x_wconf 87' lang='lat' dir='ltr'><strong>amara</strong></span> <span class='ocrx_word' id='word_1_758' title='bbox 3385 5099 3441 5153; x_wconf 92' lang='lat' dir='ltr'><strong>in</strong></span> <span class='ocrx_word' id='word_1_759' title='bbox 3491 5103 3606 5157; x_wconf 87' lang='lat' dir='ltr'><strong>tri-</strong></span> 
     </span>
    </p>
   </div>
   <div class='ocr_carea' id='block_1_102' title="bbox 329 5196 3602 5268">
    <p class='ocr_par' dir='ltr' id='par_1_102' title="bbox 329 5196 3602 5268">
     <span class='ocr_line' id='line_1_103' title="bbox 329 5196 3602 5268; baseline -0.001 -16"><span class='ocrx_word' id='word_1_760' title='bbox 329 5197 519 5267; x_wconf 78' lang='lat' dir='ltr'><strong>stitia;</strong></span> <span class='ocrx_word' id='word_1_761' title='bbox 567 5199 697 5253; x_wconf 83' lang='lat' dir='ltr'><strong>talia</strong></span> <span class='ocrx_word' id='word_1_762' title='bbox 735 5205 928 5264; x_wconf 90' lang='lat' dir='ltr'><strong>erant,</strong></span> <span class='ocrx_word' id='word_1_763' title='bbox 990 5197 1201 5268; x_wconf 86' lang='lat' dir='ltr'><strong>inquit,</strong></span> <span class='ocrx_word' id='word_1_764' title='bbox 1253 5211 1375 5268; x_wconf 64' lang='lat' dir='ltr'><strong>quas</strong></span> <span class='ocrx_word' id='word_1_765' title='bbox 1420 5196 1491 5252; x_wconf 87' lang='lat' dir='ltr'><strong>ab</strong></span> <span class='ocrx_word' id='word_1_766' title='bbox 1532 5196 1640 5252; x_wconf 83' lang='lat' dir='ltr'><strong>illis</strong></span> <span class='ocrx_word' id='word_1_767' title='bbox 1695 5197 1929 5265; x_wconf 81' lang='lat' dir='ltr'><strong>ﬂebant,</strong></span> <span class='ocrx_word' id='word_1_768' title='bbox 1968 5207 2028 5253; x_wconf 91' lang='lat' dir='ltr'><strong>ut</strong></span> <span class='ocrx_word' id='word_1_769' title='bbox 2071 5215 2135 5255; x_wconf 88' lang='lat' dir='ltr'><strong>ex</strong></span> <span class='ocrx_word' id='word_1_770' title='bbox 2179 5197 2402 5253; x_wconf 89' lang='lat' dir='ltr'><strong>tristitia</strong></span> <span class='ocrx_word' id='word_1_771' title='bbox 2445 5205 2498 5251; x_wconf 89' lang='lat' dir='ltr'><strong>et</strong></span> <span class='ocrx_word' id='word_1_772' title='bbox 2541 5196 2626 5250; x_wconf 88' lang='lat' dir='ltr'><strong>ira</strong></span> <span class='ocrx_word' id='word_1_773' title='bbox 2667 5205 2816 5252; x_wconf 90' lang='lat' dir='ltr'><strong>esset</strong></span> <span class='ocrx_word' id='word_1_774' title='bbox 2861 5197 3080 5267; x_wconf 90' lang='lat' dir='ltr'><strong>quidem</strong></span> <span class='ocrx_word' id='word_1_775' title='bbox 3122 5198 3252 5252; x_wconf 92' lang='lat' dir='ltr'><strong>mihi</strong></span> <span class='ocrx_word' id='word_1_776' title='bbox 3298 5198 3352 5251; x_wconf 92' lang='lat' dir='ltr'><strong>in</strong></span> <span class='ocrx_word' id='word_1_777' title='bbox 3401 5196 3602 5250; x_wconf 88' lang='lat' dir='ltr'><strong>locum</strong></span> 
     </span>
    </p>
   </div>
   <div class='ocr_carea' id='block_1_103' title="bbox 329 5287 3604 5358">
    <p class='ocr_par' dir='ltr' id='par_1_103' title="bbox 329 5287 3604 5358">
     <span class='ocr_line' id='line_1_104' title="bbox 329 5287 3604 5358; baseline -0 -14"><span class='ocrx_word' id='word_1_778' title='bbox 329 5287 476 5344; x_wconf 76' lang='lat' dir='ltr'><strong>fellis</strong></span> <span class='ocrx_word' id='word_1_779' title='bbox 515 5291 712 5354; x_wconf 84' lang='lat' dir='ltr'><strong>cibus,</strong></span> <span class='ocrx_word' id='word_1_780' title='bbox 758 5300 905 5347; x_wconf 88' lang='lat' dir='ltr'><strong>esset</strong></span> <span class='ocrx_word' id='word_1_781' title='bbox 953 5299 1137 5346; x_wconf 90' lang='lat' dir='ltr'><strong>autem</strong></span> <span class='ocrx_word' id='word_1_782' title='bbox 1184 5297 1238 5345; x_wconf 87' lang='lat' dir='ltr'><strong>et</strong></span> <span class='ocrx_word' id='word_1_783' title='bbox 1286 5289 1438 5358; x_wconf 91' lang='lat' dir='ltr'><strong>potio</strong></span> <span class='ocrx_word' id='word_1_784' title='bbox 1485 5296 1642 5342; x_wconf 89' lang='lat' dir='ltr'><strong>aceto</strong></span> <span class='ocrx_word' id='word_1_785' title='bbox 1690 5291 1824 5344; x_wconf 90' lang='lat' dir='ltr'><strong>nihil</strong></span> <span class='ocrx_word' id='word_1_786' title='bbox 1870 5292 2149 5348; x_wconf 77' lang='lat' dir='ltr'><strong>diﬂerens.</strong></span> <span class='ocrx_word' id='word_1_787' title='bbox 2203 5289 2438 5345; x_wconf 82' lang='lat' dir='ltr'><strong>Maxime</strong></span> <span class='ocrx_word' id='word_1_788' title='bbox 2485 5299 2671 5344; x_wconf 91' lang='lat' dir='ltr'><strong>autem</strong></span> <span class='ocrx_word' id='word_1_789' title='bbox 2724 5291 2827 5346; x_wconf 91' lang='lat' dir='ltr'><strong>hoc</strong></span> <span class='ocrx_word' id='word_1_790' title='bbox 2879 5293 2940 5344; x_wconf 85' lang='lat' dir='ltr'><strong>tit</strong></span> <span class='ocrx_word' id='word_1_791' title='bbox 2987 5291 3043 5345; x_wconf 92' lang='lat' dir='ltr'><strong>in</strong></span> <span class='ocrx_word' id='word_1_792' title='bbox 3103 5290 3406 5344; x_wconf 87' lang='lat' dir='ltr'><strong>iracundiis</strong></span> <span class='ocrx_word' id='word_1_793' title='bbox 3464 5304 3604 5358; x_wconf 63' lang='lat' dir='ltr'><strong>qua</strong></span> 
     </span>
    </p>
   </div>
   <div class='ocr_carea' id='block_1_104' title="bbox 332 5382 3603 5457">
    <p class='ocr_par' dir='ltr' id='par_1_104' title="bbox 332 5382 3603 5457">
     <span class='ocr_line' id='line_1_105' title="bbox 332 5382 3603 5457; baseline 0 -20"><span class='ocrx_word' id='word_1_794' title='bbox 332 5382 388 5438; x_wconf 90' lang='lat' dir='ltr'><strong>in</strong></span> <span class='ocrx_word' id='word_1_795' title='bbox 429 5385 781 5440; x_wconf 84' lang='lat' dir='ltr'><strong>tribulatione</strong></span> <span class='ocrx_word' id='word_1_796' title='bbox 833 5386 1002 5452; x_wconf 80' lang='lat' dir='ltr'><strong>ﬁunt,</strong></span> <span class='ocrx_word' id='word_1_797' title='bbox 1047 5383 1196 5456; x_wconf 86' lang='lat' dir='ltr'><strong>quod</strong></span> <span class='ocrx_word' id='word_1_798' title='bbox 1243 5384 1541 5439; x_wconf 80' lang='lat' dir='ltr'><strong>verisimile</strong></span> <span class='ocrx_word' id='word_1_799' title='bbox 1595 5392 1714 5437; x_wconf 85' lang='lat' dir='ltr'><strong>erat</strong></span> <span class='ocrx_word' id='word_1_800' title='bbox 1763 5387 1872 5454; x_wconf 89' lang='lat' dir='ltr'><strong>pati</strong></span> <span class='ocrx_word' id='word_1_801' title='bbox 1922 5403 2017 5442; x_wconf 85' lang='lat' dir='ltr'><strong>eos</strong></span> <span class='ocrx_word' id='word_1_802' title='bbox 2067 5396 2262 5442; x_wconf 88' lang='lat' dir='ltr'><strong>contra</strong></span> <span class='ocrx_word' id='word_1_803' title='bbox 2311 5402 2464 5442; x_wconf 89' lang='lat' dir='ltr'><strong>suos.</strong></span> <span class='ocrx_word' id='word_1_804' title='bbox 2520 5386 2668 5443; x_wconf 90' lang='lat' dir='ltr'><strong>Usus</strong></span> <span class='ocrx_word' id='word_1_805' title='bbox 2716 5395 2899 5442; x_wconf 89' lang='lat' dir='ltr'><strong>autem</strong></span> <span class='ocrx_word' id='word_1_806' title='bbox 2947 5396 3033 5442; x_wconf 91' lang='lat' dir='ltr'><strong>est</strong></span> <span class='ocrx_word' id='word_1_807' title='bbox 3081 5387 3424 5457; x_wconf 57' lang='lat' dir='ltr'><strong>evangelista</strong></span> <span class='ocrx_word' id='word_1_808' title='bbox 3479 5385 3603 5439; x_wconf 85' lang='lat' dir='ltr'><strong>hoc</strong></span> 
     </span>
    </p>
   </div>
   <div class='ocr_carea' id='block_1_105' title="bbox 330 5473 3606 5552">
    <p class='ocr_par' dir='ltr' id='par_1_105' title="bbox 330 5473 3606 5552">
     <span class='ocr_line' id='line_1_106' title="bbox 330 5473 3606 5552; baseline 0 -21"><span class='ocrx_word' id='word_1_809' title='bbox 330 5474 743 5531; x_wconf 74' lang='lat' dir='ltr'><strong>testimonioin</strong></span> <span class='ocrx_word' id='word_1_810' title='bbox 796 5474 1063 5545; x_wconf 89' lang='lat' dir='ltr'><strong>Domino,</strong></span> <span class='ocrx_word' id='word_1_811' title='bbox 1111 5483 1166 5531; x_wconf 91' lang='lat' dir='ltr'><strong>et</strong></span> <span class='ocrx_word' id='word_1_812' title='bbox 1209 5476 1330 5547; x_wconf 87' lang='lat' dir='ltr'><strong>ipse</strong></span> <span class='ocrx_word' id='word_1_813' title='bbox 1374 5483 1556 5530; x_wconf 89' lang='lat' dir='ltr'><strong>autem</strong></span> <span class='ocrx_word' id='word_1_814' title='bbox 1608 5473 1912 5533; x_wconf 91' lang='lat' dir='ltr'><strong>Dominus:</strong></span> <span class='ocrx_word' id='word_1_815' title='bbox 1958 5477 2116 5534; x_wconf 78' lang='lat' dir='ltr'><strong>Zelus</strong></span> <span class='ocrx_word' id='word_1_816' title='bbox 2167 5477 2356 5535; x_wconf 79' lang='lat' dir='ltr'><strong>domus</strong></span> <span class='ocrx_word' id='word_1_817' title='bbox 2405 5488 2507 5534; x_wconf 79' lang='lat' dir='ltr'><strong>tua:</strong></span> <span class='ocrx_word' id='word_1_818' title='bbox 2551 5477 2778 5534; x_wconf 86' lang='lat' dir='ltr'><strong>comedit</strong></span> <span class='ocrx_word' id='word_1_819' title='bbox 2821 5493 2940 5548; x_wconf 68' lang='lat' dir='ltr'><strong>me,</strong></span> <span class='ocrx_word' id='word_1_820' title='bbox 2987 5479 3056 5537; x_wconf 91' lang='lat' dir='ltr'><strong>de</strong></span> <span class='ocrx_word' id='word_1_821' title='bbox 3101 5481 3288 5552; x_wconf 88' lang='lat' dir='ltr'><strong>seipso</strong></span> <span class='ocrx_word' id='word_1_822' title='bbox 3340 5477 3549 5533; x_wconf 72' lang='lat' dir='ltr'><strong>dicens</strong></span> <span class='ocrx_word' id='word_1_823' title='bbox 3591 5499 3606 5544; x_wconf 86' lang='lat'><strong>;</strong></span> 
     </span>
    </p>
   </div>
   <div class='ocr_carea' id='block_1_106' title="bbox 395 5663 2024 5750">
    <p class='ocr_par' dir='ltr' id='par_1_106' title="bbox 395 5663 2024 5750">
     <span class='ocr_line' id='line_1_107' title="bbox 395 5663 2024 5750; baseline 0.004 -19"><span class='ocrx_word' id='word_1_824' title='bbox 395 5663 486 5750; x_wconf 83' lang='lat' dir='ltr'><strong>(l)</strong></span> <span class='ocrx_word' id='word_1_825' title='bbox 527 5671 605 5729; x_wconf 79' lang='lat' dir='ltr'><strong>Ex</strong></span> <span class='ocrx_word' id='word_1_826' title='bbox 655 5677 888 5732; x_wconf 82' lang='lat' dir='ltr'><strong>concilio</strong></span> <span class='ocrx_word' id='word_1_827' title='bbox 928 5677 1037 5735; x_wconf 71' lang='grc' dir='ltr'><strong>ΟΡ.</strong></span> <span class='ocrx_word' id='word_1_828' title='bbox 1071 5693 1236 5746; x_wconf 85' lang='lat' dir='ltr'><strong>supra</strong></span> <span class='ocrx_word' id='word_1_829' title='bbox 1283 5678 1474 5746; x_wconf 82' lang='lat' dir='ltr'><strong>citato,</strong></span> <span class='ocrx_word' id='word_1_830' title='bbox 1524 5675 1699 5734; x_wconf 80' lang='lat' dir='ltr'><strong>Mansi</strong></span> <span class='ocrx_word' id='word_1_831' title='bbox 1748 5675 1852 5747; x_wconf 75' lang='lat' dir='ltr'><strong>IX,</strong></span> <span class='ocrx_word' id='word_1_832' title='bbox 1898 5679 2024 5738; x_wconf 74' lang='grc'><strong>213.</strong></span> 
     </span>
    </p>
   </div>
  </div>
