3974 6146
375 328 486 391 εει

1576 314 1943 375 ειροειτιο
1996 313 2067 370 lN
2107 292 2441 371 rssLuos.

3545 309 3653 368 090

378 454 437 503 et
477 445 674 500 beatus
711 438 919 494 Psulus
963 436 1034 494 de
1073 432 1280 492 Judais
1321 434 1598 507 loquens:
1648 431 1772 489 Fiat
1800 446 1981 487 mensa
2018 445 2239 495 eorum,
2267 439 2418 499 etc.;
2465 438 2520 486 et
2561 428 2757 486 beatus
2799 425 3001 493 Petrus
3042 425 3111 483 de
3150 423 3336 481 inda:
3384 426 3511 481 Fiat
3557 427 3655 481 ta-

380 538 576 596 bitatio
619 535 735 605 ejus
778 532 1011 589 deserta.
1062 527 1130 586 Et
1173 537 1326 587 certe
1369 528 1607 587 diversis
1659 525 1979 585 constitutis
2028 523 2233 590 rebus,
2286 538 2399 581 non
2445 524 2608 597 quasi
2661 520 2879 595 psalmd
2922 522 3087 580 modo
3136 522 3360 593 quidem
3410 536 3511 591 pro
3563 520 3656 579 bis

382 634 574 697 dicto,
619 630 820 686 lterum
867 636 1051 684 autem
1094 626 1164 682 de
1209 625 1346 693 illo,
1395 632 1450 682 et
1494 625 1696 681 iterum
1746 623 1815 680 de
1858 620 2008 677 alio:
2051 619 2152 677 sed
2190 620 2321 691 quia
2362 618 2432 676 de
2477 618 2684 676 ludatis
2719 620 2870 676 dicta
2914 628 3042 676 sunt
3086 617 3286 690 plura,
3330 613 3427 689 qui
3470 630 3532 672 se
3571 629 3659 671 se-

382 731 725 800 paraverunt
782 723 853 779 de
904 723 1017 778 Deo
1077 731 1134 778 et
1188 723 1341 795 lege,
1400 720 1789 778 convincentia
1850 719 2073 774 illorum
2127 716 2577 782 indevotionem,
2638 716 2990 772 necessarius
3051 722 3139 771 est
3195 712 3652 769 testimoniorum

387 833 522 872 usus
568 814 739 871 simul
783 820 839 869 et
887 826 957 869 ex
1003 812 1170 869 rebus
1208 819 1406 884 captus
1451 813 1634 884 qualis
1680 819 1800 879 est,
1855 806 2121 863 Dederunt
2163 807 2219 862 in
2259 823 2437 863 eseam
2484 823 2654 863 meam
2699 807 2805 876 fel,
2849 820 2900 861 et
2944 808 2999 862 in
3043 807 3136 862 siti
3180 824 3296 862 mea
3342 812 3662 876 paraverunt

387 927 468 965 me
516 917 686 964 aceto.

457 1027 608 1096 Στίχ.
657 1024 761 1091 κζ’.
797 1056 866 1068 --
909 1024 1023 1079 Καὶ
1066 1024 1142 1097 (l)
1177 1025 1471 1081 ἀπέκειντο
1515 1023 1694 1079 πάντα
1738 1022 1972 1096 δρῶντες

2148 1021 2318 1080 Vens.
2352 1024 2443 1080 27.
2469 1053 2540 1064 -
2566 1022 2637 1078 Et
2678 1021 3005 1079 institerunt
3045 1021 3233 1076 omnia
3257 1020 3524 1078 adversus
3560 1036 3666 1075 nos

389 1119 510 1173 καθ’
558 1118 737 1189 ἡμῶν,
779 1119 867 1172 ἀεὶ
918 1119 1041 1182 ταῖς
1089 1116 1607 1189 προλαμϐανούσαις
1663 1118 1973 1188 συμφοραῖς

2090 1122 2317 1182 tentare,
2350 1116 2791 1187 praecedentibus
2819 1115 3229 1172 calamitatibus
3278 1130 3497 1185 semper
3524 1114 3665 1169 alias

392 1211 587 1281 ἑτέρας
610 1209 929 1280 εἰσάγοντες
949 1249 964 1274 ,
997 1210 1096 1264 καὶ
1121 1209 1379 1267 οὐδέποτε
1414 1210 1675 1283 λήγοντες
1699 1209 1795 1264 τοῦ
1835 1206 1974 1279 πρὸς

2090 1211 2577 1280 superinducentes
2593 1249 2609 1276 ,
2633 1217 2688 1266 et
2713 1224 2994 1281 nunquam
3022 1223 3054 1263 a
3078 1207 3219 1264 bello
3240 1207 3534 1264 adversum
3558 1221 3664 1265 nos

392 1304 538 1376 ἡμᾶς
568 1302 833 1372 πολέμου.
1964 1366 1971 1375 1

359 1380 374 1423 ⁸
463 1392 615 1463 Στίχ.
646 1392 757 1465 κη’.
793 1421 864 1437 ι·-
895 1391 1010 1447 Οὑκ
1048 1391 1163 1465 ἔχει
1203 1394 1234 1447 δ
1270 1393 1402 1459 Θεὸς
1430 1394 1631 1459 αἰτίαν,
1667 1392 1719 1447 εἰ
1747 1393 1883 1464 πρὸς
1917 1391 1977 1445 δν

395 1484 672 1557 ἐπόθησαν
703 1485 1118 1557 παραδέδονται,
1147 1484 1351 1558 δηλαδὴ
1380 1486 1459 1558 τῷ
1490 1485 1625 1541 Θεοῦ
1664 1485 1978 1556 ἀποστατή-

400 1589 553 1628 σαντι
601 1574 836 1645 διαϐόλῳ
859 1589 872 1603 ·
916 1574 1271 1640 ἐξαπέστειλε
1319 1575 1449 1644 γοῦν
1493 1576 1692 1640 αὐτοὺς
1729 1573 1872 1629 κατὰ
1908 1571 1982 1636 τὰ

400 1668 813 1741 ἐπιτηδεύματα
842 1667 953 1722 τῶν
980 1666 1218 1738 καρδιῶν
1250 1667 1458 1722 αὐτῶν·
1486 1667 1568 1720 διὸ
1593 1665 1980 1738 προστιθέασιν

399 1760 631 1830 ἀνομίας
669 1760 758 1812 ἐπ’
796 1760 1071 1829 ἀνομίαις.
1106 1758 1218 1830 Τὴν
1251 1758 1409 1813 σκιὰν
1443 1758 1499 1812 δὲ
1541 1758 1637 1812 τοῦ
1671 1757 1839 1828 νόμου
1879 1756 1980 1828 τῆς

399 1850 660 1921 ιλθούσης
710 1851 1150 1922 προτιμήσαντες
1191 1848 1484 1922 ἀληθείας,
1520 1847 1839 1918 ἐξώσθησαν
1885 1846 1982 1900 καὶ

398 1943 491 1997 τοῦ
519 1943 689 1997 τόπου
717 1945 819 2015 τῆς
846 1943 1081 2011 τυπιγῆς
1114 1942 1393 2014 λατρείας,
1428 1946 1495 2015 τῇ
1528 1943 1772 2015 προτέρᾳ
1805 1957 1978 2012 προσ·

397 2031 636 2094 τιθέντες
671 2031 941 2101 ἁμαρτίᾳ.
979 2034 1037 2085 ὲν
1069 2030 1144 2102 τῷ
1159 2031 1259 2101 τῆς
1298 2032 1554 2096 Ἰουδαίας
1570 2032 1676 2099 ἔξω
1693 2029 1981 2102 βούλεσθαι

398 2122 573 2179 ταῦτα
603 2125 799 2186 ποιεῖν,
839 2121 923 2176 διὸ
946 2122 1047 2175 οὐκ
1077 2123 1419 2194 εἰσέρχονται
1456 2124 1515 2176 ὲν
1554 2121 1871 2195 δικαιοσύνῃ
1912 2124 1979 2193 τῇ

398 2213 486 2269 διὰ
514 2215 752 2279 πίστεως
797 2213 973 2284 Ἰησοῦ
1003 2214 1241 2286 Χριστοῦ
1265 2231 1278 2246 ·
1318 2215 1447 2287 περὶ
1474 2208 1541 2286 ἧς
1574 2215 1819 2286 εἴρηται·
1850 2215 1982 2270 Νῦν

397 2305 467 2361 δὲ
507 2307 689 2377 χωρὶς
726 2308 914 2377 νόμου
956 2307 1315 2375 δικαιοσύνη
1344 2306 1491 2361 Θεοῦ
1543 2306 1975 2377 πεφανέρωται,

395 2399 853 2469 μαρτυρουμένη
881 2397 1002 2454 ὑπὸ
1026 2398 1132 2453 τοῦ
1163 2399 1351 2467 νόμου
1374 2395 1471 2451 καί
1502 2395 1620 2450 τῶν
1637 2396 1979 2467 προφητῶν.

403 2489 545 2561 Περὶ
572 2489 730 2542 σκιὰν
756 2489 863 2560 γὰρ
888 2488 1104 2559 ἔχοντες
1131 2489 1240 2552 ἀεὶ,
1275 2488 1395 2551 πῶς
1438 2489 1759 2559 εἰσήρχοντο
1802 2490 1862 2542 ὲν
1905 2487 1985 2542 δι-

410 2578 676 2650 καιοσύνῃ
694 2581 762 2651 ἢν
782 2566 1211 2651 ἠγνόησανΘεοῦ
1233 2599 1247 2649 ;
1277 2580 1397 2649 Τὴν
1422 2579 1582 2635 ἰδίαν
1604 2580 1717 2650 γὰρ
1739 2579 1984 2649 ζητοῦν-

419 2687 515 2737 τες
528 2669 785 2739 στῆσαι,
814 2670 889 2740 τῇ
911 2672 1258 2741 δικαιοσύνῃ
1288 2670 1396 2727 τοῦ
1424 2671 1573 2727 Θεοῦ
1600 2675 1714 2749 οὐχ
1760 2671 1983 2728 daretd-

422 2779 619 2833 τησαν
637 2780 651 2794 ⁸
679 2763 871 2818 ταύτὸν
901 2765 1006 2836 γὰρ
1027 2765 1089 2819 τὸ
1126 2765 1489 2836 ὑποταγῆναι,
1522 2764 1603 2836 τῷ
1630 2763 1894 2820 είσελθετν
1923 2765 1984 2819 ἐν

421 2858 573 2928 αὐτῇ.

480 2947 625 3018 Στίχ.
659 2947 763 3003 κθ¹.
795 2978 867 2990 -
916 2949 1382 3019 Ἕξαλειφθεῒεν,
1425 2949 1708 3003 τουτέστιν
1755 2947 1983 3006 ἀποθά-

408 3055 583 3093 νοιεν.
625 3038 816 3093 Βίϐλον
844 3041 902 3096 δὲ
928 3041 1079 3109 λέγει
1117 3040 1357 3105 ζώντων,
1387 3038 1465 3104 ὡς
1493 3039 1589 3093 τοῦ
1626 3039 1763 3097 Θεοῦ
1791 3040 1983 3113 ῶσπερ

407 3128 462 3180 ιν
499 3125 665 3198 βίϐλῳ
691 3128 800 3181 τινί
831 3127 960 3191 τοὺς
997 3128 1208 3193 ζῶντας
1233 3128 1449 3199 ἔχοντος
1484 3128 1981 3199 καταλεγομένους,

404 3219 467 3271 ὲκ
513 3222 825 3291 μεταφορᾶς
875 3219 984 3273 τῶν
1027 3219 1315 3289 βασιλέων,
1349 3217 1459 3273 τῶν
1495 3220 1554 3273 ἓν
1603 3222 1724 3285 ταῖς
1780 3220 1983 3291 βίϐλοις

402 3305 631 3376 ιχόντων
668 3307 1155 3379 ἐγγεγραμμένους
1192 3310 1319 3373 τοὺς
1348 3307 1459 3362 τῶν
1492 3309 1843 3380 στρατιωτῶν
1877 3328 1982 3365 κα-

399 3396 678 3470 ηλόγους.

969 3514 1263 3569 ΨΑΛΜΟΣ
1294 3515 1418 3569 OA'.

472 3642 730 3747 Erus-st
761 3674 832 3686 -
865 3645 940 3747 1:6
968 3648 1084 3747 πρό
1116 3647 1330 3747 οὑχ-ῶς
1356 3649 1455 3747 ἐπίἱ
1476 3651 1667 3720 χρόνου
1708 3647 1878 3718 λέγει,
1906 3647 1982 3714 ὥς
2010 3685 2056 3747 c

393 3751 548 3799 τινες
573 3733 836 3807 ᾠήθησαν
854 3751 869 3768 ο
895 3735 1017 3790 ἐπεὶ
1043 3736 1203 3790 ποίαν
1224 3735 1337 3803 ἕξει
1361 3738 1499 3812 πρὸς
1524 3738 1584 3791 τὸ
1615 3738 1985 3808 παραμένειν

391 3824 763 3896 ἁκολουθίανς
794 3827 1253 3898 Συμπαραμενεῖ
1297 3829 1436 3901 γὰρ,
1493 3830 1627 3901 φησί
1648 3870 1663 3891 .
1711 3827 1793 3896 τῷ
1832 3830 1985 3899 ἡλίῳ

392 3916 499 3970 καὶ
534 3915 651 3985 πρὸ
682 3914 795 4001 τῆς
826 3916 1097 3988 σελήνης
1117 3919 1327 3989 γενεὰς
1363 3918 1605 3990 γενεῶν.
1642 3918 1715 3973 Τὸ
1744 3921 1843 3992 μὲν
1875 3920 1984 3993 γὰρ

388 4007 898 4078 συμπαραμένειν
933 4010 1015 4073 είς
1046 4009 1109 4063 τὸ
1131 4010 1263 4083 ἑξῆς
1294 4010 1536 4081 λέγεται,
1573 4012 1637 4066 τὸ
1666 4012 1723 4066 δὲ
1753 4016 1870 4083 πρό
1890 4013 1984 4066 ἐπὶ

384 4098 507 4152 τῶν
565 4099 971 4171 προλαϐόντων.
1016 4100 1206 4166 Οὐδεὶς
1235 4098 1329 4158 οὖν
1377 4103 1641 4173 λέγειὸτι
1686 4105 1792 4178 πρὸ
1825 4105 1982 4160 τοῦδε

386 4195 843 4263 συμπαραμενεῖ.
874 4193 938 4247 Εἰ
961 4193 1018 4247 δέ
1046 4211 1132 4258 τις
1158 4194 1220 4249 τὸ
1249 4196 1710 4267 συμπαραμενεῖ
1747 4199 1821 4270 μὴ
1853 4197 1981 4269 eos.

380 4282 546 4337 λοιτο
574 4282 716 4337 κατὰ
734 4283 920 4337 κοινοῦ
941 4283 1197 4350 νοεῖσθαι,
1225 4285 1321 4338 καὶ
1341 4285 1420 4352 τὸ,
1445 4286 1558 4357 πρὸ
1580 4286 1690 4357 τῆς
1712 4287 1985 4357 σελήνης

378 4374 614 4443 γενεὰς
659 4373 902 4443 γενεῶν,
956 4375 1108 4430 οὐδὲν
1162 4378 1414 4448 ποιήσει,
1447 4378 1563 4432 ἀλλ’
1609 4379 1642 4448 ἢ
1677 4379 1849 4450 χωλὸν
1888 4381 1983 4434 καὶ

377 4466 726 4536 ἀπλήρωτον
750 4466 875 4538 ἔχον
893 4470 991 4538 τὴν
1006 4468 1268 4523 διάνοιανυ
1292 4470 1352 4522 οὑ
1380 4469 1486 4539 γὰρ
1508 4471 1780 4541 συνῆπται
1807 4472 1980 4543 αὐτῷ,

375 4556 468 4610 ὅτι
506 4556 683 4623 ἔστιν,
726 4557 812 4611 ὃτι
853 4559 1111 4629 ὑπάρχει,
1140 4559 1173 4629 ἢ
1207 4560 1291 4615 ὅτι
1327 4554 1429 4631 ἦν,
1462 4561 1570 4631 ῆτι
1611 4560 1870 4617 τοιοῦτον.
1909 4562 1984 4615 To

379 4647 493 4718 μὲν
543 4641 641 4700 οὖν
686 4649 1146 4718 συμπαραμενεῖ
1188 4650 1333 4703 κατὰ
1375 4650 1556 4703 κοινοῦ
1605 4650 1789 4720 λέγει’
1831 4653 1893 4705 τὸ
1925 4653 1983 4707 δὲ

373 4738 507 4806 πρό
531 4737 636 4791 οὐκ
661 4737 756 4792 ἐπὶ
777 4740 875 4811 τῆς
892 4740 988 4794 τοῦ
1012 4742 1207 4813 χρόνου
1236 4740 1385 4810 λέγει
1413 4742 1709 4814 ὑπεροχῆς,
1743 4743 1859 4797 ἀλλ’
1883 4745 1981 4799 ἐπὶ

372 4831 483 4902 τῆς
516 4829 647 4883 κατ’
692 4829 825 4883 αὐτὸ
870 4830 930 4883 τὺ
962 4830 1260 4902 διαμένειν.
1295 4835 1554 4903 Διαμενεϊ
1584 4834 1786 4899 τοίνυν,
1822 4837 1977 4908 φησί,

372 4924 479 4976 καὶ
515 4921 1054 4993 δωφυλαχθὴσονται
1078 4926 1111 4996 ἡ
1133 4925 1324 4996 εἰρήνη
1354 4927 1448 4986 καὶ
1470 4926 1530 4979 τὸ
1558 4925 1764 4982 δίκαιον
1792 4928 1881 4983 ἴσα
1903 4930 1982 5003 τῷ

2034 1313 2065 1317 θ
2080 1314 2388 1362 cessantes.

2153 1396 2320 1455 Vsus.
2350 1397 2444 1454 28.
2471 1426 2544 1446 --
2571 1397 2716 1454 Deus
2746 1410 2859 1453 non
2895 1402 2983 1452 est
3032 1394 3089 1450 in
3134 1406 3333 1458 causa,
3391 1389 3441 1447 si
3475 1388 3667 1445 traditi

2074 1478 2195 1548 'sint
2230 1490 2312 1545 illi
2360 1496 2523 1562 quem
2573 1488 2981 1553 desiderarunt,
3037 1484 3253 1544 scilicet
3306 1481 3534 1539 diabolo
3567 1478 3668 1536 Dei

2083 1582 2396 1639 desertori:
2440 1581 2653 1637 dimisit
2698 1580 2868 1652 igitur
2915 1593 3014 1636 eos
3059 1574 3364 1634 secundum
3398 1572 3667 1629 adiuven-

2083 1675 2265 1731 tiones
2297 1673 2547 1729 cordium
2580 1673 2827 1743 ipsorum
2856 1687 2874 1739 ;
2919 1667 3131 1726 idcirco
3160 1669 3534 1738 apposueruut
3561 1660 3671 1716 ini-

2082 1766 2326 1838 quitates
2381 1780 2549 1834 super
2604 1764 2949 1836 iniquitates.
3005 1761 3278 1817 Caeterum
3340 1770 3471 1812 cum
3526 1752 3666 1825 legis

2083 1860 2335 1916 umbram
2356 1866 2601 1915 venturae
2621 1857 2842 1913 veritati
2866 1853 3233 1927 praetulerint,
3259 1850 3426 1906 etiam
3449 1846 3671 1917 expulsi

2084 1959 2216 2008 sunt
2259 1966 2291 2007 e
2342 1951 2466 2007 loco
2517 1951 2701 2006 cultus
2750 1947 3022 2019 liguralis,
3074 1946 3179 2001 hoc
3221 1951 3452 2016 peccato
3492 1939 3666 2012 priori

2085 2042 2435 2114 adjicientes,
2480 2040 2630 2114 quod
2664 2046 2817 2096 extra
2842 2036 3086 2092 Iudaeam
3120 2034 3395 2090 voluerint
3444 2033 3553 2088 ista
3586 2028 3669 2085 t‘a-

2084 2149 2229 2200 cere,
2279 2133 2403 2188 ideo
2446 2147 2559 2187 non
2594 2133 2803 2187 intrant
2837 2130 2894 2184 in
2937 2128 3243 2199 justitiam,
3301 2139 3423 2195 qua
3453 2130 3539 2179 est
3571 2136 3669 2193 per

2084 2228 2247 2284 ﬁdem
2268 2224 2397 2281 Jesu
2422 2224 2652 2291 Christi,
2695 2224 2764 2278 de
2787 2235 2896 2293 qua
2918 2221 3125 2277 dictum
3149 2224 3233 2274 est
3257 2236 3271 2273 :
3301 2214 3460 2275 Nune
3492 2221 3670 2268 autem

2084 2323 2198 2378 sine
2225 2320 2335 2391 lege
2372 2318 2595 2389 justitia
2636 2315 2737 2370 Dei
2779 2312 3126 2381 manifestata
3166 2318 3267 2376 est,
3316 2306 3605 2377 testiﬁcata
3634 2316 3670 2360 ι

2087 2414 2193 2484 lege
2229 2422 2278 2468 et
2306 2411 2573 2481 prophetis
2603 2407 2788 2479 (Rom.
2820 2421 2906 2472 lit,
2931 2403 3054 2474 21).
3086 2402 3223 2458 Cum
3257 2399 3402 2455 enim
3449 2409 3671 2465 semper

2085 2507 2298 2564 umbra:
2332 2504 2697 2566 adhaererent,
2745 2498 3026 2571 quomodo
3071 2496 3376 2551 intrassent
3404 2490 3461 2544 in
3499 2488 3670 2559 justi—

2085 2600 2217 2656 tiam
2251 2598 2346 2682 pei
2380 2611 2548 2669 quam
2585 2592 2959 2666 ignorabant?
2991 2589 3159 2645 Sitam
3188 2587 3335 2641 enim
3376 2590 3669 2654 quatenus

2084 2670 2338 2753 statuere,
2365 2688 2593 2759 justitia:
2616 2685 2714 2740 Dei
2738 2700 2843 2739 non
2869 2690 2994 2737 sunt
3017 2679 3239 2753 subjecti
3270 2675 3457 2748 (Rom.
3475 2688 3532 2742 x,
3561 2670 3619 2743 3)
3645 2687 3661 2724 :

2084 2798 2214 2841 nam
2243 2781 2387 2838 idem
2414 2787 2501 2838 est
2528 2777 2752 2848 subjici,
2787 2774 2934 2848 quod
2964 2774 3170 2829 intrare
3203 2770 3259 2824 in
3292 2782 3438 2825 eam.

2156 2960 2328 3019 Vens.
2348 2959 2441 3017 29.
2463 2990 2537 3001 -—
2560 2957 2872 3020 Deleantur,
2903 2954 2957 3010 id
2980 2958 3067 3010 est
3087 2950 3407 3007 moriantur.
3436 2943 3669 3000 Librum

2086 3063 2270 3111 autem
2294 3055 2428 3109 dicit
2453 3051 2775 3116 viventium,
2807 3046 2965 3122 quasi
2995 3042 3141 3099 Deus
3163 3042 3219 3096 in
3245 3039 3388 3095 libro
3408 3034 3671 3108 quopiam

2084 3152 2332 3206 viventes
2370 3147 2569 3202 habeat
2619 3143 2950 3205 recensitos,
2991 3153 3059 3195 ex
3101 3133 3422 3205 metaphora
3452 3138 3668 3203 regum,

2085 3243 2178 3314 qui
2213 3241 2269 3296 in
2304 3239 2462 3297 libris
2489 3236 2725 3309 scriptos
2744 3233 2945 3289 habent
2970 3228 3253 3301 catalogos
3278 3226 3482 3282 ducum
3505 3232 3667 3279 exet-

2085 3339 2232 3395 citus

2594 3544 2917 3607 PSALMUS
2968 3541 3155 3598 LXXI.

2161 3648 2327 3705 Vsus.
2374 3647 2427 3702 5.
2466 3672 2535 3683 —
2564 3639 2718 3699 istud
2766 3647 2889 3693 ante
2936 3651 3043 3691 non
3092 3630 3252 3704 quasi
3304 3627 3372 3684 de
3421 3633 3669 3695 tempore

2087 3742 2246 3805 dicit,
2283 3746 2341 3793 ut
2362 3735 2530 3808 aliqui
2565 3738 2865 3806 putarunt;
2899 3742 3023 3784 nam
3057 3723 3274 3797 qualem
3306 3722 3411 3776 hoc
3443 3717 3669 3773 haberet

2086 3833 2486 3890 connexionem
2539 3841 2665 3882 cum
2693 3823 2862 3881 verbo
2886 3812 3231 3893 permanere?
3259 3811 3395 3869 Nam
3429 3824 3670 3880 comper-

2087 3926 2341 3991 manebit,
2375 3923 2578 3994 inquit,
2610 3935 2731 3975 cum
2761 3917 2872 3974 sole
2901 3926 2948 3971 et
2983 3920 3107 3969 ante
3132 3910 3337 3975 lunam,
3367 3906 3424 3960 in
3452 3917 3669 3994 genera:

2090 4022 2257 4076 tiones
2292 3990 2709 4089 generationem.
2745 4010 2937 4081 itaque
2974 4002 3205 4078 verbum
3240 4009 3551 4071 permanere
3600 3990 3668 4089 ad

2087 4082 2395 4184 sequeniia,
2456 4103 2773 4178 praepositio
2823 4113 2956 4155 vero
3015 4104 3139 4151 ante
3187 4091 3255 4148 ad
3304 4082 3668 4163 praecedentis

2087 4180 2347 4257 refertur.
2376 4195 2549 4251 Nemo
2583 4192 2752 4265 igitur
2790 4189 2949 4257 dicit,
2996 4184 3143 4258 quod
3178 4180 3415 4238 antehac
3447 4187 3668 4265 perma:

2086 4288 2261 4346 nebit.
2297 4286 2355 4342 Si
2406 4284 2532 4357 quis
2583 4261 2716 4337 vero
2767 4277 2914 4336 istud
2965 4267 3408 4344 compermanebit
3458 4261 3667 4335 aliquid

2086 4356 2465 4435 subaudiendo
2485 4373 2716 4443 intelligi
2734 4369 2893 4433 nolit,
2906 4369 3071 4425 etiam
3088 4365 3258 4431 istud,
3273 4371 3394 4417 ante
3411 4360 3591 4414 iuuant
3611 4356 3671 4409 in

2084 4472 2440 4546 generationes
2470 4466 2886 4537 generationum,
2905 4461 2984 4516 nil
3014 4459 3121 4514 nisi
3146 4468 3400 4511 mancum
3436 4458 3491 4505 et
3514 4447 3666 4503 clau-

2084 4538 2216 4621 dum
2241 4575 2462 4617 sensum
2496 4558 2702 4623 faciet;
2736 4570 2845 4610 non
2868 4553 3013 4608 enim
3040 4549 3121 4604 illi
3143 4547 3487 4615 adiunctum,
3520 4538 3670 4610 quod

2085 4660 2180 4723 sit,
2210 4656 2356 4728 quod
2388 4653 2644 4717 exsistat,
2682 4649 2766 4704 vel
2797 4644 2943 4717 quod
2978 4641 3167 4703 fuerit,
3196 4638 3283 4693 vel
3307 4632 3438 4728 quid
3467 4630 3664 4728 simile.

2084 4721 2277 4821 Itaque
2317 4746 2462 4802 istud
2519 4737 2962 4811 eompermanebit
3020 4729 3226 4802 aliquid
3283 4721 3663 4783 subaudiendu

2085 4817 2259 4907 dicit;
2311 4835 2462 4894 istud
2514 4848 2645 4889 vero
2678 4840 2799 4886 ante
2846 4843 2957 4883 non
3008 4823 3078 4879 de
3132 4817 3399 4889 temporis
3431 4825 3667 4869 excessu

2084 4904 2254 4995 dicit,
2277 4929 2375 4987 sed
2406 4928 2474 4983 de
2507 4928 2624 4998 ipsa
2667 4917 3065 4993 permanentia.
3094 4907 3444 4968 Permanebit
3474 4904 3664 4998 igitur,

371 5013 527 5084 ἡλίῳ
583 5012 907 5082 λάμποντα,
955 5013 1050 5067 καὶ
1105 5014 1383 5086 ὑπὲρτὴν
1419 5016 1669 5088 σελήνην,
1701 5015 1843 5073 ὥστε
1886 4996 1980 5073 καί

2090 5024 2289 5094 inquit,
2348 5029 2404 5077 et
2453 4996 2798 5075 custodietur
2853 5027 2959 5084 pax
3009 5019 3173 5078 atque
3215 5000 3432 5073 justitia
3476 4996 3667 5094 instar

372 5104 654 5177 προέχειν
701 5103 804 5173 τῆς
841 5103 1071 5175 σελήνης
1114 5104 1254 5159 κατὰ
1297 5106 1474 5160 τοῦτο.
1530 5107 1629 5163 Διὰ
1674 5108 1728 5163 τί
1777 5110 1834 5164 δὲ
1885 5111 1979 5165 καὶ

365 5194 618 5265 προέχει
640 5193 740 5264 τῆς
764 5193 1032 5265 σελήνηςς
1065 5194 1249 5267 Ὀτιή
1281 5198 1378 5267 μὲν
1412 5197 1525 5268 ἔχει
1567 5200 1661 5252 καὶ
1702 5201 1978 5270 μειώσεως

2087 5088 2225 5174 sol-is
2248 5111 2554 5185 splendida,
2587 5120 2643 5166 et
2671 5122 2838 5180 supra
2863 5107 3070 5167 lunam,
3098 5101 3260 5173 itaut
3289 5093 3453 5148 etiam
3476 5088 3662 5143 lunam

2085 5211 2259 5282 ipsam
2297 5208 2351 5261 in
2382 5206 2487 5260 hoc
2527 5211 2767 5272 superet.
2800 5199 2983 5264 Quare
3013 5202 3198 5248 autem
3227 5189 3416 5243 lunam
3444 5194 3662 5255 quoque

364 5286 628 5349 πολλοὺς
668 5286 896 5354 καιροὺς
917 5327 933 5352 ,
961 5285 1103 5356 αὕτη
1129 5285 1187 5339 δὲ
1223 5289 1279 5341 ὲν
1307 5286 1385 5359 τῷ
1413 5290 1687 5359 διαμένειν
1719 5291 1807 5344 ἀεὶ
1831 5331 1845 5354 ,
1883 5295 1977 5347 καὶ

2090 5273 2258 5373 ipsam
2308 5295 2626 5353 antecellit?
2657 5292 2795 5359 Quia
2842 5287 3105 5343 nimirum
3143 5283 3259 5353 ipsa
3291 5278 3455 5334 etiam
3486 5273 3663 5328 multa

364 5377 570 5443 αὔξει,
605 5376 702 5430 καὶ
736 5376 1085 5447 φυλάττεται.
1110 5378 1184 5433 Τὸ
1210 5379 1268 5433 δὲ
1288 5420 1303 5445 ,
1331 5379 1544 5449 γενεὰς
1565 5378 1807 5449 γενεῶν,
1836 5383 1980 5438 κατὰ

2090 5370 2335 5462 tempora
2353 5384 2681 5443 defectionis
2706 5381 2906 5445 habet,
2938 5376 3056 5432 haec
3085 5380 3268 5428 autem
3293 5370 3425 5426 dum
3447 5376 3662 5435 semper

363 5468 431 5521 τὸ
464 5470 682 5522 οἰκεῖον
714 5467 912 5539 ἰδίωμα
945 5464 1099 5525 εἶπεν
1124 5471 1246 5524 ἀντί
1283 5469 1378 5524 τοῦ
1418 5471 1509 5523 ἐπὶ
1533 5470 1690 5526 πολύ.

2090 5461 2393 5555 permanet,
2440 5478 2604 5535 etiam
2633 5481 2888 5545 augetur,
2921 5479 2976 5528 et
3021 5467 3357 5525 custoditur.
3386 5461 3660 5518 Caeterum

361 5559 563 5626 istud,
611 5558 675 5614 1η
722 5561 1083 5633 generationes
1123 5563 1538 5634 generationum,
1609 5566 1909 5623 secundum
1956 5570 1983 5629 ε

2090 5552 2253 5649 ptum
2290 5573 2572 5645 proprium
2606 5567 2867 5641 loquendi
2922 5563 3142 5621 modum
3198 5561 3338 5623 dixit
3386 5571 3489 5648 pro
3538 5552 3661 5615 diu.

440 5793 534 5877 (ἰ)
582 5789 655 5846 Ex
689 5793 973 5853 Corderio.
