3974 6146
324 313 427 379 G93

1503 315 1874 375 EXPOSITIO
1906 319 1974 375 IN
2016 318 2360 378 PSALMOS.
2440 276 2443 279 ’

3390 398 3401 409 κ
3445 322 3557 383 694

322 437 528 506 γένηται
553 425 680 504 (οἷον
704 432 734 486 ό
757 432 845 489 aa
881 431 1067 505 ξίφους
1093 435 1126 508 ἢ
1158 438 1299 503 τινος
1329 440 1573 496 τοιούτου
1604 441 1876 510 θάνατος),

2006 443 2334 502 extrinsecus
2382 441 2519 500 nihil
2558 441 2865 516 acciderit(
2902 459 2954 499 v.
3012 458 3066 515 g.
3098 457 3248 501 mors
3298 459 3396 516 per
3443 447 3564 515 gla.

320 528 426 583 ἀλλ’
449 526 579 597 αὐτὴ
607 526 824 591 πάντως
857 529 891 598 ἠ
916 528 1180 613 φύσιςιείς
1220 532 1398 607 γῆρας
1420 534 1683 602 ἐλάσασα,
1720 539 1885 608 ἀναγ-

322 620 479 684 καίως
504 619 787 688 ἐφέλκεται
817 620 910 675 τὸν
949 621 1200 680 θάνατον.
1240 626 1327 690 Ὠς
1355 622 1448 681 οὖν
1495 629 1758 701 πρότερον
1789 631 1886 684 αύ-

321 710 419 766 τῶν
448 709 606 764 πολλά
633 711 857 766 τοιαῦτα
888 713 1290 782 ὑπομενόντων,
1336 719 1432 773 καὶ
1455 719 1559 774 ὑπὸ
1602 721 1711 774 τῶν
1747 738 1883 776 κατ-

320 804 532 874 εχόντων
572 803 760 857 κακῶν
807 804 1071 870 πολλάκις
1113 808 1649 881 προλαμϐανομένων
1691 815 1770 876 εἰς
1792 813 1883 867 τὸν

321 895 553 956 θάνατον.
586 892 746 947 τοῦτό
791 912 924 965 φησι
962 898 1044 950 ὃτι
1086 899 1271 953 οὐκέτι
1319 899 1598 956 πείσονται
1642 903 1882 957 τοιοῦτον

319 990 475 1053 οὐδὲν,
508 988 620 1041 ἀλλ’
648 988 830 1054 ἕξουσι
860 991 956 1054 τὰς
988 992 1200 1062 ἡμέρας
1248 992 1494 1065 πλήρεις,
1529 996 1619 1050 τὸν
1642 996 1751 1052 ἀπὺ
1781 997 1883 1069 τῆς

320 1082 515 1152 φύσεως
542 1080 772 1136 θάνατον
806 1083 1151 1155 ἐκδεγόμενοι
1188 1085 1367 1154 μόνον.

858 1286 1152 1341 ΨΑΛΜΟΣ
1205 1287 1324 1343 01".

381 1397 516 1467 Στίχ.
545 1403 604 1452 ε’.
621 1398 855 1469 -Ἔχει
876 1400 973 1471 μὲν
991 1400 1192 1472 πολλὴν
1216 1401 1324 1457 ἀπὸ
1346 1403 1446 1476 τῆς
1469 1406 1766 1479 ἑρμηνείας
1784 1410 1884 1482 τὴν

319 1490 584 1543 δυσκολίαν
612 1490 678 1543 τὸ
701 1492 883 1562 ῥητόν.
911 1492 1074 1560 Λέγει
1097 1494 1154 1547 δὲ
1185 1493 1316 1548 αὐτὸ
1343 1496 1643 1570 Σύμμαχος
1664 1502 1879 1571 σαφῶςο

322 1581 542 1633 Ἕθεντο
588 1579 668 1634 τὰ
697 1581 916 1649 σημεῖα
959 1582 1161 1637 αὐτῶν
1204 1586 1532 1656 ἐπισήμως,
1579 1591 1886 1664 τγιὲδοισμα

320 1669 457 1724 κατὰ
480 1670 591 1739 τὴν
618 1670 870 1725 εἴσοδον
895 1672 1117 1728 ἐπάνω.
1165 1676 1382 1749 Ἐπειδὴ
1405 1679 1515 1751 γὰρ
1535 1681 1654 1745 ἔθος
1674 1678 1742 1754 ἦν
1771 1688 1882 1748 τοῖς

1985 535 2134 589 dium
2184 546 2277 590 aut
2311 533 2479 590 simili
2530 534 2695 590 modo
2735 534 2944 606 illata),
2969 534 3088 606 ipsa
3119 542 3301 591 tamen
3357 543 3555 591 natura

1986 640 2083 696 per
2118 640 2175 680 se
2206 625 2433 680 omnino
2462 623 2530 678 ad
2565 624 2785 680 senium
2818 632 3099 696 provecta,
3133 628 3452 682 necessario
3474 642 3557 681 εον

1983 733 2109 774 cum
2161 724 2393 772 mortem
2433 717 2682 772 attrahit.
2714 716 3003 789 Tanquam
3043 719 3212 789 igitur
3249 719 3356 789 ipsi
3400 718 3557 790 prius

1984 810 2154 864 multa
2226 809 2537 866 istiusmodi
2592 813 2840 879 perpessi
2897 811 3028 879 sint,
3072 821 3128 868 et
3173 827 3204 866 a
3261 812 3426 868 malis
3472 811 3561 866 in-

1983 902 2306 972 gruentibus
2344 917 2488 972 saepe
2537 901 2832 956 immatura
2878 912 3055 959 morte
3100 905 3367 975 praeventi
3422 905 3559 967 sint.

1984 995 2059 1049 ait
2099 995 2249 1065 ipsos
2284 996 2363 1051 nil
2389 995 2568 1051 simile
2595 993 2831 1065 amplius
2858 993 2916 1048 in
2946 1002 3230 1066 posterum
3262 1009 3556 1068 passuros,

1985 1089 2079 1145 sed
2130 1089 2248 1144 dies
2296 1090 2493 1161 plenos
2522 1086 2833 1151 habituros,
2867 1102 2937 1141 ex
2980 1088 3157 1145 solius
3202 1096 3417 1146 natura
3460 1087 3557 1145 de-

1985 1176 2131 1233 fectu
2163 1187 2394 1234 mortem
2431 1185 2645 1234 tantum
2692 1176 2969 1233 obituros.

2476 1288 2800 1347 PSALMUS
2836 1288 3072 1345 LXXIII.

2054 1403 2218 1460 Vsus.
2257 1405 2316 1461 5.
2338 1404 2648 1461 —Dictum
2678 1406 2785 1460 hoc
2816 1405 3047 1459 multam
3076 1397 3244 1458 habet
3288 1403 3345 1457 in
3390 1411 3566 1457 inter-

1983 1478 2252 1566 pretando
2313 1496 2713 1554 diﬁicultatem.
2766 1497 3134 1568 Symmachus
3173 1503 3356 1552 autem
3404 1496 3557 1550 clare

1984 1587 2088 1644 hoc
2120 1589 2237 1645 ait:
2278 1588 2583 1644 Posuerunt
2629 1592 2783 1661 signa
2832 1605 2933 1643 sua
2978 1588 3281 1660 insigniter,
3302 1586 3561 1641 indicium

1984 1677 2055 1731 ad
2074 1678 2372 1749 ingressum
2396 1694 2639 1748 superne.
2662 1679 2799 1733 Cum
2836 1678 2987 1733 enim
3021 1676 3266 1747 antiquis
3296 1677 3561 1732 usitatum

321 1764 570 1828 παλαιοῖς,
598 1764 756 1818 εἵπου
777 1763 900 1818 τινά
928 1767 1241 1838 ἐκράτησαν
1264 1771 1437 1837 πόλιν,
1466 1774 1559 1828 ἐπὶ
1588 1776 1683 1846 τῆς
1709 1776 1883 1851 πύλης

2006 1775 2152 1834 :sset,
2176 1776 2236 1823 ut
2264 1769 2312 1824 si
2339 1769 2562 1841 quando
2596 1757 2876 1825 civitatem
2907 1770 3146 1839 aliquam
3175 1768 3476 1839 cepissent,
3510 1768 3565 1823 in

322 1856 603 1926 γράμματα
653 1857 1054 1930 διαχαράττων,
1105 1861 1203 1933 τὴν
1254 1863 1464 1920 ἑαυτῶν
1514 1872 1883 1941 προσηγορίαν

321 1946 656 2017 ἐμφαίνοντα,
692 1948 769 2013 ὡς
823 1950 1083 2022 ἐνίκησάν
1118 1970 1179 2007 τε
1228 1955 1323 2009 καὶ
1366 1957 1556 2012 ἔλαϐον
1599 1961 1696 2032 τὴν
1728 1962 1884 2019 πόλιν

323 2039 676 2109 αἰχμάλωτον·
730 2042 989 2108 πολλάκις
1020 2045 1078 2098 δὲ
1119 2047 1214 2100 καί
1242 2066 1365 2103 τινα
1418 2051 1493 2116 ὡς
1547 2058 1747 2126 σημεῖα
1790 2059 1885 2111 καὶ

324 2129 553 2201 σύμϐολα
584 2133 1151 2205 ἐγκαταπηγνόμενοι,
1183 2134 1351 2213 οἷαδὴ
1395 2143 1566 2199 πολλὰ
1610 2148 1766 2217 ἡμῶν
1816 2148 1885 2204 τά

323 2220 544 2314 ⁴τρόπαια
574 2223 669 2278 καὶ
699 2225 768 2280 τὰ
798 2225 1062 2298 σύμϐολα,
1110 2231 1399 2303 ἐπισήμως
1432 2236 1538 2307 πρὸ
1569 2239 1668 2309 τῆς
1709 2240 1886 2314 πύλης

325 2310 535 2459 {gazam
590 2315 667 2380 ὡς
728 2320 1121 2392 κρατήσαντες,
1169 2323 1246 2390 ὡς
1303 2327 1647 2398 αίχμά).ωτον
1715 2310 1885 2405 αὐτην

450 2423 591 2459 ντες.

450 2423 591 2471 ντες.

404 2664 555 2762 ξτίχ.
587 2671 907 2762 ςέν-Οὖτω
929 2692 983 2731 τε
1004 2679 1176 2754 αὐτὴν
1192 2683 1426 2754 ἀφειδῶς
1451 2687 1782 2762 ἐπόρθησαν,
1809 2692 1887 2757 ὠς

338 2757 435 2849 καὶ
460 2759 561 2849 τὰς
585 2761 689 2815 τῶν
713 2765 1015 2838 οἰκημάτων
1038 2770 1209 2843 θύρας
1246 2775 1458 2843 ἀξίναις
1500 2757 1884 2849 κατακόπτειν,

339 2846 414 2943 ᾡς
441 2848 506 2904 ἂν
529 2853 577 2905 εί
601 2853 725 2920 ξύλα
758 2874 841 2922 τις
884 2860 942 2914 ἐν
982 2862 1136 2929 ὕλαις
1180 2867 1402 2938 τέμνοι,
1450 2872 1764 2943 ἀναγκαίως
1799 2846 1888 2931 διά

332 2939 429 3011 τὴν
456 2944 560 2999 τῶν
586 2947 883 3021 ἀνθρώπων
906 2957 1213 3028 τεμνόμενα
1243 2963 1453 3033 χρείαν.

871 3066 1167 3123 ΨΑΛΜΟΣ
1204 3073 1320 3128 ΟΔν.

387 3170 532 3242 Στίχ.
554 3173 831 3243 β’.-Καὶ
856 3180 963 3233 ἀπὸ
990 3182 1084 3237 τοῦ
1110 3184 1204 3239 σοῦ
1238 3188 1519 3260 ὀνόματος,
1545 3196 1701 3264 φησὶ,
1724 3199 1887 3253 καλέ-

322 3277 480 3331 σομεν
511 3265 766 3361 Αέαυτούς.
812 3270 958 3325 Ἀντὶ
1002 3274 1120 3347 τοῦ,
1151 3279 1427 3352 Δεσπότην
1459 3301 1518 3337 σε
1562 3287 1894 3361 ὁμολογήσο-

324 3368 440 3423 μεν,
472 3358 792 3453 εὐεργέτην,
828 3366 1161 3440 προστάτην,
1196 3372 1422 3439 εἰκότως
1444 3376 1537 3446 ἀφ’
1560 3372 1636 3433 ὧν
1656 3358 1895 3453 ἀπηλαύ-

320 3461 488 3545 ιταμεν
525 3448 588 3503 τὸ
633 3452 919 3545 ὠφέλιμον
970 3460 1367 3534 παιδευόμενοι.
1422 3468 1583 3524 ἰδιον
1630 3448 1911 3545 γὰρ-τῶν-

316 3536 633 3630 ἀνθρῴπων,
672 3543 739 3596 τὸ
763 3545 859 3600 ἀπ’
886 3547 1113 3606 ἐκείνων
1153 3555 1433 3611 καλεῖσθαι
1470 3560 1577 3615 τῶν
1606 3536 1896 3630 δεσποζόν-

314 3644 414 3721 των
442 3629 473 3702 ῆ
506 3633 974 3705 εὐεργετούντων.
1019 3637 1143 3697 υἷον
1182 3646 1313 3701 ὅταν
1340 3648 1611 3721 λέγωμεν,
1653 3654 1711 3707 ὐ
1740 3657 1896 3711 τοῦδε

313 3719 417 3774 εἴτε
445 3722 660 3791 δοῦλος,
699 3727 815 3781 εἴτε
844 3732 1062 3798 οἰκεῖος,
1091 3735 1192 3787 εἴθ’
1223 3739 1305 3791 ὅτι
1326 3719 1522 3808 δήποτε
1552 3745 1811 3801 τοιοῦτον.

375 3810 524 3883 Στίχ.
550 3814 602 3885 γ’
608 3855 623 3870 ,
637 3844 722 3856 --
737 3817 1005 3875 Ἐνταῦθα
1023 3821 1217 3889 ἑνικῶς
1237 3822 1411 3896 εἶπεν,
1435 3832 1495 3883 ού
1515 3834 1901 3908 Διηγησόμεθα

310 3901 483 3996 πάντα
526 3908 599 3962 τά
655 3909 949 3981 θαυμάσιά
1018 3930 1145 3980 σου,
1196 3919 1332 3973 ἀλλά
1381 3901 1902 3996 Διηγήοομαι.’ούκ

309 3992 433 4050 ἄλλο
457 4015 509 4051 τι
539 3998 882 4071 βουλόμενος
925 4006 1120 4071 εἰπεῖν,
1158 4008 1270 4062 ἀλλ’
1301 4011 1375 4074 ὡς
1417 3992 1646 4070 ἑκάστου
1683 4019 1775 4072 τοῦ
1818 4021 1902 4075 λέ-

309 4103 489 4183 vitro;
518 4092 659 4183 ὅπερ
690 4094 755 4145 ὲν
783 4095 850 4165 τῇ
882 4099 1033 4169 κοινῇ
1073 4101 1294 4155 πάντων
1320 4103 1562 4172 γίγνεται
1594 4114 1762 4183 φωνῇ,
1791 4113 1900 4166 Αα.

310 4179 531 4252 ϐόμενος
560 4181 659 4241 οὖν
718 4185 913 4257 σχολῆς
952 4190 1043 4244 καὶ
1090 4192 1396 4266 εὐκαιρίας,
1436 4200 1530 4252 καὶ
1569 4179 1903 4273 ἀπαλλαγεὶς

308 4273 401 4344 τῆς
443 4277 644 4348 ἐφόδου
699 4278 815 4333 τῶν
864 4280 1242 4353 πολεμούντων
1284 4287 1444 4359 ἔργον
1499 4291 1755 4364 θήσομαι,
1793 4298 1903 4352 τῶν

309 4372 617 4442 γενομένων
647 4372 724 4427 τὸ
754 4372 983 4442 μέγεθος
1015 4373 1336 4443 διηγεῖσθαι.
1369 4380 1539 4435 Τοῦτο
1568 4383 1625 4436 δὲ
1654 4386 1786 4439 αὐτὸ
1807 4387 1904 4460 τὴν

1915 3144 1959 3203 C

1989 1869 2149 1933 porta
2184 1861 2452 1933 quasdam
2500 1861 2715 1918 litteras
2746 1862 3145 1933 insculperent,
3184 1876 3309 1932 qua
3363 1876 3565 1917 nomen

1988 1967 2177 2008 eorum
2225 1953 2559 2021 indicarent,
2590 1968 2656 2008 ac
2694 1954 2918 2007 modum
2951 1966 3062 2023 quo
3098 1953 3379 2010 civitatem
3421 1951 3571 2008 devi-

1987 2046 2215 2111 cissent,
2252 2053 2431 2116 atque.
2454 2046 2510 2099 in
2563 2059 2723 2102 suam
2765 2052 3104 2115 potestatem
3178 2047 3562 2118 redegissent:

1990 2149 2369 2204 saepenumero
2397 2141 2586 2189 autem
2629 2133 2880 2204 quaedam
2913 2137 3074 2204 quasi
3105 2136 3262 2207 signa
3290 2151 3385 2193 seu
3418 2152 3566 2210 sym-

1991 2227 2115 2283 bola
2164 2227 2577 2298 lmprimebant,
2621 2233 2718 2281 aut
2751 2225 3158 2297 insculpebant,
3189 2230 3373 2299 qualia
3403 2229 3569 2284 nimi-

1990 2332 2114 2372 rum
2160 2323 2290 2372 sunt
2325 2316 2498 2370 multa
2552 2321 2745 2371 nostra
2799 2324 3003 2386 tropaea
3035 2323 3093 2371 et
3135 2317 3404 2387 symbola,
3434 2330 3567 2387 qua)

1991 2410 2285 2481 insigniter
2327 2416 2454 2464 ante
2507 2417 2722 2482 portam
2788 2417 3118 2481 posuerunt,
3156 2416 3419 2481 tanquam
3473 2410 3568 2481 qui

1990 2497 2143 2553 illam
2175 2497 2234 2551 in
2270 2512 2426 2554 suam
2460 2505 2789 2570 potestatem
2842 2497 3178 2569 redegerint,
3205 2505 3260 2554 et
3296 2498 3566 2569 captivam

1990 2586 2246 2645 fecerint.

2061 2679 2231 2738 Vsus.
2258 2682 2312 2737 6.
2335 2710 2407 2723 —
2443 2682 2580 2738 Tam
2616 2681 2935 2738 immaniter
2984 2696 3103 2737 eam
3155 2687 3469 2746 vastarunt,
3509 2691 3572 2734 ut

1991 2774 2156 2831 etiam
2216 2774 2505 2830 domorum
2560 2774 2763 2844 ianuas
2839 2773 3130 2831 securibus
3185 2772 3565 2841 inti-ingerent,

1992 2879 2103 2921 non
2135 2879 2300 2922 secus
2352 2880 2418 2922 ac
2465 2866 2557 2937 qui
2608 2866 2757 2937 ligna
2807 2867 2865 2922 in
2917 2865 3075 2922 silvis
3106 2864 3346 2928 caedunt,
3377 2877 3579 2918 "8068-.

1994 2957 2143 3014 sario
2172 2958 2266 3015 illa
2296 2967 2488 3015 secant
2516 2959 2584 3014 ad
2623 2975 2786 3016 usum
2824 2962 3149 3017 humanum.

2495 3071 2823 3131 PSALMUS
2864 3072 3102 3131 LXXIV.

2077 3186 2240 3245 Vens.
2264 3188 2321 3242 2.
2341 3220 2409 3230 -—
2430 3187 2497 3243 Et
2525 3203 2593 3244 ex
2624 3190 2848 3245 nomine
2902 3197 3018 3255 tuo,
3053 3189 3254 3261 inquit,
3287 3205 3393 3245 nos.
3421 3187 3575 3259 ipsos

2002 3277 2425 3349 appellabimus.
2464 3276 2522 3333 ld
2573 3285 2678 3342 est,
2713 3284 2765 3332 te
2815 3275 3108 3333 Dominum
3162 3276 3575 3335 conﬁtebimur.

2001 3367 2428 3434 benefactorem,
2462 3366 2780 3440 praesidem,
2811 3367 2880 3422 ab
2911 3369 2977 3422 iis
3009 3383 3130 3439 qua:
3161 3365 3443 3421 consecuti
3481 3380 3578 3419 su-

2003 3474 2126 3515 mus
2162 3460 2456 3515 utilitatem
2507 3459 2710 3514 edocti.
2736 3459 3032 3530 Proprium
3072 3459 3218 3513 enim
3265 3457 3576 3519 hominum.

2003 3538 2064 3605 ut
2094 3566 2125 3606 a
2157 3552 2275 3607 suis
2308 3552 2547 3606 dominis
2578 3559 2671 3605 aut
2705 3550 3146 3606 benefactoribus
3178 3547 3550 3617 appellentur,

2002 3657 2056 3695 ν.
2090 3657 2140 3711 g.
2172 3643 2302 3695 dum
2340 3641 2576 3695 dicimus
2603 3657 2614 3691 :
2643 3639 2746 3695 llic
2775 3640 2920 3694 illius
2952 3648 3037 3694 est
3069 3640 3185 3694 sive
3215 3653 3429 3703 servus,
3463 3637 3582 3692 sive

2004 3733 2341 3788 domesticus
2362 3747 2427 3787 ac
2457 3731 2771 3799 familiaris,
2792 3731 2908 3786 sive
2937 3732 3071 3802 quid
3102 3729 3440 3788 istiusmodi.

2076 3821 2243 3879 Vens.
2274 3824 2329 3879 5.
2355 3854 2427 3866 —-
2448 3824 2552 3878 Hic
2592 3824 2951 3896 singulariter
3006 3823 3167 3892 dixit,
3196 3822 3315 3878 Non
3351 3835 3581 3880 enarra-

2005 3917 2187 3972 bimus
2241 3916 2425 3971 omnia
2477 3916 2751 3972 mirabilia
2802 3927 2915 3984 tua,
2955 3916 3052 3973 sed
3104 3914 3406 3970 Enarraho.
3462 3912 3581 3968 Non

2008 4004 2153 4061 aliud
2184 4007 2312 4078 quid
2344 4008 2537 4065 volens
2566 4007 2772 4075 dicere,
2804 4023 2968 4079 quam
3005 4007 3155 4079 quod
3201 4005 3585 4076 unusquisque

2007 4099 2157 4154 dicat
2192 4100 2242 4154 id
2279 4102 2426 4171 quod
2460 4102 2740 4157 communi
2778 4102 3024 4156 omnium
3075 4114 3213 4155 voce
3265 4099 3345 4154 ﬁt.
3377 4096 3583 4154 Nactus

2010 4191 2180 4260 igitur
2211 4192 2383 4248 otium
2432 4200 2487 4248 et
2537 4193 3029 4263 opportunitatem,
3062 4200 3117 4247 et
3147 4189 3217 4247 ab
3251 4190 3457 4246 insultu
3484 4189 3583 4247 lio-

2010 4284 2176 4340 stium
2200 4285 2491 4349 liberatus,
2523 4285 2629 4339 hoc
2660 4285 2793 4339 mihi
2842 4284 3127 4356 negotium
3171 4296 3496 4354 proponam,
3527 4288 3585 4335 ut

2010 4392 2198 4432 eorum
2226 4393 2347 4449 quae
2380 4376 2524 4431 facta
2549 4387 2678 4433 sunt
2706 4376 3136 4449 magnitudinem
3165 4390 3441 4431 enarrem.
3469 4372 3586 4428 Hoc

309 4461 668 4556 εὐχαριστίαν
710 4464 880 4533 λέγει.
913 4466 1244 4539 Εὑχαριστία
1267 4470 1378 4542 γὰρ
1410 4473 1491 4535 εἰς
1522 4472 1673 4541 Θεὸν,
1696 4477 1756 4530 τὸ
1783 4479 1896 4548 ὁμο-

2015 4471 2192 4538 ipsum
2228 4476 2409 4523 autem
2446 4468 2750 4538 gratiarum
2783 4469 3053 4523 actionem
3087 4474 3267 4522 vocat.
3293 4464 3589 4524 Gratitudo

309 4548 485 4622 λογεῖν
508 4556 962 4628 εὐεργετεῖσθαι,
991 4558 1345 4629 διηγούμενον
1366 4562 1465 4626 τὰς
1498 4564 1726 4636 χάριτας
1751 4583 1765 4598 ⁸
1798 4562 1896 4622 οἷοι

2014 4561 2160 4615 enim
2207 4559 2262 4615 in
2306 4558 2475 4614 Deum
2527 4568 2634 4626 est,
2679 4561 2932 4615 conﬁteri
2987 4557 3334 4623 beneﬁcium,
3383 4557 3589 4627 gratias

311 4646 403 4698 καὶ
446 4650 508 4702 ἐν
548 4649 635 4721 τῷ
684 4648 739 4702 θ’
781 4648 980 4721 ψαλμῷ
1030 4649 1126 4705 τό·
1183 4653 1739 4727 Ἐξομολογήσομαι
1787 4676 1907 4726 σοι,

310 4739 505 4809 Κύριε,
535 4741 612 4796 ἐν
642 4741 769 4812 ὅλῃ
800 4741 879 4810 τῇ
904 4743 1118 4812 καρδίᾳ
1143 4763 1262 4815 μου
1280 4764 1292 4777 ο
1330 4745 1686 4819 διηγήσομαι
1718 4750 1914 4806 πάντα

310 4831 381 4886 τὰ
408 4834 738 4904 θαυμάσιοί
784 4849 926 4891 σου.
964 4836 1098 4890 Ποῖα
1131 4834 1224 4893 οὖν
1277 4838 1553 4911 θαυμάσια
1605 4842 1913 4912 διηγεῖται;

324 4921 476 4995 Ἐγὼ
503 4927 859 4993 εὐθύτητας
883 4927 1085 4995 κρινῶ.
1109 4929 1315 4995 Ταῦτα,
1345 4931 1426 4986 ὅτι
1458 4933 1769 5005 ὲπηγγείλω
1796 4935 1917 5006 κρί-

311 5033 419 5071 νειν
438 5018 790 5089 εὐθύτητας,
812 5018 889 5081 ὡς
912 5018 1007 5072 τοῦ
1037 5020 1170 5075 Θεοῦ
1195 5023 1351 5078 τοῦτο
1373 5024 1615 5088 εἰπόντος
1638 5025 1733 5079 καὶ
1755 5027 1918 5095 ἐπαγσ

313 5107 675 5180 γειλαμὲνου.
710 5108 990 5162 Δέδεικται
1023 5110 1133 5182 γὰρ
1163 5111 1451 5183 πολλαχοῦ,
1482 5113 1604 5167 ἀντὶ
1632 5112 1725 5167 τοῦ
1755 5113 1915 5185 ἔργου

311 5200 402 5254 τὸν
430 5200 602 5271 λόγον
652 5201 755 5255 καὶ
780 5200 880 5272 τὴν
909 5201 1240 5272 ἐπαγγελίαν
1285 5203 1594 5276 λαμϐάνων.
1626 5206 1703 5259 Oti
1739 5203 1820 5258 δεῖ
1861 5204 1918 5257 δὲ

315 5288 652 5365 θαυμάζειν,
679 5292 765 5345 ὃτι
789 5293 864 5366 μὴ
890 5289 1032 5359 εἷπε,
1053 5295 1393 5366 Διηγήσομαι
1416 5297 1483 5351 τά
1502 5297 1779 5367 θαυμάσιά
1800 5313 1916 5360 σου,

315 5383 442 5438 ὅταν
473 5383 640 5437 λάϐω
671 5383 887 5454 καιρόν.
926 5384 1084 5438 Ἴδιον
1116 5386 1224 5457 γὰρ
1258 5385 1445 5450 αὑτοῦ,
1477 5387 1538 5440 τὸ
1563 5389 1626 5439 ὲκ
1658 5388 1755 5457 τῆς
1788 5389 1918 5440 ἀκο-

313 5471 536 5539 λουθίας
570 5474 769 5542 λέγειν
796 5473 866 5528 τὰ
893 5474 956 5529 ἐκ
982 5493 1145 5530 τινων
1187 5476 1441 5548 ῥηθέντα,
1470 5478 1564 5530 καὶ
1598 5476 1671 5547 μὴ
1702 5493 1869 5547 προσ-τ
1881 5495 1922 5529 ι-

316 5563 464 5619 θέναι
499 5567 566 5620 τὸ
594 5562 814 5630 εἰπών,
852 5565 885 5637 ἢ
919 5565 1135 5636 λέγων,
1164 5569 1198 5638 ἦ
1223 5586 1274 5621 τι
1302 5567 1561 5621 τοιοῦτον.
1586 5568 1695 5618 Καὶ
1723 5566 1920 5620 πολλα-

318 5655 412 5722 χοῦ
458 5658 528 5711 ἀν
556 5674 652 5720 τις
707 5653 857 5725 εὖροι
891 5658 1131 5730 ζητήσας
1168 5661 1276 5712 τῶν
1311 5657 1584 5729 Ψαλμῶν·
1612 5654 1720 5711 οἷον
1764 5659 1821 5710 ἐν
1847 5658 1924 5727 τῷ

321 5747 445 5825 ριίΥ,
481 5750 656 5819 Ill-6r:
697 5750 914 5816 Κύριον
949 5752 1018 5804 ἐν
1055 5751 1132 5816 τῷ
1172 5751 1480 5804 θλίϐεσθίιί
1511 5768 1586 5819 με
1610 5747 1918 5820 ἐκέκραξα.

2014 4651 2527 4718 commemorando;
2558 4651 2721 4722 quale
2738 4659 2819 4706 est
2842 4660 2894 4706 et
2915 4650 3049 4705 illud
3073 4652 3129 4705 in
3161 4650 3373 4721 psalmo
3396 4662 3578 4703 nono:

2018 4739 2322 4810 Conﬁtebor
2345 4742 2459 4803 tibi.
2493 4742 2739 4808 Domine,
2760 4743 2815 4796 in
2851 4751 2962 4797 toto
2988 4741 3145 4797 corde
3171 4757 3321 4806 meo;
3356 4739 3588 4795 narrabo

2016 4835 2195 4886 omnia
2222 4832 2496 4888 mirabilia
2529 4843 2623 4888 tua
2641 4833 2815 4905 (Psal.
2842 4851 2918 4897 Ix,
2941 4834 3015 4904 1).
3034 4832 3226 4900 Qualia
3248 4833 3412 4904 igitur
3432 4831 3593 4886 mira-

2015 4924 2146 4978 bilia
2194 4925 2454 4979 enarrat?
2505 4924 2614 4997 Ego
2651 4925 2898 4994 justitias
2934 4924 3208 4994 judicabo.
3243 4910 3386 4978 illaec
3440 4927 3591 4986 sunt,

2016 5014 2162 5086 quod
2194 5018 2513 5086 promiseris
2557 5017 2805 5087 justitias
2831 5017 3104 5085 judicare,
3136 5015 3295 5088 quasi
3336 5013 3449 5068 Deo
3492 5013 3594 5066 hoc

2018 5106 2235 5163 dicente
2263 5124 2327 5163 ac
2356 5110 2733 5179 promittente.
2767 5109 3030 5163 Plurimis
3063 5108 3210 5162 enim
3246 5106 3380 5160 locis
3411 5115 3593 5159 osten-

2020 5215 2141 5256 sum
2173 5208 2281 5264 est,
2311 5199 2459 5271 quod
2495 5216 2596 5270 pro
2645 5215 2812 5270 opere
2839 5202 3149 5253 sermonem
3186 5212 3251 5250 ac
3280 5194 3598 5266 promissio-

2022 5306 2142 5347 nem
2200 5290 2489 5361 acceperit.
2538 5288 2658 5345 Non
2708 5296 2924 5359 oportet
2970 5295 3150 5342 autem
3200 5287 3419 5351 mirari,
3450 5285 3596 5357 quod

2022 5397 2131 5435 non
2182 5382 2401 5446 dixerit,
2471 5381 2756 5435 Enarraho
2804 5378 3078 5433 mirabilia
3115 5386 3230 5442 tua,
3272 5394 3399 5437 cum
3433 5392 3601 5433 accc-

2023 5488 2154 5543 pero
2183 5482 2415 5540 tempus.
2440 5471 2732 5542 Proprium
2769 5471 2913 5526 enim
2965 5471 3158 5540 ipsius,
3194 5479 3256 5525 ut
3305 5486 3370 5527 ex
3402 5483 3596 5525 conse-

2024 5564 2209 5634 quenti
2244 5562 2444 5617 referat
2472 5579 2534 5617 ea
2567 5580 2687 5634 quae
2723 5564 2790 5618 ab
2824 5562 3102 5633 aliquibus
3147 5561 3293 5618 dicta
3344 5569 3495 5626 sunt,
3542 5570 3597 5614 et

2026 5672 2133 5711 non
2175 5655 2336 5709 addat
2379 5656 2608 5710 verbum
2650 5656 2820 5719 aiens,
2859 5655 2940 5709 vel
2979 5654 3181 5720 dicens,
3212 5660 3306 5708 aut
3349 5652 3478 5722 quid
3523 5649 3594 5702 sia

2026 5749 2170 5805 mile.
2203 5747 2380 5817 Atque
2415 5748 2519 5802 hoc
2557 5746 2871 5817 frequenter
2898 5747 3024 5817 quis
3081 5746 3317 5818 reperiet
3348 5745 3405 5798 in
3453 5735 3600 5795 Psalv
