3974 6146
1815 309 1882 366 ΙΝ
1929 309 2172 367 JOBUM.

1647 611 1770 700 lN
1863 608 2308 701 JOBUM.

353 959 608 1029 Ejusdem
663 957 932 1040 Theodori
977 957 1410 1040 renodantis-et
1447 958 1637 1040 tibrum
1671 956 1790 1040 AJob
1813 996 1847 1040 ε’
1880 967 1930 1039 et
1961 958 2006 1015 Α
2037 952 2140 1010 sibi
2171 961 2224 1010 et
2254 951 2376 1007 filia
2403 965 2519 1007 sum
2543 949 2610 1006 ad
2644 949 2952 1004 fabularum
2984 949 3241 1020 ﬁgmenta
3269 952 3616 1004 communio-

417 1041 604 1086 contra
647 1025 1059 1095 conscriptorem
1099 1030 1248 1097 ejus,
1289 1029 1342 1082 id
1379 1037 1457 1081 est
1482 1067 1496 1090 ,
1531 1038 1769 1080 sanctum
1809 1025 1932 1093 Spi-

424 1104 579 1152 ritum
605 1142 618 1161 ,
653 1103 875 1154 dicentis
908 1101 1045 1171 quod
1080 1115 1294 1170 pagana
1324 1099 1532 1166 sapiens
1563 1099 1700 1151 hunc
1735 1097 1933 1150 librum

424 1172 740 1239 cortseripsit
751 1210 764 1224 .

419 1279 516 1334 liis
539 1279 626 1350 (l)_
648 1295 772 1350 quae
803 1296 902 1350 pro
934 1280 1180 1335 doctrina
1214 1279 1496 1334 hominum
1529 1280 1732 1352 scripta
1767 1287 1920 1343 sunt,

347 1375 401 1426 et
439 1368 752 1426 Salomonis
781 1373 904 1426 libri
939 1371 1369 1426 connumerandi
1400 1379 1548 1436 sunt,
1586 1371 1636 1424 id
1668 1383 1770 1435 est,
1795 1370 1928 1426 Pro-

349 1463 534 1520 verbia
569 1470 624 1519 et
656 1463 1080 1528 Ecclesiastica,
1118 1479 1240 1532 quae
1282 1465 1399 1533 ipse
1443 1480 1506 1519 ex
1544 1480 1645 1519 sua
1690 1479 1926 1534 persona

351 1555 414 1608 ad
450 1555 684 1606 aliorum
725 1555 1016 1607 utilitatem
1061 1556 1412 1624 composuit,
1461 1572 1585 1610 cum
1629 1558 1928 1626 pr0phetia9

352 1644 568 1712 quidem
616 1644 846 1713 gratiam
897 1660 1008 1698 non
1052 1645 1397 1714 accepisset,
1445 1646 1752 1717 prudentiae
1796 1665 1927 1705 vero

352 1733 580 1804 gratiam
604 1774 618 1798 ,
673 1751 795 1805 qum
827 1736 1110 1798 evidenter
1141 1739 1312 1792 altera
1359 1746 1444 1796 est
1493 1749 1691 1811 praeter
1737 1741 1924 1812 illam,

352 1827 649 1881 secundum
682 1826 826 1881 beati
858 1826 1010 1881 Pauli
1042 1844 1252 1884 vocem.

951 1941 1019 1994 Et
1044 1952 1162 2011 pust
1191 1945 1322 1998 alia.

416 2048 548 2104 Erat
593 2051 762 2119 igitur
808 2060 949 2106 satis
991 2054 1279 2120 idoneum,
1327 2073 1665 2127 supervacua
1702 2062 1920 2131 quidem

353 2144 530 2196 omnia
568 2143 734 2197 verba
773 2143 995 2198 auferre
1017 2143 1320 2215 Scriptura:
1344 2168 1357 2203 :
1385 2166 1506 2220 quae
1536 2161 1716 2208 autem
1752 2157 1818 2210 ad
1856 2157 1926 2211 si-

352 2233 752 2301 gniﬁcationem
785 2237 909 2290 vita:
935 2237 1057 2303 ejus
1089 2241 1400 2294 necessaria
1429 2255 1590 2298 erant
1617 2261 1918 2315 exponere,

353 2342 470 2394 quas
503 2328 688 2380 omnia
724 2328 1066 2384 soliiciebant
1103 2335 1404 2402 quemlibet
1433 2336 1499 2388 ad
1533 2339 1758 2392 meliora
1792 2355 1926 2394 con-

353 2424 567 2470 vertere
593 2457 607 2479 ,
659 2426 712 2472 et
756 2423 1132 2476 terimlatorem
1189 2423 1366 2478 facere
1410 2425 1562 2479 boni.
1606 2425 1763 2481 Nunc
1797 2444 1926 2484 vero

354 2524 478 2562 cum
516 2510 619 2562 hoc
652 2525 758 2564 non
794 2513 1039 2580 fecisset,
1076 2515 1141 2568 ad
1187 2517 1313 2569 vani
1360 2518 1587 2572 honoris
1627 2530 1922 2576 amatorem

359 2612 470 2649 non
504 2603 865 2654 necessarium
892 2606 1210 2668 respiciens.
1237 2621 1346 2661 non
1376 2608 1430 2660 in
1461 2608 1704 2663 minimis
1728 2613 1924 2665 existi-

362 2690 587 2741 mationi
632 2689 762 2758 justi
811 2695 990 2747 nocuit
1031 2697 1176 2766 apud
1211 2713 1341 2761 eos,
1375 2700 1468 2768 qui
1504 2701 1719 2754 divinas
1779 2704 1926 2757 Scri-

365 2794 398 2846 p
429 2793 548 2834 uras
571 2797 673 2835 non
695 2798 811 2837 cum
830 2786 1006 2840 debita
1032 2787 1322 2844 devotione
1345 2790 1600 2860 judicare
1629 2794 1839 2856 solent,
1869 2803 1924 2850 et

359 2886 424 2924 ex
458 2871 555 2926 hoc
585 2875 778 2931 multos
815 2879 945 2932 fecit
977 2882 1184 2950 scripta
1219 2882 1536 2954 ineulpare,
1572 2893 1626 2938 et
1660 2885 1726 2938 ad
1756 2900 1923 2940 accu-

350 2963 615 3019 sationem
644 2981 706 3020 ea
739 2968 957 3024 trahere
988 2973 1130 3027 beati
1165 2972 1289 3028 Job.

946 3077 1014 3133 Et
1044 3091 1162 3150 post
1189 3083 1321 3137 alia.

409 3185 532 3255 Ipsa
565 3190 752 3244 statim
781 3192 949 3246 verba
971 3234 988 3261 ,
1023 3209 1085 3248 ex
1117 3195 1320 3264 quibus
1353 3187 1596 3266 incipere
1624 3212 1748 3254 eum
1787 3198 1922 3253 dicit

334 3280 716 3351 conscriptor,
753 3298 879 3339 cum
925 3281 1307 3356 pervenissent
1345 3291 1541 3355 amici,
1576 3291 1702 3361 quis
1734 3291 1921 3346 consi-

331 3370 598 3426 deranter
628 3374 812 3428 omnia
843 3374 1071 3442 videns,
1123 3380 1308 3434 omnia
1361 3381 1447 3436 vel
1492 3382 1717 3443 dicens,
1771 3389 1923 3451 putet

329 3468 423 3514 aut
453 3461 610 3518 dicat
632 3463 771 3534 justi
799 3482 1042 3538 unquam
1079 3470 1246 3524 menti
1274 3472 1610 3527 convenire?
1636 3471 1919 3527 Maledicta

323 3554 476 3608 enim
511 3561 630 3609 tam
665 3559 839 3612 multa
875 3559 1139 3630 colligere
1175 3563 1360 3616 statim
1394 3564 1463 3619 ab
1495 3563 1684 3628 initio,
1732 3573 1786 3620 et
1828 3579 1918 3618 re-

326 3646 430 3702 bus
481 3661 552 3702 ea
599 3647 889 3718 imponere
928 3669 1050 3723 quae
1081 3654 1431 3709 maledictum
1478 3655 1760 3726 suscipere
1805 3672 1915 3712 non
1946 3630 1989 3687 θ

245 3790 251 3794 .
320 3745 600 3806 possunt,
637 3739 768 3810 quia
798 3756 900 3797 nec
925 3743 1228 3802 subsistere
1268 3745 1596 3811 creduntur,
1633 3747 1759 3814 quis
1794 3749 1914 3801 exi-

316 3830 513 3885 stimet
537 3830 666 3886 viro
693 3835 1023 3904 convenire,
1054 3836 1148 3907 qui
1177 3851 1300 3891 cum
1343 3844 1496 3891 tanta
1541 3837 1812 3908 sapientia
1862 3846 1918 3893 et

315 3919 531 3977 virtute
571 3929 634 3977 et
665 3926 972 3980 reverentia
1003 3942 1158 3982 suam
1194 3925 1365 3981 vitam
1397 3927 1810 3999 gubernasset?

314 4049 387 4113 Et
415 4072 518 4125 per
555 4060 743 4130 omnia
796 4037 1081 4124 ieprobans
1125 4062 1448 4130 scripturam
1495 4063 1633 4123 Job,
1681 4070 1731 4116 et
1783 4077 1913 4115 con-

388 4129 1006 4202 scriptori‘maledicem
1049 4129 1241 4202 (idem,
1265 4143 1442 4186 autem
1478 4143 1555 4188 est
1583 4133 1756 4186 dicere
1785 4147 1914 4186 san-

381 4208 472 4251 cto
512 4199 826 4272 Spiritui),
857 4203 912 4256 in
946 4199 1538 4272 ﬁne'interpretationis
1575 4203 1915 4272 blasphemia!

378 4285 499 4325 sua:
531 4272 624 4323 ita
655 4272 825 4325 dicit:

373 4391 640 4446 Parvum
692 4394 873 4443 autem
918 4396 971 4442 et
1014 4385 1166 4444 istud
1209 4386 1474 4458 flagitium
1523 4387 1590 4442 ad
1634 4387 1738 4442 hoc
1767 4387 1915 4458 quod

303 4486 359 4540 in
393 4485 510 4539 fine
546 4480 799 4554 positum
834 4486 940 4534 est.
974 4477 1090 4535 lloc
1121 4482 1266 4534 enim
1300 4480 1448 4550 quod
1484 4480 1656 4545 dixit,
1693 4480 1914 4535 tertiam

301 4578 479 4632 tiliam
519 4588 696 4631 suam
728 4572 1030 4627 Amaltheae
1077 4587 1252 4627 cornu
1290 4588 1414 4628 eum
1466 4588 1728 4638 vocasse,
1777 4573 1916 4626 nihil

302 4667 456 4722 aliud
493 4674 594 4723 est
619 4705 633 4730 ,
664 4679 830 4734 quam
859 4664 1152 4718 ostendere
1199 4680 1325 4719 eum
1373 4665 1660 4734 paganicis
1715 4663 1917 4720 fabulis

295 4758 723 4813 assentientem
747 4791 762 4818 ,
819 4761 872 4807 et
918 4753 1242 4808 idololatriae
1273 4753 1529 4824 figmenta
1561 4753 1874 4824 diligentem
1898 4794 1913 4819 ,

263 4829 454 4905 'certo
489 4847 738 4920 quidem
784 4846 1120 4912 constituto,
1167 4847 1316 4918 quod
1359 4862 1461 4902 nec
1504 4847 1649 4902 scire
1693 4847 1914 4916 quidem

289 4943 360 4997 de
391 4941 543 4997 Jove
578 4947 642 4994 et
679 4939 924 4996 Saturno,
966 4946 1022 4994 et
1072 4937 1290 5001 Iunone
1340 4941 1640 5012 paganicas
1689 4939 1910 4994 fabulas

293 5039 527 5098 poterat
559 5027 674 5082 Job
704 5028 896 5082 beatus
916 5069 930 5093 ,
965 5026 1132 5090 homo
1163 5030 1433 5085 barbarus
1463 5040 1516 5086 et
1549 5031 1911 5085 Edomitanus

254 5179 259 5186 ,
291 5136 533 5190 genere.
581 5118 748 5186 Quod
783 5118 830 5175 si
862 5127 915 5174 et
946 5121 1150 5185 sciret,
1181 5121 1274 5175 sed
1305 5135 1412 5175 non
1449 5120 1569 5175 filice
1604 5135 1717 5175 suae
1745 5119 1913 5172 mira-

235 5201 260 5285 }
292 5216 488 5268 biliter
517 5213 802 5270 divinitus
836 5221 994 5276 natae,
1014 5229 1078 5268 ex
1104 5214 1425 5268 idololatriae
1451 5215 1679 5284 paganis
1711 5212 1912 5266 fabulis

290 5322 511 5362 nomen
544 5307 898 5375 imponeret,
928 5305 1196 5360 decorare
1226 5321 1345 5360 eam
1380 5306 1704 5361 existimans
1749 5305 1794 5360 si
1835 5305 1910 5358 ita

288 5402 613 5453 nominata
654 5397 871 5454 fuisset.
907 5397 1022 5453 Hoc
1067 5399 1214 5453 enim
1259 5409 1377 5454 erat
1425 5400 1654 5470 paganis
1707 5397 1905 5451 fabulis

288 5491 732 5552 consentientis
755 5530 768 5553 ,
799 5499 852 5546 et
883 5491 1205 5546 idololatriae
1228 5490 1509 5560 diligentis
1538 5488 1793 5558 ﬁgmenta
1814 5529 1827 5550 ,
1855 5495 1912 5542 et

289 5587 474 5642 ﬁliam
527 5586 808 5639 decorare
847 5600 942 5654 per
969 5600 1030 5638 ea
1059 5584 1291 5639 volentis
1313 5623 1326 5646 ,
1361 5589 1415 5637 et
1443 5582 1812 5636 desiderantis
1847 5589 1902 5634 et

2033 1062 2157 1100 nem
2190 1061 2316 1100 esse
2353 1042 2546 1098 videri.
2586 1041 2690 1096 Sed
2725 1042 2875 1112 quod
2925 1057 3087 1097 omne
3133 1042 3238 1095 hoc
3292 1042 3613 1114 figmentum

2031 1145 2112 1192 est
2133 1174 2150 1200 ,
2181 1135 2438 1190 omnibus
2469 1143 2680 1190 certum
2711 1140 2818 1188 est.

2626 1263 2696 1319 Et
2731 1271 2847 1331 post
2879 1263 3010 1318 alia.

2104 1379 2170 1433 Et
2200 1379 2549 1450 conscriptor
2577 1379 2799 1448 quidem
2831 1376 3156 1432 manifestus
3180 1386 3266 1432 est
3285 1417 3298 1439 ,
3333 1393 3397 1432 ex
3427 1393 3616 1434 amore

2028 1487 2228 1542 magno
2261 1480 2315 1525 et
2349 1472 2666 1538 importuno
2698 1470 2827 1526 vani
2860 1470 3090 1524 honoris
3133 1470 3239 1524 hoc
3273 1485 3496 1538 passus.
3545 1469 3616 1526 Ut

2027 1566 2172 1620 enim
2222 1564 2614 1632 semeptipsum
2669 1565 2986 1618 ostenderet
3029 1572 3083 1616 et
3130 1571 3393 1616 extranea
3427 1563 3618 1618 erudi-

2027 1665 2142 1710 tum
2173 1672 2295 1710 esse
2323 1655 2576 1711 doctrina
2597 1696 2611 1720 ,
2641 1663 2695 1710 et
2726 1671 3058 1725 paganorum
3093 1655 3398 1708 fabularum
3432 1660 3617 1712 scien-

2026 1749 2158 1801 tiam
2192 1746 2481 1809 habuisse,
2515 1761 2652 1816 quas
2684 1746 2751 1799 de
2783 1746 2894 1801 illis
2937 1761 3076 1814 quos
3119 1745 3251 1799 deos
3297 1748 3568 1815 putabant
3594 1787 3610 1811 ,

2027 1837 2212 1892 firmas
2245 1837 2550 1900 habebant,
2585 1838 2873 1892 minimum
2907 1839 3242 1893 existimavit
3277 1841 3612 1892 nominatio-

2025 1945 2148 1984 nem
2194 1929 2353 1983 istam
2405 1931 2530 1984 inde
2577 1939 2861 1999 acceptant
2905 1929 3054 1998 justo
3099 1931 3409 1997 imponere.
3451 1931 3610 1998 quasi

2025 2035 2122 2090 per
2152 2036 2271 2074 eum
2301 2021 2468 2074 filiam
2500 2035 2654 2075 suam
2683 2021 2934 2074 decorari
2969 2021 3192 2075 volenti.
3229 2021 3358 2074 Mihi
3384 2037 3512 2073 vero
3541 2038 3609 2076 ex

2023 2116 2135 2162 tota
2172 2110 2293 2163 libri
2331 2109 2741 2177 conscriptione
2800 2110 2968 2179 liquet
3022 2113 3454 2180 conscriptorem
3515 2125 3612 2180 pa-

2024 2201 2216 2271 ganica
2244 2202 2474 2256 scientia
2513 2217 2637 2256 esse
2675 2202 2983 2262 eruditum,
3028 2201 3094 2253 ad
3135 2203 3298 2263 cuius
3337 2203 3606 2254 inritatio-

1956 2297 1996 2351 B
2027 2309 2149 2346 nem
2182 2301 2506 2361 praesentem
2537 2294 2728 2345 volens
2759 2294 3092 2362 scripturam
3127 2309 3479 2361 componere.
3514 2309 3609 2346 no-

2026 2384 2137 2437 cuit
2165 2384 2407 2437 historiae
2431 2381 2850 2452 pulchritudini.
2875 2383 2976 2449 Qui
3004 2385 3150 2436 enim
3179 2383 3322 2452 apud
3350 2386 3472 2437 illos
3501 2393 3604 2438 trav

2025 2474 2241 2545 gmdias
2269 2483 2628 2542 cornponunt,
2653 2490 2851 2528 causas
2882 2476 3098 2542 quidem
3131 2476 3405 2543 accipiunt
3432 2478 3499 2526 ab
3523 2476 3609 2531 his

2025 2582 2146 2636 qme
2177 2567 2331 2618 multi
2364 2568 2687 2634 loquuntur,
2713 2567 2932 2633 quando
2961 2569 3124 2619 etiam
3153 2583 3272 2620 eam
3310 2569 3609 2636 contigerit

2025 2659 2432 2727 quodammodo
2479 2659 2622 2728 apud
2671 2659 2940 2726 plurimos
2985 2659 3300 2726 opinionem
3353 2659 3605 2711 veritatis

2027 2749 2225 2802 habere
2259 2767 2269 2802 :
2313 2764 2446 2817 pura
2486 2758 2670 2800 autem
2712 2762 2879 2800 causa
2923 2755 3180 2810 utentes,
3232 2763 3389 2801 suam
3429 2758 3606 2801 artem

2023 2846 2077 2891 et
2125 2838 2450 2906 sapientiam
2503 2837 2556 2890 in
2611 2837 3016 2904 compositione
3066 2836 3376 2888 fabularum
3415 2846 3606 2890 osten-

2024 2930 2154 2980 dere
2191 2928 2490 2988 festinant,
2519 2935 2574 2981 et
2607 2942 2870 2995 personas
2904 2926 3324 2980 introducenles
3356 2928 3461 2982 sibi
3502 2928 3608 2997 pla-

2024 3021 2164 3074 citas
2184 3060 2200 3086 ,
2241 3027 2293 3073 et
2324 3035 2487 3074 voces
2517 3020 3004 3088 circumponentes
3031 3018 3114 3071 eis
3140 3059 3154 3081 ,
3187 3033 3214 3071 a
3257 3019 3462 3087 quibus
3491 3019 3607 3072 cla-

2023 3109 2200 3164 riores
2255 3107 2372 3162 fieri
2422 3109 2769 3163 arbitrantur
2804 3116 2857 3162 et
2893 3109 3182 3173 decorari,
3222 3117 3279 3162 ut
3321 3119 3377 3163 et
3412 3111 3605 3178 queri-

2024 3201 2264 3254 moniam
2318 3207 2374 3254 et
2415 3200 2642 3254 laudem
2693 3216 2815 3270 qua:
2855 3215 2882 3253 a
2927 3201 3151 3270 scriptis
3191 3201 3448 3264 infertur,
3490 3202 3607 3256 sive

2025 3308 2123 3362 per
2159 3293 2532 3355 intellectum,
2570 3293 2688 3348 sive
2721 3308 2818 3361 per
2845 3293 2964 3363 ipsa
2997 3294 3162 3348 verba
3205 3296 3445 3362 scriptor
3476 3309 3607 3362 peco

2023 3384 2266 3450 caverit,
2296 3399 2408 3439 non
2442 3383 2508 3438 ad
2545 3399 2812 3455 personas
2843 3401 3076 3455 quarum
3107 3386 3274 3440 verba
3306 3385 3570 3453 contingit
3590 3423 3606 3447 ,

2023 3475 2267 3545 legentes
2313 3474 2594 3542 referant,
2639 3475 2737 3531 sed
2782 3475 2848 3530 ad
2896 3476 3097 3530 fabula:
3141 3475 3600 3545 conscriptorem.

2026 3566 2090 3629 Et
2121 3568 2225 3623 iste
2250 3576 2434 3623 autem
2468 3583 2596 3622 cum
2641 3568 2948 3623 invenisset
2981 3575 3036 3622 et
3080 3566 3148 3621 de
3189 3567 3349 3620 beato
3387 3563 3492 3620 Job
3521 3565 3606 3619 hi-

2023 3660 2251 3714 storiam
2285 3659 2579 3712 maximam
2613 3666 2668 3714 et
2699 3659 2906 3712 claram
2929 3699 2944 3722 ,
2979 3673 3100 3727 qua:
3137 3660 3190 3712 in
3228 3673 3323 3713 ore
3357 3659 3604 3713 omnium

2023 3752 2276 3806 similiter
2308 3751 2591 3822 ferebatur
2621 3763 2734 3804 non
2766 3751 2947 3804 solum
2999 3748 3290 3804 Israelitici
3345 3748 3566 3819 generis
3587 3790 3604 3815 ,

2022 3839 2118 3895 sed
2148 3848 2204 3895 et
2237 3839 2469 3893 aliorum
2495 3881 2509 3905 ,
2541 3855 2707 3910 quem
2756 3840 2921 3894 etiam
2970 3838 3265 3894 clariorem
3303 3839 3398 3894 Dei
3446 3839 3610 3895 testi-

2024 3929 2279 3984 monium
2317 3929 2556 3984 faciebat
2587 3930 2736 4000 quod
2778 3929 2979 3984 factum
3015 3937 3101 3986 est
3141 3929 3207 3984 ad
3245 3929 3604 4000 prophetam,

2023 4022 2256 4093 gloriam
2303 4036 2369 4076 ex
2407 4023 2786 4094 magnitudine
2827 4037 3012 4077 causze
3051 4024 3243 4078 volens
3276 4021 3562 4092 suscipere
3587 4063 3604 4084 .

2024 4114 2166 4168 hanc
2205 4114 2538 4184 scripturam
2576 4116 2926 4185 composuit,
2970 4129 3080 4169 non
3123 4114 3406 4185 cogitans,
3458 4113 3606 4184 quod

2022 4206 2194 4260 multa
2229 4205 2540 4260 diﬂ'erentia
2573 4212 2659 4262 est
2681 4246 2695 4270 ,
2734 4208 2880 4262 inter
2913 4207 3204 4263 historiam
3235 4207 3372 4277 justi
3404 4223 3606 4264 secun-

2021 4295 2150 4348 dum
2181 4293 2377 4349 divinat
2419 4293 2713 4365 Scriptura:
2743 4303 2797 4350 et
2827 4297 3236 4367 simplicitatem
3287 4305 3342 4354 et
3387 4299 3605 4354 subtili-

2021 4395 2187 4443 tatem
2224 4389 2599 4458 propositam,
2636 4397 2690 4443 et
2724 4390 2866 4444 inter
2895 4391 3063 4445 verba
3101 4389 3376 4461 superﬂua
3400 4433 3414 4458 ,
3449 4401 3502 4447 et
3533 4390 3603 4446 ad

2021 4479 2399 4547 probationem
2443 4477 2702 4534 conficta.
2753 4478 2886 4534 inde
2934 4485 2988 4534 et
3037 4481 3159 4534 illas
3208 4481 3602 4550 plasmationcs

2024 4566 2186 4632 fecit,
2233 4567 2288 4621 in
2342 4567 2546 4636 quibus
2598 4575 2878 4622 certamen
2927 4569 2992 4622 ad
3042 4567 3211 4622 Deum
3249 4568 3380 4622 fecit
3409 4571 3604 4623 diabo-

2023 4659 2172 4721 lum,
2227 4668 2283 4712 et
2331 4674 2498 4713 voces
2553 4659 2699 4713 sicut
2749 4659 2924 4713 voluit
2972 4659 3405 4730 circumposuit,
3467 4661 3602 4715 alias

2023 4752 2243 4822 quidem
2276 4753 2463 4821 justo,
2505 4753 2642 4806 alias
2679 4767 2810 4807 vero
2845 4752 3039 4807 amicis
3070 4771 3083 4806 :
3123 4753 3178 4805 in
3215 4752 3416 4822 quibus
3451 4754 3602 4804 voci-

2023 4847 2126 4902 bus
2181 4859 2443 4918 quantum
2510 4847 2844 4916 competenti
2907 4847 3190 4911 excessit,
3249 4845 3458 4900 dictum
3519 4855 3603 4900 est

2023 4938 2187 4992 etiam
2241 4940 2294 4991 in
2328 4939 2729 5008 superioribus.
2765 4939 2924 4992 lllum
2954 4949 3136 4990 autem
3183 4935 3360 4990 Elium
3401 4937 3454 4989 in
3504 4949 3604 5004 po-

2021 5036 2228 5082 stremo
2276 5028 2583 5082 introduxit
2632 5037 2800 5082 tanta:
2839 5028 3060 5096 injuria:
3113 5027 3272 5094 plena
3322 5025 3601 5080 dicentem

2020 5118 2282 5172 adversus
2314 5118 2560 5186 justum,
2595 5127 2648 5173 et
2682 5119 2735 5172 in
2777 5119 2883 5172 fine
2914 5132 3163 5187 personae
3183 5115 3579 5186 magnitudinis

2019 5213 2217 5268 divinae
2256 5223 2469 5267 naturae
2513 5215 2914 5282 circumposuit
2960 5214 3122 5267 talem
3171 5212 3500 5273 dictionem,
3547 5212 3598 5265 in

2019 5319 2124 5374 qua
2159 5319 2266 5358 non
2301 5305 2477 5374 piguit
2511 5305 2676 5358 etiam
2709 5305 3032 5375 figmentum
3068 5313 3224 5359 cetus
3261 5303 3483 5358 addere.
3523 5301 3598 5356 Ex

2022 5397 2126 5450 hoc
2155 5404 2333 5451 autem
2367 5398 2687 5466 importuno
2719 5397 2839 5451 vani
2874 5397 3102 5451 honoris
3145 5411 3370 5456 amore,
3405 5403 3456 5450 et
3498 5409 3596 5447 no-

2016 5488 2368 5541 minationem
2413 5487 2552 5541 hanc
2595 5503 2659 5542 ex
2703 5486 2905 5544 fabulis
2945 5485 3231 5560 paganicis
3271 5493 3593 5562 arreptam.

2016 5578 2177 5632 beato
2206 5577 2307 5632 Job
2339 5579 2657 5649 applicat-it.
3420 5571 3427 5576 ’

367 5741 458 5812 (1)
495 5737 590 5793 Ex
629 5738 863 5792 concilio
896 5737 1001 5793 (3P.
1041 5754 1202 5808 Supra
1238 5740 1474 5802 laudato,
1517 5746 1573 5791 ut
1602 5741 1880 5808 sequentia
1915 5741 2076 5794 etiam
2112 5738 2441 5820 fragmenta.
