3974 6146
1642 320 1992 382 THEODORI
2024 325 2509 385 MOPSUESTENI

1180 577 1305 664 IN
1363 553 1986 668 'CANTICUM
2067 579 2894 672 eammeam.

423 843 505 898 Ad
524 843 632 897 lucc
661 841 737 913 (l)
769 849 942 922 autem
959 841 1378 922 despernitidem
1412 841 1719 922 Theodorus
1746 840 2001 922 etCalui-
2032 849 2074 902 Α
2104 851 2365 914 tanquam
2419 844 2799 915 insipientium
2823 884 2839 908 ,
2888 854 2942 900 et
2991 847 3115 903 sine
3161 860 3329 905 causa
3375 849 3684 922 alienigena

491 929 612 966 cum
642 912 998 975 canticorum,
1018 921 1067 965 et
1094 916 1229 966 sicut
1261 912 1328 965 ad
1354 923 1591 966 amatam
1616 914 1717 966 sibi
1748 912 1858 965 ha’c
1889 912 1994 966 Sa-

492 985 748 1037 lomonem
780 984 1085 1050 scripsisse,
1118 985 1269 1045 dicit,
1305 982 1530 1103 iugandis
1565 982 1995 1036 Christianorum

492 1054 710 1103 auribus
740 1052 803 1103 de
829 1054 924 1103 hoc
949 1067 1233 1103 exacuens.
1266 1051 1352 1103 Ha
1389 1063 1437 1103 et
1468 1062 1643 1103 autem
1669 1054 1744 1103 sic
1770 1067 1787 1103 :

490 1054 710 1106 auribus
740 1052 803 1107 de
829 1054 924 1105 hoc
949 1067 1233 1117 exponens.
1266 1051 1437 1105 Habet
1468 1062 1643 1105 autem
1669 1054 1744 1105 sic
1770 1067 1787 1106 :

454 1157 460 1163 ‘
488 1143 630 1199 Cum
663 1160 750 1200 me
780 1144 1291 1214 piguissetCantica
1321 1144 1661 1199 canticorum
1694 1143 1993 1213 perlegere,

420 1238 681 1310 quoniam
725 1254 906 1308 neque
966 1238 1266 1293 secundum
1320 1238 1693 1308 propheticam
1751 1237 1993 1307 speciem

346 1341 350 1345 '
418 1333 669 1402 exposita
698 1339 862 1395 sunt,
893 1346 1071 1400 neque
1097 1331 1397 1386 secundum
1428 1330 1782 1386 historiarum
1827 1329 1995 1385 tradi-

417 1424 623 1479 tionem
645 1461 660 1486 ,
694 1424 839 1479 sicut
869 1424 1146 1491 scriptura
1180 1437 1510 1493 regnorum,
1548 1436 1728 1492 neque
1767 1421 1994 1477 demon-

418 1515 654 1570 strativa
701 1513 1078 1570 admonitione
1120 1515 1286 1569 studii
1334 1523 1585 1579 utuntur,
1637 1510 1825 1568 nescio
1862 1526 1992 1583 quo-

414 1605 582 1661 modo
622 1612 850 1681 tuarum
901 1607 1209 1661 litterarum
1254 1612 1584 1677 praeceptum
1638 1604 1707 1660 de
1757 1604 1988 1661 Cantico

416 1696 754 1751 canticorum
805 1697 1035 1767 exigens
1082 1711 1113 1750 a
1170 1696 1333 1751 nobis
1380 1695 1817 1751 irrecusabiliter
1861 1709 1993 1749 cau-

416 1804 568 1855 sam,
603 1788 736 1845 fecit
767 1803 854 1845 me
883 1789 1029 1843 circa
1071 1804 1196 1844 eum
1230 1787 1676 1859 diligentiorem,
1722 1787 1993 1842 violenter

413 1880 660 1949 quidem.
694 1878 761 1934 Et
795 1880 875 1935 sic
907 1894 1009 1934 nec
1038 1880 1185 1934 enim
1211 1879 1457 1945 cessavi,
1486 1885 1543 1931 et
1575 1877 1735 1931 initio
1763 1877 1882 1947 ipso
1914 1877 1991 1930 le-

413 1972 615 2026 ctibnis
642 1970 805 2049 Iquasi
850 1970 1097 2026 studiosa
1129 1969 1416 2024 alacritate
1444 1969 1693 2023 oscitans
1724 1965 1986 2037 frequen-

411 2070 518 2130 ter,
549 2071 603 2118 et
632 2063 966 2129 dormitans,
999 2063 1141 2118 sicut
1173 2062 1426 2117 convivio
1469 2060 1674 2117 codicis
1718 2059 1981 2129 nuptiali,

410 2166 467 2210 ct
496 2156 600 2211 hoc
625 2156 828 2228 regali,
863 2164 1234 2227 pcrcautatus.

901 2244 964 2299 Et
999 2254 1114 2315 post
1141 2261 1334 2315 pauca.

484 2337 594 2393 Sed
626 2338 707 2393 sic
737 2353 834 2408 per
866 2337 1190 2407 sapientiam
1238 2336 1497 2408 gentibus
1527 2342 1581 2391 et
1610 2333 1815 2389 Judaeis
1856 2348 1991 2403 pra:-

411 2425 701 2482 dicabilem
748 2437 802 2482 et
833 2427 1135 2482 terribilem
1185 2426 1540 2481 exsistentem
1590 2432 1650 2479 ut
1706 2424 1985 2480 solertem.

413 2518 571 2575 Unde
603 2530 656 2576 et
686 2535 789 2590 pax
824 2520 872 2575 ei
904 2518 1134 2588 ﬁrmior,
1167 2534 1332 2589 quam
1365 2519 1420 2574 in
1451 2516 1822 2574 anterioribus
1856 2524 1990 2572 tem-

412 2613 643 2683 poribus
681 2620 836 2679 erat,
885 2614 1078 2668 timore
1125 2627 1354 2668 summae
1395 2613 1542 2666 circa
1592 2625 1654 2666 ea
1686 2609 1989 2680 prudentia:

420 2704 654 2760 frenatis
715 2705 967 2775 gentibus
1007 2705 1147 2760 bella
1172 2704 1541 2771 amantibus,
1601 2701 1986 2774 Egyptiacum

411 2792 724 2855 convivium
771 2797 939 2862 facit,
990 2796 1336 2852 Salomonem
1379 2794 1521 2866 apud
1565 2793 1783 2851 Iudaeos
1825 2795 2001 2861 vitio:

332 2904 344 2914 '
410 2900 554 2953 sum,
584 2896 843 2960 tanquam
873 2890 1052 2959 legum
1081 2897 1433 2959 paternarum
1476 2889 1982 2958 praevaricatorem,

411 2980 787 3036 abdicantium
845 2981 1179 3050 alienigenas
1236 2981 1496 3049 nuptias,
1557 2987 1612 3034 et
1669 2978 1740 3034 ad
1794 2979 1987 3048 puellae

410 3071 719 3125 convivium
750 3072 949 3126 cecidit
980 3071 1251 3141 fugiendae
1282 3070 1503 3149 quidem
1540 3069 1702 3124 etiam
1738 3070 1859 3140 ipso
1894 3085 1985 3139 pa-

408 3160 518 3213 trio
547 3159 787 3214 deformi
822 3161 1006 3215 colore
1056 3162 1501 3233 (nocturnorum
1543 3163 1691 3217 enim
1735 3162 1984 3216 colorum

409 3249 682 3321 Egyptus
709 3252 993 3322 genitrix),
1031 3253 1208 3323 magis
1238 3269 1364 3308 vero
1398 3253 1688 3323 fugiendae,
1720 3254 1983 3324 quoniam

408 3344 499 3411 qui
531 3358 704 3412 genus
742 3342 975 3398 habebat
1016 3359 1081 3398 ex
1122 3343 1292 3399 Cham
1316 3384 1332 3408 ,
1374 3345 1468 3415 qui
1501 3347 1674 3400 haeres
1706 3345 1809 3399 fuit
1839 3345 1985 3399 anti-

407 3431 959 3500 quaamiledictionis
992 3432 1139 3499 Noe,
1172 3449 1237 3488 ex
1288 3435 1489 3504 quibus
1539 3450 1737 3504 passus
1761 3443 1844 3491 est
1882 3435 1986 3489 ali-

2098 938 2412 994 vocantium
2447 953 2512 994 ea
2540 954 2663 1009 quae
2695 939 2912 1008 cognita
2943 947 3093 996 sunt.

2701 1052 2771 1106 Et
2795 1062 2911 1122 post
2940 1055 3074 1109 alia.

2167 1141 2274 1209 Qui
2323 1143 2468 1198 enim
2514 1146 2663 1199 canit
2711 1160 2927 1199 omnem
2973 1145 3379 1211 cantationem,
3428 1161 3487 1202 se
3524 1143 3680 1201 delc-

2096 1240 2242 1288 ctat:
2273 1249 2372 1305 ego
2420 1250 2549 1289 vero
2594 1235 2814 1306 quidem
2859 1251 3001 1291 cano
3030 1238 3368 1308 propositam
3401 1240 3674 1291 cantatio-

2094 1337 2255 1377 nem:
2279 1324 2481 1393 quibus
2508 1339 2641 1379 vero
2665 1339 2825 1389 cano,
2848 1341 2957 1379 non
2989 1341 3112 1381 cum
3140 1327 3251 1381 illis
3279 1342 3364 1381 me
3390 1326 3673 1382 delectans

2094 1428 2266 1468 cano:
2300 1404 2554 1470 nolebam
2578 1415 2724 1470 enim
2755 1430 2999 1469 mearum
3032 1417 3347 1487 nuptiarum
3370 1416 3673 1472 detractio-

2099 1504 2187 1559 nis
2212 1519 2336 1560 esse
2368 1505 2422 1559 in
2452 1506 2649 1562 saecula
2689 1507 3059 1578 conscriptor.
3106 1504 3667 1566 Necessitatecautem

2099 1599 2472 1656 excusationis
2518 1598 2710 1654 volens
2755 1613 2992 1663 canere,
3047 1614 3279 1670 quorum
3330 1614 3438 1653 non
3497 1599 3660 1662 volo,

2095 1689 2464 1743 cantationem
2507 1704 2709 1744 canere
2747 1704 2936 1760 cogor,
2980 1698 3038 1743 ut
3081 1688 3153 1745 sit
3202 1689 3337 1743 mihi
3383 1691 3661 1744 canticum

2097 1777 2264 1848 super
2317 1794 2523 1834 morem
2575 1779 2799 1834 cantici.
2850 1779 3063 1834 Canere
3119 1779 3265 1834 enim
3320 1779 3484 1834 modo
3537 1794 3665 1833 cum

2094 1886 2295 1941 sponsa
2327 1885 2514 1939 cogor,
2551 1885 2675 1942 qua:
2718 1869 3034 1940 vituperant
3059 1870 3330 1939 publicam
3360 1869 3672 1924 excusatio-

2098 1979 2220 2018 nem
2246 2003 2262 2028 ,
2296 1970 2350 2018 et
2375 1964 2615 2018 clamare
2657 1977 2721 2018 ea
2764 1976 2887 2033 quas
2945 1961 3287 2018 abscondere
3334 1962 3672 2019 nubentibus

2095 2051 2271 2108 decet.
2308 2053 2579 2118 Quoniam
2615 2052 2760 2106 enim
2790 2048 3085 2120 conﬂigere
3126 2065 3231 2106 nos
3253 2050 3674 2120 vituperationi-

2092 2143 2194 2198 bus
2220 2149 2448 2212 putant,
2472 2149 2529 2202 et.
2547 2143 3039 2212 reprehensionum
3068 2141 3378 2211 opprobriis
3404 2141 3670 2206 dividere,

2091 2231 2314 2289 audiant
2340 2245 2442 2285 nos
2469 2238 2689 2286 nostros
2723 2231 3005 2307 amplexus
3029 2238 3293 2286 canentes
3320 2229 3551 2285 calidius
3570 2268 3586 2294 ,
3613 2238 3674 2285 et

2089 2321 2420 2392 nuptialium
2456 2328 2775 2376 nostrorum
2812 2328 3223 2391 unguentorum
3256 2320 3498 2390 amplius
3532 2319 3675 2374 odo-

2089 2427 2205 2468 rem
2237 2412 2551 2481 accipiant:
2597 2412 3008 2467 circumsonent
3045 2411 3281 2466 canticis
3313 2411 3534 2481 tragicis
3568 2425 3675 2466 no-

2091 2515 2332 2560 strorum
2395 2504 2764 2560 osculorum:
2821 2505 3000 2558 clama
3062 2510 3212 2557 tuam
3251 2502 3671 2573 uigritudinem,

2089 2611 2312 2667 sponsa,
2343 2609 2700 2666 purpuream,
2726 2594 3025 2666 gratiosam
3056 2595 3234 2649 clama
3261 2612 3275 2649 :
3311 2604 3465 2648 tuum
3495 2607 3677 2664 genus

2089 2690 2435 2767 vituperatur
2469 2687 2765 2743 laudabilis
2806 2687 3074 2758 originis,
3119 2686 3293 2749 Israel
3332 2685 3671 2756 congentile.

2087 2777 2273 2848 Incipe
2303 2777 2464 2833 initio
2494 2777 2872 2848 responsionis
2905 2777 2970 2831 ad
2998 2792 3130 2832 eos:
3166 2775 3246 2830 Ex
3272 2776 3470 2831 calidis
3501 2789 3678 2830 oscu-

2086 2870 2156 2926 lis
2197 2870 2334 2925 meis
2383 2877 2741 2939 cognoscant.
2786 2869 2933 2940 quod
2976 2868 3264 2924 amatoriis
3310 2866 3672 2931 sermonibus

2088 2961 2392 3016 adinvicem
2426 2960 2690 3026 fruimur;
2725 2960 2946 3016 discant
2981 2958 3351 3030 percutientes
3382 2958 3672 3027 vitupera-

2086 3052 2333 3108 tionibus
2374 3053 2596 3108 tacitam
2633 3052 2901 3108 citharam
2940 3038 3162 3122 nuptias
3202 3055 3499 3113 amantem;
3558 3060 3662 3101 co-

2086 3153 2359 3216 gnoscant
2406 3144 2922 3209 maledictionibus,
2970 3142 3118 3210 quod
3167 3140 3371 3196 saltare
3421 3138 3480 3192 in
3527 3139 3679 3194 meis

2086 3237 2295 3305 nuptiis
2324 3251 2352 3289 a
2384 3236 2542 3290 nobis
2568 3235 2741 3306 putati
2772 3241 2921 3290 sunt.
2951 3233 3072 3287 Non
3100 3230 3426 3287 maledicere
3452 3229 3632 3285 sciant
3656 3268 3676 3293 ,

2088 3332 2234 3402 quod
2266 3331 2649 3386 excitaverunt
2683 3344 2921 3383 amorem
2956 3333 3299 3382 resonantem
3333 3321 3676 3395 iucundiora

2086 3420 2598 3491 vituperatoribus;
2638 3421 2807 3475 intret
2851 3433 3016 3473 aures
3064 3431 3258 3471 eorum
3303 3428 3526 3468 amarus
3569 3412 3681 3465 ali-

407 3524 539 3592 quid
576 3520 834 3578 Salomon
867 3525 1017 3580 circa
1060 3502 1319 3597 conjugis—
1356 3502 1726 3593 deside—rium,
1781 3535 1835 3584 ει
1881 3542 1982 3597 ορ-
2010 3526 2055 3587 c
2086 3515 2211 3585 quis
2247 3514 2301 3568 in
2332 3512 2502 3567 corde
2535 3511 2797 3567 stimulus
2828 3517 3146 3565 nostrorum
3182 3507 3526 3563 osculorum.
3561 3502 3681 3597 sed

404 3614 631 3683 probrio
665 3616 1130 3684 pmvaricationis
1161 3616 1449 3683 irritatus,
1485 3620 1769 3689 compo‘nit
1802 3618 1977 3675 canti-

318 3762 341 3771 1
405 3718 526 3759 cam
574 3707 1021 3778 excusationem,
1071 3715 1133 3762 ut
1180 3709 1391 3779 gratior
1440 3709 1604 3763 etiam
1657 3709 1812 3764 uxori
1864 3709 1976 3772 sit,

405 3797 641 3853 canticis
670 3797 978 3855 delectatus
1004 3815 1107 3871 pro
1132 3815 1196 3854 ea
1224 3801 1386 3857 factis
1411 3820 1426 3856 :
1457 3810 1511 3858 et
1539 3803 1978 3872 improperantes

407 3888 688 3958 sapienter
737 3891 1051 3961 percussit,
1100 3900 1363 3963 tanquam
1410 3893 1711 3963 conscripti
1753 3907 1979 3951 causam

402 3980 483 4036 illi
525 3981 720 4039 dantes
766 3982 1112 4048 lautitiarum,
1142 3994 1197 4039 et
1240 4001 1349 4040 non
1382 3987 1721 4056 ptenitentiae
1760 3994 1980 4057 propter

402 4074 627 4142 nuptias
655 4081 916 4145 tanquam
948 4090 1168 4146 pravas.
1202 4075 1359 4132 Unde
1388 4079 1458 4131 ab
1486 4077 1694 4133 osculis
1722 4076 1986 4145 nuptiali-

400 4162 508 4219 bus
536 4165 721 4221 statim
752 4166 801 4221 ei
831 4175 886 4222 et
914 4166 1130 4222 initium
1162 4175 1243 4223 est
1265 4207 1281 4234 ,
1330 4177 1594 4239 tanquam
1628 4168 1847 4226 sistenti
1877 4182 1979 4223 no-

403 4269 531 4324 vam
572 4264 802 4327 nuptam
849 4260 1246 4315 reclamantem
1292 4260 1776 4331 vituperantibus:
1811 4258 1982 4316 Oscu-

405 4349 544 4403 tetur
572 4364 654 4403 me
676 4365 899 4419 sponsus
945 4351 1010 4405 ab
1059 4352 1258 4408 osculis
1304 4354 1412 4407 oris
1463 4356 1579 4422 ejus
1603 4394 1617 4419 ,
1653 4362 1709 4409 et
1734 4360 1981 4408 vestrum

403 4437 542 4493 mihi
569 4454 706 4495 cura
732 4443 880 4497 nulla
909 4446 1266 4515 opprobrium
1298 4446 1642 4501 latrantium.
1685 4444 1753 4499 Et
1781 4446 1980 4502 iterum

403 4529 646 4587 irritatio
673 4533 741 4588 ad
768 4534 1202 4605 vituperationes
1233 4551 1331 4606 pro
1362 4551 1568 4607 sponsa
1595 4550 1697 4592 sua
1725 4537 1979 4593 calidior.

405 4617 580 4693 Nigra
611 4639 728 4677 sum
759 4632 808 4678 et
841 4625 1008 4688 bona,
1044 4626 1174 4696 ﬁlia'
1201 4625 1537 4692 Jerusalem,
1567 4629 1704 4682 sicut
1735 4627 1980 4683 taberna-

403 4711 524 4785 cista
554 4712 750 4776 Cedar,
783 4715 919 4768 sicut
950 4715 1106 4785 peltis
1137 4716 1462 4771 Salomonis.
1497 4714 1578 4770 Ne
1605 4717 1776 4782 mihi,
1804 4717 1974 4782 dicit,

402 4802 641 4858 colorem
689 4802 759 4857 ad
809 4790 1269 4876 vituperationem
1314 4809 1643 4878 proponite,
1687 4807 1798 4863 nisi
1839 4808 1980 4864 forte

400 4893 566 4947 etiam
597 4894 739 4950 bene
765 4896 1243 4966 compositarum?
1273 4898 1695 4953 aediﬁcationum
1726 4913 1791 4953 ex
1823 4899 1980 4970 nigro
2016 4879 2057 4934 ί)

400 4980 580 5050 lapide
605 4983 823 5039 Arabiae
853 4984 1215 5051 miraculum,
1245 4987 1701 5057 vituperationem
1731 5003 1853 5044 esse
1886 5004 1981 5059 pu-

400 5073 564 5127 tatis:
591 5090 824 5153 quoru‘m
859 5075 1101 5146 lapidum
1134 5077 1267 5132 mihi
1298 5078 1539 5135 membra
1572 5079 1772 5135 similia
1807 5088 1977 5149 sunt,

399 5163 544 5218 sicut
573 5167 802 5236 quidam
837 5168 1044 5239 lapides
1087 5170 1337 5241 pretiosi.
1371 5172 1619 5227 Caeruleo
1654 5173 1802 5228 enim
1855 5173 1978 5242 ipso

398 5255 635 5326 coloris,
669 5259 818 5330 quod
856 5262 1233 5333 vituperantes
1271 5263 1509 5329 canitis,
1546 5264 1854 5320 similitudo
1893 5273 1977 5320 est

399 5349 592 5406 talium
621 5352 866 5424 lapidum
888 5394 903 5419 ,
932 5363 986 5410 et
1014 5356 1215 5428 regalis
1244 5372 1524 5429 purpura,
1556 5365 1611 5412 et
1639 5357 1837 5429 regalis
1868 5371 1979 5410 non

399 5440 743 5513 simpliciter,
778 5446 876 5500 sed
911 5449 1128 5518 qualem
1165 5448 1423 5505 Salomon
1455 5448 1851 5513 circumdatur,
1884 5448 1979 5518 qui

400 5529 527 5601 plus
554 5536 813 5591 omnibus
844 5538 1063 5608 regibus
1086 5550 1408 5597 ornamch
1434 5552 1603 5597 amat.
1644 5539 1749 5596 Sed
1779 5552 1835 5595 et
1869 5555 1981 5595 cte-

403 5623 511 5680 teri
565 5627 768 5683 cantici
797 5629 1099 5697 expositio,
1133 5633 1370 5689 irritatio
1398 5641 1483 5690 est
1512 5633 1977 5704 vituperationmn

475 5760 553 5833 (l)
584 5761 665 5824 Ex
705 5758 896 5817 eadem
931 5762 1144 5817 concito
1178 5763 1461 5823 Constant.

2088 3606 2404 3661 intellectus
2438 3602 2657 3675 quidem
2694 3602 3056 3671 conscriptori
3086 3597 3359 3668 ejusmodi
3401 3605 3523 3660 est,
3561 3594 3671 3648 ha-

2086 3698 2249 3753 bebat
2280 3711 2409 3751 vero
2441 3696 2777 3750 intellectum
2799 3732 2815 3758 ,
2851 3708 2916 3747 eo
2947 3690 3092 3762 quod
3123 3692 3242 3745 sine
3272 3689 3494 3743 nomine
3525 3701 3670 3741 con-

2087 3789 2442 3860 scriptionem
2473 3786 2641 3853 fecit,
2695 3783 3078 3840 tantummodo
3126 3797 3239 3836 non
3293 3781 3544 3835 clamans
3600 3776 3679 3831 ad

2085 3880 2252 3937 Israel
2273 3923 2289 3946 ,
2316 3879 2464 3951 quod
2495 3894 2605 3934 non
2638 3878 2813 3948 ipsius
2842 3874 3155 3930 Salomonis
3181 3880 3267 3929 est
3295 3871 3678 3941 conscriptor,

2088 3972 2181 4030 sed
2216 3970 2545 4028 necessitate
2577 3968 2964 4025 aemulationis.

2649 4077 2720 4136 Et
2754 4085 2873 4149 post
2909 4092 3100 4149 pauca.

2159 4174 2291 4240 Quae
2336 4171 2522 4227 omnia
2554 4176 2775 4242 oportet
2808 4170 3056 4241 legentes
3094 4165 3295 4222 librum
3330 4162 3627 4250 cogitandp
3649 4202 3671 4227 .

2088 4280 2191 4320 nec
2232 4266 2299 4319 ad
2336 4261 2691 4333 impudicitia:
2732 4260 3100 4315 hortationem
3145 4263 3343 4328 putare
3376 4272 3503 4313 esse
3537 4271 3680 4311 cun-

2089 4354 2445 4425 scriptionem
2479 4349 2899 4423 sapientissimi,
2948 4355 3002 4403 et
3061 4354 3285 4416 propter
3329 4345 3434 4400 hoc
3486 4344 3681 4400 odisse

2090 4445 2311 4519 (qualis
2348 4444 2499 4499 enim
2536 4450 2685 4498 esset
2725 4440 2936 4494 utilitas
2979 4436 3257 4491 Salomoni
3298 4434 3564 4489 festinare
3602 4433 3677 4488 ad

2087 4535 2555 4604 conscriptioncm
2597 4530 2981 4602 impudicitia),
3008 4528 3112 4599 icui
3163 4534 3217 4581 et
3266 4525 3389 4581 sine
3420 4522 3678 4579 conscri-

2088 4628 2277 4699 ptione
2311 4633 2557 4696 potestas
2579 4633 2698 4680 erat
2728 4619 3123 4691 impudicitiae?
3143 4618 3184 4684 δ,
3217 4633 3319 4673 nec
3350 4616 3677 4699 collaudare

2089 4718 2337 4772 codicem
2358 4758 2372 4781 ,
2403 4717 2548 4771 sicut
2583 4715 2871 4769 habentem
2905 4711 3248 4783 prophetiam
3305 4708 3672 4763 dictationem

2092 4809 2363 4865 bonorum
2411 4806 2693 4862 Ecclesia}.
2738 4804 2795 4860 Si
2833 4804 2978 4859 enim
3007 4801 3386 4872 propheticam
3436 4799 3666 4869 gratiam

2086 4900 2417 4965 meruisset,
2474 4899 2809 4953 mentionem
2863 4895 3068 4950 alicubi
3122 4892 3221 4947 Dei
3272 4890 3492 4946 iecisset
3565 4888 3668 4957 (in

2086 4993 2235 5049 nulla
2269 4993 2413 5047 enim
2450 4993 2770 5063 prophetica
2808 4992 3086 5062 scriptura
3122 4987 3267 5044 Deus
3302 5004 3412 5041 non
3457 5002 3640 5041 mcmo

2084 5087 2301 5153 ratur),
2333 5085 2428 5141 sed
2463 5084 2608 5140 scire
2648 5084 2848 5140 debent
2889 5099 3112 5147 omnes,
3148 5078 3519 5137 aemulationis
3568 5093 3641 5130 nn

2084 5174 2271 5246 ptialis
2301 5175 2548 5229 codicem
2593 5174 2838 5235 mensale
2888 5173 3170 5228 canticum
3216 5186 3377 5235 esse,
3429 5169 3578 5225 sicut
3623 5176 3673 5220 ct

2083 5267 2152 5322 de
2176 5281 2362 5321 amore
2391 5273 2577 5335 postea
2602 5263 2914 5319 convivium
2942 5263 3099 5318 Plato
3128 5260 3481 5330 conscripsit.
3512 5254 3677 5311 Unde

2085 5371 2186 5412 nec
2216 5355 2445 5422 Judzcis,
2480 5370 2580 5411 nec
2608 5355 2766 5411 nobis
2795 5356 3014 5427 publica
3044 5352 3209 5410 lectio
3241 5365 3484 5421 unquam
3523 5347 3673 5402 Cau-

2086 5447 2183 5502 tici
2216 5451 2559 5502 canticorum
2596 5445 2741 5503 facta
2771 5457 2892 5513 est,
2924 5454 3188 5517 tanquam
3234 5443 3577 5501 domesticus
3613 5447 3673 5494 et

2087 5539 2355 5612 nuptialis
2414 5538 2728 5596 Salomonis
2786 5538 3058 5595 conviviis
3112 5543 3312 5593 cantus
3364 5530 3670 5611 opprobria

2090 5645 2306 5700 spousze
2339 5644 2563 5685 sonans.
