3974 6146
297 291 421 348 -70l
1196 296 1702 356 COMMENTARIA
1759 299 1828 356 IN
1865 296 2110 358 NOVUM
2149 299 2696 358 TESTAMENTUI.
3472 303 3579 360 70!

353 445 3559 489 ’Μ

955 622 1763 751 THEODORI
1845 626 2950 756 MOPSUESTENI

512 868 1681 962 COMMENTARIORUM
1764 876 1887 962 IN
1968 875 2403 967 NOVUM
2477 879 3372 972 TESTAMENTUM

1413 1061 1590 1139 QUAE
1620 1063 1981 1118 REPERIRI
2019 1065 2492 1123 POTUERUNT.

1311 1240 1645 1295 eoum”,
1750 1241 2112 1297 msrosun‘,
2212 1245 2583 1288 sucnnavrr

1009 1401 1334 1494 OTTO
1385 1403 2131 1496 FRIDOLINUS
2192 1407 2884 1512 FRITZSCHE,

598 1606 685 1646 τιι.
721 1607 804 1646 ιιι.
831 1606 898 1647 ετ
935 1607 986 1646 IN
1019 1606 1275 1648 ΔΟΔυΕωΔ
1301 1578 1572 1648 τωιιεεῇει
1613 1610 1661 1648 Ρ.
1690 1610 1739 1649 P.
1773 1610 1849 1660 0.,
1884 1611 2244 1651 ηιθωοτιιεωε
2269 1612 2590 1654 ΒΕΙΡΟΒῌΟΞ
2614 1615 2788 1655 τειιιο.
2810 1615 2864 1654 Η.
2892 1616 2942 1654 τ.
2978 1611 3283 1656 PMFECW

1389 1700 1691 1742 SOCIETATIS
1711 1701 1848 1740 1115⁸1⁵.
1873 1703 2061 1742 τηεοι.
2091 1703 2225 1741 ιιρε.
2259 1705 2494 1746 501)Δι.18.

1163 1803 1404 1907 |(Turici,
1449 1851 1649 1908 sumptu
1701 1845 1890 1908 Meyeri
1941 1853 1993 1898 et
2047 1846 2250 1897 Zelleri.
2299 1847 2436 1909 1847,
2475 1847 2524 1898 in
2587 1849 2702 1913 8°.)

1605 2181 2276 2274 PREFATIO.

384 2539 530 2597 Cum
557 2540 614 2596 in
645 2542 1122 2609 commentatione,
1158 2558 1320 2614 quam
1357 2552 1484 2601 ante
1513 2545 1616 2602 hos
1645 2546 1902 2601 undecim
1934 2561 2112 2601 annos
2145 2545 2212 2599 de
2247 2542 2519 2598 Theodori
2548 2543 2909 2614 Mopsuesteni
2945 2545 3052 2598 vita
3075 2552 3130 2600 et
3157 2546 3384 2616 scriptis
3413 2545 3562 2600 Halae

315 2632 468 2689 edidi
503 2634 605 2704 (l),
643 2649 728 2688 me
755 2650 876 2688 mox
907 2652 1019 2704 qua:
1053 2645 1332 2692 restarent
1355 2637 1422 2692 de
1461 2637 1753 2694 Theodoro
1780 2640 2188 2709 disputaturum
2224 2636 2620 2708 significarem,
2660 2652 2770 2710 non
2802 2635 2916 2692 fore
2945 2638 3280 2700 existimavi,
3317 2647 3375 2691 ut
3400 2638 3557 2692 fidem

320 2723 506 2779 datam
536 2733 644 2785 tam
676 2726 764 2780 diu
799 2727 1049 2783 fallerem.
1081 2729 1186 2783 Sed
1219 2739 1277 2784 ut
1309 2732 1384 2796 lit,
1427 2732 1534 2784 alia
1569 2747 1656 2786 me
1684 2731 1793 2786 alio
1837 2739 2139 2786 traxerunt.
2169 2731 2232 2785 Et
2272 2733 2509 2802 primum
2543 2730 2784 2800 quidem,
2818 2746 2940 2784 cum
2973 2731 3135 2800 paulo
3174 2740 3294 2800 post
3323 2733 3556 2800 patriam

323 2830 444 2871 eum
477 2817 715 2872 Helvetia
744 2833 1186 2886 commutassem,
1213 2826 1337 2878 novi
1366 2827 1608 2880 muneris
1641 2830 1884 2882 rationes
1919 2843 2216 2896 rerumque
2250 2827 2670 2882 vicissitudines
2715 2826 3038 2886 effecerunt,
3079 2833 3138 2879 ut
3185 2826 3254 2878 ad
3293 2827 3400 2879 alia
3429 2825 3547 2878 ani-

315 2925 464 2964 "mm
495 2915 854 2981 θρρθηετεηη
884 2917 1080 2972 deinde
1114 2935 1242 2973 vero
1289 2935 1412 2974 cum
1461 2922 1595 2974 mihi
1642 2921 1917 2976 interdum
1953 2924 2148 2981 otium,
2179 2939 2290 2992 quo
2319 2923 2450 2975 nihil
2477 2929 2578 2975 .est
2625 2921 2862 2982 dulcius,
2899 2921 3177 2983 fecissem,
3229 2920 3336 2972 alia
3375 2918 3554 2974 studia

305 2999 546 3054 aniumm
586 3005 704 3058 sive
749 3017 991 3060 erectum
1034 3010 1378 3064 oblectarunt
1426 3012 1542 3066 sive
1590 3012 1862 3080 dejectum
1912 3023 2228 3068 erexerunt.
2278 3013 2382 3067 Sed
2423 3012 2556 3066 nihil
2603 3013 2668 3066 ad
2706 3013 2842 3067 alios
2888 3011 3201 3064 domesticae
3251 3026 3382 3064 ηιθιθ
3429 3010 3552 3065 sive

303 3088 715 3156 delectationes,
742 3097 858 3150 sive
889 3100 1324 3168 sollicitudines,
1350 3118 1664 3173 quanquam
1697 3105 1914 3172 seposui
1948 3121 2069 3173 qua:
2094 3105 2389 3171 aliquando
2431 3104 2770 3173 depromam.
2803 3103 2882 3156 Ad
2913 3101 3259 3156 Theodorum
3286 3111 3344 3155 ut
3375 3116 3555 3156 rever-

303 3191 410 3246 121⁸.
439 3201 716 3255 nunquam
749 3191 969 3260 quidem
1003 3193 1124 3260 ejus
1161 3209 1390 3262 prorsus
1422 3197 1708 3249 immemor
1743 3195 1842 3256 fui.
1874 3197 1966 3249 sed
2002 3212 2126 3251 cum
2163 3198 2402 3250 viderem
2436 3197 2733 3266 quotannis
2764 3193 2876 3248 fere
2920 3210 3061 3248 nova
3094 3195 3214 3264 ejus
3247 3196 3547 3263 fragmenta

298 3292 370 3331 ex
406 3279 646 3334 tenebris
684 3281 751 3334 ad
785 3284 959 3336 lucem
991 3286 1260 3353 protrahi,
1293 3287 1466 3339 satius
1499 3287 1659 3339 habui
1693 3288 2157 3355 opportunitatem
2201 3287 2505 3342 disserendi
2539 3286 2802 3356 opperiri.
2847 3284 3001 3338 Nunc
3030 3302 3158 3340 vero
3189 3297 3401 3355 tempus
3433 3301 3552 3340 esse

298 3369 536 3432 credidi,
568 3381 626 3425 ut
661 3375 897 3440 primum
933 3379 1116 3431 omnia
1145 3378 1264 3447 ejus
1301 3376 1627 3448 fragmenta,
1661 3395 1784 3448 qua:
1815 3380 2102 3448 hucusque
2129 3380 2404 3448 publicata
2433 3387 2580 3436 sunt.
2610 3379 2661 3430 in
2693 3392 2859 3431 unum
2893 3378 3217 3445 colligamus
3251 3385 3304 3430 et
3333 3376 3551 3444 digera-

298 3479 445 3519 mus.
474 3463 596 3521 Hac
625 3470 774 3523 enim
807 3479 1170 3540 praeterquam
1198 3475 1344 3543 quod
1375 3474 1774 3530 diversissimis
1806 3477 1860 3529 in
1895 3475 2074 3542 libris,
2101 3491 2334 3545 quorum
2365 3476 2546 3529 aditus
2572 3491 2679 3528 non
2719 3474 2906 3528 multis
2953 3483 3098 3542 patet
3128 3475 3404 3542 leguntur,
3436 3473 3549 3525 ﬁeri

294 3559 377 3612 ita
417 3560 635 3626 poterit,
668 3571 727 3615 ut
756 3573 814 3616 et
843 3565 1165 3622 adulterinis
1195 3567 1428 3636 genuina
1463 3569 1681 3624 facilius
1726 3570 2108 3624 discernamus
2141 3577 2196 3625 et
2241 3584 2367 3621 eum
2408 3583 2517 3622 uno
2543 3569 2699 3636 quasi
2741 3574 2932 3619 tenore
2963 3568 3150 3618 animo
3181 3580 3242 3617 ea
3278 3563 3534 3634 persequi

295 3653 583 3717 possimus
603 3655 782 3722 qualis
813 3653 1137 3712 Theodorus
1157 3659 1384 3729 ejusque
1411 3676 1564 3714 mens
1601 3660 1764 3713 fuerit
1800 3663 2112 3716 accuratius
2148 3660 2487 3730 indagemus.
2509 3658 2745 3712 Omnino
2769 3657 2912 3726 quod
2947 3657 3265 3726 praeteriens
3293 3670 3525 3709 moneo:

292 3758 407 3796 non
433 3757 556 3798 eam
592 3744 879 3817 hucusque
918 3765 1079 3819 quam
1113 3752 1356 3821 oportuit
1390 3753 1492 3805 viri
1524 3752 1668 3806 docti
1701 3752 1756 3806 in
1785 3768 1973 3806 eorum
2014 3753 2347 3822 scriptorum
2385 3751 2910 3815 ecclesiasticorum,
2946 3765 3180 3818 quorum
3208 3750 3328 3804 libri
3361 3749 3538 3804 maxi-

291 3850 443 3889 mam
479 3845 686 3906 partem
715 3842 1019 3910 perierunt.
1065 3844 1392 3917 fragmentis
1433 3847 1756 3917 colligendis
1796 3862 2020 3916 Operam
2064 3847 2471 3916 impenderunt.
2502 3843 2600 3900 Cui
2636 3847 2713 3901 rei
2751 3846 2796 3900 si
2839 3847 3014 3916 magis
3049 3845 3382 3908 vacaverint,
3414 3845 3544 3898 mihi

290 3931 505 3986 credite
536 3935 721 4004 plures
747 3952 936 3993 eorum
965 3943 1121 4011 quasi
1148 3957 1212 3996 ex
1236 3945 1465 3999 mortuis
1496 3943 1998 4004 resuscitabuntur,
2026 3957 2202 4013 neque
2230 3942 2407 3996 solum
2443 3942 2673 3998 historia
2698 3941 2985 4006 litteraria,
3009 3955 3196 3996 verum
3234 3940 3351 4010 ipsa
3379 3940 3543 3995 etiam

291 4021 532 4078 historia
557 4027 928 4084 ecclesiastica
958 4046 1208 4102 magnam
1244 4035 1372 4088 inde
1407 4036 1672 4104 percipiet
1708 4036 2026 4089 utilitatem.

365 4111 481 4168 Hoc
513 4115 680 4186 igitur
707 4119 847 4175 libro
894 4119 1168 4177 Theodori
1218 4127 1738 4180 commentariorum
1782 4127 1836 4180 in
1879 4125 2086 4179 Novum
2127 4125 2542 4181 Testamentum
2592 4125 2854 4194 reliquias
2906 4123 3292 4194 comprehendi
3335 4131 3542 4178 etcum

284 4203 341 4259 J.
367 4205 430 4263 C.
463 4207 736 4277 Orellius,
769 4215 975 4286 collega
1006 4225 1060 4272 et
1101 4220 1312 4274 amicus
1346 4222 1634 4291 egregius,
1666 4228 1988 4290 potestatem
2027 4221 2160 4274 mihi
2197 4221 2417 4274 fecisset
2447 4219 2614 4274 indici
2649 4220 2942 4274 lectionum
2977 4233 3072 4286 per
3107 4227 3369 4272 semestre
3398 4218 3542 4286 quod

286 4297 464 4355 instat
502 4301 795 4360 hibernum
849 4307 904 4361 in
953 4317 1143 4364 nostra
1185 4311 1466 4366 academia
1517 4311 1896 4366 habendarum
1949 4312 2312 4382 praeludendi,
2343 4313 2446 4367 hac
2488 4311 2780 4366 occasione
2820 4325 2953 4364 usus
2993 4324 3112 4363 sum
3161 4307 3433 4363 Theodori
3473 4308 3539 4362 De

290 4385 678 4454 Incarnatione
701 4393 832 4449 Filii
861 4396 958 4451 Dei
993 4399 1256 4454 librorum
1295 4416 1417 4471 quae
1457 4409 1758 4471 supersunt
1803 4401 2030 4457 collecta
2061 4411 2115 4457 et
2147 4403 2435 4458 emendata
2465 4401 2746 4467 exhibere,
2791 4401 2885 4470 qui
2931 4401 3150 4456 libellus
3179 4399 3363 4454 Turici
3396 4401 3539 4470 typis

285 4475 482 4539 Qrellii
535 4481 776 4541 Fusslini
810 4494 865 4541 et
907 4490 1182 4545 sociorum
1216 4493 1250 4545 Δ
1283 4493 1587 4563 impressus
1615 4503 1716 4548 est.
1755 4493 1886 4559 Quae
1921 4502 2130 4548 restant
2174 4493 2447 4548 Theodori
2487 4493 2793 4564 fragmenta
2830 4492 3141 4562 dogmatica
3183 4501 3247 4554 ,ct
3278 4491 3331 4544 in
3371 4489 3538 4545 Vetus

283 4575 702 4636 Testamentum
742 4587 1016 4652 exegetica
1041 4595 1154 4641 tum
1183 4590 1339 4643 edam
1370 4605 1493 4643 cum
1515 4590 1618 4644 hoc
1649 4589 1893 4644 virorum
1923 4590 2212 4646 doctorum
2247 4592 2515 4645 interesse
2544 4603 2886 4657 cognovero.

358 4670 437 4724 De
467 4671 635 4740 hujus
677 4673 802 4729 libri
826 4675 1078 4731 instituto
1109 4679 1299 4747 paucis
1328 4679 1550 4750 defungi
1590 4679 1736 4732 licet.
1775 4677 1910 4731 Nam
1951 4695 2075 4734 cum
2119 4695 2227 4733 non
2266 4678 2318 4732 id
2355 4693 2613 4748 agerem,
2654 4685 2712 4730 ut
2754 4675 3104 4730 Theodorum
3171 4674 3536 4744 explicarem,

279 4761 379 4818 sed
415 4769 476 4816 ut
501 4763 625 4832 ejus
663 4765 828 4819 verba
867 4767 1154 4828 emendata
1205 4770 1517 4824 exhiberem
1544 4809 1558 4831 ,
1603 4783 1732 4822 raro
1786 4777 1946 4823 notas
1998 4769 2212 4836 subjcci
2253 4777 2310 4823 et
2349 4767 2460 4822 fere
2499 4767 2666 4821 verbo
2708 4774 2923 4819 tantum
2966 4761 3274 4834 significavi
3318 4763 3361 4815 si
3405 4759 3534 4830 quid

279 4853 402 4907 sive
430 4867 527 4922 per
559 4853 762 4923 linguae
789 4853 904 4908 sive
940 4871 1034 4925 per
1075 4855 1213 4912 alias
1253 4858 1498 4911 rationes
1528 4857 1770 4911 notabile
1802 4857 1932 4910 mihi
1970 4873 2092 4912 csse
2141 4858 2444 4912 videretur.
2487 4857 2545 4910 ln
2583 4864 2734 4910 textu
2783 4851 3128 4910 emendando
3165 4868 3273 4906 non
3308 4852 3535 4904 audacia

276 4953 336 4997 et
373 4945 425 4997 vi
463 4955 757 5014 grassatus
793 4961 950 5010 sum,
989 4947 1084 5007 sed
1117 4965 1280 5018 quam
1321 4950 1436 5003 fieri
1461 4951 1638 5019 potuit
1675 4949 1908 5003 maxime
1936 4950 2144 5004 codicis
2170 4950 2395 5019 vestigia
2429 4949 2558 5020 legi.
2604 4946 2732 5000 Scio
2773 4955 3093 5001 catenarum
3143 4953 3357 4996 textum
3417 4943 3530 5010 ple.

277 5050 522 5104 rumque
552 5035 848 5090 admodum
882 5053 1004 5092 esse
1053 5039 1303 5092 vitiatum
1339 5048 1392 5094 et
1423 5049 1742 5110 corruptum
1765 5080 1780 5103 ,
1825 5040 1928 5093 alia
1958 5056 2079 5094 esse
2111 5041 2350 5106 omissa,
2418 5040 2598 5092 alieno
2633 5039 2752 5092 loco
2788 5039 2962 5106 posita
3003 5037 3139 5099 alia,
3167 5034 3404 5102 denique
3467 5035 3531 5084 li-

277 5136 473 5182 center
501 5131 680 5200 egisse
720 5143 1013 5200 auctores;
1043 5143 1418 5204 verumtamen
1448 5138 1492 5200 si
1520 5139 1644 5206 quis
1677 5138 1777 5191 hac
1813 5152 1869 5189 re
1903 5137 2058 5191 nisus
2101 5137 2272 5190 libros
2303 5136 2544 5204 scriptos
2579 5137 2762 5189 minus
2797 5133 3099 5196 curaverit,
3134 5131 3181 5184 is
3229 5140 3287 5183 ut
3348 5129 3521 5182 multa

279 5213 572 5285 ingeniose
595 5261 612 5284 ,
650 5219 718 5274 ad
750 5222 1042 5276 veritatem
1079 5240 1248 5293 pauca
1281 5225 1602 5295 disputabit.
1646 5225 1754 5279 Sed
1787 5223 1934 5279 haud
1970 5240 2096 5279 raro
2122 5225 2224 5279 levi
2254 5222 3040 5294 mutationeinterpunctionis
3075 5221 3160 5274 vel
3197 5226 3526 5274 accentuum

277 5309 535 5377 genuinae
572 5311 842 5370 lectiones
882 5317 1102 5371 restitui
1145 5326 1419 5386 poterant.

277 5440 3520 5471 ...σοοοοοοοοοοιοοο...αοοιιο...σοοοσοοοοοοοοοσοοσοοοοοοο

352 5493 646 5568 Reliquum
674 5511 798 5565 est,
836 5509 897 5555 ut
928 5505 1285 5574 quastionem
1323 5505 1691 5574 perdifﬁcilem
1739 5507 1808 5564 de
1832 5506 2121 5562 Theodoro
2156 5503 2427 5560 monacho
2461 5503 2654 5575 paucis
2687 5502 2972 5575 attingam.
3008 5499 3196 5560 Codex
3250 5498 3498 5555 Crameri

354 5675 427 5745 (Ι)
454 5677 645 5748 Exstat
678 5678 838 5734 initio
864 5677 1028 5751 huius
1048 5681 1372 5766 voluminis.
