3974 6146
433 255 540 314 7C3
1629 248 1978 308 THEODORI
2016 250 2498 310 MOPSUESTENI
3595 254 3698 312 7οᾶ

435 378 774 434 Bodleianus
799 392 922 432 cum
955 384 1203 431 catenam
1244 375 1300 428 in
1333 372 1640 444 Epistulam
1672 372 1742 427 ad
1777 369 2058 430 Romanos
2091 375 2474 431 tantummodo
2507 390 2685 447 usque
2744 377 2812 431 ad
2878 382 3044 446 caput
3099 388 3308 430 nonum
3361 362 3709 438 contineret,

435 473 668 526 Cramer
697 488 726 524 c
759 471 951 524 codice
981 468 1294 524 Munacensi
1321 507 1336 533 ,
1364 469 1429 522 de
1458 481 1570 536 quo
1604 484 1656 522 v.
1695 467 1910 522 Reiser.
1959 468 2140 522 Catal.
2176 467 2402 540 theoloq.
2429 509 2442 533 ,
2481 485 2536 540 p.
2573 470 2606 525 9
2631 511 2646 534 ,
2693 470 3139 540 supplementum
3182 469 3322 523 satis
3355 466 3598 536 amplum
3641 482 3694 536 p.

440 562 543 616 165
574 577 650 616 ss.
688 562 904 630 adjecit.
945 559 995 614 Is
1028 561 1201 616 codex
1234 559 1457 614 XXXIX
1489 559 1798 630 fragmenta
1833 559 2126 615 Theodoro
2157 565 2428 617 monacho
2465 563 2755 618 adscribit.
2805 561 3010 616 Horum
3048 560 3313 624 sedecim,
3349 558 3490 614 adde
3527 573 3699 611 unum

437 653 783 706 Theodoreto
817 654 1085 706 tributum
1112 695 1127 718 ,
1183 653 1288 707 ﬁde
1325 653 1583 707 codicum
1635 651 1916 706 Bodleiani
1948 663 2003 708 et
2034 652 2319 720 Vaticani,
2358 671 2524 724 quam
2559 657 2698 711 male
2733 655 3020 709 addubites
3042 694 3056 716 ,
3108 651 3483 722 Mapsuesteui
3535 659 3698 716 sunt,

436 746 546 794 duo
579 741 909 796 Theodoreti
950 761 1039 813 pp.
1070 744 1210 808 416,
1239 744 1372 810 469;
1417 761 1466 799 v.
1496 745 1568 812 ej.
1601 743 1702 812 Op.
1736 746 1825 799 ed.
1871 745 2016 809 Hal.,
2052 747 2142 810 Ill,
2180 763 2272 817 pp.
2315 748 2439 811 125,
2475 748 2599 812 159,
2638 759 2881 818 quatuor
2916 763 2966 801 c.
2994 745 3204 800 Bodlei.
3241 744 3484 820 Diodoro
3523 744 3703 811 assig-

450 845 600 897 nant,
643 852 716 906 pp
776 837 898 899 188,
932 840 1053 900 199,
1097 838 1226 902 226,
1257 841 1402 906 252;
1435 837 1510 893 cf.
1544 854 1637 907 pp.
1669 840 1792 896 105.
1831 841 1955 904 114,
1996 840 2122 906 128,
2158 841 2260 896 140
2289 850 2343 895 et
2371 858 2517 895 unun

2158 841 2260 896 HO
2289 850 2343 895 et
2371 857 2543 895 unum
2590 858 2644 912 p.
2680 842 2786 895 212
2811 841 3070 895 convenit
3111 855 3176 894 ex
3230 845 3382 906 parte
3415 851 3540 890 cum
3591 835 3705 888 fra-

439 931 679 997 gilientis
717 918 771 984 in
808 947 858 985 c.
897 931 1056 986 Bodl.
1098 950 1150 1003 p.
1196 935 1298 988 119
1341 952 1386 989 s.
1423 934 1662 990 Diodoro
1690 936 1933 1000 tributis,
1984 937 2060 989 ita
2103 951 2236 991 vero
2275 945 2333 990 ut
2363 946 2682 992 catenarum
2717 945 2973 991 auctores
2999 935 3189 990 eodem
3237 933 3382 987 fonte
3417 946 3548 986 usos
3580 945 3707 985 esse

441 1030 724 1088 appareat.
763 1023 913 1077 Addo
947 1026 1094 1094 quod
1126 1026 1267 1080 idem
1301 1027 1474 1081 codex
1513 1043 1565 1096 p.
1606 1028 1710 1081 125
1733 1044 1778 1082 s.
1817 1027 2089 1082 Dzodorea
2123 1029 2284 1090 dicit.
2316 1045 2436 1098 quae
2467 1045 2557 1099 pp.
2594 1028 2733 1089 219,
2766 1028 2896 1088 220,
2961 1027 3262 1082 Severiano
3324 1037 3378 1078 et
3412 1021 3707 1076 'l'heodoro

446 1113 866 1170 atISt'I'iblltlllll‘.
900 1116 1130 1171 Restant
1190 1120 1429 1174 sedecim
1473 1120 1780 1188 fragmenta
1811 1137 1900 1190 pp.
1933 1121 2070 1186 185,
2108 1123 2216 1176 260
2242 1161 2256 1185 ,
2283 1123 2389 1176 265
2411 1163 2423 1182 ,
2459 1123 2517 1176 21

2135 1123 2216 1176 [60
2242 1161 2256 1185 ,
2283 1123 2389 1176 265
2411 1163 2423 1182 ,
2459 1123 2590 1185 265,
2629 1123 2754 1186 521,
2779 1122 2906 1183 528,
2932 1121 3060 1182 581,
3090 1120 3219 1179 587.
3249 1117 3376 1180 592,
3407 1116 3514 1172 595
3532 1156 3546 1180 ,
3573 1114 3706 1179 597,

441 1205 580 1268 401,
614 1209 721 1262 414
745 1252 759 1272 ,
785 1211 895 1263 417
922 1252 935 1274 ,
973 1213 1109 1275 477,
1142 1213 1246 1267 508
1268 1252 1282 1274 ,
1305 1229 1427 1282 quae
1457 1215 1588 1282 quin
1621 1214 1897 1268 Theodori
1937 1224 2032 1269 aut
2064 1217 2342 1278 monachi,
2374 1225 2468 1270 aut
2501 1215 2517 1267 Ξ

2135 1217 2342 1278 maelii,
2374 1225 2468 1270 aut
2501 1215 2872 1285 Mopsuesteni
2900 1255 2914 1278 ,
2947 1221 3041 1268 aut
3075 1211 3296 1266 Diodori
3321 1209 3433 1267 sint
3462 1222 3574 1262 non
3617 1212 3711 1260 est

441 1301 586 1366 quod
621 1301 861 1357 dubites.
903 1304 1049 1357 Idem
1085 1307 1227 1358 valet
1252 1304 1319 1359 de
1349 1315 1475 1360 octo
1502 1307 1730 1361 scholiis
1770 1323 1894 1376 quae
1927 1308 2217 1364 Theodoro
2277 1309 2630 1373 tribuuntur,
2662 1323 2713 1361 v.
2750 1324 2806 1378 p.
2845 1307 2971 1362 558,
3033 1304 3185 1375 (Hac
3243 1304 3312 1357 iis
3370 1303 3710 1370 repugnant.

442 1409 564 1463 quae
592 1396 658 1448 ad
689 1398 936 1451 eumdem
967 1399 1000 1453 l.
1041 1399 1074 1451 9
1098 1444 1110 1463 ,
1131 1401 1204 1454 25
1227 1415 1277 1454 c.
1313 1398 1493 1468 vatio.
1524 1400 1876 1458 Theodorum
1904 1403 2080 1474 Mops.
2111 1404 2487 1474 disputantem

2135 1404 2487 1474 Iisputantem
2519 1403 2652 1457 facit
2683 1419 2734 1457 ν.
2769 1401 2913 1456 infra
2953 1416 3007 1471 p.
3037 1399 3106 1452 55
3137 1399 3210 1466 s.)
3234 1395 3372 1458 559,
3398 1393 3498 1448 Ml
3525 1432 3540 1455 ,
3573 1388 3708 1456 481,

443 1484 546 1539 509
573 1525 588 1547 ,
620 1485 723 1538 516
745 1527 759 1551 ,
785 1488 888 1542 518
912 1531 925 1552 ,
954 1489 1078 1543 526.
1112 1491 1248 1556 Quis
1275 1490 1470 1544 hormn
1501 1491 1616 1545 haec
1666 1493 1956 1561 scripserit
1993 1509 2058 1547 ex
2099 1493 2283 1552 indole
2319 1492 2752 1563 fragmentorum
2785 1505 2928 1560 :egre
2986 1489 3216 1552 ellicias,
3250 1500 3378 1540 cum
3438 1483 3491 1536 hi
3525 1481 3710 1535 inter-

444 1586 628 1645 pretes
657 1580 798 1634 inter
821 1597 878 1635 se
914 1581 1208 1636 admodum
1243 1585 1450 1639 similes
1476 1583 1698 1637 fuerint.
1726 1583 1857 1651 Quae
1886 1600 2010 1639 cum
2041 1586 2117 1639 ita
2173 1587 2286 1640 sint
2321 1595 2528 1642 temere
2557 1587 2738 1656 egisse
2787 1582 2922 1638 mihi
2954 1581 3172 1636 viderer
3203 1579 3248 1634 si
3303 1577 3418 1631 haec
3470 1575 3526 1628 in
3559 1573 3712 1628 hunc

446 1671 644 1726 librum
676 1675 1026 1745 recepissem,
1069 1678 1180 1733 imo
1219 1686 1648 1752 exs-peetandum
1693 1687 2042 1752 existimavi,
2079 1688 2258 1743 donec
2294 1687 2548 1742 codicum
2598 1685 2732 1740 ﬁdes
2783 1685 2933 1738 hunc
2994 1681 3202 1736 nodum
3257 1675 3566 1746 expediret.
3636 1671 3712 1726 At

443 1779 573 1818 vero
621 1777 831 1836 quaerat
861 1770 1133 1839 quispiam
1175 1773 1299 1842 quis
1335 1774 1501 1831 fuerit
1546 1779 1636 1836 ille
1667 1779 1992 1836 Theodorus
2025 1781 2188 1836 modo
2213 1782 2515 1837 monachus
2559 1789 2614 1837 et
2647 1779 2948 1850 presbyter,
2985 1775 3145 1829 modo
3179 1769 3507 1832 monachus,
3540 1763 3712 1820 modo

442 1861 730 1932 presbyter
767 1863 968 1928 dictus,
1000 1867 1094 1936 qui
1125 1867 1178 1921 in
1208 1871 1416 1926 catenis
1447 1889 1590 1943 saepe
1621 1875 1977 1931 memoratur.
2011 1876 2091 1930 Ad
2122 1892 2283 1946 quam
2314 1878 2674 1947 quaestionem
2707 1891 2775 1929 ne
2805 1887 2953 1928 nunc
2979 1869 3202 1942 quidem
3233 1867 3312 1938 (ν.
3347 1867 3712 1920 cummentat.

444 1956 652 2024 meam)
686 1959 858 2013 habeo
879 1962 1022 2029 quod
1053 1965 1436 2031 respondeam.
1458 1969 1652 2024 Plures
1673 1972 1821 2026 viros
1849 1971 1918 2024 ita
1952 1973 2251 2042 appellatos
2281 1971 2452 2028 fuisse
2481 1972 2708 2036 scimus,
2739 1986 2793 2024 v.
2817 1966 3055 2021 Fabricii
3077 1963 3213 2018 Bibl.
3240 1960 3358 2024 Gr.,
3390 1956 3485 2012 sed
3507 1955 3712 2009 borum

444 2064 772 2119 quemquam
798 2052 1090 2123 Scriptura:
1119 2071 1288 2112 sacrae
1319 2058 1670 2129 interpretem
1705 2063 1975 2117 claruisse
2002 2063 2278 2117 memoriae
2306 2079 2413 2116 non
2447 2072 2530 2117 est
2561 2063 2858 2131 proditum.
2891 2056 3095 2114 Deinde
3119 2071 3184 2111 ex
3217 2050 3537 2123 fragmentis
3571 2047 3715 2117 ipsis

445 2145 732 2221 hucusque
765 2148 1048 2218 impressis
1079 2167 1148 2206 ne
1188 2153 1504 2222 conjectura
1539 2157 1756 2226 quidem
1786 2158 2124 2227 assequaris,
2177 2159 2355 2228 qualis
2396 2157 2560 2211 fuerit
2607 2165 2660 2210 et
2698 2170 2806 2224 quo
2841 2161 3085 2222 tempore
3122 2147 3340 2203 vixerit.
3379 2145 3712 2213 Quanquam

444 2238 688 2291 virorum
721 2241 885 2309 hujus
915 2244 1172 2307 nominis,
1201 2245 1255 2300 in
1286 2265 1425 2317 quos
1457 2250 1642 2315 inridi,
1679 2250 1767 2303 hic
1798 2266 1940 2304 unus
1969 2252 2345 2305 tantummodo
2369 2251 2581 2304 videtur
2611 2250 2665 2302 in
2697 2263 2924 2303 censum
2957 2243 3143 2300 venire
3169 2256 3351 2313 posse.
3383 2235 3716 2292 TheOdom'

441 2331 869 2400 Alexandrinus,
912 2340 1236 2404 monachus,
1286 2345 1377 2411 qui
1413 2343 1724 2401 Severianis
1758 2353 1875 2400 erat
1924 2346 2198 2402 addictus.
2235 2347 2442 2401 Claruit
2479 2346 2582 2401 sub
2613 2345 2798 2400 smculi
2841 2342 2980 2397 sexti
3022 2341 3196 2395 initio.
3232 2337 3377 2390 Dixit
3413 2335 3480 2390 de
3511 2348 3578 2389 eo
3601 2330 3716 2385 Fa-

444 2424 608 2478 cuud.
647 2425 704 2489 2,
738 2428 816 2489 5.,
849 2429 970 2497 ejus
994 2431 1162 2487 libros
1187 2442 1377 2488 contra
1415 2434 1779 2492 Themistium
1812 2439 2139 2493 memoravit
2168 2439 2398 2503 Photius
2428 2439 2564 2492 Bibl.
2595 2453 2644 2492 c.
2671 2436 2809 2506 108;
2844 2435 3068 2491 omnino
3101 2451 3152 2487 ν.
3179 2428 3418 2484 Fabricii
3447 2426 3586 2480 Bibl.
3608 2423 3713 2480 Gr.

445 2518 530 2574 ed.
556 2519 707 2577 llarl.
736 2523 913 2594 X,pp.
942 2527 1065 2593 572,
1097 2530 1216 2586 710.
1241 2531 1316 2586 Ne
1350 2534 1539 2602 plura;
1577 2535 1886 2604 disquirant
1915 2537 2006 2591 alii
2037 2552 2122 2590 me
2148 2536 2426 2591 doctiores
2451 2535 2518 2589 de
2548 2534 2669 2588 viro
2699 2533 2814 2595 illo,
2850 2532 2945 2601 qui
2975 2529 3094 2585 sine
3127 2528 3239 2582 ulla
3272 2523 3612 2579 dubitatione
3641 2520 3718 2575 de

444 2611 856 2681 interpretanda
896 2616 1180 2689 Scriptura
1210 2639 1366 2678 sacra
1397 2625 1535 2680 bene
1568 2629 1785 2680 meruit.
1815 2626 2140 2697 Fragmenta
2175 2629 2295 2696 ejus
2340 2629 2598 2698 leguntur
2630 2627 2684 2680 in
2733 2625 2942 2680 catenis
2975 2623 3028 2676 in
3071 2619 3385 2673 Matthreum
3414 2630 3443 2668 a
3475 2613 3716 2668 Possino

445 2711 499 2754 et
539 2704 797 2760 Cramcro
831 2711 1016 2776 editis,
1051 2715 1138 2768 illa
1168 2717 1406 2770 continet
1440 2719 1542 2770 tria
1575 2717 1616 2772 1.
1643 2734 1732 2788 pp.
1753 2719 1841 2782 55,
1863 2719 2107 2787 65,2”;
2143 2721 2258 2773 hzec
2282 2719 2517 2789 quindec

2143 2721 2258 2773 hzec
2282 2719 2599 2789 quindecim
2639 2733 2728 2787 pp.
2762 2717 2851 2780 15,
2882 2714 2972 2778 55,
3002 2712 3093 2777 54,
3120 2710 3209 2777 57,
3244 2709 3334 2771 59,
3365 2706 3455 2770 48,
3487 2705 3578 2765 51,
3612 2701 3710 2766 56,

448 2791 534 2857 75,
569 2794 657 2857 78,
693 2796 777 2863 79,
809 2799 899 2867 87,
930 2803 1020 2867 88,
1065 2806 1184 2864 125.
1231 2807 1357 2862 245.
1407 2808 1651 2876 Denique
1681 2811 1803 2865 cod.
1833 2810 2001 2866 Coisl.
2036 2819 2244 2866 catenae
2288 2811 2344 2866 in
2378 2810 2510 2866 Acta

2135 2826 2244 2866 eme
2288 2811 2344 2866 in
2378 2810 2510 2866 Acta
2552 2809 2929 2879 apostolorum
2965 2820 2994 2858 a
3032 2802 3082 2858 J.
3113 2803 3176 2856 Α.
3207 2801 3488 2859 Cramero
3510 2793 3720 2854 Oxonii

446 2887 586 2941 1858
619 2890 777 2944 edita:
805 2893 917 2948 duo
949 2895 1249 2966 fragmenta
1276 2900 1465 2954 tribuit
1496 2899 1784 2956 Theodoro
1807 2904 2076 2958 monacho
2097 2911 2152 2958 et
2183 2903 2503 2974 presbytero

2135 2911 2152 2957 t
2183 2903 2503 2974 presbytero
2522 2917 2610 2972 pp.
2628 2902 2716 2958 55,
2738 2900 2864 2963 227,
2897 2899 2967 2953 cl.
2993 2912 3087 2968 pp.
3113 2893 3237 2958 427,
3273 2889 3398 2955 458,
3430 2904 3554 2960 quae
3579 2887 3713 2944 cod.

447 2976 584 3033 Nov.
615 2980 820 3054 Colleg.
853 2984 1144 3044 Theodoro
1175 2991 1468 3063 Aucyrauo
1505 2995 1770 3064 assignat.
1803 2993 1916 3049 Hoc
1948 2996 1991 3050 si
2025 3010 2236 3061 verum,
2274 3011 2406 3050 sane
2435 2994 2689 3050 Theodoti
2719 2989 3069 3048 scribendum
3098 2994 3203 3055 est,
3235 2997 3541 3056 quanquam
3567 2979 3718 3036 illud

450 3073 590 3130 mire
623 3077 844 3142 cecidit,
875 3083 1018 3149 quod
1052 3085 1105 3138 in
1146 3087 1318 3142 altero
1344 3089 1532 3145 codice
1564 3090 1796 3161 utroque
1830 3090 1951 3146 loco
1981 3089 2246 3146 Theodori
2274 3091 2407 3158 Anc.
2434 3095 2718 3147 exaratum
2743 3097 2844 3144 est.

561 3206 877 3268 Scribebam
911 3213 1092 3273 Turici
1127 3219 1247 3275 Kal.
1280 3221 1589 3294 Septembr.
1625 3240 1677 3282 a.
1706 3225 2146 3283 MDCCCXLYll.

3046 3339 3113 3398 Ο.
3143 3337 3204 3396 F.
3237 3331 3604 3393 FRlTSCHE.

465 3545 1590 3581 Μ

2135 3549 3706 3591 "W

2135 3577 2193 3590 Α.

1285 3726 1921 3820 THEODORI
2042 3729 2888 3842 MOPSUESTENI

894 3929 975 3988 ΙΝ
1005 3927 1536 3992 EVANGELIUM
1590 3928 1988 3991 ΜΑΤΤΗΛΕΙ
2022 3927 2517 3994 COMMENTAB

2135 3929 2590 3994 MMENTARII
2632 3930 3130 3993 FRAGMENTA
3165 3930 3271 4008 (ι),

532 4291 611 4362 (2)
658 4290 945 4347 Matthaeus
998 4291 1220 4363 quidem
1270 4295 1608 4366 evangelista
1663 4304 1790 4366 post
1842 4297 2178 4352 tentationes
2215 4294 2382 4361 dicit,
2430 4292 2577 4366 quod
2622 4291 2948 4348 accedentes
2997 4293 3178 4364 angeli
3219 4292 3621 4350 ministrabant
3663 4295 3712 4351 ei

460 4384 677 4458 (Matth.
704 4403 779 4452 tv,
814 4388 944 4460 lt):
979 4387 1191 4444 scilicet
1218 4393 1341 4443 cum
1386 4403 1454 4444 eo
1491 4391 1802 4456 constituti,
1838 4397 1893 4446 et
1937 4397 2302 4460 cooperantes
2327 4427 2343 4454 ,
2398 4399 2455 4444 et
2487 4387 2747 4444 omnibus
2790 4388 2938 4442 circa
2983 4401 3108 4444 eum
3152 4387 3265 4445 Deo
3302 4388 3711 4456 ministrantes,

460 4485 605 4554 quod
640 4485 753 4555 jam
790 4500 884 4554 per
910 4484 1214 4540 certamina
1253 4485 1320 4539 ad
1363 4485 1643 4542 diabolum
1679 4494 1941 4542 ostensus
1971 4495 2058 4542 est
2087 4486 2316 4541 clarior.
2351 4482 2457 4539 Sed
2504 4492 2559 4540 et
2597 4483 2742 4553 quod
2782 4497 3018 4552 passuro
3054 4482 3105 4537 ei
3136 4483 3368 4537 aderant
3394 4484 3612 4553 angeli,
3643 4499 3710 4538 ex

458 4576 770 4647 Evangeliis
794 4577 1064 4634 discimus
1099 4597 1113 4633 :
1143 4589 1343 4638 etcum
1384 4582 1707 4646 resurrexit,
1745 4583 1806 4636 in‘
1842 4589 2200 4636 monumento
2227 4580 2330 4635 visi
2372 4586 2520 4635 sunt.
2562 4576 2668 4632 Per
2690 4578 2875 4632 omnia
2903 4578 3104 4632 etenim
3156 4578 3263 4632 ista
3295 4579 3712 4631 monstrabatur

457 4675 699 4744 dignitas
729 4674 961 4740 Christi,
1007 4677 1151 4746 quod
1191 4677 1506 4748 inseparate
1555 4679 1604 4732 ei
1647 4675 1825 4747 angeli
1868 4676 2120 4742 aderant,
2155 4684 2212 4731 et
2244 4675 2503 4732 omnibus
2530 4673 2681 4727 circa
2712 4686 2837 4727 eum
2880 4669 3288 4725 ministrabant.
3324 4668 3481 4724 Sicut
3506 4669 3652 4724 enim
3682 4685 3715 4721 a

455 4769 817 4838 per-cantibus
871 4781 1234 4840 separantur,
1287 4772 1367 4826 sic
1415 4779 1472 4826 et
1522 4785 1620 4840 per
1666 4771 1923 4824 meritum
1955 4767 2242 4824 honoratis
2272 4765 2627 4822 subveniunt.
2675 4761 2904 4832 Propter
2950 4760 3097 4831 quod
3143 4763 3281 4816 bene
3325 4760 3593 4815 Dominus
3638 4761 3720 4834 ait

457 4863 667 4934 (Joan.,
701 4883 741 4932 1,
767 4867 964 4936 5|,52)
997 4887 1011 4923 :
1044 4867 1201 4934 Quod
1236 4866 1418 4937 majus
1457 4867 1736 4931 videbitis,
1761 4873 1815 4919 et
1844 4866 1987 4936 quod
2025 4865 2224 4920 coelum
2273 4862 2548 4933 aperietur
2595 4859 2853 4913 omnibus
2883 4872 2981 4927 per
3013 4869 3101 4910 me
3124 4867 3162 4918 ,ί
3189 4863 3244 4909 et
3296 4869 3489 4909 omnes
3533 4853 3711 4923 angeli

455 4975 674 5031 semper
725 4977 938 5017 mecum
967 4969 1165 5028 erunt,
1202 4977 1351 5016 nunc
1389 4961 1610 5032 quidem
1659 4961 2020 5018 ascendentes
2045 5003 2060 5030 ,
2097 4975 2246 5016 nunc
2281 4972 2412 5012 vero
2441 4954 2839 5010 descendentes
2863 4991 2880 5018 ,
2917 4952 3063 5008 sicut
3107 4952 3172 5007 ad
3214 4950 3582 5007 domesticum
3620 4950 3712 5008 Dei

457 5066 509 5111 et
557 5060 821 5113 amicum.
3463 5098 3468 5102 .

531 5151 610 5221 (5)
650 5149 786 5205 Nam
837 5147 1068 5205 rationis
1112 5145 1333 5218 quidem
1381 5145 1664 5218 proprium
1707 5153 1823 5212 est,
1856 5145 2120 5200 discretio
2161 5144 2432 5198 bonorum
2476 5153 2530 5199 et
2568 5145 2858 5200 malorum.
2893 5145 3031 5203 Cum
3058 5160 3188 5200 vero
3218 5159 3328 5198 non
3366 5151 3557 5199 essent
3587 5157 3713 5196 cono

3736 5059 3774 5148 is

531 5329 607 5397 (l)
657 5329 1023 5400 Evangelium
1059 5328 1294 5400 Matthaai
1325 5326 1662 5400 i'ljheodorus
1688 5368 1702 5390 ,
1735 5335 1870 5382 teste
1897 5328 2031 5384 Ebe-
2138 5327 2445 5400 Evangelii]
2474 5328 2608 5400 libro
2633 5330 2803 5397 primo
2823 5345 2844 5385 :
2865 5328 2958 5384 sed
2988 5345 3038 5400 vi.
3065 5325 3304 5400 quaadixi
3333 5325 3709 5400 in_(29mmen_t.

461 5395 957 5470 diesulAsseinan.
1001 5399 1144 5454 Bibl.
1178 5398 1274 5454 0r.
1323 5397 1408 5463 Ill,
1443 5416 1480 5463 ι,
1515 5414 1565 5467 p.
1597 5399 1710 5469 52),
1743 5415 1853 5453 uno
1885 5411 2034 5454 torno
2138 5401 2204 5456 de
2248 5395 2517 5454 Theodori
2561 5395 2779 5470 “(vita
2823 5408 2877 5454 et
2922 5395 3160 5470 scriptis.
3210 5396 3330 5450 Hal.
3375 5395 3514 5450 1856
3561 5396 3713 5464 (huic

462 5470 527 5522 ad
555 5467 759 5540 iulium
793 5471 1107 5540 explicavit.
1201 5537 1239 5540 μ
1407 5538 1421 5540 _
1518 5537 1561 5540 __
1671 5467 1682 5540 ξ
1918 5539 1963 5540 η
1996 5539 2003 5540 γ
2138 5471 2400 5524 volumini
2433 5468 2697 5540 praeﬁxa).

535 5538 611 5608 12)
648 5537 763 5591 Act.
798 5533 957 5590 conc.
986 5538 1173 5608 Const.
1196 5537 1261 5608 llr.
1297 5555 1370 5598 tv,
1397 5538 1487 5591 26.
1517 5537 1685 5608 .\_lansi
1709 5535 1800 5599 IX,
1825 5554 1879 5606 p.
1907 5539 2033 5594 2H.
2210 5541 2286 5608 (5i
2317 5533 2523 5594 Acth.
2568 5533 2760 5600 Const.
2790 5537 2852 5592 ll.
2887 5555 2960 5601 Iv,
2993 5538 3080 5600 55,
3127 5537 3240 5608 Vig.
3297 5537 3357 5592 (ἶ.
3399 5534 3490 5599 56,
3521 5533 3602 5608 Es:
3632 5534 3712 5608 his

463 5603 627 5676 Vigil.
651 5616 846 5678 coast.
871 5608 963 5665 27,
989 5606 1161 5678 Mansi
1187 5607 1277 5668 IX,
1312 5625 1364 5678 p.
1395 5608 1485 5660 79.
1520 5606 1766 5678 Ejusdem
1797 5603 1860 5678 de
1883 5609 2018 5662 inter
2140 5603 2254 5676 quo:
2284 5620 2402 5663 sunt
2433 5612 2484 5662 in
2517 5609 2606 5663 Er.
2639 5626 2740 5662 sec.
2774 5609 2985 5662 Matth..
3020 5611 3070 5660 in
3099 5607 3282 5678 quibus
3310 5607 3446 5657 dixit
3472 5623 3484 5658 :
3519 5625 3538 5658 ι
3562 5603 3722 5674 Quod.

463 5674 756 5772 prétatione
802 5674 1068 5743 Evangelii
1120 5676 1141 5746 [
1172 5674 1324 5730 vett.’
1351 5677 1387 5730 I.
1446 5677 1726 5730 secundum
1776 5676 2034 5732 Joannem
2147 5674 2281 5735 Deus
2317 5683 2506 5734 creavit
2543 5680 2831 5744 contraria,
2863 5681 2898 5731 i.
2927 5696 2970 5732 c.
3006 5674 3137 5732 bona
3165 5688 3212 5732 et
3248 5679 3407 5731 mm’m
3452 5695 3476 5739 ι,
