3974 6146
477 268 580 327 797

1137 380 1292 434 CAP.
1340 379 1404 434 Υ.

549 478 715 532 Vens.
746 476 835 530 40.
869 504 932 514 --
959 473 1228 529 Convenit
1269 488 1379 527 non
1412 473 1694 528 declinare
1738 475 2051 529 contentio-

478 586 601 626 nem
634 583 756 623 cum
791 565 1147 629 adversariis,
1176 565 1401 634 quando
1428 580 1492 619 ea
1522 581 1622 635 pro
1653 566 1919 635 religione
1959 571 2056 617 aut

479 663 675 732 pietate
708 658 888 712 fuerit.
911 655 1066 710 Tunc
1097 657 1244 710 enim
1275 657 1596 710 exantlandi
1619 657 1877 709 alacriter
1901 656 2056 708 labo-

477 768 568 807 res
615 765 826 813 omnes,
859 758 914 802 et
957 749 1099 801 mala
1138 763 1484 817 quaecunque
1540 746 1858 816 perferenda
1893 747 2055 800 etiam

477 859 600 900 cum
634 843 857 912 gaudio.
893 841 1048 906 Quod
1096 842 1141 894 si
1181 839 1325 895 adsit
1369 839 1550 908 aliqua
1586 840 1744 909 copia
1787 848 2054 907 tempora-

475 933 605 987 lium
659 946 864 994 reruni,
904 928 1185 983 toleranda
1241 929 1473 982 libenter
1528 927 1649 997 ejus
1699 927 1941 994 jactura,
1998 935 2053 981 et

473 1025 689 1092 eripere
735 1022 941 1076 volenti
976 1019 1412 1085 concedendum,
1443 1019 1583 1073 nihil
1610 1020 1910 1089 quidquam
1969 1017 2055 1072 hi-

475 1115 683 1170 scendo
707 1121 924 1166 contra.

1669 260 2020 322 THEODORI
2054 254 2534 321 MOPSUESTENI

2085 388 2132 444 A

3643 253 3740 308 708

2808 370 2958 430 ΚΕΦ.
2993 375 3068 428 E’.

2227 473 2376 542 Στίχ.
2419 479 2492 542 μ’.
2520 501 2588 510 --
2615 471 2888 542 Προσήκει
2912 468 2985 538 (1)
3014 467 3110 538 τὴν
3135 465 3268 538 πρὸς
3307 464 3435 528 τοὺς
3463 460 3738 526 ἐναντίους

2162 569 2236 638 μὴ
2260 567 2528 620 ἐκκλίνειν
2573 565 2923 635 φιλονεικίαν,
2971 563 3100 614 ὅταν
3145 559 3284 628 ὑπὲρ
3309 558 3432 638 ’τῆςζ
3458 554 3738 617 εὗσεσείας

2153 634 2418 730 τυχχάνῃ,
2445 634 2644 729 μᾶλλον
2679 659 2777 729 μὲν
2806 652 2898 710 οὖν
2933 655 3028 707 καὶ
3059 654 3128 707 τὰ
3156 650 3305 704 δεινὰ
3324 634 3619 719 ὑπομένειν
3647 645 3738 699 καὶ

2154 753 2366 825 χαίρειν
2414 753 2509 804 ἐπὶ
2545 751 2774 812 τούτοις.
2813 750 2876 802 El
2920 747 2978 799 δὲ
3012 745 3200 814 ἔτερόν
3232 761 3286 796 τι
3328 741 3436 794 τῶν
3473 736 3738 810 βιωτικῶν

2159 843 2416 914 ὑπάρχει,
2449 841 2621 911 ἡδέως
2655 839 3008 908 παραχωρεῖν
3042 835 3119 905 τῷ
3151 832 3460 904 βουλομένῳ
3491 828 3586 882 καὶ
3618 827 3737 900 μηδ’

2157 929 2456 987 ὁπωστιοῦν
2481 928 2957 1000 ἀντιφθέγγεσθαι.

2075 1241 2086 1252 .
2130 1198 2266 1252 VIII.

1741 1233 1744 1236 ~
2075 1241 2086 1252 .
2130 1198 2193 1252 Vl
2253 1237 2266 1252 .

547 1301 716 1356 Vens.
748 1302 834 1355 l5.
869 1327 940 1339 .-
975 1295 1334 1366 Supplicabat
1361 1293 1437 1366 (2)
1467 1299 1648 1349 autem
1675 1294 1747 1358 ei,
1781 1199 2083 1364 inquiEAilit
2115 1198 2337 1345 curaret
2366 1301 2621 1358 puerum.
2652 1277 2734 1339 Ad
2781 1298 2942 1356 quem
2990 1282 3258 1340 Dominus
3305 1279 3437 1336 dicit
3464 1297 3477 1334 :
3505 1275 3622 1349 Ego
3650 1288 3739 1331 ve-

473 1403 636 1457 niens
657 1400 860 1456 curabo
879 1414 1025 1452 eum.
1050 1395 1346 1463 Pr0pterea
1371 1391 1606 1443 maxime
1634 1390 1752 1458 ipse
1773 1388 2083 1458 promptius
2117 1386 2196 1440 ire
2221 1385 2496 1455 promisit,
2526 1392 2588 1438 ut
2610 1383 2786 1436 virtus
2814 1380 3158 1435 centurionis
3177 1393 3300 1433 cum
3331 1375 3534 1445 refugit
3567 1387 3739 1441 appa-

472 1501 640 1549 reret.
677 1492 908 1552 Etenim,
946 1487 1068 1541 Non
1105 1501 1222 1540 sum
1257 1483 1466 1551 dignus,
1503 1480 1656 1544 dicit,
1689 1489 1749 1532 ut
1777 1480 1943 1532 intres
1977 1480 2072 1532 sub
2105 1486 2298 1531 tectum
2328 1491 2535 1538 meum;
2569 1477 2732 1545 igitur
2760 1472 2910 1527 verba
2944 1479 3152 1524 tantum
3185 1469 3291 1532 dic,
3323 1474 3378 1522 et
3412 1465 3520 1519 hoc
3545 1476 3743 1518 curare

474 1583 982 1642 sulliciet.Primum
1007 1583 1172 1651 igitur
1201 1578 1561 1632 reverentiam
1593 1578 1844 1638 multam,
1873 1574 2115 1629 secundo
2146 1581 2329 1626 autem
2362 1573 2653 1624 maximam
2711 1570 2869 1623 ﬁdem
2939 1564 3199 1621 ostendit.
3236 1559 3446 1615 Deinde
3503 1567 3561 1612 et
3619 1571 3741 1611 cum

476 1682 760 1750 prudentia
804 1677 961 1731 [idem
997 1673 1271 1744 propriam
1308 1680 1656 1726 monstrans:
1691 1669 1836 1723 Nam
1890 1680 1939 1722 et
1967 1683 2060 1737 ego
2093 1674 2134 1727 Β
2236 1664 2379 1719 Bene
2408 1665 2622 1717 intulit:
2647 1662 2724 1734 (ὅ)
2742 1661 2985 1731 Namque
3005 1670 3053 1714 et
3071 1677 3160 1729 ego
3178 1659 3332 1712 homo
3353 1671 3493 1716 sum,
3512 1661 3575 1706 ut
3597 1651 3741 1707 dicat

473 1769 625 1823 homo
645 1784 756 1820 sum
779 1766 874 1819 sub
903 1773 1180 1834 potestate,
1202 1761 1397 1814 habens
1421 1760 1513 1814 sub
1539 1776 1617 1812 me
1635 1761 1852 1824 milites,
1872 1766 1920 1810 et
1943 1757 2060 1810 dico

473 1859 614 1923 huic,
643 1855 858 1918 Vade,et
881 1854 1040 1915 radit;
1059 1864 1107 1906 et
1130 1852 1250 1915 alii,
1277 1849 1491 1915 Veni,et
1509 1852 1738 1914 venit;et
1759 1865 1903 1902 servo
1926 1863 2059 1914 meo,

476 1948 590 2001 Fac
620 1948 736 2008 hoc,
766 1957 815 2000 et
846 1947 995 2015 facit.
1034 1944 1342 1998 Prudentim
1372 1942 1516 1996 enim
1564 1948 1703 2000 erat.
1753 1940 2058 1995 secundum

477 2042 743 2093 rationem
761 2053 880 2108 quae
899 2039 945 2091 ei
978 2037 1284 2098 videbatur,
1317 2034 1447 2087 talia
1475 2033 1702 2087 credere
1735 2032 2058 2086 deChristo.

476 2132 653 2186 Homo
682 2133 896 2185 enimet
923 2144 1058 2198 ego:
1096 2127 1193 2181 sed
1225 2137 1428 2190 tamen,
1465 2140 1701 2195 quorum
1751 2123 1938 2191 accepi
1971 2137 2062 2191 po-

479 2232 750 2283 testatem,
782 2222 973 2274 horum
1008 2234 1128 2273 sum
1160 2219 1416 2272 dominus
1444 2237 1456 2271 :
1488 2232 1610 2286 qum
1629 2217 1762 2270 mihi
1784 2216 2056 2279 videntur,

476 2332 539 2372 ea
574 2315 710 2368 ﬁunt
743 2329 772 2366 a
809 2312 946 2366 meis
977 2311 1263 2380 subjectis.
1299 2309 1441 2379 Ergo
1495 2309 1633 2362 nihil
1662 2308 1730 2362 ab
1766 2321 1825 2360 re
1859 2316 1964 2367 est,
2005 2312 2060 2360 et

481 2419 531 2463 Ie
555 2410 696 2462 hanc
726 2413 977 2461 sumente
1010 2418 1040 2457 a
1081 2402 1188 2457 Deo
1221 2409 1568 2472 potestatem,
1626 2401 1795 2454 verbo
1845 2406 2058 2450 tantum

471 2501 699 2567 jubeute
751 2496 948 2567 expelli
1012 2496 1315 2565 passiones.
1382 2493 1571 2561 Neque
1609 2491 1754 2544 enim
1794 2497 2058 2558 tanquam

477 2591 568 2645 Dei
603 2589 827 2653 Filium,
859 2597 912 2642 et
942 2596 1066 2642 ante
1082 2601 1301 2642 omnem
1319 2594 1625 2638 creaturam
1646 2582 2056 2645 subsistentem,

476 2689 529 2734 et
565 2680 809 2734 Omnium
866 2695 987 2748 quae
1021 2686 1150 2733 sunt
1212 2674 1724 2745 opiﬁcem,adierat
1783 2669 2054 2726 centurio.

476 2776 601 2831 IIiCC
628 2778 771 2831 enim
809 2791 982 2846 neque
1012 2774 1406 2843 discipulorum
1440 2777 1556 2824 erat
1589 2776 1720 2822 tunc
1751 2767 1895 2821 scire
1928 2772 2059 2819 ante

453 2886 718 2933 'Cl‘llCClil,
752 2870 897 2923 sieut
929 2869 982 2920 in
1020 2866 1246 2935 reliquis
1277 2862 1654 2922 ostendemus,
1693 2857 1922 2911 Domino
1961 2857 2060 2908 ada-

471 2962 717 3029 juvante,
749 2959 1042 3013 subtilius:
1074 2958 1167 3010 sed
1199 2963 1463 3023 tanquam
1499 2951 1773 3005 hominem
1823 2963 1919 3018 per
1946 2947 2058 2999 vir-

476 3063 644 3106 tulem
674 3053 928 3120 adeptum
958 3065 987 3101 a
1022 3048 1130 3102 Deo
1170 3047 1434 3114 majorem
1463 3057 1625 3114 quam
1668 3049 1753 3094 est
1814 3039 2053 3094 hominis

478 3151 819 3212 potestatem.
885 3139 1040 3194 Unde
1094 3140 1145 3194 ei
1202 3138 1384 3194 dixit;
1448 3135 1581 3190 Nam
1629 3141 1684 3189 et
1739 3147 1840 3204 ego
1884 3132 2053 3186 homo

477 3251 620 3290 Sum.
1019 3283 1030 3296 ,

546 3330 716 3402 Vens.
745 3329 835 3384 34.
869 3360 938 3371 --
967 3327 1259 3394 Rogabant
1306 3325 1470 3396 igitur
1515 3332 1576 3380 ut
1617 3324 1684 3378 ad
1724 3323 1860 3378 alios
1914 3321 2050 3375 ﬁnes

477 3422 764 3482 transiret,
797 3420 955 3487 quasi
985 3433 1093 3471 non
1116 3416 1264 3485 digni
1285 3423 1471 3468 essent
1493 3413 1586 3483 qui
1613 3420 1765 3466 tanto
1791 3412 1935 3465 bono
1952 3423 2051 3464 sua

474 3509 529 3563 in
568 3509 742 3579 patria
771 3506 1107 3572 fruerentur,
1133 3504 1311 3559 territi
1337 3503 1547 3558 scilicet
1578 3510 1800 3573 prOptcr
1829 3505 2051 3569 peccata

474 3612 594 3653 Sua.

1111 3699 1262 3757 CAP.
1302 3697 1393 3755 IX.

546 3795 712 3852 Vens.
743 3797 796 3851 8.
822 3824 894 3835 -
920 3793 1071 3865 Opus
1124 3793 1344 3864 quidem
1383 3790 1633 3846 divinum
1677 3787 1929 3853 videtur;
1963 3785 2055 3839 ille

473 3896 652 3940 autem
689 3885 780 3953 qui
817 3884 967 3947 fecit,
997 3883 1193 3947 homo;
1217 3896 1322 3950 qua
1359 3878 1425 3932 de
1451 3891 1620 3932 causa
1657 3876 1803 3930 velut
1846 3875 2052 3928 donum

476 3973 591 4038 Dei,
615 3989 723 4028 non
756 3980 816 4026 ut
845 3972 1100 4026 virtutem
1137 3969 1341 4025 Christi
1374 3966 1646 4020 mirantur
1682 3965 1839 4018 illud.

1123 4081 1278 4137 CAP.
1322 4077 1392 4134 Χ.

549 4177 713 4230 Vens.
750 4175 803 4229 5.
834 4205 903 4214 —-
930 4173 1262 4228 Samaritani
1303 4171 1559 4225 civitates
1611 4167 1936 4223 habitabant
1991 4168 2050 4222 in

477 4269 654 4323 media
687 4269 806 4335 ipsa
837 4265 1022 4320 Judtea
1058 4267 1215 4331 sitas,
1243 4279 1340 4333 per
1369 4277 1508 4332 quas
1540 4260 1914 4315 necessarium
1949 4260 2052 4315 iter

2162 1756 2311 1811 Nihil
2343 1757 2651 1810 mirandum
2684 1756 2729 1809 si
2761 1755 2862 1808 hoc
2899 1764 3075 1824 putes,
3118 1766 3241 1804 cum
3277 1749 3353 1803 sis
3394 1747 3562 1800 homo
3592 1743 3744 1798 acci-

2162 1850 2317 1919 piens
2340 1864 2371 1901 a
2404 1847 2552 1902 Deo:
2578 1850 2836 1917 quoniam
2867 1852 2921 1898 et
2954 1859 3053 1914 ego
3085 1854 3208 1897 cum
3242 1840 3344 1894 hoc
3375 1840 3504 1899 sim,
3532 1835 3743 1904 accipio

2162 1938 2523 2003 obedientes,
2598 1938 2764 1993 semel
2838 1936 3046 1990 habens
3112 1921 3364 2003 jubendi'
3413 1935 3744 1999 potestatem

2163 2037 2385 2102 propter
2420 2028 2633 2085 datoris
2679 2027 3102 2093 indulgentiam.
3547 2017 3571 2023 ’

2233 2291 2576 2360 Quapropter
2597 2289 2672 2360 (4)
2698 2302 2798 2343 nec
2826 2287 3188 2354 incongruum
3213 2285 3318 2347 est,
3341 2285 3396 2334 et
3433 2284 3488 2334 te
3518 2284 3742 2347 accepta

2161 2382 2266 2436 ista
2291 2395 2322 2433 a
2360 2379 2468 2434 Deo
2507 2385 2800 2449 potestate,
2836 2374 3006 2429 verbo
3041 2373 3162 2428 solo
3185 2369 3473 2440 jubentem
3524 2366 3744 2437 abigere

2161 2471 2470 2541 passiones.
2518 2467 2627 2522 Nec
2676 2467 2819 2520 enim
2883 2472 3147 2532 tanquam
3177 2459 3314 2515 Filio
3371 2458 3469 2513 Dei
3506 2469 3561 2513 et
3616 2464 3742 2511 ante

2163 2565 2474 2617 universam
2499 2567 2811 2614 creaturam
2850 2555 3166 2621 exsistenti,
3200 2560 3254 2608 et
3285 2549 3530 2607 creatori
3551 2557 3738 2604 ebrum

2159 2668 2282 2724 qua:
2311 2659 2460 2718 sunt,
2489 2649 2725 2706 accessit
2760 2646 3032 2703 centurio.

2229 3312 2375 3382 Στίχ.
2409 3309 2503 3365 λδ’.
2523 3339 2590 3353 --
2613 3302 3002 3377 Παρεκάλεσαν
3024 3301 3203 3356 τοίνυν
3228 3297 3312 3369 ἐφ’
3335 3296 3558 3370 ἐτέρους
3583 3309 3740 3368 μετα-

2158 3406 2315 3476 ϐῆναι
2344 3403 2561 3463 τόπους,
2584 3399 2658 3460 ὡς
2677 3398 2777 3450 οὐκ
2799 3396 2938 3462 ἄξιοι
2958 3394 3108 3456 ὄντες
3137 3391 3387 3445 τοσοῦτον
3419 3388 3621 3457 ἀγαθὸν
3647 3386 3738 3440 ἐπὶ

2157 3498 2255 3567 τῆς
2290 3494 2496 3554 οἰκείας
2523 3491 2666 3561 ἔχειν
2695 3487 2908 3561 χώρας,
2960 3485 3233 3548 δείσαντες
3266 3483 3438 3554 δήπου
3486 3483 3735 3552 ἁμαρτηο

2162 3591 2347 3662 μάτων
2373 3588 2579 3640 ἕνεκεν.

2819 3694 2975 3746 ΚΕΦ.
3016 3693 3093 3746 Θ’.

2228 3795 2375 3864 Στίχ.
2409 3797 2477 3863 η’.
2515 3820 2584 3830 -
2623 3788 2775 3841 Θεῖον
2798 3785 2857 3838 τὸ
2880 3784 3110 3854 πρᾶγμα
3135 3781 3515 3850 γινώσκουσιν,
3553 3779 3641 3831 τὸν
3680 3773 3737 3830 δὲ

2158 3889 2456 3958 ποιήσαντα
2502 3881 2702 3953 ὁρῶσιν
2748 3880 3052 3949 ἄνθρωπον·
3090 3875 3178 3929 διὰ
3210 3873 3369 3927 τοῦτο
3411 3872 3488 3936 ὡς
3528 3869 3736 3940 δωρεὰν

2156 3971 2250 4034 τοῦ
2280 3977 2437 4040 Θεοῦ,
2473 3974 2568 4027 καὶ
2596 3973 2692 4042 οὐχ
2720 3971 2795 4034 ὡς
2822 3969 2986 4023 αὑτοῦ
3013 3968 3243 4039 δύναμιν
3273 3964 3668 4036 θαυμάζουσιν.

2823 4087 2984 4140 ΚΕΦ.
3031 4087 3072 4140 I.

2230 4185 2378 4256 Στίχ.
2405 4191 2465 4238 ε’.
2491 4212 2562 4224 ——
2584 4181 2648 4236 Οἱ
2668 4181 3012 4251 Σαμαρεῖται
3046 4178 3124 4249 (5)
3147 4176 3331 4240 πόλεις
3369 4173 3657 4245 κατῴκουν
3682 4171 3736 4224 ὲν

2164 4279 2316 4349 μέσῳ
2347 4279 2445 4348 τῆς
2490 4275 2772 4338 Ἰουδαίας,
2809 4273 2876 4326 δι’
2908 4265 2982 4327 ὧν
3009 4273 3304 4340 ἀναγκαῖον
3339 4264 3406 4339 ἦν
3439 4267 3566 4332 τοὺς
3608 4267 3736 4319 ἀπο-

475 4369 594 4416 erat
617 4359 877 4430 apostolis
906 4359 1049 4411 ultro
1073 4359 1327 4424 citroque
1355 4370 1451 4423 per
1472 4351 1717 4407 Judaeam
1739 4362 2052 4404 commean-

2175 4369 2376 4432 ιτόλους
2400 4365 2747 4439 πορεύεσθαι.
2771 4364 2860 4416 Διὸ
2879 4364 2972 4417 καὶ
3002 4362 3237 4416 ἐκώλυεν
3261 4363 3488 4424 αὐτοὺς,
3511 4357 3596 4426 μὴ
3617 4361 3734 4411 εισ-

479 4453 644 4506 Iibus.
668 4449 971 4504 Occasione
1004 4448 1170 4518 igitur
1197 4448 1716 4516 saepiusoccursura
1740 4438 2049 4496 introeundi

472 4541 741 4614 ejusmodi
773 4541 958 4603 urbes,
986 4549 1132 4594 vetat
1157 4542 1307 4609 ipsos
1337 4557 1350 4593 :
1377 4555 1437 4592 ne
1459 4535 1793 4590 introieritis.
1816 4531 1890 4586 De
1924 4547 2053 4601 gen-

473 4637 620 4690 tibus
651 4648 777 4688 vero
813 4648 922 4686 non
953 4631 1112 4695 dixit,
1144 4645 1205 4684 ne
1243 4630 1578 4692 introieritis,
1612 4629 1706 4681 sed
1737 4641 1798 4678 ne
1818 4625 1971 4677 eatis.

543 4724 714 4780 Vens.
752 4723 927 4779 16.-
953 4723 1012 4777 Si
1046 4723 1172 4792 quis
1204 4720 1474 4776 columbae
1514 4719 1694 4788 pullos
1725 4714 2042 4778 abstulerit,

478 4831 656 4874 .amen
692 4817 783 4870 illa
829 4817 886 4868 in
927 4815 1049 4868 loco
1078 4813 1271 4868 eodem
1305 4813 1504 4866 iterum
1533 4823 1634 4863 ova
1672 4805 1960 4860 incubabit
1994 4813 2051 4860 et

471 4909 748 4965 excludet.
768 4905 962 4976 Itaque
997 4915 1052 4960 et
1085 4920 1204 4968 vos,
1234 4905 1333 4967 ait,
1369 4901 1586 4956 insidiis
1619 4907 1672 4954 et
1704 4905 2050 4969 persecutio—

474 5003 638 5058 nibus
686 5000 940 5071 appetiti,
973 5004 1186 5052 manete
1235 4997 1291 5049 in
1329 5009 1450 5049 mea
1484 4993 1612 5058 lide,
1648 5005 1825 5061 neque
1853 4977 2048 5054 averti,

473 5096 740 5151 abducive
772 5109 870 5149 vos
905 5105 1180 5162 quoquam
1213 5089 1396 5144 sinite.
1424 5086 1693 5142 Cancrum
1728 5093 1790 5139 ut
1822 5097 2053 5153 serpens

471 5186 692 5258 fugiens
725 5187 1126 5253 occultansque
1158 5182 1404 5253 seipsum
1434 5179 1615 5235 evadit
1648 5180 1859 5242 salvus,
1896 5177 1971 5230 ita
2001 5183 2055 5229 et

473 5293 570 5332 vos
602 5279 647 5332 si
685 5277 808 5346 fuga
839 5275 1148 5331 vitaveritis
1170 5289 1265 5330 eos
1288 5273 1382 5343 qui
1413 5271 1663 5328 cruentis
1689 5268 1890 5324 armati
1913 5266 2054 5321 odiis

473 5380 570 5420 vos
609 5365 678 5419 ad
712 5365 916 5420 caedem
945 5372 1222 5435 quaerunt,
1251 5364 1470 5419 vivetis.

548 5501 624 5566 (1)
654 5499 868 5569 Possini
901 5509 1012 5553 cat.
1053 5517 1107 5569 p.
1140 5501 1226 5555 77.

545 5572 621 5637 (2)
655 5567 894 5621 Facund.
921 5583 1014 5634 pro
1041 5567 1340 5637 defensione
1367 5583 1435 5624 tr.
1461 5571 1678 5634 capital.
1724 5587 1805 5633 ιιι,
1831 5572 1879 5628 4.

546 5638 622 5706 (ὃ)
658 5639 1172 5706 Acta‘cpncﬁonst.
1201 5655 1260 5705 ιι,
1284 5655 1359 5702 ιν,
1391 5643 1454 5695 5t
1501 5640 1683 5706 Vigilii
1712 5642 1939 5697 constit.
1960 5640 2049 5697 52.

480 5691 760 5760 cx'quarto
789 5691 925 5748 libro
956 5691 1368 5760 mmmam:
1395 5691 1592 5767 Ἡαειίί

2157 4459 2398 4527 ἐλθητε·
2444 4459 2536 4510 ἐπὶ
2565 4457 2621 4510 δὲ
2649 4455 2757 4508 τῶν
2787 4454 2954 4508 ἐθνῶν
2991 4454 3091 4508 οὐκ
3123 4451 3243 4507 εἷπε
3270 4452 3367 4522 Μὴ
3405 4450 3730 4517 εἰσέλθητε,

2159 4551 2297 4606 ἀλλὰ
2326 4551 2422 4620 Μὴ
2458 4549 2784 4617 ἀπέλθητε.

2229 4729 2375 4800 Στίχ.
2410 4736 2505 4794 ις’.
2544 4760 2611 4770 -
2656 4729 2782 4783 Ἐάν
2809 4747 2890 4792 τις
2927 4727 3006 4798 (6)
3057 4729 3386 4800 περιστερᾶς
3435 4728 3733 4797 ἀφαιρῆται

2157 4823 2282 4886 τοὺς
2310 4823 2583 4887 νεοσσοὺς,
2623 4823 2680 4875 ἐν
2714 4821 2791 4891 τῷ
2830 4823 2981 4891 τόπῳ
3008 4822 3202 4892 ἐκείνῳ
3233 4821 3396 4875 πάλιν
3444 4819 3730 4874 νεοττεύει.

2157 4914 2246 4966 Διὸ
2278 4913 2372 4966 καὶ
2402 4914 2559 4983 ὑμεῖς
2578 4955 2592 4979 ,
2637 4915 2820 4984 φησιν,
2851 4912 3321 4984 ὲπιϐουλευὸμενοί
3349 4930 3408 4966 τε
3433 4915 3526 4967 καὶ
3551 4913 3734 4967 διωκό-

2164 5020 2315 5073 μενοι
2352 5003 2539 5073 μένετε
2578 5005 2635 5056 έν
2665 5007 2730 5074 τῇ
2780 5006 2885 5078 ἐμῇ
2921 5007 3102 5058 πίστει
3146 5008 3241 5060 καὶ
3276 5006 3398 5078 μηδ’
3433 5007 3571 5071 ὅλως
3611 5006 3732 5074 ἀλεί-

2163 5095 2386 5147 στασθε*
2407 5095 2500 5146 καὶ
2524 5093 2714 5166 ὥσπερ
2730 5097 2891 5166 ὁδφις
2908 5097 3123 5165 φεύγων
3148 5100 3240 5152 καὶ
3264 5098 3525 5170 κρύπτων
3549 5097 3732 5151 ἑαυτὸν

2161 5185 2391 5249 σώζεται
2411 5223 2427 5248 ,
2458 5184 2601 5237 οὕτω
2633 5186 2728 5239 καὶ
2761 5188 2918 5257 ὑμεῖς
2951 5187 3244 5258 φεύγοντες
3284 5190 3420 5254 τοὺς,
3450 5187 3730 5260 μέλλοντας

2158 5277 2400 5348 ἀναιρεῖν
2429 5277 2574 5348 ὑμᾶς
2605 5274 2857 5348 ζήσεσθε.

2235 5504 2311 5572 (4)
2341 5505 2473 5561 Ibid.
2513 5526 2564 5563 n.
2597 5511 2666 5564 52

2154 5625 2158 5629 .
2237 5580 2312 5647 (5)
2354 5577 2570 5634 Possini
2595 5583 2704 5633 cat.

2242 5648 2319 5719 (θ)
2353 5647 2487 5704 Ibid.

2737 5590 2790 5646 p.
2824 5571 2944 5628 194.
