3974 6146
317 283 428 344 νοο

973 398 1133 451 ΚΕΦ.
1163 397 1258 450 IB‘.

382 491 536 561 Στίχ.
567 488 633 554 ξ’.
651 518 721 530 —
741 488 952 541 θυσιῶν
986 488 1105 558 μὲν,
1130 488 1296 556 φησὶν
1320 489 1419 557 (I),
1446 490 1506 540 οὐ
1534 488 1896 559 προσδέομαι,
1958 500 1963 505 ‘

315 583 540 655 δέχομαι
565 580 622 633 δὲ
652 581 860 642 ταύτας
881 581 945 649 τῇ
970 581 1072 648 τῆς
1105 574 1377 648 ὑμετέρας
1413 578 1693 641 ἀσθενείας
1710 578 1901 649 γνώμῃ

316 667 790 739 συγκαταϐαίνων,
834 664 1080 719 ἀπαιτῶν
1127 665 1185 717 δὲ
1215 666 1282 717 τὰ
1328 665 1419 717 δύο
1455 665 1649 728 ταῦτα,
1700 668 1799 734 τήν
1842 683 1901 717 τε

316 760 450 830 πρὸς
480 759 582 827 ἐμὲ
621 756 834 809 εὔνοιαν
870 757 964 808 καὶ
995 755 1096 825 τὴν
1145 756 1226 816 εἰς
1275 754 1368 807 τὸν
1402 755 1570 817 πέλας
1600 753 1902 825 φιλανθρω-

320 851 466 904 πίανο
497 848 673 901 ταῦτα
701 848 812 917 γὰρ
858 845 1166 916 νομοθετῶν
1215 845 1408 917 πρῶτα
1447 846 1686 899 τέθεικα·
1748 847 1904 913 Ἀγα-

318 941 537 1004 πήσεις
576 940 795 1006 Κύριον
828 936 936 991 τὸν
986 937 1157 1015 Θεόνκ
1188 953 1304 991 σου
1352 937 1449 990 καὶ
1492 936 1597 990 τὸν
1639 937 1903 1005 πλησίον

317 1052 430 1086 σου
463 1033 545 1097 ὡς
577 1031 812 1084 ἑαυτόν.

384 1124 533 1192 Στὶχ.
567 1121 661 1174 λδ’.
685 1151 754 1161 --
787 1117 855 1172 Ὦ
878 1161 892 1185 ,
926 1120 1058 1188 φησὶ
1080 1158 1096 1185 ,
1128 1119 1345 1172 πάντων
1380 1118 1680 1191 ἀνθρώπιον
1734 1134 1900 1191 πονη-

322 1214 535 1284 ρότατοι
584 1213 680 1265 καὶ
725 1211 866 1264 κατὰ
920 1210 1086 1280 μηδὲν
1132 1212 1198 1280 τῇ
1247 1209 1484 1279 πονηρία
1528 1209 1637 1261 τῶν
1681 1210 1903 1279 ἐχιδνῶν

321 1300 709 1371 ἀφεστηκότες*
741 1302 803 1352 οὑ
828 1298 1143 1369 θαυμαστὸν
1168 1301 1216 1351 εἰ
1241 1300 1409 1369 μηδὲν
1437 1299 1737 1367 φθέγγεσθε
1769 1302 1904 1368 ἁγα-

324 1391 430 1454 θὸν,
468 1391 665 1444 ἕπεται
690 1389 801 1459 γὰρ
827 1393 895 1461 τῇ
929 1389 1168 1442 διαθέσει
1204 1390 1304 1458 τῆς
1337 1390 1516 1460 ψυχῆς
1548 1390 1615 1442 τὰ
1661 1393 1896 1462 ῥήματα·

323 1484 455 1537 ἀλλὰ
475 1484 594 1546 πῶς
623 1482 850 1552 εὔφημα
875 1480 1180 1558 φθέγγεσθε
1197 1519 1211 1544 ,
1235 1481 1306 1532 τὰ
1330 1480 1498 1550 χείρω
1527 1481 1902 1552 προῃρημένοι

322 1574 576 1644 καθάπαξ
600 1575 696 1627 καὶ
720 1571 852 1641 πρὸς
888 1571 948 1624 τὸ
978 1574 1155 1641 χεῖρον
1187 1569 1550 1635 ἐκκλίνοντες;

964 1660 1119 1715 ΚΕΦ.
1165 1659 1243 1713 II"

393 1756 539 1825 Στίχ.
572 1753 673 1822 λγ’.
723 1782 792 1794 —-
844 1751 1100 1823 Ἀλεύρου
1150 1751 1226 1820 (2)
1275 1751 1414 1804 σάτα
1460 1751 1597 1821 τρία.
1637 1751 1903 1824 Ἕλληνας

326 1844 416 1898 καὶ
448 1842 732 1905 Ἰουδαίους
756 1841 851 1895 καὶ
883 1840 1227 1911 Σαμαρείτας
1251 1840 1528 1910 ὀνομάζει·
1557 1840 1766 1906 τούτοις
1792 1846 1904 1907 τοῖς

324 1934 497 2006 τρισὶν
524 1931 866 2003 ἐμϐληθεῖσα
893 1932 927 2000 ἡ
955 1931 1101 2002 ζύμη
1124 1928 1181 1985 ἓν
1205 1930 1434 2003 φύραμα
1457 1931 1555 2003 τὴν
1578 1933 1739 2003 φύσιν
1767 1936 1903 1991 πάν-

323 2042 430 2078 των
458 2023 778 2095 εἰργάσατο.

965 2112 1124 2165 ΚΕΦ.
1165 2113 1262 2165 ΙΔ¹.

393 2207 542 2277 Στίχ.
577 2203 982 2276 α⁹.-Ἕτερός
1005 2205 1081 2273 (5)
1116 2204 1263 2258 ἐστιν
1289 2205 1531 2279 Ἡρώδης
1557 2209 1585 2261 6
1618 2208 1902 2279 βασιλεὺς,

324 2297 417 2351 καὶ
458 2298 643 2366 ἕτερος
674 2298 704 2350 6
730 2294 1038 2366 τετράρχης
1069 2296 1097 2347 6
1127 2294 1238 2359 υἱὸς
1271 2297 1461 2352 αὑτοῦ.
1494 2299 1653 2352 Μετὰ
1675 2299 1784 2370 γὰρ
1812 2300 1903 2353 τὸν

322 2388 415 2442 τοῦ
441 2388 700 2457 βασιλέως
737 2384 975 2457 Ἡρώδου
1007 2383 1236 2440 θάνατον
1257 2388 1336 2450 είς
1362 2390 1691 2460 τετραρχίας
1712 2390 1904 2444 διεῖλον

323 2481 374 2532 οἱ
396 2480 678 2549 "Patimith
713 2479 809 2547 τὴν
844 2475 1121 2547 βασιλείαν
1155 2477 1319 2531 αὑτοῦ
1343 2519 1360 2545 ,
1405 2481 1434 2533 6
1467 2480 1523 2534 δὲ
1556 2480 1742 2534 τούτου
1787 2483 1904 2547 υἱὸς

326 2570 387 2623 ’ἐν
423 2570 588 2640 μέρος
636 2568 733 2639 τῆς
764 2567 1083 2638 τετραρχίας
1130 2563 1310 2638 εἶχεν·
1354 2563 1506 2633 οὗτος
1547 2570 1602 2623 δέ
1642 2567 1708 2643 ἦν
1741 2574 1769 2625 6
1813 2572 1903 2625 τὸν

333 2661 649 2731 Πρόδρομον
678 2659 1052 2730 καρατομήσας
1076 2700 1091 2724 ,
1129 2660 1222 2711 καὶ
1265 2659 1353 2714 διά
1396 2660 1559 2714 τοῦτο
1588 2661 1743 2727 δίκας
1772 2663 1905 2717 ἐδω-

333 2767 431 2806 κεν
454 2751 552 2803 οὐκ
575 2751 653 2813 είς
689 2749 919 2821 μακράν.

407 2840 552 2911 Στίχ.
588 2840 680 2897 κε’.
705 2870 776 2880 ——
804 2841 1081 2913 Τετάρτην
1108 2843 1184 2911 (1)
1226 2841 1373 2912 λέγει
1412 2842 1654 2915 φυλακὴν
1683 2845 1779 2917 τῆς
1808 2864 1902 2901 νυ-

331 2934 456 2998 κτὸς
490 2934 585 3005 τὴν
618 2934 875 3006 τριωρίαν
905 2935 1002 3008 τὴν
1040 2935 1179 3003 μετὰ
1229 2935 1329 3007 τὴν
1379 2935 1574 3008 ἐνάτην
1611 2937 1761 3009 ὥραν
1805 2940 1903 3011 τῆς

325 3023 531 3087 νυκτός.

974 3119 1131 3172 ΚΕΦ.
1169 3118 1270 3174 IE'.

389 3207 537 3277 Σιίχ.
567 3214 655 3276 ιγ’.
678 3208 1053 3278 -Μανιχαῖοι
1085 3210 1142 3263 δὲ
1174 3208 1484 3279 βουλόμενοι
1512 3208 1782 3263 δεικνύναι
1814 3210 1906 3263 τὸν

324 3298 482 3367 νόμον
518 3298 619 3350 οὐκ
678 3293 817 3350 εἶναι
866 3298 961 3351 τοῦ
1014 3299 1223 3367 Πατρὸς
1270 3299 1361 3351 τοῦ
1411 3298 1684 3369 Χριστοῦ.
1735 3298 1905 3369 ταύτῃ

324 3388 617 3460 κέχρηνται
655 3391 719 3458 τῇ
763 3388 1062 3460 μαρτυρίᾳ,
1096 3391 1342 3442 πλεῖστον
1367 3391 1488 3442 ὅσον
1512 3391 1611 3459 τῆς
1648 3389 1906 3459 ἀληθείας

324 3481 726 3548 ἀποσφαλέντες
752 3498 767 3512 ·
803 3483 863 3534 οὐ
907 3481 1016 3552 γὰρ
1065 3484 1193 3553 περὶ
1242 3483 1340 3552 τῆς
1377 3482 1519 3534 κατὰ
1558 3481 1719 3549 νόμον
1759 3480 1905 3548 λέγει

323 3574 626 3643 διαγωγῆς,
678 3573 814 3627 ἀλλὰ
871 3572 972 3642 τῆς
1019 3574 1125 3626 τῶν
1164 3574 1472 3643 Φαρισαίων
1518 3572 1815 3643 αἱρέσεως,
1857 3570 1905 3623 οἳ

321 3666 439 3727 ταῖς
477 3664 710 3726 οἰκείαις
741 3663 1002 3727 ἐπινοίαις
1035 3665 1261 3717 πλεῖστα
1307 3663 1524 3717 ἐναντία
1555 3665 1681 3725 τοὺς
1720 3660 1903 3713 πειθο-

326 3756 514 3825 μένους
544 3757 729 3819 αὺτοῖς
752 3756 1119 3820 ἐξεπαίδευον,
1147 3756 1327 3818 καθὼς
1356 3756 1450 3809 καὶ
1472 3755 1630 3815 αὐτὸς
1658 3756 1685 3807 6
1704 3752 1907 3824 Κύριος

323 3847 581 3918 ἀνωτέρω
602 3847 851 3914 φαίνεται
881 3847 1065 3917 σαφῶς
1090 3848 1328 3917 ἐλέγχων
1359 3846 1576 3909 αὐτούς.

395 3937 542 4006 Στίχ.
574 3936 669 3989 λδ’.
704 3964 779 3976 -—
802 3936 968 3991 Οὔπω
995 3938 1093 4008 τὴν
1116 3938 1369 4008 βούλησιν
1398 3936 1636 4005 συνῆκαν
1656 3976 1669 3997 ,
1697 3936 1779 3987 ὅτι
1806 3933 1905 4005 τὴν

323 4028 417 4079 ἐπὶ
447 4031 567 4091 ταῖς
596 4029 826 4095 τροφαῖς
856 4024 1011 4090 αὖθις
1042 4026 1488 4097 θαυματουργίαν
1519 4026 1658 4095 ὑπὲρ
1693 4026 1790 4095 τῆς
1817 4025 1902 4077 πί-

326 4134 497 4181 στεως
536 4119 567 4170 6
598 4120 802 4189 Κύριος
847 4117 1097 4171 ἐϐούλετο
1122 4118 1518 4189 παρασχέσθαι,
1548 4118 1724 4171 καίτοι
1752 4119 1785 4188 ἡ
1818 4120 1909 4171 ἐπι-

322 4209 597 4281 ερώτησις
632 4212 711 4271 είς
743 4209 902 4263 τοῦτο
933 4210 1067 4263 αὐτὸ
1098 4210 1448 4279 διανίστησιν,
1480 4211 1554 4271 ὼς
1587 4211 1614 4261 6
1658 4208 1907 4277 Ἰωάννης

322 4300 564 4353 διδάσκει
596 4299 674 4370 τῷ
700 4315 713 4330 °
754 4301 946 4354 Πόθεν
972 4299 1342 4370 ἁγοράσομεν
1386 4299 1630 4369 ἄρτους,
1665 4301 1763 4352 ἵνα
1792 4299 1905 4368 φάο

324 4407 511 4462 rumv-
535 4388 740 4456 οὖτοι;

404 4482 691 4536 Ἐὖούλετο
727 4480 836 4552 γὰρ
875 4480 1335 4551 διαγυμνάζεσθαι
1369 4480 1464 4549 τὴν
1504 4480 1608 4531 τῶν
1647 4479 1901 4549 μαθητῶν

1462 279 1527 334 ιιι
1592 273 2040 335 ΕνΑΝυεωυκ
2084 273 2437 331 ΜΑΤΤΙΙᾹΞΙ.

3466 280 3572 336 Ἠο

2617 393 2769 448 CAP.
2816 393 2934 448 XII.

2075 482 2236 535 Vens.
2279 482 2328 535 7.
2364 512 2432 523 -—
2466 482 2788 550 Sacriﬁciis,
2826 485 3025 554 inquit,
3047 502 3157 540 non
3197 484 3438 558 indigeo,
3474 487 3566 541 illa

2005 582 2187 628 tamen
2230 576 2475 645 suscipio
2522 590 2610 629 me
2658 585 2854 631 vestra:
2902 575 3208 631 inﬁrmitati
3261 593 3569 633 accommo-

2002 666 2139 720 dans
2168 680 2181 717 :
2221 673 2277 719 at
2305 666 2414 719 duo
2445 668 2557 720 haec
2591 668 2829 736 postulo,
2858 676 2916 722 ut
2955 684 3042 722 me
3075 683 3261 724 amore
3291 679 3343 724 et
3380 672 3570 740 proxi-

2003 770 2152 808 mum
2214 771 2490 826 quemque
2548 756 2894 812 humanitate
2952 760 3398 828 prosequamini;
3448 776 3570 829 qua)

2003 843 2147 898 enim
2188 846 2395 913 primas
2446 845 2591 899 inter
2627 845 2882 900 mandata
2929 861 3051 901 mea
3099 854 3284 900 tenent
3322 847 3569 919 :Diliges

2003 933 2292 989 Dominum
2338 935 2499 990 Deum
2540 947 2710 1005 tuum,
2751 948 2801 993 et
2823 941 3121 1008 proximum
3164 941 3301 994 sicut
3349 942 3572 1009 teipsum

2008 1022 2240 1095 (Matth.
2268 1041 2404 1092 uti,
2425 1027 2512 1090 57,
2535 1026 2654 1097 59).

2074 1114 2241 1172 Vens.
2278 1118 2455 1172 54.-
2484 1117 2550 1185 0,
2586 1120 2790 1189 inquit,
2830 1120 3117 1176 hominum
3158 1124 3401 1177 omnium
3449 1139 3573 1181 sce-

2007 1206 2289 1262 lestissitni
2328 1217 2381 1263 ct
2424 1212 2631 1264 malitia
2689 1214 2891 1282 viperis
2947 1214 3180 1277 shuiles,
3215 1231 3326 1269 non
3364 1216 3568 1272 mirum

2005 1299 2051 1353 si
2084 1300 2219 1352 nihil
2257 1300 2385 1354 boni
2440 1301 2767 1370 loquimini;
2806 1305 2990 1359 verbis
3023 1307 3167 1360 enim
3203 1310 3407 1362 mentis
3439 1307 3569 1362 atie-

2003 1399 2125 1446 ctus
2151 1394 2537 1460 exprimuntur
2562 1411 2574 1445 :
2609 1405 2659 1449 et
2689 1396 2967 1464 quomodo
2999 1397 3325 1452 benedicere
3342 1401 3573 1467 potestis

2001 1482 2094 1549 qui
2146 1484 2285 1535 nihil
2334 1486 2440 1538 nisi
2502 1487 2776 1541 deteriora
2823 1488 3041 1542 sentitis
3100 1498 3155 1544 et
3189 1490 3259 1543 ad
3297 1491 3572 1546 deteriora

2004 1586 2179 1653 usque
2206 1573 2530 1630 declinatis?

2617 1667 2769 1724 CAP.
2812 1668 2951 1725 XIII.

1934 1741 1976 1794 Β
2074 1751 2241 1809 Vsus.
2274 1755 2363 1809 55.
2396 1785 2466 1795 --
2498 1754 2717 1812 Farina
2765 1767 2883 1813 sata
2932 1761 3037 1814 tria
3082 1760 3323 1827 Gmcos,
3351 1764 3572 1824 Iudaeos

2003 1851 2059 1899 et
2100 1844 2480 1902 Samaritanos
2526 1859 2704 1902 vocat.
2744 1849 2839 1904 His
2884 1852 3030 1905 enim
3077 1855 3254 1909 tribus
3306 1857 3570 1927 injectum

2005 1932 2337 1988 fermentum
2365 1937 2696 2005 evangelica:
2722 1939 2985 1995 doctrinae
3015 1958 3178 1997 unam
3211 1960 3278 2000 ex
3313 1949 3570 2005 omnibus

2007 2036 2244 2077 massam
2281 2025 2656 2083 commiscuit.

2620 2113 2772 2168 CAP.
2814 2115 2932 2172 XIV

2075 2198 2239 2255 Vens.
2281 2201 2329 2254 l.
2352 2203 2590 2259 ——Alius
2644 2211 2729 2258 est
2767 2205 3015 2263 Herodes
3048 2225 3164 2275 rex,
3200 2211 3344 2268 alius
3372 2210 3571 2271 tetrar-

2004 2292 2109 2345 cha
2144 2293 2288 2349 ﬁlius
2328 2293 2471 2363 ejus.
2525 2295 2735 2351 Etenim
2766 2310 2887 2369 post
2917 2302 3122 2358 obitum
3157 2306 3302 2375 regis
3334 2305 3587 2364 Herodis'

2006 2380 2060 2435 in
2119 2386 2450 2440 tetrareluas
2497 2387 2801 2444 diviserunt
2849 2388 3081 2449 Romani
3133 2410 3361 2466 regnum
3422 2398 3566 2470 ejus.

2006 2472 2210 2528 [larum
2248 2492 2408 2530 unam
2450 2477 2593 2535 [ilius
2625 2479 2746 2549 ejus
2780 2484 3040 2551 obtinuit,
3067 2486 3155 2540 hic
3187 2489 3280 2557 qui
3315 2487 3569 2545 Praecur-

2005 2579 2183 2619 sorem
2240 2567 2554 2625 decollavit.
2580 2569 2755 2642 Cujus
2791 2576 3016 2631 sceleris
3070 2592 3262 2646 pcenas
3313 2594 3425 2635 non
3472 2580 3570 2637 diu

2005 2665 2129 2726 post
2159 2657 2324 2713 dedit.

2077 2826 2247 2889 Vsus.
2267 2834 2357 2889 25.
2378 2867 2449 2877 -—
2465 2836 2728 2904 Quartam
2759 2850 2919 2897 vocat
2946 2845 3124 2900 noctis
3145 2845 3381 2917 vigiliam
3405 2848 3572 2905 trium

2005 2923 2265 2979 horarum
2308 2927 2546 2996 spatium
2595 2944 2715 2999 quae
2757 2939 2884 3002 post
2928 2948 3130 2988 nonam
3165 2935 3347 2992 noctis
3381 2935 3573 2994 horam

2009 3017 2456 3072 numerabantur.

2632 3110 2785 3167 CAP.
2829 3111 2944 3169 XV.

2082 3196 2244 3254 Vens.
2282 3199 2369 3254 I5.
2397 3229 2469 3240 —
2489 3198 2607 3255 Hoc
2638 3202 2860 3272 quidem
2896 3206 3271 3262 testimonium
3303 3218 3572 3280 usurpant

2007 3286 2289 3343 Manichaai
2342 3300 2399 3343 ut
2449 3292 2680 3360 probent
2728 3293 2899 3364 legem
2941 3311 3050 3349 non
3090 3299 3261 3352 fuisse
3302 3312 3333 3350 a
3366 3299 3574 3353 Christi

2006 3377 2168 3434 Patre
2219 3385 2605 3446 constitutam,
2633 3384 2727 3437 sed
2788 3400 2950 3453 quam
3003 3387 3322 3455 longissime
3361 3402 3391 3440 a
3426 3390 3571 3443 veri-

2007 3478 2119 3525 tate
2164 3471 2445 3526 aberraut.
2484 3472 2584 3526 Hic
2614 3475 2759 3526 enim
2795 3490 2903 3528 non
2938 3477 3119 3544 agitur
3152 3477 3221 3532 de
3258 3476 3392 3544 legis
3435 3492 3573 3546 pra:-

2008 3564 2200 3632 ccptis,
2235 3564 2330 3618 scd
2366 3567 2431 3619 de
2457 3563 2858 3619 Pharisaeorum
2905 3567 3190 3633 doctrinis,
3222 3567 3336 3636 qui,
3364 3569 3575 3637 Opinio-

2006 3656 2169 3710 nibus
2207 3658 2325 3710 suis
2357 3655 2723 3724 indulgentes,
2758 3658 2985 3711 asseclis
3020 3658 3133 3712 suis
3162 3659 3505 3729 disciplinam
3541 3676 3575 3718 ι

2008 3745 2124 3815 lege
2147 3746 2607 3814 quamplurimum
2644 3746 3058 3801 dissentientem
3084 3749 3456 3819 inculcabant,
3490 3754 3570 3808 uti

2006 3835 2089 3889 vel
2121 3836 2235 3903 ipse
2262 3834 2513 3888 Salvator
2531 3834 2665 3888 illud
2682 3837 2763 3890 eis
2796 3852 2962 3906 supra
2986 3852 3171 3907 aperte
3196 3843 3570 3910 exprobravit.

2079 3925 2247 3981 Vens.
2279 3927 2367 3981 54.
2387 3956 2458 3966 -
2482 3925 2736 3981 Nondum
2778 3929 3160 3985 intellexerant
3182 3930 3469 3988 Dominum
3506 3938 3571 3991 ad

2007 4019 2434 4070 conﬁrmandam
2488 4016 2648 4071 [idem
2699 4018 2991 4073 consilium
3023 4022 3234 4091 cepisse
3266 4023 3422 4079 cibos
3451 4041 3576 4080 rur-

2007 4124 2105 4163 sus
2134 4108 2272 4162 mira
2303 4109 2520 4163 ratione
2550 4110 2976 4179 multiplicandi.
3008 4112 3130 4166 licet
3161 4114 3213 4168 id
3245 4115 3422 4185 ipsum
3460 4118 3573 4173 haec

2008 4200 2364 4269 intermgatio
2418 4202 2761 4268 intenderet,
2799 4203 2963 4257 sicuti
3002 4205 3161 4259 docet
3215 4207 3351 4262 illud
3402 4206 3573 4265 Joan-

2008 4293 2095 4347 nis
2121 4311 2132 4346 :
2161 4290 2306 4346 Unde
2332 4309 2561 4347 amemus
2592 4309 2752 4362 panes
2773 4304 2829 4347 ut
2859 4295 3172 4351 manducent
3200 4298 3295 4355 hi?

2078 4469 2344 4536 Cupiebat
2378 4470 2525 4522 enim
2576 4469 2649 4523 ita
2682 4469 2921 4523 animam
2969 4470 3365 4541 discipulorum
3418 4474 3577 4529 insti-

318 4576 498 4645 ψυχὴν
543 4576 623 4638 είς
652 4573 716 4626 τὸ
753 4572 1030 4626 πιστεύειν
1072 4576 1136 4643 τῇ
1174 4572 1294 4642 Θείᾳ
1326 4571 1489 4624 αὑτοῦ
1533 4570 1790 4637 δυνάμει,
1821 4569 1900 4620 ὅτι

2022 4574 2160 4613 .uere
2190 4569 2245 4611 ut
2275 4558 2386 4627 jam
2432 4575 2537 4613 non
2571 4562 2636 4613 de
2686 4561 2872 4614 divina
2906 4561 3080 4628 ipsius
3122 4566 3325 4617 virtute
3361 4564 3579 4618 dubita-

321 4670 399 4737 μὴ
430 4668 614 4733 λόγοις
645 4666 829 4737 μόνον,
854 4664 991 4717 ἀλλὰ.
1013 4667 1107 4718 καὶ
1126 4663 1307 4735 ἔργοις
1333 4665 1457 4725 τοὺς
1482 4660 1902 4720 ἀκολουθοῦντας

2026 4660 2149 4716 εεηι,
2187 4652 2416 4720 ideoque
2446 4651 2732 4707 erudiebat
2772 4668 2867 4707 eos
2900 4666 3010 4707 non
3065 4654 3418 4710 sermonibus
3457 4665 3580 4710 tan—

2009 4753 2149 4807 tum,
2175 4741 2271 4796 sed
2302 4742 2584 4811 operibus.

2082 4832 2389 4903 Inlerrogat
2424 4849 2528 4888 non
2557 4836 2714 4904 quasi
2745 4835 2978 4906 ignoret,
3011 4837 3104 4893 sed
3138 4843 3197 4891 ut
3237 4836 3443 4892 clarius
3470 4838 3581 4890 vir-

2006 4933 2177 4978 tutem
2223 4940 2377 4980 suam
2415 4926 2775 4981 demonstret.

317 4778 344 4812 Ξ
356 4776 632 4812 παιοευεν.

486 4776 510 4811 ε
581 4777 632 4812 ν.

391 4760 861 4917 ἓέδκυάεγνοοῦντος
886 4848 920 4917 ἡ
950 4844 1239 4917 ἐρώτησις,
1266 4845 1380 4898 ἀλλ’
1414 4845 1507 4896 ἐπὶ
1534 4842 1632 4913 τὴν
1654 4820 1905 4910 αἴσθησιν

310 4942 418 5009 τῆς
455 4940 650 4994 ἑαυτοῦ
673 4940 957 5008 δυνάμεως
990 4938 1292 5005 ἐνάγοντος.

1792 5042 1943 5099 CAP.
1985 5039 2118 5094 XVI.

398 5146 561 5203 Vens.
596 5149 649 5202 5.
683 5177 756 5186 -
788 5145 1055 5200 Dominus
1108 5145 1251 5199 enim
1292 5143 1544 5197 Christus
1574 5140 1650 5212 (5)
1672 5145 1788 5193 erat
1828 5136 2048 5206 quidem
2101 5143 2154 5188 et
2193 5132 2334 5187 Deus
2366 5140 2419 5187 et
2456 5132 2634 5197 homo,
2671 5141 2965 5204 utrumque
2994 5136 3295 5191 secundum
3328 5141 3581 5191 naturan

312 5242 583 5296 similiter
599 5261 613 5297 :
631 5257 699 5297 ex
726 5241 902 5303 altero
925 5237 1145 5308 quidem
1170 5247 1464 5303 apparens,
1489 5246 1553 5286 ex
1577 5231 1750 5282 altero
1772 5241 1899 5281 vero
1926 5230 2113 5293 utpote
2135 5221 2435 5277 secundum
2463 5230 2713 5273 naturam
2735 5221 2996 5282 divinam,
3021 5222 3317 5278 invisibilis
3332 5230 3578 5277 exstans.

318 5312 460 5389 Erat
490 5348 669 5393 autem
706 5350 878 5390 unum
913 5332 1136 5404 quidem
1189 5327 1452 5385 omnibus
1508 5322 1862 5379 manifestum
1916 5325 2105 5388 utpote
2151 5315 2297 5386 quod
2345 5313 2685 5383 apparebat:
2740 5312 3014 5367 hominem
3046 5315 3192 5368 enim
3227 5327 3350 5369 eum
3390 5327 3580 5367 omnes

2074 5520 2150 5589 (4)
2174 5519 2250 5589 Ex
2267 5518 2464 5589 Catena
2480 5516 2741 5578 Crameri,
2760 5522 2816 5569 ut
2830 5515 3112 5589 sequentia
3129 5515 3240 5589 duo
3253 5513 3577 5587 fragmenta.

2078 5585 2487 5662 (5)Facund._l_.
2531 5589 2566 5640 l.
2598 5602 2696 5662 ix,
2738 5589 2792 5662 2.
2830 5585 3058 5662 Videtur
3093 5587 3196 5662 hoc
3220 5585 3577 5657 fragl'ucntum

2005 5657 2140 5716 cx'l.
2166 5660 2401 5731 quodam
2425 5657 2699 5714 Theodori
2738 5657 3047 5730 dogmatico
3076 5657 3479 5731 depromptum.

402 5542 476 5608 (1)
515 5540 865 5598 Possinicat.
906 5553 960 5608 p.
983 5534 1111 5591 202.

402 5613 476 5678 (ι)
510 5612 648 5667 Ibid.

402 5682 473 5751 (δ)
512 5682 646 5739 Ibid.
