3974 6146
396 290 493 349 7n
1595 278 1945 349 resecem
1978 277 2461 348 Maesessum
3563 285 3665 343 τη

396 446 529 491 tunc
578 434 842 506 temporis
888 432 1233 489 astimabant
1276 444 1431 495 esse,
1472 436 1528 485 et
1579 414 1814 501 amplius
1860 429 2018 486 nihil.
2053 430 2211 497 Quod
2243 432 2389 486 enim
2422 429 2479 485 in
2512 426 2606 483 illo
2635 426 2861 493 latebat,
2907 427 3164 481 omnibus
3194 430 3313 479 erat
3343 419 3669 478 incredibile

400 531 588 602 priore
619 537 865 599 tempore
894 546 909 583 :
947 526 1040 584 sed
1075 540 1140 579 ex
1175 524 1563 594 magnitudine
1586 541 1780 581 eorum
1812 541 1934 597 quae
1960 527 2109 582 circa
2138 527 2288 582 illum
2348 529 2674 597 agebantur,
2703 532 2758 580 et
2786 523 3028 580 novitate
3060 520 3478 582 miraculorum,
3516 531 3666 586 qure-

397 638 618 693 eunque
641 623 706 677 ad
735 620 1043 677 doctrinam
1072 620 1379 675 videntium
1412 617 1684 676 efﬁciebat
1709 661 1725 686 ,
1761 632 1816 677 ct
1849 638 1914 677 ex
1962 623 2140 694 gratia
2176 623 2354 678 sancti
2389 603 2630 692 Spiritus
2661 622 2754 692 qui
2785 634 2954 691 super
2981 620 3264 689 apostolos
3289 614 3466 677 venit,
3506 613 3665 667 intelo

400 720 578 774 lectus
603 725 687 773 est
717 726 907 787 poSIea
938 715 1268 783 et'creditus
1295 729 1462 770 verus
1498 713 1665 779 Deus,
1699 718 2073 773 essentialiter
2099 728 2326 774 exstans
2357 715 2532 771 Filius
2567 731 2729 772 verus
2760 715 2857 771 Dei
2893 713 3109 769 aeterni.
3141 708 3414 777 Quoniam
3447 720 3582 760 vero
3614 708 3667 759 in

401 812 584 885 priore
630 818 876 880 tempore
904 808 1288 878 ,ignorabatur
1328 806 1431 861 hoc
1452 808 1771 867 ,seeundum
1805 810 2103 863 essentiam
2136 819 2376 871 exstare,
2424 823 2492 862 ex
2538 823 2605 863 eo
2630 815 2814 861 autem
2850 803 2997 876 quod
3032 802 3326 872 apparebat
3354 792 3670 885 videntibus

400 904 564 957 homo
597 916 770 970 purus
803 903 1122 973 putabatur,
1157 898 1458 953 secundum
1495 899 1773 957 hominem
1800 901 2083 970 pleraque,
2116 909 2171 955 et
2201 901 2507 956 secundum
2558 916 2681 967 eam
2715 915 2838 970 qua:
2867 897 3166 969 apparebat
3188 900 3444 946 naturam
3473 890 3667 956 loque-

400 994 583 1051 batur.
619 993 682 1046 Et
715 994 831 1048 haec
861 1010 928 1049 ex
958 993 1043 1049 his
1074 1011 1199 1063 quae
1231 998 1284 1050 in
1312 996 1608 1068 Evangelio
1642 998 1849 1067 scripta
1881 1010 2005 1054 sunt
2034 998 2216 1067 quivis
2247 997 2488 1053 inveniet
2526 996 2973 1050 animadvertens
3001 990 3286 1046 attentius.

471 1090 761 1145 Proximus
794 1090 870 1162 (Ι)
899 1094 1063 1145 etiam
1098 1092 1343 1161 passioni
1368 1092 1435 1146 ad
1457 1092 1762 1161 discipulos
1788 1092 2056 1149 Dominus
2077 1093 2250 1148 dixit:
2278 1091 2337 1147 Si
2368 1107 2448 1146 me
2472 1092 2700 1156 sciretis,
2732 1090 2988 1161 utiqueet
3021 1084 3238 1139 Patrem
3264 1095 3437 1137 meum
3460 1076 3667 1133 sciretis

401 1182 584 1253 (Joon.
614 1200 732 1248 vm,
759 1184 847 1257 19)
866 1204 880 1253 ;
901 1195 954 1241 et
981 1188 1047 1240 ad
1077 1184 1387 1253 Philippum
1421 1202 1436 1239 :
1469 1184 1639 1238 Tanto
1668 1193 1900 1253 tempore
1929 1184 2194 1238 vobiscum
2222 1199 2363 1247 sum,
2386 1190 2439 1237 et
2471 1198 2577 1236 non
2608 1179 2921 1251 cognovistis
2944 1180 3066 1234 me?
3089 1176 3273 1246 (Joan.
3299 1170 3511 1241 XIV,9.)
3538 1168 3666 1223 ΡΙιί-

401 1278 554 1346 lippe,
583 1280 674 1351 qui
698 1279 832 1334 videt
858 1297 961 1343 me,
988 1280 1123 1334 videt
1145 1290 1193 1334 et
1218 1279 1439 1335 Patrem
1470 1297 1673 1344 meum;
1696 1280 1996 1336 ostendens
2019 1280 2282 1351 quoniam
2313 1295 2491 1348 neque
2514 1280 2757 1335 divinam
2792 1285 3048 1334 naturam
3083 1274 3330 1331 sciebant
3363 1268 3666 1339 Unigeniti,

399 1389 578 1442 neque
632 1374 800 1428 Deum
860 1378 1110 1431 sciebant
1164 1391 1352 1430 verum
1390 1374 1629 1430 Patrem.
1670 1375 1824 1430 Unde
1870 1388 2049 1447 neque
2101 1377 2372 1431 dicentem
2398 1375 2469 1430 de
2502 1377 2725 1445 proprio
2756 1373 2917 1429 Patre
2946 1370 3113 1426 veluti
3144 1366 3213 1419 de
3245 1364 3355 1419 Deo
3392 1363 3665 1416 dicentem

400 1464 750 1532 aliquatenus
787 1468 1145 1524 advertebant
1183 1491 1195 1525 :
1231 1471 1327 1526 sed
1362 1473 1539 1527 divisa
1573 1472 1935 1541 intelligentia
1965 1472 2155 1528 eadem
2187 1473 2306 1542 ipsa
2348 1474 2615 1542 putabant
2644 1471 2809 1526 etiam
2858 1471 2973 1524 illa.
3019 1449 3158 1521 Hinc
3191 1465 3357 1521 etiam
3390 1460 3668 1516 adductus

398 1565 483 1610 est
514 1556 798 1629 Philippus
826 1561 893 1615 ad
928 1561 1219 1618 dicendum
1250 1581 1263 1617 :
1303 1562 1533 1618 Ostende
1559 1565 1710 1619 nobis
1745 1563 1985 1629 Patrem,
2018 1573 2067 1618 et
2103 1564 2292 1634 saﬁicit
2326 1565 2475 1617 nobis
2505 1563 2688 1633 (Joan.
2719 1578 2832 1625 xrv,
2862 1561 2938 1632 8).
2972 1558 3030 1615 Si
3061 1559 3207 1613 enim
3236 1556 3406 1611 sciret
3432 1553 3665 1620 integre,

399 1647 528 1718 quia
560 1647 776 1706 Patrem
814 1668 973 1707 suum
1008 1654 1223 1711 dicebat
1253 1671 1410 1722 eum,
1442 1659 1533 1728 qui
1568 1672 1627 1712 re
1658 1673 1787 1712 vera
1820 1658 1943 1728 ejus
1973 1668 2120 1714 esset
2149 1668 2329 1729 pater,
2360 1674 2429 1713 ex
2459 1674 2569 1729 quo
2600 1664 2720 1713 erat
2750 1673 2879 1712 vere
2906 1656 3050 1711 sicut
3080 1655 3225 1709 Deus
3254 1668 3320 1706 ex
3350 1646 3484 1712 Deo.
3519 1662 3665 1700 Ιιυῐι·

400 1761 564 1816 quam
617 1748 889 1814 dixisset,
938 1754 1152 1809 ostende
1197 1754 1348 1809 nobis
1398 1754 1615 1811 Patrem
1656 1763 1842 1817 tuum,
1878 1757 2018 1811 bene
2065 1757 2248 1812 sciens
2282 1756 2410 1825 quia
2444 1756 2739 1812 invisibilis
2765 1763 2849 1810 est
2878 1749 3193 1808 hominibus
3223 1743 3411 1799 divina
3446 1749 3666 1795 natura.

398 1834 614 1906 Cottseq
627 1847 815 1894 uenter
839 1840 1025 1911 itaque
1052 1852 1106 1899 et
1138 1842 1405 1900 Dominus
1435 1845 1575 1900 dixit
1602 1846 1670 1900 ad
1704 1847 1894 1903 illum:
1923 1847 2093 1904 Tanto
2124 1857 2350 1915 tempore
2368 1845 2647 1900 ’vobiscum
2679 1861 2817 1913 sunt,
2841 1852 2890 1896 et
2915 1858 3018 1896 non
3050 1835 3367 1909 cognovistis
3394 1847 3500 1895 me,
3537 1828 3668 1884 Plii-

403 1928 579 1996 lippe?
610 1929 774 2002 tibid.
811 1932 888 2003 9.)
931 1933 1081 1992 Velle
1107 1940 1253 1992 enim
1287 1936 1503 1993 Patrem
1535 1940 1740 2007 videre,
1772 1941 2036 1997 indicium
2069 1950 2189 1996 erat
2229 1956 2297 1996 eo
2339 1942 2488 2012 quod
2520 1956 2700 2011 neque
2734 1941 2915 2011 ipsum
2946 1937 3113 1992 sciret
3144 1933 3269 2004 quis
3290 1940 3439 1985 esset
3471 1940 3670 1983 secun-

402 2025 531 2081 dum
569 2036 821 2081 naturam
846 2067 860 2093 ,
898 2047 1078 2101 neque
1120 2048 1284 2102 quem
1314 2033 1525 2089 diceret
1568 2033 1786 2090 Patrem
1812 2052 1934 2092 esse
1954 2078 1968 2104 ,
1997 2035 2172 2092 Filius
2200 2052 2266 2093 ex
2311 2052 2377 2091 eo
2406 2046 2653 2092 exstans.
2686 2034 2752 2089 Et
2778 2034 3032 2106 aperiens
3064 2029 3170 2083 hoc
3200 2026 3380 2096 ipsum
3407 2021 3619 2076 addidit
3653 2036 3669 2073 :

404 2118 509 2186 Qui
541 2121 675 2175 videt
712 2137 813 2184 me,
842 2122 981 2176 videt
1004 2137 1049 2177 et
1086 2124 1324 2183 Patrem.
1362 2128 1420 2182 Si
1446 2129 1591 2183 enim
1630 2132 1982 2200 cognoveris,
2014 2129 2217 2200 inquit,
2249 2130 2378 2200 quis
2405 2131 2531 2195 sim,
2562 2142 2868 2200 cognosces
2899 2134 2954 2181 et
2983 2123 3157 2188 illum,
3190 2116 3494 2174 secundum
3528 2112 3673 2184 quod
3750 2146 3819 2165 -η

402 2212 667 2280 possibile
696 2220 801 2276 est,
837 2228 933 2282 per
958 2228 1045 2268 me
1068 2219 1452 2288 contemplans
1475 2216 1659 2274 Patris
1685 2228 1965 2288 naturam,
1989 2221 2150 2289 cujus
2177 2235 2298 2275 sum
2329 2219 2503 2275 Filius
2532 2236 2597 2273 ex
2625 2220 2743 2290 ipso
2768 2225 2996 2274 exstans
3020 2213 3320 2272 secundum
3351 2209 3672 2270 essentiam,

397 2319 456 2360 et
491 2308 740 2378 ejusdem
770 2324 895 2363 cum
925 2311 1020 2364 illo
1059 2322 1288 2367 exstans
1328 2312 1605 2367 essentne.
1639 2311 1910 2377 Quoniam
1955 2312 2305 2368 vero-nescis
2332 2326 2443 2375 me,
2473 2328 2651 2383 neque
2684 2310 2904 2366 Patrem
2950 2323 3129 2364 meum
3166 2305 3276 2361 scis
3307 2316 3472 2373 quem
3504 2299 3629 2353 dico
3659 2317 3673 2351 :

397 2412 746 2467 cognoscens
775 2406 956 2455 autem
991 2415 1097 2466 me,
1135 2415 1437 2472 cognosces
1471 2411 1525 2457 et
1550 2402 1766 2457 Patrem
1794 2418 1958 2473 quem
1992 2403 2106 2463 dixi
2141 2417 2155 2456 :
2187 2418 2277 2459 me
2299 2402 2493 2458 videns
2527 2402 2992 2474 contemplatione
3026 2394 3427 2468 intelligentiae,
3466 2409 3561 2462 per
3590 2408 3676 2446 me

403 2491 616 2547 videbis
657 2493 882 2557 omnino
909 2493 1074 2547 etiam
1105 2493 1281 2549 illum.
1309 2494 1538 2549 Addidit
1569 2495 1736 2549 etiam
1768 2513 1781 2550 :
1832 2493 2005 2564 Usque
2044 2511 2185 2548 nunc
2232 2495 2369 2549 nihil
2404 2495 2609 2565 petistis
2632 2495 2692 2548 in
2728 2494 2936 2547 nomine
2964 2507 3077 2545 meo
3106 2487 3288 2560 (Joan.
3312 2499 3427 2548 xvr,
3460 2481 3577 2554 εἰ).
3612 2481 3676 2535 Et

398 2584 655 2639 aperiens
703 2583 965 2651 quoniam
1016 2584 1252 2639 necdum
1299 2584 1540 2639 divinam
1577 2594 1831 2639 naturam
1859 2586 1981 2655 ejus
2036 2586 2442 2658 intelligentes,
2475 2602 2659 2657 neque
2697 2585 2980 2641 orationes
3024 2585 3073 2638 ei
3118 2581 3424 2636 offerebant
3467 2584 3527 2631 ut
3568 2573 3678 2630 Deo

401 2683 584 2743 "neque
611 2680 905 2744 petitiones
933 2676 1147 2745 aliquas
1174 2676 1229 2727 in
1261 2673 1382 2743 ejus
1410 2674 1634 2728 nomine
1667 2673 1963 2738 faciebant,
1993 2677 2137 2731 sicut
2169 2678 2456 2747 oportebat
2491 2677 2674 2733 facere
2706 2678 2763 2732 in
2800 2676 3024 2731 nomine
3050 2672 3146 2728 Dei
3179 2672 3452 2728 exstantis
3476 2677 3530 2724 et
3551 2659 3677 2722 Filii

404 2766 499 2824 Dei
531 2771 776 2825 omnium
806 2790 818 2826 :
854 2779 910 2826 et
938 2771 1068 2841 quia
1103 2778 1326 2841 propter
1360 2769 1503 2843 hanc
1534 2784 1725 2824 eorum
1771 2770 2143 2826 inﬁrmitatem
2178 2771 2233 2825 in
2281 2772 2740 2827 similitudinibus
2769 2771 2837 2827 de
2861 2768 3025 2825 Patre
3050 2768 3406 2839 loquebatur,
3434 2776 3500 2818 eo
3528 2759 3679 2832 quod

402 2875 583 2934 neque
606 2863 685 2918 illi
717 2873 1019 2934 potuerunt
1049 2866 1261 2938 integre
1286 2869 1431 2921 scire
1462 2880 1524 2920 ea
1548 2879 1669 2936 qua:
1693 2866 2028 2932 dicerentur,
2049 2869 2136 2923 vel
2161 2868 2228 2924 de
2250 2885 2361 2939 quo
2386 2869 2593 2927 diceret
2619 2868 2803 2934 Patre,
2828 2867 2912 2923 vel
2941 2865 3179 2938 qualiter
3205 2870 3474 2927 exstante,
3496 2859 3683 2915 adhuc

402 2960 653 3029 apertius
683 2960 977 3015 indicatur.
1014 2961 1157 3016 Dixit
1183 2962 1327 3016 enim
1366 2980 1378 3014 :
1416 2960 1546 3016 Htec
1574 2963 1628 3014 in
1658 2962 1935 3032 parabolis
1966 2962 2172 3017 locutus
2202 2980 2321 3017 sum
2344 2964 2525 3029 vobis;
2556 2965 2695 3019 venit
2723 2964 2855 3018 hora
2874 3003 2890 3028 ,
2919 2956 3130 3033 quando
3163 2972 3266 3010 non
3284 2955 3403 3024 jam
3431 2956 3485 3007 in
3506 2968 3685 3024 para:-

402 3050 549 3106 bolis
573 3051 765 3121 loquar
788 3053 954 3116 vobis,
977 3053 1068 3107 sed
1094 3052 1387 3108 manifeste
1409 3054 1474 3106 de
1497 3052 1661 3106 Patre
1683 3052 2014 3106 annuntiabo
2036 3053 2181 3109 vobis
2204 3052 2388 3126 (Joan.
2424 3071 2536 3118 xvr,
2574 3055 2689 3126 25).
2723 3055 2867 3120 Quid
2898 3063 3079 3110 autem
3105 3060 3224 3108 erat
3252 3050 3393 3123 quod
3425 3052 3490 3105 de
3513 3049 3683 3103 Patre

404 3151 517 3195 non
550 3142 841 3199 manifeste
873 3146 1116 3212 dixerat,
1148 3148 1257 3202 nisi
1290 3149 1418 3218 quia
1454 3164 1512 3204 re
1542 3165 1669 3211 ,vera
1709 3149 1953 3204 divinam
2002 3164 2253 3205 naturam
2288 3149 2571 3221 Unigeniti
2600 3151 2945 3216 nesciebant,
2980 3167 3045 3204 ex
3071 3166 3182 3220 quo
3212 3155 3436 3219 possent
3461 3146 3686 3202 discere

405 3233 577 3290 Deum
605 3234 845 3299 Patrem,
878 3239 974 3309 qui
1007 3256 1072 3294 ex
1101 3250 1255 3295 certo
1279 3241 1399 3310 ejus
1419 3250 1565 3297 esset
1588 3241 1770 3309 Pater,
1798 3252 1856 3297 ut
1883 3243 2026 3299 Deus
2050 3241 2145 3298 Dei
2170 3258 2235 3299 ex
2265 3258 2331 3298 eo
2353 3244 2465 3298 nati
2489 3243 2792 3300 secundum
2823 3243 3165 3300 essentiam?
3194 3242 3368 3311 Cujus
3398 3241 3472 3294 rei
3507 3240 3686 3309 gratia

405 3343 505 3398 per
562 3330 957 3389 similitudines
1003 3338 1084 3391 eis
1134 3334 1203 3390 de
1226 3334 1391 3392 Patre
1422 3338 1752 3407 loquebatur
1793 3350 1808 3395 ἐ
1845 3354 1989 3392 nunc
2032 3338 2253 3408 quidem
2302 3339 2527 3394 nomine
2560 3347 2775 3394 tantum
2817 3338 2960 3411 apud
2990 3353 3088 3394 eos
3123 3345 3310 3404 utens,
3342 3334 3464 3405 ejus
3496 3342 3686 3390 autem

404 3439 589 3478 veram
620 3424 1032 3497 intelligentiam
1060 3430 1115 3484 in
1153 3440 1435 3502 posterum
1466 3432 1576 3487 illis
1602 3448 1896 3487 reservans
1929 3433 2168 3499 edicere,
2204 3432 2427 3502 quando
2452 3448 2549 3490 eos
2572 3433 2746 3504 gratia
2774 3434 3017 3503 Spiritus
3043 3434 3219 3490 sancti
3247 3447 3374 3503 qua!
3396 3448 3567 3503 super
3589 3444 3689 3488 eos

407 3524 575 3584 venit,
630 3521 931 3579 instituens
971 3528 1360 3596 perceptibiles
1386 3536 1553 3582 tanta:
1581 3530 1850 3584 doctrina:
1868 3529 2174 3598 perliceret.
2200 3528 2433 3601 Propter
2467 3531 2572 3584 hoc
2609 3531 2777 3585 etiam
2809 3530 2927 3601 ipse
2954 3529 3225 3586 Dominus
3259 3531 3315 3585 in
3340 3531 3535 3586 eodem
3564 3530 3691 3598 ipso

405 3626 663 3668 sermone
678 3617 964 3684 proximus
989 3619 1257 3687 passioni,
1285 3627 1346 3672 ut
1370 3620 1745 3673 inﬁrmitatem
1762 3636 1952 3675 eorum
1982 3622 2320 3685 ostenderet,
2345 3623 2486 3677 unde
2506 3630 2736 3692 possent
2765 3621 3075 3680 doctrinam
3105 3626 3489 3696 perfecuorem
3524 3636 3691 3683 assa.

405 3722 579 3770 mere,
630 3709 845 3764 dieebat
878 3729 891 3764 :
922 3712 1093 3766 Multa
1139 3712 1305 3769 habeo
1354 3716 1497 3769 vobis
1545 3715 1718 3770 dicere
1764 3714 1931 3788 (Ibid.
1987 3716 2097 3788 12).
2134 3715 2309 3786 Cujus
2351 3732 2489 3788 ergo
2539 3717 2619 3772 rei
2665 3717 2845 3788 gratia
2876 3721 3041 3775 modo
3073 3735 3183 3775 non
3210 3720 3385 3776 dicis?
3413 3719 3545 3789 quia
3576 3731 3690 3775 non

404 3803 639 3873 potestis
670 3806 835 3859 modo
860 3816 1084 3875 portare
1118 3827 1132 3863 :
1172 3824 1283 3864 non
1320 3810 1597 3873 invidens,
1629 3809 1725 3866 sed
1756 3812 1885 3881 quia
1921 3804 2029 3866 non
2062 3810 2315 3867 sollicitis
2346 3812 2412 3867 ad
2444 3812 2709 3877 majorem
2740 3827 2927 3868 rerum
2953 3798 3385 3884 perceptionem,
3413 3812 3693 3868 inﬁrmius

406 3894 589 3967 adhuc
621 3895 824 3961 affecti,
859 3916 1021 3970 quam
1050 3910 1109 3954 ut
1134 3902 1330 3956 horum
1355 3901 1674 3973 dogmatum
1704 3902 2073 3972 integritatem
2101 3904 2341 3973 possetis
2365 3903 2606 3958 edoceri.
2643 3900 2877 3967 Quando
2904 3918 3034 3974 ergo
3056 3910 3344 3974 poterunt,
3380 3902 3465 3957 vel
3494 3902 3695 3960 unde?

403 3990 640 4057 Quando
680 3995 891 4050 venerit
925 3998 1015 4052 ille
1046 3996 1291 4067 Spiritus
1338 3999 1623 4064 veritatis,
1668 3999 1892 4054 inducet
1931 4015 2029 4055 vos
2079 3999 2134 4053 in
2183 4013 2401 4054 onmem
2445 3998 2756 4053 veritatem.
2802 3995 3167 4068 Superveniet
3206 3997 3352 4052 enim
3389 4010 3561 4064 super
3590 4007 3695 4048 vos

406 4080 650 4155 Spiritus
672 4090 849 4143 sancti
869 4091 1064 4159 gratia,
1092 4107 1155 4145 ex
1180 4106 1286 4162 qua
1317 4101 1516 4149 cuncta
1539 4093 1855 4163 dogmatum
1890 4093 2251 4148 subtilitatem
2285 4093 2655 4163 cognoscetis.
2677 4090 2917 4152 Proinde
2951 4093 2996 4148 si
3026 4092 3371 4149 divinitatem
3405 4088 3697 4160 Unigeniti

404 4181 751 4238 docerentur
770 4191 825 4239 et
853 4183 1069 4240 Patrem
1109 4185 1278 4242 Deum
1314 4189 1510 4260 utique
1538 4189 1872 4245 docerentur
1903 4198 2093 4261 utpote
2118 4188 2215 4246 Dei
2249 4187 2375 4245 Filii
2420 4188 2672 4254 Patrem,
2703 4188 2904 4260 ecquid
2938 4187 3239 4260 perfectius
3266 4184 3334 4240 ad
3364 4183 3693 4254 dogmatum

408 4272 694 4327 scientiam
727 4274 809 4331 eis
841 4278 1183 4334 remaneret?

990 4373 1145 4428 CAP.
1188 4373 1384 4431 xxut.
2015 4391 2064 4447 Α

478 4456 647 4516 Vsus.
682 4458 764 4517 l5.
797 4490 868 4501 —
893 4461 1118 4519 Multam
1165 4466 1421 4536 (inquit)
1451 4466 1506 4520 in
1536 4480 1603 4522 eo
1637 4465 1983 4536 diligentiam

404 4550 731 4619 expromitis
758 4559 819 4605 ut
856 4552 1100 4624 aliquem
1133 4570 1197 4610 ex
1223 4556 1292 4612 iis
1317 4557 1409 4624 qui
1439 4557 1511 4611 ab
1535 4556 1986 4613 lsraelitis‘alieni

407 4653 562 4709 sunt,
601 4641 671 4697 ad
700 4658 885 4700 veram
937 4647 1262 4718 religionem
1298 4648 1609 4712 adducatis,
1640 4657 1696 4705 et
1736 4647 1986 4705 eiliciatis

408 4734 768 4806 proselytum’.
799 4737 868 4791 At
910 4737 1077 4807 hujus
1117 4740 1213 4794 ubi
1254 4740 1394 4795 estis
1425 4740 1535 4795 voti
1565 4751 1874 4809 compotes,
1909 4740 1989 4795 si—

406 4826 543 4888 mul,
594 4825 844 4897 inquam,
874 4828 1115 4898 aliquem
1174 4829 1457 4900 mysteriis
1510 4844 1653 4884 vera:
1699 4830 1987 4901 religionis

408 4917 673 4973 initiastis
703 4919 1004 4990 intimeque
1033 4920 1381 4986 admovistis,
1409 4930 1524 4975 tum
1556 4936 1686 4976 vero
1720 4921 1987 4991 pestilen-

407 5011 557 5067 tibus
587 5011 856 5082 exemplis
888 5012 1159 5066 malorum
1198 5027 1428 5083 operum
1460 5021 1774 5068 vestrorum
1812 5011 1985 5067 ﬁlium

404 5101 670 5170 gehennae
699 5101 878 5172 ipsum
909 5100 1117 5155 facitis.

1003 5192 1155 5250 CAP.
1199 5192 1391 5249 XXIV.

2722 4374 2863 4429 ΚΕΦ
2918 4374 3042 4429 Kl".

2162 4460 2310 4538 Στίχ.
2345 4473 2423 4522 ιε’.
2457 4489 2524 4509 ·-
2562 4466 2770 4538 Πολλὴν
2803 4465 2879 4537 (2)
2911 4460 3228 4533 ἐπιμέλειαν
3267 4454 3689 4518 ἐπιδείκνυσθε,

2093 4559 2278 4629 φησὶν,
2308 4558 2447 4611 ὥστε
2485 4558 2607 4612 τινὰ
2640 4558 2747 4611 τῶν
2770 4555 3067 4626 ἀλλοτρίων
3091 4550 3186 4606 τοῦ
3216 4546 3435 4622 Ἰσραὴλ
3464 4545 3564 4599 ἐπὶ
3592 4546 3696 4616 τὴν

2091 4651 2375 4704 εὐσέϐειαν
2404 4651 2630 4718 ἀγαγεῖν
2662 4649 2755 4704 καὶ
2789 4649 3011 4719 ποιῆσαι
3053 4643 3410 4716 προσήλυτον
3460 4637 3695 4692 ἐπειδὰν

2092 4740 2149 4817 δὲ
2176 4741 2363 4796 τοῦτον
2396 4742 2599 4796 τέλειον
2633 4743 2899 4814 ποιήσητε
2931 4737 3148 4807 καὶτῆς
3174 4732 3459 4796 εὐσεϐείας
3489 4729 3696 4784 οἰκειό-

2092 4849 2275 4900 τατον,
2308 4833 2428 4886 τότε
2462 4833 2549 4887 διὰ
2578 4832 2686 4887 τῶν
2715 4831 2997 4905 ὑμετέρων
3026 4825 3280 4901 πράξεων
3309 4826 3424 4879 υἱὸν
3458 4824 3696 4892 γεέννης

2094 4923 2256 4977 αὐτὸν
2286 4923 2605 4994 ἐργάζεσθε..
3360 4920 3365 4927 ’

2731 5188 2886 5245 ΚΕΦ.
2919 5192 3046 5245 KA".

474 5280 648 5339 Vens.
679 5282 770 5340 29.
801 5313 875 5328 —
907 5283 1224 5342 Graecorum
1278 5286 1563 5358 sapientes
1596 5286 1694 5359 qui
1745 5270 1990 5341 futuram

405 5375 745 5431 conﬁtentur
800 5378 991 5433 mundi
1039 5379 1550 5450 conﬂagrationem,
1593 5394 1716 5451 qua!
1762 5378 1990 5448 quidem

409 5467 496 5524 hic
532 5471 600 5527 de
629 5470 747 5527 sole
778 5486 845 5527 ac
879 5474 1009 5530 luna
1054 5475 1201 5530 dicta
1251 5481 1381 5530 sunt
1408 5473 1569 5529 facile
1596 5472 1890 5544 recipiunt.
1918 5471 1988 5525 At

482 5644 564 5789 ἓ)
610 5662 630 5694 σ
666 5642 1105 5727 Post_aliquanta
1138 5650 1222 5705 sic
1256 5651 1454 5708 iterum
1488 5651 1637 5704 dicit.
1682 5671 1701 5704 ι

544 5732 562 5787 )
605 5714 827 5771 Possim
862 5725 970 5770 cat.
1004 5733 1059 5786 p.
1092 5720 1219 5772 305.

544 5714 562 5787 )
605 5714 827 5771 Possini
862 5714 970 5770 ca't.
1004 5733 1059 5786 p.
1092 5720 1219 5772 305.

2172 5277 2320 5356 Στεχ.
2345 5283 2533 5337 -κθ’.
2569 5282 2634 5337 Οἱ
2658 5282 2755 5354 τὴν
2793 5283 2869 5355 (5)
2900 5281 3213 5354 ἐκπύρωσιν
3236 5278 3562 5348 εἰσάγοντες
3596 5276 3699 5330 τοῦ

2098 5376 2306 5448 κόσμου
2335 5376 2604 5448 Ἑλλήνων
2632 5376 2808 5445 σοφοὶ,
2831 5375 2900 5429 τὰ
2925 5374 3024 5446 μὲν
3056 5374 3182 5445 περὶ
3208 5370 3360 5442 ἡλίου
3398 5371 3492 5424 καὶ
3528 5369 3703 5439 σελή-

2095 5486 2194 5541 νης
2217 5466 2485 5540 εἰρημένα
2511 5468 2776 5538 δέχονται,
2806 5467 2989 5521 οὐκέτι
3026 5465 3084 5520 δὲ
3112 5464 3205 5519 καὶ
3233 5463 3332 5534 τὴν
3363 5461 3425 5528 ἑξ
3452 5459 3705 5533 οὐρανοῦ

2178 5644 2257 5716 (3)
2298 5643 2512 5702 Possini
2555 5652 2664 5702 cat.
2698 5662 2753 5717 p.
2783 5645 2910 5701 522.
