3986 6158
349 293 368 345 l
381 282 485 346 6&5

1431 281 1834 349 Ἐῐδιεςτοιιλελ
1873 321 1944 335 -—
1969 289 2187 348 EPIST.
2230 289 2469 347 L‘XIX.

3460 290 3485 345 l
3496 289 3605 345 μθ

352 400 524 471 μῆσαι
549 412 566 432 ο
594 392 750 465 οὗτος
794 400 1025 475 ἀράσσει
1048 394 1138 472 ’τῇ
1179 401 1387 473 κεφαλῇ
1430 403 1523 455 τὸν
1548 402 1798 474 οὐρανόν.
1839 400 1920 471 Νὴ

2028 404 2266 470 videtur,
2296 404 2463 459 etiam
2497 402 2681 461 divina
2729 406 2992 463 revereri.
3039 403 3140 461 llic
3178 403 3379 460 caelum
3424 406 3606 473 capite

348 493 448 563 τὴν
472 488 625 564 ἱεράν
647 508 739 546 σου
761 495 856 549 καὶ
873 493 1199 566 τριπόθητον
1225 494 1487 565 κεφαλὴν,
1512 494 1698 565 σχῆμα
1721 494 1924 547 ﬂevera-

348 585 503 639 πόλει
535 583 800 657 πένθιμον
821 584 1181 658 περιτέθεικε,
1205 584 1601 657 δακτυλήθρας.
1639 584 1736 640 καὶ
1769 584 1924 637 ποδοη

351 675 596 748 στράδας
642 674 909 749 ἐξευρὼν,
953 676 1051 732 καὶ
1079 677 1208 744 ξένα
1248 676 1387 731 άττα
1432 675 1768 746 κολαστήρια
1803 676 1923 731 κατ’

349 767 565 831 οὐδενὸς
606 770 719 821 τῶν
749 763 1076 824 ἀδικούντων
1122 767 1287 839 (πάνυ
1313 769 1421 841 γὰρ
1450 766 1610 821 τονῦν
1649 766 1826 834 ἔξεστι
1848 765 1927 838 τῷ

351 858 664 930 βουλομένῳ
693 850 941 919 ἀδικεῖν),
969 860 1112 914 κατά
1135 859 1195 914 δὲ
1214 859 1324 914 τῶν
1362 856 1757 912 συντελούντων
1786 858 1926 930 ὑπὲρ

350 951 459 1006 τῶν
479 951 698 1015 οὐσιῶν,
727 942 954 1004 καὶτῶν
978 951 1153 1006 ἀλλων
1171 949 1351 1005 ὁτιοῦν
1375 950 1718 1019 ὀφειλόντων.
1742 950 1927 1016 Δεινδς

350 1044 463 1114 γάρ
490 1043 632 1113 ἀνὴρ
669 1039 956 1105 ὑποθέσεις
998 1041 1359 1113 ἐξευρίσκειν,
1395 1044 1460 1112 τῇ
1503 1057 1565 1094 τε
1594 1041 1787 1095 ἑαυτοῦ
1831 1043 1927 1097 καὶ

351 1137 419 1206 τῇ
453 1134 686 1196 Θόαντος
714 1132 875 1201 φύσει
899 1133 1215 1204 πρεπούσας
1239 1150 1253 1164 ·
1295 1132 1355 1187 δν
1385 1132 1478 1186 ἐπὶ
1499 1132 1609 1188 τῶν
1633 1134 1928 1206 δεσμωτῶν

349 1224 501 1291 ὅντα,
549 1226 670 1287 ταῖς
733 1221 847 1295 [γρ.
877 1222 1065 1296 ἔταξεν
1106 1225 1163 1276 ὲν
1192 1223 1337 1296 ταῖς]
1377 1224 1739 1294 άπαιτήσεσιν
1770 1224 1928 1291 ἔταξε

348 1314 445 1367 τοῦ
487 1313 874 1385 στρατιωτικοῦ
902 1292 1151 1385 χεῖυσίου,
1190 1314 1283 1367 τοῦ
1326 1314 1662 1385 καλουμένου
1700 1315 1926 1385 Τιρωνι-

350 1403 470 1470 κοῦ,
495 1403 591 1457 καὶ
623 1403 824 1473 συνῆψε
851 1402 919 1456 τὰ
942 1402 1206 1457 αὐλαναῖα
1240 1402 1352 1474 (l7)
1378 1421 1392 1435 ·
1422 1405 1517 1459 καὶ
1540 1405 1630 1458 ἀεί
1659 1421 1713 1458 τι
1743 1404 1928 1459 καινὸν

351 1495 445 1547 ἐπὶ
466 1491 679 1562 παλαιῷ
710 1492 897 1556 κακὸν,
927 1487 1075 1561 ὲφίἶ)
1099 1492 1242 1547 κατά
1269 1492 1412 1563 φῦλα
1440 1494 1537 1550 καὶ
1560 1494 1765 1565 δήμους
1792 1496 1930 1549 αἰκί-

351 1582 558 1651 ζεσθαι.
605 1586 679 1640 Οὐ
709 1586 816 1657 γάρ
848 1584 996 1639 ἔστιν
1031 1585 1152 1639 οὐδὲ
1180 1588 1295 1654 τρῖς
1327 1585 1511 1656 ἔχουσι
1552 1587 1647 1642 καὶ
1671 1587 1929 1642 πλουτοῦ-

353 1695 439 1732 σιν
472 1678 875 1749 ἀμαστιγώτοις
902 1678 1255 1750 ἀναχωρῆσαι
1278 1694 1293 1710 ο
1338 1678 1453 1733 ἀλλ’
1478 1678 1583 1744 ἕως
1624 1680 1654 1733 ό
1683 1681 1812 1744 παῖς
1846 1678 1925 1732 ol-

350 1769 482 1823 καδε
510 1769 717 1841 βαδίζει
744 1752 1065 1842 τδχρυσίον
1096 1769 1283 1835 οἴσων,
1323 1771 1352 1823 ό
1379 1769 1644 1841 δεσπότης
1673 1770 1918 1841 ὴλόηται,
1952 1753 1995 1809 Β

348 1859 445 1913 καὶ
468 1860 597 1928 παρ’
619 1858 794 1923 ἐνίους
822 1860 930 1911 τῶν
960 1857 1236 1913 δακτύλων
1258 1858 1371 1930 (l8)
1398 1858 1633 1927 ἐγένετο.
1668 1858 1831 1912 Ὅταν
1863 1857 1921 1910 δὲ

350 1950 676 2020 προφάσεως
703 1950 879 2022 ἀπορῇ
914 1949 1217 2020 δυναμένης
1254 1949 1416 2003 αὐτὸν
1442 1948 1709 2016 ἑστιᾶσαι,
1743 1946 1921 2012 Maii.-

352 2043 504 2112 μῖνος
560 2042 655 2095 κα)⁸
697 2042 948 2106 Κλεινίας
976 2041 1090 2113 (l9)
1123 2040 1358 2112 ἔφεδροι.
1394 2040 1482 2094 Ἐν
1504 2039 1732 2103 ἐκείνοις
1767 2039 1924 2111 χαρί-

349 2132 503 2196 ζεται
528 2131 607 2203 τῷ
648 2133 829 2187 πάθει.
874 2131 1154 2203 Ἀλλάμοι
1186 2130 1333 2185 δοκεῖ
1359 2130 1599 2194 τοιοῦτος
1627 2129 1725 2194 ὣν,
1755 2147 1924 2200 πονη-

353 2223 462 2294 ρῶν
486 2223 752 2293 δαιμόνων
781 2224 1037 2293 προνοίας
1076 2223 1383 2293 τυγχάνειν,
1427 2221 1477 2276 οἳ
1518 2221 1793 2292 βούλονται
1821 2221 1922 2292 μὲν

349 2314 709 2378 ἐπαινεῖσθαι,
740 2313 833 2367 καὶ
867 2314 1114 2384 εὐτυχεῖν
1153 2313 1252 2377 τάς
1290 2311 1766 2383 παλαμναιοτάτας
1806 2309 1920 2384 [γρ.

346 2406 699 2476 παλαμναίας
727 2404 953 2476 ταύτας]
1002 2404 1213 2475 ψυχάς,
1248 2399 1335 2468 αἷς
1378 2404 1631 2476 ὀργάνοις
1669 2403 1923 2458 δύνανται

351 2494 588 2565 χρῆσθαι
637 2495 773 2566 πρὸς
823 2494 921 2558 τὰς
972 2494 1157 2558 κοινὰς
1204 2496 1507 2566 συμφοράς.
1558 2493 1689 2547 Ἀπὺ
1718 2493 1924 2548 τούτων

349 2580 443 2636 οὖν
469 2583 975 2655 παρασκευάζουσιν
1000 2583 1148 2654 αὐτῷ
1173 2584 1330 2648 δόξαν
1381 2583 1456 2647 ὡς
1486 2584 1642 2655 ἀνδρὶ
1669 2583 1919 2655 γενναίῳ.

352 2675 543 2728 Καίτοι
573 2674 689 2739 τεῶς
731 2674 952 2745 εὔλογον
974 2717 990 2741 ,
1024 2677 1175 2740 ὅστις
1205 2664 1530 2746 ύπερύψωσε
1566 2675 1659 2728 τὸν
1696 2675 1919 2746 ὑψηλὸν,

351 2768 444 2819 καὶ
475 2767 564 2820 τὸν
590 2767 842 2820 ταπεινὸν
872 2767 1268 2833 ἔταπείνωσεν;
1315 2767 1428 2836 Ἐφ’
1461 2762 1521 2821 οὗ
1549 2769 1658 2831 πᾶς
1689 2767 1788 2838 μὲν
1822 2767 1921 2836 μέ-

349 2873 519 2928 τριος,
552 2856 644 2911 καὶ
677 2859 851 2929 πρᾶος
896 2857 988 2910 τὸν
1016 2857 1237 2929 τρόπον,
1279 2857 1338 2910 ὲν
1383 2856 1565 2926 Καρὸς
1620 2857 1783 2928 μοίρᾳ
1827 2856 1921 2910 καὶ

349 2948 543 3019 ἄτιμος
567 2965 582 2980 ο
615 2948 864 3002 δύνανται
890 2949 949 3002 δὲ
985 2949 1135 3020 μόνοι
1168 2949 1346 3019 Ζηνᾶς
1377 2948 1473 3002 καὶ
1512 2946 1728 3010 Ἰούλιος
1751 2965 1765 2980 ο
1811 2949 1920 3019 Ζη-

350 3041 446 3105 νάς
469 3043 498 3094 ό
524 3040 735 3111 πράξας
762 3040 961 3112 πέρυσι
986 3041 1111 3104 τοὺς
1135 3039 1354 3104 διπλοῦς
1383 3040 1601 3112 φόρους,
1624 3039 1683 3104 ὃς
1706 3040 1921 3093 ἀπειλεῖ

347 3128 442 3184 τὸν
492 3130 623 3201 ἐμὸν
663 3130 887 3200 ἀδελφὸν
930 3131 1275 3185 Ἀναστάσιον
1324 3130 1774 3202 παραπρεσόείας
1825 3132 1918 3184 καὶ

349 3217 653 3284 διώξεσθαι,
684 3220 778 3273 καὶ
805 3221 1074 3292 αἱρήσειν.
1122 3212 1288 3284 Οὗτος
1343 3218 1528 3290 μέντοι
1581 3220 1796 3285 ἑκόντος
1825 3223 1920 3274 αὐο

348 3310 442 3363 τοῦ
471 3311 692 3365 δύναται
716 3329 730 3344 ·
787 3313 1003 3376 Ἰούλιος
1030 3312 1086 3365 δὲ
1113 3312 1336 3374 άκοντός
1380 3329 1437 3365 τε
1467 3312 1562 3365 καὶ
1607 3312 1878 3376 κλαίοντος
1903 3330 1917 3344 ·

349 3404 444 3455 καὶ
467 3404 587 3455 κατ’
612 3403 820 3467 οὐδενὸς
847 3403 1040 3467 οὕτως,
1073 3404 1148 3467 ὼς
1179 3403 1298 3458 κατ’
1342 3403 1676 3474 Ἀνδρονίκου
1703 3405 1921 3472 γέγονεν

349 3494 711 3565 ἰσχυρότερος.
759 3494 1074 3565 Ἐγκραγὼν
1102 3495 1209 3566 γάρ
1237 3493 1385 3565 αὑτῷ
1414 3495 1495 3558 δίς
1524 3513 1624 3547 που
1655 3495 1746 3547 καὶ
1776 3496 1917 3566 τρὶς,

348 3587 442 3638 καὶ
489 3588 600 3649 τοῖς
650 3586 711 3650 ἐξ
759 3587 975 3657 ἀμάξης
1034 3586 1484 3657 λοιδορησάμενος
1511 3627 1526 3649 ,
1591 3588 1685 3639 καὶ
1744 3588 1919 3640 πάντα

348 3679 860 3747 ὲπανατεινάμενος,
899 3676 1042 3750 ἆπέρ
1090 3677 1155 3730 ἂν
1203 3676 1450 3747 είρῆτθαι
1500 3677 1594 3730 καὶ
1627 3678 1752 3748 παρ’
1781 3676 1915 3748 ἐμοῦ

344 3767 439 3820 τοῦ
467 3767 666 3831 παντὸς
712 3767 777 3822 ἂν
825 3768 1212 3839 ἐτιμησάμην,
1263 3766 1511 3833 ἀπέδειξε
1552 3768 1612 3821 τὸ
1658 3768 1917 3839 κάθαρμα

350 3856 457 3927 μῦν
498 3859 618 3911 ἀντὶ
648 3858 858 3922 λέοντος
882 3878 893 3888 ·
947 3861 1042 3913 καὶ
1089 3857 1147 3923 ἐξ
1195 3858 1402 3911 ἐκείνου
1442 3859 1636 3929 χρῆται
1671 3858 1917 3932 καθάπερ

347 3949 699 4022 ἀνδραπόδῳο
757 3951 995 4021 παρόσον
1042 3950 1211 4014 ἀδεῶς
1259 3950 1381 4004 οὐδὲ
1426 3953 1485 4003 ἐν
1528 3953 1648 4014 ταῖς
1696 3952 1918 4019 γωνίαις

347 4039 752 4110 ὑποψιθυρίζειν
797 4042 937 4095 κατὰ
959 4040 1053 4094 τοῦ
1096 4040 1356 4095 δεσπότου
1390 4042 1563 4113 τολμᾷ
1596 4059 1611 4073 ⁸
1660 4042 1817 4096 τοῦτο
1862 4043 1917 4096 δὲ

344 4131 612 4196 δήπουθεν
642 4133 817 4198 ἔξεστι
844 4136 954 4197 τοῖς
985 4133 1226 4196 οἰκέταις
1261 4136 1455 4189 ποιεῖν.
1499 4134 1830 4204 Ἀνδρόνικος
1857 4133 1915 4187 δὲ

343 4221 464 4274 οὐδὲ
495 4223 667 4276 τοῦτο.
701 4223 772 4276 Τὸ
802 4224 908 4293 γὰρ
939 4223 1220 4291 ἀλόγιστον
1245 4224 1486 4297 ἀνδρεῖον
1521 4224 1619 4295 μὲν
1644 4223 1909 4294 οὐδαμοῦ⁸

345 4313 497 4384 παρὰ
527 4314 584 4367 δὲ
612 4315 739 4379 τοὺς
765 4317 1011 4386 καιροὺς,
1048 4315 1219 4368 δειλόν
1245 4333 1304 4369 τε
1351 4317 1443 4370 καὶ
1473 4316 1644 4386 θρασὺ
1683 4315 1914 4385 γίνεται,

2027 498 2236 552 tundit.
2265 496 2464 553 Testor
2491 514 2709 553 sacrum
2729 507 2884 553 tuum
2915 514 2978 554 ac
3007 506 3090 554 ter
3117 508 3360 570 optatum
3390 506 3594 567 caput:

2025 585 2314 657 lugubrem
2370 588 2459 643 ille
2508 587 2790 659 Pentapoli
2852 588 3099 654 cultum,
3153 599 3317 658 atque
3357 585 3602 641 habitum

2008 681 2227 736 indixit
2260 696 2275 733 :
2303 681 2604 752 digitorqu
2640 683 2917 753 pressoria
2946 720 2961 745 ,
3016 696 3082 736 ac
3106 679 3305 752 pedum
3347 679 3603 745 tortoria,

2011 773 2240 843 aliaque
2265 772 2670 844 quamplurima
2702 774 3078 841 quaestionum
3108 779 3426 842 argumenta
3456 784 3627 837 cum:

2025 871 2268 924 mentus.
2306 875 2418 916 non
2464 861 2533 916 ad
2567 877 2899 932 queinquam
2932 859 3304 915 maleficorum
3345 873 3604 930 premen-

2024 951 2153 1007 dum
2180 952 2351 1021 (nunc
2372 951 2517 1008 enim
2549 966 2746 1021 magna
2767 951 2997 1006 cuilibet
3019 948 3410 1004 maleficiorum
3429 948 3606 1003 licen-

2026 1043 2100 1095 tia
2124 1045 2234 1111 est)
2258 1059 2275 1110 ;
2310 1041 2407 1097 sed
2430 1041 2698 1097 adversus
2719 1055 2840 1102 eos,
2869 1040 2962 1111 qui
2994 1039 3281 1109 vectigalia
3312 1053 3413 1109 pro
3442 1038 3604 1095 bonis

2026 1130 2144 1187 suis
2169 1131 2468 1201 pensitant,
2501 1138 2595 1186 aut
2621 1132 2716 1202 qui
2752 1131 2861 1185 alio
2902 1131 3100 1200 quovis
3136 1129 3358 1185 nomine
3395 1128 3603 1198 aliquid

2033 1222 2256 1277 debent.
2285 1221 2549 1278 Estxenim
2581 1221 2649 1277 ad
2676 1220 3087 1291 investigandas
3117 1220 3360 1276 rationes
3396 1232 3500 1275 suo
3547 1225 3604 1272 et

2026 1312 2295 1369 Thoantis
2328 1315 2547 1385 ingenio
2596 1314 2791 1385 dignas
2857 1312 3293 1378 solertissimus;
3342 1325 3504 1381 quem
3532 1325 3601 1365 ex

2026 1407 2509 1462 commentariensi
2534 1414 2842 1461 coactorem
2869 1403 2997 1460 fecit
3016 1403 3269 1459 militaris
3288 1404 3432 1465 auri,
3455 1402 3599 1472 quod

2026 1493 2343 1551 Tironicum
2373 1502 2610 1558 vocant;
2643 1503 2700 1550 et
2731 1494 2990 1549 Aulantea
3022 1492 3257 1559 addidit,
3291 1507 3356 1546 ac
3383 1506 3603 1562 semper

2027 1600 2228 1641 novum
2277 1585 2501 1657 aliquod
2552 1601 2618 1642 ex
2662 1594 2847 1641 vetere
2889 1585 3092 1640 malum
3145 1601 3160 1637 :
3207 1584 3369 1653 cujus
3426 1583 3601 1654 gratia

2027 1690 2128 1746 per
2161 1675 2415 1731 nationes
2477 1674 2821 1746 pepulosque
2850 1675 3187 1731 crucientur.
3223 1672 3410 1745 Neque
3457 1673 3600 1728 enim

2023 1766 2091 1821 iis
2120 1767 2307 1834 etiam,
2335 1767 2431 1837 qui
2460 1765 2606 1821 unde
2633 1766 2873 1830 solvant,
2898 1765 3119 1832 habent,
3141 1772 3196 1821 et
3232 1765 3601 1836 locupletibus

2024 1872 2055 1912 a
2083 1856 2269 1928 ﬂagris
2300 1866 2509 1939 tergum
2536 1871 2696 1914 suum
2726 1855 2852 1911 licet
2882 1854 3213 1923 defendere;
3248 1856 3343 1912 sed
3376 1856 3598 1911 interim

2022 1963 2147 2003 cum
2203 1962 2400 2004 servus
2425 1948 2649 2003 domum
2709 1945 2781 2000 ad
2830 1960 3024 1999 aurum
3075 1944 3474 2016 deportandum
3502 1960 3599 2000 va-

2022 2038 2123 2105 dit,
2162 2038 2326 2110 225
2356 2039 2525 2095 herus
2544 2037 2794 2102 caeditur,
2827 2046 2883 2092 et
2923 2035 3220 2107 digitorum
3260 2037 3445 2108 aliquo
3489 2046 3602 2091 tor-

2025 2140 2251 2202 quetur.
2278 2132 2530 2203 Cumque
2576 2132 2871 2188 occasione
2920 2130 3264 2189 crudelitatis
3296 2128 3599 2200 explendae,

2029 2222 2191 2291 quasi
2217 2222 2499 2293 epulandi,
2522 2232 2706 2289 caret;
2740 2222 3068 2280 Maximinus
3125 2231 3179 2278 et
3211 2221 3420 2276 Clinias
3463 2220 3601 2275 ωιν-

2022 2313 2237 2373 sidiarii
2262 2321 2465 2384 praesto
2501 2323 2649 2370 sunt.
2684 2313 2743 2370 In
2778 2315 2847 2371 iis
2891 2314 3067 2370 furori
3104 2313 3430 2384 obsequitur
3472 2326 3595 2366 suo.

2023 2404 2132 2461 Sed
2153 2405 2286 2461 mihi
2315 2405 2530 2462 videtur
2569 2406 2682 2472 ille,
2713 2422 2839 2463 cum
2872 2407 3145 2478 ejusmodi
3181 2406 3274 2472 sit,
3321 2405 3592 2460 malorum

2021 2495 2332 2552 daemonum
2390 2497 2733 2568 providentia
2787 2513 2854 2553 ac
2903 2498 3159 2569 prasidio
3216 2497 3434 2563 fulciri;
3502 2495 3597 2566 qui

2020 2587 2183 2644 laude
2204 2588 2509 2653 hominum,
2544 2602 2609 2643 ac
2652 2589 2913 2645 secundis
2959 2589 3127 2644 rebus
3169 2588 3392 2644 allluere
3444 2586 3598 2642 diras

2018 2680 2141 2736 illas
2174 2693 2238 2736 ac
2265 2681 2619 2739 detestabiles
2665 2683 2882 2739 animas
2913 2681 3138 2748 volunt;
3164 2679 3369 2750 quibus
3397 2679 3466 2734 ad
3498 2693 3598 2749 pu-

2018 2771 2196 2827 blicas
2222 2772 2569 2831 calamitates
2589 2773 2933 2830 administris
2953 2772 3033 2828 uti
3059 2780 3280 2842 queant.
3321 2770 3503 2837 Quare
3528 2782 3598 2823 ex

2018 2863 2089 2917 iis
2115 2863 2472 2934 gloriamilli,
2506 2866 2665 2935 quasi
2710 2864 2839 2919 forti
2895 2863 3037 2928 viro,
3067 2846 3130 2917 ac
3161 2870 3410 2925 strenuo,
3443 2872 3599 2914 com-

2017 2963 2237 3023 parant.
2262 2954 2589 3024 Quanquam
2621 2954 2716 3025 qui
2747 2955 2896 3011 istud
2928 2953 3209 3019 convenit,
3239 2966 3362 3007 cum
3409 2950 3597 3006 excel-

2019 3057 2140 3097 sum
2161 3057 2225 3098 ac
2242 3042 2535 3099 sublimem
2557 3045 2832 3108 extulerit,
2859 3052 2915 3100 et
2939 3044 3199 3098 humilem
3228 3056 3293 3097 ac
3319 3041 3595 3111 deiectum

2017 3132 2354 3202 depresserit
2372 3134 2399 3187 τ
2416 3134 2522 3188 Sub
2553 3148 2664 3204 quo
2692 3135 2948 3206 quisquis
2980 3133 3300 3189 moderatus
3330 3147 3397 3188 ac
3424 3132 3599 3202 placi-

2017 3224 2103 3279 dis
2136 3225 2380 3281 moribus
2405 3235 2510 3291 est,
2536 3226 2697 3282 Caris
2726 3225 2869 3291 loco,
2904 3234 3069 3295 atque
3092 3222 3314 3278 infamis
3345 3221 3594 3286 ducitur,

2017 3317 2120 3371 soli
2151 3332 2278 3371 vero
2307 3315 2449 3385 apud
2477 3331 2604 3372 eum
2640 3326 2873 3387 possunt
2905 3315 3083 3371 Zenas
3112 3322 3168 3370 et
3205 3313 3424 3369 Julius:
3455 3326 3596 3382 quo-

2017 3422 2139 3461 rum
2166 3405 2341 3463 Zenas
2382 3407 2472 3463 ille
2519 3416 2623 3472 est,
2658 3409 2750 3479 qui
2783 3409 2987 3476 duplex
3037 3407 3143 3461 hoc
3187 3419 3334 3459 anno
3359 3403 3594 3473 vectigal

2022 3496 2288 3563 extorsit;
2341 3497 2436 3566 qui
2485 3496 2710 3553 fratrem
2752 3513 2930 3551 memn
2967 3496 3321 3551 Anastasium
3354 3493 3594 3547 minatur

2025 3600 2085 3641 se
2108 3586 2259 3641 falsa:
2302 3587 2592 3656 legationis
2655 3595 3044 3643 accusaturum
3086 3601 3152 3642 ac
3197 3585 3590 3641 damnatarum

2023 3691 2163 3731 esse.
2185 3677 2363 3747 Atque
2380 3677 2471 3731 ille
2492 3679 2708 3732 volente
2729 3675 3044 3731 Andronico
3061 3676 3358 3745 plurimum
3386 3684 3586 3745 potest;

2021 3765 2203 3822 Julius
2233 3782 2364 3822 vero
2395 3768 2568 3823 invito
2603 3783 2667 3823 ac
2700 3769 2979 3839 plorante;
3017 3784 3119 3823 nec
3169 3768 3223 3822 in
3257 3769 3589 3838 Quemquam

1972 3897 1979 3902 ρ
2024 3858 2242 3923 fortior,
2275 3873 2440 3929 quam
2494 3859 2550 3914 in
2592 3858 2969 3915 Andronicum
3008 3859 3241 3916 exstitit.
3298 3858 3389 3915 Bis
3444 3859 3589 3915 enim

2019 3951 2131 4020 jam
2161 3965 2227 4006 ac
2280 3959 2364 4006 ter
2392 3951 2449 4007 in
2516 3950 2668 4007 illum
2718 3950 3052 4016 vociferans,
3112 3958 3168 4005 et
3205 3951 3473 4007 conviciis
3521 3950 3591 4009 de

2023 4044 2293 4113 plaustro,
2314 4050 2373 4097 ut
2390 4043 2565 4111 aiunt,
2592 4041 2978 4114 proscindens,
3005 4052 3062 4099 et
3083 4043 3360 4100 intentans
3382 4043 3589 4111 omnia,

2019 4149 2141 4206 quae
2171 4132 2320 4188 dicta
2356 4148 2388 4187 a
2418 4148 2503 4190 me
2525 4148 2647 4190 esse
2675 4134 2897 4205 plurimi
2942 4133 3198 4199 facerem,
3238 4135 3418 4190 scelus
3455 4134 3587 4190 illud

2020 4241 2233 4281 murem
2262 4241 2330 4281 ex
2355 4225 2517 4280 leone
2548 4224 2807 4280 reddidit.
2840 4226 3020 4296 Atque
3074 4223 3277 4280 exinde
3327 4222 3421 4278 illo
3470 4230 3590 4278 tan-

2022 4331 2187 4387 quam
2212 4316 2486 4387 maneipio
2520 4318 2734 4384 utitur;
2777 4317 2996 4388 quando
3026 4331 3094 4373 ne
3124 4302 3339 4373 secure
3370 4314 3589 4387 quidem

1579 4473 1758 4531 DlON.
1790 4472 2061 4529 PETAVII
2101 4472 2331 4529 ΝΟΤᾸΞ.

417 4630 651 4704 (l7)Kal
675 4631 1904 4704 συνῆψετὰαὐλαναῖαᾼιηύιιιΤἱι-οηίευιη,
1940 4636 1986 4694 D
2011 4631 2335 4704 Graecanon
2369 4633 2668 4692 consuluit.
2707 4634 2762 4689 in
2797 4649 2916 4688 eam
2964 4633 3285 4704 opinionem
3327 4631 3585 4689 inductus

343 4702 397 4753 et
445 4701 699 4772 Aulauma
739 4704 1066 4755 tributorum
1120 4718 1318 4772 gent-ra
1365 4701 1553 4762 fuisse.
1603 4703 1779 4772 facilis
1825 4709 1911 4756 est

343 4770 606 4841 suslnicio.
660 4771 738 4825 Ac
772 4773 924 4839 prius
952 4770 1169 4841 quidem
1221 4785 1249 4823 a
1278 4772 1550 4825 tironibus
1582 4771 1910 4837 deducitur;

341 4839 491 4906 quod
525 4842 788 4893 ineorum
842 4839 1170 4911 stipendium
1216 4841 1553 4911 insumptum
1588 4842 1677 4894 sit.
1712 4841 1784 4895 De
1817 4856 1913 4911 po-

338 4911 560 4980 steriori
591 4911 720 4975 quid
751 4925 846 4980 pro
872 4918 1022 4963 certo
1055 4910 1232 4980 dicam
1267 4925 1370 4962 non
1409 4910 1602 4964 habeo.
1646 4911 1913 4965 Meursius

346 4978 401 5031 iu
447 4976 804 5050 Vocabularlo
827 4981 936 5032 ἀπὸ
965 4981 1060 5050 τῆς
1093 4979 1261 5047 αὐλῆς
1277 4981 1588 5050 derivatum
1612 4981 1910 5044 existimat,

342 5048 489 5116 quod
540 5050 594 5102 in
624 5049 800 5118 aulam
868 5048 1192 5118 exigeretur.
1254 5048 1548 5115 Coujector
1595 5050 1686 5104 ille
1723 5050 1913 5106 nescio

341 5119 488 5187 quis,
525 5119 616 5186 qui
641 5117 709 5172 de
753 5117 1148 5174 suhurbicariis
1191 5119 1457 5174 vindicias
1506 5120 1748 5188 scripsit.
1801 5135 1908 5188 nou

342 5188 669 5259 hariolantis
696 5204 846 5242 more
877 5190 1041 5258 (quod
1082 5188 1256 5259 ipsum
1288 5187 1782 5257 tolerabile’eSset),
1815 5187 1911 5245 sed

341 5267 603 5328 tauquam
639 5256 866 5328 Pythius
898 5256 1116 5328 aliquis
1143 5273 1173 5313 e
1214 5260 1425 5312 cortina
1472 5256 1809 5326 pronuntiat,
1844 5259 1912 5311 τά

339 5327 610 5392 αὑξαναία
622 5327 740 5382 esSe
757 5327 1135 5394 superindicta,
1152 5342 1244 5382 seu
1265 5338 1542 5396 augmenta
1562 5329 1911 5382 indictionum

338 5406 390 5449 et
429 5397 766 5451 incrementa.
797 5397 885 5450 Ita
914 5399 1050 5452 enim
1090 5414 1261 5450 vocem
1302 5396 1564 5461 αὑξαναῖα
1602 5407 1797 5453 ιεενιενε
1823 5399 1912 5450 de-

339 5467 453 5519 buit
502 5468 783 5534 interpres,
809 5468 884 5520 ait
922 5468 1027 5522 ille.
1079 5466 1183 5521 Sed
1223 5468 1408 5520 multis
1455 5468 1630 5522 modis
1659 5481 1798 5521 vana
1827 5477 1913 5522 est

338 5551 406 5607 ac
434 5536 733 5607 temeraria
759 5538 864 5607 ista
898 5538 1203 5607 castigatio.
1239 5536 1481 5607 Primum
1511 5537 1776 5602 αὑξαναῖα
1804 5553 1909 5601 non

340 5604 570 5676 legitur_
592 5605 734 5674 apud
771 5604 1081 5676 Syncsiuni,
1112 5606 1206 5663 sctl
1249 5606 1532 5667 αὑλαναῖα,
1571 5615 1680 5660 tam
1711 5607 1763 5659 in
1794 5607 1910 5660 edi-

339 5675 493 5729 tione
529 5672 790 5741 Turnebi,
811 5672 982 5745 'quam
1017 5676 1070 5730 in
1102 5692 1232 5733 mss.
1262 5676 1538 5733 omnibus.
1564 5679 1631 5730 At
1663 5677 1787 5740 iste,
1815 5676 1907 5746 qui

2010 4709 2096 4757 est
2135 4703 2254 4757 solo
2288 4719 2474 4759 errore
2503 4705 2914 4775 typographicn.
2947 4703 3059 4775 quo
3094 4705 3149 4759 in
3175 4703 3367 4758 Latina
3395 4712 3582 4759 nostra

2013 4787 2279 4844 angana'a
2309 4790 2408 4844 pro
2435 4774 2681 4828 aulana‘a
2713 4774 2949 4844 irrepsit.

2084 4841 2290 4897 Deinde
2309 4841 2394 4899 'ah
2434 4860 2520 4908 eo,
2558 4845 2699 4913 quod
2731 4841 3088 4908 εεῐαὺξάνω,
3121 4842 3357 4898 derivari
3387 4841 3458 4896 τά
3486 4843 3586 4896 αὐ-

2013 4905 2222 4977 ξαναῖα,
2251 4928 2410 4969 nemo
2434 4905 2617 4969 Graece
2640 4917 2722 4969 vel
2775 4905 3127 4969 mediocriter
3153 4913 3404 4967 eruditus
3427 4913 3584 4968 dixe-

2013 4983 2125 5054 rit._
2145 4983 2259 5054 [loc
2283 4984 2425 5054 enim
2458 5000 2555 5052 per
2589 4984 2734 5054 leges
2764 4984 3134 5054 gratninaticzr
3165 4983 3442 5054 noulicet.

2084 5051 2194 5121 (l8)
2222 5053 2329 5106 Kal
2355 5051 2493 5120 παρ’
2517 5051 2715 5117 avlai);
2759 5051 2877 5106 r'é'r
2903 5052 3231 5106 δακτύλων.
3265 5051 3583 5104 Mutiltuune

2009 5119 2193 5193 dices,
2229 5137 2297 5193 an
2351 5119 2766 5193 δακτυλήθραις,
2823 5133 2875 5176 et
2916 5123 2967 5176 id
3011 5137 3183 5192 genus
3227 5121 3582 5193 instrumenti

2008 5191 2341 5246 carnificina:
2379 5190 2583 5247 tortum
2616 5190 2680 5247 ac
2715 5193 2901 5262 digitis
2934 5190 3251 5247 retentum?

2077 5282 2188 5353 (l9)
2216 5283 2542 5353 Μαξιμῖνος
2565 5282 2662 5336 καί
2690 5283 2967 5349 Κλεινίας
2979 5282 3232 5351 ἔφεδροι.
3261 5281 3408 5337 Nova
3435 5283 3581 5339 vocis

2005 5351 2525 5423 ἔφεδροςοοοοριίο.
2551 5353 2669 5407 Νοη
2682 5355 2828 5408 enim
2858 5353 3202 5408 crudelitatis
3227 5353 3581 5409 administros

2005 5430 2060 5477 et
2092 5422 2252 5492 quasi
2287 5422 2354 5477 de
2381 5422 2560 5492 palma
2593 5430 2871 5479 certantes
2911 5423 3205 5492 signiﬁcat,
3241 5423 3336 5478 sed
3362 5438 3457 5477 eos
3487 5439 3577 5492 po-

2019 5493 2128 5546 tius
2160 5492 2213 5545 in
2232 5491 2785 5561 quos’crudelitatctu
2832 5491 3049 5547 exercet
3079 5508 3256 5546 suam.
3292 5492 3402 5545 Nisi
3430 5507 3582 5547 anta-

2015 5560 2262 5632 gonistas
2301 5563 2381 5617 sic
2410 5569 2662 5632 usurpat,
2697 5572 2752 5616 ut
2787 5563 2910 5617 leno
2933 5564 3025 5617 ille
3062 5560 3470 5617 Terentianus:

2017 5675 2120 5730 Ille
2159 5675 2495 5744 verberando,
2523 5692 2615 5747 ego
2636 5675 2952 5746 vapulando,
2974 5677 3127 5734 ambo
3153 5674 3344 5732 defessi
3373 5691 3573 5732 sumus.
