3986 6158
477 217 602 269 Ηὸῑ

1534 209 1796 266 SYNESH
1839 206 2302 264 PTOLEMAIDIS
2339 205 2645 265 RPISCOPI

3603 208 3747 266 H5".

472 347 558 385 me
591 330 782 386 eodem
815 338 1064 399 tempore
1093 328 1354 382 omnibus
1379 328 1634 382 orbatum
1697 343 1759 382 ac
1791 327 2058 396 deSpolia-

2163 319 2208 394 ᾧ
2236 327 2765 399 προσανακλᾲεσθαι,
2817 327 2910 379 καὶ
2939 325 3003 379 τά
3033 326 3150 378 κατ’
3182 325 3345 379 αὐτὸν
3369 325 3602 379 ἕκαστον
3630 326 3752 380 olo-

471 433 585 476 tum
614 437 756 477 csse.
803 417 909 474 Sed
937 418 1084 489 quod
1116 419 1390 474 malorum
1423 426 1508 475 est
1540 420 1702 490 longe
1735 420 2058 482 maximum,

473 512 735 583 quodque
767 511 902 564 mihi
959 510 1311 580 desperatam
1361 514 1533 565 vitam
1567 510 1720 576 facit,
1777 525 2059 580 nunquam

479 612 642 655 antea
674 603 727 655 in
763 600 1022 670 precibus
1047 598 1114 654 ad
1138 598 1309 654 Deum
1334 599 1629 656 fundendis
1654 599 1912 654 frustrari
1937 607 2064 653 voto

474 693 688 756 solitus,
717 707 864 746 nunc
893 692 1130 762 primum
1166 690 1372 748 frustra
1401 708 1487 747 me
1515 701 1798 763 precatum
1829 693 2011 748 sentio
2045 713 2058 746 :

471 783 564 850 qui
599 783 862 837 aerumnis
919 796 1241 852 oppressam
1307 769 1600 837 familiam’
1637 781 1840 846 video;
1895 791 1951 836 et
2007 782 2059 835 in

472 873 672 928 afflicta
728 875 908 943 patria
963 875 1175 929 versari
1211 889 1417 944 cogor;
1471 883 1527 929 et
1585 874 1846 929 omnibus
1883 874 2060 943 palam

474 965 816 1035 propositus,
853 979 986 1021 suas
1018 973 1078 1018 ut
1099 964 1242 1036 apud
1283 981 1371 1019 me
1401 965 1748 1020 calamitates
1777 965 2064 1036 deplorent

473 1058 808 1127 aelugeant,
871 1056 1252 1111 Andronicum
1295 1057 1565 1110 malorum
1621 1055 1866 1111 omnium
1907 1055 2062 1109 colo-

473 1151 705 1219 phonem
762 1147 831 1203 ad
867 1163 931 1202 ea
983 1149 1322 1203 accessionis
1383 1147 1549 1202 habui
1612 1150 1767 1213 loco;
1845 1159 2064 1216 prepter

473 1254 635 1308 quem
666 1255 734 1294 ne
761 1246 1042 1293 momento
1073 1237 1293 1307 quidem
1323 1237 1591 1317 familiari
1618 1239 1752 1291 mihi
1788 1239 1905 1293 otio
1938 1253 2062 1307 per-

476 1329 580 1382 t'rui
617 1329 763 1382 licet.
801 1327 1038 1383 Necesse
1066 1335 1250 1382 autem
1278 1335 1362 1382 est
1404 1342 1512 1390 me,
1546 1342 1672 1381 cum
1698 1325 1834 1382 nulli
1867 1328 1976 1380 ulla
2007 1327 2059 1381 in

473 1437 533 1477 re
607 1419 879 1490 prodesse
952 1419 1186 1488 possim,
1255 1418 1590 1474 adeuntibus
1671 1421 1950 1484 omnibus,
2008 1427 2064 1474 et

477 1511 909 1569 imbecillitatem
973 1517 1217 1564 nostram
1279 1511 1665 1580 arguentibus,
1711 1526 1870 1581 aequo
1937 1511 2060 1564 ani-

478 1619 563 1655 mo
597 1601 853 1657 tolerare.
913 1597 994 1655 0b
1031 1601 1146 1654 haec
1209 1602 1440 1672 supplex
1485 1617 1639 1672 rogo,
1708 1617 2058 1674 magnopere,

2164 418 2452 487 φύρεσθαι,
2502 418 2823 490 προσθήκην
2867 417 3024 488 ἔσχον
3071 417 3410 488 Ἀνδρόνικον
3458 417 3551 469 τὸν
3593 419 3746 471 κολο-

2163 511 2314 579 φῶνα
2345 510 2456 564 τῶν
2488 509 2694 576 κακῶν,
2735 508 2806 562 δι’
2833 510 2897 562 ὃν
2931 509 3052 563 οὐδὲ
3082 511 3263 580 ἀκαρῆ
3300 509 3622 579 καρποῦμαι
3647 511 3750 579 τῆν

2163 601 2462 672 σύντροφόν
2509 619 2597 671 μοι
2633 600 2851 672 σχολήν.
2895 601 3034 652 Ἀλλ’
3063 601 3163 670 ἐμὲ
3207 601 3291 652 δεῖ
3341 599 3512 671 μηδὲν
3559 601 3750 667 δφελος

2161 690 2290 744 ὄντα
2327 691 2535 761 μηδενὶ,
2589 691 2804 744 πάντων
2832 691 3184 758 προσιόντων,
3215 691 3310 743 καὶ
3335 691 3438 760 τὴν
3463 689 3749 742 ἀσθένειαν

2161 782 2319 851 ἡμῶν
2349 780 2754 852 διελεγχόντων,
2791 782 3102 852 ἀνέχεσθαι.
3132 781 3276 852 Πρὸς
3311 781 3487 836 ταῦτα
3533 781 3747 851 δέομαι,

2161 875 2305 926 πάνυ
2334 874 2540 944 σφόδρα
2583 873 2774 943 δέομαι
2801 874 3005 943 ἀμφοῖν
3044 873 3141 942 μὲν
3171 872 3346 943 ὑμῶν,
3377 872 3749 942 διαφεῴντως

2159 963 2216 1017 δὲ
2245 964 2339 1017 σοῦ
2368 966 2467 1034 τῆς
2500 963 2662 1035 φίλης
2705 982 2796 1034 μοι
2841 963 3107 1034 κεφαλῆς,
3136 964 3334 1033 ἀδελφὲ
3381 965 3704 1019 Ἀναστᾶσιε
3730 981 3746 994 ·

2169 1058 2232 1110 σὺ
2259 1055 2368 1127 γὰρ
2393 1056 2456 1126 δὴ
2483 1057 2671 1126 φήμην
2703 1055 2845 1126 ἔχεις
2897 1058 3221 1127 προστατεῖν
3265 1055 3459 1124 ἀνδρὸς
3507 1055 3748 1107 λυσσῶν·

2162 1167 2256 1213 τος
2287 1164 2301 1178 ⁸
2352 1149 2406 1201 εἴ
2431 1149 2515 1211 τίς
2563 1165 2644 1201 σοι
2687 1147 2916 1216 δύναμις
2956 1147 3260 1218 πάρεστιν·
3309 1146 3451 1216 ὑπὲρ
3487 1146 3748 1198 Συνεσίον

2161 1241 2269 1310 γὰρ
2305 1239 2527 1310 μᾶλλον,
2565 1238 2598 1308 ἦ
2630 1237 2772 1308 ὑπὲρ
2810 1236 3146 1308 Ἀνδρονίκου
3170 1236 3508 1306 δικαιότερος
3533 1237 3602 1290 ἂν
3629 1237 3748 1307 εἴης

2161 1334 2298 1401 αὐτῇ
2333 1330 2612 1402 χρώμενος
2638 1347 2653 1362 ·
2698 1329 3006 1396 ἀπάλλαξον
3052 1330 3357 1399 κατηφείας
3399 1329 3749 1400 Πτολεμαΐδα

2160 1421 2260 1490 τὴν
2285 1419 2553 1489 λαχοῦσαν
2585 1437 2652 1490 με
2679 1420 2854 1485 πόλιν,
2885 1421 2988 1474 οὐκ
3012 1419 3150 1491 ἐμοῦ
3180 1424 3232 1490 γ’
3259 1421 3536 1484 ἐθέλοντος
3558 1439 3574 1454 ο
3608 1418 3750 1475 οἶδεν

2161 1511 2190 1564 ό
2219 1509 2395 1564 πάντα
2423 1510 2564 1581 ὁρῶν
2587 1509 2866 1580 ὀφθαλμὸς
2891 1511 2985 1566 τοῦ
3017 1511 3175 1566 Θεοῦ.
3203 1512 3317 1565 Οὒκ
3345 1510 3461 1567 οῖδα
3495 1513 3640 1584 ὑπὲρ
3666 1514 3747 1566 τί·

2162 1619 2267 1656 νων
2296 1603 2493 1655 ἐκτίνω
2534 1602 2804 1666 τοσαύτας
2844 1603 3002 1666 δίκας
3021 1621 3044 1634 ··
3068 1605 3164 1658 καὶ
3192 1606 3248 1659 ετ
3269 1622 3368 1675 τῳ,
3417 1607 3571 1676 φησι,
3605 1605 3747 1658 θεῶν

475 1694 718 1764 inquam,
744 1707 900 1763 rogo,
927 1706 1050 1746 cum
1077 1699 1374 1762 utrumque
1399 1703 1668 1756 vestrum,
1691 1672 2057 1750 tumicbarum

2163 1692 2442 1763 ἐπίφθονοι
2501 1693 2763 1764 πρότερον
2804 1690 2980 1764 ἦμεν,
3028 1672 3394 1767 ἀποχρώντως
3429 1672 3749 1768 *τετιμωρή-

475 1792 526 1836 te
558 1781 828 1851 imprimis
869 1781 1001 1834 mihi
1033 1788 1222 1851 caput,
1253 1779 1426 1836 frater
1460 1781 1717 1836 Anastasi
1754 1800 1768 1835 :
1829 1789 1881 1836 te
1913 1781 2062 1837 enim

471 1868 619 1924 fama
658 1871 828 1926 estin
862 1871 1130 1926 furiosum
1165 1885 1232 1926 ac
1287 1871 1539 1926 rabidum
1603 1871 1879 1927 hominem
1915 1873 2063 1944 juris

475 1962 737 2017 nonnihil
774 1961 1010 2028 habere;
1045 1963 1111 2017 ἐἰ
1163 1961 1295 2033 quid
1328 1963 1384 2016 in
1431 1971 1484 2016 te
1535 1963 1884 2018 auctoritatis
1933 1973 2058 2021 est:

469 2053 681 2122 justius
715 2053 860 2108 enim
887 2062 971 2108 est
1007 2061 1057 2107 te.
1091 2068 1154 2108 ea
1190 2053 1242 2106 in
1280 2053 1523 2124 Syncsii,
1571 2067 1735 2122 quam
1769 2053 1824 2108 in
1847 2055 2064 2109 Andro-

463 2146 582 2201 nici
618 2147 850 2215 gratiam
883 2147 960 2200 uti
994 2165 1008 2200 :
1057 2145 1228 2200 libera
1279 2159 1513 2199 maerore
1539 2159 1600 2198 ac
1628 2145 1852 2200 tristitia
1884 2145 2065 2201 Ptole-

2167 1784 2328 1855 μεθα.
2383 1786 2547 1840 ’Λλλά
2579 1787 2786 1856 ταύτην
2827 1803 2893 1856 γε
2923 1787 3024 1858 τὴν
3052 1788 3238 1858 φωνὴν
3264 1788 3414 1853 ἄξιον
3448 1789 3626 1840 εἰπεῖν
3651 1787 3751 1841 καὶ

2163 1877 2303 1948 ὑπὲρ
2335 1878 2665 1949 Μαξιμίνου,
2692 1879 2788 1933 καὶ
2814 1880 2952 1950 ὑπὲρ
2978 1878 3249 1944 Κλεινίου,
3291 1879 3389 1943 οὓς
3416 1879 3542 1951 ἐμοὶ
3568 1879 3752 1933 δοκεῖν

2165 1967 2280 2040 [γῬ.
2309 1967 2481 2040 δοκεῖ]
2509 1967 2574 2023 ἂν
2600 1969 2696 2023 καὶ
2715 1969 2864 2033 ὅστις
2891 1968 3173 2037 ὠμότατος
3193 1968 3462 2040 δαιμόνων
3488 1968 3751 2039 ἠλέησεν.

2177 2059 2524 2130 Ἐξῃρήσθων
2551 2058 2644 2113 τοῦ
2672 2059 2833 2126 λόγου
2877 2058 3021 2123 Θόας
3043 2076 3105 2112 τε
3148 2059 3244 2113 καὶ
3282 2057 3656 2130 Ἀνδρόνικος,
3691 2059 3748 2111 οἱ

2169 2150 2321 2221 μόνοι
2343 2150 2613 2222 δαιμόνων
2639 2152 2966 2222 ἀμείλικτοι.

462 2235 742 2301 ‘maidem;
776 2251 940 2306 quam
985 2249 1087 2306 ego
1133 2233 1322 2289 urbem
1361 2235 1594 2288 sortitus
1623 2249 1768 2300 sum,
1796 2235 2046 2304 equidem
2082 2239 2307 2294 minime
2341 2241 2533 2298 volens
2575 2262 2589 2297 :
2622 2243 2776 2298 novit
2821 2243 3004 2296 omnia
3031 2239 3338 2312 pervadens
3389 2223 3594 2294 oculos
3633 2239 3753 2296 Dei.

475 2321 688 2391 Quibus
739 2326 805 2380 de
859 2324 1044 2378 causis
1086 2333 1192 2376 lam
1251 2338 1446 2392 graves
1507 2337 1700 2392 pmnas
1751 2324 2027 2379 exsolvam
2092 2329 2306 2384 nescio.
2343 2329 2409 2383 Et
2440 2332 2488 2387 si
2539 2332 2721 2402 cujus,
2758 2334 2937 2401 aiunt,
2978 2333 3206 2389 deorum
3247 2332 3509 2387 invidiam
3550 2335 3606 2388 in
3646 2347 3754 2388 nos

476 2418 961 2480 concitarcriinus,
1005 2417 1140 2471 satis
1202 2429 1479 2484 superque
1545 2429 1835 2484 pcenarum
1901 2415 2174 2475 dedimus.
2223 2419 2424 2476 Verum
2463 2423 2567 2478 hac
2599 2427 2716 2493 ipsa
2753 2439 2888 2480 voce
2948 2426 3144 2480 merito
3182 2438 3284 2494 pro
3339 2423 3637 2478 Maximino
3691 2431 3756 2480 et

474 2515 648 2571 Clinia
691 2523 773 2568 est
837 2512 1120 2567 utendum.
1165 2509 1411 2575 Quorum
1457 2509 1544 2562 vel
1602 2508 2018 2564 crudelissimus
2045 2513 2304 2585 quisque,
2341 2524 2400 2570 ut
2442 2516 2660 2585 opinor,
2701 2517 3008 2573 daemonum
3039 2518 3476 2575 misericordiam
3507 2529 3750 2589 caperet.

476 2613 780 2667 Thoantem
865 2616 918 2659 et
969 2605 1344 2659 Andronicum
1405 2601 1640 2672 excipio,
1681 2602 1775 2671 qui
1803 2604 1904 2658 soli
1941 2613 2058 2658 sunt

2163 2625 2405 2668 emonum
2438 2613 2836 2682 implacabiles.

791 2719 956 2788 228
999 2715 1337 2772 lii’hTOLA
1378 2713 1594 2769 LXXIX
1639 2715 1739 2769 bis.

1110 2829 1420 2898 Theophila.

549 2926 814 2994 Equidem
851 2923 1101 2993 paternis
1151 2920 1428 2974 mandatis
1482 2924 1537 2972 et
1570 2931 1820 2982 manum,
1873 2926 1927 2973 et
1962 2932 2057 2972 vo-

483 3020 743 3070 luntatem
781 3013 1088 3066 ministram
1119 3025 1269 3064 eram
1293 3009 1642 3064 adhibiturus
1673 3025 1686 3075 ;
1715 3009 1810 3063 sed
1840 3025 1907 3064 ne
1931 3010 2058 3062 Am-

2707 2728 3054 2781 ΕΠΙΣΤΟΛΗ
3091 2728 3213 2782 ΟΘ’.

2580 2839 2849 2907 Θεοφίλῳ
2883 2836 2994 2910 [γρ.
3020 2836 3319 2911 Θεοτίμῳ].

2239 2927 2380 2996 Ἐγὼ
2427 2931 2524 2999 μὲν
2551 2923 2660 2994 οἶος
2694 2925 2761 3000 ἦν
2809 2928 2886 3000 τῷ
2925 2929 3179 3001 πατρικῷ
3225 2929 3611 3000 προστάγματι
3640 2929 3742 2984 καὶ

2155 3023 2314 3092 χεῖρα
2336 3021 2430 3073 καὶ
2453 3020 2677 3092 γνώμην
2707 3023 2975 3093 ὑπηρέτιν
2997 3023 3324 3092 εἰσενεγκεῖν
3345 3039 3359 3053 ο
3393 3021 3509 3076 ἀλλ’
3528 3023 3630 3076 οὐκ
3654 3023 3750 3089 ἂν,

479 3107 681 3177 pelium
710 3103 932 3173 quidem
972 3102 1295 3172 diligentius
1323 3102 1562 3156 arbitror
1590 3100 1709 3157 suis
1746 3100 2058 3156 commodis

2163 3109 2334 3185 οἶμαι,
2372 3114 2590 3168 κάλλιον
2643 3115 2696 3166 ’Λ
2710 3115 2935 3184 μπέλιος
2981 3115 3248 3184 ἐσκέψατο
3284 3114 3412 3186 περὶ
3435 3115 3546 3168 τῶν
3569 3116 3750 3186 ἐαυτῷ

477 3196 851 3267 prospexisse,
889 3208 1054 3264 quam
1098 3191 1365 3258 Nicaeum,
1427 3199 1486 3248 ut
1548 3191 1670 3248 suis
1731 3192 1849 3264 ipse
1894 3193 2053 3248 bonis

474 3291 776 3346 excideret.
807 3287 940 3342 Nam
977 3303 1158 3359 neque
1179 3288 1312 3358 quid
1345 3302 1526 3345 causa:
1558 3297 1718 3345 antea
1776 3290 1844 3345 ad
1889 3290 2058 3360 proﬂ-

476 3380 803 3436 cisrendum
838 3379 1114 3446 habuerit,
1148 3381 1282 3436 satis
1313 3380 1472 3449 scio;
1529 3395 1710 3451 neque
1749 3395 1850 3436 cur
1875 3380 2058 3438 redie-

476 3475 581 3538 rit;
618 3488 796 3544 neque
859 3489 959 3529 cur
997 3473 1193 3528 iterum
1231 3487 1458 3544 peregre
1500 3473 1571 3530 sit
1606 3474 1908 3544 profectus.
1953 3473 2058 3541 Qui

475 3565 622 3622 enim
651 3579 891 3631 nossem,
928 3579 1053 3620 eum
1093 3581 1195 3620 nec
1237 3579 1360 3620 eum
1396 3565 1652 3634 viderim,
1683 3581 1788 3623 nec
1819 3567 1956 3622 certi
1990 3567 2058 3622 de

474 3671 542 3712 eo
571 3657 868 3726 quidquam
896 3657 1343 3712 renuntiaretur?
1372 3656 1516 3725 Quin
1569 3672 1728 3713 sacra
1759 3666 1852 3712 tua
1892 3673 2056 3712 manu

477 3749 718 3818 scriptas
754 3749 966 3803 litteras
1003 3749 1145 3804 alius
1173 3749 1396 3820 quidam
1433 3750 1652 3815 attulit,
1683 3759 1737 3805 et
1763 3749 1865 3804 has
1896 3749 2058 3803 vicis-

476 3841 578 3894 sim
607 3840 796 3910 petiit;
830 3841 1088 3911 quoniam
1121 3840 1230 3911 jam
1261 3840 1477 3896 Nicmus
1512 3856 1543 3897 e
1576 3841 1740 3912 portu
1773 3841 2050 3897 solvisset.

475 3931 666 4003 Neque
699 3947 826 3988 vero
877 3932 1022 3987 mihi.
1062 3932 1283 4002 quidem
1317 3933 1409 3987 ille
1442 3934 1596 3989 visus
1651 3949 1758 3987 non
1786 3941 1901 3996 est;
1941 3931 2054 3987 dux

476 4033 662 4079 autem
701 4032 794 4078 aut
816 4025 980 4090 vidit,
1015 4031 1109 4076 aut
1166 4022 1234 4077 de
1266 4036 1332 4077 eo
1361 4023 1564 4093 aliquid
1615 4023 1808 4077 audiit.
1850 4021 1954 4076 Sed
1987 4037 2057 4077 ne

475 4114 568 4168 illo
594 4113 821 4183 quidem
853 4113 1010 4179 vidit,
1043 4119 1136 4164 aut
1176 4113 1370 4166 audiit.
1419 4110 1712 4177 Quomodo
1761 4111 1929 4179 igitur
1963 4109 2059 4163 Ni-

479 4217 621 4258 ea-us
636 4203 839 4266 vincat,
876 4203 968 4272 qui
998 4203 1052 4256 in
1081 4215 1213 4272 agro
1237 4201 1426 4270 procul
1459 4202 1526 4255 ab
1552 4201 1615 4254 iis
1642 4200 1841 4257 finibus
1889 4200 2057 4270 degit,

475 4305 532 4351 et
582 4311 682 4366 pro
734 4310 804 4350 eo
855 4293 1272 4350 commoditates
1335 4294 1603 4364 plurimas
1634 4334 1648 4356 .
1701 4295 2060 4364 quascunque

475 4385 739 4456 agricolis
807 4393 1166 4453 tempestates
1224 4383 1428 4448 ferunt,
1515 4383 1790 4453 percipit?
1865 4381 2060 4438 Plures

473 4485 656 4532 autem
693 4475 893 4539 forent,
927 4477 978 4530 si
1023 4482 1268 4530 materna
1301 4475 1442 4529 bona
1479 4475 1820 4530 retinuisset.

973 4585 1306 4642 EPISTOLA
1338 4585 1555 4642 LXXX.

932 4704 1270 4772 Philosopha:
1301 4704 1599 4772 magistre.

464 4805 466 4809 '
549 4795 790 4849 Tametsi
819 4809 926 4847 non
957 4797 1147 4847 omnia
1180 4793 1310 4846 mihi
1336 4793 1550 4861 eripere
1580 4792 1796 4846 fortuna
1845 4800 2056 4864 potest,

475 4892 588 4943 mit
623 4899 804 4960 tamen
838 4901 1181 4955 quacunque
1206 4893 1387 4955 potest
1420 4903 1433 4937 :

548 4984 680 5045 ραω
713 4981 857 5034 natis
895 4994 1058 5031 meme
1089 4978 1293 5030 orbavit
1323 4977 1606 5046 uitelli-sque
1634 4975 1900 5044 bonisque.

477 5073 584 5128 Sed
648 5073 854 5144 aptima
916 5084 1148 5139 quaeque
1201 5068 1342 5122 velle
1414 5074 1468 5122 et
1515 5067 1719 5137 injuria
1777 5065 2060 5136 oppressis

477 5164 693 5231 adesse,
721 5165 854 5218 mihi
893 5179 1176 5233 nunquam
1211 5159 1424 5230 eripiet.
1457 5158 1614 5213 Absit
1651 5158 1798 5213 enim
1848 5167 1909 5210 ut
1939 5158 2062 5210 ani-

479 5269 627 5309 mum
663 5270 882 5324 quoque
934 5270 1116 5307 meum
1145 5240 1420 5320 expugnet
1447 5250 1459 5302 ι
1492 5248 1595 5302 Odi
1640 5248 1810 5318 igitur
1842 5246 2057 5315 injusti-

475 5347 608 5398 tiam
643 5363 658 5398 :
688 5345 790 5398 hoc
843 5345 989 5396 enim
1049 5343 1176 5396 licet
1211 5359 1224 5409 ;
1259 5341 1552 5412 prohibere
1618 5348 1798 5394 autem
1861 5338 2054 5392 vellem

476 5436 748 5505 equidem.
789 5432 988 5492 Verum
1019 5447 1073 5490 et
1105 5433 1208 5488 hoc
1241 5449 1306 5486 es
1341 5447 1529 5488 eorum
1576 5446 1776 5501 genere
1801 5439 1906 5493 est,
1937 5445 2056 5498 quae

480 5527 610 5576 mihi
639 5537 820 5596 erepta
850 5535 972 5580 sunt
1016 5545 1028 5579 :
1060 5533 1116 5580 et
1159 5537 1286 5580 ante
1337 5527 1539 5579 liberos
1571 5539 1633 5578 ea
1668 5537 1726 5576 re
1779 5537 1902 5577 sum
1941 5521 2050 5590 pri-

484 5616 658 5660 satus.

2163 3203 2599 3269 λυσιτελούντων,
2646 3204 2936 3274 ῆΝίκαιος
2983 3205 3122 3276 ὑπὲρ
3167 3205 3259 3258 τοῦ
3293 3207 3408 3268 πῶς
3451 3203 3754 3277 ἀλλοτριω-

2159 3295 2277 3366 θείη
2307 3295 2413 3348 τῶν
2444 3294 2659 3350 ἑαυτοῦ.
2689 3295 2826 3349 Οῠτε
2859 3293 2966 3368 γὰρ
3003 3297 3088 3366 ἐφ’
3121 3291 3202 3360 οἷς
3241 3296 3507 3367 πρότερον
3531 3297 3754 3368 ἀπῆρεν

2158 3382 2272 3441 οἶδα
2300 3387 2481 3452 καλῶς
2505 3404 2520 3419 °
2552 3387 2663 3442 οὔτ’
2695 3388 2788 3442 ἐπὶ
2823 3389 2961 3442 τίειν
2987 3387 3290 3458 ἐπανῆλθεν
3316 3405 3328 3416 ·
3356 3386 3466 3440 οὐτ’
3489 3390 3582 3441 ἐπὶ
3602 3389 3751 3440 τίσιν

2158 3475 2316 3543 αὖθις
2347 3479 2638 3551 ἀποδημεῖ.
2679 3479 2802 3543 Πῶς
2831 3480 2962 3548 γὰρ,
2997 3477 3054 3532 ὃν
3084 3478 3194 3532 οὔτ’
3221 3474 3392 3545 εἶδον,
3441 3477 3565 3532 οὒτε
3613 3478 3749 3548 περὶ

2159 3569 2324 3622 αὑτοῦ
2377 3587 2430 3622 τι
2480 3571 2650 3640 σαφὲς
2695 3571 3106 3640 ἀπηγγέλλετοο
3167 3570 3303 3624 ἀλλά
3329 3569 3427 3642 τὴν
3456 3569 3749 3639 ἐπιστολὴν

2157 3660 2258 3730 τῆς
2302 3659 2453 3732 ἱερᾶς
2486 3677 2578 3713 σου
2606 3661 2785 3732 χειρὸς
2812 3659 2997 3732 ἕτερός
3025 3678 3106 3725 τις
3131 3661 3379 3730 ἐκόμισε,
3421 3661 3516 3714 καὶ
3540 3659 3748 3729 ταύτην

2159 3753 2481 3824 ἀντῄτησεν,
2512 3753 2587 3817 ὼς
2614 3753 2715 3824 ἠδη
2741 3751 2968 3808 Νικαίου
3001 3751 3261 3816 λύσαντος
3286 3751 3348 3805 τὸ
3371 3754 3746 3824 πρυμνήσιονς

2159 3845 2270 3897 Καὶ
2289 3845 2388 3898 οὐκ
2414 3843 2522 3914 ἐγὼ
2552 3846 2650 3915 μὲν
2680 3846 2778 3899 οὐκ
2804 3840 2941 3900 εἶδον
2967 3845 3126 3900 αὐτόν
3144 3863 3157 3877 ·
3193 3846 3221 3900 ό
3249 3846 3291 3898 δ’
3320 3845 3546 3917 ἡγεμὼν
3579 3840 3741 3907 εἶδεν,

2163 3935 2197 4004 ἢ
2227 3935 2483 4004 ἤκουσεν.
2527 3935 2689 3990 Ἀλλὰ
2734 3938 2982 4001 κάκεῖνος
3028 3936 3139 3992 οὔτ’
3169 3932 3332 4006 εἶδεν,
3374 3937 3488 3993 οὒτ’
3519 3939 3741 4010 ignoscs.

2161 4025 2284 4089 Πῶς
2310 4023 2402 4081 οὖν
2433 4028 2548 4080 ἐστι
2579 4028 2804 4082 Νίκαιον
2829 4032 2984 4101 νικᾷν
3011 4030 3298 4103 ὑπερόριον
3331 4031 3390 4082 ὲν
3421 4029 3578 4101 ἀγρῷ
3606 4029 3743 4082 διαι-

2159 4115 2401 4186 τώμενον
2424 4133 2436 4144 ’
2495 4117 2610 4170 ἀλλ’
2635 4117 2757 4170 ἀντὶ
2786 4117 2976 4172 τούτου
3023 4116 3193 4173 πολλὰ
3224 4117 3443 4187 κάγαθά
3464 4161 3478 4183 ,
3527 4119 3615 4170 καὶ
3645 4119 3740 4170 ὅσα

2162 4207 2417 4276 φέρουσιν
2437 4199 2577 4281 ὧραι
2604 4210 2715 4271 τοῖς
2739 4211 3005 4280 γεωργοῖς
3036 4208 3229 4279 ἔχοντα
3252 4228 3267 4276 ;
3299 4210 3476 4263 ID.st
3501 4209 3543 4260 δ’
3566 4209 3629 4261 ἀν
3651 4204 3736 4277 ἧν,

2162 4299 2209 4350 ει
2242 4299 2335 4352 καὶ
2364 4299 2474 4352 τῶν
2506 4297 2772 4371 μητρῴων
2799 4300 3090 4371 ἐκράτησε.

2719 4592 3062 4646 ΕΠΙΣΤΟΛΙΙ
3099 4589 3182 4645 Il'.

2729 4699 2811 4770 Τ
2833 4702 3170 4771 φιλοσόφῳ.

2249 4792 2310 4844 Εἰ
2357 4791 2449 4844 καὶ
2483 4791 2558 4862 μὴ
2603 4791 2781 4848 πάντα
2811 4796 2839 4845 ὁ
2877 4794 3090 4864 δαίμων
3117 4792 3414 4862 ἀφελέσθαι
3453 4812 3553 4864 μου
3583 4793 3733 4847 δύνα-

2156 4900 2261 4946 ται,
2297 4882 2432 4936 ἀλλὰ
2465 4881 2717 4952 βούλεται
2744 4885 2843 4936 ὅσα
2866 4901 2928 4952 γε
2961 4885 3185 4938 δύναται
3211 4899 3226 4914 ⁸

2158 4973 2263 5038 Ὃς
2292 4973 2354 5040 μ’
2380 4971 2524 5027 υἱῶν
2553 4974 2798 5027 πολλῶν
2823 4991 2885 5027 τε
2913 4973 3011 5029 καὶ
3046 4973 3274 5030 ἐσθλῶν
3301 4972 3476 5030 εὖνιν
3502 4976 3731 5038 ἔθηκεν.

2169 5063 2330 5118 Ἀλλά
2363 5065 2421 5116 τό
2452 5081 2512 5132 γε
2545 5064 2929 5137 προαιρεῖσθαι
2959 5067 3027 5119 τὰ
3058 5066 3330 5134 βέλτιστα,
3373 5068 3470 5121 καὶ
3498 5065 3735 5119 τίθεσθαι

2159 5160 2270 5218 τοῖς
2301 5155 2701 5226 ἀδικουμένοις,
2733 5159 2834 5209 οὐκ
2866 5157 3251 5229 ἀφαιρήσεται.
3297 5160 3389 5228 Μὴ
3420 5157 3527 5227 γὰρ
3555 5156 3617 5226 δὴ
3648 5157 3736 5208 καὶ

2157 5248 2263 5314 τῆς
2291 5247 2511 5317 γνώμης
2549 5245 2706 5316 ἡμῶν
2749 5247 3095 5317 κατισχύσειε
3120 5250 3133 5302 ε
3187 5245 3346 5302 Μισῶ
3377 5249 3475 5320 μὲν
3505 5243 3594 5300 οὖν
3621 5246 3733 5300 ἀδι-

2163 5337 2283 5390 κίαν
2310 5355 2322 5367 ·
2373 5336 2548 5403 ἔξεστι
2592 5338 2700 5408 γάρ
2723 5353 2736 5364 ·
2787 5338 3016 5392 κωλύειν
3041 5339 3098 5392 δὲ
3125 5338 3414 5410 βουλοίμην
3448 5339 3565 5408 μὲν,
3604 5338 3733 5390 ἀλλά

2162 5427 2256 5481 καὶ
2288 5428 2444 5480 τοῦτο
2492 5428 2600 5480 τῶν
2631 5429 3032 5499 ἀφαιρεθέντων
3067 5431 3202 5494 ἐστὶ,
3257 5433 3349 5484 καὶ
3391 5430 3599 5501 οἴχεται
3644 5428 3736 5482 καὶ

2161 5519 2318 5571 τοῦτο
2351 5521 2452 5591 προ
2482 5519 2586 5572 τῶν
2619 5520 2862 5575 παιδίων.
