3986 6158
332 178 337 183 ’
381 181 537 245 1463

1554 192 1943 256 ΕΡΙΒΤΟΜ.
1974 230 2053 251 .-
2090 200 2312 263 ΕΡΙΒΤ.
2352 204 2563 267 λειω.

3472 198 3639 280 ’μοι

396 320 555 377 μενον
583 304 752 377 νομέα
782 305 879 361 τοῦ
921 305 1060 383 βίον,
1099 308 1350 378 γενέσθαι
1386 313 1479 369 καὶ
1514 314 1611 369 τοῦ
1640 317 1944 389 νεμηθέντο

2076 319 2302 391 posuit;
2358 322 2514 379 illum
2566 324 2749 395 ipsum
2791 341 3011 398 precor,
3042 330 3140 403 qui
3190 333 3327 393 mihi
3362 334 3641 408 ejusmodi

393 396 701 470 προστάτην
720 412 734 427 ·
765 398 843 464 ὼς
877 399 952 471 μὴ
980 401 1211 472 φανῆναί
1241 420 1334 475 μοι
1363 404 1425 458 τὸ
1461 408 1695 479 πρᾶγμα
1745 409 1963 478 φιλοσο-

389 489 519 558 φίας
547 490 834 558 ἀπόϐασιν,
856 492 969 547 ἀλλ’
997 494 1078 558 είς
1109 496 1280 568 αὐτὴν
1308 498 1664 555 ἐπανάϐασιν.
1703 501 1851 567 Τέως
1881 501 1959 570 δὲ,

385 579 575 651 ὥσπερ
600 579 656 635 si
675 598 729 635 τι
759 600 849 653 μοι
874 585 983 639 τῶν
1011 584 1182 656 ἡδέων
1214 590 1642 657 συνεπεπτώκει,
1670 592 1964 648 ὲκοινωσά-

386 688 496 744 μην
522 670 590 754 ἄν
616 689 699 726 σοι
716 675 783 745 τῇ
812 675 1030 731 πάντων
1055 678 1282 753 φιλτάτῃ
1307 698 1397 752 μοι
1424 683 1671 754 κεφαλῇ·
1696 682 1840 739 οὕτω
1867 684 1961 739 καὶ

382 762 493 817 τῶν
523 749 799 836 δδσχερῶν
815 770 894 832 είς
914 768 974 822 σὲ
1000 749 1361 843 παραπέμπει)
1386 774 1485 846 τὴν
1508 749 1697 846 ακοῆν,
1723 777 1810 831 ἵνα
1835 792 1961 831 συν-

380 855 566 925 άχθοιό
613 874 693 924 τε,
737 861 831 914 καὶ
862 862 915 916 ετ
954 880 1007 917 τι
1055 863 1242 919 δύναιο
1285 865 1424 938 πρὸς
1473 866 1572 941 τὴν
1603 868 1745 940 ἐμὴν
1798 868 1961 938 φύσιν

380 945 442 1035 τὺ
488 948 720 1018 πρᾶγμα
765 950 1045 1017 ἐξετάσας,
1095 955 1417 1028 είσηγήσαιο
1457 959 1704 1031 γνώμην,
1739 961 1768 1017 ὃ
1795 959 1849 1014 τί
1888 979 1956 1035 με

379 1034 562 1106 δεήσει
587 1040 777 1093 ποιεῖν.
802 1040 916 1095 Νῦν
938 1042 1044 1116 γὰρ
1070 1044 1181 1113 ἐγὼ
1201 1044 1483 1117 πόρρωθεν
1502 1047 1646 1102 οὕτω
1670 1034 1960 1120 διαπειρῶ-

382 1142 482 1193 μαι
510 1125 603 1179 τοῦ
635 1128 978 1200 πράγματος,
1007 1132 1083 1198 ὡς
1110 1133 1335 1205 ἕϐδομον
1360 1137 1461 1209 ἤδη
1494 1138 1639 1209 μῆνα
1667 1140 1957 1211 γενόμενος

379 1217 437 1302 ὲν
464 1214 543 1286 τῷ
572 1217 749 1291 δεινῷ,
785 1221 1005 1293 μακρὰν
1042 1224 1306 1296 ἀποδημῶ
1332 1226 1441 1281 τῶν
1488 1226 1793 1298 ἀνθρώπων
1821 1232 1954 1302 παρ’

377 1301 460 1369 οἷς
499 1307 811 1380 ἱεράσομαι,
837 1312 943 1376 ἕως
974 1315 1041 1369 ἂν
1078 1315 1323 1388 ἀκριϐῶς
1360 1317 1543 1372 ὁποῖόν
1583 1320 1712 1373 ποτέ
1742 1321 1857 1375 ἐστι

378 1399 539 1468 φύσει
572 1404 910 1475 κατανοήσω.
938 1403 1057 1459 Κᾶν
1086 1405 1186 1477 μὲν
1213 1409 1430 1481 ἐγχωρῇ
1472 1408 1612 1481 μετά
1639 1402 1954 1483 φιλοσοφίας

376 1493 608 1563 πρᾶγμα
635 1495 939 1567 ἐργάσομαι
964 1513 978 1528 ο
1017 1497 1069 1549 el
1100 1497 1157 1552 δὲ
1186 1498 1398 1553 ἀλλοίόν
1427 1501 1601 1566 ἐστιν,
1626 1500 1660 1572 ἤ
1689 1502 1829 1558 κατὰ
1853 1502 1952 1572 τὴν

373 1583 514 1655 ἐμὴν
542 1585 767 1657 ἀγωγήν
792 1604 852 1641 τε
896 1588 990 1643 καὶ
1013 1589 1357 1663 προαίρεσιν,
1383 1592 1434 1645 τί
1456 1592 1607 1660 ἄλλο,
1634 1592 1670 1664 ἢ
1691 1593 1791 1666 τὴν
1818 1595 1951 1650 εὐθὺ

2064 412 2189 469 vitae
2209 413 2502 471 attributor
2527 417 2762 484 exstitit,
2790 433 2914 477 esse
2944 430 3001 478 et
3025 422 3171 495 ejus,
3191 425 3338 496 quod
3360 431 3641 495 attribuit,

2065 503 2465 563 moderatorem
2502 522 2567 563 ac
2615 518 2909 580 patronum
2942 532 2956 568 :
2999 530 3067 571 ne
3105 516 3240 575 mihi
3274 533 3364 576 res
3403 522 3506 576 ista
3539 523 3642 581 de-

2068 609 2301 653 scensus
2327 610 2359 653 a
2390 597 2760 672 philosophia,
2794 603 2890 661 sed
2918 604 2987 661 ad
3037 605 3187 663 illam
3223 623 3488 669 ascensus
3517 629 3643 671 esse

2061 687 2337 746 videatur.
2390 689 2612 748 Interim
2673 710 2827 760 vero,
2874 699 3336 768 quemadmodum
3405 702 3450 758 si
3506 705 3640 773 quid

2061 779 2194 835 mihi
2234 797 2303 837 ex
2331 783 2500 837 animi
2551 787 2825 840 sententia
2869 789 3229 861 contigisset,
3263 791 3364 847 tibi
3393 795 3637 850 omnium

2060 869 2396 930 amicissimo
2414 873 2546 930 mihi
2562 878 3085 948 communicassent;
3110 880 3191 938 sic
3207 883 3637 946 etmolestorum

2059 962 2128 1017 ad
2161 970 2217 1018 te
2246 966 2622 1023 narrationem
2647 969 2987 1038 transmitte,
3005 972 3088 1027 uti
3119 983 3174 1029 et
3214 974 3513 1032 condoleas
3539 977 3638 1032 mi-

2058 1053 2138 1121 hi,
2165 1063 2222 1113 et
2247 1056 2297 1115 si
2318 1059 2451 1129 quid
2482 1061 2690 1133 possis,
2720 1077 2780 1118 re
2803 1063 2869 1118 ad
2905 1065 3187 1136 ingenium
3219 1081 3402 1123 meum
3436 1084 3638 1141 expen-

2057 1161 2142 1211 sa,
2166 1151 2495 1206 sententiam
2520 1161 2670 1208 tuam
2699 1155 2850 1213 deeo
2878 1156 3157 1226 proferas,
3181 1157 3314 1228 quid
3344 1174 3430 1215 me
3450 1159 3638 1218 facere

2054 1248 2324 1308 oporteat.
2358 1240 2474 1312 Ego
2497 1244 2647 1301 enim
2683 1245 2821 1300 adeo
2843 1261 2991 1321 nunc
3020 1262 3053 1303 e
3078 1248 3379 1321 longinquo
3415 1251 3496 1306 rei
3542 1267 3637 1323 pe-

2055 1326 2297 1384 riculum
2350 1328 2530 1397 facio,
2581 1338 2642 1386 ut
2695 1347 2825 1389 cum
2879 1336 3172 1406 septimum
3231 1337 3347 1408 jam
3388 1354 3632 1396 mensem

2052 1419 2347 1476 mlestum
2382 1430 2438 1477 et
2467 1422 2707 1482 invisum
2770 1441 2973 1483 munus
3004 1428 3289 1499 ingressus
3320 1430 3422 1486 sim
3448 1472 3463 1496 ,
3503 1447 3633 1502 pro-

2052 1511 2143 1567 cul
2171 1511 2362 1584 degam
2404 1515 2475 1571 ab
2514 1515 2584 1573 iis
2631 1517 2775 1588 apud
2800 1533 2943 1589 quos
2972 1520 3266 1593 episcopus
3294 1538 3417 1578 esse
3433 1522 3628 1595 debeo,

2052 1602 2228 1663 donec
2260 1620 2386 1677 quae
2422 1606 2546 1676 ejus
2586 1607 2669 1689 rei
2704 1617 2902 1664 natura
2956 1611 3049 1677 sit,
3092 1600 3349 1668 accurate
3386 1615 3643 1684 penitus:

374 1677 475 1744 τῆς
520 1674 737 1749 κλεινῆς
775 1678 1023 1744 Ἑλλάδος
1065 1682 1355 1767 ἀποπλέων
1388 1685 1718 1757 οίχήσομαις
1747 1664 1944 1743 θ’Δπει-

2050 1710 2159 1767 que
2204 1664 2515 1755 didicerim.
2549 1686 2707 1766 Quod
2737 1700 2782 1754 si
2816 1717 2927 1756 una
2957 1664 3633 1775 e;.;..ii;n;;¢ihii"i.;;-

373 1766 603 1839 πταμένῳ
625 1769 734 1841 γὰρ
778 1771 878 1843 τὴν
924 1772 1267 1857 ίερωσιῧνην,⁴
1290 1766 1667 1847 απογνωστέον
1694 1779 1811 1834 ἐστὶ
1855 1781 1952 1838 καὶ⁸

371 1860 473 1929 τῆς
498 1862 774 1933 πατρίδος,
803 1864 852 1916 εί
884 1866 958 1936 μή
1002 1883 1071 1936 με
1106 1867 1186 1921 δεῖ
1212 1868 1429 1926 πάντων
1455 1871 1782 1942 ἀτιμότατον
1809 1869 1949 1930 εἶναι

372 1955 466 2006 καὶ
518 1956 942 2027 ὲπαρατότατον,
971 1958 1031 2014 ὲν
1076 1959 1217 2033 ὄχλῳ
1271 1962 1571 2034 μισούντων
1614 1965 1950 2039 ἀναστρεφό-

374 2060 555 2112 μενον.

2046 1799 2107 1840 re
2134 1785 2286 1850 istud
2325 1787 2508 1853 liceat.
2577 1805 2698 1846 eam
2730 1792 2900 1847 obibo
2933 1793 3295 1850 functiouem.
3339 1794 3436 1850 Sin
3458 1807 3544 1852 est
3570 1798 3651 1857 ut‘

2046 1877 2346 1935 abhorreat
2389 1881 2459 1936 ab
2515 1883 2862 1943 institutione
2914 1887 3213 1957 animoque
3243 1894 3462 1953 nostro,
3495 1884 3631 1959 quid

2044 1968 2191 2025 aliud
2217 1986 2383 2042 quam
2440 1982 2588 2029 recta
2615 1974 2669 2028 in
2704 1973 3119 2032 celeberrimam
3148 1975 3415 2032 Graeciam
3474 1978 3629 2032 navi-

2044 2075 2181 2132 gans
2207 2062 2565 2134 demigrabo?
2585 2066 2796 2123 Etenim
2832 2067 2998 2123 simul
3017 2069 3396 2140 episcopatum
3442 2071 3628 2137 ejura-

372 2149 520 2199 vcro,
550 2123 923 2219 desperandus
956 2139 1087 2193 mihi
1120 2141 1312 2209 patria
1354 2151 1690 2214 conspectus
1718 2153 1840 2223 est,
1869 2146 1979 2204 nisi
2017 2164 2106 2206 me
2152 2153 2399 2209 omnium
2441 2156 2993 2217 inhonoratissimum
3024 2122 3080 2216 et
3118 2122 3626 2218 exsecratissimum

369 2242 492 2282 esse
518 2236 788 2298 oporteat,
831 2229 886 2283 in
918 2244 1109 2285 eorum
1139 2232 1297 2288 turba
1331 2234 1536 2305 quibus
1564 2250 1688 2292 sum
1729 2251 1955 2308 exosus,
1991 2243 2216 2302 assidue
2242 2256 2573 2304 versantem.

889 2320 1235 2378 ΕΠΙΣΤΟΛΗ
1271 2323 1402 2393 scr.

1000 2408 1044 2471 Τ
1045 2411 1092 2481 ᾧ
1126 2415 1306 2482 αὐτῷ.

437 2498 547 2573 Τὴν
589 2501 878 2578 ἐπιστολὴν
922 2504 1333 2576 ἀναγινώσκων,
1366 2510 1425 2562 ὲν
1539 2508 1783 2584 διηγήσω
1811 2511 1943 2585 περὶ

365 2593 464 2662 τῆς
487 2595 820 2666 ἀρρωστίας,
847 2597 942 2650 καὶ¹
983 2598 1257 2672 ἐφοϐήθην
1282 2599 1602 2675 ἀρχόμενος,
1634 2603 1732 2657 καὶ⁵
1772 2602 1943 2658 παυό-

367 2703 382 2754 ε
410 2701 527 2749 ενος
564 2685 934 2761 ἀνεθάρρησα.
981 2689 1309 2764 ’Δπειλήσας
1337 2693 1448 2766 γὰρ
1473 2684 1736 2760 κίνδυνον,
1776 2697 1939 2768 εὐηγ-

363 2777 562 2843 γελίσω
591 2777 659 2834 τὰ
678 2779 871 2853 λῴονα.
899 2783 1036 2855 Περὶ
1057 2776 1134 2839 ὧν
1161 2785 1217 2839 δὲ
1242 2785 1452 2859 ᾔτησας
1474 2782 1791 2859 πεμφθῆναι
1815 2787 1949 2860 παρ’

364 2869 574 2943 ἰλμῶνῆ
601 2873 952 2945 κομισθῆναι,
973 2874 1043 2930 τὰ
1060 2875 1267 2930 δυνατά
1292 2878 1470 2932 πάντα
1495 2870 1713 2943 πάντως
1741 2877 1775 2951 η
1806 2894 1946 2950 πεμ-

363 2962 648 3035 φθήσεται,
677 2966 1149 3045 ῆνκομισθήσεται.
1178 2971 1313 3024 Τίνα
1341 2971 1397 3024 δὲ
1422 2972 1602 3027 αὐτῶν
1630 2972 1698 3028 τὰ
1718 2972 1942 3036 δυνατὰ,

2539 2338 2881 2399 EPISTOLA
2910 2333 3093 2402 XCVI.

2724 2432 2772 2488 Ε
2776 2434 2934 2489 idem.

2115 2517 2252 2576 Cum
2288 2512 2578 2592 epistolam
2601 2523 2862 2595 legerem,
2894 2525 2951 2580 in
2975 2540 3083 2590 qua
3110 2523 3487 2599 aegritudinem
3530 2540 3625 2580 ex-

2043 2609 2289 2680 ponebas
2323 2622 2497 2680 tuam,
2525 2622 2581 2669 et
2617 2614 2777 2671 initio
2807 2616 3019 2671 veritus
3053 2629 3198 2689 sum,
3259 2624 3315 2671 et
3346 2623 3626 2687 postremo

2045 2703 2291 2759 animum
2333 2705 2630 2777 resumpsi.
2665 2696 2959 2778 Postquam
2990 2707 3136 2761 enim
3169 2704 3476 2778 periculum
3516 2705 3624 2760 mi-

2041 2805 2209 2867 natus
2233 2812 2318 2865 es,
2337 2798 2562 2854 meliora
2592 2805 2783 2870 postea
2820 2797 3166 2869 significasti.
3186 2797 3261 2855 De
3288 2797 3493 2869 quibus
3525 2812 3623 2852 ve-

2041 2900 2107 2941 ro
2126 2887 2394 2957 postulas,
2414 2896 2474 2945 ut
2497 2904 2527 2943 a
2550 2889 2708 2945 nobis
2727 2898 2822 2945 aut
2840 2890 3126 2944 mittantur
3142 2898 3237 2944 aut
3252 2890 3622 2960 perferantur,

2050 2994 2387 3050 quaecunque
2411 2980 2465 3036 in
2491 2989 2679 3039 nostra
2699 2992 2864 3038 erunt
2886 2990 3178 3054 potestate,
3206 2981 3391 3037 omnia
3437 2980 3627 3052 utique

364 3059 456 3113 nisi.
486 3057 555 3113 τὰ
602 3058 678 3131 μὴ
719 3059 950 3125 δυνατὰ,
1001 3063 1254 3134 περιττὸν
1298 3064 1549 3135 γράφειν.
1582 3065 1730 3137 Αὐτὴ
1760 3065 1869 3137 γὰρ
1906 3065 1944 3136 ἡ

2046 3049 2333 3129 mittentur
2356 3081 2451 3128 aut
2475 3058 2841 3155 perferentur.
2866 3049 3041 3130 lsorro
3065 3088 3187 3144 qua:
3217 3074 3271 3128 in
3296 3079 3484 3127 nostra
3513 3049 3625 3128 sint
3668 3124 3674 3129 .

359 3148 507 3213 ὄζεις
546 3149 818 3216 ἐπιδείξει.
863 3152 1221 3225 Ἔρῤωμὲνως
1254 3157 1348 3208 καὶ
1374 3155 1647 3225 εὐδαίμων
1673 3157 1936 3229 διαϐιῴης

360 3239 478 3311 Θεῷ
517 3242 930 3314 κεχαρισμένος,
963 3246 1143 3316 ἑταῖρε
1192 3236 1505 3318 τριπόθητε.
1533 3248 1748 3303 Γένοιτο
1790 3250 1937 3321 ἡμᾶς

361 3333 454 3389 καὶ
507 3333 885 3405 συμμίξαντας
908 3337 1151 3409 ἀλλήλων
1188 3333 1344 3403 αὖθις
1375 3330 1702 3405 ἀπολαῦσαι,
1731 3340 1825 3395 καὶ
1860 3341 1936 3414 μὴ

363 3422 703 3493 προεξέλθοις
729 3427 855 3503 πρὶν
888 3426 953 3482 ἂν
985 3427 1233 3499 ἀλλήλοις
1270 3430 1597 3501 ἐντύχωμεν.
1627 3432 1690 3484 Ei
1715 3430 1772 3484 δὲ
1802 3430 1935 3496 Θεὸς

358 3512 496 3586 ἄλλῃ
534 3532 609 3586 πη
653 3516 1022 3587 βεϐούλευται,
1059 3522 1121 3573 σὺ
1153 3521 1209 3574 δὲ
1250 3521 1344 3575 καὶ
1380 3522 1625 3576 ἀπόντων
1650 3520 1804 3595 ήμῶν
1836 3525 1935 3593 μέ-

361 3623 553 3675 μνησο.
603 3608 847 3664 Βελτίοσι
879 3610 979 3682 μὲν
1005 3613 1115 3684 γὰρ
1144 3613 1397 3667 Συνεσίου
1427 3613 1649 3686 ἐντεύξῃ
1688 3612 1899 3679 πολλοῖς
1918 3632 1932 3647 ·

359 3697 570 3767 φιλοῦσι
601 3700 658 3755 δὲ
686 3703 918 3773 μᾶλλον,
949 3706 1049 3759 οὐκ
1072 3706 1148 3762 τᾶν
1179 3706 1358 3771 ἄλλοις
1384 3704 1647 3778 ἐντύχοιςο

899 3982 1240 4039 amarem
1275 3980 1386 4053 uz'.

994 4073 1076 4141 Τῷ
1113 4075 1293 4142 αὐτῷ.

428 4164 551 4231 Πῶς
578 4167 681 4222 οἴει
719 4184 788 4239 με
825 4166 1063 4238 διψῶντα
1092 4171 1213 4233 ταῖς
1241 4169 1488 4239 ἡδίσταις
1511 4168 1820 4235 ἐπιστολαῖς
1847 4172 1933 4225 ὲν-

352 4256 744 4329 τετυχηκέναι;
773 4260 907 4331 Περὶ
937 4262 1063 4314 ποῖα
1093 4260 1149 4313 δὲ
1182 4261 1323 4332 μέρη
1352 4261 1459 4316 τῶν
1484 4262 1783 4317 ἐπιστολῶν
1811 4263 1933 4334 οὐχὶ

358 4349 504 4421 πάσῃ
528 4349 846 4422 διαχυθῆναι
875 4355 940 4424 τῇ
965 4353 1145 4424 ψυχῇ;
1194 4353 1313 4422 Ἀφ’
1337 4346 1413 4408 ὧν
1434 4348 1596 4425 ἦλθον
1624 4355 1704 4418 είς
1738 4354 1933 4410 πολλα·
1962 4389 2010 4447 D

354 4442 585 4497 πλασίαν
609 4444 867 4512 διάθεσιν,
898 4448 992 4501 καὶ
1018 4447 1117 4501 οὐκ
1146 4449 1225 4512 είς
1266 4448 1483 4520 μακρὰν
1515 4449 1800 4521 προσδοκῶ
1832 4449 1930 4521 τὴν

366 4533 770 4608 Ἀλεξάνδρειαν
816 4536 1046 4609 ἔχουσαν
1076 4538 1156 4593 ἔτι
1189 4539 1286 4610 τὴν
1331 4541 1504 4611 φίλην
1520 4540 1761 4612 κεφαλὴν
1801 4539 1931 4610 ὅψε-

356 4627 496 4681 σθαι.
535 4628 642 4682 Καὶ
671 4630 755 4698 ἐφ’
792 4624 873 4694 οἷς
915 4630 1023 4702 γὰρ
1051 4631 1343 4701 Σεκοῦνδον
1372 4627 1430 4684 εὖ
1455 4633 1737 4705 ἐποίησας,
1779 4634 1932 4704 ἡμᾶς

354 4719 621 4791 ἐτίμησας
639 4733 655 4748 ⁸
681 4721 774 4774 καὶ
801 4721 888 4791 ἐφ’
914 4716 994 4786 οἷς
1019 4722 1158 4776 οὕτω
1184 4723 1410 4795 γράφων
1436 4725 1621 4795 τιμᾷς,
1649 4723 1933 4795 ὲξηρτήσω

354 4812 574 4875 σαυτοῦ,
625 4813 718 4866 καὶ
754 4813 1016 4884 ἐποίησας
1066 4810 1206 4868 εἶναι
1261 4813 1427 4878 σούς·
1474 4817 1607 4889 παρ’
1653 4810 1776 4869 ὅσον
1821 4814 1932 4870 τῶν

352 4903 526 4972 χαμαὶ
546 4903 860 4976 ἐρχομένων
884 4906 1163 4970 {iungebat
1185 4905 1618 4978 ὲπιγινώσκομεν
1633 4909 1732 4979 τὴν
1751 4908 1931 4974 ἀξίαν,

350 4996 509 5068 διπλῇ
546 4998 867 5070 τιμώμενοι,
897 5000 989 5054 καὶ
1018 4998 1095 5070 τῷ
1143 5000 1359 5071 μεγέθει
1396 5000 1506 5055 τῶν
1549 5002 1929 5073 γραφομένων,

352 5089 444 5141 καὶ
464 5091 530 5161 τῇ
562 5089 764 5161 σπουδῇ
810 5091 917 5147 τῶν
947 5092 1273 5162 γενομένων.
1317 5092 1407 5163 Τῷ
1447 5093 1680 5164 δεσπότῃ
1726 5109 1828 5163 μου
1852 5092 1931 5163 τῷ

352 5181 563 5251 Κὸμητι
594 5166 847 5253 γέγραφα
891 5185 988 5254 μὲν
1018 5184 1116 5254 ἠδη
1151 5184 1410 5248 πολλάκις
1431 5200 1443 5213 ·
1476 5185 1598 5237 ἐπεὶ
1637 5185 1693 5237 δὲ
1720 5185 1777 5237 ἐν
1812 5187 1930 5246 ταῖς·

349 5270 438 5323 διὰ
462 5271 557 5325 τοῦ
591 5273 779 5338 παιδὸς
826 5275 1134 5340 ἐπιστολαῖς
1164 5277 1312 5346 αἰτιᾷ
1348 5276 1422 5347 μὴ
1453 5276 1766 5345 γεγραφότα
1786 5275 1930 5345 ’πρὸς

350 5362 531 5426 οὐτόν,
558 5364 804 5436 ἐπέθηκα
826 5366 918 5419 καὶ
946 5366 1024 5438 τῷ
1051 5368 1285 5440 δεσπότῃ
1328 5385 1428 5437 μου
1450 5367 1529 5439 τῷ
1556 5367 1770 5439 ἀδελφῷ
1795 5368 1930 5439 πρὸς

348 5440 509 5508 αϋτὸν
537 5457 860 5528 γράμματα.
899 5460 1241 5530 Ἐρρωμένος
1274 5460 1369 5513 καὶ
1401 5460 1735 5532 εὐδαιμονῶν
1756 5460 1931 5515 διατέ-

350 5544 431 5597 λει
452 5545 769 5617 φιλοσοφίας
796 5548 934 5620 ἔχων
961 5551 1236 5621 φροντίδα,
1260 5551 1357 5624 ὅση
1385 5552 1653 5622 προσήκει
1687 5549 1767 5620 τῷ
1789 5551 1929 5621 μετᾶ

352 5636 508 5689 θείων
545 5638 760 5708 ἐρώτων
788 5643 1047 5713 ήργμὲνῳ
1079 5645 1298 5715 ταύτης.
1343 5645 1474 5698 ’Λπὸ
1500 5646 1596 5718 τῆς
1628 5643 1813 5715 κλίνης
1846 5662 1927 5698 σοι

2036 3170 2308 3232 potestate
2339 3180 2529 3235 quwve
2568 3181 2679 3221 non
2707 3165 2838 3235 sint,
2877 3166 3119 3222 scribere
3152 3179 3622 3236 supervacaneum

2037 3263 2141 3311 est.
2166 3250 2221 3312 id
2243 3256 2389 3312 enim
2419 3256 2648 3312 donatio
2667 3256 2783 3327 ipsa
2807 3257 3158 3313 monstrabit.
3180 3255 3361 3311 Sanus
3386 3254 3624 3324 felixque

2035 3358 2298 3418 perpetuo
2321 3349 2493 3412 vivas.
2534 3348 2756 3421 Deoque
2791 3359 3070 3421 acceptus,
3097 3364 3130 3404 o
3159 3346 3365 3405 sodalis
3393 3346 3623 3418 aptatis-

2038 3437 2200 3494 sime!
2227 3441 2290 3493 Et
2308 3440 2512 3494 utinam
2537 3440 2829 3510 aliquando
2853 3448 3040 3494 mutua
3067 3437 3462 3495 consuetudine
3487 3452 3623 3506 gau-

2036 3531 2230 3586 dentes
2272 3531 2503 3589 invicem
2546 3530 2655 3585 frui
2704 3531 2896 3593 liceat,
2936 3546 3038 3586 nec
3080 3538 3136 3584 tu
3181 3536 3307 3583 ante
3365 3526 3619 3583 discedas

2035 3636 2196 3693 quam
2224 3622 2384 3693 237
2419 3637 2519 3677 nos
2547 3622 2685 3677 inter
2720 3636 2818 3677 nos
2840 3619 3168 3677 viderimus!
3203 3618 3298 3674 Sin
3331 3618 3475 3673 aliud
3514 3615 3626 3673 Deo

2034 3714 2211 3769 visqu
2235 3714 2417 3777 fuerit,
2438 3724 2493 3767 tu
2511 3729 2638 3768 vero
2658 3715 2821 3769 etiam
2843 3713 3087 3769 absentis
3105 3708 3275 3769 nostri
3304 3709 3619 3766 recordare.

2037 3806 2247 3860 Etenim
2288 3806 2540 3859 meliores
2565 3792 2795 3876 Syuesio
2826 3804 3025 3859 multos
3061 3802 3306 3857 invenies
3327 3819 3347 3869 -,
3366 3801 3461 3871 qui
3493 3815 3622 3856 vero

2035 3897 2337 3970 impensius
2358 3896 2611 3968 diligant,
2659 3912 2765 3951 non
2797 3896 2954 3949 facile
2983 3895 3188 3950 multos
3213 3894 3478 3948 invenies.

2540 3985 2876 4042 EPISTULA
2905 3984 3119 4041 XCVII.

2326 4136 2332 4143 .
2727 4078 2936 4134 Eidem.

2105 4175 2277 4241 Quam
2310 4189 2395 4229 me
2416 4182 2574 4245 putas
2601 4173 2878 4229 sitientem
2900 4172 3261 4228 suavissimas
3296 4168 3502 4240 legisse
3528 4170 3618 4222 lit-

2034 4271 2181 4319 teras
2208 4266 2365 4321 tuas?
2394 4264 2567 4332 Quam
2610 4263 2848 4334 porroin
2884 4276 3079 4319 earum
3108 4266 3318 4331 partem
3347 4274 3459 4313 non
3499 4259 3619 4311 ani-

2036 4373 2186 4411 mum
2259 4371 2476 4413 omnem
2533 4354 2828 4413 effudisse?
2886 4355 2961 4411 Ex
3001 4352 3203 4426 quibus
3261 4352 3432 4406 variis
3496 4365 3624 4406 sum

2034 4450 2211 4507 modis
2251 4448 2526 4517 alfectus;
2570 4463 2671 4504 nec
2709 4449 2873 4519 longo
2897 4453 3021 4519 post
3056 4453 3303 4516 tempore
3339 4442 3499 4515 spero
3528 4459 3619 4499 me

2033 4540 2419 4596 Alexandriam
2463 4539 2700 4595 amicum
2740 4537 2918 4594 adhuc
2940 4537 3075 4592 mihi
3117 4536 3408 4592 habentem
3449 4542 3615 4613 caput

2032 4649 2153 4690 esse
2190 4633 2462 4689 visurum.
2503 4630 2639 4687 Nam
2680 4633 2825 4702 quod
2865 4639 2925 4686 tu
2967 4631 3035 4686 de
3072 4627 3327 4685 Secundo
3368 4629 3508 4685 bene
3548 4642 3615 4684 es

2032 4727 2281 4795 meritus,
2317 4743 2380 4783 ea
2400 4741 2459 4781 re
2490 4724 2619 4781 mihi
2645 4725 2909 4781 honorem
2944 4723 3209 4785 tribuisti,
3233 4732 3288 4778 et
3313 4719 3458 4793 quod
3482 4720 3623 4776 adeo

2034 4816 2337 4874 honorifice
2375 4816 2592 4879 scribis,
2638 4830 2726 4870 me
2763 4814 2859 4869 tibi
2901 4812 3120 4884 penitus
3166 4810 3512 4875 devi’nClum,
3553 4824 3618 4863 ac

2032 4916 2189 4965 tuum
2216 4907 2525 4972 reddidisti,
2559 4904 3010 4977 quandoquidem
3047 4904 3199 4958 humi
3232 4919 3336 4959 nos
3364 4910 3619 4973 repentes

2032 5005 2199 5055 tantae
2222 4999 2303 5055 rei
2342 5000 2600 5055 meritum
2633 5012 2741 5052 non
2801 4994 3180 5067 agnoscimus,
3215 5011 3341 5052 cum
3382 4993 3614 5063 duplici-

2032 5098 2116 5148 ter
2145 5091 2505 5155 bonoramur,
2537 5100 2592 5146 et
2620 5106 2812 5146 eorum
2838 5105 2959 5160 quae
2994 5088 3318 5145 scribuntur
3345 5087 3616 5158 magnitu-

2031 5183 2182 5247 dine,
2202 5192 2256 5238 et
2273 5199 2464 5240 eorum
2493 5198 2615 5254 qua:
2652 5183 2791 5237 facta
2824 5189 2953 5237 sunt
2979 5181 3163 5236 studio
3200 5196 3266 5235 ac
3306 5179 3610 5250 diligentia.

2031 5274 2265 5331 Domino
2294 5291 2416 5331 meo
2443 5275 2640 5331 Comiti
2664 5274 2861 5346 scripsi
2901 5273 3122 5344 quidem
3162 5281 3220 5329 et
3256 5274 3393 5328 alias
3433 5286 3612 5340 saepe;

2032 5368 2128 5425 sed
2160 5368 2419 5438 quoniam
2458 5366 2515 5421 in
2542 5366 2747 5421 litteris
2785 5380 2925 5435 quas
2969 5380 3069 5436 per
3109 5379 3343 5436 puerum
3384 5363 3607 5428 misisti,

2031 5474 2259 5516 accusas
2291 5475 2377 5515 me
2401 5457 2545 5528 quod
2579 5457 2714 5513 nihil
2741 5458 2809 5513 ad
2839 5474 2965 5514 eum
2997 5456 3340 5529 scripserim,
3377 5454 3604 5509 domino

2033 5567 2156 5608 meo
2180 5551 2337 5607 fratri
2379 5551 2591 5606 litteras
2616 5549 2684 5603 ad
2717 5565 2846 5606 eum
2875 5550 3021 5606 dedi.
3048 5546 3344 5605 Incolumis
3378 5546 3605 5601 beatus-

2036 5656 2141 5713 que
2180 5655 2519 5713 perseveres,
2549 5640 2912 5712 philosophiae
2946 5648 3097 5697 tanto
3125 5637 3379 5695 addictus
3395 5635 3609 5696 studio.
