3986 6158
1524 270 1795 329 mseu
1833 269 2296 328 PTOLEMAIDIS
2333 268 2646 329 EPISCOPI
3565 246 3691 329 uss

445 273 573 335 “67

441 400 710 467 quantum
736 407 835 465 par
862 400 946 449 est
977 407 1104 448 eum
1139 391 1360 460 habere,
1394 396 1487 465 qui
1521 395 1696 450 divini
1726 395 2017 466 cujusdam

2127 395 2394 467 γέγραφα,
2437 394 2591 465 μόλις
2619 392 2946 463 ἀνεχόμενος
2973 392 3055 455 είς
3073 388 3363 461 διασκευὴν
3392 390 3504 444 τῶν
3523 407 3692 464 γραμ-

338 554 351 565 ,
444 486 651 543 amoris
713 485 955 556 impulsu
996 483 1151 538 illam
1218 485 1482 556 attigerit.
1525 485 1796 543 Electulo
1844 488 1911 542 ad
1973 496 2021 543 te

2129 488 2333 559 μάτων.
2361 486 2530 554 Εὖξαι
2552 484 2620 539 τὰ
2645 485 2842 556 ἄριστα
2870 485 3025 554 ἡμῖν,
3052 483 3193 553 ειπερ
3218 482 3285 536 ἂν
3304 484 3331 536 ὁ
3351 480 3485 546 Θεδς
3509 481 3693 554 ἄριστα

443 577 667 649 scripsi,
709 575 777 631 ad
812 575 1025 632 litteras
1063 576 1437 634 conﬁciendas
1472 593 1614 650 :egre
1653 586 2020 635 sustentatus.

444 672 528 728 Tu
579 670 741 727 nobis
770 685 998 740 precare
1026 672 1443 743 quamoptima,
1483 687 1608 743 qua:
1634 671 1845 727 scilicet
1880 668 2024 727 Deus

441 763 649 834 optima
706 776 829 817 esse
884 760 1238 831 iudicaverit.
1286 761 1343 817 Si
1422 763 1780 829 convaluere,
1835 763 2022 819 statim

442 853 831 911 Alexandriam
889 852 1171 921 aspirabo.

922 939 1266 1001 EI’ISTOLA
1304 943 1538 1001 XCVIII.

1125 1035 1337 1092 Eidem.

514 1123 885 1198 Epistolarum
924 1141 1068 1182 nova
1109 1126 1227 1183 haec
1267 1142 1296 1181 a
1337 1127 1499 1183 nobis
1540 1126 1678 1181 inita
1734 1125 1877 1182 ratio
1915 1136 2022 1183 est.

442 1213 561 1271 Non
592 1217 740 1272 enim
780 1232 848 1273 eo
891 1217 1089 1288 scripsi
1132 1224 1191 1270 ut
1214 1216 1367 1270 illum
1408 1216 1667 1271 amicitiae
1693 1224 1801 1271 tua:
1831 1219 2023 1272 conci-

444 1310 673 1373 liarem,
728 1322 758 1361 a
790 1322 902 1377 quo
950 1308 1048 1362 has
1089 1308 1302 1364 litteras
1339 1307 1606 1381 accipies,
1650 1307 1747 1367 sed
1805 1317 1864 1363 ut
1898 1325 2022 1368 eum

445 1402 543 1457 tibi
574 1401 820 1456 beneﬁcii
858 1402 1043 1469 potius
1078 1415 1144 1456 ac
1165 1402 1353 1471 gratiae
1390 1401 1515 1455 loco
1548 1402 1759 1468 darem,
1783 1402 1875 1473 qui
1913 1419 2021 1458 non

443 1490 709 1546 mediocri
759 1491 858 1545 tibi
889 1531 905 1556 ,
947 1507 1011 1547 ac
1049 1506 1250 1562 magno
1283 1490 1514 1563 Diogeni
1552 1492 1766 1549 deliciis
1803 1494 1913 1559 tuis
1950 1494 2025 1553 sit

442 1583 601 1637 lucro
627 1581 870 1639 futurus.
913 1583 1103 1653 Neque
1138 1597 1268 1638 vero
1297 1598 1632 1641 succensere
1660 1593 1714 1641 te
1747 1585 1879 1640 mihi
1926 1602 2024 1657 par

2123 578 2426 649 δοκιμάσοι.
2472 577 2600 631 Ἐὰν
2650 573 2973 648 ἁνασφήλω,
3021 574 3115 627 ἐπὶ
3162 573 3261 647 τὴν
3303 573 3693 647 Ἀλεξάνδρειαν

2123 671 2286 735 εὐθὺς
2315 671 2487 742 ἵεμαι.

2664 760 3012 819 amarem
3049 760 3173 829 ur.

2768 850 2855 916 Τῷ
2888 849 3069 916 αὐτῷ.

2195 946 2397 1010 Καινδς
2450 939 2607 1008 οὖτος
2671 944 2873 1015 τρόπος
2934 941 3314 1014 ἐπιτηδξύεται
3380 946 3514 1014 παρ’
3572 943 3691 1015 ἐμιιῦ

2123 1038 2312 1109 χρείας
2341 1035 2661 1091 ἐπιστολῶν.
2704 1035 2779 1089 Οὐ
2819 1033 2930 1105 γὰρ
2966 1034 3055 1087 ἴνα
3087 1037 3339 1105 συστήσω
3366 1038 3432 1106 τῇ
3466 1034 3611 1105 φιλίᾳ
3636 1039 3693 1107 τῇ

2126 1130 2191 1199 σῇ
2226 1128 2315 1182 τδν
2353 1126 2656 1181 ἐπιδιδόντα
2698 1126 2796 1199 τὴν
2838 1126 3150 1200 ἐπιστολὴν,
3188 1127 3478 1196 γέγραφα·
3526 1125 3608 1178 ἵνα
3642 1127 3691 1180 δέ

2124 1236 2205 1272 σοι
2240 1218 2329 1273 τὸν
2361 1219 2531 1291 ἄνδρα
2566 1218 2899 1291 χαρίσωμαι,
2927 1219 3116 1290 κέρδος
3141 1218 3202 1272 οὐ
3236 1218 3432 1290 μικρὸν
3456 1218 3694 1287 ἐσόμενον

2124 1312 2208 1365 σοί
2264 1329 2325 1365 τε
2369 1312 2463 1366 καὶ
2499 1311 2578 1383 τῷ
2608 1311 2825 1383 μεγάλῳ
2851 1311 3090 1381 Διογένει
3120 1314 3233 1375 τοῖς
3265 1313 3378 1374 σοῖς
3420 1310 3690 1374 παιδικοῖς.

2124 1404 2233 1457 Καὶ
2259 1403 2333 1475 μὴ
2363 1402 2672 1474 χαλεπήνης
2701 1405 2749 1456 εί
2778 1402 2966 1475 κέρδος
2988 1403 3087 1473 οὐχ
3107 1402 3253 1474 ὑμᾶς
3281 1401 3548 1473 Θεοτίμῳ,
3579 1402 3693 1455 856-

2121 1506 2281 1559 τιμον
2304 1488 2360 1542 δὲ
2394 1490 2523 1559 ὑμῖν
2553 1486 2690 1543 εἶναι
2708 1489 3012 1562 δοκιμάζω,
3036 1492 3129 1544 καὶ
3157 1490 3315 1560 λέγω.
3360 1490 3523 1544 Ἀλλά
3550 1488 3692 1545 τοῦτο

2123 1579 2178 1632 εί
2207 1596 2268 1651 γε
2316 1579 2547 1652 ποιητὴς
2579 1579 2717 1653 ἀνὴρ
2758 1582 2867 1634 τῶν
2917 1579 3013 1634 νῦν
3062 1579 3394 1643 ὲνθεώτατος
3431 1581 3693 1651 δυνάμεως

440 1683 548 1740 est,
582 1676 628 1732 si
663 1692 774 1731 non
836 1692 936 1733 vos
966 1675 1277 1740 Theotimo,
1342 1674 1438 1733 sed
1470 1674 1818 1733 Theotimum
1868 1677 2021 1733 vobis

2127 1671 2327 1726 δέοιτο·
2377 1672 2658 1743 δυνάμεως
2706 1671 2763 1725 δὲ
2815 1672 2985 1726 δεῖταί
3022 1672 3135 1744 (28)
3184 1690 3267 1736 τις
3486 1690 3569 1737 τις
3611 1671 3689 1744 iv]

446 1737 600 1823 lucro
624 1768 868 1822 futurum
900 1768 1100 1835 sentio,
1124 1737 1286 1840 atque
1310 1768 1455 1824 dico.
1489 1767 1598 1825 Sed
1631 1769 1736 1824 hoc
1758 1770 2021 1825 nimirum

2132 1764 2442 1836 ποιητικῆς,
2479 1737 2566 1818 ἵνα
2615 1765 2711 1819 καὶ
2748 1767 2859 1830 τοῖς
2911 1737 3207 1837 μετέπειτα
3237 1737 3393 1839 δόξῖη,
3437 1766 3529 1820 καὶ
3571 1737 3693 1838 μηδίί

445 1862 521 1916 ita
556 1878 615 1918 se
637 1862 821 1925 habet,
861 1861 908 1917 si
938 1869 992 1918 et
1023 1861 1107 1916 vir
1128 1862 1221 1916 ille
1262 1870 1347 1918 est
1376 1863 1645 1930 omnium,
1673 1864 1768 1934 qui
1831 1863 2026 1918 vivunt

447 1952 630 2017 hodie,
664 1963 946 2024 poetarum
976 1952 1383 2018 divinissimus,
1442 1963 1497 2011 et
1556 1956 1771 2026 poetica
1801 1954 1853 2010 vi
1885 1970 2024 2026 opus

443 2044 720 2115 quispiam
755 2044 938 2108 habet,
976 2054 1036 2099 ut
1070 2053 1125 2101 et
1170 2045 1407 2115 posteris
1453 2045 1685 2104 illustris
1750 2047 2022 2113 videatur,

442 2141 497 2189 et
521 2151 587 2190 ne
608 2135 926 2191 absentibus
955 2133 1173 2206 quidem
1200 2135 1274 2191 sit
1298 2134 1538 2207 ignotus.
1557 2136 1771 2194 Etenim
1797 2139 2025 2213 praecla-

442 2241 503 2281 ra
523 2240 752 2297 quaeque
773 2226 1037 2292 facinora,
1068 2228 1113 2282 si
1140 2229 1408 2286 orationis
1440 2229 1606 2301 238
1628 2238 1852 2286 careant
1884 2246 2024 2301 pra:-

442 2320 625 2387 eonio,
658 2335 689 2376 e
716 2320 982 2376 memoria
1010 2320 1291 2387 excidunt,
1318 2329 1373 2377 et
1427 2322 1708 2383 oblivione
1740 2322 2021 2393 sepeliun-

443 2423 558 2477 tur,
582 2428 682 2484 per
711 2413 766 2468 id
800 2414 1003 2479 solum,
1057 2429 1169 2484 quo
1236 2423 1534 2485 geruntur,
1597 2425 1813 2487 tempus
1877 2417 2020 2487 apud

441 2518 540 2559 eos
578 2503 871 2569 celebrata,
913 2503 1008 2575 qui
1042 2517 1231 2560 coram
1283 2504 1589 2570 intuentur.
1651 2506 2021 2581 Quamobrem

441 2604 644 2666 praeter
681 2611 833 2667 spem
895 2596 1141 2652 oblatum
1173 2596 1329 2654 vobis
1364 2598 1468 2654 hoc
1501 2600 1857 2656 commodum
1906 2615 2024 2655 ma-

441 2686 531 2755 gni
570 2684 875 2743 faciendum
906 2697 1014 2753 est,
1038 2704 1104 2746 ac
1136 2690 1221 2745 vel
1267 2690 1414 2753 citra
1446 2691 1841 2753 necessitatem
1870 2708 2023 2754 sum-

442 2766 533 2831 mo
591 2780 774 2835 studio
812 2781 1313 2853 complectentium.
1349 2780 1485 2836 Nam
1536 2782 1608 2837 ob
1633 2782 1912 2840 Musarum
1938 2799 2021 2839 re-

442 2871 767 2934 verentiam,
791 2885 981 2926 earum
1014 2872 1183 2931 etiam
1210 2871 1589 2928 sacerdotibus
1617 2888 1836 2929 omnem
1869 2873 2021 2929 adhi-

441 2956 570 3012 bere
599 2956 996 3015 humanitatem
1025 2963 1282 3019 convenit
1313 2978 1449 3019 :nec
1490 2963 1789 3021 inferiores
1825 2965 1893 3021 iis
1916 2966 2016 3021 du-

2125 1856 2252 1921 τοὺς
2281 1856 2521 1918 ἀπόντας
2556 1856 2713 1930 λάθῃ.
2752 1856 2835 1911 Τὰ
2862 1856 2973 1928 γὰρ
3021 1856 3233 1928 μεγάλα
3263 1856 3378 1910 τῶν
3423 1855 3610 1929 ἔργων,
3634 1856 3693 1910 ἂν

2129 1947 2203 2019 μὴ
2238 1949 2383 2023 τύχῃ
2408 1946 2580 2017 λόγων
2626 1945 2905 2019 κηρύκων,
2941 1948 3173 2020 ἀπορρεῖ
3195 1947 3297 2018 τῆς
3346 1949 3583 2020 μνήμης,
3610 1948 3693 2001 καὶ

2124 2038 2293 2112 λήθην
2323 2038 2680 2110 ἀμπίσχεται,
2724 2039 2855 2110 παρ’
2887 2039 3048 2093 αὐτὸν
3080 2040 3241 2111 μόνον
3282 2038 3381 2093 τὸν
3419 2038 3510 2092 τοῦ
3547 2038 3694 2110 api:-

2124 2136 2312 2190 τεσθαι
2347 2135 2538 2207 καιρὸν
2566 2136 2624 2189 ὲν
2667 2136 2782 2200 τοῖς
2816 2134 3019 2206 δρῶσιν
3063 2134 3401 2204 ἀνθήσαντα.
3441 2134 3615 2206 Ταύτῃ
3641 2150 3692 2188 τε

2124 2225 2216 2284 οὖν
2244 2228 2501 2300 τιμητέον
2532 2226 2661 2299 ὑμῖν
2690 2226 2751 2281 τδ
2779 2227 3029 2300 ἕρμαιον,
3056 2229 3151 2283 καὶ
3177 2227 3299 2281 ἀντὶ
3321 2227 3526 2291 παντὸς
3545 2243 3693 2280 σπου-

2122 2324 2369 2388 δαστέον,
2398 2323 2491 2377 καὶ
2520 2322 2642 2394 δίχα
2669 2322 2768 2394 τῆς
2789 2322 2999 2395 χρείας.
3027 2322 3177 2377 Αἰδοῑ
3208 2322 3316 2392 γὰρ
3351 2321 3561 2394 μουσῶν
3580 2322 3691 2385 τοὺς

2127 2416 2290 2488 ίερείς
2319 2413 2500 2469 αὐτῶν
2532 2413 2681 2480 ἄξιον
2707 2413 3011 2485 περιέπειν,
3049 2412 3143 2468 καὶ
3179 2412 3255 2484 μὴ
3293 2411 3582 2484 δευτέρους
3618 2410 3691 2464 τί·

2124 2506 2314 2565 θεσθαι
2338 2505 2447 2560 τῶν
2478 2505 2797 2565 κολακεύειν
2827 2505 2929 2570 τὰς
2972 2504 3144 2578 θύρας
3174 2505 3417 2562 εἰδότων.
3450 2502 3691 2575 Προσκείο

2124 2596 2236 2659 σθω
2269 2598 2363 2653 καὶ
2390 2599 2550 2670 τρίτη
2575 2615 2661 2662 τις
2683 2597 2833 2651 αίτία
2853 2598 2952 2669 τῆς
2979 2596 3109 2668 παρ’
3132 2596 3285 2667 ὑμῶν
3318 2598 3407 2660 εἰς
3431 2594 3519 2649 τὸν
3543 2592 3691 2663 ἄνδρα

2121 2690 2308 2764 τιμῆς,
2346 2690 2599 2754 Συνέσιος
2632 2688 2893 2758 ἀγασθεὶς
2924 2687 3089 2742 αὐτοῦ
3137 2687 3337 2750 πάντα,
3374 2689 3461 2758 ἐφ’
3504 2680 3580 2749 οἷς
3607 2685 3691 2738 ἁν-

2124 2783 2375 2856 θρώπους
2405 2782 2681 2856 ἄνθρωποι
2708 2782 2802 2836 καὶ
2843 2778 3126 2835 ἐπαινοῦσι
3159 2779 3255 2834 καὶ
3286 2775 3689 2850 μακαρίζουσιν.

2136 2873 2478 2948 Ἐρρωμένος
2499 2872 3002 2945 διαϐιῴης,πάντων
3022 2872 3184 2927 ἓνεκα
3198 2872 3325 2942 ἐμοὶ
3356 2870 3529 2941 τίμιε.
3545 2870 3694 2939 Προσ-

2122 2966 2444 3041 αγορεύουσι
2494 2967 2592 3038 τὴν
2652 2965 2804 3037 ίεράν
2850 2982 2943 3018 σου
2986 2963 3227 3019 διάθεσιν
3278 2962 3484 3025 πάντες
3516 2962 3562 3014 οί
3604 2955 3693 3029 τὴν

442 3059 588 3138 cere,
624 3046 720 3115 qui
753 3047 823 3138 ad
850 3047 1057 3103 limina'
1081 3050 1393 3129 principum
1415 3052 1674 3110 adulandi
1720 3057 1881 3127 periti
1933 3072 2021 3115 ve-

2127 3056 2291 3132 αὗτὴν
2323 3060 2455 3129 ἡμῖν
2484 3058 2661 3112 οἰκίαν
2682 3055 2955 3121 οἰκοῦντες
2974 3072 2988 3087 ’
3017 3056 3075 3124 ἐξ
3105 3055 3366 3110 ἁπάντων
3393 3054 3451 3108 δὲ
3478 3046 3691 3124 μάλιστα

443 3134 623 3190 niunt.
650 3137 887 3193 Accedat
908 3145 963 3194 et
997 3141 1162 3194 tertia
1197 3142 1445 3212 quaedam
1486 3142 1713 3202 honoris
1738 3161 1868 3217 erga
1888 3161 2012 3202 eum

2127 3150 2268 3214 δσδς
2314 3151 2519 3206 ἰσίωνο
2559 3151 2653 3209 καὶ
2693 3150 2855 3220 ἡμεῖς
2903 3148 3031 3212 τοὺς
3065 3148 3182 3219 ἅμα
3208 3146 3340 3215 σοί·
3389 3146 3611 3217 μάλιστα
3639 3140 3687 3195 δὶ

440 3226 611 3280 vestri
647 3227 807 3295 ratio,
834 3227 1099 3302 Synesius
1129 3231 1281 3288 illum
1313 3249 1409 3305 per
1440 3236 1625 3290 omnia
1655 3238 1915 3308 probans,
1960 3246 2016 3294 et

443 3319 745 3387 admirans,
783 3322 855 3383 ob
895 3316 1018 3394 quae
1068 3324 1321 3382 homines
1352 3328 1421 3382 ab
1457 3328 1777 3386 hominibus
1803 3331 2015 3385 collau-

2121 3241 2210 3295 τὸν
2232 3242 2256 3294 ξ
2264 3242 2361 3314 μὸν
2376 3240 2691 3313 Ἀδράμιον.
2714 3228 2805 3311 Τῷ
2821 3239 3037 3311 Κόμητί
3061 3255 3126 3309 γε
3148 3237 3361 3304 δοῦναι,
3381 3236 3416 3297 ἃ
3437 3235 3686 3311 γέγρσῗα.

2124 3332 2284 3396 αὐτὸς
2310 3329 2650 3403 δοκιμάσεις,
2681 3328 2791 3384 εἴτε
2824 3329 2923 3401 μή.

444 3407 566 3464 dari
608 3425 672 3467 ac
718 3412 1008 3490 praedicari
1065 3416 1264 3471 solent.
1295 3415 1567 3488 Perpetuo
1601 3434 1772 3476 sanus
1811 3427 1866 3476 et
1918 3420 2214 3478 incolumis
2269 3421 2461 3493 dcgas,
2530 3420 2612 3475 vir
2644 3418 2903 3476 omnibus
2967 3412 3038 3477 de
3091 3418 3277 3481 causis
3344 3417 3476 3474 mihi
3518 3410 3687 3486 impri-

440 3507 547 3563 mis
580 3507 942 3572 observande.
982 3510 1206 3565 Sacram
1247 3513 1415 3567 animi
1457 3513 1534 3567 tui
1560 3511 1900 3569 aliectionem
1934 3515 2176 3570 salutant
2195 3528 2411 3580 omnes,
2438 3514 2534 3583 qui
2559 3513 2616 3568 in
2640 3511 2830 3568 eadem
2886 3527 3100 3568 mecum
3166 3512 3336 3568 domo
3377 3520 3540 3576 sunt,
3591 3521 3687 3580 pra

440 3598 654 3657 caeteris
684 3615 814 3661 vero
857 3609 983 3662 tuus
1020 3600 1164 3671 Isio;
1194 3603 1438 3661 vicissim
1473 3613 1657 3661 autem
1691 3614 1746 3662 et
1777 3622 1876 3662 nos
1919 3606 2007 3673 iis,
2047 3605 2140 3676 qui
2175 3612 2355 3660 tecum
2387 3611 2538 3671 sunt,
2576 3603 2808 3659 salutem
2858 3604 3116 3665 onmibus
3155 3603 3431 3671 dicimus.
3478 3614 3687 3675 praef.-

439 3692 537 3757 tim
567 3700 745 3755 alitem
772 3692 1032 3756 Abramio
1056 3710 1198 3749 meo.
1226 3695 1421 3751 Comiti
1441 3713 1562 3767 quae
1595 3697 1791 3769 scripsi
1813 3696 2065 3754 dandane
2102 3697 2234 3762 sint,
2270 3708 2463 3760 necne,
2487 3693 2784 3766 iudicabis.

960 3782 1292 3845 EPISTOLA
1320 3785 1509 3845 XCIX.

1074 3876 1390 3950 Pylwmeni.

2641 3785 3012 3839 ἘΠΙΣΤΟΛΗ
3040 3784 3163 3854 te.

2670 3882 2674 3887 ’
2714 3876 3098 3946 Πυλαιμένει.

342 4076 349 4081 ·
442 4060 550 4116 Sed
584 4068 639 4118 et
669 4060 713 4116 si
750 4060 982 4132 teipsum
1022 4061 1098 4115 illi
1132 4061 1522 4132 signiﬁcarem,
1547 4061 1738 4119 eadem
1761 4063 1842 4118 tui
1878 4079 2017 4134 pra-

2193 3958 2363 4028 Οὗτος
2400 3967 2605 4029 ἐκεῖνος
2631 3966 2660 4018 ὁ
2690 3964 2857 4047 πολὺς
2896 3967 2955 4019 ὲν
2987 3968 3099 4031 τοῖς
3141 3967 3324 4038 λόγοις
3355 3969 3510 4042 ἡμῶν
3551 3971 3684 4024 Ἀνα·

2121 4058 2361 4123 στάσιος.
2394 4057 2501 4112 Καὶ
2533 4057 2591 4110 σὲ
2617 4056 2663 4111 δ’
2690 4041 2756 4112 ἂν
2777 4041 2923 4129 αὺτῷ
2946 4058 3149 4125 δείξας,
3181 4060 3275 4115 τὸν
3303 4041 3472 4117 αὐτὸν
3490 4061 3686 4115 ἔπαινον

439 4154 714 4210 dicatione
742 4161 945 4210 uterer.
978 4153 1150 4225 Igitur
1189 4162 1449 4224 tanquam
1494 4154 1639 4227 apud
1665 4170 1750 4211 me
1799 4156 2010 4228 pridem

2127 4148 2272 4205 εἷπον
2300 4151 2365 4206 ἂν
2403 4150 2532 4222 περὶ
2572 4148 2690 4202 σοῦ.
2724 4149 2936 4221 Ὥσπερ
2968 4146 3063 4205 οὖν
3089 4155 3146 4205 ὲν
3193 4152 3319 4225 ἐμοὶ
3366 4152 3683 4215 συνελθόντες

440 4245 772 4311 consociati,
811 4243 1257 4319 coniunctionem
1294 4245 1445 4299 illam
1484 4253 1686 4301 mutua:
1717 4244 2014 4317 agnitionis

2127 4243 2313 4309 πάλαι,
2341 4243 2436 4297 καὶ
2454 4241 2555 4315 τὴν
2580 4243 2870 4313 συντυχίαν
2892 4244 3308 4316 ἁναγνωρισμδν
3329 4247 3680 4325 ποιησάμενοι,

398 4360 411 4369 -
440 4339 616 4402 instar
640 4338 927 4411 habentes,
961 4347 1153 4396 mutua
1182 4350 1281 4399 vos
1322 4334 1665 4396 humanitate
1690 4339 2015 4410 complecti-

2127 4331 2587 4406 φιλοφρονήσασθέ
2609 4346 2668 4386 τε
2696 4332 2981 4401 ἀλλήλους,
3004 4336 3096 4388 καὶ
3124 4338 3277 4408 κοινῇ
3309 4338 3556 4391 σκοπεῖτε
3580 4334 3682 4398 πῶς

442 4429 610 4496 mini,
651 4434 817 4498 atque
861 4428 964 4481 hoc
998 4426 1053 4480 in
1094 4426 1376 4482 communi
1415 4426 1621 4495 videte,
1654 4429 2016 4499 quemadmo-

2127 4430 2187 4486 ἂν
2210 4427 2414 4499 ἀγαθόν
2431 4428 2486 4483 τί
2507 4444 2575 4497 με
2602 4428 3080 4501 ποιήσητε.Σχολὴ
3111 4429 3167 4483 δὲ
3195 4430 3455 4501 μέγιστον
3480 4427 3679 4499 ἅγαθδν.

440 4521 570 4584 dum
602 4519 736 4576 boni
792 4517 925 4572 mihi
955 4517 1163 4586 aliquid
1194 4518 1491 4574 conciliare
1545 4520 1789 4588 possitis.
1828 4517 2012 4575 Otium

2127 4523 2187 4594 ἣν
2237 4522 2380 4575 εῐποι
2417 4537 2503 4585 τις
2538 4520 2626 4587 ἂν,
2676 4520 2868 4593 ὥσπερ
2907 4520 3092 4592 χώραν
3140 4523 3449 4595 πάμφορον,
3491 4523 3680 4577 ᾶπαντα

445 4628 604 4683 porro
649 4610 950 4667 maximum
1007 4610 1212 4665 bonum
1242 4620 1355 4678 est;
1412 4611 1558 4682 quod
1613 4610 1780 4682 Opimi
1838 4612 2016 4668 instar

2127 4612 2264 4667 καλὰ
2302 4613 2486 4685 φέρειν
2524 4615 2592 4686 τῇ
2629 4611 2724 4668 τοῦ
2769 4611 3061 4684 φιλοσόςου
3103 4612 3272 4686 ψυχῇ.
3324 4613 3679 4686 Καρπὼσομαι

440 4714 495 4766 et
533 4705 718 4762 uberis
750 4704 877 4769 soli,
906 4705 1178 4760 bonorum
1226 4719 1425 4776 genera
1482 4705 1665 4758 omnia
1702 4703 2013 4774 philosophi

2127 4704 2177 4759 δὲ
2208 4704 2425 4777 σχολὴν,
2450 4703 2517 4760 ἂν
2543 4705 2639 4759 τοῦ
2667 4704 3023 4776 συντετάχθαι
3053 4707 3120 4779 τῇ
3142 4706 3387 4779 πολιτείᾳ
3422 4701 3679 4774 Ῥωμαίων

439 4798 624 4855 animo
678 4797 932 4853 conferre
981 4795 1089 4853 dici
1148 4811 1257 4851 non
1308 4796 1586 4851 immerito
1641 4802 1841 4864 potest.
1883 4796 2012 4851 Otio

2127 4796 2503 4868 ἀπαλλαγῆναί
2554 4814 2643 4869 μοι
2675 4797 2923 4870 γένηται.
2966 4796 3138 4851 Τοῦτο
3180 4797 3237 4851 δὲ
3272 4797 3557 4871 παρέσται,
3592 4791 3679 4860 τῆς

439 4903 567 4943 vero
591 4893 706 4942 tum
739 4885 910 4951 fruar,
941 4902 1065 4941 cum
1086 4885 1155 4940 ab
1193 4883 1431 4941 Romana
1462 4885 1739 4954 republica
1773 4884 2012 4942 extrica-

2127 4886 2463 4967 λειτουργίας
2489 4888 2759 4960 ἀνειμένῳ
2782 4889 2882 4961 τῆς
2914 4889 3223 4961 καταράτου
3242 4907 3256 4922 ο
3285 4884 3354 4963 ἧς
3388 4888 3449 4942 τὺ
3482 4887 3575 4959 μὲν
3598 4882 3672 4936 ἐπὶ

436 4980 480 5032 ri
533 4988 763 5050 potuero
794 4995 807 5030 :
845 4977 991 5048 quod
1027 4978 1102 5032 ita
1140 4977 1361 5032 demum
1398 4976 1632 5040 eveniet,
1663 4975 1710 5032 si
1744 4977 1815 5031 ab
1848 4992 2012 5033 exse-

2127 4978 2351 5049 βασιλεῖ,
2390 4980 2592 5050 γέγονα
2640 4980 2831 5046 ἐκτόςο
2881 4982 3116 5054 ὲμαυτδν
3156 4982 3202 5036 δ’
3235 4983 3301 5037 ἂν
3342 4977 3670 5047 αίτιασαίμηι

434 5070 640 5125 crando
672 5071 767 5125 illo
820 5069 1055 5142 publica:
1102 5067 1406 5123 functionis
1470 5082 1636 5123 onere
1670 5069 2010 5126 vacationem

2127 5071 2357 5137 ςικαίως,
2390 5071 2706 5143 αἰσχυνθεὶς
2736 5072 2968 5128 ὄνασθαι
3003 5075 3240 5144 σπουδῆς
3271 5073 3493 5138 οἰκείας.
3533 5071 3665 5123 ‘Am

435 5161 739 5228 obtineam,
781 5177 810 5217 a
851 5177 983 5233 qua,
1013 5169 1280 5234 quantum
1307 5160 1360 5216 in
1384 5160 1714 5231 imperatore
1748 5160 1868 5229 fuit,
1904 5162 2010 5217 lm-

2127 5166 2418 5237 itquth
2445 5165 2625 5219 τοίνυν
2658 5165 2821 5230 αὐτὸς
2850 5165 3092 5238 ἐμαυτῷ.
3135 5167 3281 5234 Δόξω
3313 5165 3422 5235 γὰρ
3462 5164 3664 5228 irim!”

470 3992 475 3997 -
511 3967 611 4024 Hic
641 3966 733 4025 ille
761 3977 849 4026 est
879 3969 1080 4041 saepius
1117 3987 1151 4029 a
1185 3988 1273 4027 uie
1301 3983 1638 4029 memoratus
1664 3971 2012 4029 Anastasius.

3681 4753 3694 4795 ί

1676 5316 1862 5374 DION.
1900 5317 2178 5374 PETAVII
2215 5319 2452 5375 NOTAE.

509 5454 623 5525 (‘28)
663 5453 978 5529 Δυνάμεῳς
1019 5453 1087 5506 δὲ
1130 5452 1340 5529 δξιεῖξινιῖιἶ
1374 5450 1499 5508 Vitii
1544 5454 1837 5529 plurimum
1865 5456 1919 5529 in
1949 5468 2015 5508 co

2127 5455 2322 5529 mirum
2348 5457 2421 5510 ita
2450 5473 2571 5529 esse
2601 5455 2894 5514 dicendqu
2918 5464 3027 5529 est,
3066 5474 3192 5513 cum
3225 5469 3277 5514 et
3303 5449 3579 5529 [LXXXII]
3602 5446 3672 5500 Vir

443 5522 560 5595 hic"
593 5522 700 5587 δεῖν
734 5522 989 5595 «tumultu
1018 5524 1436 5595 εοῃείρίειηώιιυ
1459 5522 1609 5595 puto.
1642 5524 1800 5595 Ἀλλὰ
1825 5524 2011 5576 τοῦτο·
2125 5525 2214 5580 ille
2252 5534 2408 5595 poeta
2434 5527 2506 5583 sit
2543 5529 2786 5582 ninnium
2819 5527 3218 5593 divinissituus,
3241 5522 3344 5583 etc.
3366 5525 3486 5579 Ilzec
3507 5529 3667 5575 autent

519 5592 847 5673 taminia;
880 5592 1020 5661 ἀνὴρ
1048 5594 1158 5671 τῶν
1186 5592 1287 5673 xliv
1336 5594 1685 5673 ιένίλειίντοιτοξἶ
1733 5594 2016 5673 δυνάμειυς
2124 5597 2233 5651 duo
2254 5592 2448 5661 verba,
2483 5598 2762 5668 δυνάμεως
2798 5598 2986 5661 δέοιτο,
3025 5592 3384 5673 evpungenda
3416 5600 3558 5652 sunt.

438 5660 494 5720 δὲ
528 5660 698 5716 δεῖταί
726 5660 808 5723 τις
837 5660 1144 5736 ποιητικῆς.
1184 5662 1352 5737 Quasi
1384 5664 1621 5722 diceret:
1654 5666 1757 5724 Sed
1802 5660 1899 5721 huc
1930 5666 2013 5725 ui.
