  <div class='ocr_page' id='page_1' title='image "/cluster/home/n/w/nwhite01/storage/ocr_20150623/66/mdp.39015008467477/754.png"; bbox 0 0 3986 6158; ppageno 0'>
   <div class='ocr_carea' id='block_1_1' title="bbox 325 255 3584 329">
    <p class='ocr_par' dir='ltr' id='par_1_1' title="bbox 325 255 3584 329">
     <span class='ocr_line' id='line_1_1' title="bbox 325 255 3584 329; baseline 0.004 -15"><span class='ocrx_word' id='word_1_1' title='bbox 325 255 462 315; x_wconf 71' lang='lat'><strong>“69</strong></span> <span class='ocrx_word' id='word_1_2' title='bbox 1536 263 1920 322; x_wconf 64' lang='lat' dir='ltr'><strong>EPISTOLE.</strong></span> <span class='ocrx_word' id='word_1_3' title='bbox 1966 295 2037 306; x_wconf 87' lang='lat'><strong>—-</strong></span> <span class='ocrx_word' id='word_1_4' title='bbox 2089 263 2308 320; x_wconf 77' lang='lat' dir='ltr'><strong>EPIST.</strong></span> <span class='ocrx_word' id='word_1_5' title='bbox 2341 264 2404 322; x_wconf 91' lang='lat' dir='ltr'><strong>C.</strong></span> <span class='ocrx_word' id='word_1_6' title='bbox 3447 271 3584 329; x_wconf 76' lang='grc' dir='ltr'>ιιτι)</span> 
     </span>
    </p>
   </div>
   <div class='ocr_carea' id='block_1_2' title="bbox 320 374 1904 457">
    <p class='ocr_par' dir='ltr' id='par_1_2' title="bbox 320 374 1894 456">
     <span class='ocr_line' id='line_1_2' title="bbox 320 374 1894 456; baseline 0.007 -27"><span class='ocrx_word' id='word_1_7' title='bbox 320 376 440 443; x_wconf 76' lang='grc' dir='ltr'>γεῖν</span> <span class='ocrx_word' id='word_1_8' title='bbox 456 374 553 444; x_wconf 83' lang='grc' dir='ltr'>τὴν</span> <span class='ocrx_word' id='word_1_9' title='bbox 574 375 890 447; x_wconf 74' lang='grc' dir='ltr'>πρεσϐείαν.</span> <span class='ocrx_word' id='word_1_10' title='bbox 909 379 1080 434; x_wconf 82' lang='grc' dir='ltr'>Πάλιν</span> <span class='ocrx_word' id='word_1_11' title='bbox 1095 380 1206 452; x_wconf 77' lang='grc' dir='ltr'><strong>γὰρ</strong></span> <span class='ocrx_word' id='word_1_12' title='bbox 1226 381 1335 454; x_wconf 75' lang='grc' dir='ltr'><strong>ἐμὴ</strong></span> <span class='ocrx_word' id='word_1_13' title='bbox 1350 383 1564 451; x_wconf 83' lang='grc' dir='ltr'>γλῶττα</span> <span class='ocrx_word' id='word_1_14' title='bbox 1585 384 1894 456; x_wconf 71' lang='grc' dir='ltr'>πρεσϐεύει.</span> 
     </span>
    </p>
   </div>
   <div class='ocr_carea' id='block_1_3' title="bbox 2008 374 3584 457">
    <p class='ocr_par' dir='ltr' id='par_1_3' title="bbox 2008 383 3584 457">
     <span class='ocr_line' id='line_1_3' title="bbox 2008 383 3584 457; baseline 0.001 -17"><span class='ocrx_word' id='word_1_15' title='bbox 2008 385 2325 440; x_wconf 85' lang='lat' dir='ltr'><strong>munitatem</strong></span> <span class='ocrx_word' id='word_1_16' title='bbox 2347 400 2474 440; x_wconf 89' lang='lat' dir='ltr'><strong>sum</strong></span> <span class='ocrx_word' id='word_1_17' title='bbox 2502 383 2752 454; x_wconf 87' lang='lat' dir='ltr'><strong>adeptus.</strong></span> <span class='ocrx_word' id='word_1_18' title='bbox 2793 383 2902 439; x_wconf 89' lang='lat' dir='ltr'><strong>Sed</strong></span> <span class='ocrx_word' id='word_1_19' title='bbox 2941 383 3143 440; x_wconf 90' lang='lat' dir='ltr'><strong>merito</strong></span> <span class='ocrx_word' id='word_1_20' title='bbox 3173 386 3450 457; x_wconf 85' lang='lat' dir='ltr'><strong>mcipsnm</strong></span> <span class='ocrx_word' id='word_1_21' title='bbox 3492 404 3584 442; x_wconf 87' lang='lat' dir='ltr'><strong>ac-</strong></span> 
     </span>
    </p>
   </div>
   <div class='ocr_carea' id='block_1_4' title="bbox 324 466 1904 548">
    <p class='ocr_par' dir='ltr' id='par_1_4' title="bbox 324 466 1903 543">
     <span class='ocr_line' id='line_1_4' title="bbox 324 466 1903 543; baseline 0.006 -23"><span class='ocrx_word' id='word_1_22' title='bbox 324 466 433 520; x_wconf 74' lang='grc' dir='ltr'><strong>Καὶ</strong></span> <span class='ocrx_word' id='word_1_23' title='bbox 462 467 639 530; x_wconf 77' lang='grc' dir='ltr'>οὐδεὶς</span> <span class='ocrx_word' id='word_1_24' title='bbox 667 469 882 541; x_wconf 75' lang='grc' dir='ltr'><strong>ἀντερεῖ</strong></span> <span class='ocrx_word' id='word_1_25' title='bbox 913 469 1022 522; x_wconf 83' lang='grc' dir='ltr'><strong>τῶν</strong></span> <span class='ocrx_word' id='word_1_26' title='bbox 1044 471 1367 543; x_wconf 72' lang='grc' dir='ltr'><strong>Πυθαγόραν</strong></span> <span class='ocrx_word' id='word_1_27' title='bbox 1391 475 1816 542; x_wconf 79' lang='grc' dir='ltr'>επαινεσάντων,</span> <span class='ocrx_word' id='word_1_28' title='bbox 1843 477 1903 542; x_wconf 76' lang='grc' dir='ltr'>ὃς</span> 
     </span>
    </p>
   </div>
   <div class='ocr_carea' id='block_1_5' title="bbox 2008 466 3580 548">
    <p class='ocr_par' dir='ltr' id='par_1_5' title="bbox 2008 475 3580 548">
     <span class='ocr_line' id='line_1_5' title="bbox 2008 475 3580 548; baseline 0 -16"><span class='ocrx_word' id='word_1_29' title='bbox 2008 478 2340 539; x_wconf 89' lang='lat' dir='ltr'><strong>cusaverim,</strong></span> <span class='ocrx_word' id='word_1_30' title='bbox 2369 475 2464 546; x_wconf 98' lang='lat' dir='ltr'><strong>qui</strong></span> <span class='ocrx_word' id='word_1_31' title='bbox 2517 491 2580 530; x_wconf 80' lang='lat' dir='ltr'><strong>ex</strong></span> <span class='ocrx_word' id='word_1_32' title='bbox 2620 477 2842 546; x_wconf 84' lang='lat' dir='ltr'><strong>preprio</strong></span> <span class='ocrx_word' id='word_1_33' title='bbox 2873 477 3056 532; x_wconf 85' lang='lat' dir='ltr'><strong>studio</strong></span> <span class='ocrx_word' id='word_1_34' title='bbox 3079 493 3278 548; x_wconf 81' lang='lat' dir='ltr'><strong>capere</strong></span> <span class='ocrx_word' id='word_1_35' title='bbox 3305 481 3580 534; x_wconf 82' lang='lat' dir='ltr'><strong>commodi</strong></span> 
     </span>
    </p>
   </div>
   <div class='ocr_carea' id='block_1_6' title="bbox 320 555 1904 638">
    <p class='ocr_par' dir='ltr' id='par_1_6' title="bbox 320 555 1275 631">
     <span class='ocr_line' id='line_1_6' title="bbox 320 555 1275 631; baseline 0.006 -22"><span class='ocrx_word' id='word_1_36' title='bbox 320 555 412 609; x_wconf 80' lang='grc' dir='ltr'><strong>τδν</strong></span> <span class='ocrx_word' id='word_1_37' title='bbox 443 556 596 623; x_wconf 81' lang='grc' dir='ltr'>φίλον</span> <span class='ocrx_word' id='word_1_38' title='bbox 622 557 780 612; x_wconf 75' lang='grc' dir='ltr'>ἄλλον</span> <span class='ocrx_word' id='word_1_39' title='bbox 811 559 1001 612; x_wconf 80' lang='grc' dir='ltr'>ἑαυτὸν</span> <span class='ocrx_word' id='word_1_40' title='bbox 1019 559 1275 631; x_wconf 81' lang='grc' dir='ltr'>ὡρίσατο.</span> 
     </span>
    </p>
   </div>
   <div class='ocr_carea' id='block_1_7' title="bbox 2008 555 3579 638">
    <p class='ocr_par' dir='ltr' id='par_1_7' title="bbox 2008 565 3579 638">
     <span class='ocr_line' id='line_1_7' title="bbox 2008 565 3579 638; baseline 0.003 -18"><span class='ocrx_word' id='word_1_41' title='bbox 2008 566 2216 636; x_wconf 86' lang='lat' dir='ltr'><strong>aliquid</strong></span> <span class='ocrx_word' id='word_1_42' title='bbox 2260 566 2603 622; x_wconf 86' lang='lat' dir='ltr'><strong>erubuerim.</strong></span> <span class='ocrx_word' id='word_1_43' title='bbox 2629 565 2822 637; x_wconf 82' lang='lat' dir='ltr'><strong>Itaque</strong></span> <span class='ocrx_word' id='word_1_44' title='bbox 2857 568 2988 622; x_wconf 86' lang='lat' dir='ltr'><strong>mihi</strong></span> <span class='ocrx_word' id='word_1_45' title='bbox 3027 569 3143 638; x_wconf 84' lang='lat' dir='ltr'><strong>ipse</strong></span> <span class='ocrx_word' id='word_1_46' title='bbox 3169 571 3579 638; x_wconf 87' lang='lat' dir='ltr'><strong>patrocinabor.</strong></span> 
     </span>
    </p>
   </div>
   <div class='ocr_carea' id='block_1_8' title="bbox 322 645 3584 732">
    <p class='ocr_par' dir='ltr' id='par_1_8' title="bbox 322 645 3584 732">
     <span class='ocr_line' id='line_1_8' title="bbox 322 645 3584 732; baseline 0.006 -32"><span class='ocrx_word' id='word_1_47' title='bbox 322 645 562 701; x_wconf 81' lang='lat' dir='ltr'><strong>Videbor</strong></span> <span class='ocrx_word' id='word_1_48' title='bbox 584 649 730 703; x_wconf 91' lang='lat' dir='ltr'><strong>enim</strong></span> <span class='ocrx_word' id='word_1_49' title='bbox 759 665 954 706; x_wconf 83' lang='lat' dir='ltr'><strong>rursus</strong></span> <span class='ocrx_word' id='word_1_50' title='bbox 985 667 1082 720; x_wconf 86' lang='lat' dir='ltr'><strong>per</strong></span> <span class='ocrx_word' id='word_1_51' title='bbox 1120 669 1206 708; x_wconf 88' lang='lat' dir='ltr'><strong>me</strong></span> <span class='ocrx_word' id='word_1_52' title='bbox 1229 655 1556 724; x_wconf 69' lang='lat' dir='ltr'><strong>legationem</strong></span> <span class='ocrx_word' id='word_1_53' title='bbox 1589 658 1765 713; x_wconf 89' lang='lat' dir='ltr'><strong>obire.</strong></span> <span class='ocrx_word' id='word_1_54' title='bbox 1792 657 1926 712; x_wconf 81' lang='lat' dir='ltr'><strong>Nam</strong></span> <span class='ocrx_word' id='word_1_55' title='bbox 1965 673 2167 715; x_wconf 85' lang='lat' dir='ltr'><strong>rursus</strong></span> <span class='ocrx_word' id='word_1_56' title='bbox 2206 659 2399 730; x_wconf 79' lang='lat' dir='ltr'><strong>lingua</strong></span> <span class='ocrx_word' id='word_1_57' title='bbox 2445 675 2564 714; x_wconf 88' lang='lat' dir='ltr'><strong>mea</strong></span> <span class='ocrx_word' id='word_1_58' title='bbox 2594 659 2868 730; x_wconf 72' lang='lat' dir='ltr'><strong>legatione</strong></span> <span class='ocrx_word' id='word_1_59' title='bbox 2922 661 3191 732; x_wconf 79' lang='lat' dir='ltr'><strong>fungitur.</strong></span> <span class='ocrx_word' id='word_1_60' title='bbox 3250 661 3363 718; x_wconf 87' lang='lat' dir='ltr'><strong>Nec</strong></span> <span class='ocrx_word' id='word_1_61' title='bbox 3425 664 3584 732; x_wconf 85' lang='lat' dir='ltr'><strong>quis-</strong></span> 
     </span>
    </p>
   </div>
   <div class='ocr_carea' id='block_1_9' title="bbox 321 743 3343 823">
    <p class='ocr_par' dir='ltr' id='par_1_9' title="bbox 321 743 3343 823">
     <span class='ocr_line' id='line_1_9' title="bbox 321 743 3343 823; baseline 0.005 -29"><span class='ocrx_word' id='word_1_62' title='bbox 321 755 484 811; x_wconf 89' lang='lat' dir='ltr'><strong>quam</strong></span> <span class='ocrx_word' id='word_1_63' title='bbox 512 756 703 795; x_wconf 88' lang='lat' dir='ltr'><strong>eorum</strong></span> <span class='ocrx_word' id='word_1_64' title='bbox 723 743 1086 805; x_wconf 84' lang='lat' dir='ltr'><strong>contradieet.</strong></span> <span class='ocrx_word' id='word_1_65' title='bbox 1112 746 1201 816; x_wconf 93' lang='lat' dir='ltr'><strong>qui</strong></span> <span class='ocrx_word' id='word_1_66' title='bbox 1227 745 1594 820; x_wconf 70' lang='lat' dir='ltr'><strong>Pythagoram</strong></span> <span class='ocrx_word' id='word_1_67' title='bbox 1625 750 1880 815; x_wconf 88' lang='lat' dir='ltr'><strong>laudant,</strong></span> <span class='ocrx_word' id='word_1_68' title='bbox 1899 751 2017 822; x_wconf 73' lang='lat' dir='ltr'><strong>‘qni</strong></span> <span class='ocrx_word' id='word_1_69' title='bbox 2045 751 2284 807; x_wconf 82' lang='lat' dir='ltr'><strong>amicum</strong></span> <span class='ocrx_word' id='word_1_70' title='bbox 2315 751 2489 812; x_wconf 83' lang='lat' dir='ltr'><strong>alium</strong></span> <span class='ocrx_word' id='word_1_71' title='bbox 2533 767 2661 808; x_wconf 84' lang='lat' dir='ltr'><strong>esse</strong></span> <span class='ocrx_word' id='word_1_72' title='bbox 2683 754 3045 823; x_wconf 79' lang='lat' dir='ltr'><strong>semetipsum</strong></span> <span class='ocrx_word' id='word_1_73' title='bbox 3073 754 3343 812; x_wconf 79' lang='lat' dir='ltr'><strong>asseruit.</strong></span> 
     </span>
    </p>
   </div>
   <div class='ocr_carea' id='block_1_10' title="bbox 882 835 1340 893">
    <p class='ocr_par' dir='ltr' id='par_1_10' title="bbox 882 835 1340 893">
     <span class='ocr_line' id='line_1_10' title="bbox 882 835 1340 893; baseline 0.011 -5"><span class='ocrx_word' id='word_1_74' title='bbox 882 835 1227 892; x_wconf 82' lang='grc' dir='ltr'><strong>ΕΠΙΣΤΟΛΗ</strong></span> <span class='ocrx_word' id='word_1_75' title='bbox 1265 840 1340 893; x_wconf 85' lang='lat' dir='ltr'><strong>P&#39;.</strong></span> 
     </span>
    </p>
   </div>
   <div class='ocr_carea' id='block_1_11' title="bbox 959 927 1253 998">
    <p class='ocr_par' dir='ltr' id='par_1_11' title="bbox 959 927 1253 998">
     <span class='ocr_line' id='line_1_11' title="bbox 959 927 1253 998; baseline 0.01 -16"><span class='ocrx_word' id='word_1_76' title='bbox 959 927 1042 994; x_wconf 83' lang='grc' dir='ltr'><strong>Τῷ</strong></span> <span class='ocrx_word' id='word_1_77' title='bbox 1073 928 1253 998; x_wconf 81' lang='grc' dir='ltr'>αὐτῷ.</span> 
     </span>
    </p>
   </div>
   <div class='ocr_carea' id='block_1_12' title="bbox 388 1014 1898 1092">
    <p class='ocr_par' dir='ltr' id='par_1_12' title="bbox 388 1014 1898 1092">
     <span class='ocr_line' id='line_1_12' title="bbox 388 1014 1898 1092; baseline 0.008 -24"><span class='ocrx_word' id='word_1_78' title='bbox 388 1014 715 1080; x_wconf 72' lang='grc' dir='ltr'>Φυκούντιος</span> <span class='ocrx_word' id='word_1_79' title='bbox 762 1017 1046 1089; x_wconf 79' lang='grc' dir='ltr'>ἄνθρωπος</span> <span class='ocrx_word' id='word_1_80' title='bbox 1094 1021 1442 1092; x_wconf 77' lang='grc' dir='ltr'>(Κυρηναίων</span> <span class='ocrx_word' id='word_1_81' title='bbox 1489 1024 1534 1078; x_wconf 84' lang='grc' dir='ltr'>δ’</span> <span class='ocrx_word' id='word_1_82' title='bbox 1581 1024 1821 1078; x_wconf 75' lang='grc' dir='ltr'>ἐπίνειον</span> <span class='ocrx_word' id='word_1_83' title='bbox 1869 1027 1898 1080; x_wconf 98' lang='lat'><strong>6</strong></span> 
     </span>
    </p>
   </div>
   <div class='ocr_carea' id='block_1_13' title="bbox 319 1104 1898 1186">
    <p class='ocr_par' dir='ltr' id='par_1_13' title="bbox 319 1104 1898 1186">
     <span class='ocr_line' id='line_1_13' title="bbox 319 1104 1898 1186; baseline 0.007 -28"><span class='ocrx_word' id='word_1_84' title='bbox 319 1104 634 1180; x_wconf 78' lang='grc' dir='ltr'>Φρ[υ]κοῦς)</span> <span class='ocrx_word' id='word_1_85' title='bbox 665 1109 904 1162; x_wconf 80' lang='grc' dir='ltr'>ὲπέδωκέ</span> <span class='ocrx_word' id='word_1_86' title='bbox 930 1127 1020 1182; x_wconf 89' lang='grc' dir='ltr'><strong>μοι</strong></span> <span class='ocrx_word' id='word_1_87' title='bbox 1047 1112 1228 1180; x_wconf 80' lang='grc' dir='ltr'>φέρων</span> <span class='ocrx_word' id='word_1_88' title='bbox 1253 1113 1541 1186; x_wconf 71' lang='grc' dir='ltr'>ἐπιστολὴν</span> <span class='ocrx_word' id='word_1_89' title='bbox 1564 1115 1624 1168; x_wconf 85' lang='grc' dir='ltr'>τὸ</span> <span class='ocrx_word' id='word_1_90' title='bbox 1657 1115 1748 1170; x_wconf 80' lang='grc' dir='ltr'><strong>σὺν</strong></span> <span class='ocrx_word' id='word_1_91' title='bbox 1775 1117 1898 1169; x_wconf 83' lang='grc' dir='ltr'>ὲπι-</span> 
     </span>
    </p>
   </div>
   <div class='ocr_carea' id='block_1_14' title="bbox 322 1200 1896 1278">
    <p class='ocr_par' dir='ltr' id='par_1_14' title="bbox 322 1200 1896 1278">
     <span class='ocr_line' id='line_1_14' title="bbox 322 1200 1896 1278; baseline 0.008 -27"><span class='ocrx_word' id='word_1_92' title='bbox 322 1200 712 1271; x_wconf 77' lang='grc' dir='ltr'><strong>γεγραμμένην</strong></span> <span class='ocrx_word' id='word_1_93' title='bbox 769 1201 958 1272; x_wconf 77' lang='grc' dir='ltr'>ὄνομα.</span> <span class='ocrx_word' id='word_1_94' title='bbox 1014 1203 1230 1274; x_wconf 82' lang='grc' dir='ltr'><strong>Ταύτην</strong></span> <span class='ocrx_word' id='word_1_95' title='bbox 1276 1205 1520 1274; x_wconf 77' lang='grc' dir='ltr'><strong>ἀνέγνων</strong></span> <span class='ocrx_word' id='word_1_96' title='bbox 1565 1208 1736 1278; x_wconf 78' lang='grc' dir='ltr'>ἡδέως</span> <span class='ocrx_word' id='word_1_97' title='bbox 1780 1209 1896 1278; x_wconf 70' lang='grc' dir='ltr'><strong>αμα</strong></span> 
     </span>
    </p>
   </div>
   <div class='ocr_carea' id='block_1_15' title="bbox 323 1290 1897 1369">
    <p class='ocr_par' dir='ltr' id='par_1_15' title="bbox 323 1290 1897 1369">
     <span class='ocr_line' id='line_1_15' title="bbox 323 1290 1897 1369; baseline 0.006 -26"><span class='ocrx_word' id='word_1_98' title='bbox 323 1290 417 1344; x_wconf 74' lang='grc' dir='ltr'><strong>καὶ</strong></span> <span class='ocrx_word' id='word_1_99' title='bbox 444 1291 756 1361; x_wconf 79' lang='grc' dir='ltr'>ἀγαμένως.</span> <span class='ocrx_word' id='word_1_100' title='bbox 800 1293 1073 1362; x_wconf 77' lang='grc' dir='ltr'>Ὠφείλετο</span> <span class='ocrx_word' id='word_1_101' title='bbox 1113 1292 1222 1367; x_wconf 78' lang='grc' dir='ltr'><strong>γὰρ</strong></span> <span class='ocrx_word' id='word_1_102' title='bbox 1265 1296 1328 1348; x_wconf 83' lang='grc' dir='ltr'>τὸ</span> <span class='ocrx_word' id='word_1_103' title='bbox 1375 1297 1496 1367; x_wconf 81' lang='grc' dir='ltr'>μὲν,</span> <span class='ocrx_word' id='word_1_104' title='bbox 1541 1301 1609 1369; x_wconf 84' lang='grc' dir='ltr'><strong>τῇ</strong></span> <span class='ocrx_word' id='word_1_105' title='bbox 1662 1299 1897 1353; x_wconf 75' lang='grc' dir='ltr'><strong>διαθέσει</strong></span> 
     </span>
    </p>
   </div>
   <div class='ocr_carea' id='block_1_16' title="bbox 322 1379 1902 1457">
    <p class='ocr_par' dir='ltr' id='par_1_16' title="bbox 322 1379 1902 1457">
     <span class='ocr_line' id='line_1_16' title="bbox 322 1379 1902 1457; baseline 0.006 -27"><span class='ocrx_word' id='word_1_106' title='bbox 322 1380 420 1449; x_wconf 80' lang='grc' dir='ltr'><strong>τῆς</strong></span> <span class='ocrx_word' id='word_1_107' title='bbox 446 1380 626 1451; x_wconf 69' lang='grc' dir='ltr'>ψυχῆς</span> <span class='ocrx_word' id='word_1_108' title='bbox 643 1397 658 1412; x_wconf 90' lang='grc'><strong>·</strong></span> <span class='ocrx_word' id='word_1_109' title='bbox 685 1381 747 1434; x_wconf 88' lang='grc' dir='ltr'>τὸ</span> <span class='ocrx_word' id='word_1_110' title='bbox 773 1379 851 1445; x_wconf 82' lang='grc' dir='ltr'>δὲ,</span> <span class='ocrx_word' id='word_1_111' title='bbox 876 1382 954 1452; x_wconf 81' lang='grc' dir='ltr'>τῷ</span> <span class='ocrx_word' id='word_1_112' title='bbox 982 1383 1169 1436; x_wconf 81' lang='grc' dir='ltr'>κάλλει</span> <span class='ocrx_word' id='word_1_113' title='bbox 1199 1385 1298 1453; x_wconf 83' lang='grc' dir='ltr'>τῆς</span> <span class='ocrx_word' id='word_1_114' title='bbox 1323 1383 1590 1456; x_wconf 82' lang='grc' dir='ltr'><strong>γλώττης.</strong></span> <span class='ocrx_word' id='word_1_115' title='bbox 1625 1385 1733 1438; x_wconf 72' lang='grc' dir='ltr'><strong>Καὶ</strong></span> <span class='ocrx_word' id='word_1_116' title='bbox 1766 1385 1902 1457; x_wconf 87' lang='grc' dir='ltr'>δῆτα</span> 
     </span>
    </p>
   </div>
   <div class='ocr_carea' id='block_1_17' title="bbox 327 1470 1900 1547">
    <p class='ocr_par' dir='ltr' id='par_1_17' title="bbox 327 1470 1900 1547">
     <span class='ocr_line' id='line_1_17' title="bbox 327 1470 1900 1547; baseline 0.005 -25"><span class='ocrx_word' id='word_1_117' title='bbox 327 1470 712 1540; x_wconf 79' lang='grc' dir='ltr'>παρεσκεύασά</span> <span class='ocrx_word' id='word_1_118' title='bbox 764 1488 846 1524; x_wconf 86' lang='grc' dir='ltr'><strong>σοι</strong></span> <span class='ocrx_word' id='word_1_119' title='bbox 906 1472 1131 1544; x_wconf 72' lang='grc' dir='ltr'>θέατρον</span> <span class='ocrx_word' id='word_1_120' title='bbox 1178 1474 1269 1526; x_wconf 70' lang='grc' dir='ltr'><strong>ἐπὶ</strong></span> <span class='ocrx_word' id='word_1_121' title='bbox 1318 1474 1526 1546; x_wconf 76' lang='grc' dir='ltr'>Λιϐυης</span> <span class='ocrx_word' id='word_1_122' title='bbox 1565 1475 1900 1547; x_wconf 77' lang='grc' dir='ltr'>Ἑλληνικὸν,</span> 
     </span>
    </p>
   </div>
   <div class='ocr_carea' id='block_1_18' title="bbox 322 1561 1901 1638">
    <p class='ocr_par' dir='ltr' id='par_1_18' title="bbox 322 1561 1901 1638">
     <span class='ocr_line' id='line_1_18' title="bbox 322 1561 1901 1638; baseline 0.006 -26"><span class='ocrx_word' id='word_1_123' title='bbox 322 1561 658 1629; x_wconf 68' lang='grc' dir='ltr'><strong>ἐπαγγείλας</strong></span> <span class='ocrx_word' id='word_1_124' title='bbox 704 1562 860 1633; x_wconf 70' lang='grc' dir='ltr'>ἥκειν</span> <span class='ocrx_word' id='word_1_125' title='bbox 893 1564 1323 1635; x_wconf 73' lang='grc' dir='ltr'>ἀκροασομένοις</span> <span class='ocrx_word' id='word_1_126' title='bbox 1370 1566 1672 1637; x_wconf 74' lang='grc' dir='ltr'>ἐλλογίμων</span> <span class='ocrx_word' id='word_1_127' title='bbox 1713 1583 1901 1638; x_wconf 81' lang='grc' dir='ltr'>γραμ-</span> 
     </span>
    </p>
   </div>
   <div class='ocr_carea' id='block_1_19' title="bbox 326 1652 1895 1725">
    <p class='ocr_par' dir='ltr' id='par_1_19' title="bbox 326 1652 1895 1725">
     <span class='ocr_line' id='line_1_19' title="bbox 326 1652 1895 1725; baseline 0.001 -19"><span class='ocrx_word' id='word_1_128' title='bbox 326 1652 533 1721; x_wconf 78' lang='grc' dir='ltr'>μάτων.</span> <span class='ocrx_word' id='word_1_129' title='bbox 565 1653 672 1706; x_wconf 75' lang='grc' dir='ltr'><strong>Καὶ</strong></span> <span class='ocrx_word' id='word_1_130' title='bbox 709 1652 803 1706; x_wconf 82' lang='grc' dir='ltr'><strong>νῦν</strong></span> <span class='ocrx_word' id='word_1_131' title='bbox 831 1655 888 1706; x_wconf 81' lang='grc' dir='ltr'>ὲν</span> <span class='ocrx_word' id='word_1_132' title='bbox 917 1657 1039 1717; x_wconf 83' lang='grc' dir='ltr'>ταῖς</span> <span class='ocrx_word' id='word_1_133' title='bbox 1069 1656 1200 1725; x_wconf 82' lang='grc' dir='ltr'>παρ’</span> <span class='ocrx_word' id='word_1_134' title='bbox 1230 1657 1364 1725; x_wconf 70' lang='grc' dir='ltr'>ἡμῖν</span> <span class='ocrx_word' id='word_1_135' title='bbox 1388 1654 1605 1711; x_wconf 76' lang='grc' dir='ltr'>πόλεσιν</span> <span class='ocrx_word' id='word_1_136' title='bbox 1635 1657 1662 1708; x_wconf 91' lang='lat'><strong>6</strong></span> <span class='ocrx_word' id='word_1_137' title='bbox 1693 1655 1895 1709; x_wconf 87' lang='grc' dir='ltr'>Πυλαι-</span> 
     </span>
    </p>
   </div>
   <div class='ocr_carea' id='block_1_20' title="bbox 2576 843 3007 901">
    <p class='ocr_par' dir='ltr' id='par_1_20' title="bbox 2576 843 3007 901">
     <span class='ocr_line' id='line_1_20' title="bbox 2576 843 3007 901; baseline 0.007 -3"><span class='ocrx_word' id='word_1_138' title='bbox 2576 843 2908 899; x_wconf 73' lang='lat' dir='ltr'><strong>EPISTOLA</strong></span> <span class='ocrx_word' id='word_1_139' title='bbox 2945 846 3007 901; x_wconf 90' lang='lat' dir='ltr'><strong>C.</strong></span> 
     </span>
    </p>
   </div>
   <div class='ocr_carea' id='block_1_21' title="bbox 2669 935 2884 990">
    <p class='ocr_par' dir='ltr' id='par_1_21' title="bbox 2669 935 2884 990">
     <span class='ocr_line' id='line_1_21' title="bbox 2669 935 2884 990; baseline 0 0"><span class='ocrx_word' id='word_1_140' title='bbox 2669 935 2884 990; x_wconf 83' lang='lat' dir='ltr'><strong>Eidem.</strong></span> 
     </span>
    </p>
   </div>
   <div class='ocr_carea' id='block_1_22' title="bbox 2080 1024 3591 1100">
    <p class='ocr_par' dir='ltr' id='par_1_22' title="bbox 2080 1024 3591 1100">
     <span class='ocr_line' id='line_1_22' title="bbox 2080 1024 3591 1100; baseline 0.002 -21"><span class='ocrx_word' id='word_1_141' title='bbox 2080 1024 2424 1098; x_wconf 79' lang='lat' dir='ltr'><strong>Pbycuntius</strong></span> <span class='ocrx_word' id='word_1_142' title='bbox 2443 1027 2610 1082; x_wconf 82' lang='lat' dir='ltr'><strong>homo</strong></span> <span class='ocrx_word' id='word_1_143' title='bbox 2626 1028 2729 1099; x_wconf 89' lang='lat' dir='ltr'><strong>(est</strong></span> <span class='ocrx_word' id='word_1_144' title='bbox 2744 1036 2924 1083; x_wconf 89' lang='lat' dir='ltr'><strong>autem</strong></span> <span class='ocrx_word' id='word_1_145' title='bbox 2960 1027 3343 1100; x_wconf 69' lang='lat' dir='ltr'><strong>Cyrenaeorum</strong></span> <span class='ocrx_word' id='word_1_146' title='bbox 3395 1027 3591 1082; x_wconf 82' lang='lat' dir='ltr'><strong>navale</strong></span> 
     </span>
    </p>
   </div>
   <div class='ocr_carea' id='block_1_23' title="bbox 1994 1113 3592 1188">
    <p class='ocr_par' dir='ltr' id='par_1_23' title="bbox 1994 1113 3592 1188">
     <span class='ocr_line' id='line_1_23' title="bbox 1994 1113 3592 1188; baseline 0.002 -20"><span class='ocrx_word' id='word_1_147' title='bbox 1994 1113 2229 1187; x_wconf 79' lang='lat' dir='ltr'><strong>Phycus)</strong></span> <span class='ocrx_word' id='word_1_148' title='bbox 2245 1117 2456 1172; x_wconf 81' lang='lat' dir='ltr'><strong>litteras</strong></span> <span class='ocrx_word' id='word_1_149' title='bbox 2468 1117 2634 1188; x_wconf 67' lang='lat'><strong>239</strong></span> <span class='ocrx_word' id='word_1_150' title='bbox 2647 1117 2713 1172; x_wconf 89' lang='lat' dir='ltr'><strong>ad</strong></span> <span class='ocrx_word' id='word_1_151' title='bbox 2730 1132 2816 1172; x_wconf 92' lang='lat' dir='ltr'><strong>me</strong></span> <span class='ocrx_word' id='word_1_152' title='bbox 2837 1126 2932 1173; x_wconf 90' lang='lat' dir='ltr'><strong>tuo</strong></span> <span class='ocrx_word' id='word_1_153' title='bbox 2948 1117 3168 1172; x_wconf 90' lang='lat' dir='ltr'><strong>nomine</strong></span> <span class='ocrx_word' id='word_1_154' title='bbox 3183 1118 3474 1188; x_wconf 82' lang='lat' dir='ltr'><strong>inscriptas</strong></span> <span class='ocrx_word' id='word_1_155' title='bbox 3495 1115 3592 1171; x_wconf 83' lang='lat' dir='ltr'><strong>de-</strong></span> 
     </span>
    </p>
   </div>
   <div class='ocr_carea' id='block_1_24' title="bbox 1992 1205 3590 1278">
    <p class='ocr_par' dir='ltr' id='par_1_24' title="bbox 1992 1205 3590 1278">
     <span class='ocr_line' id='line_1_24' title="bbox 1992 1205 3590 1278; baseline 0.004 -21"><span class='ocrx_word' id='word_1_156' title='bbox 1992 1205 2150 1257; x_wconf 90' lang='lat' dir='ltr'><strong>tulit:</strong></span> <span class='ocrx_word' id='word_1_157' title='bbox 2175 1211 2316 1276; x_wconf 80' lang='lat' dir='ltr'><strong>quas</strong></span> <span class='ocrx_word' id='word_1_158' title='bbox 2333 1222 2456 1261; x_wconf 89' lang='lat' dir='ltr'><strong>cum</strong></span> <span class='ocrx_word' id='word_1_159' title='bbox 2473 1205 2867 1276; x_wconf 83' lang='lat' dir='ltr'><strong>jucunde,tum</strong></span> <span class='ocrx_word' id='word_1_160' title='bbox 2880 1221 2990 1262; x_wconf 93' lang='lat' dir='ltr'><strong>non</strong></span> <span class='ocrx_word' id='word_1_161' title='bbox 3013 1207 3134 1262; x_wconf 87' lang='lat' dir='ltr'><strong>sine</strong></span> <span class='ocrx_word' id='word_1_162' title='bbox 3163 1216 3390 1278; x_wconf 86' lang='lat' dir='ltr'><strong>stupore</strong></span> <span class='ocrx_word' id='word_1_163' title='bbox 3411 1209 3590 1278; x_wconf 85' lang='lat' dir='ltr'><strong>perle-</strong></span> 
     </span>
    </p>
   </div>
   <div class='ocr_carea' id='block_1_25' title="bbox 1991 1295 3592 1370">
    <p class='ocr_par' dir='ltr' id='par_1_25' title="bbox 1991 1295 3592 1370">
     <span class='ocr_line' id='line_1_25' title="bbox 1991 1295 3592 1370; baseline 0.002 -22"><span class='ocrx_word' id='word_1_164' title='bbox 1991 1295 2064 1362; x_wconf 76' lang='lat' dir='ltr'><strong>gi.</strong></span> <span class='ocrx_word' id='word_1_165' title='bbox 2088 1296 2222 1350; x_wconf 81' lang='lat' dir='ltr'><strong>Illud</strong></span> <span class='ocrx_word' id='word_1_166' title='bbox 2235 1298 2379 1353; x_wconf 85' lang='lat' dir='ltr'><strong>enim</strong></span> <span class='ocrx_word' id='word_1_167' title='bbox 2398 1313 2552 1352; x_wconf 86' lang='lat' dir='ltr'><strong>amor</strong></span> <span class='ocrx_word' id='word_1_168' title='bbox 2563 1312 2694 1369; x_wconf 87' lang='lat' dir='ltr'><strong>erga</strong></span> <span class='ocrx_word' id='word_1_169' title='bbox 2709 1306 2760 1354; x_wconf 89' lang='lat' dir='ltr'><strong>te</strong></span> <span class='ocrx_word' id='word_1_170' title='bbox 2773 1313 2949 1363; x_wconf 89' lang='lat' dir='ltr'><strong>meus,</strong></span> <span class='ocrx_word' id='word_1_171' title='bbox 2967 1298 3070 1353; x_wconf 84' lang='lat' dir='ltr'><strong>hac</strong></span> <span class='ocrx_word' id='word_1_172' title='bbox 3087 1299 3358 1354; x_wconf 85' lang='lat' dir='ltr'><strong>sermonis</strong></span> <span class='ocrx_word' id='word_1_173' title='bbox 3373 1299 3592 1370; x_wconf 77' lang='lat' dir='ltr'><strong>elegan—</strong></span> 
     </span>
    </p>
   </div>
   <div class='ocr_carea' id='block_1_26' title="bbox 1995 1387 3591 1462">
    <p class='ocr_par' dir='ltr' id='par_1_26' title="bbox 1995 1387 3591 1462">
     <span class='ocr_line' id='line_1_26' title="bbox 1995 1387 3591 1462; baseline 0.004 -22"><span class='ocrx_word' id='word_1_174' title='bbox 1995 1387 2071 1440; x_wconf 92' lang='lat' dir='ltr'><strong>tia</strong></span> <span class='ocrx_word' id='word_1_175' title='bbox 2093 1389 2440 1456; x_wconf 79' lang='lat' dir='ltr'><strong>merebatur;</strong></span> <span class='ocrx_word' id='word_1_176' title='bbox 2471 1391 2766 1460; x_wconf 83' lang='lat' dir='ltr'><strong>statimque</strong></span> <span class='ocrx_word' id='word_1_177' title='bbox 2784 1390 3032 1445; x_wconf 55' lang='grc' dir='ltr'>(ἥκουσι</span> <span class='ocrx_word' id='word_1_178' title='bbox 3063 1390 3158 1444; x_wconf 85' lang='lat' dir='ltr'><strong>tibi</strong></span> <span class='ocrx_word' id='word_1_179' title='bbox 3191 1392 3246 1444; x_wconf 93' lang='lat' dir='ltr'><strong>in</strong></span> <span class='ocrx_word' id='word_1_180' title='bbox 3269 1390 3436 1462; x_wconf 82' lang='lat' dir='ltr'><strong>Libya</strong></span> <span class='ocrx_word' id='word_1_181' title='bbox 3465 1407 3591 1461; x_wconf 85' lang='lat' dir='ltr'><strong>spc-</strong></span> 
     </span>
    </p>
   </div>
   <div class='ocr_carea' id='block_1_27' title="bbox 1997 1479 3584 1546">
    <p class='ocr_par' dir='ltr' id='par_1_27' title="bbox 1997 1479 3584 1546">
     <span class='ocr_line' id='line_1_27' title="bbox 1997 1479 3584 1546; baseline 0.005 -18"><span class='ocrx_word' id='word_1_182' title='bbox 1997 1479 2276 1534; x_wconf 82' lang='lat' dir='ltr'><strong>etaculnm</strong></span> <span class='ocrx_word' id='word_1_183' title='bbox 2311 1480 2601 1546; x_wconf 85' lang='lat' dir='ltr'><strong>constitui,</strong></span> <span class='ocrx_word' id='word_1_184' title='bbox 2625 1479 2961 1535; x_wconf 82' lang='lat' dir='ltr'><strong>denuntians</strong></span> <span class='ocrx_word' id='word_1_185' title='bbox 2983 1480 3240 1535; x_wconf 87' lang='lat' dir='ltr'><strong>omnibus</strong></span> <span class='ocrx_word' id='word_1_186' title='bbox 3271 1487 3330 1534; x_wconf 83' lang='lat' dir='ltr'><strong>ut</strong></span> <span class='ocrx_word' id='word_1_187' title='bbox 3354 1481 3420 1534; x_wconf 87' lang='lat' dir='ltr'><strong>ad</strong></span> <span class='ocrx_word' id='word_1_188' title='bbox 3451 1495 3584 1536; x_wconf 90' lang='lat' dir='ltr'><strong>eru-</strong></span> 
     </span>
    </p>
   </div>
   <div class='ocr_carea' id='block_1_28' title="bbox 1999 1565 3594 1643">
    <p class='ocr_par' dir='ltr' id='par_1_28' title="bbox 1999 1565 3594 1643">
     <span class='ocr_line' id='line_1_28' title="bbox 1999 1565 3594 1643; baseline 0.004 -23"><span class='ocrx_word' id='word_1_189' title='bbox 1999 1565 2147 1624; x_wconf 84' lang='lat' dir='ltr'><strong>ditas</strong></span> <span class='ocrx_word' id='word_1_190' title='bbox 2181 1569 2395 1626; x_wconf 78' lang='lat' dir='ltr'><strong>litteras</strong></span> <span class='ocrx_word' id='word_1_191' title='bbox 2447 1573 2747 1627; x_wconf 84' lang='lat' dir='ltr'><strong>audiendas</strong></span> <span class='ocrx_word' id='word_1_192' title='bbox 2776 1573 3153 1628; x_wconf 84' lang='lat' dir='ltr'><strong>convenirent.</strong></span> <span class='ocrx_word' id='word_1_193' title='bbox 3186 1571 3251 1628; x_wconf 84' lang='lat' dir='ltr'><strong>Et</strong></span> <span class='ocrx_word' id='word_1_194' title='bbox 3297 1588 3442 1627; x_wconf 91' lang='lat' dir='ltr'><strong>nunc</strong></span> <span class='ocrx_word' id='word_1_195' title='bbox 3495 1588 3594 1643; x_wconf 92' lang='lat' dir='ltr'><strong>per</strong></span> 
     </span>
    </p>
   </div>
   <div class='ocr_carea' id='block_1_29' title="bbox 2009 1659 3594 1734">
    <p class='ocr_par' dir='ltr' id='par_1_29' title="bbox 2009 1659 3594 1734">
     <span class='ocr_line' id='line_1_29' title="bbox 2009 1659 3594 1734; baseline 0.004 -23"><span class='ocrx_word' id='word_1_196' title='bbox 2009 1659 2178 1714; x_wconf 86' lang='lat' dir='ltr'><strong>urbes</strong></span> <span class='ocrx_word' id='word_1_197' title='bbox 2207 1668 2430 1716; x_wconf 88' lang='lat' dir='ltr'><strong>nostras</strong></span> <span class='ocrx_word' id='word_1_198' title='bbox 2463 1661 2518 1715; x_wconf 91' lang='lat' dir='ltr'><strong>in</strong></span> <span class='ocrx_word' id='word_1_199' title='bbox 2551 1676 2649 1716; x_wconf 89' lang='lat' dir='ltr'><strong>ore</strong></span> <span class='ocrx_word' id='word_1_200' title='bbox 2697 1661 2943 1715; x_wconf 92' lang='lat' dir='ltr'><strong>omnium</strong></span> <span class='ocrx_word' id='word_1_201' title='bbox 2994 1661 3254 1732; x_wconf 67' lang='lat' dir='ltr'><strong>Irequens</strong></span> <span class='ocrx_word' id='word_1_202' title='bbox 3294 1670 3378 1717; x_wconf 78' lang='lat' dir='ltr'><strong>est</strong></span> <span class='ocrx_word' id='word_1_203' title='bbox 3420 1661 3594 1734; x_wconf 70' lang='lat' dir='ltr'><strong>Pylae-</strong></span> 
     </span>
    </p>
   </div>
   <div class='ocr_carea' id='block_1_30' title="bbox 326 1741 1904 1823">
    <p class='ocr_par' dir='ltr' id='par_1_30' title="bbox 326 1741 1898 1814">
     <span class='ocr_line' id='line_1_30' title="bbox 326 1741 1898 1814; baseline 0.003 -20"><span class='ocrx_word' id='word_1_204' title='bbox 326 1742 494 1811; x_wconf 71' lang='grc' dir='ltr'>μένης</span> <span class='ocrx_word' id='word_1_205' title='bbox 525 1741 712 1807; x_wconf 77' lang='grc' dir='ltr'>πολὺς,</span> <span class='ocrx_word' id='word_1_206' title='bbox 743 1744 769 1796; x_wconf 89' lang='lat'><strong>6</strong></span> <span class='ocrx_word' id='word_1_207' title='bbox 799 1743 1128 1814; x_wconf 86' lang='grc' dir='ltr'>δημιουργὸς</span> <span class='ocrx_word' id='word_1_208' title='bbox 1151 1745 1248 1814; x_wconf 82' lang='grc' dir='ltr'>τῆς</span> <span class='ocrx_word' id='word_1_209' title='bbox 1273 1743 1565 1807; x_wconf 82' lang='grc' dir='ltr'>Θεσπεσίας</span> <span class='ocrx_word' id='word_1_210' title='bbox 1591 1743 1898 1814; x_wconf 71' lang='grc' dir='ltr'>ἐπιστολῆς.</span> 
     </span>
    </p>
   </div>
   <div class='ocr_carea' id='block_1_31' title="bbox 2008 1741 3592 1823">
    <p class='ocr_par' dir='ltr' id='par_1_31' title="bbox 2008 1751 3592 1823">
     <span class='ocr_line' id='line_1_31' title="bbox 2008 1751 3592 1823; baseline 0.004 -21"><span class='ocrx_word' id='word_1_211' title='bbox 2008 1766 2215 1815; x_wconf 89' lang='lat' dir='ltr'><strong>menes,</strong></span> <span class='ocrx_word' id='word_1_212' title='bbox 2247 1751 2446 1806; x_wconf 75' lang='lat' dir='ltr'><strong>divina:</strong></span> <span class='ocrx_word' id='word_1_213' title='bbox 2498 1753 2646 1808; x_wconf 90' lang='lat' dir='ltr'><strong>illius</strong></span> <span class='ocrx_word' id='word_1_214' title='bbox 2700 1761 2894 1808; x_wconf 84' lang='lat' dir='ltr'><strong>auctor</strong></span> <span class='ocrx_word' id='word_1_215' title='bbox 2939 1754 3204 1823; x_wconf 60' lang='lat' dir='ltr'><strong>epistolas.</strong></span> <span class='ocrx_word' id='word_1_216' title='bbox 3256 1753 3434 1808; x_wconf 85' lang='lat' dir='ltr'><strong>Unum</strong></span> <span class='ocrx_word' id='word_1_217' title='bbox 3486 1754 3592 1810; x_wconf 89' lang='lat' dir='ltr'><strong>hoc</strong></span> 
     </span>
    </p>
   </div>
   <div class='ocr_carea' id='block_1_32' title="bbox 330 1831 1901 1908">
    <p class='ocr_par' dir='ltr' id='par_1_32' title="bbox 330 1831 1901 1908">
     <span class='ocr_line' id='line_1_32' title="bbox 330 1831 1901 1908; baseline 0.003 -24"><span class='ocrx_word' id='word_1_218' title='bbox 330 1833 426 1885; x_wconf 80' lang='grc' dir='ltr'>Ἓν</span> <span class='ocrx_word' id='word_1_219' title='bbox 464 1831 622 1885; x_wconf 86' lang='grc' dir='ltr'>τοῦτο</span> <span class='ocrx_word' id='word_1_220' title='bbox 649 1833 847 1887; x_wconf 75' lang='grc' dir='ltr'>ἄτοπον</span> <span class='ocrx_word' id='word_1_221' title='bbox 877 1833 1072 1904; x_wconf 65' lang='grc' dir='ltr'>ἐφάνη,</span> <span class='ocrx_word' id='word_1_222' title='bbox 1111 1835 1205 1890; x_wconf 75' lang='grc' dir='ltr'>καὶ</span> <span class='ocrx_word' id='word_1_223' title='bbox 1238 1835 1388 1906; x_wconf 69' lang='grc' dir='ltr'>παρὰ</span> <span class='ocrx_word' id='word_1_224' title='bbox 1421 1835 1578 1902; x_wconf 77' lang='grc' dir='ltr'>δόξαν</span> <span class='ocrx_word' id='word_1_225' title='bbox 1621 1837 1901 1908; x_wconf 76' lang='grc' dir='ltr'>ἀπήντησε</span> 
     </span>
    </p>
   </div>
   <div class='ocr_carea' id='block_1_33' title="bbox 323 1919 1900 1998">
    <p class='ocr_par' dir='ltr' id='par_1_33' title="bbox 323 1919 1900 1998">
     <span class='ocr_line' id='line_1_33' title="bbox 323 1919 1900 1998; baseline 0.004 -26"><span class='ocrx_word' id='word_1_226' title='bbox 323 1919 401 1990; x_wconf 80' lang='grc' dir='ltr'>τῷ</span> <span class='ocrx_word' id='word_1_227' title='bbox 429 1920 639 1991; x_wconf 80' lang='grc' dir='ltr'><strong>θεάτρῳ</strong></span> <span class='ocrx_word' id='word_1_228' title='bbox 659 1937 671 1950; x_wconf 89' lang='grc'><strong>·</strong></span> <span class='ocrx_word' id='word_1_229' title='bbox 694 1922 792 1985; x_wconf 73' lang='grc' dir='ltr'><strong>τὰς</strong></span> <span class='ocrx_word' id='word_1_230' title='bbox 817 1923 1199 1992; x_wconf 72' lang='grc' dir='ltr'>Κυνηγετικὰς</span> <span class='ocrx_word' id='word_1_231' title='bbox 1228 1923 1376 1994; x_wconf 61' lang='lat' dir='ltr'><strong>ﬁrst;</strong></span> <span class='ocrx_word' id='word_1_232' title='bbox 1401 1926 1498 1988; x_wconf 66' lang='grc' dir='ltr'><strong>τὰς</strong></span> <span class='ocrx_word' id='word_1_233' title='bbox 1539 1925 1698 1996; x_wconf 68' lang='grc' dir='ltr'>ἐμὰς,</span> <span class='ocrx_word' id='word_1_234' title='bbox 1729 1926 1805 1990; x_wconf 90' lang='grc' dir='ltr'><strong>ώς</strong></span> <span class='ocrx_word' id='word_1_235' title='bbox 1837 1927 1900 1998; x_wconf 84' lang='grc' dir='ltr'>δή</span> 
     </span>
    </p>
   </div>
   <div class='ocr_carea' id='block_1_34' title="bbox 323 2012 1903 2088">
    <p class='ocr_par' dir='ltr' id='par_1_34' title="bbox 323 2012 1903 2088">
     <span class='ocr_line' id='line_1_34' title="bbox 323 2012 1903 2088; baseline 0.005 -25"><span class='ocrx_word' id='word_1_236' title='bbox 323 2028 378 2063; x_wconf 89' lang='grc' dir='ltr'><strong>τι</strong></span> <span class='ocrx_word' id='word_1_237' title='bbox 410 2013 698 2066; x_wconf 82' lang='grc' dir='ltr'>σπουδαῖον</span> <span class='ocrx_word' id='word_1_238' title='bbox 731 2013 925 2077; x_wconf 74' lang='grc' dir='ltr'>αὑταῖς</span> <span class='ocrx_word' id='word_1_239' title='bbox 961 2013 1102 2070; x_wconf 72' lang='grc' dir='ltr'>ἐνόν.</span> <span class='ocrx_word' id='word_1_240' title='bbox 1136 2015 1360 2080; x_wconf 79' lang='grc' dir='ltr'>Ἐδοξας</span> <span class='ocrx_word' id='word_1_241' title='bbox 1395 2012 1486 2069; x_wconf 76' lang='grc' dir='ltr'><strong>οὖν</strong></span> <span class='ocrx_word' id='word_1_242' title='bbox 1525 2017 1752 2088; x_wconf 70' lang='grc' dir='ltr'>σεσηρὸς</span> <span class='ocrx_word' id='word_1_243' title='bbox 1771 2015 1903 2088; x_wconf 83' lang='grc' dir='ltr'>ἦθος</span> 
     </span>
    </p>
   </div>
   <div class='ocr_carea' id='block_1_35' title="bbox 325 2104 1903 2179">
    <p class='ocr_par' dir='ltr' id='par_1_35' title="bbox 325 2104 1903 2179">
     <span class='ocr_line' id='line_1_35' title="bbox 325 2104 1903 2179; baseline 0.004 -23"><span class='ocrx_word' id='word_1_244' title='bbox 325 2104 679 2174; x_wconf 66' lang='grc' dir='ltr'>παρέχεσθαι,</span> <span class='ocrx_word' id='word_1_245' title='bbox 704 2106 797 2158; x_wconf 71' lang='grc' dir='ltr'>καὶ</span> <span class='ocrx_word' id='word_1_246' title='bbox 821 2107 1102 2176; x_wconf 78' lang='grc' dir='ltr'>εἰρωνείας</span> <span class='ocrx_word' id='word_1_247' title='bbox 1133 2107 1439 2162; x_wconf 78' lang='grc' dir='ltr'>ἀνάπλεων.</span> <span class='ocrx_word' id='word_1_248' title='bbox 1479 2108 1553 2161; x_wconf 84' lang='grc' dir='ltr'><strong>Οῦ</strong></span> <span class='ocrx_word' id='word_1_249' title='bbox 1584 2108 1693 2179; x_wconf 75' lang='grc' dir='ltr'><strong>γὰρ</strong></span> <span class='ocrx_word' id='word_1_250' title='bbox 1720 2109 1903 2178; x_wconf 68' lang='grc' dir='ltr'>ἠξίουν</span> 
     </span>
    </p>
   </div>
   <div class='ocr_carea' id='block_1_36' title="bbox 324 2192 1903 2265">
    <p class='ocr_par' dir='ltr' id='par_1_36' title="bbox 324 2192 1903 2265">
     <span class='ocr_line' id='line_1_36' title="bbox 324 2192 1903 2265; baseline 0.003 -20"><span class='ocrx_word' id='word_1_251' title='bbox 324 2192 430 2246; x_wconf 82' lang='grc' dir='ltr'><strong>τῶν</strong></span> <span class='ocrx_word' id='word_1_252' title='bbox 479 2193 626 2264; x_wconf 83' lang='grc' dir='ltr'><strong>παρά</strong></span> <span class='ocrx_word' id='word_1_253' title='bbox 676 2193 826 2263; x_wconf 76' lang='grc' dir='ltr'>σφίσι</span> <span class='ocrx_word' id='word_1_254' title='bbox 880 2194 975 2248; x_wconf 80' lang='grc' dir='ltr'>τὸν.</span> <span class='ocrx_word' id='word_1_255' title='bbox 1018 2195 1350 2264; x_wconf 78' lang='grc' dir='ltr'>φαυλότατον</span> <span class='ocrx_word' id='word_1_256' title='bbox 1388 2197 1583 2260; x_wconf 84' lang='grc' dir='ltr'>εἰπεῖν,</span> <span class='ocrx_word' id='word_1_257' title='bbox 1622 2195 1903 2265; x_wconf 78' lang='grc' dir='ltr'>ἐξενέγκαι</span> 
     </span>
    </p>
   </div>
   <div class='ocr_carea' id='block_1_37' title="bbox 324 2284 1905 2358">
    <p class='ocr_par' dir='ltr' id='par_1_37' title="bbox 324 2284 1905 2358">
     <span class='ocr_line' id='line_1_37' title="bbox 324 2284 1905 2358; baseline 0.003 -22"><span class='ocrx_word' id='word_1_258' title='bbox 324 2301 375 2336; x_wconf 87' lang='grc' dir='ltr'><strong>τι</strong></span> <span class='ocrx_word' id='word_1_259' title='bbox 422 2284 671 2352; x_wconf 79' lang='grc' dir='ltr'>παίγνιον</span> <span class='ocrx_word' id='word_1_260' title='bbox 711 2290 810 2357; x_wconf 79' lang='grc' dir='ltr'>τῆς</span> <span class='ocrx_word' id='word_1_261' title='bbox 851 2287 998 2358; x_wconf 76' lang='grc' dir='ltr'><strong>παρά</strong></span> <span class='ocrx_word' id='word_1_262' title='bbox 1045 2287 1129 2340; x_wconf 72' lang='grc' dir='ltr'>σοὶ</span> <span class='ocrx_word' id='word_1_263' title='bbox 1168 2287 1406 2358; x_wconf 69' lang='grc' dir='ltr'>σπουδῆς</span> <span class='ocrx_word' id='word_1_264' title='bbox 1451 2287 1622 2354; x_wconf 75' lang='grc' dir='ltr'>ἀξιον.</span> <span class='ocrx_word' id='word_1_265' title='bbox 1669 2286 1810 2356; x_wconf 86' lang='grc' dir='ltr'><strong>Ἐγὼ</strong></span> <span class='ocrx_word' id='word_1_266' title='bbox 1847 2287 1905 2340; x_wconf 75' lang='grc' dir='ltr'>δὲ</span> 
     </span>
    </p>
   </div>
   <div class='ocr_carea' id='block_1_38' title="bbox 324 2375 1904 2450">
    <p class='ocr_par' dir='ltr' id='par_1_38' title="bbox 324 2375 1904 2450">
     <span class='ocr_line' id='line_1_38' title="bbox 324 2375 1904 2450; baseline 0.004 -23"><span class='ocrx_word' id='word_1_267' title='bbox 324 2375 510 2428; x_wconf 72' lang='grc' dir='ltr'>τούτου</span> <span class='ocrx_word' id='word_1_268' title='bbox 549 2377 650 2446; x_wconf 75' lang='grc' dir='ltr'><strong>μέν</strong></span> <span class='ocrx_word' id='word_1_269' title='bbox 681 2395 741 2435; x_wconf 85' lang='grc' dir='ltr'><strong>σε</strong></span> <span class='ocrx_word' id='word_1_270' title='bbox 769 2383 1129 2450; x_wconf 78' lang='grc' dir='ltr'>παρῃτούμην</span> <span class='ocrx_word' id='word_1_271' title='bbox 1149 2378 1248 2449; x_wconf 81' lang='grc' dir='ltr'>τῆς</span> <span class='ocrx_word' id='word_1_272' title='bbox 1283 2379 1565 2450; x_wconf 73' lang='grc' dir='ltr'>εἰρωνείας</span> <span class='ocrx_word' id='word_1_273' title='bbox 1585 2396 1599 2411; x_wconf 76' lang='grc' dir='ltr'><strong>ο</strong></span> <span class='ocrx_word' id='word_1_274' title='bbox 1624 2379 1904 2433; x_wconf 71' lang='grc' dir='ltr'>ἐδίδασκον</span> 
     </span>
    </p>
   </div>
   <div class='ocr_carea' id='block_1_39' title="bbox 311 2466 1905 2541">
    <p class='ocr_par' dir='ltr' id='par_1_39' title="bbox 311 2466 1905 2541">
     <span class='ocr_line' id='line_1_39' title="bbox 311 2466 1905 2541; baseline 0.003 -23"><span class='ocrx_word' id='word_1_275' title='bbox 311 2466 402 2528; x_wconf 75' lang='grc' dir='ltr'>δὲ.</span> <span class='ocrx_word' id='word_1_276' title='bbox 451 2468 532 2520; x_wconf 85' lang='grc' dir='ltr'>ὅτι</span> <span class='ocrx_word' id='word_1_277' title='bbox 581 2466 718 2538; x_wconf 74' lang='grc' dir='ltr'>πρὸς</span> <span class='ocrx_word' id='word_1_278' title='bbox 766 2471 877 2533; x_wconf 84' lang='grc' dir='ltr'>τοῖς</span> <span class='ocrx_word' id='word_1_279' title='bbox 927 2469 1129 2536; x_wconf 79' lang='grc' dir='ltr'>ἄλλοις,</span> <span class='ocrx_word' id='word_1_280' title='bbox 1181 2469 1218 2522; x_wconf 78' lang='grc' dir='ltr'><strong>ἀ</strong></span> <span class='ocrx_word' id='word_1_281' title='bbox 1258 2485 1342 2522; x_wconf 79' lang='grc' dir='ltr'><strong>σοι</strong></span> <span class='ocrx_word' id='word_1_282' title='bbox 1390 2470 1656 2541; x_wconf 72' lang='grc' dir='ltr'>πάρεστιν</span> <span class='ocrx_word' id='word_1_283' title='bbox 1702 2469 1905 2538; x_wconf 72' lang='grc' dir='ltr'>ἀγαθὰ,</span> 
     </span>
    </p>
   </div>
   <div class='ocr_carea' id='block_1_40' title="bbox 327 2559 1908 2633">
    <p class='ocr_par' dir='ltr' id='par_1_40' title="bbox 327 2559 1908 2633">
     <span class='ocr_line' id='line_1_40' title="bbox 327 2559 1908 2633; baseline 0.001 -21"><span class='ocrx_word' id='word_1_284' title='bbox 327 2559 834 2631; x_wconf 76' lang='grc' dir='ltr'>φιλανθρωπότατος</span> <span class='ocrx_word' id='word_1_285' title='bbox 871 2584 929 2622; x_wconf 79' lang='grc' dir='ltr'><strong>τε</strong></span> <span class='ocrx_word' id='word_1_286' title='bbox 961 2562 1102 2633; x_wconf 67' lang='grc' dir='ltr'>εἴης,</span> <span class='ocrx_word' id='word_1_287' title='bbox 1136 2563 1233 2616; x_wconf 73' lang='grc' dir='ltr'>καὶ</span> <span class='ocrx_word' id='word_1_288' title='bbox 1263 2561 1376 2617; x_wconf 84' lang='grc' dir='ltr'><strong>τῶν</strong></span> <span class='ocrx_word' id='word_1_289' title='bbox 1427 2561 1718 2633; x_wconf 76' lang='grc' dir='ltr'>ἐγκωμίων</span> <span class='ocrx_word' id='word_1_290' title='bbox 1757 2561 1908 2630; x_wconf 83' lang='grc' dir='ltr'>φιλο-</span> 
     </span>
    </p>
   </div>
   <div class='ocr_carea' id='block_1_41' title="bbox 323 2651 1906 2723">
    <p class='ocr_par' dir='ltr' id='par_1_41' title="bbox 323 2651 1906 2723">
     <span class='ocr_line' id='line_1_41' title="bbox 323 2651 1906 2723; baseline -0.002 -18"><span class='ocrx_word' id='word_1_291' title='bbox 323 2651 646 2723; x_wconf 82' lang='grc' dir='ltr'>δωρότατος.</span> <span class='ocrx_word' id='word_1_292' title='bbox 681 2652 890 2706; x_wconf 76' lang='grc' dir='ltr'>Οὔκουν</span> <span class='ocrx_word' id='word_1_293' title='bbox 939 2654 1031 2707; x_wconf 71' lang='grc' dir='ltr'><strong>ἐπὶ</strong></span> <span class='ocrx_word' id='word_1_294' title='bbox 1067 2653 1406 2723; x_wconf 81' lang='grc' dir='ltr'>καταγέλωτι</span> <span class='ocrx_word' id='word_1_295' title='bbox 1449 2651 1781 2722; x_wconf 80' lang='grc' dir='ltr'>πεποιῆσθαι</span> <span class='ocrx_word' id='word_1_296' title='bbox 1809 2651 1906 2723; x_wconf 81' lang='grc' dir='ltr'>τὴν</span> 
     </span>
    </p>
   </div>
   <div class='ocr_carea' id='block_1_42' title="bbox 325 2742 1907 2817">
    <p class='ocr_par' dir='ltr' id='par_1_42' title="bbox 325 2742 1907 2817">
     <span class='ocr_line' id='line_1_42' title="bbox 325 2742 1907 2817; baseline -0.001 -19"><span class='ocrx_word' id='word_1_297' title='bbox 325 2742 581 2816; x_wconf 69' lang='grc' dir='ltr'>αἴτησιν·</span> <span class='ocrx_word' id='word_1_298' title='bbox 637 2745 751 2798; x_wconf 79' lang='grc' dir='ltr'>ἀλλ’</span> <span class='ocrx_word' id='word_1_299' title='bbox 802 2745 890 2798; x_wconf 79' lang='grc' dir='ltr'><strong>ἴνα</strong></span> <span class='ocrx_word' id='word_1_300' title='bbox 942 2745 1193 2816; x_wconf 78' lang='grc' dir='ltr'>ηδοίμην,</span> <span class='ocrx_word' id='word_1_301' title='bbox 1237 2749 1303 2817; x_wconf 82' lang='grc' dir='ltr'><strong>τῇ</strong></span> <span class='ocrx_word' id='word_1_302' title='bbox 1353 2745 1502 2816; x_wconf 78' lang='grc' dir='ltr'><strong>παρά</strong></span> <span class='ocrx_word' id='word_1_303' title='bbox 1553 2743 1647 2798; x_wconf 78' lang='grc' dir='ltr'><strong>τοῦ</strong></span> <span class='ocrx_word' id='word_1_304' title='bbox 1700 2743 1907 2797; x_wconf 81' lang='grc' dir='ltr'>τοιοῦδε</span> 
     </span>
    </p>
   </div>
   <div class='ocr_carea' id='block_1_43' title="bbox 329 2831 1906 2907">
    <p class='ocr_par' dir='ltr' id='par_1_43' title="bbox 329 2831 1906 2907">
     <span class='ocr_line' id='line_1_43' title="bbox 329 2831 1906 2907; baseline 0.008 -21"><span class='ocrx_word' id='word_1_305' title='bbox 329 2835 604 2907; x_wconf 76' lang='grc' dir='ltr'>μαρτυρία</span> <span class='ocrx_word' id='word_1_306' title='bbox 636 2833 962 2907; x_wconf 80' lang='grc' dir='ltr'>τιμώμενος.</span> <span class='ocrx_word' id='word_1_307' title='bbox 1002 2835 1184 2906; x_wconf 83' lang='grc' dir='ltr'>Γράφε</span> <span class='ocrx_word' id='word_1_308' title='bbox 1217 2831 1311 2890; x_wconf 82' lang='grc' dir='ltr'>οὖν</span> <span class='ocrx_word' id='word_1_309' title='bbox 1342 2835 1531 2899; x_wconf 79' lang='grc' dir='ltr'>ὁσάκις</span> <span class='ocrx_word' id='word_1_310' title='bbox 1570 2835 1635 2890; x_wconf 79' lang='grc' dir='ltr'>ἂν</span> <span class='ocrx_word' id='word_1_311' title='bbox 1667 2836 1906 2905; x_wconf 73' lang='grc' dir='ltr'>ἐγχωρῇ.</span> 
     </span>
    </p>
   </div>
   <div class='ocr_carea' id='block_1_44' title="bbox 327 2927 1909 3000">
    <p class='ocr_par' dir='ltr' id='par_1_44' title="bbox 327 2927 1909 3000">
     <span class='ocr_line' id='line_1_44' title="bbox 327 2927 1909 3000; baseline -0.001 -18"><span class='ocrx_word' id='word_1_312' title='bbox 327 2930 420 2982; x_wconf 73' lang='grc' dir='ltr'>καὶ</span> <span class='ocrx_word' id='word_1_313' title='bbox 449 2930 602 2982; x_wconf 82' lang='grc' dir='ltr'>ἑστία</span> <span class='ocrx_word' id='word_1_314' title='bbox 629 2929 974 3000; x_wconf 78' lang='grc' dir='ltr'>Κυρηναίους</span> <span class='ocrx_word' id='word_1_315' title='bbox 1005 2928 1084 3000; x_wconf 81' lang='grc' dir='ltr'>τῷ</span> <span class='ocrx_word' id='word_1_316' title='bbox 1120 2928 1264 2999; x_wconf 85' lang='grc' dir='ltr'>λόγῳ</span> <span class='ocrx_word' id='word_1_317' title='bbox 1283 2945 1298 2962; x_wconf 80' lang='grc' dir='ltr'><strong>ο</strong></span> <span class='ocrx_word' id='word_1_318' title='bbox 1329 2928 1404 2991; x_wconf 88' lang='grc' dir='ltr'><strong>ώς</strong></span> <span class='ocrx_word' id='word_1_319' title='bbox 1436 2927 1586 2982; x_wconf 81' lang='grc' dir='ltr'>οῦδὲν</span> <span class='ocrx_word' id='word_1_320' title='bbox 1627 2927 1694 2981; x_wconf 80' lang='grc' dir='ltr'>ἂν</span> <span class='ocrx_word' id='word_1_321' title='bbox 1728 2929 1909 2992; x_wconf 72' lang='grc' dir='ltr'>αὐτοῖς</span> 
     </span>
    </p>
   </div>
   <div class='ocr_carea' id='block_1_45' title="bbox 325 3018 1910 3089">
    <p class='ocr_par' dir='ltr' id='par_1_45' title="bbox 325 3018 1910 3089">
     <span class='ocr_line' id='line_1_45' title="bbox 325 3018 1910 3089; baseline 0 -19"><span class='ocrx_word' id='word_1_322' title='bbox 325 3018 471 3089; x_wconf 74' lang='grc' dir='ltr'>ἥδιον</span> <span class='ocrx_word' id='word_1_323' title='bbox 496 3018 828 3088; x_wconf 76' lang='grc' dir='ltr'>ἀνάγνωσμα</span> <span class='ocrx_word' id='word_1_324' title='bbox 868 3019 1073 3088; x_wconf 83' lang='grc' dir='ltr'>γένοιτο</span> <span class='ocrx_word' id='word_1_325' title='bbox 1101 3018 1208 3072; x_wconf 82' lang='grc' dir='ltr'>τῶν</span> <span class='ocrx_word' id='word_1_326' title='bbox 1235 3018 1604 3088; x_wconf 84' lang='grc' dir='ltr'>Πυλαιμένους</span> <span class='ocrx_word' id='word_1_327' title='bbox 1647 3018 1910 3087; x_wconf 69' lang='grc' dir='ltr'>γραμμα-</span> 
     </span>
    </p>
   </div>
   <div class='ocr_carea' id='block_1_46' title="bbox 324 3074 1982 3182">
    <p class='ocr_par' dir='ltr' id='par_1_46' title="bbox 324 3074 1982 3182">
     <span class='ocr_line' id='line_1_46' title="bbox 324 3074 1982 3182; baseline -0.001 -19"><span class='ocrx_word' id='word_1_328' title='bbox 324 3074 451 3176; x_wconf 65' lang='grc' dir='ltr'>των,</span> <span class='ocrx_word' id='word_1_329' title='bbox 505 3074 624 3182; x_wconf 51' lang='grc' dir='ltr'>ἢδη.</span> <span class='ocrx_word' id='word_1_330' title='bbox 663 3074 1090 3181; x_wconf 68' lang='grc' dir='ltr'>κατεσχημένοις</span> <span class='ocrx_word' id='word_1_331' title='bbox 1141 3109 1244 3163; x_wconf 75' lang='grc' dir='ltr'>ὑπὸ</span> <span class='ocrx_word' id='word_1_332' title='bbox 1293 3109 1386 3162; x_wconf 90' lang='grc' dir='ltr'><strong>τοῦ</strong></span> <span class='ocrx_word' id='word_1_333' title='bbox 1411 3074 1715 3179; x_wconf 40' lang='grc' dir='ltr'>ιδείγματος</span> <span class='ocrx_word' id='word_1_334' title='bbox 1763 3074 1903 3177; x_wconf 46' lang='grc' dir='ltr'><strong>’(έέ9).</strong></span> <span class='ocrx_word' id='word_1_335' title='bbox 1935 3074 1982 3135; x_wconf 75' lang='lat' dir='ltr'><strong><em>C</em></strong></span> 
     </span>
    </p>
   </div>
   <div class='ocr_carea' id='block_1_47' title="bbox 328 3201 1904 3274">
    <p class='ocr_par' dir='ltr' id='par_1_47' title="bbox 328 3201 1904 3274">
     <span class='ocr_line' id='line_1_47' title="bbox 328 3201 1904 3274; baseline -0.001 -19"><span class='ocrx_word' id='word_1_336' title='bbox 328 3203 550 3266; x_wconf 75' lang='grc' dir='ltr'>Πάντως</span> <span class='ocrx_word' id='word_1_337' title='bbox 597 3203 653 3256; x_wconf 82' lang='grc' dir='ltr'>δὲ</span> <span class='ocrx_word' id='word_1_338' title='bbox 707 3206 922 3272; x_wconf 80' lang='grc' dir='ltr'>συχνοῖς</span> <span class='ocrx_word' id='word_1_339' title='bbox 971 3203 1194 3274; x_wconf 70' lang='grc' dir='ltr'>ἐντεύξῃ</span> <span class='ocrx_word' id='word_1_340' title='bbox 1241 3207 1352 3266; x_wconf 84' lang='grc' dir='ltr'><strong>τοίς</strong></span> <span class='ocrx_word' id='word_1_341' title='bbox 1383 3202 1542 3272; x_wconf 86' lang='grc' dir='ltr'>δεῦρο</span> <span class='ocrx_word' id='word_1_342' title='bbox 1574 3201 1904 3271; x_wconf 81' lang='grc' dir='ltr'>ἀφικνουμέ-</span> 
     </span>
    </p>
   </div>
   <div class='ocr_carea' id='block_1_48' title="bbox 325 3291 1902 3366">
    <p class='ocr_par' dir='ltr' id='par_1_48' title="bbox 325 3291 1902 3366">
     <span class='ocr_line' id='line_1_48' title="bbox 325 3291 1902 3366; baseline 0.001 -18"><span class='ocrx_word' id='word_1_343' title='bbox 325 3313 437 3359; x_wconf 83' lang='grc' dir='ltr'>νοις</span> <span class='ocrx_word' id='word_1_344' title='bbox 457 3312 470 3326; x_wconf 79' lang='grc'><strong>’</strong></span> <span class='ocrx_word' id='word_1_345' title='bbox 505 3295 598 3349; x_wconf 76' lang='grc' dir='ltr'>καὶ</span> <span class='ocrx_word' id='word_1_346' title='bbox 627 3297 674 3348; x_wconf 82' lang='grc' dir='ltr'>εξ</span> <span class='ocrx_word' id='word_1_347' title='bbox 711 3296 932 3366; x_wconf 77' lang='grc' dir='ltr'>μηδέσιν</span> <span class='ocrx_word' id='word_1_348' title='bbox 965 3296 1167 3360; x_wconf 80' lang='grc' dir='ltr'>ἄλλοις,</span> <span class='ocrx_word' id='word_1_349' title='bbox 1195 3295 1331 3349; x_wconf 86' lang='grc' dir='ltr'><strong>ἀλλά</strong></span> <span class='ocrx_word' id='word_1_350' title='bbox 1361 3297 1474 3357; x_wconf 82' lang='grc' dir='ltr'>τοῖς</span> <span class='ocrx_word' id='word_1_351' title='bbox 1506 3294 1759 3362; x_wconf 78' lang='grc' dir='ltr'>ἄρξουσιν</span> <span class='ocrx_word' id='word_1_352' title='bbox 1787 3291 1902 3364; x_wconf 65' lang='grc' dir='ltr'>[περ.</span> 
     </span>
    </p>
   </div>
   <div class='ocr_carea' id='block_1_49' title="bbox 323 3387 1906 3462">
    <p class='ocr_par' dir='ltr' id='par_1_49' title="bbox 323 3387 1906 3462">
     <span class='ocr_line' id='line_1_49' title="bbox 323 3387 1906 3462; baseline -0.003 -20"><span class='ocrx_word' id='word_1_353' title='bbox 323 3389 576 3460; x_wconf 77' lang='grc' dir='ltr'>ἄρξασιν,</span> <span class='ocrx_word' id='word_1_354' title='bbox 607 3389 639 3461; x_wconf 81' lang='grc' dir='ltr'>ἢ</span> <span class='ocrx_word' id='word_1_355' title='bbox 675 3388 956 3462; x_wconf 79' lang='grc' dir='ltr'>ἄρχουσιν]</span> <span class='ocrx_word' id='word_1_356' title='bbox 985 3389 1140 3460; x_wconf 84' lang='grc' dir='ltr'>ἡμῶν</span> <span class='ocrx_word' id='word_1_357' title='bbox 1173 3391 1269 3443; x_wconf 74' lang='grc' dir='ltr'>καὶ</span> <span class='ocrx_word' id='word_1_358' title='bbox 1294 3389 1392 3460; x_wconf 81' lang='grc' dir='ltr'>τὴν</span> <span class='ocrx_word' id='word_1_359' title='bbox 1420 3389 1644 3446; x_wconf 70' lang='grc' dir='ltr'>ἐλάττω,</span> <span class='ocrx_word' id='word_1_360' title='bbox 1683 3387 1778 3439; x_wconf 67' lang='grc' dir='ltr'>καὶ</span> <span class='ocrx_word' id='word_1_361' title='bbox 1806 3387 1906 3457; x_wconf 79' lang='grc' dir='ltr'>τὴν</span> 
     </span>
    </p>
   </div>
   <div class='ocr_carea' id='block_1_50' title="bbox 244 3476 1906 3552">
    <p class='ocr_par' dir='ltr' id='par_1_50' title="bbox 244 3476 1906 3552">
     <span class='ocr_line' id='line_1_50' title="bbox 244 3476 1906 3552; baseline -0.003 -18"><span class='ocrx_word' id='word_1_362' title='bbox 244 3515 253 3518; x_wconf 55' lang='grc' dir='ltr'>ν</span> <span class='ocrx_word' id='word_1_363' title='bbox 328 3483 498 3552; x_wconf 79' lang='grc' dir='ltr'>μείζω</span> <span class='ocrx_word' id='word_1_364' title='bbox 543 3483 676 3552; x_wconf 82' lang='grc'>(50),</span> <span class='ocrx_word' id='word_1_365' title='bbox 708 3482 803 3535; x_wconf 78' lang='grc' dir='ltr'>καὶ</span> <span class='ocrx_word' id='word_1_366' title='bbox 830 3481 930 3550; x_wconf 82' lang='grc' dir='ltr'><strong>τὴν</strong></span> <span class='ocrx_word' id='word_1_367' title='bbox 961 3481 1276 3549; x_wconf 77' lang='grc' dir='ltr'>Αἰγυπτίων</span> <span class='ocrx_word' id='word_1_368' title='bbox 1320 3480 1527 3550; x_wconf 74' lang='grc' dir='ltr'>ἀρχήν·</span> <span class='ocrx_word' id='word_1_369' title='bbox 1569 3476 1663 3540; x_wconf 78' lang='grc' dir='ltr'>οὓς</span> <span class='ocrx_word' id='word_1_370' title='bbox 1699 3477 1797 3530; x_wconf 82' lang='grc' dir='ltr'><strong>οῦκ</strong></span> <span class='ocrx_word' id='word_1_371' title='bbox 1831 3478 1906 3530; x_wconf 74' lang='grc' dir='ltr'><strong>εΞ‹</strong></span> 
     </span>
    </p>
   </div>
   <div class='ocr_carea' id='block_1_51' title="bbox 325 3567 1904 3640">
    <p class='ocr_par' dir='ltr' id='par_1_51' title="bbox 325 3567 1904 3640">
     <span class='ocr_line' id='line_1_51' title="bbox 325 3567 1904 3640; baseline -0.003 -15"><span class='ocrx_word' id='word_1_372' title='bbox 325 3579 422 3635; x_wconf 65' lang='grc' dir='ltr'><strong>κὸς</strong></span> <span class='ocrx_word' id='word_1_373' title='bbox 465 3572 772 3638; x_wconf 83' lang='grc' dir='ltr'>ἀγνοεῖσθαι</span> <span class='ocrx_word' id='word_1_374' title='bbox 801 3572 890 3624; x_wconf 74' lang='grc' dir='ltr'><strong>διὰ</strong></span> <span class='ocrx_word' id='word_1_375' title='bbox 935 3573 1036 3640; x_wconf 77' lang='grc' dir='ltr'>τὴν</span> <span class='ocrx_word' id='word_1_376' title='bbox 1085 3570 1406 3625; x_wconf 80' lang='grc' dir='ltr'>ἀκολουθίαν</span> <span class='ocrx_word' id='word_1_377' title='bbox 1447 3568 1555 3622; x_wconf 76' lang='grc' dir='ltr'>τῶν</span> <span class='ocrx_word' id='word_1_378' title='bbox 1589 3567 1904 3623; x_wconf 79' lang='grc' dir='ltr'>δανειστῶν.</span> 
     </span>
    </p>
   </div>
   <div class='ocr_carea' id='block_1_52' title="bbox 337 3651 1902 3734">
    <p class='ocr_par' dir='ltr' id='par_1_52' title="bbox 337 3651 1902 3734">
     <span class='ocr_line' id='line_1_52' title="bbox 337 3651 1902 3734; baseline -0.003 -17"><span class='ocrx_word' id='word_1_379' title='bbox 337 3664 489 3717; x_wconf 75' lang='grc' dir='ltr'>Ἐπεὶ</span> <span class='ocrx_word' id='word_1_380' title='bbox 514 3663 569 3716; x_wconf 76' lang='grc' dir='ltr'>δὲ</span> <span class='ocrx_word' id='word_1_381' title='bbox 598 3662 842 3734; x_wconf 81' lang='grc' dir='ltr'>διαφέρει</span> <span class='ocrx_word' id='word_1_382' title='bbox 869 3680 952 3721; x_wconf 85' lang='grc' dir='ltr'><strong>σοι</strong></span> <span class='ocrx_word' id='word_1_383' title='bbox 980 3662 1132 3733; x_wconf 80' lang='grc' dir='ltr'>τάμὰ</span> <span class='ocrx_word' id='word_1_384' title='bbox 1159 3662 1377 3726; x_wconf 77' lang='grc' dir='ltr'>εἰδέναι,</span> <span class='ocrx_word' id='word_1_385' title='bbox 1404 3657 1824 3730; x_wconf 78' lang='grc' dir='ltr'>φιλοσοφοῦμεν,</span> <span class='ocrx_word' id='word_1_386' title='bbox 1856 3651 1902 3712; x_wconf 79' lang='grc' dir='ltr'><strong>ὦ</strong></span> 
     </span>
    </p>
   </div>
   <div class='ocr_carea' id='block_1_53' title="bbox 325 3749 1906 3824">
    <p class='ocr_par' dir='ltr' id='par_1_53' title="bbox 325 3749 1906 3824">
     <span class='ocr_line' id='line_1_53' title="bbox 325 3749 1906 3824; baseline -0.002 -18"><span class='ocrx_word' id='word_1_387' title='bbox 325 3753 493 3820; x_wconf 57' lang='lat' dir='ltr'><strong>“mlh,</strong></span> <span class='ocrx_word' id='word_1_388' title='bbox 529 3753 626 3823; x_wconf 85' lang='grc' dir='ltr'>τὴν</span> <span class='ocrx_word' id='word_1_389' title='bbox 663 3754 900 3824; x_wconf 76' lang='grc' dir='ltr'>ἐρημίαν</span> <span class='ocrx_word' id='word_1_390' title='bbox 948 3752 1156 3824; x_wconf 80' lang='grc' dir='ltr'>ἀγαθὴν</span> <span class='ocrx_word' id='word_1_391' title='bbox 1207 3751 1421 3822; x_wconf 68' lang='grc' dir='ltr'>ἔχοντες</span> <span class='ocrx_word' id='word_1_392' title='bbox 1479 3749 1759 3821; x_wconf 76' lang='grc' dir='ltr'>συνεργὸν,</span> <span class='ocrx_word' id='word_1_393' title='bbox 1810 3750 1906 3803; x_wconf 86' lang='grc' dir='ltr'>ἀν-</span> 
     </span>
    </p>
   </div>
   <div class='ocr_carea' id='block_1_54' title="bbox 325 3841 1908 3914">
    <p class='ocr_par' dir='ltr' id='par_1_54' title="bbox 325 3841 1908 3914">
     <span class='ocr_line' id='line_1_54' title="bbox 325 3841 1908 3914; baseline -0.004 -16"><span class='ocrx_word' id='word_1_394' title='bbox 325 3844 558 3914; x_wconf 74' lang='grc' dir='ltr'>Ορώπων</span> <span class='ocrx_word' id='word_1_395' title='bbox 587 3845 645 3898; x_wconf 80' lang='grc' dir='ltr'>δὲ</span> <span class='ocrx_word' id='word_1_396' title='bbox 680 3844 890 3898; x_wconf 75' lang='grc' dir='ltr'>οὐδένα.</span> <span class='ocrx_word' id='word_1_397' title='bbox 919 3845 1041 3897; x_wconf 73' lang='grc' dir='ltr'><strong>Οὐδ’</strong></span> <span class='ocrx_word' id='word_1_398' title='bbox 1073 3844 1221 3896; x_wconf 75' lang='grc' dir='ltr'>ἔστιν</span> <span class='ocrx_word' id='word_1_399' title='bbox 1252 3845 1375 3898; x_wconf 84' lang='grc' dir='ltr'>ὅτου</span> <span class='ocrx_word' id='word_1_400' title='bbox 1419 3843 1549 3896; x_wconf 86' lang='grc' dir='ltr'>ποτὲ</span> <span class='ocrx_word' id='word_1_401' title='bbox 1577 3843 1668 3896; x_wconf 76' lang='grc' dir='ltr'><strong>ἐπὶ</strong></span> <span class='ocrx_word' id='word_1_402' title='bbox 1701 3841 1908 3910; x_wconf 75' lang='grc' dir='ltr'>Λιϐύης</span> 
     </span>
    </p>
   </div>
   <div class='ocr_carea' id='block_1_55' title="bbox 327 3931 1906 4006">
    <p class='ocr_par' dir='ltr' id='par_1_55' title="bbox 327 3931 1906 4006">
     <span class='ocr_line' id='line_1_55' title="bbox 327 3931 1906 4006; baseline -0.003 -18"><span class='ocrx_word' id='word_1_403' title='bbox 327 3938 538 4006; x_wconf 81' lang='grc' dir='ltr'>ἀκήκοα</span> <span class='ocrx_word' id='word_1_404' title='bbox 574 3937 755 4006; x_wconf 83' lang='grc' dir='ltr'>φωνὴν</span> <span class='ocrx_word' id='word_1_405' title='bbox 781 3935 1028 4005; x_wconf 79' lang='grc' dir='ltr'>ἀφιέντος</span> <span class='ocrx_word' id='word_1_406' title='bbox 1056 3937 1363 4004; x_wconf 81' lang='grc' dir='ltr'>φιλόσοφον,</span> <span class='ocrx_word' id='word_1_407' title='bbox 1405 3936 1486 3988; x_wconf 79' lang='grc' dir='ltr'>ὅτι</span> <span class='ocrx_word' id='word_1_408' title='bbox 1515 3935 1588 4004; x_wconf 66' lang='grc' dir='ltr'>μὴ</span> <span class='ocrx_word' id='word_1_409' title='bbox 1614 3934 1717 4003; x_wconf 75' lang='grc' dir='ltr'>τῆς</span> <span class='ocrx_word' id='word_1_410' title='bbox 1742 3931 1906 4002; x_wconf 68' lang='grc' dir='ltr'>ἠχοῦς</span> 
     </span>
    </p>
   </div>
   <div class='ocr_carea' id='block_1_56' title="bbox 325 4023 1906 4098">
    <p class='ocr_par' dir='ltr' id='par_1_56' title="bbox 325 4023 1906 4098">
     <span class='ocr_line' id='line_1_56' title="bbox 325 4023 1906 4098; baseline -0.002 -19"><span class='ocrx_word' id='word_1_411' title='bbox 325 4027 828 4097; x_wconf 71' lang='grc' dir='ltr'>ἀντιφθεγγομένης</span> <span class='ocrx_word' id='word_1_412' title='bbox 879 4028 1010 4098; x_wconf 81' lang='grc' dir='ltr'>ἡμῖν</span> <span class='ocrx_word' id='word_1_413' title='bbox 1071 4024 1182 4098; x_wconf 81' lang='grc' dir='ltr'>[γρ.</span> <span class='ocrx_word' id='word_1_414' title='bbox 1235 4024 1404 4096; x_wconf 62' lang='lat' dir='ltr'><strong>spei}.</strong></span> <span class='ocrx_word' id='word_1_415' title='bbox 1476 4023 1635 4077; x_wconf 75' lang='grc' dir='ltr'>Ἀλλὰ</span> <span class='ocrx_word' id='word_1_416' title='bbox 1691 4023 1906 4092; x_wconf 82' lang='grc' dir='ltr'>κόσμει,</span> 
     </span>
    </p>
   </div>
   <div class='ocr_carea' id='block_1_57' title="bbox 328 4113 1905 4190">
    <p class='ocr_par' dir='ltr' id='par_1_57' title="bbox 328 4113 1905 4190">
     <span class='ocr_line' id='line_1_57' title="bbox 328 4113 1905 4190; baseline -0.004 -18"><span class='ocrx_word' id='word_1_417' title='bbox 328 4120 510 4190; x_wconf 71' lang='grc' dir='ltr'>φησιν,</span> <span class='ocrx_word' id='word_1_418' title='bbox 557 4118 622 4173; x_wconf 82' lang='grc' dir='ltr'><strong>διν</strong></span> <span class='ocrx_word' id='word_1_419' title='bbox 657 4118 845 4190; x_wconf 75' lang='grc' dir='ltr'>ἔλαχες</span> <span class='ocrx_word' id='word_1_420' title='bbox 877 4119 1154 4190; x_wconf 76' lang='grc' dir='ltr'>Σπάρταν.</span> <span class='ocrx_word' id='word_1_421' title='bbox 1201 4117 1370 4186; x_wconf 81' lang='grc' dir='ltr'><strong>Κάγώ</strong></span> <span class='ocrx_word' id='word_1_422' title='bbox 1405 4134 1493 4187; x_wconf 82' lang='grc' dir='ltr'><strong>μοι</strong></span> <span class='ocrx_word' id='word_1_423' title='bbox 1521 4114 1662 4170; x_wconf 85' lang='grc' dir='ltr'>δοκῶ</span> <span class='ocrx_word' id='word_1_424' title='bbox 1705 4113 1801 4184; x_wconf 83' lang='grc' dir='ltr'>τὴν</span> <span class='ocrx_word' id='word_1_425' title='bbox 1827 4115 1905 4166; x_wconf 79' lang='grc' dir='ltr'>εί-</span> 
     </span>
    </p>
   </div>
   <div class='ocr_carea' id='block_1_58' title="bbox 330 4205 1906 4282">
    <p class='ocr_par' dir='ltr' id='par_1_58' title="bbox 330 4205 1906 4282">
     <span class='ocr_line' id='line_1_58' title="bbox 330 4205 1906 4282; baseline -0.005 -18"><span class='ocrx_word' id='word_1_426' title='bbox 330 4212 618 4282; x_wconf 82' lang='grc' dir='ltr'>μαρμὲνην</span> <span class='ocrx_word' id='word_1_427' title='bbox 665 4211 970 4282; x_wconf 71' lang='grc' dir='ltr'>ἀγαπήσειν</span> <span class='ocrx_word' id='word_1_428' title='bbox 1017 4227 1077 4264; x_wconf 80' lang='grc' dir='ltr'><strong>τε</strong></span> <span class='ocrx_word' id='word_1_429' title='bbox 1113 4211 1206 4264; x_wconf 77' lang='grc' dir='ltr'>καὶ</span> <span class='ocrx_word' id='word_1_430' title='bbox 1256 4209 1552 4279; x_wconf 78' lang='grc' dir='ltr'>κοσμήσειν</span> <span class='ocrx_word' id='word_1_431' title='bbox 1587 4207 1685 4279; x_wconf 76' lang='grc' dir='ltr'>τὴν</span> <span class='ocrx_word' id='word_1_432' title='bbox 1744 4205 1906 4268; x_wconf 74' lang='grc' dir='ltr'>αὐτὸς</span> 
     </span>
    </p>
   </div>
   <div class='ocr_carea' id='block_1_59' title="bbox 328 4295 1908 4374">
    <p class='ocr_par' dir='ltr' id='par_1_59' title="bbox 328 4295 1908 4374">
     <span class='ocr_line' id='line_1_59' title="bbox 328 4295 1908 4374; baseline -0.004 -17"><span class='ocrx_word' id='word_1_433' title='bbox 328 4303 590 4372; x_wconf 73' lang='grc' dir='ltr'>ἐμαυτοῦ,</span> <span class='ocrx_word' id='word_1_434' title='bbox 627 4303 926 4374; x_wconf 77' lang='grc' dir='ltr'>ἡγούμενος</span> <span class='ocrx_word' id='word_1_435' title='bbox 954 4302 1243 4372; x_wconf 81' lang='grc' dir='ltr'>ἀγώνισμα</span> <span class='ocrx_word' id='word_1_436' title='bbox 1275 4299 1431 4354; x_wconf 89' lang='grc' dir='ltr'>τοῦτο</span> <span class='ocrx_word' id='word_1_437' title='bbox 1477 4298 1798 4368; x_wconf 83' lang='grc' dir='ltr'>προκεῖσθαι</span> <span class='ocrx_word' id='word_1_438' title='bbox 1827 4295 1908 4372; x_wconf 74' lang='grc' dir='ltr'>τῷ</span> 
     </span>
    </p>
   </div>
   <div class='ocr_carea' id='block_1_60' title="bbox 2003 1840 3590 1915">
    <p class='ocr_par' dir='ltr' id='par_1_60' title="bbox 2003 1840 3590 1915">
     <span class='ocr_line' id='line_1_60' title="bbox 2003 1840 3590 1915; baseline 0.003 -21"><span class='ocrx_word' id='word_1_439' title='bbox 2003 1840 2327 1905; x_wconf 86' lang='lat' dir='ltr'><strong>absurdum,</strong></span> <span class='ocrx_word' id='word_1_440' title='bbox 2384 1857 2450 1898; x_wconf 89' lang='lat' dir='ltr'><strong>ac</strong></span> <span class='ocrx_word' id='word_1_441' title='bbox 2499 1850 2696 1912; x_wconf 68' lang='lat' dir='ltr'><strong>praeter</strong></span> <span class='ocrx_word' id='word_1_442' title='bbox 2753 1853 3064 1900; x_wconf 77' lang='lat' dir='ltr'><strong>conventus</strong></span> <span class='ocrx_word' id='word_1_443' title='bbox 3121 1845 3590 1915; x_wconf 78' lang='lat' dir='ltr'><strong>exspectationem</strong></span> 
     </span>
    </p>
   </div>
   <div class='ocr_carea' id='block_1_61' title="bbox 2004 1931 3592 2005">
    <p class='ocr_par' dir='ltr' id='par_1_61' title="bbox 2004 1931 3592 2005">
     <span class='ocr_line' id='line_1_61' title="bbox 2004 1931 3592 2005; baseline 0.004 -23"><span class='ocrx_word' id='word_1_444' title='bbox 2004 1931 2223 1996; x_wconf 79' lang='lat' dir='ltr'><strong>accidit,</strong></span> <span class='ocrx_word' id='word_1_445' title='bbox 2253 1931 2402 2002; x_wconf 87' lang='lat' dir='ltr'><strong>quod</strong></span> <span class='ocrx_word' id='word_1_446' title='bbox 2451 1932 2814 2004; x_wconf 82' lang='lat' dir='ltr'><strong>Cynegeticas</strong></span> <span class='ocrx_word' id='word_1_447' title='bbox 2858 1949 3010 1988; x_wconf 89' lang='lat' dir='ltr'><strong>meas</strong></span> <span class='ocrx_word' id='word_1_448' title='bbox 3047 1943 3287 2004; x_wconf 83' lang='lat' dir='ltr'><strong>peteres,</strong></span> <span class='ocrx_word' id='word_1_449' title='bbox 3327 1946 3592 2005; x_wconf 89' lang='lat' dir='ltr'><strong>tanquam</strong></span> 
     </span>
    </p>
   </div>
   <div class='ocr_carea' id='block_1_62' title="bbox 2003 2021 3596 2098">
    <p class='ocr_par' dir='ltr' id='par_1_62' title="bbox 2003 2021 3596 2098">
     <span class='ocr_line' id='line_1_62' title="bbox 2003 2021 3596 2098; baseline 0.003 -22"><span class='ocrx_word' id='word_1_450' title='bbox 2003 2021 2185 2076; x_wconf 88' lang='lat' dir='ltr'><strong>studio</strong></span> <span class='ocrx_word' id='word_1_451' title='bbox 2229 2023 2458 2092; x_wconf 85' lang='lat' dir='ltr'><strong>dignum</strong></span> <span class='ocrx_word' id='word_1_452' title='bbox 2508 2023 2715 2094; x_wconf 78' lang='lat' dir='ltr'><strong>aliquid</strong></span> <span class='ocrx_word' id='word_1_453' title='bbox 2765 2024 2833 2080; x_wconf 84' lang='lat' dir='ltr'><strong>iis</strong></span> <span class='ocrx_word' id='word_1_454' title='bbox 2876 2026 3102 2080; x_wconf 90' lang='lat' dir='ltr'><strong>inesset.</strong></span> <span class='ocrx_word' id='word_1_455' title='bbox 3131 2024 3426 2082; x_wconf 63' lang='lat' dir='ltr'><strong>Videbaris</strong></span> <span class='ocrx_word' id='word_1_456' title='bbox 3462 2043 3596 2098; x_wconf 84' lang='lat' dir='ltr'><strong>ergo</strong></span> 
     </span>
    </p>
   </div>
   <div class='ocr_carea' id='block_1_63' title="bbox 2005 2111 3592 2184">
    <p class='ocr_par' dir='ltr' id='par_1_63' title="bbox 2005 2111 3592 2184">
     <span class='ocr_line' id='line_1_63' title="bbox 2005 2111 3592 2184; baseline 0.005 -20"><span class='ocrx_word' id='word_1_457' title='bbox 2005 2111 2285 2181; x_wconf 80' lang='lat' dir='ltr'><strong>ingenium</strong></span> <span class='ocrx_word' id='word_1_458' title='bbox 2321 2128 2430 2184; x_wconf 68' lang='lat' dir='ltr'><strong>prae</strong></span> <span class='ocrx_word' id='word_1_459' title='bbox 2463 2123 2526 2169; x_wconf 67' lang='lat' dir='ltr'><strong>te.</strong></span> <span class='ocrx_word' id='word_1_460' title='bbox 2552 2113 2698 2168; x_wconf 78' lang='lat' dir='ltr'><strong>terre</strong></span> <span class='ocrx_word' id='word_1_461' title='bbox 2736 2115 3089 2170; x_wconf 83' lang='lat' dir='ltr'><strong>cavillatione</strong></span> <span class='ocrx_word' id='word_1_462' title='bbox 3140 2130 3207 2170; x_wconf 86' lang='lat' dir='ltr'><strong>ac</strong></span> <span class='ocrx_word' id='word_1_463' title='bbox 3238 2117 3592 2172; x_wconf 84' lang='lat' dir='ltr'><strong>simulatione</strong></span> 
     </span>
    </p>
   </div>
   <div class='ocr_carea' id='block_1_64' title="bbox 2005 2201 3593 2281">
    <p class='ocr_par' dir='ltr' id='par_1_64' title="bbox 2005 2201 3593 2281">
     <span class='ocr_line' id='line_1_64' title="bbox 2005 2201 3593 2281; baseline 0.006 -26"><span class='ocrx_word' id='word_1_464' title='bbox 2005 2201 2250 2272; x_wconf 89' lang='lat' dir='ltr'><strong>plenum.</strong></span> <span class='ocrx_word' id='word_1_465' title='bbox 2278 2201 2398 2258; x_wconf 84' lang='lat' dir='ltr'><strong>Non</strong></span> <span class='ocrx_word' id='word_1_466' title='bbox 2431 2205 2578 2260; x_wconf 90' lang='lat' dir='ltr'><strong>enim</strong></span> <span class='ocrx_word' id='word_1_467' title='bbox 2610 2205 2726 2261; x_wconf 81' lang='lat' dir='ltr'><strong>ﬁeri</strong></span> <span class='ocrx_word' id='word_1_468' title='bbox 2759 2221 2920 2277; x_wconf 87' lang='lat' dir='ltr'><strong>posse</strong></span> <span class='ocrx_word' id='word_1_469' title='bbox 2950 2207 3384 2275; x_wconf 84' lang='lat' dir='ltr'><strong>arbitrabantur,</strong></span> <span class='ocrx_word' id='word_1_470' title='bbox 3407 2219 3466 2264; x_wconf 93' lang='lat' dir='ltr'><strong>ut</strong></span> <span class='ocrx_word' id='word_1_471' title='bbox 3499 2211 3593 2281; x_wconf 88' lang='lat' dir='ltr'><strong>qui</strong></span> 
     </span>
    </p>
   </div>
   <div class='ocr_carea' id='block_1_65' title="bbox 2005 2294 3590 2370">
    <p class='ocr_par' dir='ltr' id='par_1_65' title="bbox 2005 2294 3590 2370">
     <span class='ocr_line' id='line_1_65' title="bbox 2005 2294 3590 2370; baseline 0.006 -23"><span class='ocrx_word' id='word_1_472' title='bbox 2005 2294 2149 2364; x_wconf 88' lang='lat' dir='ltr'><strong>apud</strong></span> <span class='ocrx_word' id='word_1_473' title='bbox 2184 2311 2244 2350; x_wconf 89' lang='lat' dir='ltr'><strong>se</strong></span> <span class='ocrx_word' id='word_1_474' title='bbox 2289 2295 2536 2350; x_wconf 86' lang='lat' dir='ltr'><strong>omnium</strong></span> <span class='ocrx_word' id='word_1_475' title='bbox 2565 2305 2712 2352; x_wconf 85' lang='lat' dir='ltr'><strong>esset</strong></span> <span class='ocrx_word' id='word_1_476' title='bbox 2753 2298 2822 2352; x_wconf 85' lang='lat' dir='ltr'><strong>ad</strong></span> <span class='ocrx_word' id='word_1_477' title='bbox 2854 2297 3147 2354; x_wconf 86' lang='lat' dir='ltr'><strong>dicendum</strong></span> <span class='ocrx_word' id='word_1_478' title='bbox 3188 2300 3590 2370; x_wconf 85' lang='lat' dir='ltr'><strong>ineptissimus,</strong></span> 
     </span>
    </p>
   </div>
   <div class='ocr_carea' id='block_1_66' title="bbox 2017 2383 3592 2462">
    <p class='ocr_par' dir='ltr' id='par_1_66' title="bbox 2017 2383 3592 2462">
     <span class='ocr_line' id='line_1_66' title="bbox 2017 2383 3592 2462; baseline 0.005 -25"><span class='ocrx_word' id='word_1_479' title='bbox 2017 2383 2289 2438; x_wconf 85' lang='lat' dir='ltr'><strong>ludicrum</strong></span> <span class='ocrx_word' id='word_1_480' title='bbox 2325 2387 2533 2456; x_wconf 89' lang='lat' dir='ltr'><strong>aliquid</strong></span> <span class='ocrx_word' id='word_1_481' title='bbox 2571 2389 2780 2454; x_wconf 90' lang='lat' dir='ltr'><strong>ederet,</strong></span> <span class='ocrx_word' id='word_1_482' title='bbox 2821 2391 2967 2459; x_wconf 90' lang='lat' dir='ltr'><strong>quod</strong></span> <span class='ocrx_word' id='word_1_483' title='bbox 3003 2389 3191 2445; x_wconf 87' lang='lat' dir='ltr'><strong>studio</strong></span> <span class='ocrx_word' id='word_1_484' title='bbox 3235 2400 3328 2446; x_wconf 84' lang='lat' dir='ltr'><strong>tuo</strong></span> <span class='ocrx_word' id='word_1_485' title='bbox 3364 2391 3592 2462; x_wconf 88' lang='lat' dir='ltr'><strong>dignum</strong></span> 
     </span>
    </p>
   </div>
   <div class='ocr_carea' id='block_1_67' title="bbox 2012 2473 3596 2550">
    <p class='ocr_par' dir='ltr' id='par_1_67' title="bbox 2012 2473 3596 2550">
     <span class='ocr_line' id='line_1_67' title="bbox 2012 2473 3596 2550; baseline 0.003 -20"><span class='ocrx_word' id='word_1_486' title='bbox 2012 2473 2316 2531; x_wconf 83' lang='lat' dir='ltr'><strong>videretur.</strong></span> <span class='ocrx_word' id='word_1_487' title='bbox 2349 2478 2419 2532; x_wconf 65' lang='lat' dir='ltr'><strong>At</strong></span> <span class='ocrx_word' id='word_1_488' title='bbox 2451 2494 2553 2549; x_wconf 88' lang='lat' dir='ltr'><strong>ego</strong></span> <span class='ocrx_word' id='word_1_489' title='bbox 2605 2480 2708 2534; x_wconf 89' lang='lat' dir='ltr'><strong>hac</strong></span> <span class='ocrx_word' id='word_1_490' title='bbox 2741 2481 2968 2550; x_wconf 83' lang='lat' dir='ltr'><strong>quidem</strong></span> <span class='ocrx_word' id='word_1_491' title='bbox 3017 2491 3069 2536; x_wconf 84' lang='lat' dir='ltr'><strong>te</strong></span> <span class='ocrx_word' id='word_1_492' title='bbox 3103 2481 3477 2538; x_wconf 81' lang='lat' dir='ltr'><strong>simulationis</strong></span> <span class='ocrx_word' id='word_1_493' title='bbox 3502 2497 3596 2536; x_wconf 83' lang='lat' dir='ltr'><strong>su-</strong></span> 
     </span>
    </p>
   </div>
   <div class='ocr_carea' id='block_1_68' title="bbox 2005 2565 3596 2641">
    <p class='ocr_par' dir='ltr' id='par_1_68' title="bbox 2005 2565 3596 2641">
     <span class='ocr_line' id='line_1_68' title="bbox 2005 2565 3596 2641; baseline 0.003 -22"><span class='ocrx_word' id='word_1_494' title='bbox 2005 2565 2258 2634; x_wconf 84' lang='lat' dir='ltr'><strong>spicione</strong></span> <span class='ocrx_word' id='word_1_495' title='bbox 2299 2565 2596 2622; x_wconf 88' lang='lat' dir='ltr'><strong>liberabam</strong></span> <span class='ocrx_word' id='word_1_496' title='bbox 2625 2585 2648 2620; x_wconf 87' lang='lat'><strong>:-</strong></span> <span class='ocrx_word' id='word_1_497' title='bbox 2668 2568 2933 2625; x_wconf 80' lang='lat' dir='ltr'><strong>docebam</strong></span> <span class='ocrx_word' id='word_1_498' title='bbox 2967 2584 3104 2626; x_wconf 88' lang='lat' dir='ltr'><strong>vero</strong></span> <span class='ocrx_word' id='word_1_499' title='bbox 3149 2576 3222 2637; x_wconf 83' lang='lat' dir='ltr'><strong>te,</strong></span> <span class='ocrx_word' id='word_1_500' title='bbox 3253 2577 3451 2641; x_wconf 68' lang='lat' dir='ltr'><strong>praeter</strong></span> <span class='ocrx_word' id='word_1_501' title='bbox 3486 2585 3596 2626; x_wconf 64' lang='lat' dir='ltr'><strong>caa-</strong></span> 
     </span>
    </p>
   </div>
   <div class='ocr_carea' id='block_1_69' title="bbox 2007 2657 3593 2732">
    <p class='ocr_par' dir='ltr' id='par_1_69' title="bbox 2007 2657 3593 2732">
     <span class='ocr_line' id='line_1_69' title="bbox 2007 2657 3593 2732; baseline 0.004 -23"><span class='ocrx_word' id='word_1_502' title='bbox 2007 2663 2156 2712; x_wconf 80' lang='lat' dir='ltr'><strong>teras</strong></span> <span class='ocrx_word' id='word_1_503' title='bbox 2189 2657 2354 2712; x_wconf 89' lang='lat' dir='ltr'><strong>animi</strong></span> <span class='ocrx_word' id='word_1_504' title='bbox 2390 2659 2565 2723; x_wconf 81' lang='lat' dir='ltr'><strong>dotes,</strong></span> <span class='ocrx_word' id='word_1_505' title='bbox 2599 2660 2758 2732; x_wconf 78' lang='lat' dir='ltr'><strong>longe</strong></span> <span class='ocrx_word' id='word_1_506' title='bbox 2785 2661 3242 2718; x_wconf 83' lang='lat' dir='ltr'><strong>humanissimum</strong></span> <span class='ocrx_word' id='word_1_507' title='bbox 3272 2678 3417 2727; x_wconf 85' lang='lat' dir='ltr'><strong>esse,</strong></span> <span class='ocrx_word' id='word_1_508' title='bbox 3453 2672 3507 2718; x_wconf 87' lang='lat' dir='ltr'><strong>et</strong></span> <span class='ocrx_word' id='word_1_509' title='bbox 3536 2661 3593 2716; x_wconf 90' lang='lat' dir='ltr'><strong>in</strong></span> 
     </span>
    </p>
   </div>
   <div class='ocr_carea' id='block_1_70' title="bbox 2009 2749 3596 2822">
    <p class='ocr_par' dir='ltr' id='par_1_70' title="bbox 2009 2749 3596 2822">
     <span class='ocr_line' id='line_1_70' title="bbox 2009 2749 3596 2822; baseline 0.006 -20"><span class='ocrx_word' id='word_1_510' title='bbox 2009 2749 2283 2804; x_wconf 87' lang='lat' dir='ltr'><strong>laudando</strong></span> <span class='ocrx_word' id='word_1_511' title='bbox 2311 2751 2558 2821; x_wconf 89' lang='lat' dir='ltr'><strong>apprime</strong></span> <span class='ocrx_word' id='word_1_512' title='bbox 2598 2753 2898 2810; x_wconf 87' lang='lat' dir='ltr'><strong>liberalem.</strong></span> <span class='ocrx_word' id='word_1_513' title='bbox 2921 2754 3104 2822; x_wconf 79' lang='lat' dir='ltr'><strong>Quare</strong></span> <span class='ocrx_word' id='word_1_514' title='bbox 3135 2771 3244 2811; x_wconf 80' lang='lat' dir='ltr'><strong>non</strong></span> <span class='ocrx_word' id='word_1_515' title='bbox 3276 2757 3344 2811; x_wconf 85' lang='lat' dir='ltr'><strong>ad</strong></span> <span class='ocrx_word' id='word_1_516' title='bbox 3381 2756 3596 2811; x_wconf 81' lang='lat' dir='ltr'><strong>irrisio-</strong></span> 
     </span>
    </p>
   </div>
   <div class='ocr_carea' id='block_1_71' title="bbox 2009 2841 3592 2916">
    <p class='ocr_par' dir='ltr' id='par_1_71' title="bbox 2009 2841 3592 2916">
     <span class='ocr_line' id='line_1_71' title="bbox 2009 2841 3592 2916; baseline 0.005 -22"><span class='ocrx_word' id='word_1_517' title='bbox 2009 2855 2137 2895; x_wconf 88' lang='lat' dir='ltr'><strong>nem</strong></span> <span class='ocrx_word' id='word_1_518' title='bbox 2169 2841 2312 2896; x_wconf 89' lang='lat' dir='ltr'><strong>hanc</strong></span> <span class='ocrx_word' id='word_1_519' title='bbox 2334 2857 2460 2898; x_wconf 86' lang='lat' dir='ltr'><strong>esse</strong></span> <span class='ocrx_word' id='word_1_520' title='bbox 2489 2845 2802 2914; x_wconf 82' lang='lat' dir='ltr'><strong>petitionem</strong></span> <span class='ocrx_word' id='word_1_521' title='bbox 2827 2855 3220 2916; x_wconf 85' lang='lat' dir='ltr'><strong>comparatam,</strong></span> <span class='ocrx_word' id='word_1_522' title='bbox 3249 2849 3343 2904; x_wconf 87' lang='lat' dir='ltr'><strong>sed</strong></span> <span class='ocrx_word' id='word_1_523' title='bbox 3373 2857 3432 2904; x_wconf 91' lang='lat' dir='ltr'><strong>ut</strong></span> <span class='ocrx_word' id='word_1_524' title='bbox 3454 2848 3592 2903; x_wconf 84' lang='lat' dir='ltr'><strong>mibi</strong></span> 
     </span>
    </p>
   </div>
   <div class='ocr_carea' id='block_1_72' title="bbox 2011 2930 3591 3002">
    <p class='ocr_par' dir='ltr' id='par_1_72' title="bbox 2011 2930 3591 3002">
     <span class='ocr_line' id='line_1_72' title="bbox 2011 2930 3591 3002; baseline 0.006 -18"><span class='ocrx_word' id='word_1_525' title='bbox 2011 2930 2126 3001; x_wconf 87' lang='lat' dir='ltr'><strong>ipse</strong></span> <span class='ocrx_word' id='word_1_526' title='bbox 2169 2933 2496 3002; x_wconf 76' lang='lat' dir='ltr'><strong>gratularer,</strong></span> <span class='ocrx_word' id='word_1_527' title='bbox 2543 2937 2678 2990; x_wconf 84' lang='lat' dir='ltr'><strong>tanti</strong></span> <span class='ocrx_word' id='word_1_528' title='bbox 2717 2936 2814 2991; x_wconf 90' lang='lat' dir='ltr'><strong>viri</strong></span> <span class='ocrx_word' id='word_1_529' title='bbox 2871 2939 3195 2995; x_wconf 79' lang='lat' dir='ltr'><strong>testimonio</strong></span> <span class='ocrx_word' id='word_1_530' title='bbox 3224 2939 3591 2996; x_wconf 83' lang='lat' dir='ltr'><strong>collaudatus.</strong></span> 
     </span>
    </p>
   </div>
   <div class='ocr_carea' id='block_1_73' title="bbox 2011 3020 3594 3102">
    <p class='ocr_par' dir='ltr' id='par_1_73' title="bbox 2011 3020 3594 3102">
     <span class='ocr_line' id='line_1_73' title="bbox 2011 3020 3594 3102; baseline 0.007 -28"><span class='ocrx_word' id='word_1_531' title='bbox 2011 3020 2200 3092; x_wconf 88' lang='lat' dir='ltr'><strong>Itaque</strong></span> <span class='ocrx_word' id='word_1_532' title='bbox 2227 3023 2406 3080; x_wconf 87' lang='lat' dir='ltr'><strong>scribe</strong></span> <span class='ocrx_word' id='word_1_533' title='bbox 2437 3026 2654 3095; x_wconf 86' lang='lat' dir='ltr'><strong>quoties</strong></span> <span class='ocrx_word' id='word_1_534' title='bbox 2682 3027 2918 3090; x_wconf 83' lang='lat' dir='ltr'><strong>licuerit,</strong></span> <span class='ocrx_word' id='word_1_535' title='bbox 2944 3037 2999 3083; x_wconf 87' lang='lat' dir='ltr'><strong>et</strong></span> <span class='ocrx_word' id='word_1_536' title='bbox 3027 3030 3295 3086; x_wconf 88' lang='lat' dir='ltr'><strong>orationis</strong></span> <span class='ocrx_word' id='word_1_537' title='bbox 3316 3037 3418 3086; x_wconf 72' lang='lat' dir='ltr'><strong>tua:</strong></span> <span class='ocrx_word' id='word_1_538' title='bbox 3452 3046 3594 3102; x_wconf 83' lang='lat' dir='ltr'><strong>qua-</strong></span> 
     </span>
    </p>
   </div>
   <div class='ocr_carea' id='block_1_74' title="bbox 2011 3111 3592 3190">
    <p class='ocr_par' dir='ltr' id='par_1_74' title="bbox 2011 3111 3592 3190">
     <span class='ocr_line' id='line_1_74' title="bbox 2011 3111 3592 3190; baseline 0.004 -22"><span class='ocrx_word' id='word_1_539' title='bbox 2011 3111 2058 3168; x_wconf 85' lang='lat' dir='ltr'><strong>si</strong></span> <span class='ocrx_word' id='word_1_540' title='bbox 2082 3113 2274 3182; x_wconf 88' lang='lat' dir='ltr'><strong>epulas</strong></span> <span class='ocrx_word' id='word_1_541' title='bbox 2313 3115 2580 3185; x_wconf 88' lang='lat' dir='ltr'><strong>quasdam</strong></span> <span class='ocrx_word' id='word_1_542' title='bbox 2623 3115 3033 3188; x_wconf 85' lang='lat' dir='ltr'><strong>Cyrenensibus</strong></span> <span class='ocrx_word' id='word_1_543' title='bbox 3088 3122 3290 3190; x_wconf 63' lang='lat' dir='ltr'><strong>praebe,</strong></span> <span class='ocrx_word' id='word_1_544' title='bbox 3328 3123 3592 3190; x_wconf 86' lang='lat' dir='ltr'><strong>quoniam</strong></span> 
     </span>
    </p>
   </div>
   <div class='ocr_carea' id='block_1_75' title="bbox 2010 3205 3597 3283">
    <p class='ocr_par' dir='ltr' id='par_1_75' title="bbox 2010 3205 3597 3283">
     <span class='ocr_line' id='line_1_75' title="bbox 2010 3205 3597 3283; baseline 0.006 -27"><span class='ocrx_word' id='word_1_545' title='bbox 2010 3205 2156 3258; x_wconf 87' lang='lat' dir='ltr'><strong>nulla</strong></span> <span class='ocrx_word' id='word_1_546' title='bbox 2189 3205 2256 3260; x_wconf 92' lang='lat' dir='ltr'><strong>iis</strong></span> <span class='ocrx_word' id='word_1_547' title='bbox 2304 3207 2466 3261; x_wconf 90' lang='lat' dir='ltr'><strong>lectio</strong></span> <span class='ocrx_word' id='word_1_548' title='bbox 2494 3206 2795 3277; x_wconf 86' lang='lat' dir='ltr'><strong>jucundior</strong></span> <span class='ocrx_word' id='word_1_549' title='bbox 2844 3209 3098 3265; x_wconf 76' lang='lat' dir='ltr'><strong>accidere</strong></span> <span class='ocrx_word' id='word_1_550' title='bbox 3127 3218 3306 3281; x_wconf 85' lang='lat' dir='ltr'><strong>potest</strong></span> <span class='ocrx_word' id='word_1_551' title='bbox 3332 3209 3597 3283; x_wconf 72' lang='lat' dir='ltr'><strong>Pylaeme-</strong></span> 
     </span>
    </p>
   </div>
   <div class='ocr_carea' id='block_1_76' title="bbox 2009 3297 3595 3373">
    <p class='ocr_par' dir='ltr' id='par_1_76' title="bbox 2009 3297 3595 3373">
     <span class='ocr_line' id='line_1_76' title="bbox 2009 3297 3595 3373; baseline 0.004 -23"><span class='ocrx_word' id='word_1_552' title='bbox 2009 3298 2095 3352; x_wconf 91' lang='lat' dir='ltr'><strong>nis</strong></span> <span class='ocrx_word' id='word_1_553' title='bbox 2137 3297 2353 3361; x_wconf 82' lang='lat' dir='ltr'><strong>litteris,</strong></span> <span class='ocrx_word' id='word_1_554' title='bbox 2395 3299 2488 3368; x_wconf 92' lang='lat' dir='ltr'><strong>qui</strong></span> <span class='ocrx_word' id='word_1_555' title='bbox 2543 3299 2763 3369; x_wconf 89' lang='lat' dir='ltr'><strong>quidem</strong></span> <span class='ocrx_word' id='word_1_556' title='bbox 2828 3299 2994 3370; x_wconf 83' lang='lat' dir='ltr'><strong>hujus</strong></span> <span class='ocrx_word' id='word_1_557' title='bbox 3043 3302 3362 3373; x_wconf 87' lang='lat' dir='ltr'><strong>specitninis</strong></span> <span class='ocrx_word' id='word_1_558' title='bbox 3419 3304 3595 3357; x_wconf 57' lang='lat' dir='ltr'><strong>adntic</strong></span> 
     </span>
    </p>
   </div>
   <div class='ocr_carea' id='block_1_77' title="bbox 2008 3388 3590 3461">
    <p class='ocr_par' dir='ltr' id='par_1_77' title="bbox 2008 3388 3590 3461">
     <span class='ocr_line' id='line_1_77' title="bbox 2008 3388 3590 3461; baseline 0.001 -18"><span class='ocrx_word' id='word_1_559' title='bbox 2008 3388 2221 3444; x_wconf 86' lang='lat' dir='ltr'><strong>ratione</strong></span> <span class='ocrx_word' id='word_1_560' title='bbox 2250 3389 2583 3444; x_wconf 88' lang='lat' dir='ltr'><strong>detinentur.</strong></span> <span class='ocrx_word' id='word_1_561' title='bbox 2612 3389 2850 3447; x_wconf 89' lang='lat' dir='ltr'><strong>Prorsus</strong></span> <span class='ocrx_word' id='word_1_562' title='bbox 2897 3405 3028 3446; x_wconf 89' lang='lat' dir='ltr'><strong>vero</strong></span> <span class='ocrx_word' id='word_1_563' title='bbox 3078 3393 3278 3446; x_wconf 90' lang='lat' dir='ltr'><strong>multos</strong></span> <span class='ocrx_word' id='word_1_564' title='bbox 3325 3392 3590 3461; x_wconf 85' lang='lat' dir='ltr'><strong>reperies,</strong></span> 
     </span>
    </p>
   </div>
   <div class='ocr_carea' id='block_1_78' title="bbox 2008 3479 3594 3550">
    <p class='ocr_par' dir='ltr' id='par_1_78' title="bbox 2008 3479 3594 3550">
     <span class='ocr_line' id='line_1_78' title="bbox 2008 3479 3594 3550; baseline 0.003 -18"><span class='ocrx_word' id='word_1_565' title='bbox 2008 3481 2100 3550; x_wconf 89' lang='lat' dir='ltr'><strong>qui</strong></span> <span class='ocrx_word' id='word_1_566' title='bbox 2158 3479 2264 3535; x_wconf 88' lang='lat' dir='ltr'><strong>huc</strong></span> <span class='ocrx_word' id='word_1_567' title='bbox 2310 3481 2754 3550; x_wconf 70' lang='lat' dir='ltr'><strong>proficiscantur;</strong></span> <span class='ocrx_word' id='word_1_568' title='bbox 2802 3489 2856 3536; x_wconf 91' lang='lat' dir='ltr'><strong>et</strong></span> <span class='ocrx_word' id='word_1_569' title='bbox 2894 3482 2942 3536; x_wconf 90' lang='lat' dir='ltr'><strong>si</strong></span> <span class='ocrx_word' id='word_1_570' title='bbox 2991 3482 3173 3537; x_wconf 91' lang='lat' dir='ltr'><strong>nullos</strong></span> <span class='ocrx_word' id='word_1_571' title='bbox 3220 3481 3380 3546; x_wconf 89' lang='lat' dir='ltr'><strong>alios,</strong></span> <span class='ocrx_word' id='word_1_572' title='bbox 3411 3491 3460 3535; x_wconf 89' lang='lat' dir='ltr'><strong>at</strong></span> <span class='ocrx_word' id='word_1_573' title='bbox 3497 3496 3594 3538; x_wconf 85' lang='lat' dir='ltr'><strong>eos</strong></span> 
     </span>
    </p>
   </div>
   <div class='ocr_carea' id='block_1_79' title="bbox 2007 3570 3592 3640">
    <p class='ocr_par' dir='ltr' id='par_1_79' title="bbox 2007 3570 3592 3640">
     <span class='ocr_line' id='line_1_79' title="bbox 2007 3570 3592 3640; baseline 0.001 -16"><span class='ocrx_word' id='word_1_574' title='bbox 2007 3571 2224 3634; x_wconf 85' lang='lat' dir='ltr'><strong>saltem,</strong></span> <span class='ocrx_word' id='word_1_575' title='bbox 2249 3571 2342 3638; x_wconf 92' lang='lat' dir='ltr'><strong>qui</strong></span> <span class='ocrx_word' id='word_1_576' title='bbox 2389 3571 2655 3624; x_wconf 87' lang='lat' dir='ltr'><strong>minorem</strong></span> <span class='ocrx_word' id='word_1_577' title='bbox 2688 3580 2782 3625; x_wconf 89' lang='lat' dir='ltr'><strong>aut</strong></span> <span class='ocrx_word' id='word_1_578' title='bbox 2830 3570 3089 3640; x_wconf 89' lang='lat' dir='ltr'><strong>majorem</strong></span> <span class='ocrx_word' id='word_1_579' title='bbox 3137 3570 3282 3640; x_wconf 85' lang='lat' dir='ltr'><strong>apud</strong></span> <span class='ocrx_word' id='word_1_580' title='bbox 3319 3585 3440 3637; x_wconf 93' lang='lat' dir='ltr'><strong>nos,</strong></span> <span class='ocrx_word' id='word_1_581' title='bbox 3505 3571 3592 3626; x_wconf 86' lang='lat' dir='ltr'><strong>vel</strong></span> 
     </span>
    </p>
   </div>
   <div class='ocr_carea' id='block_1_80' title="bbox 2007 3659 3589 3732">
    <p class='ocr_par' dir='ltr' id='par_1_80' title="bbox 2007 3659 3589 3732">
     <span class='ocr_line' id='line_1_80' title="bbox 2007 3659 3589 3732; baseline 0.001 -17"><span class='ocrx_word' id='word_1_582' title='bbox 2007 3659 2225 3732; x_wconf 68' lang='lat' dir='ltr'><strong>IEgypti</strong></span> <span class='ocrx_word' id='word_1_583' title='bbox 2258 3661 2635 3731; x_wconf 65' lang='lat' dir='ltr'><strong>prml‘ecturam</strong></span> <span class='ocrx_word' id='word_1_584' title='bbox 2680 3663 2954 3726; x_wconf 90' lang='lat' dir='ltr'><strong>obierunt,</strong></span> <span class='ocrx_word' id='word_1_585' title='bbox 2991 3677 3132 3732; x_wconf 88' lang='lat' dir='ltr'><strong>quos</strong></span> <span class='ocrx_word' id='word_1_586' title='bbox 3161 3677 3227 3717; x_wconf 81' lang='lat' dir='ltr'><strong>ex</strong></span> <span class='ocrx_word' id='word_1_587' title='bbox 3255 3663 3589 3718; x_wconf 89' lang='lat' dir='ltr'><strong>creditorum</strong></span> 
     </span>
    </p>
   </div>
   <div class='ocr_carea' id='block_1_81' title="bbox 2007 3749 3592 3822">
    <p class='ocr_par' dir='ltr' id='par_1_81' title="bbox 2007 3749 3592 3822">
     <span class='ocr_line' id='line_1_81' title="bbox 2007 3749 3592 3822; baseline 0.001 -17"><span class='ocrx_word' id='word_1_588' title='bbox 2007 3749 2265 3805; x_wconf 86' lang='lat' dir='ltr'><strong>comitatu</strong></span> <span class='ocrx_word' id='word_1_589' title='bbox 2323 3765 2483 3805; x_wconf 90' lang='lat' dir='ltr'><strong>nemo</strong></span> <span class='ocrx_word' id='word_1_590' title='bbox 2548 3765 2658 3804; x_wconf 91' lang='lat' dir='ltr'><strong>non</strong></span> <span class='ocrx_word' id='word_1_591' title='bbox 2732 3750 2892 3805; x_wconf 79' lang='lat' dir='ltr'><strong>facile</strong></span> <span class='ocrx_word' id='word_1_592' title='bbox 2943 3752 3279 3821; x_wconf 85' lang='lat' dir='ltr'><strong>cognoverit.</strong></span> <span class='ocrx_word' id='word_1_593' title='bbox 3333 3750 3399 3805; x_wconf 87' lang='lat' dir='ltr'><strong>Et</strong></span> <span class='ocrx_word' id='word_1_594' title='bbox 3461 3753 3592 3822; x_wconf 88' lang='lat' dir='ltr'><strong>quia</strong></span> 
     </span>
    </p>
   </div>
   <div class='ocr_carea' id='block_1_82' title="bbox 2008 3841 3590 3912">
    <p class='ocr_par' dir='ltr' id='par_1_82' title="bbox 2008 3841 3590 3912">
     <span class='ocr_line' id='line_1_82' title="bbox 2008 3841 3590 3912; baseline 0.004 -20"><span class='ocrx_word' id='word_1_595' title='bbox 2008 3856 2190 3895; x_wconf 89' lang='lat' dir='ltr'><strong>rerum</strong></span> <span class='ocrx_word' id='word_1_596' title='bbox 2224 3856 2468 3895; x_wconf 87' lang='lat' dir='ltr'><strong>mearum</strong></span> <span class='ocrx_word' id='word_1_597' title='bbox 2496 3848 2700 3896; x_wconf 89' lang='lat' dir='ltr'><strong>statum</strong></span> <span class='ocrx_word' id='word_1_598' title='bbox 2734 3856 2917 3904; x_wconf 87' lang='lat' dir='ltr'><strong>nosse,</strong></span> <span class='ocrx_word' id='word_1_599' title='bbox 2951 3849 3044 3894; x_wconf 91' lang='lat' dir='ltr'><strong>tua</strong></span> <span class='ocrx_word' id='word_1_600' title='bbox 3081 3841 3355 3898; x_wconf 87' lang='lat' dir='ltr'><strong>interesse</strong></span> <span class='ocrx_word' id='word_1_601' title='bbox 3405 3853 3590 3912; x_wconf 86' lang='lat' dir='ltr'><strong>putas,</strong></span> 
     </span>
    </p>
   </div>
   <div class='ocr_carea' id='block_1_83' title="bbox 2008 3931 3593 4006">
    <p class='ocr_par' dir='ltr' id='par_1_83' title="bbox 2008 3931 3593 4006">
     <span class='ocr_line' id='line_1_83' title="bbox 2008 3931 3593 4006; baseline 0.005 -23"><span class='ocrx_word' id='word_1_602' title='bbox 2008 3931 2477 4001; x_wconf 82' lang='lat' dir='ltr'><strong>philuSOpbamur,</strong></span> <span class='ocrx_word' id='word_1_603' title='bbox 2503 3947 2536 3986; x_wconf 91' lang='grc' dir='ltr'><strong>ο</strong></span> <span class='ocrx_word' id='word_1_604' title='bbox 2563 3932 2705 3988; x_wconf 88' lang='lat' dir='ltr'><strong>bone</strong></span> <span class='ocrx_word' id='word_1_605' title='bbox 2729 3933 2832 3998; x_wconf 83' lang='lat' dir='ltr'><strong>vir,</strong></span> <span class='ocrx_word' id='word_1_606' title='bbox 2867 3935 3129 4003; x_wconf 87' lang='lat' dir='ltr'><strong>optimam</strong></span> <span class='ocrx_word' id='word_1_607' title='bbox 3167 3937 3234 3990; x_wconf 88' lang='lat' dir='ltr'><strong>ad</strong></span> <span class='ocrx_word' id='word_1_608' title='bbox 3272 3935 3326 3990; x_wconf 83' lang='lat' dir='ltr'><strong>id</strong></span> <span class='ocrx_word' id='word_1_609' title='bbox 3359 3937 3593 4006; x_wconf 81' lang='lat' dir='ltr'><strong>adjutri-</strong></span> 
     </span>
    </p>
   </div>
   <div class='ocr_carea' id='block_1_84' title="bbox 2007 4026 3581 4094">
    <p class='ocr_par' dir='ltr' id='par_1_84' title="bbox 2007 4026 3581 4094">
     <span class='ocr_line' id='line_1_84' title="bbox 2007 4026 3581 4094; baseline 0.003 -17"><span class='ocrx_word' id='word_1_610' title='bbox 2007 4041 2124 4078; x_wconf 88' lang='lat' dir='ltr'><strong>cem</strong></span> <span class='ocrx_word' id='word_1_611' title='bbox 2168 4026 2516 4080; x_wconf 85' lang='lat' dir='ltr'><strong>solitudinem</strong></span> <span class='ocrx_word' id='word_1_612' title='bbox 2577 4026 2763 4094; x_wconf 69' lang='lat' dir='ltr'><strong>nacti;</strong></span> <span class='ocrx_word' id='word_1_613' title='bbox 2793 4027 3075 4083; x_wconf 87' lang='lat' dir='ltr'><strong>hominum</strong></span> <span class='ocrx_word' id='word_1_614' title='bbox 3107 4044 3236 4084; x_wconf 85' lang='lat' dir='ltr'><strong>vero</strong></span> <span class='ocrx_word' id='word_1_615' title='bbox 3270 4030 3542 4086; x_wconf 88' lang='lat' dir='ltr'><strong>neminem</strong></span> <span class='ocrx_word' id='word_1_616' title='bbox 3565 4071 3581 4094; x_wconf 91' lang='lat'><strong>,</strong></span> 
     </span>
    </p>
   </div>
   <div class='ocr_carea' id='block_1_85' title="bbox 2007 4119 3589 4194">
    <p class='ocr_par' dir='ltr' id='par_1_85' title="bbox 2007 4119 3589 4194">
     <span class='ocr_line' id='line_1_85' title="bbox 2007 4119 3589 4194; baseline 0.002 -20"><span class='ocrx_word' id='word_1_617' title='bbox 2007 4135 2110 4174; x_wconf 87' lang='lat' dir='ltr'><strong>nec</strong></span> <span class='ocrx_word' id='word_1_618' title='bbox 2151 4119 2320 4174; x_wconf 90' lang='lat' dir='ltr'><strong>ullum</strong></span> <span class='ocrx_word' id='word_1_619' title='bbox 2375 4120 2428 4173; x_wconf 87' lang='lat' dir='ltr'><strong>in</strong></span> <span class='ocrx_word' id='word_1_620' title='bbox 2469 4119 2639 4192; x_wconf 85' lang='lat' dir='ltr'><strong>Libya</strong></span> <span class='ocrx_word' id='word_1_621' title='bbox 2696 4136 2938 4194; x_wconf 89' lang='lat' dir='ltr'><strong>unquam</strong></span> <span class='ocrx_word' id='word_1_622' title='bbox 2989 4121 3193 4189; x_wconf 88' lang='lat' dir='ltr'><strong>audivi,</strong></span> <span class='ocrx_word' id='word_1_623' title='bbox 3218 4121 3310 4192; x_wconf 94' lang='lat' dir='ltr'><strong>qui</strong></span> <span class='ocrx_word' id='word_1_624' title='bbox 3350 4122 3589 4192; x_wconf 82' lang='lat' dir='ltr'><strong>philoso-</strong></span> 
     </span>
    </p>
   </div>
   <div class='ocr_carea' id='block_1_86' title="bbox 2007 4207 3590 4280">
    <p class='ocr_par' dir='ltr' id='par_1_86' title="bbox 2007 4207 3590 4280">
     <span class='ocr_line' id='line_1_86' title="bbox 2007 4207 3590 4280; baseline 0 -16"><span class='ocrx_word' id='word_1_625' title='bbox 2007 4211 2190 4280; x_wconf 82' lang='lat' dir='ltr'><strong>phiam</strong></span> <span class='ocrx_word' id='word_1_626' title='bbox 2243 4207 2576 4266; x_wconf 80' lang='lat' dir='ltr'><strong>redolentem</strong></span> <span class='ocrx_word' id='word_1_627' title='bbox 2630 4227 2819 4266; x_wconf 88' lang='lat' dir='ltr'><strong>vocem</strong></span> <span class='ocrx_word' id='word_1_628' title='bbox 2883 4210 3178 4277; x_wconf 86' lang='lat' dir='ltr'><strong>emitteret,</strong></span> <span class='ocrx_word' id='word_1_629' title='bbox 3226 4218 3590 4280; x_wconf 62' lang='lat' dir='ltr'><strong>praterqnam</strong></span> 
     </span>
    </p>
   </div>
   <div class='ocr_carea' id='block_1_87' title="bbox 2007 4302 3594 4375">
    <p class='ocr_par' dir='ltr' id='par_1_87' title="bbox 2007 4302 3594 4375">
     <span class='ocr_line' id='line_1_87' title="bbox 2007 4302 3594 4375; baseline -0.003 -12"><span class='ocrx_word' id='word_1_630' title='bbox 2007 4302 2262 4363; x_wconf 81' lang='lat' dir='ltr'><strong>fortassis</strong></span> <span class='ocrx_word' id='word_1_631' title='bbox 2283 4305 2439 4368; x_wconf 88' lang='lat' dir='ltr'><strong>echo,</strong></span> <span class='ocrx_word' id='word_1_632' title='bbox 2463 4319 2585 4375; x_wconf 72' lang='lat' dir='ltr'><strong>qua:</strong></span> <span class='ocrx_word' id='word_1_633' title='bbox 2604 4312 2846 4361; x_wconf 90' lang='lat' dir='ltr'><strong>nostram</strong></span> <span class='ocrx_word' id='word_1_634' title='bbox 2869 4304 3114 4362; x_wconf 90' lang='lat' dir='ltr'><strong>remittit.</strong></span> <span class='ocrx_word' id='word_1_635' title='bbox 3135 4302 3335 4359; x_wconf 84' lang='lat' dir='ltr'><strong>Verum</strong></span> <span class='ocrx_word' id='word_1_636' title='bbox 3358 4318 3514 4366; x_wconf 84' lang='lat' dir='ltr'><strong>orna,</strong></span> <span class='ocrx_word' id='word_1_637' title='bbox 3535 4311 3594 4358; x_wconf 83' lang='lat' dir='ltr'><strong>nt</strong></span> 
     </span>
    </p>
   </div>
   <div class='ocr_carea' id='block_1_88' title="bbox 329 4394 1904 4491">
    <p class='ocr_par' dir='ltr' id='par_1_88' title="bbox 329 4394 1904 4466">
     <span class='ocr_line' id='line_1_88' title="bbox 329 4394 1904 4466; baseline 0.001 -22"><span class='ocrx_word' id='word_1_638' title='bbox 329 4394 430 4464; x_wconf 72' lang='grc' dir='ltr'><strong>βίῳ</strong></span> <span class='ocrx_word' id='word_1_639' title='bbox 479 4396 571 4447; x_wconf 75' lang='grc' dir='ltr'>καὶ</span> <span class='ocrx_word' id='word_1_640' title='bbox 619 4395 871 4465; x_wconf 76' lang='grc' dir='ltr'>βάσανον,</span> <span class='ocrx_word' id='word_1_641' title='bbox 919 4396 971 4448; x_wconf 82' lang='grc' dir='ltr'><strong>εί</strong></span> <span class='ocrx_word' id='word_1_642' title='bbox 1017 4396 1151 4466; x_wconf 82' lang='grc' dir='ltr'>μηδὲ</span> <span class='ocrx_word' id='word_1_643' title='bbox 1197 4394 1501 4466; x_wconf 75' lang='grc' dir='ltr'>ἀτυχοῦσαν</span> <span class='ocrx_word' id='word_1_644' title='bbox 1547 4394 1904 4464; x_wconf 85' lang='grc' dir='ltr'>ἀπολιμπὰνω</span> 
     </span>
    </p>
   </div>
   <div class='ocr_carea' id='block_1_89' title="bbox 2008 4394 3586 4491">
    <p class='ocr_par' dir='ltr' id='par_1_89' title="bbox 2010 4394 3586 4466">
     <span class='ocr_line' id='line_1_89' title="bbox 2010 4394 3586 4466; baseline -0.002 -17"><span class='ocrx_word' id='word_1_645' title='bbox 2010 4397 2165 4450; x_wconf 85' lang='lat' dir='ltr'><strong>estin</strong></span> <span class='ocrx_word' id='word_1_646' title='bbox 2198 4396 2511 4466; x_wconf 86' lang='lat' dir='ltr'><strong>proverbio,</strong></span> <span class='ocrx_word' id='word_1_647' title='bbox 2531 4412 2694 4466; x_wconf 84' lang='lat' dir='ltr'><strong>quam</strong></span> <span class='ocrx_word' id='word_1_648' title='bbox 2711 4396 2943 4453; x_wconf 90' lang='lat' dir='ltr'><strong>sortitus</strong></span> <span class='ocrx_word' id='word_1_649' title='bbox 2965 4410 3026 4450; x_wconf 89' lang='lat' dir='ltr'><strong>es</strong></span> <span class='ocrx_word' id='word_1_650' title='bbox 3055 4395 3331 4465; x_wconf 88' lang='lat' dir='ltr'><strong>Spartam.</strong></span> <span class='ocrx_word' id='word_1_651' title='bbox 3349 4395 3427 4449; x_wconf 81' lang='lat' dir='ltr'><strong>Ac</strong></span> <span class='ocrx_word' id='word_1_652' title='bbox 3452 4394 3586 4447; x_wconf 85' lang='lat' dir='ltr'><strong>mihi</strong></span> 
     </span>
    </p>
   </div>
   <div class='ocr_carea' id='block_1_90' title="bbox 329 4485 1904 4560">
    <p class='ocr_par' dir='ltr' id='par_1_90' title="bbox 329 4485 1904 4560">
     <span class='ocr_line' id='line_1_90' title="bbox 329 4485 1904 4560; baseline -0.002 -21"><span class='ocrx_word' id='word_1_653' title='bbox 329 4488 665 4556; x_wconf 80' lang='grc' dir='ltr'>φιλοσοφίαν.</span> <span class='ocrx_word' id='word_1_654' title='bbox 713 4489 870 4558; x_wconf 77' lang='grc' dir='ltr'>Ἐμοὶ</span> <span class='ocrx_word' id='word_1_655' title='bbox 915 4487 1022 4560; x_wconf 80' lang='grc' dir='ltr'><strong>γὰρ</strong></span> <span class='ocrx_word' id='word_1_656' title='bbox 1073 4489 1122 4540; x_wconf 88' lang='grc' dir='ltr'><strong>εί</strong></span> <span class='ocrx_word' id='word_1_657' title='bbox 1173 4487 1360 4558; x_wconf 73' lang='grc' dir='ltr'>μηδεὶς</span> <span class='ocrx_word' id='word_1_658' title='bbox 1408 4485 1565 4549; x_wconf 80' lang='grc' dir='ltr'>ἄλλος</span> <span class='ocrx_word' id='word_1_659' title='bbox 1619 4485 1904 4555; x_wconf 79' lang='grc' dir='ltr'>μαρτυρεῖ,</span> 
     </span>
    </p>
   </div>
   <div class='ocr_carea' id='block_1_91' title="bbox 2008 4485 3592 4560">
    <p class='ocr_par' dir='ltr' id='par_1_91' title="bbox 2013 4487 3592 4556">
     <span class='ocr_line' id='line_1_91' title="bbox 2013 4487 3592 4556; baseline 0.001 -20"><span class='ocrx_word' id='word_1_660' title='bbox 2013 4487 2198 4541; x_wconf 87' lang='lat' dir='ltr'><strong>videor</strong></span> <span class='ocrx_word' id='word_1_661' title='bbox 2234 4487 2334 4543; x_wconf 91' lang='lat' dir='ltr'><strong>hoc</strong></span> <span class='ocrx_word' id='word_1_662' title='bbox 2367 4504 2489 4543; x_wconf 89' lang='lat' dir='ltr'><strong>meo</strong></span> <span class='ocrx_word' id='word_1_663' title='bbox 2531 4488 2640 4542; x_wconf 80' lang='lat' dir='ltr'><strong>fato</strong></span> <span class='ocrx_word' id='word_1_664' title='bbox 2670 4487 2788 4544; x_wconf 80' lang='lat' dir='ltr'><strong>fore</strong></span> <span class='ocrx_word' id='word_1_665' title='bbox 2817 4495 3130 4552; x_wconf 90' lang='lat' dir='ltr'><strong>contentus,</strong></span> <span class='ocrx_word' id='word_1_666' title='bbox 3177 4501 3466 4556; x_wconf 87' lang='lat' dir='ltr'><strong>meamque</strong></span> <span class='ocrx_word' id='word_1_667' title='bbox 3497 4501 3592 4556; x_wconf 80' lang='lat' dir='ltr'><strong>pa-</strong></span> 
     </span>
    </p>
   </div>
   <div class='ocr_carea' id='block_1_92' title="bbox 329 4575 1904 4651">
    <p class='ocr_par' dir='ltr' id='par_1_92' title="bbox 329 4575 1904 4650">
     <span class='ocr_line' id='line_1_92' title="bbox 329 4575 1904 4650; baseline -0.005 -14"><span class='ocrx_word' id='word_1_668' title='bbox 329 4579 443 4636; x_wconf 70' lang='grc' dir='ltr'>ἀλλ’</span> <span class='ocrx_word' id='word_1_669' title='bbox 473 4579 636 4642; x_wconf 75' lang='grc' dir='ltr'>αὐτός</span> <span class='ocrx_word' id='word_1_670' title='bbox 665 4597 726 4648; x_wconf 88' lang='grc' dir='ltr'><strong>γε</strong></span> <span class='ocrx_word' id='word_1_671' title='bbox 760 4580 976 4642; x_wconf 76' lang='grc' dir='ltr'>πάντως</span> <span class='ocrx_word' id='word_1_672' title='bbox 1008 4580 1036 4632; x_wconf 89' lang='lat'><strong>6</strong></span> <span class='ocrx_word' id='word_1_673' title='bbox 1066 4579 1220 4641; x_wconf 84' lang='grc' dir='ltr'>Θεὸς,</span> <span class='ocrx_word' id='word_1_674' title='bbox 1258 4577 1370 4650; x_wconf 65' lang='grc' dir='ltr'>[πρ.</span> <span class='ocrx_word' id='word_1_675' title='bbox 1408 4577 1625 4640; x_wconf 79' lang='grc' dir='ltr'>πάντως</span> <span class='ocrx_word' id='word_1_676' title='bbox 1658 4595 1722 4646; x_wconf 87' lang='grc' dir='ltr'><strong>γε</strong></span> <span class='ocrx_word' id='word_1_677' title='bbox 1753 4578 1782 4628; x_wconf 88' lang='lat'><strong>6</strong></span> <span class='ocrx_word' id='word_1_678' title='bbox 1816 4575 1904 4648; x_wconf 79' lang='lat'><strong>8.]</strong></span> 
     </span>
    </p>
   </div>
   <div class='ocr_carea' id='block_1_93' title="bbox 2008 4575 3594 4651">
    <p class='ocr_par' dir='ltr' id='par_1_93' title="bbox 2008 4577 3594 4651">
     <span class='ocr_line' id='line_1_93' title="bbox 2008 4577 3594 4651; baseline 0 -20"><span class='ocrx_word' id='word_1_679' title='bbox 2008 4579 2166 4632; x_wconf 85' lang='lat' dir='ltr'><strong>triam</strong></span> <span class='ocrx_word' id='word_1_680' title='bbox 2214 4588 2534 4644; x_wconf 87' lang='lat' dir='ltr'><strong>ornaturus,</strong></span> <span class='ocrx_word' id='word_1_681' title='bbox 2572 4581 2666 4651; x_wconf 83' lang='lat' dir='ltr'><strong>qui</strong></span> <span class='ocrx_word' id='word_1_682' title='bbox 2715 4591 2993 4636; x_wconf 89' lang='lat' dir='ltr'><strong>certamen</strong></span> <span class='ocrx_word' id='word_1_683' title='bbox 3039 4579 3144 4635; x_wconf 90' lang='lat' dir='ltr'><strong>hoc</strong></span> <span class='ocrx_word' id='word_1_684' title='bbox 3196 4578 3320 4632; x_wconf 70' lang='lat' dir='ltr'><strong>vita:</strong></span> <span class='ocrx_word' id='word_1_685' title='bbox 3351 4577 3594 4648; x_wconf 81' lang='lat' dir='ltr'><strong>proposi-</strong></span> 
     </span>
    </p>
   </div>
   <div class='ocr_carea' id='block_1_94' title="bbox 328 4666 1904 4744">
    <p class='ocr_par' dir='ltr' id='par_1_94' title="bbox 328 4667 1904 4744">
     <span class='ocr_line' id='line_1_94' title="bbox 328 4667 1904 4744; baseline -0.001 -19"><span class='ocrx_word' id='word_1_686' title='bbox 328 4667 387 4726; x_wconf 74' lang='grc' dir='ltr'><strong>οὗ</strong></span> <span class='ocrx_word' id='word_1_687' title='bbox 419 4671 638 4744; x_wconf 85' lang='grc' dir='ltr'>σπέρμα</span> <span class='ocrx_word' id='word_1_688' title='bbox 675 4675 702 4726; x_wconf 90' lang='lat'><strong>6</strong></span> <span class='ocrx_word' id='word_1_689' title='bbox 735 4671 860 4734; x_wconf 82' lang='grc' dir='ltr'>νοῦς</span> <span class='ocrx_word' id='word_1_690' title='bbox 891 4674 947 4733; x_wconf 81' lang='grc' dir='ltr'>ἐς</span> <span class='ocrx_word' id='word_1_691' title='bbox 989 4670 1306 4741; x_wconf 80' lang='grc' dir='ltr'>ἀνθρώπους</span> <span class='ocrx_word' id='word_1_692' title='bbox 1342 4670 1487 4742; x_wconf 82' lang='grc' dir='ltr'>ἥκει.</span> <span class='ocrx_word' id='word_1_693' title='bbox 1533 4669 1684 4722; x_wconf 83' lang='grc' dir='ltr'>Δοκῶ</span> <span class='ocrx_word' id='word_1_694' title='bbox 1725 4669 1781 4722; x_wconf 89' lang='grc' dir='ltr'><strong>δέ</strong></span> <span class='ocrx_word' id='word_1_695' title='bbox 1817 4687 1904 4740; x_wconf 89' lang='grc' dir='ltr'><strong>μοι</strong></span> 
     </span>
    </p>
   </div>
   <div class='ocr_carea' id='block_1_95' title="bbox 2008 4666 3590 4744">
    <p class='ocr_par' dir='ltr' id='par_1_95' title="bbox 2008 4666 3590 4741">
     <span class='ocr_line' id='line_1_95' title="bbox 2008 4666 3590 4741; baseline -0.004 -13"><span class='ocrx_word' id='word_1_696' title='bbox 2008 4677 2122 4728; x_wconf 84' lang='lat' dir='ltr'><strong>tum</strong></span> <span class='ocrx_word' id='word_1_697' title='bbox 2160 4679 2215 4726; x_wconf 88' lang='lat' dir='ltr'><strong>et</strong></span> <span class='ocrx_word' id='word_1_698' title='bbox 2251 4672 2684 4741; x_wconf 83' lang='lat' dir='ltr'><strong>experimentum</strong></span> <span class='ocrx_word' id='word_1_699' title='bbox 2735 4671 2997 4734; x_wconf 88' lang='lat' dir='ltr'><strong>arbitror,</strong></span> <span class='ocrx_word' id='word_1_700' title='bbox 3028 4675 3283 4723; x_wconf 87' lang='lat' dir='ltr'><strong>utrumne</strong></span> <span class='ocrx_word' id='word_1_701' title='bbox 3315 4666 3590 4722; x_wconf 77' lang='lat' dir='ltr'><strong>infelicem</strong></span> 
     </span>
    </p>
   </div>
   <div class='ocr_carea' id='block_1_96' title="bbox 331 4757 1904 4834">
    <p class='ocr_par' dir='ltr' id='par_1_96' title="bbox 331 4759 1904 4834">
     <span class='ocr_line' id='line_1_96' title="bbox 331 4759 1904 4834; baseline -0.004 -17"><span class='ocrx_word' id='word_1_702' title='bbox 331 4768 423 4818; x_wconf 72' lang='grc' dir='ltr'>καὶ</span> <span class='ocrx_word' id='word_1_703' title='bbox 448 4765 574 4828; x_wconf 76' lang='grc' dir='ltr'>τοὺς</span> <span class='ocrx_word' id='word_1_704' title='bbox 601 4764 835 4834; x_wconf 79' lang='grc' dir='ltr'>ἀστέρας</span> <span class='ocrx_word' id='word_1_705' title='bbox 861 4762 1102 4832; x_wconf 77' lang='grc' dir='ltr'>εὐμενῶς</span> <span class='ocrx_word' id='word_1_706' title='bbox 1127 4762 1448 4824; x_wconf 78' lang='grc' dir='ltr'>ὲνατενίζειν</span> <span class='ocrx_word' id='word_1_707' title='bbox 1470 4759 1583 4831; x_wconf 67' lang='grc' dir='ltr'>[πρ.</span> <span class='ocrx_word' id='word_1_708' title='bbox 1617 4759 1904 4831; x_wconf 76' lang='grc' dir='ltr'>ἀτενίζειν]</span> 
     </span>
    </p>
   </div>
   <div class='ocr_carea' id='block_1_97' title="bbox 2008 4757 3593 4834">
    <p class='ocr_par' dir='ltr' id='par_1_97' title="bbox 2008 4757 3593 4832">
     <span class='ocr_line' id='line_1_97' title="bbox 2008 4757 3593 4832; baseline 0 -16"><span class='ocrx_word' id='word_1_709' title='bbox 2008 4761 2226 4832; x_wconf 86' lang='lat' dir='ltr'><strong>quidem</strong></span> <span class='ocrx_word' id='word_1_710' title='bbox 2253 4762 2658 4832; x_wconf 89' lang='lat' dir='ltr'><strong>philosophiam</strong></span> <span class='ocrx_word' id='word_1_711' title='bbox 2690 4761 2964 4817; x_wconf 87' lang='lat' dir='ltr'><strong>deseram.</strong></span> <span class='ocrx_word' id='word_1_712' title='bbox 2989 4759 3119 4814; x_wconf 81' lang='lat' dir='ltr'><strong>Mihi</strong></span> <span class='ocrx_word' id='word_1_713' title='bbox 3155 4760 3326 4825; x_wconf 89' lang='lat' dir='ltr'><strong>enim,</strong></span> <span class='ocrx_word' id='word_1_714' title='bbox 3350 4766 3409 4814; x_wconf 90' lang='lat' dir='ltr'><strong>ut</strong></span> <span class='ocrx_word' id='word_1_715' title='bbox 3442 4757 3593 4816; x_wconf 62' lang='lat' dir='ltr'><strong>omni</strong></span> 
     </span>
    </p>
   </div>
   <div class='ocr_carea' id='block_1_98' title="bbox 331 4847 1904 4926">
    <p class='ocr_par' dir='ltr' id='par_1_98' title="bbox 331 4851 1904 4926">
     <span class='ocr_line' id='line_1_98' title="bbox 331 4851 1904 4926; baseline -0.004 -16"><span class='ocrx_word' id='word_1_716' title='bbox 331 4859 608 4922; x_wconf 81' lang='grc' dir='ltr'>ἑκάστοτε,</span> <span class='ocrx_word' id='word_1_717' title='bbox 642 4857 700 4910; x_wconf 82' lang='grc' dir='ltr'>ὃν</span> <span class='ocrx_word' id='word_1_718' title='bbox 734 4860 794 4909; x_wconf 85' lang='grc' dir='ltr'><strong>ὲν</strong></span> <span class='ocrx_word' id='word_1_719' title='bbox 823 4857 1033 4926; x_wconf 74' lang='grc' dir='ltr'>ἠπείρῳ</span> <span class='ocrx_word' id='word_1_720' title='bbox 1062 4855 1229 4925; x_wconf 82' lang='grc' dir='ltr'>πο).λῇ</span> <span class='ocrx_word' id='word_1_721' title='bbox 1288 4855 1448 4923; x_wconf 81' lang='grc' dir='ltr'>μόνον</span> <span class='ocrx_word' id='word_1_722' title='bbox 1482 4852 1649 4924; x_wconf 82' lang='grc' dir='ltr'>ὁρῶσι</span> <span class='ocrx_word' id='word_1_723' title='bbox 1704 4851 1904 4920; x_wconf 75' lang='grc' dir='ltr'>Θεωρδν</span> 
     </span>
    </p>
   </div>
   <div class='ocr_carea' id='block_1_99' title="bbox 2008 4847 3592 4926">
    <p class='ocr_par' dir='ltr' id='par_1_99' title="bbox 2010 4847 3592 4920">
     <span class='ocr_line' id='line_1_99' title="bbox 2010 4847 3592 4920; baseline -0.003 -16"><span class='ocrx_word' id='word_1_724' title='bbox 2010 4852 2120 4905; x_wconf 93' lang='lat' dir='ltr'><strong>alio</strong></span> <span class='ocrx_word' id='word_1_725' title='bbox 2166 4860 2305 4906; x_wconf 85' lang='lat' dir='ltr'><strong>teste</strong></span> <span class='ocrx_word' id='word_1_726' title='bbox 2360 4868 2594 4916; x_wconf 80' lang='lat' dir='ltr'><strong>careant,</strong></span> <span class='ocrx_word' id='word_1_727' title='bbox 2643 4850 2788 4906; x_wconf 85' lang='lat' dir='ltr'><strong>Deus</strong></span> <span class='ocrx_word' id='word_1_728' title='bbox 2841 4852 2956 4920; x_wconf 88' lang='lat' dir='ltr'><strong>ipse</strong></span> <span class='ocrx_word' id='word_1_729' title='bbox 3013 4859 3194 4905; x_wconf 89' lang='lat' dir='ltr'><strong>tamen</strong></span> <span class='ocrx_word' id='word_1_730' title='bbox 3251 4847 3409 4904; x_wconf 90' lang='lat' dir='ltr'><strong>testis</strong></span> <span class='ocrx_word' id='word_1_731' title='bbox 3463 4847 3592 4911; x_wconf 83' lang='lat' dir='ltr'><strong>erit,</strong></span> 
     </span>
    </p>
   </div>
   <div class='ocr_carea' id='block_1_100' title="bbox 331 4937 1904 5019">
    <p class='ocr_par' dir='ltr' id='par_1_100' title="bbox 331 4942 1904 5019">
     <span class='ocr_line' id='line_1_100' title="bbox 331 4942 1904 5019; baseline -0.003 -19"><span class='ocrx_word' id='word_1_732' title='bbox 331 4950 510 5003; x_wconf 74' lang='grc' dir='ltr'>αὐτῶν</span> <span class='ocrx_word' id='word_1_733' title='bbox 562 4951 660 5003; x_wconf 80' lang='grc' dir='ltr'><strong>σῦν</strong></span> <span class='ocrx_word' id='word_1_734' title='bbox 713 4948 992 5019; x_wconf 77' lang='grc' dir='ltr'>ἐπιστήμῃ</span> <span class='ocrx_word' id='word_1_735' title='bbox 1045 4946 1350 5016; x_wconf 86' lang='grc' dir='ltr'>γινόμενον.</span> <span class='ocrx_word' id='word_1_736' title='bbox 1413 4942 1674 5006; x_wconf 75' lang='grc' dir='ltr'>Σύνευξαι</span> <span class='ocrx_word' id='word_1_737' title='bbox 1726 4943 1904 4996; x_wconf 85' lang='grc' dir='ltr'>τοίνυν</span> 
     </span>
    </p>
   </div>
   <div class='ocr_carea' id='block_1_101' title="bbox 2008 4937 3598 5019">
    <p class='ocr_par' dir='ltr' id='par_1_101' title="bbox 2011 4937 3598 5012">
     <span class='ocr_line' id='line_1_101' title="bbox 2011 4937 3598 5012; baseline -0.002 -17"><span class='ocrx_word' id='word_1_738' title='bbox 2011 4943 2172 5011; x_wconf 90' lang='lat' dir='ltr'><strong>cujus</strong></span> <span class='ocrx_word' id='word_1_739' title='bbox 2215 4958 2401 4998; x_wconf 88' lang='lat' dir='ltr'><strong>semen</strong></span> <span class='ocrx_word' id='word_1_740' title='bbox 2444 4941 2716 5012; x_wconf 85' lang='lat' dir='ltr'><strong>quoddam</strong></span> <span class='ocrx_word' id='word_1_741' title='bbox 2767 4957 2922 4997; x_wconf 87' lang='lat' dir='ltr'><strong>mens</strong></span> <span class='ocrx_word' id='word_1_742' title='bbox 2953 4947 3038 4996; x_wconf 84' lang='lat' dir='ltr'><strong>est</strong></span> <span class='ocrx_word' id='word_1_743' title='bbox 3079 4938 3395 4994; x_wconf 86' lang='lat' dir='ltr'><strong>hominibus</strong></span> <span class='ocrx_word' id='word_1_744' title='bbox 3429 4937 3598 5011; x_wconf 67' lang='grc'><strong>240</strong></span> 
     </span>
    </p>
   </div>
   <div class='ocr_carea' id='block_1_102' title="bbox 331 5029 1904 5111">
    <p class='ocr_par' dir='ltr' id='par_1_102' title="bbox 331 5032 1904 5111">
     <span class='ocr_line' id='line_1_102' title="bbox 331 5032 1904 5111; baseline -0.006 -17"><span class='ocrx_word' id='word_1_745' title='bbox 331 5043 460 5111; x_wconf 74' lang='grc' dir='ltr'>ἡμῖν</span> <span class='ocrx_word' id='word_1_746' title='bbox 511 5042 569 5095; x_wconf 81' lang='grc' dir='ltr'>ὲν</span> <span class='ocrx_word' id='word_1_747' title='bbox 619 5035 700 5104; x_wconf 74' lang='grc' dir='ltr'>οἷς</span> <span class='ocrx_word' id='word_1_748' title='bbox 748 5041 914 5110; x_wconf 76' lang='grc' dir='ltr'>ἐσμεν</span> <span class='ocrx_word' id='word_1_749' title='bbox 962 5034 1128 5092; x_wconf 79' lang='grc' dir='ltr'>εἶναι’</span> <span class='ocrx_word' id='word_1_750' title='bbox 1184 5034 1364 5106; x_wconf 87' lang='grc' dir='ltr'>σαυτῷ</span> <span class='ocrx_word' id='word_1_751' title='bbox 1397 5035 1450 5088; x_wconf 82' lang='grc' dir='ltr'>δὲ</span> <span class='ocrx_word' id='word_1_752' title='bbox 1478 5034 1762 5087; x_wconf 83' lang='grc' dir='ltr'>ἀπολιπεῖν</span> <span class='ocrx_word' id='word_1_753' title='bbox 1806 5032 1904 5105; x_wconf 77' lang='grc' dir='ltr'>τὴν</span> 
     </span>
    </p>
   </div>
   <div class='ocr_carea' id='block_1_103' title="bbox 2008 5029 3589 5111">
    <p class='ocr_par' dir='ltr' id='par_1_103' title="bbox 2013 5029 3589 5106">
     <span class='ocr_line' id='line_1_103' title="bbox 2013 5029 3589 5106; baseline -0.003 -18"><span class='ocrx_word' id='word_1_754' title='bbox 2013 5035 2197 5089; x_wconf 86' lang='lat' dir='ltr'><strong>insita.</strong></span> <span class='ocrx_word' id='word_1_755' title='bbox 2225 5037 2302 5092; x_wconf 79' lang='lat' dir='ltr'><strong>Ae</strong></span> <span class='ocrx_word' id='word_1_756' title='bbox 2336 5051 2421 5090; x_wconf 92' lang='lat' dir='ltr'><strong>me</strong></span> <span class='ocrx_word' id='word_1_757' title='bbox 2452 5035 2624 5090; x_wconf 74' lang='lat' dir='ltr'><strong>stella:</strong></span> <span class='ocrx_word' id='word_1_758' title='bbox 2677 5033 2840 5088; x_wconf 88' lang='lat' dir='ltr'><strong>etiam</strong></span> <span class='ocrx_word' id='word_1_759' title='bbox 2870 5032 3000 5103; x_wconf 70' lang='lat' dir='ltr'><strong>ipsa:</strong></span> <span class='ocrx_word' id='word_1_760' title='bbox 3033 5030 3265 5106; x_wconf 75' lang='lat' dir='ltr'><strong>benigne</strong></span> <span class='ocrx_word' id='word_1_761' title='bbox 3294 5029 3589 5088; x_wconf 80' lang='lat' dir='ltr'><strong>identidem</strong></span> 
     </span>
    </p>
   </div>
   <div class='ocr_carea' id='block_1_104' title="bbox 1563 5191 2313 5250">
    <p class='ocr_par' dir='ltr' id='par_1_104' title="bbox 1563 5191 2313 5250">
     <span class='ocr_line' id='line_1_104' title="bbox 1563 5191 2313 5250; baseline 0.001 -2"><span class='ocrx_word' id='word_1_762' title='bbox 1563 5193 1744 5250; x_wconf 76' lang='lat' dir='ltr'><strong>DlON.</strong></span> <span class='ocrx_word' id='word_1_763' title='bbox 1777 5191 2048 5248; x_wconf 77' lang='lat' dir='ltr'><strong>PETAVII</strong></span> <span class='ocrx_word' id='word_1_764' title='bbox 2081 5191 2313 5250; x_wconf 68' lang='grc' dir='ltr'><strong>ΝΟΤᾸΞ..</strong></span> 
     </span>
    </p>
   </div>
   <div class='ocr_carea' id='block_1_105' title="bbox 405 5331 1913 5402">
    <p class='ocr_par' dir='ltr' id='par_1_105' title="bbox 405 5331 1913 5402">
     <span class='ocr_line' id='line_1_105' title="bbox 405 5331 1913 5402; baseline -0.004 -14"><span class='ocrx_word' id='word_1_765' title='bbox 405 5335 516 5402; x_wconf 73' lang='lat'><strong>(&#39;29)</strong></span> <span class='ocrx_word' id='word_1_766' title='bbox 559 5332 1041 5402; x_wconf 76' lang='grc' dir='ltr'>Κατεσχημένοις</span> <span class='ocrx_word' id='word_1_767' title='bbox 1090 5331 1206 5387; x_wconf 82' lang='grc' dir='ltr'><strong>ὑπὸ</strong></span> <span class='ocrx_word' id='word_1_768' title='bbox 1255 5332 1361 5386; x_wconf 87' lang='grc' dir='ltr'><strong>τοῦ</strong></span> <span class='ocrx_word' id='word_1_769' title='bbox 1417 5333 1750 5401; x_wconf 74' lang='grc' dir='ltr'>δείγματος.</span> <span class='ocrx_word' id='word_1_770' title='bbox 1797 5331 1913 5402; x_wconf 67' lang='lat' dir='ltr'><strong>dst-</strong></span> 
     </span>
    </p>
   </div>
   <div class='ocr_carea' id='block_1_106' title="bbox 331 5399 1912 5477">
    <p class='ocr_par' dir='ltr' id='par_1_106' title="bbox 331 5399 1912 5477">
     <span class='ocr_line' id='line_1_106' title="bbox 331 5399 1912 5477; baseline -0.005 -19"><span class='ocrx_word' id='word_1_771' title='bbox 331 5399 539 5477; x_wconf 78' lang='grc' dir='ltr'>γματος</span> <span class='ocrx_word' id='word_1_772' title='bbox 598 5416 716 5477; x_wconf 66' lang='lat' dir='ltr'><strong>erat</strong></span> <span class='ocrx_word' id='word_1_773' title='bbox 741 5399 848 5477; x_wconf 47' lang='lat' dir='ltr'><strong>_&#39;iu&#39;</strong></span> <span class='ocrx_word' id='word_1_774' title='bbox 869 5413 1070 5477; x_wconf 72' lang='lat' dir='ltr'><strong>veter._</strong></span> <span class='ocrx_word' id='word_1_775' title='bbox 1103 5403 1356 5477; x_wconf 73' lang='lat' dir='ltr'><strong>duobus;</strong></span> <span class='ocrx_word' id='word_1_776' title='bbox 1386 5404 1437 5456; x_wconf 93' lang='lat' dir='ltr'><strong>in</strong></span> <span class='ocrx_word' id='word_1_777' title='bbox 1470 5399 1598 5477; x_wconf 75' lang='lat' dir='ltr'><strong>uno,</strong></span> <span class='ocrx_word' id='word_1_778' title='bbox 1654 5399 1912 5477; x_wconf 70' lang='grc' dir='ltr'>παραδεί-</span> 
     </span>
    </p>
   </div>
   <div class='ocr_carea' id='block_1_107' title="bbox 331 5472 1910 5546">
    <p class='ocr_par' dir='ltr' id='par_1_107' title="bbox 331 5472 1910 5546">
     <span class='ocr_line' id='line_1_107' title="bbox 331 5472 1910 5546; baseline -0.009 -10"><span class='ocrx_word' id='word_1_779' title='bbox 331 5472 562 5546; x_wconf 49' lang='grc' dir='ltr'>’Ῠξληατος</span> <span class='ocrx_word' id='word_1_780' title='bbox 626 5472 792 5546; x_wconf 69' lang='lat' dir='ltr'><strong>Paulo</strong></span> <span class='ocrx_word' id='word_1_781' title='bbox 827 5481 949 5542; x_wconf 86' lang='lat' dir='ltr'><strong>post</strong></span> <span class='ocrx_word' id='word_1_782' title='bbox 988 5473 1099 5536; x_wconf 84' lang='grc' dir='ltr'>τοῖς</span> <span class='ocrx_word' id='word_1_783' title='bbox 1153 5473 1406 5544; x_wconf 77' lang='grc' dir='ltr'>ἄρξουσιν</span> <span class='ocrx_word' id='word_1_784' title='bbox 1454 5472 1795 5527; x_wconf 88' lang='lat' dir='ltr'><strong>restituimus</strong></span> <span class='ocrx_word' id='word_1_785' title='bbox 1845 5486 1910 5525; x_wconf 82' lang='lat' dir='ltr'><strong>ex</strong></span> 
     </span>
    </p>
   </div>
   <div class='ocr_carea' id='block_1_108' title="bbox 333 5543 854 5600">
    <p class='ocr_par' dir='ltr' id='par_1_108' title="bbox 333 5543 854 5600">
     <span class='ocr_line' id='line_1_108' title="bbox 333 5543 854 5600; baseline -0.004 -2"><span class='ocrx_word' id='word_1_786' title='bbox 333 5543 523 5600; x_wconf 74' lang='lat' dir='ltr'><strong>iisdem</strong></span> <span class='ocrx_word' id='word_1_787' title='bbox 553 5543 854 5598; x_wconf 64' lang='lat' dir='ltr'><strong>codicibus.</strong></span> 
     </span>
    </p>
   </div>
   <div class='ocr_carea' id='block_1_109' title="bbox 403 5609 1909 5681">
    <p class='ocr_par' dir='ltr' id='par_1_109' title="bbox 403 5609 1909 5681">
     <span class='ocr_line' id='line_1_109' title="bbox 403 5609 1909 5681; baseline -0.005 -13"><span class='ocrx_word' id='word_1_788' title='bbox 403 5617 513 5681; x_wconf 73' lang='lat'><strong>(50)</strong></span> <span class='ocrx_word' id='word_1_789' title='bbox 549 5613 655 5667; x_wconf 76' lang='grc' dir='ltr'><strong>Καὶ</strong></span> <span class='ocrx_word' id='word_1_790' title='bbox 685 5611 1055 5678; x_wconf 58' lang='lat' dir='ltr'><strong>threiciae),</strong></span> <span class='ocrx_word' id='word_1_791' title='bbox 1093 5612 1189 5663; x_wconf 78' lang='grc' dir='ltr'>καὶ</span> <span class='ocrx_word' id='word_1_792' title='bbox 1219 5611 1538 5678; x_wconf 72' lang='grc' dir='ltr'>τὴνμείζὶυ.</span> <span class='ocrx_word' id='word_1_793' title='bbox 1583 5609 1696 5664; x_wconf 72' lang='lat' dir='ltr'><strong>Sull</strong></span> <span class='ocrx_word' id='word_1_794' title='bbox 1725 5611 1909 5681; x_wconf 67' lang='lat' dir='ltr'><strong>Augu-</strong></span> 
     </span>
    </p>
   </div>
   <div class='ocr_carea' id='block_1_110' title="bbox 338 5680 1908 5758">
    <p class='ocr_par' dir='ltr' id='par_1_110' title="bbox 338 5680 1908 5758">
     <span class='ocr_line' id='line_1_110' title="bbox 338 5680 1908 5758; baseline -0.006 -17"><span class='ocrx_word' id='word_1_795' title='bbox 338 5680 492 5742; x_wconf 70' lang='lat' dir='ltr'><strong>stalis</strong></span> <span class='ocrx_word' id='word_1_796' title='bbox 525 5684 761 5758; x_wconf 60' lang='lat' dir='ltr'><strong>prtel&#39;ccti</strong></span> <span class='ocrx_word' id='word_1_797' title='bbox 797 5683 1152 5751; x_wconf 69' lang='lat' dir='ltr'><strong>dispositione</strong></span> <span class='ocrx_word' id='word_1_798' title='bbox 1180 5693 1313 5745; x_wconf 85' lang='lat' dir='ltr'><strong>erat,</strong></span> <span class='ocrx_word' id='word_1_799' title='bbox 1341 5685 1414 5737; x_wconf 90' lang='lat' dir='ltr'><strong>uti</strong></span> <span class='ocrx_word' id='word_1_800' title='bbox 1439 5683 1695 5744; x_wconf 82' lang='lat' dir='ltr'><strong>diximus,</strong></span> <span class='ocrx_word' id='word_1_801' title='bbox 1725 5680 1908 5748; x_wconf 68' lang='lat' dir='ltr'><strong>Libya,</strong></span> 
     </span>
    </p>
   </div>
   <div class='ocr_carea' id='block_1_111' title="bbox 2011 5321 3585 5394">
    <p class='ocr_par' dir='ltr' id='par_1_111' title="bbox 2011 5321 3585 5394">
     <span class='ocr_line' id='line_1_111' title="bbox 2011 5321 3585 5394; baseline -0.003 -14"><span class='ocrx_word' id='word_1_802' title='bbox 2011 5326 2270 5389; x_wconf 79' lang='lat' dir='ltr'><strong>Thebais,</strong></span> <span class='ocrx_word' id='word_1_803' title='bbox 2311 5325 2602 5394; x_wconf 64' lang='lat' dir='ltr'><strong>Egyptus,</strong></span> <span class='ocrx_word' id='word_1_804' title='bbox 2630 5332 2736 5377; x_wconf 82' lang='lat' dir='ltr'><strong>etc.</strong></span> <span class='ocrx_word' id='word_1_805' title='bbox 2766 5325 2945 5394; x_wconf 83' lang='lat' dir='ltr'><strong>Atque</strong></span> <span class='ocrx_word' id='word_1_806' title='bbox 2986 5323 3114 5394; x_wconf 87' lang='lat' dir='ltr'><strong>huic</strong></span> <span class='ocrx_word' id='word_1_807' title='bbox 3153 5321 3418 5394; x_wconf 75' lang='lat' dir='ltr'><strong>parebant</strong></span> <span class='ocrx_word' id='word_1_808' title='bbox 3447 5335 3585 5392; x_wconf 66' lang='lat' dir='ltr'><strong>pra:-</strong></span> 
     </span>
    </p>
   </div>
   <div class='ocr_carea' id='block_1_112' title="bbox 2013 5389 3586 5470">
    <p class='ocr_par' dir='ltr' id='par_1_112' title="bbox 2013 5389 3586 5470">
     <span class='ocr_line' id='line_1_112' title="bbox 2013 5389 3586 5470; baseline -0.004 -18"><span class='ocrx_word' id='word_1_809' title='bbox 2013 5398 2159 5470; x_wconf 56' lang='grc' dir='ltr'><strong>δίης-ε</strong></span> <span class='ocrx_word' id='word_1_810' title='bbox 2184 5389 2828 5470; x_wconf 48' lang='lat' dir='ltr'><strong>earumptiovinciarum,</strong></span> <span class='ocrx_word' id='word_1_811' title='bbox 2857 5389 3048 5470; x_wconf 43' lang='grc' dir='ltr'>ἰιι-ρει</span> <span class='ocrx_word' id='word_1_812' title='bbox 3074 5393 3134 5470; x_wconf 83' lang='lat' dir='ltr'><strong>in_</strong></span> <span class='ocrx_word' id='word_1_813' title='bbox 3154 5389 3348 5470; x_wconf 41' lang='lat' dir='ltr'><strong>Notit.‘</strong></span> <span class='ocrx_word' id='word_1_814' title='bbox 3383 5389 3586 5470; x_wconf 67' lang='grc' dir='ltr'>Ιηὶρεζ.</span> 
     </span>
    </p>
   </div>
   <div class='ocr_carea' id='block_1_113' title="bbox 2016 5461 3586 5530">
    <p class='ocr_par' dir='ltr' id='par_1_113' title="bbox 2016 5461 3586 5530">
     <span class='ocr_line' id='line_1_113' title="bbox 2016 5461 3586 5530; baseline -0.01 -8"><span class='ocrx_word' id='word_1_815' title='bbox 2016 5468 2245 5528; x_wconf 59' lang='lat' dir='ltr'><strong>(hient,</strong></span> <span class='ocrx_word' id='word_1_816' title='bbox 2282 5482 2336 5519; x_wconf 90' lang='lat' dir='ltr'><strong>c.</strong></span> <span class='ocrx_word' id='word_1_817' title='bbox 2377 5461 2498 5519; x_wconf 77' lang='lat'><strong>“8.</strong></span> <span class='ocrx_word' id='word_1_818' title='bbox 2550 5464 2655 5530; x_wconf 82' lang='lat' dir='ltr'><strong>Qui</strong></span> <span class='ocrx_word' id='word_1_819' title='bbox 2692 5465 2875 5518; x_wconf 86' lang='lat' dir='ltr'><strong>itidem</strong></span> <span class='ocrx_word' id='word_1_820' title='bbox 2907 5463 3030 5518; x_wconf 80' lang='lat' dir='ltr'><strong>aliis</strong></span> <span class='ocrx_word' id='word_1_821' title='bbox 3065 5461 3370 5517; x_wconf 85' lang='lat' dir='ltr'><strong>minoribus</strong></span> <span class='ocrx_word' id='word_1_822' title='bbox 3408 5461 3586 5530; x_wconf 42' lang='lat' dir='ltr'><strong>inagis</strong></span> 
     </span>
    </p>
   </div>
   <div class='ocr_carea' id='block_1_114' title="bbox 2013 5527 3583 5603">
    <p class='ocr_par' dir='ltr' id='par_1_114' title="bbox 2013 5527 3583 5603">
     <span class='ocr_line' id='line_1_114' title="bbox 2013 5527 3583 5603; baseline -0.004 -12"><span class='ocrx_word' id='word_1_823' title='bbox 2013 5527 2278 5591; x_wconf 76' lang='lat' dir='ltr'><strong>stratibds</strong></span> <span class='ocrx_word' id='word_1_824' title='bbox 2340 5527 2630 5603; x_wconf 72' lang='lat' dir='ltr'><strong>prmerant.</strong></span> <span class='ocrx_word' id='word_1_825' title='bbox 2679 5532 2794 5589; x_wconf 79' lang='lat' dir='ltr'><strong>Hoc</strong></span> <span class='ocrx_word' id='word_1_826' title='bbox 2832 5547 3019 5594; x_wconf 83' lang='lat' dir='ltr'><strong>sensu,</strong></span> <span class='ocrx_word' id='word_1_827' title='bbox 3076 5532 3291 5600; x_wconf 87' lang='lat' dir='ltr'><strong>opinor,</strong></span> <span class='ocrx_word' id='word_1_828' title='bbox 3327 5527 3583 5603; x_wconf 29' lang='lat' dir='ltr'><strong>pslcm‘et</strong></span> 
     </span>
    </p>
   </div>
   <div class='ocr_carea' id='block_1_115' title="bbox 2011 5599 3589 5675">
    <p class='ocr_par' dir='ltr' id='par_1_115' title="bbox 2011 5599 3589 5675">
     <span class='ocr_line' id='line_1_115' title="bbox 2011 5599 3589 5675; baseline -0.001 -17"><span class='ocrx_word' id='word_1_829' title='bbox 2011 5606 2214 5675; x_wconf 63' lang='grc' dir='ltr'>ἐλάττω</span> <span class='ocrx_word' id='word_1_830' title='bbox 2240 5599 2412 5675; x_wconf 56' lang='grc' dir='ltr'>ἀρχῆν</span> <span class='ocrx_word' id='word_1_831' title='bbox 2438 5604 2595 5675; x_wconf 70' lang='lat' dir='ltr'><strong>dixit,</strong></span> <span class='ocrx_word' id='word_1_832' title='bbox 2633 5618 2861 5674; x_wconf 81' lang='lat' dir='ltr'><strong>eantque</strong></span> <span class='ocrx_word' id='word_1_833' title='bbox 2887 5599 3264 5668; x_wconf 67' lang='lat' dir='ltr'><strong>dOIIIcsticattt,</strong></span> <span class='ocrx_word' id='word_1_834' title='bbox 3297 5599 3385 5656; x_wconf 73' lang='lat' dir='ltr'><strong>eui</strong></span> <span class='ocrx_word' id='word_1_835' title='bbox 3421 5599 3589 5657; x_wconf 63' lang='lat' dir='ltr'><strong>aliam;</strong></span> 
     </span>
    </p>
   </div>
   <div class='ocr_carea' id='block_1_116' title="bbox 2011 5674 2675 5744">
    <p class='ocr_par' dir='ltr' id='par_1_116' title="bbox 2011 5674 2675 5744">
     <span class='ocr_line' id='line_1_116' title="bbox 2011 5674 2675 5744; baseline -0.002 -16"><span class='ocrx_word' id='word_1_836' title='bbox 2011 5674 2178 5738; x_wconf 77' lang='lat' dir='ltr'><strong>atltlil,</strong></span> <span class='ocrx_word' id='word_1_837' title='bbox 2217 5674 2309 5744; x_wconf 74' lang='grc' dir='ltr'>τὴν</span> <span class='ocrx_word' id='word_1_838' title='bbox 2344 5675 2550 5742; x_wconf 66' lang='grc' dir='ltr'>Λίτνπτ</span> <span class='ocrx_word' id='word_1_839' title='bbox 2565 5674 2675 5727; x_wconf 73' lang='grc' dir='ltr'>ἴων.</span> 
     </span>
    </p>
   </div>
  </div>
