3986 6158
451 274 469 332 ξ
492 268 591 331 ιτθ

1535 250 1799 310 5ΥΝ.;8,11
1841 246 2302 304 ρτυιελιςιιυιε
2344 240 2654 300 ΕΡιδεοΡι

3569 235 3708 292 H80

449 387 628 442 virum
663 397 722 439 se
751 382 991 453 praebere
1030 395 1099 434 ne
1135 384 1366 432 conatur
1393 370 1612 443 quidem
1651 367 1906 422 :ditlicile
1944 373 2026 422 est

2151 381 2219 418 ναι
2247 364 2345 432 μὲν
2377 361 2517 431 ἀνὴρ
2545 359 2654 412 οὐδ’
2677 357 2977 426 ἐπιχειρεῖ·
3012 352 3243 423 χαλεπὸν
3269 351 3378 420 γάρ
3398 369 3410 380 ο
3449 349 3705 418 captati};

449 479 619 533 enim.
659 474 900 530 Callidus
944 459 1126 525 autem
1173 473 1290 533 est;
1335 472 1390 520 et
1425 459 1884 532 quemadmodum
1923 471 2031 527 pra:

447 567 690 630 cameris,
716 565 809 634 qui
831 564 966 617 tales
1004 561 1182 629 reipsa
1207 565 1356 622 sunt,
1379 553 1520 609 virili
1537 567 1660 607 esse
1677 550 1859 604 animo
1885 557 2034 617 pute-

452 668 563 724 tur,
599 659 804 727 optime
845 652 1147 709 consuluit.
1185 649 1293 704 Sed
1338 646 1469 702 mibi
1517 645 1734 699 fortuna
1773 643 2036 713 praeclare

452 749 602 806 illius
632 747 877 803 consiliis
901 743 1182 800 obstitisse
1206 739 1444 794 videtur.
1462 736 1726 803 Quintum
1754 733 1900 789 enim
1919 731 2034 800 jam

453 840 596 895 diem
617 852 742 892 cum
764 837 932 891 armis
955 831 1228 906 pregressi
1254 829 1554 892 fueramus,
1586 841 1711 880 cum
1734 824 1913 878 adhuc
1938 823 2035 878 ho-

455 939 570 988 stes
594 937 870 985 extremos
898 924 1190 996 provinciae
1233 923 1368 977 lines
1399 918 1808 991 popularentur,
1845 922 1957 968 tum
1987 913 2036 968 is

455 1023 523 1078 de
559 1020 774 1074 illorum
808 1017 1040 1072 adventu
1068 1015 1370 1084 desperans
1393 1010 1630 1081 penitus,
1667 1006 1811 1077 quod
1839 1019 2038 1075 nequa-

455 1127 620 1184 quam
661 1111 715 1164 in
753 1108 1010 1162 interiora
1039 1115 1328 1175 penetrare
1350 1100 1537 1156 ausuri
1567 1106 1772 1164 essent,
1820 1097 2038 1150 advolat

456 1202 619 1275 245
639 1207 693 1256 et
718 1202 900 1255 omnia
937 1211 1132 1252 rursus
1166 1192 1579 1264 perturbatione
1605 1190 1864 1259 complet.
1896 1185 2035 1240 Tum

457 1304 642 1350 autem
665 1289 1010 1362 aegritudinis
1043 1287 1253 1342 mentio
1276 1284 1598 1353 nulla,quin
1624 1297 1720 1336 eos
1751 1278 2036 1342 irridebat,

456 1390 551 1460 qui
585 1387 640 1456 id
674 1386 864 1442 audire
911 1383 1339 1446 sustinuissent;
1386 1393 1445 1434 se
1478 1390 1608 1430 vero
1661 1389 1692 1428 e
1744 1370 2038 1440 longinqua

461 1484 690 1550 regione
720 1478 906 1534 nescio
934 1491 1041 1546 qua
1087 1482 1362 1530 revertere
1411 1468 1613 1524 aiebat.
1675 1463 1774 1518 lllo
1838 1459 2040 1530 quippe

455 1572 653 1628 auxilii
685 1570 896 1626 ferendi
925 1567 1104 1639 gratia
1133 1567 1375 1624 excitum
1415 1575 1477 1616 se
1508 1571 1660 1623 esse;
1689 1561 1742 1609 et
1779 1553 1881 1606 hac
1929 1563 2038 1604 una

463 1682 523 1722 re
557 1679 772 1726 eorum,
826 1661 920 1731 qui
960 1662 1315 1720 vocaverant,
1363 1665 1527 1722 agros
1577 1662 1702 1706 esse
1755 1651 2038 1706 servatos;

462 1774 645 1830 neque
671 1757 816 1813 enim
843 1715 1115 1824 irrupisse
1143 1752 1351 1812 hostes,
1369 1747 1487 1803 sola
1516 1744 1783 1800 adventus
1809 1737 2039 1795 Joannis
2071 1715 2114 1772 Β

468 1829 612 1906 fama
645 1848 952 1919 perculsos.
987 1844 1172 1900 Rebus
1196 1841 1362 1912 igitur
1382 1837 1460 1893 ibi
1481 1832 1821 1897 constitutis,
1857 1829 2042 1888 statim

467 1943 538 1997 ad
571 1956 691 1997 eam
725 1939 1288 2009 provinciae-partem,
1318 1945 1440 2001 quae
1472 1928 1801 1988 laborasset,
1843 1935 2041 1978 accur-

464 2032 608 2087 risse
647 2029 898 2086 dicebat:
941 2025 1264 2096 propediem
1298 2022 1442 2079 enim
1475 2025 1796 2088 exspectare
1825 2029 1886 2070 se
1906 2027 2042 2070 ven-

464 2129 645 2184 turos,
709 2120 756 2174 si
806 2119 928 2188 ejus
989 2115 1280 2187 prasentia
1333 2111 1640 2175 celaretur,
1692 2120 1795 2162 nec
1843 2118 2044 2162 nomen

466 2210 770 2266 efferretur.
800 2207 1048 2278 Repente
1078 2207 1245 2276 igitur
1273 2202 1598 2273 perturbare
1623 2196 1790 2266 coepit
1832 2194 2042 2256 omnia,

467 2315 594 2355 cum
626 2315 686 2355 se
718 2311 1000 2369 perperam
1027 2293 1208 2349 officio
1239 2291 1400 2347 ducis
1423 2289 1780 2348 immisceret,
1807 2298 1872 2339 ac
1893 2280 2045 2338 brevi

469 2387 725 2446 vincendi
766 2395 938 2441 artem
967 2385 1302 2440 traditurum
1339 2379 1656 2453 pollicetur,
1697 2375 1811 2429 htec
1844 2369 2047 2428 identi-

466 2482 592 2538 dem
623 2479 1005 2544 succlamans,
1031 2475 1088 2530 in
1119 2473 1380 2537 frontem,
1412 2471 1466 2524 in
1496 2469 1841 2540 phalangem,
1871 2471 1925 2520 et
1977 2461 2048 2518 ad

466 2587 647 2629 cornu
673 2570 896 2641 sapius,
925 2575 979 2624 et
1011 2564 1344 2637 quadratum
1360 2561 1655 2631 oblongum
1679 2556 2044 2628 ingeminans,

470 2661 837 2730 ordinumque
867 2657 1146 2728 appellans
1175 2651 1422 2715 nomina,
1473 2661 1706 2718 quorum
1761 2645 2050 2717 ignorabat

470 2768 655 2809 usum.
690 2750 832 2804 Sane
855 2745 1183 2818 quibusdam
1214 2743 1284 2796 ob
1304 2739 1357 2795 id
1389 2737 1590 2809 aliquis
1616 2751 1740 2791 esse
1768 2735 1920 2790 visus
1941 2742 2048 2801 est,

468 2845 566 2916 qui
597 2843 717 2912 ejus
757 2837 1130 2910 prtedicabant
1174 2831 1440 2894 indolem,
1489 2844 1555 2884 ac
1615 2824 1871 2896 discipuli
1926 2839 2052 2881 esse

473 2936 787 3006 cupiebant.
855 2931 922 2984 Et
965 2930 1080 3000 jam
1139 2923 1657 2994 advesperascebat,
1728 2928 2053 2990 tempusque

2133 457 2177 508 δ’
2213 453 2360 514 ἐστὶ,
2393 452 2486 503 καὶ
2519 450 2592 512 ὼς
2639 447 2705 501 ἂν
2753 444 2976 508 δείξειεν
3015 443 3155 512 ἀνὴρ
3204 437 3342 492 εἶναι
3382 437 3538 507 παρὰ
3586 439 3708 499 τοὺς

2132 547 2292 606 ὕντας
2336 543 2554 612 ἄνδρας,
2602 541 2801 610 ἄριστα
2849 535 3160 589 σκέπτετ-αι.
3223 531 3385 584 Ἀλλά
3433 545 3526 599 μοι
3571 527 3711 580 δοκεῖ

2135 635 2315 699 καλῶς
2361 632 2513 702 αὐτῷ
2542 632 2603 685 τὸ
2637 627 2914 700 δαιμόνιον
2951 618 3515 678 ἁντιπολιτεύσασθαι.
3567 617 3708 688 Πέμ-

2135 744 2274 796 πτην
2329 725 2426 796 μὲν
2467 723 2576 794 γὰρ
2620 722 2722 792 ἤδη
2771 722 2830 773 ἐν
2864 720 2980 781 τοῖς
3026 714 3212 778 ὅπλοις
3267 713 3445 784 μάτην
3487 710 3707 783 προελη-

2133 817 2409 887 λύθειμεν,
2446 814 2527 868 ἔτι
2561 814 2631 868 τὰ
2678 811 3056 884 μετεωρότερα
3105 805 3560 876 κακουργούντων
3604 801 3709 854 τῶν

2137 906 2408 977 πολεμίων
2430 921 2443 934 ·
2477 906 2506 958 ὁ
2539 904 2593 959 δὲ
2626 905 2720 957 καί
2749 900 3095 956 παντάπασιν
3129 897 3402 966 ἀπογνοὺς
3425 896 3578 965 ἥξειν
3612 894 3710 945 αὑ·

2133 997 2280 1061 τοὺς,
2313 995 2386 1058 ὡς
2437 995 2536 1046 οὐκ
2566 993 2632 1047 ἂν
2659 993 2720 1044 τὺ
2755 990 2917 1061 βάθος
2948 993 3045 1060 τῆς
3095 987 3279 1058 χώρας
3316 985 3711 1057 θαρῤήσοντας,

2138 1088 2338 1158 παρῆν,
2375 1086 2470 1138 καὶ
2501 1084 2679 1137 πάντα
2721 1082 2884 1144 εὐθὺς
2914 1081 3023 1152 (45)
3065 1077 3337 1148 ἀκοσμίας
3385 1073 3691 1144 ἐμπίπλησι

2139 1181 2248 1233 Καὶ
2280 1178 2566 1240 ἀσθενείας
2601 1177 2698 1247 μὲν
2731 1176 2831 1228 οὐκ
2864 1173 3174 1244 ἐμέμνητοο
3224 1167 3495 1235 κατεγέλα
3533 1164 3598 1233 γέ
3633 1181 3714 1218 τοι

2139 1273 2234 1326 καὶ
2267 1269 2654 1342 ἀνασχομένων
2683 1265 2916 1322 ἀκοῦσαι
2935 1280 2949 1293 ”
2987 1263 3150 1326 αὐτὸς
3175 1261 3233 1315 δὲ
3266 1262 3422 1331 ἥκειν
3449 1259 3555 1329 ἔφη
3578 1258 3714 1328 πόρ-

2143 1361 2334 1435 ρωθεν,
2388 1361 2489 1414 οὑκ
2521 1355 2659 1412 ὀῖδα
2707 1357 2848 1411 ὅθεν.
2917 1355 3065 1409 Ἐκεῖ
3105 1352 3216 1424 γὰρ
3275 1355 3357 1415 είς
3399 1350 3716 1420 συμμαχίαν

2141 1451 2594 1526 παρακεκλῆσθαι
2613 1467 2628 1482 ο
2657 1449 2786 1520 παρ’
2819 1447 2847 1501 ὃ
2877 1447 2973 1501 καὶ
3003 1444 3272 1498 σεσῶσθαι
3300 1442 3428 1504 τοὺς
3466 1441 3718 1498 ἐπικαὶερ

2145 1545 2408 1614 σαμὲνους
2446 1541 2668 1614 ἀγρούς.
2704 1539 2838 1594 Οὐδὲ
2885 1537 2994 1608 γὰρ
3023 1533 3422 1607 ἐμϐεϐληκέναι
3465 1533 3592 1593 τοὺς
3625 1549 3720 1583 m-

2141 1635 2383 1706 λεμίους,
2422 1633 2560 1704 πρὸς
2587 1633 2686 1702 τὴν
2739 1632 2927 1701 φήμην
2975 1627 3075 1694 τῆς
3129 1625 3370 1680 Ἰωάννου
3417 1623 3720 1692 παρουσίας

2141 1725 2612 1802 καταπλαγέντας.
2662 1720 2946 1791 Ἀσφαλῶς
2998 1719 3056 1773 δὲ
3103 1718 3264 1771 τάκεῖ
3310 1715 3728 1785 καταστησάμετ

2142 1836 2254 1886 νος,
2290 1817 2426 1888 πρὸς
2459 1816 2520 1870 τὸ
2543 1813 2737 1869 πονοῦν
2774 1813 2879 1883 ἔφη
2905 1809 3309 1882 δεδραμηκέναι
3340 1805 3455 1878 [πρ.
3490 1807 3717 1860 καταδε-

2141 1909 2370 1982 δραμ.]”
2407 1907 2799 1979 προσδέχεσθαι
2826 1904 2935 1974 γὰρ
2973 1904 3097 1956 ὅσον
3143 1899 3297 1954 οὔπω
3340 1900 3468 1963 τοὺς
3508 1899 3719 1970 ἄνδρας,

2141 2001 2208 2072 ἢν
2246 1998 2384 2070 λάθῃ
2419 1997 2630 2069 παρὼν,
2669 1998 2763 2050 καὶ
2796 1995 2869 2065 μὴ
2891 1992 3108 2062 διαδοθῇ
3138 1988 3396 2060 τοῦνομα.
3427 1987 3602 2048 Εὐθὺς
3631 1986 3725 2040 ei»

2145 2091 2362 2144 ἅπαντα
2389 2087 2657 2160 ἀκοσμίας
2689 2087 2993 2159 ἐμπίπλησι
3023 2090 3508 2158 παραστρατηγεῖν
3529 2086 3724 2151 ἀξιῶν,

2145 2183 2238 2236 καὶ
2276 2182 2333 2234 ὲν
2382 2179 2576 2252 βραχεῖ
2620 2179 2815 2250 τέχνην
2882 2178 2976 2233 τοῦ
3021 2180 3176 2250 νικᾷν
3226 2179 3567 2250 παραδώσειν
3620 2181 3724 2232 ὑπ-

2148 2273 2516 2344 ισχνούμενος,
2554 2270 2692 2342 βοῶν
2733 2270 2824 2323 ἐπὶ
2877 2271 3148 2340 μέτωπον,
3179 2271 3272 2323 ἐπὶ
3305 2271 3581 2339 φάλαγγα,
3631 2273 3726 2324 καὶ

2147 2366 2290 2422 κατὰ
2329 2365 2390 2420 τὸ
2428 2365 2598 2436 κέρας
2631 2363 2788 2429 πολὺ,
2839 2362 2901 2415 τὸ
2949 2361 3233 2416 πλαίσιονο
3275 2363 3447 2415 ποιῶν
3488 2363 3726 2432 ὀνόματα

2145 2457 2372 2524 τάξεων,
2403 2451 2478 2512 ὧν
2509 2456 2695 2526 ἠγνόει
2723 2455 2822 2526 τὴν
2850 2455 3063 2527 χρείαν.
3098 2455 3211 2508 Καί
3237 2470 3381 2507 ¹ιισιν
3403 2453 3512 2510 ἀπὸ
3539 2454 3727 2507 τούτου

2148 2550 2292 2616 ἔδοξὲ
2327 2567 2411 2614 τις
2459 2545 2623 2614 εἶναι,
2665 2549 2761 2614 καὶ
2789 2548 2889 2618 τήν
2927 2563 2991 2615 γε
3025 2547 3187 2616 φύσιν
3229 2543 3588 2618 ἐμακάριζον,
3637 2549 3729 2598 καὶ

2149 2643 2465 2716 ὲμαθητίων
2509 2641 2716 2697 πολλοί.
2766 2641 2905 2712 Ἤδη
2934 2639 2990 2692 δὲ
3035 2639 3184 2710 δείλη
3222 2655 3283 2692 τε
3329 2634 3398 2709 ἦν
3436 2638 3586 2707 ὀψία,
3640 2635 3730 2690 καὶ

2150 2736 2340 2807 καιρὸς
2365 2735 2554 2806 ἐφόδου
2575 2752 2589 2766 ο
2638 2734 2734 2788 καὶ
2760 2733 2824 2805 δὴ
2867 2731 3055 2804 πρόσω
3082 2731 3183 2802 τῆς
3218 2731 3440 2803 ὀρεινῆς
3465 2728 3732 2784 καταϐαίο

2149 2844 2334 2891 νοντες
2409 2825 2729 2898 ἐγενόμεθα.
2811 2821 3108 2879 Κάνταῦθα
3166 2823 3375 2876 νεανίαι
3446 2825 3731 2896 τέσσαρες,

2152 2916 2477 2989 ἐσταλμένοι
2510 2914 2818 2988 χωριτικῶς
2848 2914 2961 2988 [γρ.
2997 2913 3296 2987 χωρικῶς],
3342 2915 3434 2968 καὶ
3474 2916 3734 2987 κεκραγό

474 3005 800 3094 irruptionis
831 3020 1162 3091 appetebat:
1222 3017 1407 3084 itaque
1458 3011 1608 3068 brevi
1645 3010 1926 3065 montibus
1977 3009 2051 3064 di-

2154 3025 2246 3072 τες
2264 3009 2386 3062 ὅσον
2407 3005 2647 3078 ἐχώρουν
2673 3006 2729 3059 αί
2753 3006 3006 3074 κεφαλαὶ,
3029 3006 3211 3079 δρόμῳ
3236 3007 3372 3078 πρὸς
3396 3009 3543 3082 μᾶς
3562 3008 3728 3070 ἔθεον,

476 3116 651 3190 εγεεεὶ
683 3115 841 3182 longe
855 3109 1248 3182 processimus.
1282 3107 1384 3161 Hic
1411 3102 1795 3159 adolescentes
1815 3108 2051 3172 quatuor

2155 3101 2230 3164 ὼς
2261 3098 2448 3171 μηδενὶ
2497 3099 2743 3169 μάντεως
2769 3097 2899 3162 δεῖν,
2934 3099 3015 3152 ὅτι
3046 3098 3339 3170 πολεμίους
3369 3100 3728 3170 πεφόϐηνται,

476 3208 688 3263 rustico
721 3204 934 3270 habitu,
968 3199 1336 3255 vociferantes
1363 3205 1634 3268 quantum
1673 3196 1859 3266 capita
1915 3195 2058 3252 fere-

480 3300 632 3360 bant,
666 3309 837 3348 cursu
875 3291 940 3346 ad
982 3306 1082 3344 nos
1122 3286 1568 3348 contendebant.
1591 3292 1651 3337 ut
1697 3281 1901 3336 nemini
1937 3288 2060 3336 vate

477 3401 618 3458 opus
649 3391 798 3438 esset
852 3380 920 3435 ad
968 3377 1329 3433 divinandum
1381 3375 1571 3429 hostes
1628 3373 1696 3426 ab
1730 3373 1798 3426 iis
1849 3371 2057 3439 metui,

481 3477 848 3546 festinatoque
877 3487 974 3528 eos
1002 3469 1069 3524 ad
1122 3483 1274 3524 arma
1329 3476 1517 3523 nostra
1553 3475 1829 3534 receptum
1863 3463 2063 3519 habere

481 3570 640 3626 velle.
675 3569 751 3632 Ac
789 3566 1114 3638 priusquam
1173 3561 1391 3632 penitus
1426 3559 1550 3615 illos
1605 3557 1801 3614 adesse
1849 3556 2059 3611 hostem

414 3660 422 3664 ”
483 3660 804 3714 nuntiantes
826 3655 1236 3718 exaudiremus,
1267 3652 1502 3717 miseros
1551 3646 1948 3703 homunciones
2003 3645 2057 3699 in

481 3753 633 3821 equis
671 3748 1075 3818 conspicimus,
1112 3743 1205 3815 qui
1237 3742 1368 3797 mihi
1404 3741 1567 3796 famis
1602 3740 1771 3794 ductu
1818 3739 1932 3809 regi
1977 3738 2059 3791 vi-

483 3841 761 3896 debantur
782 3881 798 3907 ,
828 3849 882 3894 et
909 3837 978 3893 ad
1003 3847 1238 3909 mortem
1272 3850 1372 3906 pro
1404 3831 1729 3888 invadendis
1766 3831 1925 3886 bonis
1963 3844 2058 3885 no.

485 3933 617 3990 stris
670 3930 983 3992 obeundum
1045 3942 1170 3984 esse
1228 3925 1590 3998 paratissimi.
1625 3923 1730 3989 Qui
1796 3937 1920 3978 cum
1964 3937 2064 3976 nos

484 4024 923 4094 conspexissent,
959 4019 1355 4089 conspectique
1392 4022 1601 4080 essent,
1643 4022 1940 4082 antequam
1975 4013 2063 4066 in-

487 4123 570 4168 tra
605 4114 696 4169 teli
721 4113 929 4184 jactum
975 4111 1258 4166 veniretur
1281 4150 1297 4176 ,
1334 4107 1436 4173 illi,
1470 4115 1530 4162 ut
1584 4107 1859 4172 solebant,
1908 4107 2065 4176 equis

486 4205 694 4276 delapsi
727 4220 787 4261 se
821 4202 888 4258 ad
921 4211 1200 4257 certamen
1245 4199 1608 4272 accingebant
1633 4217 1646 4253 :
1675 4197 1917 4269 mihique
1968 4198 2068 4252 bo-

488 4297 665 4350 mines
692 4293 894 4349 imitari
923 4291 1072 4346 factu
1106 4290 1375 4362 optimum
1411 4303 1534 4344 esse
1562 4287 1882 4343 videbatur:
1937 4303 2065 4349 nam

2158 3192 2252 3246 καὶ
2283 3191 2603 3246 σπεύδουσιν
2652 3190 2784 3244 εἴσω
2819 3193 2928 3244 τῶν
2970 3192 3150 3247 ὃπλων
3189 3193 3461 3262 γενέσθαι.
3499 3195 3637 3266 Πρὶν
3679 3196 3732 3248 δὲ

2157 3286 2254 3340 καὶ
2284 3285 2461 3348 καλῶς
2493 3283 2670 3338 αὐτῶν
2703 3283 2923 3362 ἐκείνων
2953 3283 3207 3348 ἀκοῦσαι,
3236 3285 3504 3354 λεγόντων
3532 3287 3612 3341 ὅτι
3645 3288 3736 3339 καὶ

2158 3375 2222 3446 δὴ
2277 3374 2555 3445 πάρεισιν,
2593 3372 2812 3444 ὁρῶμεν
2851 3375 2936 3442 ἐφ’
2975 3374 3158 3428 ἵππων
3203 3376 3470 3450 ἀνδράρια
3502 3378 3731 3449 πονηρὲ,

2159 3466 2273 3530 καὶ,
2294 3465 2371 3528 ὡς
2397 3465 2518 3535 ἐμοὶ
2543 3464 2720 3518 δοκεῖν
2747 3462 2861 3534 [γρ.
2881 3462 3071 3534 δοκείί,
3099 3464 3203 3517 ὑπὸ
3222 3463 3380 3534 λιμοῦ
3409 3467 3736 3536 στρατηγοῦ-

2163 3573 2300 3628 μενα
2321 3574 2333 3589 ο
2369 3555 2766 3627 προχειρότατα
2791 3555 2834 3607 δ’
2862 3549 2954 3608 οὖν
2989 3554 3130 3628 ὑπὲρ
3156 3554 3262 3608 τῶν
3289 3557 3576 3628 ἡμετέρων
3601 3558 3698 3626 ἀγα
3716 3589 3732 3597 -

2161 3646 2272 3700 θῶν
2305 3647 2670 3718 ἀποθνήσκειν
2693 3645 2967 3700 ἐθέλοντα.
3012 3645 3228 3718 Ἐπειδὴ
3265 3646 3310 3699 δ’
3338 3643 3432 3701 οὖν
3469 3644 3608 3702 εἶδον
3648 3651 3736 3702 κλὶ

2161 3734 2444 3806 ὤφθησαν,
2469 3736 2600 3808 πρὶν
2624 3736 2756 3790 είσω
2783 3735 2970 3806 βέλους
2995 3735 3190 3800 ἐλθεῖν,
3217 3736 3266 3789 oi
3293 3737 3392 3807 μὲν
3413 3737 3735 3798 ἀποϐάντες.

2162 3827 2352 3897 ὥσπερ
2377 3825 2661 3890 εἰώθεσαν,
2684 3824 2793 3879 τῶν
2819 3826 3023 3891 ἵππων,
3052 3826 3130 3889 ὼς
3151 3828 3230 3891 εἰς
3256 3827 3436 3898 μάχην
3466 3827 3738 3881 disease-ai-

2165 3918 2352 3985 ζοντο·
2391 3917 2485 3970 καί
2535 3931 2626 3988 μοι
2671 3917 2850 3981 καλῶς
2897 3917 3042 3988 ἔχειν
3087 3915 3260 3971 ἐδόκει
3304 3918 3593 3988 μιμεῖσθαι
3619 3921 3738 3980 τοὺς

2165 4011 2394 4081 ἄνδρας·
2448 4010 2540 4065 καὶ
2584 4010 2692 4080 γὰρ
2729 4010 2949 4080 ἄφιππα
2996 4004 3084 4080 ἦν.
3133 4009 3192 4063 '0
3240 4009 3298 4063 δέ
3341 4011 3605 4079 γεννάδας
3645 4012 3740 4063 οὐιι

2165 4100 2270 4173 ἔφη
2311 4101 2730 4172 παρανομήσειν
2757 4101 2838 4163 είς
2863 4101 2962 4170 τὴν
2993 4099 3242 4170 ἱππικὴν,
3273 4099 3412 4154 ἀλλὰ
3434 4100 3528 4154 τὸν
3561 4101 3738 4169 ἀγῶνι

2165 4193 2274 4246 τῶν
2316 4193 2498 4244 ἵππων
2543 4192 2810 4262 ποιήσειν.
2858 4189 2925 4243 Τί
2973 4186 3104 4257 οὖνς
3147 4192 3514 4262 Παρενεγκὼν
3565 4193 3657 4266 βία
3686 4196 3740 4246 τε)

2167 4285 2381 4355 ψάλιον,
2433 4285 2530 4338 καὶ
2580 4283 3020 4356 μεταστραφείς,
3067 4283 3295 4354 ἔφευγεν
3328 4286 3636 4357 ἀνακράτος
3671 4284 3742 4350 eg.

488 4385 639 4456 regio
667 4386 785 4455 ipsa
816 4381 1088 4454 equitatui
1140 4387 1451 4452 Opportuna
1486 4395 1598 4435 non
1647 4387 1788 4435 erat.
1853 4377 2051 4434 Verum

2165 4377 2425 4445 ελαύνων,
2457 4375 2772 4447 ἐξαιματῶν
2796 4376 2886 4430 τὸν
2917 4375 3105 4441 ἵππον,
3136 4375 3353 4430 ἅπασαν
3385 4378 3545 4448 ἡνίαν
3571 4380 3740 4448 ἀφεὶς,

485 4491 788 4548 generosus
806 4476 898 4529 ille
927 4487 1269 4545 nequaquam
1293 4487 1352 4528 se
1382 4471 1435 4526 in
1463 4472 1708 4540 equitum
1735 4470 1860 4542 jura
1882 4485 2068 4540 pecca-

489 4577 678 4622 turum
705 4581 830 4622 esse
852 4565 1020 4633 dixit,
1051 4565 1144 4620 sed
1174 4571 1434 4634 equestre
1464 4573 1748 4618 certamen
1778 4562 2060 4617 initurum.

490 4658 634 4725 Quid
667 4669 780 4712 tum
809 4656 1010 4726 igitur?
1040 4654 1211 4710 frenis
1239 4654 1505 4708 violenter
1539 4652 1792 4718 detortis,
1835 4665 2064 4708 aversus

491 4751 629 4821 ipse,
650 4756 857 4820 quanto
883 4753 1102 4819 poterat
1129 4746 1336 4816 impetu
1367 4743 1631 4816 fugiebat,
1662 4759 1865 4814 equum
1896 4757 2064 4797 cruo-

492 4857 554 4897 re
587 4855 852 4912 spargens
876 4881 890 4906 ,
921 4839 1112 4894 effusis
1137 4837 1367 4893 habenis
1397 4835 1654 4890 omnibus
1673 4875 1688 4899 ,
1713 4835 2064 4904 stimulisque

490 4934 751 4990 omnibus
822 4931 1114 4985 admotis:
1182 4940 1298 4984 tum
1381 4927 1575 4981 crehra
1670 4926 1937 4990 verbera,
2016 4934 2070 4980 et

493 5040 598 5080 vox
664 5023 730 5077 ad
813 5021 1154 5076 incitandum
1218 5018 1402 5072 acrius
1457 5016 1768 5072 insonabat.
1846 5013 1905 5067 ln
1959 5030 2068 5085 quo

2171 4468 2384 4540 κέντρῳ
2425 4468 2589 4521 παντὶ
2614 4467 2929 4538 χρώμενος’
2969 4468 3063 4522 καὶ
3091 4469 3125 4537 ἡ
3157 4468 3357 4536 μάστιξ
3387 4472 3568 4540 πυκνή
3591 4487 3606 4503 ’
3656 4472 3744 4521 καί

2171 4563 2206 4632 ἠ
2237 4559 2334 4630 βοὴ
2368 4561 2431 4613 τὸ
2479 4558 2826 4614 κελευστικὸν
2873 4561 3009 4631 ἤχει.
3050 4560 3142 4614 Ἐν
3171 4561 3350 4632 τούτῳ
3385 4562 3444 4616 δὲ
3490 4563 3591 4616 οὐκ
3637 4564 3744 4614 ἔστι

2173 4651 2353 4724 ῥᾴδιον
2391 4653 2584 4716 εἰπεῖν,
2614 4652 2798 4705 ὅντινά
2851 4670 2934 4716 τις
2974 4653 3172 4723 μᾶλλον
3221 4655 3488 4726 ἐπῄνεσε,
3523 4654 3744 4723 πότεροι

2170 4743 2260 4797 τὸν
2311 4742 2498 4808 ἵππον,
2543 4742 2696 4814 ῆτδν
2731 4743 2935 4795 ἱππέα·
2989 4745 3017 4797 ό
3074 4744 3174 4814 μὲν
3197 4745 3307 4816 γὰρ
3353 4726 3559 4814 όμοίως
3607 4736 3744 4798 κατὰ

2171 4835 2412 4908 πρανῶν,
2452 4836 2651 4906 ὁμοίως
2687 4836 2808 4890 κατ’
2850 4836 3046 4908 ὀρθίων
3093 4838 3341 4907 ἐφέρετο,
3391 4837 3490 4891 καὶ
3527 4838 3613 4892 διὰ
3649 4839 3749 4890 τῶν

2164 4927 2397 4991 δασέων,
2446 4927 2540 4980 καὶ
2585 4924 2673 4979 διὰ
2711 4925 2820 4980 τῶν
2857 4926 3048 4996 ψιλῶν,
3081 4927 3231 4999 ῥύμῃ
3275 4929 3374 4998 μιᾷ
3412 4928 3642 4998 διεπήδα
3669 4929 3750 4979 τά-

2168 5034 2357 5088 φρους,
2376 5018 2514 5089 ὑπὲρ
2535 5019 2658 5080 τοὺς
2684 5017 2880 5088 όχθους
2903 5017 3067 5089 ᾔρετο
3087 5037 3101 5050 ο
3137 5020 3164 5071 ό
3202 5018 3279 5082 δὲ,
3298 5019 3387 5082 διὰ
3409 5020 3628 5072 πάντων
3649 5018 3752 5070 τῶι

492 5114 714 5170 diﬂicile
764 5120 850 5169 est
911 5113 1084 5176 dictu,
1115 5111 1278 5183 246
1333 5119 1515 5165 utrum
1561 5109 1744 5179 potius
1794 5106 2048 5162 laudasse

2171 5109 2386 5180 χωρίων
2426 5109 2619 5180 ἔποχος
2656 5106 2744 5180 ἦν,
2774 5111 2956 5164 καὶέν
2997 5109 3172 5164 οὐδενὶ
3192 5113 3294 5180 τῆς
3333 5109 3602 5181 καθέδρας
3639 5110 3751 5162 ὡλξ-

491 5207 794 5276 quispiam,
861 5220 1134 5275 equumne
1191 5220 1260 5258 an
1297 5204 1558 5273 equitem.
1632 5199 1769 5254 Nam
1827 5200 1920 5253 ille
1979 5214 2051 5268 pe;

2176 5199 2362 5270 σθησε.
2400 5203 2556 5253 Δοκεῖ
2587 5200 2696 5272 γάρ
2750 5218 2839 5271 μοι
2878 5202 2973 5254 καὶ
3008 5203 3122 5264 τοῖς
3159 5199 3439 5271 πολεμίοις
3480 5201 3620 5269 καλὴ
3659 5199 3755 5250 θέα

493 5298 726 5353 declivia
780 5297 1006 5367 perinde
1030 5311 1094 5350 ac
1148 5311 1246 5367 per
1303 5295 1530 5350 acclivia
1613 5308 1817 5365 perque
1864 5293 2051 5346 consil;

2182 5293 2452 5361 γενέσθαι,
2485 5294 2578 5347 καὶ
2614 5294 2688 5357 ὡς
2733 5294 2900 5347 πολλὰ
2928 5294 2992 5348 ἂν
3021 5293 3270 5358 εὔξαιντο
3314 5291 3539 5349 τοιαῦτα
3568 5293 3754 5347 θεάσαν

1759 5445 1938 5500 DlON.
1963 5444 2236 5500 PETAVll
2274 5444 2509 5501 NOTAi.

571 5605 681 5672 (45)
723 5606 946 5674 Παρῆν,
972 5605 1069 5658 καί
1097 5605 1291 5659 πάντα
1309 5607 1509 5670 εὐθύς.
1541 5603 1934 5671 Dispunximus
1963 5602 2067 5674 ali-

1208 5624 1291 5686 ςτα
1309 5607 1509 5686 εὐθύς.
1541 5603 1934 5686 lli-sputtxhnus
1963 5602 2067 5686 ali-
2174 5602 2315 5686 palis
2355 5603 2556 5672 παρῆν,
2601 5604 2901 5686 καὶιπίιντα
2941 5605 3289 5675 εἰλημμένος,
3331 5606 3427 5659 καὶ
3463 5605 3642 5662 πάντα
3674 5607 3758 5658 εὖ·

500 5671 636 5740 quut
667 5671 837 5728 voces
874 5671 1165 5742 perperam
1207 5679 1524 5730 inculcatas.
1560 5675 1649 5726 Sic
1675 5677 1817 5728 enim
1863 5673 1916 5726 in
1953 5672 2066 5725 t'ul-
2175 5671 2236 5725 θιὲ

2175 5672 2292 5735 θύς,
2320 5689 2440 5742 qua:
2471 5691 2497 5725 ιι
2536 5677 2808 5728 γριειηίιιιδ
2842 5672 3086 5727 aberant.
