3986 6158
491 244 628 303 M33

1566 243 1830 302 SYNESII
1865 246 2329 305 PTOLEMAIDIS
2368 246 2521 307 EPlS
2536 248 2686 306 COPl

3616 250 3764 308 HM

489 379 617 419 cum
649 376 909 419 curarum
937 358 1258 432 participem
1292 374 1440 426 esse.
1467 369 1524 416 et
1550 374 1677 417 cum
1712 370 1882 418 noctu
1926 364 2064 434 vigi-

2169 366 2232 420 ἂν
2269 367 2440 421 κακόν
2469 385 2522 422 τι
2556 368 2901 441 διαφύγοιμι.
2927 372 3129 427 ’Ἄκουε
3145 373 3324 427 τοίνυν
3345 370 3420 437 ὡς
3443 372 3550 443 ἔχει
3580 372 3765 443 τάμὰ,

495 458 629 525 lare,
667 463 785 511 tum
827 454 1065 510 interdiu
1121 453 1389 524 cogitare.
1454 454 1926 524 quemadmodum
1975 465 2070 510 aut

458 548 625 604 'boni
674 547 808 602 mihi
870 546 1157 617 contingat
1214 547 1444 618 aliquid,
1500 554 1595 600 aut
1629 547 1755 601 mali
1787 548 2067 619 quidpiam

490 638 701 693 evitare
733 636 959 707 possim.
994 635 1134 689 Audi
1166 634 1335 706 igitur
1356 635 1450 705 qui
1480 634 1552 690 sit
1583 650 1827 690 mearum
1883 650 2068 690 rerum

460 734 691 792 status,
734 739 967 796 quarum
1011 725 1273 796 pleraque
1298 725 1411 795 jam
1448 732 1503 780 te
1564 724 1806 778 arbitror
1853 739 2065 795 cogno-

462 832 667 874 scere.
694 819 830 872 Cum
870 816 1129 886 exiguum
1172 828 1316 871 onus
1365 817 1750 885 suscepissem,
1780 816 1884 870 hoc
1935 816 2069 870 mihi

456 910 755 965 'lactenus
783 908 1066 963 commode
1095 906 1423 962 sustinuisse
1446 907 1654 971 videor,
1672 906 2069 977 philosophiam

486 1002 772 1057 nimirum.
815 1000 920 1055 l‘ro
956 1015 1029 1054 co
1081 1014 1213 1053 vero
1262 1000 1408 1069 quod
1465 1014 1575 1053 non
1641 1000 1860 1069 penitus
1904 998 1975 1053 ab
2006 1012 2069 1054 ea

462 1094 757 1148 aberrare
791 1083 1000 1152 videor.
1033 1106 1063 1143 a
1100 1091 1376 1146 nonnullis
1422 1091 1710 1153 laudatus,
1768 1092 2071 1160 majoribus

458 1185 688 1254 sdignus
726 1184 794 1237 ab
820 1183 888 1238 iis
908 1182 1217 1246 existimor,
1251 1182 1533 1251 quianimi
1566 1181 1881 1236 facultatem
1908 1182 2069 1236 habi-

456 1279 814 1346 ulitaternque
835 1274 1153 1330 discernere
1181 1284 1479 1343 nequeant.
1511 1271 1716 1327 Vereor
1745 1284 1927 1327 autem
1971 1287 2065 1336 ne,

460 1367 836 1440 .arrogantior
863 1365 1066 1427 factus,
1096 1373 1152 1419 et
1183 1379 1310 1419 eum
1338 1366 1598 1418 honorem
1632 1363 1950 1428 admittens,
1999 1363 2070 1417 ab

460 1468 728 1530 :-utroque
779 1458 1027 1513 excidam
1056 1474 1070 1523 ;
1100 1472 1225 1512 eum
1283 1457 1514 1510 alterum
1546 1455 1766 1526 quidem
1821 1464 2069 1509 eontem-

458 1565 669 1621 -psero,
700 1548 926 1604 alterius
964 1562 1095 1603 vero
1120 1562 1232 1602 non
1258 1545 1415 1601 fuero
1467 1546 1789 1617 dignitatem
1837 1561 2065 1601 assecu-

478 1652 598 1698 tus.
634 1639 727 1696 Sic
750 1641 897 1697 enim
939 1641 1160 1695 habeto.
1205 1638 1429 1695 Duobus
1462 1640 1614 1695 hisce
1658 1650 1871 1706 tempus
1911 1640 2064 1696 iden-

2172 459 2241 513 τά
2280 459 2453 531 πλείω
2480 462 2524 514 δ’
2559 460 2626 514 ἀν
2651 462 2831 515 αὐτῶν
2866 464 2962 516 καὶ
2998 464 3216 535 εἰδείης.
3242 465 3457 536 Μικρὸν
3485 464 3768 535 ἀράμενος

2172 551 2417 621 φορτίον,
2466 551 2648 615 καλῶς
2696 554 2942 621 ἐνεγκεῖν
2990 571 3079 624 μοι
3108 555 3251 609 δοκῶ
3289 555 3353 609 τδ
3396 554 3554 626 μέχρι
3583 554 3766 617 τοῦδε,

2172 642 2516 712 φιλοσοφίαν.
2550 644 2650 698 Διά
2706 644 2764 697 δὲ
2806 646 2870 699 τὸ
2901 646 3050 712 δόξαι
3098 647 3174 718 μὴ
3204 648 3549 701 παντάπασιν
3588 646 3769 715 αὐτῆς

2174 734 2532 804 ἁμαρτάνειν,
2558 735 2866 797 ἐπαινεθεὶς
2880 736 2972 790 ὑπ’
2997 736 3174 801 ἐνίων,
3205 736 3463 808 ἀξιοῦμαι
3498 735 3769 806 μειζόνων

2171 827 2325 900 παρά
2356 826 2465 879 τῶν
2490 827 2591 880 οὐκ
2629 827 2850 881 εἰδότων
2883 830 3064 899 κρῖναι
3100 827 3280 900 ψυχῆς
3318 828 3766 899 ἐπιτηδειότητα.

2168 918 2441 988 Φοϐοῦμαι
2467 916 2523 971 δὲ
2553 918 2631 989 μὴ
2669 917 2868 988 χαῦνος
2908 918 3218 989 γενόμενος,
3250 920 3347 973 καὶ
3393 918 3768 990 προσιέμενος

2168 1008 2268 1080 τὴν
2314 1011 2501 1080 τιμὴν,
2554 1010 2756 1079 ἀμφοῖν
2808 1009 3115 1080 διαμάρτω.
3163 1009 3260 1063 τοῦ
3310 1010 3409 1081 μὶν
3465 1010 3766 1080 ὑπεριδὼν,

2167 1100 2264 1153 τοῦ
2287 1099 2345 1152 δὲ
2372 1100 2470 1170 τῆς
2504 1099 2662 1166 ἀξίας
2686 1100 2787 1152 οὐκ
2827 1100 3169 1169 ἐφικόμενος.
3217 1100 3419 1152 Σκόπει
3454 1100 3567 1170 γὰρ
3598 1098 3766 1152 οὕτω.

2169 1189 2274 1243 Δύο
2304 1188 2516 1252 τούτοις
2549 1189 2808 1241 ἑκάστοτε
2838 1188 3046 1258 μερίζω
3073 1190 3167 1243 τὸν
3192 1188 3406 1260 χρόνον,
3424 1189 3643 1258 παιδιᾷ,
3675 1189 3769 1241 καὶ

2173 1279 2399 1348 σπουδῇ.
2449 1278 2559 1330 Kal
2595 1276 2909 1340 σπουδάζων
2948 1277 3075 1340 ἴδιός
3132 1279 3267 1348 είμι.
3302 1277 3540 1347 μάλιστά
3591 1293 3658 1345 γε
3701 1277 3768 1330 τὰ

2168 1368 2312 1422 θεῖα.
2343 1370 2453 1422 Καὶ
2508 1368 2738 1431 παίζων,
2796 1368 3123 1431 κοινότατος.
3176 1364 3349 1421 Οἶσθα
3380 1366 3488 1438 γὰρ
3528 1368 3609 1430 ὡς
3638 1369 3767 1422 ὅταν

2168 1462 2431 1532 ἀνακύψω
2456 1461 2563 1515 τῶν
2586 1460 2833 1531 βιϐλίων,
2868 1461 3173 1533 ἐπιρρεπής
3216 1463 3333 1530 εἰμι
3371 1461 3507 1530 πρὸς
3542 1460 3766 1514 ἃπασαν

2171 1554 2410 1607 παιδιάν.
2453 1552 2744 1622 Πολιτικῆς
2787 1552 2844 1605 δὲ
2879 1552 3161 1623 φροντίδος
3194 1551 3411 1623 ἀμοιρῶ
3443 1551 3541 1605 καὶ
3579 1551 3762 1620 φύσει,

2169 1646 2265 1697 καὶ
2297 1643 2515 1716 μελέτῃ.
2552 1645 2656 1696 Τὸν
2690 1644 2752 1695 δὲ
2791 1642 2961 1714 ἱερέα,
2999 1644 3168 1715 ἄνδρα
3211 1643 3292 1697 δεῖ
3323 1644 3438 1713 (16)
3474 1643 3765 1697 θεσπέσιον

460 1734 658 1789 ιιίιιοιιι
685 1732 991 1802 distinguo,
1020 1731 1150 1787 ludo
1178 1740 1339 1800 atque
1365 1732 1583 1786 studiis.
1610 1734 1687 1784 Ac
1714 1744 1840 1785 cum
1873 1731 1926 1784 in
1950 1739 2065 1784 stu-

2169 1732 2327 1799 εἷναι,
2363 1736 2421 1789 ὃν
2440 1754 2501 1805 γε
2534 1738 2670 1810 πρὸς
2697 1738 2795 1807 μέν
2839 1736 3060 1790 παιδιὰν
3090 1736 3325 1802 ἃπασαν,
3362 1737 3453 1789 ίσα
3480 1736 3587 1790 καὶ
3624 1734 3762 1806 Θεῷ,

485 1823 597 1878 diis
623 1838 886 1893 occupor,
917 1830 1031 1876 tum
1074 1822 1206 1876 mihi
1239 1821 1333 1876 uni
1363 1822 1581 1877 deditus
1626 1837 1770 1889 sum,
1821 1824 1876 1876 in
1931 1821 2067 1876 divi-

460 1914 577 1969 mis
615 1914 943 1984 prresertim.
970 1912 1028 1967 In
1063 1912 1300 1968 ludendo
1324 1927 1456 1967 vero
1510 1914 1747 1968 maxime
1786 1929 1907 1967 sum
1946 1927 2067 1966 om-

2170 1828 2488 1898 ἀμείλικτον
2512 1825 2651 1882 εἶναι
2680 1830 2785 1900 χρὴ
2813 1843 2826 1857 °
2850 1828 2907 1891 ὃς
2932 1829 3019 1882 ἵνα
3042 1832 3184 1899 τηρῇ
3214 1830 3315 1898 τὴν
3345 1827 3633 1892 ὑπόθεσιν,
3660 1827 3767 1881 ὑπὸ

2172 1919 2383 1990 μυρίων
2439 1920 2703 1990 ὀμμάτων
2762 1923 3080 1992 φρουρεῖται
3107 1938 3121 1951 ·
3173 1914 3249 1974 ὧν
3283 1920 3436 1974 οὐδὲν
3482 1921 3518 1991 ἢ
3568 1920 3765 1992 μικρὸν

460 2007 655 2062 ιιιίὺυε
683 2006 988 2076 expositus.
1022 2005 1145 2059 Seis
1172 2005 1316 2060 enim
1346 2020 1454 2069 me,
1484 2019 1608 2058 cum
1637 2020 1667 2058 a
1700 2005 1854 2060 libris
1878 2004 2065 2059 oculos

2169 2007 2381 2076 δερελος,
2416 2012 2466 2062 εί
2508 2012 2580 2079 μή
2616 2026 2700 2072 τις
2749 2010 2833 2079 εἴη
2875 2010 3381 2079 κατεσκευασμένος
3419 2010 3658 2074 σύννους
3700 2027 3760 2065 τε

460 2099 736 2167 οινορονὶ,
771 2100 838 2153 ad
868 2113 1029 2153 omne
1060 2097 1313 2152 ludorum
1342 2112 1514 2167 genus
1537 2112 1661 2152 esse
1709 2110 2064 2166 propensum.

462 2188 883 2260 Civilis-porro
925 2204 1074 2244 curae
1104 2204 1167 2243 ac
1218 2187 1608 2244 sollicitudinis
1655 2195 1711 2240 ct
1767 2197 1963 2240 natura
2016 2194 2071 2240 et

487 2282 675 2339 studio
696 2297 817 2336 sum
853 2296 1080 2352 prorsus
1106 2295 1325 2350 expers.
1368 2281 1437 2332 At
1465 2281 1788 2349 episcopum
1821 2279 2067 2334 divinum

462 2390 615 2438 :esse
646 2375 923 2430 hominem
960 2383 1213 2445 oportet;
1268 2380 1458 2442 utpote
1487 2374 1577 2442 qui
1634 2373 1704 2426 ab
1736 2373 1887 2426 omni
1940 2372 2070 2426 ludo

458 2482 749 2537 .peraeque
769 2481 834 2520 ac
858 2466 998 2522 Deus
1030 2466 1165 2535 ipse,
1202 2465 1416 2521 alienus
1467 2473 1522 2519 et
1548 2464 1902 2519 inexorabilis
1947 2480 2070 2520 esse

494 2556 723 2612 debeat:
756 2558 848 2627 qui
888 2572 1000 2626 quo
1033 2557 1159 2623 vita:
1189 2571 1302 2611 suae
1346 2556 1684 2625 propositum
1739 2565 1946 2621 teneat,
2001 2556 2072 2611 ab

464 2706 473 2719 τ
489 2648 984 2704 innumerabilibus
1000 2647 1176 2703 oculis
1191 2645 1521 2711 custoditur;
1540 2661 1774 2714 quorum
1790 2656 1882 2699 aut
1897 2646 2069 2711 nulla,

486 2748 585 2796 aut
601 2739 893 2811 perexigua
914 2739 1122 2794 utilitas
1148 2747 1253 2804 est,
1268 2737 1374 2793 nisi
1400 2736 1473 2790 ita
1493 2737 1757 2793 sitlactus
1776 2738 2069 2807 quispiam,

490 2840 550 2886 ut
583 2831 652 2886 ad
679 2831 998 2886 maestitiam
1028 2831 1103 2886 sit
1127 2829 1489 2899 compositus,
1519 2838 1571 2883 et
1603 2828 1671 2882 ad
1699 2830 1902 2883 nullam
1965 2843 2066 2882 vo-

464 2925 758 2992 luptatem
797 2921 1020 2992 infringi
1083 2931 1246 2991 atque
1270 2919 1499 2975 emolliri
1532 2922 1722 2988 possit.
1762 2918 1819 2974 In
1859 2920 1927 2976 iis
1974 2935 2071 2973 an-

488 3022 595 3068 tem
620 3028 740 3083 quae
765 3012 832 3066 ad
867 3011 1033 3066 Deum
1063 3012 1356 3080 pertinent,
1380 3027 1488 3065 non
1515 3010 1682 3083 248
1723 3011 1814 3067 ille
1841 3012 1945 3067 sibi
1977 3011 2070 3067 uni

491 3115 721 3166 vacans,
753 3101 849 3155 sed
888 3100 1378 3156 communissimus
1408 3102 1651 3155 omnium
1684 3116 1807 3157 esse
1850 3100 2066 3166 debeat,

495 3200 554 3245 ut
584 3191 680 3261 qui
712 3192 891 3260 legum
919 3191 1112 3246 doctor
1140 3192 1233 3256 sit,
1264 3201 1317 3246 et
1359 3208 1482 3262 quae
1510 3191 1722 3263 legibus
1777 3205 2071 3249 consenta-

476 3297 598 3341 .nea
661 3292 792 3337 sunt
828 3283 1107 3354 loquatur.
1171 3283 1408 3339 Necesse
1441 3300 1570 3339 vero
1596 3292 1683 3339 est
1722 3285 1899 3354 ipsum
1957 3296 2068 3339 tam

491 3374 663 3429 multa
692 3388 860 3429 unum
885 3373 1101 3443 negotia
1137 3375 1434 3437 sustinere.
1475 3392 1638 3446 quam
1681 3378 1848 3430 multa
1887 3377 2069 3432 czeteri

490 3464 660 3521 simul
701 3480 913 3520 omnes.
954 3463 1105 3520 Unus
1135 3465 1281 3519 enim
1323 3481 1447 3537 quae
1489 3467 1736 3520 omnium
1778 3475 1903 3522 sunt
1954 3467 2070 3521 elli-

489 3572 617 3612 cere
642 3556 804 3612 debet
830 3596 844 3620 ,
878 3564 975 3611 aut
1007 3558 1486 3613 criminationibus
1514 3558 1771 3612 omnibus
1800 3558 2069 3612 obnoxius

490 3649 563 3706 sit
595 3656 835 3719 Oportet.
857 3647 1144 3715 Quomodo
1175 3649 1342 3721 igitur
1376 3665 1485 3704 non
1516 3651 1755 3723 ingentis
1780 3649 2067 3721 cujusdam

476 3732 543 3795 ἐι
577 3739 1026 3812 praestantissimi
1053 3740 1159 3794 erit
1191 3741 1384 3807 animi,
1419 3747 1625 3794 tantam
1662 3755 1919 3793 curarum
1959 3754 2069 3791 ino-

489 3834 596 3889 lem
624 3834 945 3906 pondusque
973 3832 1267 3896 sustinere,
1313 3846 1414 3886 nec
1446 3833 1515 3887 iis
1549 3838 1783 3886 mentem
1812 3831 2066 3894 obruere.

494 3940 595 3978 nec
624 3922 675 3977 in
711 3922 897 3978 animo
924 3922 1248 3977 restinctam
1282 3921 1521 3976 divinam
1554 3921 1875 3991 particulam
1900 3919 2067 3990 negli-

489 4030 639 4085 gere,
670 4029 795 4068 cum
833 4014 1016 4086 ipsum
1059 4022 1212 4068 tanta
1247 4011 1552 4066 studiorum
1596 4014 1835 4067 varietas
1873 4011 2069 4065 distra-

490 4106 669 4161 xerit?
715 4104 825 4161 Nec
876 4122 968 4160 me
1000 4106 1263 4176 prmterit,
1323 4103 1437 4158 ﬁeri
1473 4102 1621 4157 istud
1670 4104 1738 4156 ab
1794 4103 2068 4172 aliquibus

488 4213 693 4271 posse,
726 4206 779 4253 et
815 4197 1131 4252 istiusmodi
1164 4196 1375 4250 felicem
1420 4194 1655 4249 indolem
1692 4194 1930 4264 przcdico
1953 4236 1966 4259 ,
2003 4209 2066 4249 ac

488 4290 667 4358 rcipsa
702 4289 917 4343 divinos
945 4289 1068 4342 illos
1086 4301 1207 4342 esse
1240 4286 1388 4341 viros
1420 4302 1642 4352 censeo,
1678 4302 1819 4355 quos
1841 4285 2064 4341 assidua

2171 2098 2265 2150 καὶ
2302 2098 2437 2169 πρὸς
2461 2098 2677 2152 ἃπασαν
2722 2099 3100 2169 γλυκυθυμίαν
3147 2101 3447 2162 ἀνενδοτος.
3494 2099 3585 2153 Τὰ
3623 2100 3762 2169 δέγε

2171 2189 2306 2260 πρὸς
2349 2189 2440 2242 τὸν
2489 2190 2642 2252 Θεὸν,
2697 2191 2799 2243 οὐκ
2830 2190 2896 2243 ἂν
2934 2190 3086 2255 ἴδιος,
3119 2191 3256 2244 ἀλλά
3300 2193 3621 2255 κοινότατος
3654 2192 3761 2260 alii}.

2170 2280 2623 2350 νομοδιδάσκαλος
2670 2282 2767 2346 ὢν,
2798 2283 2892 2335 καὶ
2940 2284 3304 2353 νενομισμένα
3363 2283 3759 2354 φθεγγόμενος.

2170 2371 2293 2443 Χρὴ
2320 2371 2379 2425 δὲ
2400 2372 2561 2425 αὑτὸν
2615 2373 2710 2425 καὶ
2743 2374 3046 2443 πράγματα
3076 2374 3360 2445 πράττειν,
3399 2374 3502 2426 ὅσα
3560 2375 3760 2435 πάντες

2164 2465 2310 2536 sua.
2353 2463 2436 2517 Τὰ
2460 2466 2571 2536 γὰρ
2599 2465 2855 2518 ἁπάντων
2880 2466 3039 2535 μόνον
3069 2466 3151 2519 δεῖ
3173 2467 3456 2538 πράττειν,
3485 2465 3523 2537 ἢ
3565 2467 3761 2528 πάσαις

2170 2558 2373 2621 αἰτίαις
2399 2556 2694 2627 ἐνέχεσθαι.
2732 2557 2852 2621 Πῶς
2878 2552 2970 2611 οὖν
2989 2558 3090 2611 ούκ
3110 2558 3195 2627 εἴη
3224 2556 3564 2628 εὐμεγέθους
3584 2557 3759 2627 ψυχῆς

2172 2646 2268 2700 καλ⁵
2295 2645 2617 2717 κρατίστης,
2669 2646 2892 2712 ἐνέγκαι
2941 2646 3195 2700 τοσοῦτον
3238 2646 3402 2714 ὄγκον
3429 2646 3753 2716 φροντίδων,

2172 2737 2266 2789 καὶ
2297 2737 2373 2807 μὴ
2400 2734 2737 2789 κατακλύσαι
2768 2736 2857 2789 τὸν
2886 2736 3033 2801 νοῦν,
3067 2738 3162 2791 καὶ
3192 2736 3266 2807 μὴ
3294 2735 3758 2791 κατασϐεσθεῐσαν

2172 2830 2232 2883 ἐν
2264 2829 2334 2899 τῇ
2372 2828 2519 2899 ψυχῇ
2569 2829 2830 2898 περιῖδεῑν
2876 2830 2976 2902 τὴν
3036 2833 3231 2901 μοῖραν
3261 2829 3361 2900 τὴν
3400 2829 3580 2896 θείαν,
3624 2829 3761 2883 οὕτω

2173 2920 2529 2973 παντοδαπῶν
2562 2920 3010 2990 ἐπιτηδευμάτων
3054 2922 3452 2989 ἀπαγαγόντων
3668 2923 3759 2975 ἀπ-

2173 3010 2440 3083 αγόντων]
2469 3012 2672 3077 αύτόν;
2724 3010 2796 3066 Εὖ
2845 3010 2963 3066 οἶδα
2999 3014 3080 3069 ὅτι
3110 3012 3333 3067 δυνατὸν
3361 3014 3528 3078 ἐνίοις
3570 3014 3755 3068 τοῦτο·

2172 3101 2269 3155 καὶ
2291 3101 2582 3171 μακαρίζω
2596 3102 2707 3164 κτὰς
2740 3100 2931 3169 φύσεις
2959 3100 3173 3166 αὐτῶν,
3223 3101 3509 3164 κάκείνους
3540 3102 3755 3172 άληθῶς

2170 3184 2307 3243 εἶναι
2359 3190 2599 3261 ἡγοῦμαι
2655 3193 2781 3253 τοὺς
2828 3189 3006 3252 θείους
3058 3191 3298 3263 ἄοιδραςο
3338 3190 3513 3253 οὒςτδ
3550 3191 3753 3262 ὁμιλεῖν

2170 3281 2312 3335 πάνυ
2334 3281 2651 3355 πράγμασιν
2668 3281 3027 3352 ἀνθρωπίνοις
3051 3278 3449 3353 μὴοάποκόπτει
3465 3281 3566 3337 τοῦ
3591 3283 3747 3336 θείου.

2182 3374 2343 3429 Ἀ).λά
2391 3376 2485 3429 καὶ
2538 3374 2702 3428 αὑτὸν
2762 3374 2876 3445 [γρ.
2938 3375 3197 3448 ἐμαυτὸν]
3249 3370 3367 3428 οῖδα
3412 3376 3493 3438 εἰς
3534 3375 3667 3430 ἄστυ
3693 3389 3748 3427 τε

2171 3467 2446 3526 κατιόντα.
2481 3468 2575 3521 καὶ
2616 3467 2710 3520 ἀπ’
2743 3467 2935 3530 ἄστεος
2972 3466 3221 3525 ἀνιόντα.
3255 3467 3349 3519 καὶ
3379 3466 3746 3536 ἐνειλούμενον

2168 3562 2281 3623 τοῖς
2309 3559 2445 3631 πρὸς
2478 3558 2547 3611 τά
2594 3560 2772 3629 γεώδη
2831 3558 3154 3628 μεθέλκουσι
3356 3576 3424 3629 με
3464 3559 3632 3630 Ehe],
3659 3557 3744 3611 καὶ

2170 3635 2625 3722 ἐμπιμπλάμενον
2671 3650 2905 3720 κηλῖδος,
2941 3650 3042 3704 οὐκ
3081 3648 3148 3703 ἂν
3179 3650 3323 3704 εἴποι
3351 3666 3435 3713 τις
3476 3650 3629 3721 ὅσης.
3663 3646 3743 3716 Τῷ

2168 3744 2279 3813 γάρ
2306 3744 2538 3808 οἰκείους
2573 3740 2713 3797 εἶναί
2754 3760 2843 3813 μοι
2873 3743 2967 3795 καὶ
2990 3743 3157 3795 πάλαι
3185 3741 3515 3812 μολυσμοὺς,
3569 3741 3657 3796 καὶ
3690 3739 3743 3793 τὸ

2167 3832 2330 3904 τυχὸν
2363 3834 2528 3905 μέρφς
2562 3833 2947 3902 ἐπιγενόμενον
2978 3834 3058 3896 είς
3091 3831 3408 3903 προσθήκην
3436 3831 3584 3903 μέγα
3619 3846 3742 3899 συμ-

2169 3925 2443 3979 ϐάλλεται.
2489 3925 2675 3995 Ῥώμη
2727 3923 2771 3978 δ’
2807 3925 2906 3977 οὐκ
2945 3925 3060 3979 ἔστι
3111 3941 3222 3995 μοι,
3269 3924 3362 3978 καὶ
3404 3925 3595 3978 τᾶνδον
3635 3921 3738 3995 [πρ.

2166 4018 2236 4071 τά
2260 4034 2320 4069 τε
2349 4016 2521 4089 ἔνδον]
2557 4018 2657 4086 οὐχ
2682 4017 2832 4086 ὑγιῆ,
2865 4015 2958 4069 καὶ
2988 4016 3123 4085 πρὸς
3150 4016 3216 4068 τὸ
3246 4015 3401 4078 ἐκτὸς
3435 4016 3626 4087 ἀρκεῖν
3653 4012 3737 4082 οὐχ

2167 4102 2277 4169 οἷὸς
2301 4106 2360 4161 τέ
2392 4109 2527 4177 είμι,
2560 4108 2654 4160 καὶ
2700 4106 2893 4161 πολλοῦ
2926 4106 3029 4159 δέω
3087 4106 3185 4175 τὴν
3222 4108 3285 4157 ἐκ
3313 4104 3406 4158 τοῦ
3452 4104 3737 4164 συνειδότος

2168 4198 2352 4267 φέρειν
2381 4198 2555 4251 ἀνίαν.
2584 4199 2692 4251 Kal.
2732 4199 2922 4261 ὁσάκις
2957 4198 3020 4250 ἄν
3052 4197 3118 4267 μέ
3149 4214 3232 4260 τις
3268 4196 3445 4268 ἔροιτο
3628 4197 3737 4265 ἔρῃ.

2167 4287 2502 4361 ται],λέγειν
2540 4288 2836 4361 διαρρήδην
2881 4289 2981 4342 οὐκ
3010 4288 3331 4358 ἀναδύομαι,
3373 4288 3449 4350 ὠς
3473 4289 3567 4341 τὸν
3604 4285 3736 4355 ίτρέσ

484 4379 848 4432 humanarum
871 4394 1055 4432 rerum
1097 4379 1353 4431 tractatio
1387 4392 1416 4429 a
1451 4377 1633 4430 divina
1663 4375 2065 4431 consuetudine

2169 4378 2256 4432 διὰ
2286 4377 2522 4433 πάντων.
2580 4379 2934 4449 Ἀκηλίδωτον
2972 4374 3108 4430 εἶναι
3158 4380 3424 4450 προσήκει
3466 4375 3642 4446 πολλῷ
3670 4372 3735 4443 τῷ

484 4478 820 4525 nmiavocet.
853 4468 961 4523 Sed
990 4484 1091 4541 ego
1121 4469 1387 4538 meipsum
1420 4468 1661 4536 intelligo
1691 4477 1745 4522 et
1776 4469 1840 4523 ad
1875 4470 2064 4525 urbem

2173 4470 2434 4543 περιόντι,
2462 4468 2536 4533 ὡς
2565 4470 2654 4522 καὶ
2676 4470 2899 4540 ἑτέρους
2920 4469 3027 4525 τῶν
3051 4470 3373 4541 μιασμάτων
3394 4469 3730 4523 ἐκπλύνοντα.

474 4560 842 4623 δυεωιιύειό,
895 4569 949 4615 ct
1003 4562 1070 4615 ab
1133 4566 1269 4615 urhe
1321 4559 1623 4616 ascendere
1651 4563 1849 4625 solere,
1891 4563 2065 4632 iisque

480 4636 943 4723 rebusimplicari
981 4670 1101 4725 quae
1146 4654 1212 4708 ad
1274 4664 1489 4709 terrena
1548 4663 1601 4709 et
1653 4654 1837 4708 inﬁma
1886 4656 2065 4710 detra-

476 4728 656 4811 lia.:t,
685 4742 737 4801 et
769 4752 990 4815 quantis
1025 4760 1186 4800 nemo
1211 4746 1412 4799 dixerit
1443 4744 1701 4801 sordibus
1761 4745 2061 4816 inquinari.

483 4824 617 4891 Nam
651 4838 717 4892 ad
759 4838 962 4908 ipsum,
1009 4835 1154 4907 quod
1196 4838 1421 4906 privata:
1452 4836 1585 4891 mihi
1645 4846 1700 4891 et
1747 4838 2061 4891 inveteratae

484 4928 635 4983 lahcs
673 4927 1017 4990 inoleverint,
1053 4925 1315 4997 quidquid
1344 4927 1425 4981 vel
1457 4927 1744 4980 minimum
1783 4926 2056 4996 adjectum

483 5018 671 5084 luerit,
705 5019 1200 5074 cumulatissimam
1231 5018 1607 5073 accessionem
1661 5017 1810 5073 facit.
1871 5016 2058 5073 Robur

482 5110 664 5164 autem
695 5110 907 5166 nullum
936 5109 1066 5163 mihi
1091 5118 1209 5177 est;
1237 5123 1336 5163 nec
1364 5122 1485 5179 quae
1520 5108 1669 5165 intus
1707 5116 1835 5163 sunt
1899 5106 2052 5163 lli-ma

2171 4562 2401 4617 Κάκείνο
2430 4562 2512 4616 δεῖ
2540 4566 2820 4633 προσεῖναι
2858 4568 2969 4627 τοῖς
3011 4564 3144 4634 πρὸς
3194 4564 3285 4616 τὸν
3314 4563 3545 4630 ἀδελφὸν
3571 4560 3730 4632 γράμ-

2170 4669 2324 4721 μασι.
2358 4652 2579 4714 Πάντως
2602 4651 2657 4704 δὲ
2686 4651 3091 4719 ἁναγνὼσονται
3118 4650 3410 4721 συχνοὶτὴν
3436 4646 3728 4715 ἐπιστολήν.

2170 4743 2277 4796 Καὶ
2306 4741 2415 4813 γάρ
2450 4742 2548 4812 οὐχ
2571 4742 2773 4812 ἥκιστα
2790 4742 2977 4795 τούτου
3001 4743 3159 4813 χάριν
3177 4741 3345 4812 αὐτὴν
3374 4741 3729 4812 ὑπηγόρευσα,

2165 4832 2260 4887 τοῦ
2294 4835 2427 4887 πᾶσι
2454 4834 2764 4902 καταφανὲς
2811 4830 2951 4886 εἶναι
2987 4833 3123 4904 (4⁸7),
3158 4833 3217 4885 τὸ
3252 4833 3489 4903 πρᾶγμα
3523 4826 3728 4891 δεδιώς*

2165 4925 2240 4988 ὼς
2272 4925 2300 4977 ὃ
2335 4942 2386 4976 τι
2425 4924 2491 4978 ἂν
2521 4923 2723 4995 ἀποϐῇ.
2749 4927 2841 4978 καὶ
2873 4925 3007 4996 πρὸς
3042 4924 3200 4989 θεοῦ,
3234 4926 3330 4978 καὶ
3368 4925 3505 4997 πρὸς
3534 4918 3729 4991 ἀνθρώ·

2164 5032 2283 5069 πων
2336 5015 2579 5079 ἀναίτιος
2634 5010 2699 5081 ὦ,
2754 5017 2849 5069 καὶ
2878 5018 2976 5088 οὐχ
2996 5017 3195 5087 ἥκιστα
3233 5016 3367 5086 πρὸς
3399 5014 3493 5070 τοῦ
3544 5011 3730 5082 πατρὸς

2162 5105 2443 5177 Θεοφίλου.
2480 5106 2659 5171 Τιθεὶς
2699 5107 2805 5180 γὰρ
2860 5110 2914 5161 ἐν
2966 5108 3115 5179 μέσῳ
3144 5107 3316 5178 τάμά,
3365 5108 3458 5161 καὶ
3484 5106 3649 5165 διδοὺς
3678 5097 3729 5165 ἐξ

1681 5276 1863 5334 DlON.
1904 5278 2180 5336 PETAVll
2217 5277 2452 5337 ΝΟΤᾸΞ.

550 5440 662 5510 (46)
698 5439 888 5510 me
920 5437 1291 5510 Ispéadrdpa
1322 5434 1428 5510 δεῖ.
1454 5434 1649 5510 Isidor.
1686 5431 2056 5510 Pel_us._lib.At,

476 5504 569 5576 ep;
598 5504 703 5565 5l9
738 5527 751 5564 :
796 5508 857 5563 Et
885 5504 1054 5571 τύπος
1084 5507 1259 5576 ἱερεὺς
1283 5506 1375 5559 τοῦ
1403 5505 1675 5573 ποιμνίου,
1703 5506 1797 5557 καὶ
1823 5504 1937 5573 φῶς
1961 5505 2060 5576 τῆς

487 5574 812 5648 Ἐκκλησίας
836 5574 1268 5648 ὠνομάσθη,ᾲκαὶ
1284 5577 1540 5648 ὑπάρχει,
1562 5576 1776 5648 ἀνάγκη
1800 5578 1915 5648 τοῖς
1939 5574 2062 5645 ἤθε-

479 5659 560 5696 σιν
582 5646 745 5715 αὑτοῦ
771 5646 1235 5715 συνεκτυποῦσθαι
1256 5647 1315 5698 τὸ
1347 5648 1615 5715 ὑπήκοον,
1650 5646 1728 5707 ὡς
1759 5646 2057 5715 σημάντρῳ

479 5713 663 5780 κηρόν.
698 5717 759 5767 El
789 5717 967 5767 τοίνυν
1007 5715 1124 5781 φῶς
1152 5711 1287 5767 εἰναι
1319 5711 1517 5784 βούλει,
1545 5713 1689 5782 μίσει
1720 5711 2047 5786 caveam;

2169 5437 2379 5511 πελίαν,
2413 5439 2508 5511 κα)
2533 5437 2629 5511 τὴν
2660 5438 2962 5511 περιφοράν
2988 5438 3081 5511 τοῦ
3110 5438 3365 5511 γέλωτος.

2240 5507 2353 5580 (47)
2399 5509 2510 5563 Τοῦ
2549 5506 2697 5565 πᾶσι
2733 5506 3072 5579 καταφανὲς
3097 5506 3272 5563 εἶναι.
3305 5507 3466 5580 Forte
3493 5518 3723 5580 καταφα-

2165 5578 2285 5648 νής.
2318 5585 2375 5633 ut
2409 5593 2599 5635 omnes
2640 5578 2969 5652 intelligant,
3008 5594 3093 5635 me
3127 5595 3241 5634 rem
3273 5579 3419 5633 illam
3452 5578 3722 5648 perhorre-

2166 5662 2339 5703 scere.
