3986 6158
278 316 426 377 ηδε)

276 633 386 690 que
429 616 499 672 ab
546 613 850 684 episcopali
895 611 1096 669 ordine
1156 603 1467 676 deponendi

278 716 686 782 comparentur,
744 721 904 779 nugae
954 709 1085 762 sunt
1123 714 1310 756 merae.
1357 694 1660 751 Veritatem
1710 687 1859 768 enim
1900 682 2021 738 scio
2089 677 2161 732 De

280 766 444 871 caput
475 809 627 855 tuum
662 766 936 868 juro,vet,
988 792 1135 865 quod
1168 805 1234 846 eo
1264 787 1395 842 mihi
1442 766 1730 852 antiquius
1797 781 1903 839 est,
1946 786 2046 844 per
2082 766 2336 822 veritatis

280 1078 391 1140 bat,
429 1073 518 1129 cui
550 1072 672 1143 ejus
698 1079 944 1143 potestas
975 1084 1005 1124 a
1037 1067 1147 1123 Deo
1184 1062 1484 1121 commissa
1519 1066 1605 1114 est
1645 1072 1661 1112 :
1697 1052 1887 1109 cedam
1928 1041 2286 1106 necessitati,
2342 1054 2407 1093 ac
2459 1045 2723 1108 tanquam

1557 1165 1588 1205 ο
1617 1166 1631 1202 :
1663 1148 1709 1203 si
1775 1141 1906 1213 quid
1978 1136 2112 1191 mihi
2160 1103 2604 1202 autvimperntor
2651 1121 2954 1197 praecipiat,
3000 1122 3097 1172 aut
3145 1112 3334 1168 infelix
3371 1103 3561 1162 nescio

1941 1234 2304 1303 btemperem.
2332 1225 2444 1282 Deo
2472 1231 2654 1279 autem
2687 1224 2887 1290 sponte
2932 1204 3422 1282 obtemperantium
3456 1206 3557 1257 est.

284 1181 398 1221 ram
438 1165 723 1236 accipiam.
758 1160 837 1215 lta
862 1161 1008 1217 enim
1045 1158 1188 1229 apud
1211 1172 1298 1211 me
1327 1152 1549 1210 existim

279 1260 407 1328 quis
436 1257 788 1329 Augustalis,
822 1268 1018 1326 pmnas
1053 1252 1241 1323 utique
1269 1251 1415 1312 dem,
1451 1246 1560 1303 nisi
1590 1237 1869 1297 mandatis
1905 1250 1938 1291 ο

1424 285 1813 353 ΕΡΙδΤΟΙηΕ.
1840 311 1910 324 -
1949 275 2172 337 EPIST.
2214 271 2395 335 CVIII.

2166 692 2198 732 ο
2241 670 2516 744 imprimis
2558 674 2838 737 acceptam
2866 677 3011 718 esse.
3057 657 3134 712 Ac
3199 667 3296 727 per
3339 661 3562 707 sacrum

2400 734 2708 833 praesidem
2740 755 2933 815 Deum,
2980 747 3207 804 moleste
3236 742 3291 797 id
3342 734 3562 809 quidem

1984 861 2097 917 liud
2138 862 2263 914 vita:
2314 869 2491 928 genus
2539 850 2852 921 demigrare
2908 854 3136 898 necesse
3163 834 3275 892 sit?
3343 827 3454 885 Sed
3515 825 3560 879 si

2019 953 2127 1007 ime
2161 947 2311 1015 volo,
2368 946 2426 1001 in
2457 943 2841 1016 episcOporum
2888 945 3179 990 numerum
3237 939 3339 983 nos
3391 917 3565 975 ascrio

2777 1027 3050 1085 divinitus
3113 1020 3351 1077 oblatam
3392 1022 3563 1069 tesse—

281 1299 407 1328 ,νη
436 1299 788 1329 ....,..υ......,,
824 1299 1017 1326 νη.--
1054 1299 1240 1323 ..-ηιη
1452 1299 1478 1303 _,
1523 1299 1532 1301 -
2097 1299 2113 1303 _

281 1351 437 1418 Quod
468 1353 516 1408 si
546 1350 877 1408 administro
908 1364 996 1405 me
1030 1348 1110 1403 uti
1146 1345 1388 1400 noluerit
1434 1340 1615 1402 Deus,
1655 1335 1739 1390 vel
1778 1334 1901 1404 ipso
1935 1327 2123 1385 statim
2164 1324 2325 1381 initio
2361 1323 2637 1377 bonorum
2673 1314 2921 1370 omnium
2964 1311 3125 1378 longe
3156 1299 3561 1361 divinissimum

2393 1414 2404 1418 _
2680 1408 2692 1418 .
2878 1404 2913 1418 ι.
3047 1415 3089 1418 __
3124 1396 3323 1418 ι--ε--....
3364 1398 3442 1418 -..ο
3504 1389 3560 1418 In

283 1389 437 1418 κων..
468 1389 516 1408 ς..
546 1389 876 1408 ..........σ..ν
908 1389 996 1405 ...ν
1032 1389 1110 1403 υ..
1147 1389 1386 1400 ..ω-ν..-
1437 1389 1579 1396 -νη
1602 1389 1615 1402 .
1698 1389 1709 1390 κ
1802 1389 1819 1404 .

283 1444 592 1499 adamanda
650 1445 858 1499 veritas
904 1450 990 1498 est
1044 1440 1228 1512 potius
1289 1451 1455 1510 quam
1507 1439 1569 1488 nt
1645 1424 1927 1485 contraria
2003 1419 2245 1474 maxime
2301 1414 2541 1479 ratione,
2604 1404 2917 1478 cujusmodi
2979 1396 3325 1456 mendacium
3358 1398 3469 1458 est,
3504 1389 3562 1446 in

2057 1510 2066 1512 _
2132 1510 2140 1512 Α
2240 1507 2251 1512 -
2295 1504 2308 1512 .
2378 1505 2389 1512 .
2434 1502 2455 1512 ι
2495 1504 2548 1512 ...
2670 1507 2680 1512 -
2849 1503 2863 1512 .
2909 1494 2968 1512 ,λ
3005 1492 3155 1512 εη--...
3194 1483 3544 1512 ..η-ι’,ι-η-ιιηιι

284 1531 608 1589 famulatum
642 1533 793 1589 illius
820 1483 1082 1604 irrepamr.
1116 1483 1484 1596 Quamobrem
1512 1537 1645 1579 cura
1685 1483 1744 1575 ut
1783 1517 1900 1572 haec
1932 1526 1964 1567 a
1990 1504 2346 1566 scholasticis
2378 1502 2779 1584 intelligantur,
2814 1503 2869 1553 et
2905 1494 2972 1549 ad
3004 1492 3158 1547 illum
3194 1483 3560 1559 perferantur.

807 1646 1160 1702 summa
1199 1642 1340 1713 PC,".

924 1738 1010 1804 Τῷ
1048 1736 1233 1803 αὐτῷ.

365 1832 611 1904 Ἠρόμην
633 1832 696 1886 τδ
729 1829 1012 1904 μειράκιον
1051 1830 1193 1901 ὑπὲρ
1223 1828 1318 1881 τοῦ
1365 1826 1599 1896 σιλφίου,
1645 1823 1872 1893 πότερον

283 1923 394 1981 ἀπὸ
420 1925 694 1998 γεωργίας
724 1925 808 1979 σοὶ
836 1924 1078 1993 γέγονεν,
1110 1922 1144 1994 ἢ
1173 1922 1345 1993 δῶρον
1377 1917 1583 1983 λαϐὼν,
1623 1915 1748 1969 ἔθου
1782 1928 1874 1984 με·

289 2016 408 2089 ρίδα
438 2015 628 2088 κάμοί.
672 2014 785 2069 Καὶ
829 2014 965 2084 δῆτα
997 2011 1186 2083 μαθὼν
1234 2009 1312 2075 ὡς
1342 2009 1404 2064 τδ
1439 2003 1873 2074 σπουδαζόμενον

286 2105 393 2160 ὑπὸ
425 2104 521 2158 σοῦ
550 2104 751 2176 κηπίον
775 2104 914 2175 πρὸς
957 2102 1130 2157 ἅπασι
1172 2101 1269 2155 καὶ
1307 2097 1496 2152 τοῦτον
1528 2095 1753 2167 ὶκόμισε
1782 2092 1872 2146 τὸν

287 2197 520 2269 καρπὸν,
545 2196 720 2268 ἥσθην
746 2195 930 2266 διπλῇ,
953 2192 1032 2263 τῷ
1058 2210 1119 2245 τε
1146 2191 1333 2246 κάλλει
1354 2189 1448 2245 τοῦ
1488 2187 1744 2260 λαχάνου,
1776 2184 1872 2238 καὶ¹

283 2292 353 2362 τῇ
387 2291 545 2360 φήμῃ
576 2285 670 2354 τοῦ
690 2287 880 2341 τόπου.
916 2286 1104 2340 Ὀναιο
1143 2282 1238 2337 τοῦ
1294 2281 1587 2353 παμφόρου
1630 2277 1830 2350 χωρίου
1853 2292 1867 2306 '

288 2381 384 2435 καὶ
416 2380 636 2452 μήτεσὺ
672 2379 868 2451 κάμοις
905 2377 1186 2433 ἐπαντλῶν
1230 2377 1350 2438 ταῖς
1400 2371 1686 2443 φιλτάταις
1727 2385 1870 2439 πρα-

291 2476 464 2537 σιαῖς
494 2473 619 2545 μήτ’
656 2471 861 2526 ἐκεῖναί
893 2487 1023 2524 ποτε
1054 2468 1192 2539 πρὸς
1214 2466 1313 2531 τὰς
1335 2465 1530 2526 ὠδῖνας
1559 2458 1874 2531 ἀπαγορεύω

289 2585 464 2633 σειαν,
496 2567 565 2622 ἵν’
590 2570 722 2639 ἔχῃς
765 2564 928 2629 αὐτός
961 2581 1024 2618 τε
1068 2560 1334 2635 χρῆσθαι,
1359 2559 1455 2613 καὶ
1483 2559 1614 2630 ἡμῖν
1639 2551 1874 2625 διαπέμ-

289 2671 414 2709 πειν
444 2656 546 2710 ὅσα
561 2654 819 2729 φέρουσιν
848 2646 1012 2726 ὧραι.

825 2925 1178 2983 ΕΠΙΣΤΟΔΗ
1217 2924 1338 2978 ΡΖ⁸.

936 3017 1021 3085 Τῷ
1055 3015 1239 3083 αὐτῷ.

373 3124 537 3189 Ἥδὺς
568 3118 619 3178 εἴ
645 3119 871 3177 κωλύων
898 3117 1040 3188 ἡμᾶς
1058 3110 1199 3167 ὅπλα
1220 3103 1750 3171 κατασκευάζεσθαι,
1772 3101 1880 3155 τῶν

293 3216 571 3287 πολεμίων
625 3213 722 3285 μὶν
770 3208 1096 3280 ἐπεχόντων,
1129 3203 1226 3258 καὶ
1255 3201 1408 3255 λείαν
1441 3197 1659 3252 ἅπαντα
1698 3209 1883 3248 ποιου-

296 3281 608 3375 ι.σ.ιξνιιον,καὶ⁵
625 3281 1078 3371 άποσφαττὸντων
1107 3292 1376 3364 ὁσημέραι
1392 3288 1597 3358 δήμους
1628 3281 1879 3356 ἁθρόους,

295 3369 645 3468 στρατιωτῶν
671 3395 733 3450 δὲ
760 3369 862 3448 οὐκ
892 3392 1085 3453 όντων,
1113 3386 1256 3440 ὥστε
1293 3384 1389 3437 καὶ
1418 3376 1724 3451 φαίνεσθαι.
1748 3369 1884 3429 Εῐτα

292 3489 468 3554 λέξεις
490 3488 567 3551 ὡς
592 3487 694 3541 οὐκ
738 3483 861 3549 ἐξὸν
913 3481 1128 3543 ἰδιώτας
1178 3473 1503 3548 ἀνθρώπους
1535 3467 1879 3538 ὁπλοφορεῖν,

294 3579 661 3650 ἀποθνήσκειν
689 3578 746 3631 δὲ
769 3575 912 3641 ὲξὺν,
942 3574 1102 3644 εἰπερ
1136 3570 1231 3624 καὶ
1275 3569 1310 3639 ή
1352 3561 1600 3619 πολιτεία
1627 3556 1886 3632 χαλεπαί-

295 3687 376 3724 νει
407 3645 521 3742 [γρ.
556 3663 900 3740 χαλεπαίνοι]
933 3663 1011 3733 τῷ
1040 3657 1367 3730 πειρωμένῳ
1404 3650 1708 3716 σώζεσθαις
1744 3645 1884 3700 ’Δλλ’

295 3765 344 3816 εὶ
371 3737 536 3833 μηδὲν
561 3737 699 3814 ⁷ἄλλο
727 3752 994 3828 κερδανῶ,
1013 3753 1075 3806 τὸ
1105 3749 1237 3820 γοῦν
1264 3749 1392 3811 τοὺς
1409 3745 1609 3815 νόμους
1629 3737 1887 3811 γενέσθαι

298 3830 523 3924 κυρίους
547 3849 671 3904 ἀντὶ
687 3845 894 3901 τούτων
911 3844 1020 3898 τῶν
1038 3840 1372 3913 ἀλαστόρων.
1392 3836 1505 3890 Καὶ
1525 3833 1691 3887 πόσου
1713 3830 1887 3891 δοκεῖς

295 3944 456 4000 τοῦτο
474 3941 744 4015 τιμῶμαι,
779 3938 943 3993 πάλιν
970 3935 1193 4006 εἰρήνην
1242 3931 1390 3996 ἰδεῖν,
1422 3928 1515 3982 καὶ
1547 3925 1701 3996 βῆμα
1729 3936 1889 3975 κεκο-

300 4013 602 4109 σμημένον,
650 4034 745 4088 καὶ
795 4032 1016 4100 κήρυκα
1051 4026 1210 4097 σιγὴν
1240 4023 1636 4085 ἑπιτάττοντα;
1678 4013 1890 4070 Αὐτίκα

297 4105 576 4197 τεθναίην,
638 4124 701 4178 τὸ
758 4120 975 4195 πρῶτον
1027 4119 1215 4191 σχῆμα
1241 4116 1345 4187 τῆς
1394 4110 1654 4183 πατρίδος
1684 4105 1888 4162 άπολα-

300 4216 523 4288 δούσης.

844 4399 1195 4456 ΕΠιΣΤΟΛΗ
1234 4397 1360 4449 Pll'.

950 4491 1034 4557 Τῷ
1061 4488 1245 4556 αὐτῷ.

386 4589 543 4660 Ἐμοὶ
590 4588 780 4658 λόγχαι
834 4585 933 4654 μὲν
967 4583 1066 4655 ἤδη
1122 4580 1382 4650 γεγόνασι
1427 4574 1759 4646 τριακόσιαι,
1801 4573 1895 4625 καὶ

302 4681 523 4744 κοπίδες
543 4678 807 4733 τοσαῦται
835 4674 948 4745 (52)
976 4690 991 4705 ο
1032 4673 1160 4742 ξίφη
1199 4670 1256 4725 δὲ
1303 4669 1535 4740 ἀμφήκη
1568 4667 1663 4720 καὶ
1695 4663 1891 4735 πρότε-

305 4786 399 4840 ρον
428 4763 496 4839 ἦν
527 4767 588 4821 ού
614 4764 786 4819 πλείω
821 4763 929 4818 τῶν
958 4762 1111 4817 δέκα.
1131 4761 1268 4830 Παρ*
1295 4761 1429 4831 ἡμῖν
1458 4758 1514 4810 δὲ
1543 4757 1602 4809 ού
1631 4753 1894 4825 χαλκεύε·

301 4880 396 4917 ται
415 4861 482 4915 τὰ
511 4861 654 4914 πάνυ
679 4857 940 4930 προμήκη
971 4854 1143 4908 ταῦτα
1176 4851 1413 4921 σιδήρια.
1450 4847 1590 4901 Ἀλλ’
1611 4843 1762 4916 οἶμαι
1793 4845 1893 4908 τὰς

304 4950 532 5013 κοπίδας
567 4946 1044 5019 ἐρρωμενέστερον
1076 4940 1369 5012 ἐμϐάλλειν
1398 4941 1511 5002 τοῖς
1542 4937 1653 4991 τῶν
1683 4937 1895 4989 ἀντιτε-

305 5036 594 5106 ταγμένων
631 5032 868 5104 σώμασι.
911 5029 1134 5093 Τούτοις
1161 5024 1254 5083 οὖν
1288 5026 1624 5099 χρησόμεθα.
1661 5026 1724 5079 El
1754 5040 1892 5094 χρη-

307 5127 462 5180 στέον
481 5126 558 5189 δὲ,
589 5124 685 5177 καὶ
705 5122 942 5195 κορύνας
981 5120 1197 5191 ἕξομεν.
1246 5117 1469 5187 Ἀγαθοὶ
1508 5117 1565 5169 δὲ
1602 5119 1650 5169 oi
1689 5113 1892 5168 κότινοι

305 5220 440 5290 παρ’
472 5220 626 5289 ἡμῖν.
666 5215 860 5278 Ἐνίοις
887 5215 943 5267 δὲ
976 5213 1135 5284 ἡμῶν
1175 5213 1281 5265 είσι
1313 5211 1405 5265 καὶ
1439 5209 1689 5272 πελέκεις
1712 5207 1892 5279 ἑτερό-

308 5328 498 5383 στομοι
527 5311 656 5383 περὶ
682 5311 782 5382 τὴν
817 5307 993 5377 ζώνην
1027 5306 1264 5376 ἑκάστῳ,
1303 5300 1384 5368 οἷς
1416 5304 1515 5367 τὰς
1539 5302 1773 5366 ἀσπίδας
1799 5301 1897 5354 αὑ-

2519 1615 2861 1676 EPISTOLA
2896 1610 3031 1668 CVI.

2494 1767 2505 1776 ,
2669 1709 2882 1765 Eidem.

2046 1812 2120 1870 De
2156 1809 2447 1881 laserpitio
2473 1807 2540 1863 ab
2580 1803 2928 1861 adolescente
2961 1793 3212 1868 quaesivi,
3237 1789 3396 1862 251
3432 1801 3565 1846 num

1973 1921 2040 1963 ex
2082 1904 2301 1959 cultura
2357 1899 2457 1954 tibi
2516 1895 2893 1968 provenisset;
2939 1903 3010 1944 an
3069 1900 3136 1942 eo
3182 1882 3283 1939 tibi
3339 1891 3585 1936 munere

1973 1997 2108 2053 dato
2133 2003 2350 2068 partem
2379 1992 2512 2048 mihi
2549 1986 2921 2061 seposuisses.
2958 1980 3271 2048 Statimque
3314 1979 3376 2029 ut
3408 1970 3581 2027 intele.

1973 2089 2105 2157 lesi,
2132 2061 2416 2143 bortulum
2441 2083 2596 2139 illum
2626 2089 2805 2143 tuum,
2833 2076 3001 2146 cujus
3023 2078 3312 2140 tantopere
3346 2061 3564 2122 studioc

1975 2197 2073 2239 sus
2116 2197 2200 2242 es,
2252 2186 2452 2250 praeter
2504 2175 2613 2230 alia
2663 2172 2873 2235 omnia,
2926 2168 3074 2223 hunc
3118 2162 3286 2218 etiam
3324 2157 3564 2213 fructum

1975 2243 2278 2334 attulisse,
2308 2266 2605 2338 dupliciter
2633 2262 2859 2334 gavisus
2899 2271 3048 2320 sum,
3079 2267 3207 2307 cum
3250 2247 3415 2304 oleris
3445 2243 3568 2317 pul-

1975 2361 2315 2426 chritudine,
2353 2367 2466 2415 tum
2514 2356 2618 2412 loci
2670 2354 2819 2409 illius
2857 2350 3024 2406 fama.
3061 2344 3239 2402 Macte
3286 2347 3407 2397 esto
3456 2346 3566 2393 tam

1977 2458 2144 2517 fertili
2183 2465 2351 2522 atque
2383 2453 2537 2510 uberi
2570 2451 2815 2523 praedio:
2852 2461 2955 2502 nec
2994 2449 3053 2499 tu
3085 2450 3329 2510 unquam
3357 2429 3571 2488 cbaris~

1977 2553 2150 2610 simas
2184 2549 2400 2605 areolas
2436 2545 2674 2617 irrigans
2714 2538 3000 2613 fatigeris;
3033 2547 3135 2590 nec
3174 2531 3278 2586 illae
3306 2526 3375 2583 ad
3417 2523 3568 2595 ejus-

1978 2641 2129 2699 modi
2161 2648 2356 2712 partus
2400 2637 2562 2691 lassae
2614 2644 2857 2703 unquam
2906 2624 3194 2695 ell‘etaeque
3237 2618 3373 2683 sint,
3403 2622 3467 2671 ut
3513 2620 3571 2669 et

1979 2731 2157 2788 utaris
2187 2731 2329 2800 ipse,
2364 2735 2419 2783 et
2459 2725 2531 2781 ad
2582 2739 2687 2780 nos
2715 2721 2932 2779 mittere
2978 2716 3187 2790 possis,
3224 2720 3570 2785 quacunque

1979 2807 2338 2894 tempestates
2382 2820 2586 2875 ferunt.

2512 2906 2861 2966 EPISTOLA
2890 2902 3049 2962 CVII.

2678 2998 2866 3055 Eidem
2882 3036 2901 3055 .

2054 3098 2346 3156 Jucundus
2365 3113 2450 3162 es,
2474 3109 2602 3150 cum
2627 3108 2731 3148 nos
2751 3103 2903 3145 arma
2928 3098 3252 3158 comparare
3272 3077 3534 3153 prohibes
3550 3091 3575 3142 ;

1985 3189 2241 3245 hostibus
2273 3188 2379 3243 late
2411 3184 2601 3240 omnia
2631 3178 2972 3243 tenentibus,
3022 3173 3324 3242 omniaque
3353 3167 3566 3238 depra-

1986 3280 2271 3341 dantibus,
2307 3284 2473 3345 atque
2506 3274 2563 3328 in
2590 3271 2710 3326 dies
2743 3269 2989 3338 integros
3018 3262 3255 3334 populos
3276 3252 3571 3329 jugulanti.

1986 3371 2114 3436 bus,
2139 3385 2264 3425 cum
2286 3381 2467 3437 neque
2498 3363 2659 3419 miles
2686 3361 2835 3416 ullus
2859 3357 3021 3419 adsit,
3054 3352 3151 3423 qui
3173 3349 3392 3420 quidem
3423 3356 3577 3400 com-

1987 3469 2195 3535 pareat.
2230 3458 2365 3524 Quae
2397 3470 2525 3511 cum
2578 3456 2654 3509 ita
2688 3454 2821 3515 sint,
2858 3457 3118 3503 tamenne
3146 3443 3312 3499 licere
3346 3434 3574 3506 negabis

1987 3551 2220 3624 privatis
2250 3546 2565 3604 hominibus
2591 3557 2745 3598 arma
2774 3541 2922 3597 ferre
2958 3537 2983 3589 ?
3012 3533 3152 3591 Mori
3185 3537 3366 3586 autem
3408 3525 3575 3580 licere

1989 3647 2167 3709 dices,
2202 3642 2252 3698 si
2299 3641 2372 3697 iis
2418 3639 2514 3710 qui
2563 3634 2728 3691 saluti
2761 3647 2877 3690 sum
2909 3628 3222 3688 consulant,
3250 3634 3401 3692 resp.
3443 3631 3574 3673 suc-

1989 3706 2259 3794 censeat?
2286 3706 2494 3787 Vernm
2525 3728 2573 3784 si
2607 3724 2746 3782 nihil
2782 3722 2957 3790 aliud,
2992 3720 3100 3775 hoc
3120 3716 3316 3773 saltem
3349 3706 3577 3766 lucrifa-

1990 3831 2156 3894 ciam,
2190 3833 2251 3884 ut
2288 3838 2389 3895 pro
2434 3815 2796 3878 exsecrandis
2849 3814 2959 3869 illis
3013 3807 3263 3882 pestibus
3324 3804 3472 3874 leges
3508 3812 3576 3857 an.

1986 3918 2113 3992 jura
2143 3892 2514 3972 dominentur.
2542 3906 2754 3976 Quanti
2783 3918 2914 3960 vero
2949 3900 3098 3959 istud
3131 3912 3164 3953 a
3192 3910 3280 3958 me
3309 3892 3428 3949 fieri
3470 3905 3575 3960 pu-

1990 3988 2099 4076 tas,
2130 4022 2325 4082 pacem
2373 4012 2436 4060 ut
2465 4014 2689 4058 rursum
2745 3998 2982 4064 videam,
3019 3988 3265 4049 tribunal
3291 3991 3577 4045 ornatum,

1992 4114 2049 4165 et
2080 4077 2389 4177 praeconem
2420 4096 2703 4153 silentium
2739 4084 3120 4150 indicentem?
3143 4077 3432 4149 Extemplo
3460 4085 3577 4129 mo-

1994 4169 2130 4262 riar,
2159 4192 2254 4250 ubi
2284 4188 2524 4263 primum
2569 4185 2862 4259 pristinam
2908 4180 3145 4236 formam
3191 4169 3373 4244 patria
3420 4179 3581 4224 recu-

1996 4287 2225 4362 perarit.

2066 4564 2206 4620 Mihi
2237 4563 2351 4634 jam
2383 4565 2643 4617 trecentae
2664 4554 2875 4608 lancem
2896 4544 3180 4602 fabricatae
3207 4544 3357 4602 sunt,
3384 4543 3441 4591 et
3470 4545 3581 4588 ma-

1997 4658 2193 4713 chara;
2238 4630 2513 4716 totidem;
2554 4644 2826 4715 ancipites
2875 4652 3010 4695 vero
3058 4631 3225 4707 gladii
3250 4630 3363 4701 jam
3418 4631 3580 4681 antea

1999 4760 2109 4800 non
2140 4745 2326 4815 plures
2353 4741 2546 4796 decem
2580 4735 2755 4791 fuere.
2780 4728 2942 4802 Apud
2976 4741 3078 4782 nos
3128 4729 3310 4778 autem
3345 4717 3580 4785 oblonga

1997 4838 2101 4895 ista
2132 4836 2466 4891 ferramenta
2501 4845 2612 4887 non
2641 4825 2948 4882 cuduntur.
2984 4817 3096 4874 Sed
3125 4813 3426 4870 machmras
3457 4807 3579 4879 θρῖα

1999 4949 2101 4989 nor
2133 4930 2369 4989 validius
2404 4929 2463 4984 in
2503 4938 2738 4996 corpora
2760 4919 3003 4977 hostium
3032 4910 3374 4969 incumbere.
3399 4906 3580 4972 Quare

1998 5026 2066 5081 iis
2099 5031 2341 5080 utemur.
2374 5023 2554 5091 Atque
2574 5017 2740 5072 etiam
2782 5012 2828 5068 si
2865 5011 2933 5066 iis
2960 5022 3101 5078 opus
3139 5005 3245 5065 sit,
3275 5000 3461 5081 clavas
3479 4996 3579 5051 ha-

1998 5076 2273 5171 bebimus.
2301 5076 2506 5184 Optimi
2537 5108 2688 5164 enim
2709 5111 2842 5162 sunt
2872 5076 3014 5173 apud
3042 5113 3146 5154 nos
3174 5076 3419 5151 oleastri.
3447 5088 3581 5154 Qui-

2002 5209 2127 5263 dam
2164 5215 2422 5261 nostrum
2448 5215 2672 5258 secures
2690 5197 2897 5253 habent
2926 5194 2982 5248 in
3002 5204 3141 5248 zona
3176 5184 3377 5255 singuli
3410 5181 3581 5236 altera

2006 5307 2222 5356 tantum
2254 5303 2448 5352 acutas
2480 5302 2667 5365 parte;
2690 5286 2899 5360 quibus
2922 5296 3112 5341 eortun
3147 5285 3307 5336 scuta
3350 5272 3584 5331 tunden-

1556 5445 1736 5500 DION.
1781 5443 2059 5501 PETAVII
2104 5440 2311 5499 ΝΟΤίΕ
2324 5485 2335 5497 .

311 5569 427 5628 nio.
451 5585 513 5623 ac
542 5568 699 5623 bouis
734 5567 946 5622 artibus
965 5566 1287 5620 exercitato.
1314 5561 1464 5618 Hier.
1488 5560 1584 5614 lib.
1610 5559 1681 5613 De
1710 5559 1893 5628 script.

308 5642 493 5693 eccles.
526 5642 583 5693 in
630 5637 912 5707 Serapione
941 5653 958 5690 :
992 5637 1098 5703 Qui
1137 5635 1199 5707 οὑ
1240 5632 1559 5707 elegantiam
1588 5630 1785 5707 ingenii
1812 5645 1897 5707 ρο-

310 5700 877 5789 ῃξιοιηειειδείιοίιιξμσὶ
907 5700 1118 5789 meruit.
1146 5705 1223 5789 De
1248 5700 1349 5758 hac
1369 5702 1750 5789 appellatione
1774 5700 1895 5769 plu-

311 5771 470 5835 ribus
495 5778 738 5853 disputat
759 5776 1083 5835 Rosweidus
1107 5785 1293 5834 noster
1317 5773 1384 5831 ad
1418 5771 1564 5828 Vitas
1595 5771 1845 5827 Patrum.

2074 5556 2188 5625 (5‘2)
2229 5553 2340 5609 Kal
2391 5550 2636 5625 κοπίδες
2684 5544 2991 5625 τοσαῦται.
3042 5533 3408 5625 Curtius
3437 5544 3583 5615 vnn:

2005 5603 2449 5696 σδιῖίῖίεὶἷρὶαήι
2470 5603 2697 5696 gladios
2736 5616 2914 5696 leuiter
2942 5618 3207 5670 curvatas,
3248 5604 3479 5675 falcibus
3507 5603 3585 5658 Ii-

2005 5687 2178 5766 mites,
2209 5694 2355 5769 queis
2385 5687 2693 5762 appetebant
2730 5687 3023 5742 bellicarum
3049 5692 3257 5734 manus.
