3986 6158
494 278 620 333 ιεθι

1564 287 1834 343 εγΝεειι
1876 287 2341 349 PTOLEMAIDIS
2385 292 2693 351 EPISCOPI

3595 293 3705 352 ιιή

489 409 572 456 tes
602 415 760 468 aequo
787 401 1075 458 nobiscum
1109 402 1279 458 Marte
1328 403 1614 463 decertare
1656 425 1939 480 cogemus,
1968 412 2060 481 qui

2176 412 2276 465 τῶν
2312 413 2641 483 ἁλοὴσαντες
2693 427 2752 465 ιν
2806 415 2906 482 ἴσῳ
2960 426 3228 483 στησομεν
3262 412 3451 473 αὐτοὺς
3494 412 3539 464 ei
3574 414 3707 482 μηδὲν

488 495 701 548 nullum
735 508 1012 548 armorum
1046 496 1447 552 munimentum
1483 498 1770 556 habemus.
1806 501 2063 558 Praelium

487 594 667 639 autem
694 626 708 649 ,
742 593 1010 654 quantum
1061 589 1320 658 coniicio,
1357 591 1625 659 postridie
1662 586 2063 650 committetur.

486 674 620 735 Nam
652 691 775 733 cum
810 676 1053 731 hostium
1090 678 1317 749 quidam
1350 681 1404 734 in
1442 683 1819 752 speculatores
1844 693 2065 740 nostros

487 767 835 831 incidissent,
872 769 1118 840 totisque
1179 771 1394 827 viribus
1436 772 1669 828 insecuti
1728 786 1936 839 essent,
1971 777 2065 831 ubi

486 862 790 917 velociores
815 878 910 917 eos
944 878 1088 929 esse,
1121 878 1284 934 quam
1334 874 1391 918 ut
1440 866 1562 936 capi
1614 876 1860 937 possent.
1899 883 2067 938 agno-

484 960 682 1011 verunt
708 994 724 1018 ,
762 955 1081 1009 renuntiare
1112 956 1607 1024 nobisjusserunt,
1636 976 1756 1029 qua:
1784 960 2071 1028 jucundis—

486 1043 624 1100 sima
672 1042 835 1117 252
870 1054 1044 1110 sunt;
1078 1046 1124 1100 si
1172 1048 1433 1102 nimirum
1468 1065 1578 1103 non
1625 1052 1862 1120 amplius
1905 1052 2068 1105 ober-

485 1134 720 1189 randum
751 1135 914 1190 nobis
941 1136 1069 1199 erit,
1124 1137 1189 1191 ad
1226 1153 1320 1192 eos
1373 1139 1627 1195 homines
1685 1140 2064 1209 vestigandos,

486 1230 580 1298 qui
610 1225 667 1280 in
696 1233 884 1282 vastas
914 1226 1251 1280 continentis
1276 1229 1528 1298 regiones
1560 1231 1817 1285 subeunt.
1847 1230 2064 1285 Manere

485 1316 633 1369 enim
684 1330 809 1371 sese
846 1317 1125 1381 dixerunt,
1164 1319 1411 1387 velleqne
1467 1302 1819 1390 cognoscere,
1877 1322 2068 1390 enjus-

485 1408 634 1465 ntodi
665 1408 886 1465 tandem
926 1408 1178 1465 homines
1218 1410 1416 1475 simus,
1469 1414 1559 1482 qui
1601 1419 1679 1465 tot
1728 1412 1941 1466 dierum
1983 1414 2071 1467 iti-

486 1517 622 1556 nere
654 1501 725 1558 ab
774 1502 980 1556 nostris
1028 1502 1254 1559 sedibus
1293 1504 1542 1559 abstrahi
1584 1521 1690 1558 non
1735 1505 2072 1560 dubitaveri-

487 1609 630 1657 nms,
665 1604 722 1649 ut
756 1609 881 1648 cum
916 1594 1193 1651 bellicosis
1234 1594 1552 1652 hominibus
1590 1612 1787 1652 manus
1815 1614 2073 1653 consere-—

490 1700 717 1750 remus;
754 1686 848 1754 qui
890 1688 1138 1757 palantes
1174 1703 1237 1741 ac
1270 1689 1540 1759 segregati
1594 1690 1804 1753 vivunt,
1848 1690 2072 1745 eadem-

2167 504 2380 575 ἔχοντες
2419 505 2601 559 ὃπλων
2655 504 2964 574 πρόϐλημα.
3003 504 3064 556 Ὀ
3094 503 3148 555 δὲ
3194 502 3362 573 ἀγὼν,
3394 501 3465 567 ὼς
3505 504 3705 565 circium,

2165 602 2264 673 τῆς
2289 600 2597 671 ὐστεραίας.
2647 600 2773 663 Τοῖς
2804 599 2913 669 γὰρ
2954 599 3174 652 σκοποῖς
3203 596 3360 667 ἡμῶν
3408 598 3704 667 προεντυχὸν-

2167 708 2256 757 τες
2278 690 2409 745 ἔνιοι
2436 690 2545 744 τῶν
2571 690 2869 761 πολεμίων,
2900 691 2992 742 καὶ
3015 689 3303 753 διώξαντες
3329 690 3622 760 ἁνακράτος,
3648 691 3707 753 ὡς

2168 781 2411 853 ἔγνωσαν
2439 783 2718 853 κρείττους
2769 782 2926 843 ὄντας
2974 782 3006 848 ἢ
3050 779 3276 840 ἁλῶναι,
3322 780 3592 831 ἐκέλευσαν
3633 782 3702 848 ἀγ-

2166 876 2380 943 γέλλειν
2407 878 2539 944 ἡμῖν
2566 875 2701 928 ἄττα
2731 875 2925 943 ἣδιστα
2946 890 2960 903 °
3004 874 3052 924 εί
3106 872 3304 951 μηκέτι
3345 871 3514 940 δεήσει
3552 872 3709 925 πλανῶ

2170 964 2315 1026 σθαι,
2370 965 2674 1036 ζητοῦντας
2731 964 3071 1035 ἀνθρώπους
3117 962 3462 1032 ἐνδυομένους
3522 963 3712 1033 ἠπείρου
3778 1031 3789 1040 ι

2169 1060 2368 1130 πλάτη.
2428 1060 2628 1113 Μένειν
2657 1057 2765 1129 γὰρ
2816 1057 3045 1127 ἔφασαν,
3087 1058 3181 1109 καὶ
3221 1054 3422 1108 ἐθέλειν
3473 1055 3637 1124 μαθεῖν
3655 1055 3708 1106 οἴ-

2168 1169 2313 1214 τινες
2364 1151 2516 1214 ὄντες
2566 1150 2790 1222 ἡμερῶν
2846 1148 3115 1201 τοσούτων
3147 1147 3266 1200 ὁδὸν
3316 1146 3609 1199 ἀποσπάσαι
3636 1147 3713 1216 τῆς

2170 1245 2353 1315 χώρας
2411 1242 2817 1325 ἐτολμήσαμεν,
2872 1240 2958 1310 ἐφ’
3008 1233 3053 1307 ᾧ
3106 1239 3373 1310 συμμίξαι
3411 1238 3712 1308 πολεμισταῖς

2170 1333 2477 1404 ἀνθρώποις
2509 1333 2622 1403 βίον
2653 1332 2788 1395 ζῶσι
2817 1332 3133 1403 νομαδικὸν,
3167 1331 3263 1384 καὶ
3289 1331 3356 1383 τὰ
3377 1332 3452 1393 εἰς
3484 1329 3715 1382 πολιτείαν

2170 1424 2313 1478 οὕτω
2329 1424 2858 1495 καταστησαμένοις.
2874 1423 3064 1494 ὥσπερ
3081 1424 3244 1494 ἡμεῖς
3265 1423 3333 1475 τὰ
3355 1423 3442 1474 ἐπὶ
3467 1420 3557 1490 τῆς
3586 1437 3715 1490 στρα-

2169 1519 2312 1581 τιᾶς.
2345 1517 2430 1580 Ὡς
2464 1513 2557 1570 οὖν
2595 1515 2785 1589 αὗριον
2816 1517 2912 1569 σὺν
2956 1514 3076 1585 Θεῷ
3113 1515 3245 1578 τοὺς
3296 1513 3573 1583 πολεμίους
3594 1512 3716 1581 νική-

2174 1620 2303 1666 σων,
2334 1602 2400 1656 ἂν
2439 1602 2623 1673 μέντοι
2652 1604 2748 1676 δὲῃ
2771 1603 2955 1666 πάλιν,
2990 1605 3234 1674 νικήσων
3260 1603 3448 1673 (μηδὲν
3465 1602 3564 1672 γὰρ
3581 1600 3713 1654 ἀπαί-

2177 1711 2291 1746 σιον
2322 1693 2711 1763 φθεγξαίμην),
2731 1694 3058 1763 ἐπισκήπτω
3081 1700 3163 1747 σοι
3185 1692 3298 1746 τῶν
3320 1693 3538 1747 παιδίων
3561 1694 3716 1762 smpe-

486 1792 597 1846 que
632 1779 769 1847 reip.
802 1778 1001 1846 forma,
1024 1795 1131 1850 qua
1165 1796 1266 1835 nos
1306 1781 1682 1849 expeditionis
1715 1790 1881 1851 atque
1911 1798 2070 1836 exer-

2176 1783 2422 1853 ληθῆναι.
2450 1785 2722 1856 Προσήκει
2743 1785 2800 1837 δὲ
2845 1785 2960 1839 ὄντι
2991 1783 3122 1855 θείῳ
3166 1786 3252 1848 εἰς
3276 1784 3411 1838 αὐτὰ
3444 1783 3717 1854 ἀπομνημο-

488 1872 656 1930 citus,
694 1878 944 1924 utuntur.
965 1869 1139 1941 Igitur
1161 1878 1422 1940 tanquam
1455 1871 1699 1925 crastina
1728 1871 1816 1925 die
1848 1871 2070 1927 favente

2178 1872 2364 1926 νεῦσαι
2393 1872 2490 1943 τὴν
2522 1874 2701 1943 χάριν.

490 1958 600 2014 Deo
640 1961 824 2017 hostes
848 1968 1245 2032 superaturus;
1285 1972 1401 2027 aut,
1429 1962 1475 2017 si
1517 1963 1593 2017 ita
1627 1972 1810 2018 tamen
1866 1964 2097 2020 necesse
2132 1966 2223 2028 sit,
2262 1981 2485 2020 rursum
2536 1975 2905 2036 superaturus
2943 1965 3125 2035 (nihil
3161 1965 3312 2022 enim
3353 1965 3486 2019 male
3521 1964 3717 2018 ominari

491 2052 651 2107 velim
673 2050 716 2121 ),
749 2052 1048 2108 liberorum
1086 2068 1335 2109 meorum
1362 2068 1553 2108 curam
1591 2064 1700 2108 tua:
1741 2054 1864 2111 ﬁdei
1914 2056 2260 2112 commendo.
2294 2056 2371 2112 Te
2398 2059 2569 2122 enim,
2616 2058 2712 2127 qui
2771 2070 3002 2129 patruus
3049 2057 3150 2122 sis,
3200 2073 3336 2114 mea:
3368 2058 3507 2129 apud
3541 2066 3588 2114 te
3619 2073 3722 2128 gra-

491 2146 580 2202 tia:
618 2147 938 2201 memoriam
966 2147 1019 2202 in
1051 2162 1147 2203 eos
1183 2147 1486 2204 transferre
1515 2150 1798 2206 convenit.

1019 2242 1358 2299 EPISTULA
1404 2244 1540 2302 CIX.

1159 2337 1367 2393 Eidem.

570 2426 760 2498 Neque
798 2429 939 2484 asini
974 2431 1130 2492 mihi,
1182 2447 1361 2502 neque
1392 2433 1549 2497 muli,
1586 2442 1681 2489 aut
1729 2435 1857 2503 equi
1914 2435 2072 2505 cOpia

491 2526 599 2587 est,
626 2521 887 2576 omnibus
918 2523 983 2577 ad
1013 2523 1212 2593 pabula
1233 2524 1504 2586 dimissis.
1530 2526 1734 2596 quibus
1760 2526 1828 2580 ad
1864 2536 1917 2581 te
1944 2528 2076 2581 ami-

492 2610 779 2666 cissimum
811 2613 945 2667 mihi
980 2622 1143 2684 caput
1180 2630 1399 2685 possem
1434 2618 1789 2672 contendere.
1832 2617 2075 2674 Pedibus

492 2714 658 2767 porro
690 2701 795 2755 iter
830 2701 1013 2757 facere
1042 2704 1203 2772 plane
1253 2705 1477 2774 quidem
1508 2706 1757 2760 volebam
1788 2745 1802 2770 ,
1840 2721 1906 2761 ac
1961 2706 2077 2761 for-

493 2791 660 2845 tassis
676 2791 840 2845 etiam
874 2801 1143 2861 poteram;
1171 2793 1265 2849 sed
1290 2793 1586 2864 propinqui
1616 2795 2074 2850 committemlum

492 2883 642 2937 istud
687 2891 997 2953 negarunt,
1033 2898 1103 2938 ne
1151 2884 1219 2938 iis
1245 2885 1341 2955 qui
1389 2896 1745 2940 occurrerent
1793 2888 1965 2941 risum
2007 2888 2071 2943 de

494 2973 656 3028 nobis
703 2976 1095 3043 praeberemus.
1132 2975 1246 3031 Hos
1297 2977 1469 3040 enim,
1510 2978 1925 3047 qualescunque
1979 2980 2073 3033 de-

2714 2245 3065 2300 ΕΠΙΣΤΟΛΗ
3110 2245 3241 2299 ΡΘ’.

2823 2334 2911 2401 Τῷ
2945 2333 3126 2402 αὐτῷ.

2222 2454 2225 2457 π
2254 2431 2368 2485 Οΰκ
2400 2430 2541 2495 δνος,
2563 2431 2664 2501 οὐχ
2695 2429 2945 2499 ἡμίονος,
2973 2429 3075 2498 οὐχ
3105 2427 3280 2484 ἵππος
3312 2426 3425 2479 ἐστί
3455 2442 3559 2496 μοι,
3582 2423 3725 2479 ἀπάν-

2181 2542 2293 2579 των
2324 2523 2623 2592 ἀνειμένων
2645 2525 2725 2587 εἰς
2747 2521 2907 2584 πόαν,
2931 2516 3013 2585 οἷς
3036 2521 3389 2591 χρησάμενος
3410 2518 3472 2572 ἂν
3498 2514 3641 2588 ἦλθον
3657 2516 3722 2579 είς

2185 2634 2244 2671 σε
2268 2617 2365 2687 τὴν
2394 2616 2659 2686 φιλτάτην
2699 2632 2788 2686 μοι
2833 2614 3078 2684 κεφαλήν
3116 2612 3235 2684 [γρ.
3271 2614 3350 2676 είς
3396 2610 3487 2664 σοῦ
3512 2611 3600 2681 τῆς
3624 2607 3721 2678 φιλ·

2172 2711 2341 2781 τάτης
2374 2727 2464 2780 μοι
2495 2707 2776 2777 κεφαλῆςῙ.
2806 2706 3047 2771 Βαδίζειν
3073 2705 3132 2758 δὲ
3153 2706 3300 2760 πάνυ
3328 2705 3425 2780 μὲν
3448 2702 3718 2772 ἐϐουλόμην,

2172 2804 2266 2857 καὶ
2296 2802 2455 2872 τυχὸν
2478 2801 2760 2872 ἠδυνάμην
2783 2818 2798 2833 ·
2826 2801 2886 2852 οὐ
2920 2799 3025 2870 μὴν
3050 2798 3267 2868 ἔφασαν
3305 2800 3354 2851 οί
3398 2797 3720 2870 προσήκοντες

2172 2894 2282 2946 δεῖν
2302 2909 2315 2923 ·
2355 2891 2444 2946 ἵνα
2478 2892 2552 2963 μὴ
2579 2892 2827 2962 διατριϐὴ
2849 2892 2963 2954 τοῖς
2978 2890 3268 2944 ἀπαντῶσι
3297 2887 3591 2958 γενοίμεθα.
3608 2883 3718 2939 Teti-

2173 3003 2299 3049 τους
2322 2984 2451 3056 γὰρ,
2471 2986 2668 3047 οἵτινες
2699 2984 2764 3036 ἂν
2781 2977 2936 3046 ὦσιν,
2959 2982 3103 3036 οὕτω
3131 2983 3278 3038 πάνυ
3303 2981 3492 3051 σοφοὺς
3507 2980 3717 3050 ἥγηνται.

492 3077 643 3115 mum
683 3064 816 3125 sint.
849 3079 1025 3132 usque
1054 3066 1192 3120 adeo
1226 3068 1504 3136 sapientes
1535 3084 1659 3123 esse
1690 3078 1905 3137 putant,
1951 3080 2072 3125 tan-

2181 3075 2274 3127 καὶ
2306 3073 2560 3125 τοσοῦτον
2594 3072 2717 3126 νοῦν
2755 3073 2921 3142 ἔχειν,
2970 3073 3045 3134 ὼς
3082 3071 3320 3126 ἕκαστον
3350 3069 3515 3125 αὐτῶν
3537 3070 3721 3139 ἄμεινον

491 3163 656 3223 taque
687 3156 891 3211 mentis
920 3158 1164 3222 solertia,
1198 3169 1256 3213 ut
1292 3160 1678 3231 unusquisque
1714 3164 1911 3218 melius
1942 3165 2075 3232 quid

492 3257 582 3297 me
627 3245 838 3308 deceat,
877 3261 1042 3314 quam
1081 3261 1184 3317 ego
1246 3249 1384 3319 ipse,
1429 3250 1726 3319 pervideat.
1760 3252 1835 3304 Ita
1892 3253 2077 3307 multis

494 3349 597 3390 nos
639 3337 868 3392 arbitris
903 3338 1261 3402 devinciunt;
1301 3341 1398 3410 qui
1457 3359 1557 3397 nos
1599 3343 1882 3398 hominum
1918 3343 2077 3400 fatua

491 3427 1004 3500 existimationique
1040 3432 1250 3488 servire
1289 3443 1513 3504 cogunt.
1567 3433 1856 3491 Pervicere
1889 3446 2075 3493 autem

493 3536 605 3574 non
643 3519 994 3577 admonendo
1020 3523 1308 3590 duntaxat,
1339 3526 1435 3581 sed
1471 3527 1680 3596 majore
1700 3528 1938 3597 quadam
1979 3530 2078 3583 ad-

497 3614 669 3670 hibita
723 3615 798 3670 vi.
834 3616 1048 3687 Quippe
1107 3632 1233 3672 cum
1272 3634 1375 3690 ego
1410 3620 1814 3690 proﬁciscerer,
1854 3624 2080 3690 permit-

494 3716 610 3764 tere
648 3710 964 3773 noluerunt.
1017 3712 1111 3767 sed
1155 3729 1241 3768 me
1294 3713 1458 3783 pallio
1511 3724 1878 3770 retraxerunt.
1935 3716 2077 3781 Quid

495 3804 666 3876 igitur
695 3806 968 3875 reliquum
1001 3807 1128 3871 erit,
1165 3806 1274 3861 nisi
1310 3814 1369 3861 ut
1400 3809 1663 3862 vicariam
1699 3808 1803 3862 mei
1841 3808 1981 3862 hanc
2010 3808 2077 3862 ad

494 3905 549 3952 te
578 3898 866 3969 epistolam
902 3900 1200 3966 mitterem,
1232 3916 1341 3975 qua
1380 3899 1478 3954 tibi
1512 3901 1745 3955 salutem
1780 3900 2069 3969 impertio:

458 3976 463 3981 “
494 3998 608 4043 tum
638 3990 770 4043 illud
805 3992 902 4045 abs
930 4001 983 4045 te
1015 4006 1223 4061 quaero,
1260 3989 1523 4060 quidnam
1551 4004 1582 4044 e
1622 3989 1959 4045 Ptolomaide
1993 3991 2076 4044 al-

496 4083 665 4137 latum
694 4087 768 4139 sit
795 4102 809 4138 :
841 4092 1093 4140 recentes
1120 4085 1306 4138 nescio
1333 4088 1474 4154 quos
1490 4096 1773 4137 sermones
1808 4082 2074 4153 intelligo,

497 4190 638 4246 quos
671 4192 701 4229 e
738 4177 999 4245 pra-torio
1039 4184 1327 4246 reportare
1381 4184 1433 4229 te
1467 4174 1766 4228 verisimile
1792 4181 1897 4239 est,
1937 4188 2077 4242 prte-

496 4265 685 4320 sertim
724 4266 854 4335 quid
885 4267 954 4321 sit
990 4266 1123 4319 illud
1163 4267 1544 4338 pervulgatum
1578 4279 1842 4318 arcanum
1870 4281 1935 4319 ex
1969 4263 2079 4319 0c-

494 4357 728 4414 cidente.
773 4357 895 4412 Scis
922 4358 1068 4412 enim
1126 4372 1242 4413 mea
1276 4358 1566 4421 interesse,
1598 4357 1672 4411 ita
1742 4356 1966 4419 factum,
2003 4371 2071 4410 an

2186 3165 2252 3218 ἂν
2285 3164 2419 3235 ἐμοῦ
2452 3163 2754 3232 σκέψασθαι
2782 3163 3041 3233 περὶτῶν
3060 3164 3383 3232 πρεπόντων
3402 3161 3534 3229 ἐμοί.
3556 3155 3720 3210 Τοσού-

2174 3276 2282 3311 των
2314 3258 2459 3326 ἡμᾶς
2495 3254 2766 3326 ἐξαρτῶσι
2789 3255 3013 3325 κριτῶν,
3051 3257 3101 3308 οἱ
3138 3257 3281 3326 πρὸς
3325 3255 3475 3322 δόξαν
3517 3254 3604 3321 τὴν
3639 3249 3721 3312 ἔξω

2175 3349 2276 3420 ζῇν
2306 3347 2725 3415 ἀναγκάζοντες.
2761 3347 3152 3419 Περιεγένοντο
3178 3347 3241 3400 δὲ
3272 3348 3333 3400 οὐ
3375 3342 3715 3401 νουθετοῦντες.

2175 3436 2312 3494 ἀλλὰ
2374 3441 2467 3493 τὸν
2525 3438 2826 3510 βιαιότερον
2865 3441 3086 3510 τρόπον,
3137 3439 3335 3510 ἐπειδὴ
3375 3438 3603 3507 προῄειν,
3639 3433 3719 3485 οὐκ

2174 3534 2583 3603 ἐπιτρέποντες,
2618 3531 2732 3585 ἀλλ’
2764 3530 3297 3602 ἀντιλαμϐανόμενοι
3342 3530 3431 3584 τοῦ
3455 3524 3716 3600 τριδωνξουο

2174 3627 2240 3679 Τί
2279 3621 2369 3679 οὖν
2402 3625 2718 3691 ὑπόλοιπον,
2751 3624 2783 3695 ἢ
2813 3625 2911 3695 τὴν
2933 3625 3226 3695 ἐπιστολὴν
3252 3625 3364 3677 ἀντ’
3395 3621 3521 3693 ἐμοῦ
3552 3616 3717 3673 στεῖλαι

2175 3721 2311 3789 πρὸς
2345 3720 2443 3784 σέ;
2496 3719 2566 3771 δι’
2603 3714 2672 3791 ἧς
2701 3718 3020 3787 ἀσπάζομαί
3052 3718 3111 3772 τὲ
3145 3733 3242 3783 σε,
3295 3717 3387 3770 καὶ
3428 3713 3717 3780 πυνθάνομαι

2175 3810 2381 3864 τίνατὰ
2413 3810 2521 3864 ἀπὸ
2547 3811 2911 3880 Πτολεμαΐδος
2949 3809 3237 3879 ἀγώγιμα,
3295 3809 3479 3877 λόγους
3517 3802 3714 3861 κοινοὺς.

2179 3900 2274 3965 οὓς
2294 3903 2440 3965 εἰκός
2465 3920 2524 3955 σε
2577 3902 2829 3972 κομίζειν
2853 3901 2962 3956 ἀπὸ
2989 3900 3083 3955 τοῦ
3119 3901 3455 3972 στρατηγίου
3471 3916 3488 3932 ο
3531 3896 3614 3952 καὶ
3638 3892 3718 3964 μά-

2183 3991 2340 4044 λιστα
2374 3993 2426 4045 τί
2462 3992 2525 4045 τὸ
2553 3992 2950 4062 θρυλλούμενον
2986 3990 3300 4063 ἀπόρρητον
3339 3990 3442 4043 ἀπὸ
3470 3989 3560 4055 τῆς
3593 3980 3718 4038 ἐσπέ-

2181 4102 2300 4155 ρας.
2332 4081 2501 4138 Οἶσθα
2516 4085 2625 4156 γὰρ
2644 4087 2722 4139 ὅτι
2744 4085 2883 4139 πάνυ
2910 4101 3000 4155 μοι
3018 4084 3272 4154 διαφέρει
3297 4083 3569 4153 γενόμενον
3586 4075 3713 4130 οὕτω.

2181 4175 2276 4228 καὶ
2305 4176 2379 4246 μὴ
2403 4177 2712 4246 γενόμενον.
2734 4176 2796 4228 Εί
2825 4176 2924 4246 μέν
2950 4170 3044 4228 οὖν
3076 4173 3288 4228 ἕκαστα
3320 4172 3501 4242 σαφῶς
3530 4169 3718 4237 ἔχουσαν

2181 4265 2470 4337 ἐπιστολὴν
2518 4265 2846 4337 ἐκπέμψεις,
2869 4265 2977 4332 ἐξω
2996 4266 3134 4323 κατᾶ
3147 4263 3336 4338 χώραν
3351 4281 3365 4295 ο
3395 4265 3442 4316 si
3467 4262 3518 4315 δὲ
3536 4260 3621 4331 μὴ,
3646 4254 3716 4315 καὶ

2184 4358 2248 4411 σὺ
2283 4358 2471 4429 μέμψῃ
2506 4359 2634 4428 περὶ
2671 4355 2764 4410 τοῦ
2796 4356 3018 4428 δρόμου.

496 4468 659 4508 secus
693 4451 880 4507 fuerit.
925 4452 1113 4524 Itaque
1156 4455 1200 4508 si
1244 4453 1465 4523 quidem
1504 4453 1715 4509 litteras
1763 4452 1831 4506 ad
1900 4466 1986 4505 me
2017 4452 2309 4522 perspicua
2375 4454 2560 4507 oinnia
2622 4452 3006 4524 signiﬁcantes
3066 4452 3314 4519 miseris,
3360 4448 3607 4511 manebo;
3650 4439 3715 4497 sill

497 4548 701 4611 minus,
732 4553 790 4602 tu
825 4563 910 4601 me
943 4548 1059 4618 ipse
1082 4562 1304 4616 quoque
1327 4547 1393 4602 de
1420 4555 1682 4617 suscepto
1716 4544 1782 4599 ad
1824 4553 1876 4600 te
1904 4560 2073 4602 cursu
2097 4545 2484 4614 reprehendes.

1030 4640 1369 4697 EPISTOIA
1408 4640 1521 4703 CX.

1181 4735 1389 4790 Eidem.

562 4828 751 4886 Chilas
795 4829 940 4892 leno,
986 4844 1148 4899 quem
1184 4843 1214 4881 a
1263 4826 1456 4898 paucis
1483 4828 1723 4898 ignorari
1778 4843 1888 4898 prae
1942 4829 2078 4883 artis

496 4923 748 4981 claritate
788 4922 1087 4978 verisimile
1122 4929 1227 4977 est.
1261 4918 1421 4989 253
1454 4920 1665 4974 Etenim
1690 4919 2077 4975 Andromacha

499 5014 685 5078 mima,
744 5028 869 5090 quae
921 5012 1352 5083 pulchritudinis
1419 5013 1578 5066 laude
1637 5026 1750 5083 prie
1818 5009 2076 5065 omnibus

495 5106 676 5159 aetatis
718 5113 924 5160 nostra:
974 5104 1302 5159 mulieribus
1339 5104 1548 5166 floruit,
1587 5105 1654 5159 de
1688 5103 1810 5173 ejus
1849 5103 2078 5158 cohorte

500 5197 624 5251 t'uit.
658 5193 759 5250 ilic
789 5196 957 5267 igitur
1011 5212 1106 5266 per
1138 5194 1274 5249 adeo
1314 5197 1573 5267 praeclara
1606 5196 1788 5250 studia
1818 5195 2078 5265 juventu-

501 5298 608 5340 tem
642 5268 966 5347 traducens,
997 5297 1262 5341 anteactae
1294 5294 1418 5340 Viue
1441 5287 1743 5341 conuenire
1774 5287 2076 5342 arbitratus

497 5388 600 5445 νει,
639 5388 697 5432 ιιι
737 5379 791 5433 in
841 5390 1124 5434 senectute
1180 5379 1512 5433 militaribus
1569 5379 1834 5448 gradibus
1880 5394 2075 5434 nomen

500 5485 657 5523 nillil"
688 5471 1018 5524 illustraret.
1048 5468 1233 5539 Nuper
1267 5471 1432 5538 igitur
1462 5472 1611 5528 venit
1644 5471 2069 5525 l'ortissimormn

502 5557 974 5615 Marcomanorum
1018 5559 1405 5630 prwi’ectnram
1435 5561 1505 5617 ab
1541 5562 1874 5631 imperatore
1903 5562 2071 5621 sorti-

500 5658 625 5714 tus;
657 5666 799 5721 quos
836 5652 1098 5705 credibile
1122 5663 1229 5715 est,
1273 5654 1457 5715 nobis,
1496 5668 1623 5706 cum
1659 5664 1819 5709 antea
1873 5655 2075 5708 milites

500 5730 689 5811 optimi
730 5740 955 5798 fuerint.
980 5741 1026 5795 si
1050 5741 1162 5809 jam
1196 5743 1451 5798 idoneum
1484 5742 1683 5799 ducem
1709 5745 2068 5812 obtinuerint,

2106 4644 2156 4701 υ

2730 4640 3076 4695 ΕΠΙΣΤΟΛΗ
3109 4640 3212 4694 Pl'.

2822 4731 2910 4796 Τῷ
2940 4731 3120 4798 αὐτῷ.

2252 4824 2451 4890 Χείλας
2488 4829 2516 4880 ὁ
2559 4825 2946 4897 πορνοϐοσκὸς,
2999 4825 3059 4878 δν
3095 4825 3197 4879 οὐκ
3238 4824 3384 4886 εἰκὸς
3414 4821 3512 4874 ὑπὸ
3544 4809 3715 4869 πολλῶν

2181 4919 2510 4985 ἀγνοεῖσθαι,
2541 4918 2629 4971 διὰ
2648 4917 2745 4988 τὴν
2778 4919 2841 4971 ἐκ
2881 4918 2980 4989 τῆς
3012 4918 3209 4989 τέχνης
3242 4915 3600 4987 λαμπρότητα.
3628 4902 3714 4958 Καὶ

2180 5011 2287 5082 γὰρ
2321 5012 2353 5084 ἡ
2390 5015 2552 5082 μῖμος
2595 5010 2955 5081 Ἀνδρομάχη,
2987 5011 3087 5080 τῆς
3108 5008 3297 5062 τούτου
3331 5007 3514 5077 γέγονε
3541 4998 3713 5069 φάλατσ

2179 5120 2295 5170 γος,
2335 5104 2368 5172 ἡ
2401 5103 2460 5154 τὸ
2481 5101 2768 5155 κάλλιστον
2792 5101 2900 5154 τῶν
2934 5101 3210 5169 γυναικῶν
3238 5101 3294 5153 ἐν
3316 5103 3425 5160 τοῖς
3454 5092 3566 5149 καθ’
3594 5086 3713 5158 ἡμᾶς

2177 5198 2389 5268 χρόνοις
2412 5197 2709 5267 ἀνθήσασα.
2748 5190 2918 5259 ῡῦτος
2963 5196 3221 5257 ἐννεὰσας
3258 5196 3368 5257 τοῖς
3403 5190 3533 5243 οὕτω
3561 5181 3711 5239 καλοῖῖ

2178 5289 2596 5359 ἐπιτηδεύμασι,
2664 5288 2876 5359 πρέπον
2928 5286 3083 5358 ᾠήθη
3144 5288 3255 5348 τοῖς
3298 5273 3711 5353 προδεῦιωμένοις

2175 5382 2348 5451 αὐτῷ,
2378 5384 2436 5435 ἐν
2458 5384 2605 5453 γήρᾳ
2632 5384 3052 5451 στρατιωτικαῖς
3086 5373 3546 5448 ἐλλαμπρύνεσθαι
3585 5363 3709 5453 τάξεξ

2182 5491 2264 5527 σιν
2319 5474 2432 5547 [γρ.
2499 5451 2736 5543 ἐκλαμπ.
2775 5470 2986 5544 apii}.
3027 5473 3289 5542 Ἔναγχος
3319 5464 3412 5521 οὖν
3437 5466 3549 5535 ἥκει
3591 5451 3711 5522 παρὰ

2182 5566 2447 5639 βασιλέως
2506 5568 2830 5637 στρατηγεῖν
2866 5565 3165 5634 εὑράμενος
3216 5561 3319 5619 τῶν
3363 5550 3709 5651 γενναιοτατων

2180 5660 2563 5731 Μαρκομὰνων
2587 5674 2602 5689 ·
2621 5657 2713 5721 οὓς
2744 5658 2888 5719 εἰκὸς
2912 5658 3044 5726 ἡμῖν
3074 5658 3190 5708 ἐστι
3221 5652 3311 5706 καὶ
3335 5650 3583 5720 πρότερον
3597 5650 3713 5731 σγα-

2184 5747 2307 5811 θοὶος
2334 5745 2672 5817 στρατιώτας
2698 5746 2876 5809 ὄντας,
2916 5745 3009 5798 νῦν
3028 5742 3378 5813 ἐπιτυχόντας
3405 5737 3499 5792 καὶ
3517 5730 3710 5803 πρίων·
