3986 6158
368 242 505 299 N95

1505 239 1889 302 EPISTOLE.
1906 273 1978 285 —
2017 241 2234 301 EPIST.
2274 238 2457 301 CXI".

3488 248 3624 306 HM”

364 374 457 422 τος
484 354 813 428 στρατηγοῦ,
853 354 996 426 μέγα
1032 372 1086 410 τι
1114 356 1207 410 καὶ
1255 360 1499 426 γενναίον
1541 358 1702 432 ιργον
1741 359 1935 415 ἐπιδει-

2050 359 2404 413 memorabile
2429 357 2657 429 aliquod
2708 366 2874 430 atque
2933 359 3209 432 egregium
3248 358 3467 415 facinus
3504 362 3620 416 edi-

365 447 575 512 ξασθαι.
611 448 806 516 Ἔλεγε
836 448 968 517 γοῦν
986 447 1233 519 Συριανῷ
1250 446 1371 520 lyp.
1394 450 1729 524 Σερηνιανῷ]
1755 468 1945 522 συγγε-

362 539 614 609 νόμενος’
660 533 820 592 οἶσθα
865 539 954 591 τὸν
998 541 1061 593 ὲκ
1102 540 1361 607 γειτόνων
1411 542 1503 595 τὸν
1532 543 1734 611 ἰατρόν.
1787 544 1848 597 '0
1885 544 1944 598 δὲ

361 628 622 699 Συριανδς
660 626 775 700 [γρ.
805 629 1153 703 Σερηνιανδς]
1189 632 1488 702 ἀπήγγειλε
1523 633 1660 704 πρὸς
1687 635 1852 704 ἡμᾶς,
1884 637 1943 687 ἑν

360 715 441 784 οἷς
475 720 759 775 ἀπολείποι
789 722 849 775 τὸ
876 720 1016 775 θεῖον
1040 723 1422 793 στρατόπεδον.
1452 724 1532 778 Τὰ
1556 724 1655 795 μὲν
1676 722 1769 779 οὖν
1807 726 1943 780 ἄλλα

360 812 412 866 τί
459 811 524 867 ἂν
578 814 686 866 δέοι
736 811 850 884 [ῃο.
892 813 1096 886 δεήσοι]
1128 814 1264 885 πρὸς
1299 814 1359 868 σὲ
1401 815 1655 885 γράφειν,
1688 811 1944 885 ὧνκάγὼ

362 902 654 974 παρέργως
682 905 1082 975 ἡκροασάμηνς
1130 906 1244 973 Ἐφ’
1283 901 1361 967 οἷς
1404 905 1461 958 δὲ
1505 906 1668 969 αὐτὸς
1706 906 1950 969 ἀκούσας.

359 994 534 1064 ἥσθην
560 995 876 1065 ὑπερφυῶς,
910 994 969 1048 σέ
997 1012 1056 1048 τε
1095 996 1162 1049 δι’
1193 997 1373 1049 αὐτῶν
1419 997 1789 1068 εὐφρανθῆναι
1818 999 1942 1067 βου-

360 1083 543 1154 λομαι,
568 1084 695 1138 τάδε
723 1084 870 1138 ἐστίν
896 1101 910 1116 ·
954 1085 1013 1138 ’0
1063 1084 1378 1155 θαυμαστὸς
1414 1087 1687 1158 Ἰωάννης,
1745 1088 1941 1159 μικρὸν

361 1179 556 1241 είπεϊν,
593 1179 651 1230 ἑν
674 1179 786 1240 τοῖς
838 1176 1019 1241 αὐτοῖς
1055 1178 1226 1241 ἐστιν,
1266 1177 1607 1250 ἑπιδιδούσης
1635 1180 1736 1250 τῆς
1770 1182 1942 1251 τύχης

362 1271 419 1322 ἑν
452 1269 566 1330 τοῖς
611 1267 823 1320 ἑκείνου
873 1269 1215 1338 πράγμασιν,
1260 1270 1384 1322 ὅσον
1425 1272 1717 1334 ἐπιδόσεως
1749 1275 1938 1342 χωρεῖ,

361 1359 454 1413 καί
491 1376 611 1419 τινα
639 1357 760 1412 καθ’
805 1359 1004 1430 ἑαυτὴν
1055 1359 1359 1431 ὑπερϐολὴν
1410 1363 1754 1434 ἐξευρούσης.
1784 1364 1941 1434 Αὐτῷ

357 1469 419 1506 τε
445 1453 555 1523 γὰρ
581 1453 788 1505 ἀνεῖται
825 1453 893 1505 τὰ
929 1450 1191 1522 βασιλέως
1230 1447 1355 1519 ,ὦτα
1380 1470 1392 1485 ·
1429 1455 1523 1507 καὶ
1548 1456 1652 1524 πρὸ
1676 1455 1877 1508 τούτων
1907 1459 1940 1525 ἡ

358 1546 551 1615 γνώμη
609 1544 842 1615 χρῆσθαι
894 1544 1030 1616 πρὸς
1068 1544 1095 1597 ὅ
1138 1562 1189 1597 τι
1232 1544 1423 1598 δέοιτο.
1460 1546 1568 1598 Καὶ
1605 1547 1703 1599 ὅσα
1741 1548 1942 1599 Ἀντίο-

358 1652 453 1706 χος
483 1634 594 1707 (53)
627 1636 869 1701 δύναται,
892 1635 1113 1690 δύναται
1135 1636 1337 1707 τούτῳ·
1389 1637 1609 1691 δύναται
1639 1639 1696 1692 δὲ
1748 1639 1941 1693 Ἀντίο-

2046 457 2220 502 turos.
2267 445 2380 503 lloc
2441 448 2587 503 inter
2645 449 3069 521 colloquendum
3137 449 3371 522 Syriano
3424 452 3561 506 dixit
3601 462 3647 509 :'

2045 536 2189 591 nosti
2235 536 2387 590 illum
2423 537 2491 593 de
2530 537 2731 592 vicinia
2764 539 3060 593 medicum.
3096 538 3367 608 Syriauus
3396 542 3474 595 ad’
3518 557 3618 597 nos

2045 626 2263 691 detulit,
2299 640 2538 696 quonam
2572 629 2627 683 in
2661 635 2807 685 statu
2837 630 3028 684 divina
3093 631 3186 683 illa
3245 643 3427 686 castra
3488 633 3607 687 reli-

2044 725 2279 792 quisset.
2318 723 2529 779 Caetera
2574 738 2739 793 porro
2782 724 2913 795 quid
2965 724 3162 779 attinet
3200 725 3463 787 scribere,
3498 741 3619 794 qum

2042 829 2151 883 ego
2179 815 2348 869 etiam
2381 816 2561 870 obiter
2591 815 2824 885 accepi?
2878 814 2984 870 Sed
3020 813 3223 883 quibus
3272 813 3476 868 auditis
3512 814 3645 868 ηιξ-⁸

2045 904 2196 959 rifice
2222 920 2344 960 sum
2378 906 2709 969 delectatus,
2746 921 3093 976 quorumque
3139 906 3378 959 laetitiam
3415 905 3623 975 imper~

2043 996 2132 1050 tiri
2165 997 2310 1057 volo,
2344 1012 2408 1051 ea
2438 1004 2571 1051 sunt
2602 997 2909 1068 ejusmodi:
2940 998 3215 1068 Egregius
3234 1004 3423 1053 noster
3452 996 3649 1052 JOan-'

2044 1099 2166 1147 nes,
2196 1099 2426 1153 parvum
2461 1085 2565 1140 hoc
2596 1087 2744 1141 dictu
2775 1093 2859 1140 est
2883 1128 2897 1150 ,
2935 1087 2988 1139 in
3026 1086 3220 1140 iisdem
3248 1100 3467 1155 semper
3498 1101 3619 1141 veo-

2043 1188 2215 1238 satur,
2234 1191 2359 1229 cum
2387 1178 2534 1232 illius
2559 1177 2613 1231 in
2634 1178 2802 1233 rebus
2837 1175 3057 1232 fortuna
3082 1191 3141 1231 se
3174 1177 3228 1231 in
3263 1176 3383 1231 dies
3404 1177 3613 1239 εσθαι.

2040 1276 2305 1337 quantum
2337 1268 2521 1323 efferri
2558 1277 2780 1339 potest;
2848 1270 2959 1323 imo
3026 1283 3156 1322 vero
3211 1268 3615 1324 incrementum

2039 1361 2201 1415 etiam
2236 1361 2320 1416 sui
2351 1361 2574 1432 aliquod
2607 1361 3027 1432 excogitaverit.
3086 1360 3220 1414 Nam
3287 1361 3366 1413 illi
3426 1368 3618 1430 patent

2044 1452 2394 1521 imperatoris
2459 1468 2645 1519 aures,
2703 1461 2788 1520 et,
2828 1453 2973 1521 quod
3031 1460 3198 1522 caput
3232 1460 3338 1516 est,
3384 1452 3618 1508 animus

2043 1543 2179 1611 ipse,
2221 1545 2371 1612 quod
2401 1544 2469 1598 ad
2505 1561 2567 1600 ea
2599 1546 2781 1600 omnia
2807 1561 2928 1616 quae
2958 1546 3109 1611 velit,
3136 1553 3343 1599 utatur.
3379 1546 3442 1599 Et
3464 1547 3617 1615 quid-

2042 1632 2177 1702 quid
2212 1634 2523 1689 Antiochus
2553 1635 2845 1704 potestatis
2883 1634 3068 1698 habet,
3107 1635 3160 1688 in
3196 1635 3344 1689 illius
3382 1651 3617 1689 commo-

357 1704 451 1794 χος
474 1704 583 1777 ὅσα.
611 1724 878 1794 βούλεται.
923 1725 1191 1796 ’Δντίοχον
1211 1704 1345 1797 ἡγοῦ
1367 1726 1440 1798 μὴ
1456 1727 1545 1780 τὸν
1574 1728 1681 1781 ἀπὸ
1701 1729 1935 1801 Γρατια-

2043 1724 2168 1775 ilum
2211 1724 2415 1778 habet:
2448 1733 2629 1794 potest.
2677 1734 2858 1779 autent
2913 1724 3220 1781 Antiouhus
3270 1742 3617 1797 quaecunque

358 1814 477 1879 νοῦ,
515 1815 576 1869 τὸ
610 1816 754 1887 ἱερὸν
786 1816 1117 1887 ἀνθρώπιον,
1148 1819 1209 1872 τὸ
1243 1819 1516 1888 βέλτιστον
1540 1821 1637 1891 μὲν
1663 1823 1789 1886 τοὺς
1816 1823 1938 1895 τρό-

359 1922 518 1969 πους,
564 1906 970 1976 είδεχθέστατον
1011 1908 1067 1962 δὲ
1101 1911 1198 1981 τὴν
1222 1910 1391 1979 ὄψιν·
1415 1911 1553 1963 Ἀλλ’
1583 1912 1768 1984 ἕτερός
1793 1915 1939 1969 ἑστιν

358 1997 388 2047 ὀ
418 1995 699 2059 νεανίσκος
729 1999 757 2049 ὁ
797 1998 1105 2068 πρόκοιλος,
1150 2001 1178 2052 ὁ
1218 2001 1410 2073 Ναρσῇ
1452 2002 1530 2073 τῷ
1557 2005 1739 2076 Πέρση
1772 2023 1942 2078 παρα·

356 2083 746 2150 δυναστεύσας.
816 2086 1017 2143 Τοῦτον
1062 2090 1122 2155 ἐξ
1168 2092 1376 2145 ἐκείνου
1417 2094 1580 2165 μέχρι
1610 2095 1704 2148 νῦν
1734 2099 1766 2168 ή
1800 2097 1935 2169 τύχη

362 2176 538 2247 μέγαν
561 2181 724 2232 ποιεῖ.
764 2179 980 2235 Τούτων
1007 2181 1181 2246 οὕτως
1225 2184 1481 2253 ἑχόντων,
1527 2188 1676 2250 εἰκός
1706 2190 1823 2241 ἑστι
1848 2206 1941 2242 κο-

362 2264 538 2337 ρώνης
560 2267 840 2332 ἐνιαυτοὺς
861 2270 1019 2341 ἄρξαι
1046 2273 1174 2345 παρ’
1195 2275 1329 2343 ἡμῖν
1360 2275 1452 2326 τὸν
1473 2275 1814 2330 δικαιότατον
1835 2278 1938 2349 ἄρα

358 2375 540 2428 χοντα,
585 2360 680 2415 τοῦ
735 2362 834 2433 μὲν
876 2362 1005 2417 ὄντα
1058 2366 1313 2436 συγγενῆ,
1339 2366 1431 2419 τοῦ
1478 2367 1535 2421 δὲ
1566 2369 1764 2423 οἰκεῖον
1788 2370 1939 2438 γενό-

360 2465 543 2518 μενον.

885 2724 1232 2779 ΕΠΙΣΤΟΛΗ
1271 2724 1416 2780 PIA'.

1032 2820 1280 2885 Τρωτλῳ.

426 2906 676 2979 Πυνθάνῃ
704 2907 837 2977 περὶ
867 2909 1180 2979 Διοσκορίου
1222 2909 1422 2973 πόσους
1454 2910 1781 2978 ἀπαγγέλλει
1821 2911 1935 2983 [ῃο.

353 2998 675 3065 ἁπαγγέλοι]
720 2999 933 3065 στίχους
978 2998 1213 3065 ἑκάστης
1273 3000 1516 3065 ήμέρας;
1582 3001 1934 3065 πεντήκοντα.

472 2998 675 3071 γγέλοι]
720 2999 933 3068 στίχους
978 2998 1213 3068 ἑκάστης
1273 3000 1516 3070 ήμέρας;
1582 3001 1934 3071 πεντήκοντα.
1966 3052 2004 3093 Γ
2042 3001 2298 3054 nuntiat?
2326 3001 2751 3071 quinquaginta.
2786 3001 2895 3058 Hos
2926 3001 3150 3073 quidem
3207 3002 3412 3069 reddit,
3458 3002 3645 3057 -nihil~

472 3107 590 3155 τους
643 3090 993 3154 ἀποδίδωσιν,
1039 3090 1100 3143 ού
1157 3092 1529 3162 προσπταίων,
1579 3094 1639 3144 οὺ
1691 3092 1935 3160 διλογῶν,
1974 3085 2007 3108 ’³
2041 3092 2319 3156 haesitans,
2353 3093 2489 3146 nihil
2527 3093 2726 3147 iterato
2760 3103 3010 3163 repetens
3039 3134 3055 3158 ,
3090 3109 3269 3163 neque
3317 3092 3637 3148 identidem.
3708 3102 3723 3107 “

354 3089 590 3155 Τούτους
643 3090 993 3154 ἀποδίδωσιν,
1039 3090 1100 3143 ού
1157 3092 1529 3162 προσπταίων,
1579 3094 1639 3144 οὺ
1691 3092 1935 3160 διλογῶν,

354 3181 457 3235 οὐκ
484 3182 836 3252 ἐφιστάμενος
867 3182 952 3250 ἐφ’
982 3176 1025 3248 ᾧ
1063 3182 1161 3250 τὴν
1200 3182 1503 3253 ἀνάμνησιν
1542 3183 1790 3255 ἀθροῖσαι
1842 3185 1937 3237 σὺν

354 3275 558 3344 χρόνῳο
588 3274 699 3327 ἀλλ’
732 3274 948 3328 ἐπειδὰν
982 3274 1212 3345 ἄρξηται
1251 3276 1449 3343 λέγειν,
1478 3278 1781 3329 κατατείνει
1811 3293 1936 3329 συν-

355 3363 496 3435 εχῶς
518 3380 532 3393 ·
566 3365 659 3418 καὶ
688 3366 720 3435 ἠ
746 3364 926 3435 σιωπὴ
960 3365 1110 3429 τέλος
1140 3366 1257 3417 ἐστὶ
1277 3368 1375 3434 τῆς
1406 3366 1767 3432 ἀπαγγελίας.

868 3457 1215 3510 ΕΠΙΣΤΟΛΗ
1266 3457 1414 3510 PlB'.

994 3545 1079 3611 Τῷ
1116 3546 1295 3611 αὐτῷ.

426 3633 564 3692 οὔτε
598 3640 692 3694 ἐπὶ
724 3642 835 3703 τοῖς
865 3640 1046 3700 αὐτοῖς
1075 3638 1352 3708 ἄνθρωποι
1387 3636 1600 3707 φιλοῦσι
1646 3636 1740 3691 καὶ
1780 3639 1935 3691 ἑπαι-

353 3726 565 3781 νοῦσινο
602 3728 724 3783 οὕτε
764 3730 860 3800 μία
904 3728 1131 3799 δύναμις
1164 3729 1263 3797 τῆς
1294 3726 1472 3797 ψυχῆς
1507 3727 1593 3781 ἐπ’
1638 3729 1804 3797 ἄμφω
1844 3728 1934 3781 τέ-

350 3831 547 3872 τακται
578 3820 771 3874 ταῦτα.
816 3819 978 3873 Ἀλλὰ
1014 3819 1092 3890 τῷ
1126 3818 1413 3891 παθητικῷ
1445 3820 1541 3890 μὲν
1564 3819 1932 3892 οἰκειούμεθα,

352 3911 447 3964 καὶ
485 3911 940 3985 ἀλλοτριούμεθαο
998 3912 1075 3985 τῷ
1127 3912 1184 3966 δὲ
1238 3913 1442 3983 κρίνειν
1490 3912 1791 3985 δυναμένῳ,
1838 3914 1934 3968 καὶ

350 4002 506 4073 λόγον
536 4004 710 4076 ἔχοντι
748 4007 846 4077 τῆς
871 4005 1069 4076 ψυχῆς,
1112 4003 1441 4074 ἐπαινοῦμέν
1482 4021 1541 4057 τε
1580 4006 1670 4058 καὶ
1725 4006 1935 4077 μεμφό-

354 4093 512 4165 μεθα.

869 4273 1215 4328 ΕΠΙΣΤΟΛΗ
1261 4274 1406 4327 PII".

951 4361 1037 4429 Τῷ
1081 4364 1339 4432 ἀδελφῷ.

422 4451 552 4510 Εἶτα
580 4456 704 4520 τοὺς
738 4454 834 4525 μὲν
869 4455 1265 4525 κακοδαίμονας
1298 4454 1517 4518 τούτους
1552 4456 1768 4527 ὁρῶμεν
1801 4456 1936 4509 ἀπο·-

351 4541 605 4615 θνήσκειν
641 4544 921 4608 ἐθέλοντας
970 4545 1112 4615 ὑπὲρ
1154 4543 1263 4596 τῶν
1316 4543 1630 4615 ἀλλοτρίων,
1675 4546 1811 4599 ἆττα
1866 4544 1933 4599 ἂν

351 4633 499 4688 λείαν
551 4636 1049 4707 περιποιήσωνται,
1094 4633 1190 4686 τοῦ
1253 4635 1447 4705 μηκέτι
1497 4636 1758 4705 προέσθαι
1821 4639 1933 4700 τοῖς

353 4727 562 4797 κυρίοις
600 4727 771 4781 αὐτὰ·
812 4728 971 4797 ἡμεῖς
1013 4726 1069 4779 δὲ
1120 4726 1259 4797 ὑπὲρ
1312 4725 1513 4797 χώρας,
1564 4727 1702 4799 ὑπὲρ
1751 4727 1929 4797 ἱερῶν,

351 4818 492 4890 ὑπὲρ
537 4820 734 4890 νόμων,
794 4818 932 4891 ὑπὲρ
961 4819 1276 4888 κτημάτων,
1333 4812 1412 4881 οἷς
1459 4820 1607 4888 ἡμᾶς
1653 4820 1681 4871 ὁ
1739 4821 1927 4889 χρόνος

352 4909 772 4983 συνηθεστέρους
820 4911 1092 4980 ἐποίησεν,
1133 4911 1231 4962 οὐκ
1292 4909 1653 4981 ὰφειδήσομεν
1696 4911 1925 4980 ἑαυτῶν,

352 5004 485 5056 ἀλλὰ
536 5001 902 5074 περιεξόμεθα
953 5002 1061 5054 τῶν
1115 5000 1343 5071 ψυχῶν;
1396 5002 1496 5054 οὐκ
1545 5002 1652 5071 ἄρα
1706 5000 1926 5072 δόξομεν

351 5094 541 5166 ἄνδρες
567 5089 724 5147 εἶναι.
764 5092 919 5161 Ἐμοὶ
949 5091 1045 5163 μὲν
1078 5088 1170 5145 οὖν
1202 5090 1410 5162 ἰτητέον
1440 5090 1588 5144 ἐστὶν
1622 5092 1705 5143 ἐπ’
1734 5092 1930 5156 αὐτοὺς

2039 1816 2194 1869 libi-t.
2230 1815 2561 1871 Antiochum
2590 1819 2737 1881 dico,
2773 1833 2880 1872 non
2917 1832 3043 1872 eum
3077 1817 3170 1887 qui
3205 1833 3331 1871 eum
3354 1816 3617 1872 Gratiano

2038 1906 2163 1971 fuit,
2202 1916 2455 1961 sanctum
2486 1908 2934 1973 homuncionem,
2972 1908 3220 1964 moribus
3267 1910 3617 1980 spectatissi-

2038 1996 2167 2058 mis,
2199 1996 2296 2052 sed
2327 1996 2530 2067 oppido
2557 1996 2884 2053 deformem.
2960 1996 3162 2052 Verum
3200 1999 3343 2054 alius
3394 1999 3615 2070 quidam

2036 2097 2117 2141 est
2139 2085 2364 2154 juvenis
2392 2095 2711 2149 ventrosus,
2746 2089 2844 2158 qui
2905 2088 3050 2158 apud
3120 2087 3329 2144 Narseo
3392 2087 3614 2143 Persam

2038 2177 2312 2247 praecipua
2363 2179 2418 2230 in
2473 2179 2804 2233 auctoritate
2874 2178 3020 2243 fuit,
3089 2178 3451 2248 eamdemque
3491 2186 3641 2249 post-

2036 2283 2163 2322 eum
2206 2269 2460 2323 retinuit.
2487 2269 2571 2324 Ab
2601 2284 2667 2324 eo
2704 2280 2950 2339 tempore
2983 2283 3239 2339 magnum
3269 2269 3423 2323 illum
3481 2271 3617 2325 huc-

2042 2374 2219 2427 usque
2250 2358 2470 2412 fortuna
2501 2360 2699 2415 reddit.
2734 2363 2866 2427 Quae
2901 2376 3025 2415 cum
3059 2363 3133 2415 ita
3162 2362 3638 2424 sint,consenta-.

2039 2462 2207 2501 neum
2233 2456 2318 2501 est
2342 2449 2587 2505 cornicis
2621 2464 2798 2506 annos
2829 2450 3189 2520 praefuturum
3219 2452 3378 2506 nobis
3410 2452 3617 2521 aequis-u

2038 2541 2237 2596 simum
2279 2542 2683 2610 magistratum,
2726 2544 2981 2613 quicum
3026 2544 3202 2598 altero
3251 2546 3613 2616 cognatione,

2036 2647 2163 2687 cum
2187 2632 2360 2688 altero
2387 2634 2797 2688 necessitudine
2832 2636 2905 2688 sit
2935 2636 3309 2701 coniunctus.

2572 2724 2901 2779 EPISTOLA
2951 2725 3087 2781 CXI.

2729 2816 2939 2873 Troilo.

2114 2907 2328 2972 Quaeris
2365 2909 2432 2963 de
2466 2909 2746 2970 Diusewo,
2792 2920 2925 2979 quot
2963 2926 3158 2966 versus
3186 2911 3437 2982 quotidie
3485 2924 3618 2981 pro—

2042 3001 2298 3054 nuntiat?
2326 3001 2751 3071 quinquaginta.
2786 3001 2895 3058 Hus
2926 3001 3150 3073 quidem
3207 3002 3412 3069 reddit,
3458 3002 3611 3057 mihi!
3640 3034 3645 3039 ~

2041 3177 2308 3234 insistens
2348 3181 2412 3233 ad
2443 3182 2804 3248 colligendam
2833 3198 2958 3237 cum
2990 3193 3237 3254 tempore
3259 3182 3613 3237 memoriam:

2039 3271 2132 3326 sed
2170 3281 2459 3340 postquam
2495 3275 2749 3342 cmperit,
2808 3278 3076 3330 continuo
3140 3276 3437 3346 percurrit,
3489 3278 3645 3345 μοι·

2038 3363 2442 3431 nuntiandique
2473 3364 2601 3417 finis
2635 3375 2713 3419 est
2757 3367 3065 3421 silentium.

2466 3453 2632 3526 254
2663 3454 2846 3508 EPIS'I
2862 3454 2994 3509 OLA
3028 3454 3187 3508 CXI}.

2731 3544 2936 3598 Eidem.

2106 3632 2295 3703 Neque
2322 3635 2542 3691 easdem
2576 3635 2646 3688 ob
2699 3650 2905 3691 causas
2958 3636 3200 3707 diligunt
3253 3651 3319 3691 ac
3384 3636 3613 3697 laudant

2036 3724 2321 3790 homines,
2356 3740 2458 3780 nec
2494 3726 2685 3780 eadem
2722 3728 2919 3782 anima:
2947 3727 3180 3784 facultas
3217 3729 3466 3799 utrisque
3504 3728 3613 3783 illis

2037 3817 2366 3886 praestandis
2383 3817 2645 3871 attributa
2670 3825 2776 3871 est.
2805 3816 2911 3871 Sed
2937 3834 3003 3874 ea
3035 3818 3257 3888 quidem
3288 3831 3465 3889 parte,
3501 3835 3610 3889 qna

2037 3908 2321 3965 affectibus
2350 3924 2669 3975 movemur,
2730 3910 3112 3976 conciliamur,
3153 3919 3248 3965 aut
3302 3912 3613 3967 alienantur

2036 4002 2265 4057 invicem
2299 4020 2312 4057 :
2345 4016 2468 4072 qua:
2500 4016 2629 4057 vero
2656 4002 2938 4072 iudicandi
2969 4004 3015 4057 vi
3046 4003 3269 4072 praedita
3301 4011 3407 4066 est,
3440 4011 3496 4058 et
3523 4017 3611 4057 ra-

2035 4092 2239 4148 tionem
2268 4092 2535 4158 continet,
2569 4092 2965 4159 ealaudatnus,
3003 4101 3097 4147 aut
3135 4092 3608 4163 reprehendimus.

2543 4273 2884 4330 EPISTOLA
2917 4273 3081 4330 CX!!!

2718 4365 2925 4420 Fratri.

2105 4452 2256 4511 Itane
2290 4456 2459 4512 vero?
2490 4456 2725 4512 miseros
2757 4454 3203 4511 illosvideamus
3230 4463 3428 4527 sponte
3464 4470 3606 4509 mor-

2031 4552 2139 4600 tem
2173 4562 2375 4618 cuperc
2409 4563 2507 4618 pro
2548 4547 2745 4602 alienis
2774 4547 2938 4601 rebus
2987 4555 3269 4616 oppetere,
3334 4561 3610 4617 quascun-

2028 4656 2136 4709 que
2164 4639 2461 4710 depra’dati
2496 4638 2697 4694 fuerint
2725 4655 2739 4703 ;
2773 4653 2841 4692 ne
2873 4654 3089 4693 rursum
3122 4638 3212 4701 iis,
3245 4654 3480 4709 quorum
3504 4638 3609 4693 illa:

2031 4739 2181 4795 sunt,
2215 4730 2448 4786 reddere
2482 4738 2794 4801 cogantur:
2836 4746 2937 4787 nos
2982 4744 3079 4801 pro
3114 4730 3344 4786 sedibus
3379 4732 3605 4794 nostris,

2036 4836 2135 4891 pro
2165 4824 2361 4887 sacris,
2395 4836 2494 4892 pro
2528 4821 2763 4891 legibus,
2796 4836 2900 4891 pro
2953 4820 3213 4885 fortunis,
3271 4822 3471 4892 quibus
3508 4837 3609 4877 nos

2034 4911 2209 4982 magis
2259 4912 2520 4981 temporis
2569 4911 2907 4966 diuturnitas
2943 4910 3260 4974 assuefecit,
3318 4926 3424 4965 non
3469 4908 3609 4982 peri-

2034 5001 2176 5055 culis
2198 5000 2455 5055 omnibus
2473 5001 2638 5054 vitam
2675 5016 3033 5071 exponemus,
3062 5003 3159 5058 sed
3187 5003 3384 5058 anima:
3406 5016 3608 5058 nostrae

2033 5095 2433 5151 consulemus?
2470 5094 2628 5150 Haud
2651 5110 2786 5151 sane
2814 5095 2914 5149 viri
2955 5111 3079 5152 esse
3110 5094 3436 5150 videbimur.
3475 5094 3611 5171 Mihi

1578 5246 1757 5303 DION.
1798 5247 2073 5306 PETAVII
2112 5248 2341 5307 ΝΟΤᾹΣ.

425 5385 536 5455 (53)
578 5385 682 5439 Kal
734 5386 849 5439 ὅσα
896 5386 1211 5452 Ἀντίοχος.
1264 5381 1360 5436 llic
1407 5383 1497 5438 ille
1544 5391 1648 5447 est,
1700 5385 1918 5452 opinor,

355 5457 678 5516 Antimhus,
730 5471 891 5525 quem
945 5457 1281 5525 lsdegerdcs,
1328 5465 1453 5523 post
1497 5462 1808 5522 susceptam
1853 5470 1919 5509 ex

355 5526 573 5578 Arcadii
607 5533 935 5580 testamento
986 5524 1279 5580 Theodosii
1314 5526 1561 5585 tutelam,
1608 5531 1922 5578 curatorem

359 5596 425 5649 ad
453 5610 574 5648 eum
605 5594 923 5649 destinavit.
956 5595 1092 5649 Vide
1120 5593 1417 5656 Zonaram,
1446 5594 1680 5648 Ccdren.
1730 5600 1785 5648 et
1831 5592 1925 5645 Ni-

356 5667 512 5735 ceplt.
547 5665 638 5718 lib.
674 5681 785 5732 xiv,
820 5682 868 5719 e.
910 5667 956 5719 l.
998 5664 1071 5720 De
1103 5666 1273 5720 altero
1305 5664 1594 5730 Antiocho,
1624 5679 1782 5735 quem
1816 5664 1921 5717 ἀπὸ

2030 5385 2334 5457 Γρατιανοῦ,
2365 5386 2637 5457 nominat,
2687 5385 2824 5457 nihil
2861 5386 3097 5457 extrico.
3140 5384 3382 5457 lsidut'us
3419 5383 3600 5457 Pelus.

2030 5453 2123 5510 lib.
2159 5474 2199 5519 ι,
2233 5457 2397 5526 epist.
2426 5456 2516 5519 ‘56,
2568 5455 2843 5510 Antiocho
2872 5454 3321 5526 cuidatnscribit
3350 5453 3605 5526 eunucho

2030 5524 2451 5607 palatiifquem
2496 5526 2649 5583 illum
2685 5526 2863 5598 ipsum
2915 5524 2983 5581 ab
3032 5525 3320 5597 lsdegerde
3369 5524 3613 5580 missum

2028 5611 2152 5653 esse
2183 5611 2453 5666 suspicor.
2995 5626 3003 5645 .7
