3986 6158
278 307 416 365 H97

1409 304 1791 364 EPISTOLJE.
1829 338 1899 348 —
1939 305 2157 364 EPlST.
2195 304 2384 363 CIII.

3401 300 3543 357 H98

271 422 355 487 οἷς
384 426 418 495 ἡ
449 423 667 519 ποίησις
704 420 914 494 γέγσνσ.
963 423 1134 481 Πάλιν
1176 416 1272 480 οὖν
1311 424 1536 519 τομήρῳ
1576 427 1860 500 χρηστέον,

1976 425 2309 490 deteriores,
2365 436 2513 519 quos
2587 420 2841 477 versibus
2893 420 3014 479 suis
3085 420 3179 477 ille
3226 418 3540 490 descripsit.

271 519 333 580 ὃς
363 515 464 570 πού
504 532 687 586 φησιν,

414 718 622 787 Ἀρχε,
651 717 734 771 σὺ
762 717 872 788 γὰρ
902 715 1148 789 γενεῆφι
1174 717 1477 787 νεώτερος.

344 832 510 900 Μὰχη
544 830 652 901 γὰρ
689 829 762 902 μὴ
792 830 1002 898 γένοιτο
1039 831 1170 901 μέν·
1206 834 1255 885 εἰ
1302 832 1358 885 δὲ
1400 833 1633 901 γένοιτο,
1661 835 1690 887 ὁ
1730 832 1862 886 νεώ-

275 940 431 994 τερος
475 921 646 993 αὐτῆς
690 921 922 992 ἀρχέτω.
978 918 1230 977 Τοιοῦτον
1279 923 1387 993 γάρ
1436 941 1487 976 τι
1542 927 1741 978 νοεῖται
1783 924 1861 996 τῷ

279 1012 586 1074 Ποσειδῶνι.
634 1013 695 1066 τὸ
741 1017 1091 1085 παραχωρεῖν
1131 1013 1224 1069 τοῦ
1272 1016 1748 1088 προκατάρξασθαι
1785 1017 1862 1087 τῷ

277 1104 525 1175 νεωτέρῳ
555 1104 681 1174 Θεῷ.
723 1105 827 1159 Τὸν
858 1104 915 1158 δὲ
946 1105 1334 1177 πρεσϐύτερον,
1368 1108 1612 1178 ἡγεμόνα
1637 1108 1719 1160 δεῖ
1753 1108 1862 1162 τῶν

278 1191 575 1245 καλλίστων
603 1190 769 1247 εἶναι·
796 1193 1081 1248 κάλλιστον
1125 1194 1183 1248 δὲ
1224 1196 1466 1266 ὁμόνοια.
1517 1197 1656 1266 Ἐγὼ
1698 1197 1755 1252 δὲ
1786 1199 1863 1264 ὡς

276 1285 336 1338 οὔ
372 1302 464 1338 σου
497 1285 865 1357 πρεσϐύτερος
900 1288 1082 1359 μόνον,
1109 1288 1244 1343 ἀλλὰ
1276 1289 1371 1342 καὶ
1398 1290 1497 1360 ἢδη
1529 1290 1861 1362 πρεσϐύτης,

278 1375 395 1446 χρῷ
417 1376 595 1446 δῆλον,
622 1379 651 1430 ό
678 1377 984 1450 Φερεκύδης
1025 1380 1209 1450 φησιν.
1253 1380 1459 1434 Οὐκοῦν
1499 1382 1567 1436 τὰ
1604 1383 1706 1452 τῆς
1731 1384 1867 1438 ἁπο-

280 1468 466 1537 λογίας
496 1470 574 1532 είς
606 1470 706 1539 ἐμὲ
738 1470 1105 1542 περιΐσταται.
1141 1473 1204 1525 Ei
1236 1473 1292 1525 δὲ
1329 1474 1422 1526 καὶ
1468 1475 1560 1527 τὸν
1602 1475 1867 1546 πρότερον

277 1561 657 1632 ἁμαρτάνοντα
683 1562 765 1616 δεῖ
790 1564 1056 1635 πρότερον
1096 1565 1359 1632 ἐνδοῦναι,
1391 1568 1455 1620 σὺ
1485 1567 1531 1621 δ’
1564 1568 1664 1639 ἐμὲ
1690 1567 1867 1638 βούλει

275 1650 464 1705 τοῦτον
492 1648 651 1715 εἶναι,
676 1654 940 1728 συγχωρῶ
964 1657 1062 1729 σὴν
1095 1658 1255 1729 χάριν
1283 1658 1375 1711 καὶ
1414 1658 1591 1712 τοῦτο.
1620 1660 1713 1712 Δεῖ
1758 1659 1867 1733 γὰρ

277 1744 692 1817 ἀπιποιηθέντα
739 1764 831 1802 σου
892 1749 1176 1822 πρότερον,
1217 1750 1379 1816 εὐθὺς
1427 1750 1740 1824 ἐθελήσαντι
1782 1769 1865 1808 σοι

278 1833 603 1904 χαρίσασθαι
622 1879 639 1898 .

1963 516 2107 587 Ergo
2132 517 2333 571 iterum
2364 511 2633 569 Homerus
2673 511 3018 569 adhibendus
3039 511 3168 576 erit,
3220 508 3316 581 qui
3341 507 3545 565 alicubi

1964 607 2123 675 dixit,

2106 719 2311 789 Incipe,
2361 733 2485 773 nam
2525 725 2656 772 naut
2696 714 2874 769 minor
2900 730 2981 769 es.

2032 832 2221 905 Pugna
2267 832 2413 886 enim
2467 836 2631 899 atque
2656 827 2938 885 contentio
2981 825 3125 880 absut
3162 824 3383 894 quidem
3420 835 3542 876 om-

1963 927 2126 992 nino;
2162 924 2248 979 sin
2288 923 2469 992 aliqua
2501 919 2881 985 intervenerit,
2913 931 3032 973 eam
3069 912 3543 987 juniur‘incipiat.

1962 1019 2099 1071 Nam
2131 1015 2402 1087 ejusmodi
2429 1013 2706 1084 quidpiam
2737 1010 2990 1081 Neptuno
3018 1009 3073 1062 in
3099 1007 3341 1062 animum
3371 1004 3544 1065 venit,

1964 1117 2024 1164 nt
2055 1107 2376 1178 auspicandi
2421 1105 2595 1177 praelii
2645 1101 2853 1174 juniori
2903 1100 3006 1156 deo
3037 1107 3367 1169 potestatem
3409 1095 3547 1151 face-

1964 1211 2067 1257 ret.
2101 1201 2459 1255 Grandiorem
2489 1212 2621 1253 vero
2648 1204 2804 1258 natu,
2838 1194 3029 1265 pratire
3060 1191 3126 1246 ad
3159 1189 3544 1250 honestissima

1969 1307 2189 1364 quoque
2240 1298 2671 1346 consentaneum
2730 1296 2815 1342 est
2863 1303 2876 1340 :
2929 1282 3321 1339 honestissima
3382 1294 3549 1350 porro

1964 1382 2263 1439 concordia
2319 1389 2425 1437 est.
2481 1379 2597 1449 Ego
2653 1387 2838 1433 autem
2887 1364 3054 1446 quam
3111 1382 3164 1427 te
3221 1387 3329 1427 non
3386 1372 3548 1425 modo

1965 1474 2153 1530 senior
2194 1474 2319 1538 sim,
2372 1486 2564 1527 verum
2593 1471 2760 1524 etiam
2799 1483 2965 1525 senex
2992 1506 3007 1531 ,
3053 1466 3122 1521 de
3147 1472 3276 1519 cute
3316 1462 3548 1518 manife—

1967 1574 2112 1622 stum
2141 1573 2247 1631 est,
2278 1564 2457 1620 aiebat
2499 1562 2861 1634 Pherecydes.
2902 1560 3087 1627 Quare
3115 1572 3249 1612 mea
3283 1563 3415 1611 sunt
3451 1568 3550 1610 ex-

1966 1657 2197 1713 cusandi
2233 1657 2461 1727 parites.
2502 1654 2661 1721 Quod
2691 1654 2739 1710 si
2767 1653 2993 1723 insuper
3018 1664 3170 1713 eum,
3201 1635 3301 1718 qui
3337 1646 3550 1716 primus

1968 1749 2234 1821 peccarit,
2260 1747 2496 1819 primum
2527 1750 2725 1803 cedere
2748 1753 2802 1799 et
2824 1745 3068 1798 animum
3094 1740 3374 1795 remittere
3389 1751 3552 1809 opor-

1970 1848 2087 1907 tet;
2108 1847 2244 1895 actu
2266 1852 2356 1894 me
2378 1854 2506 1893 eum
2536 1852 2662 1893 esse
2685 1837 2791 1900 vis,
2814 1836 2917 1890 hoc
2932 1834 3101 1888 etiam
3125 1840 3217 1887 tua
3237 1842 3550 1889 causam

278 1926 437 1981 ccdo.
478 1925 635 1984 Hunc
654 1927 799 1984 enim
823 1944 925 1999 par
949 1938 1057 1998 est,
1091 1932 1185 2002 qui
1213 1939 1266 1987 te
1292 1932 1444 2003 prior
1471 1936 1768 1991 conciliare
1790 1934 1896 1992 sibi
1926 1931 2220 1999 studuerit,
2251 1932 2484 1987 subinde
2506 1931 2600 1986 tibi
2633 1927 2948 1984 condonare
2968 1938 3091 1996 qua
3110 1922 3374 1978 volueris.

806 2025 1155 2081 EHIETOAH
1193 2028 1340 2083 PIZ’.

902 2115 1255 2188 Ἠλιοδιὲῳφ.

362 2205 426 2259 Ἡ
460 2206 615 2278 φήμη
650 2207 796 2277 Λέγει
840 2207 1099 2265 δύνασθαί
1151 2228 1211 2265 σε
1252 2211 1423 2267 πολλὰ
1465 2212 1616 2284 παρὰ
1656 2213 1735 2286 τῷ
1769 2213 1867 2271 νῦν

280 2296 456 2369 ἔχοντι
508 2300 608 2370 τὴν
650 2301 963 2370 Αἰγυπτίων
1019 2304 1193 2377 ἀρχήν
1214 2321 1228 2336 ο
1290 2306 1385 2359 καὶ
1445 2307 1614 2379 ἀληθῆ
1678 2306 1863 2378 λέγει’

278 2388 613 2455 δικαιότατος
654 2392 763 2463 γὰρ
811 2390 881 2458 εί,
925 2395 1103 2460 καλῶς
1139 2397 1220 2468 τῷ
1260 2397 1519 2454 δύνασθαι
1561 2398 1861 2472 χρώμενος.

284 2484 471 2547 Ὅπως
499 2480 592 2537 οὖν
613 2482 760 2540 ὄναιο
785 2488 884 2558 τῆς
916 2490 1015 2559 σῆς
1037 2491 1252 2558 φύσεως
1279 2492 1371 2546 καὶ
1395 2492 1693 2565 δυνάμεως,
1720 2494 1864 2567 ὑπὲρ

279 2568 358 2629 ὧν
387 2578 417 2628 ό
442 2577 571 2646 ἐμὸς
623 2578 880 2641 Εὐσέϐιος
908 2582 1097 2646 δεῖται,
1121 2582 1370 2652 λέγοντος
1410 2585 1663 2652 ἄκουσον,
1689 2584 1759 2641 ἵν’
1783 2586 1863 2641 εί-

279 2669 376 2740 an;
406 2671 487 2724 ὅτι
516 2672 607 2726 καὶ
640 2674 843 2746 ῥήτορα
872 2676 1300 2748 συνεστήσαμεν.
1705 2666 1711 2677 ’

810 2934 1154 2989 ΕΠΙΣΤΟΛΗ
1200 2935 1349 2993 PIH'.

951 3027 1202 3095 Τρωΐλῳ.

356 3119 421 3172 Ei
447 3117 538 3171 τὸν
570 3117 727 3189 ἥρωα
765 3116 1068 3186 Μαξιμῖνον
1111 3115 1226 3187 [πο.
1272 3113 1637 3191 Μαξιμιανὺν]
1673 3113 1865 3174 οἰσθαο

285 3207 527 3279 διέτριψε
580 3208 690 3278 γὰρ
730 3208 919 3279 χρόνον
970 3208 1270 3277 ὑπόσυχνον
1321 3207 1414 3260 ἐπὶ
1471 3207 1866 3279 στρατοπέδουο

287 3299 506 3363 πάντως
545 3299 640 3352 καὶ
694 3300 776 3353 ὅτι
828 3299 1062 3370 χρηστὸς
1109 3294 1199 3369 ἦν,
1236 3293 1416 3352 οἶσθα.
1469 3298 1677 3352 Τούτου
1713 3300 1866 3363 παῖς,

285 3391 419 3461 ὲμὸς
452 3389 748 3462 ὲξανέψιος,
782 3390 839 3453 ὃς
888 3390 1142 3444 ἐπιδώσει
1179 3407 1262 3442 σοι
1313 3387 1411 3459 τὴν
1452 3388 1767 3460 ἐπιστολήν·
1807 3388 1869 3442 ὃν
1896 3376 1937 3433 C

286 3480 473 3553 ἔτερος
507 3480 605 3551 μέν
632 3496 716 3543 τις
746 3479 874 3542 ἴσως
905 3481 1000 3533 καὶ
1029 3478 1118 3533 διὰ
1154 3478 1252 3549 τὴν
1277 3476 1448 3548 τύχην
1469 3478 1692 3547 τιμήσει
1711 3494 1725 3509 ·
1764 3476 1872 3531 τῶν

286 3568 394 3641 γὰρ
441 3568 721 3639 ἀρξάντων
768 3568 917 3621 ἐστὶν
962 3568 1063 3622 οὐκ
1106 3566 1420 3637 ἀφιλότιμον
1467 3569 1663 3639 ἀρχήν.
1708 3566 1767 3619 '0
1815 3566 1873 3619 δὲ

286 3660 573 3729 φιλόσοφος
620 3648 1102 3731 Τρωϊλος”τᾶνδον
1146 3659 1335 3727 ὄψεται
1366 3656 1459 3711 τοῦ
1503 3656 1744 3722 νεανίου,
1773 3656 1874 3709 κὰ-

288 3749 469 3807 κεῖθεν
506 3750 669 3804 αὑτὸν
691 3750 988 3803 ἐπαινέσει.
1018 3748 1185 3819 Δῆλον
1210 3748 1267 3801 δὲ
1298 3749 1381 3803 ὅτι
1426 3747 1521 3801 καὶ
1556 3746 1873 3810 συνδιοίσεις

288 3842 361 3896 τὰ
384 3842 626 3913 παρόντα
666 3839 834 3910 αὐτῷ.
876 3840 1255 3912 Σπαράττεται
1294 3839 1403 3911 γὰρ
1443 3838 1550 3892 ὑπὸ
1587 3839 1874 3895 ἑνδεικτῶν

290 3934 473 3998 κακῶς
496 3932 805 4002 δπιφύντων
832 3935 899 4004 τῇ
930 3932 1177 4003 Κυρήνῃ,
1211 3932 1265 3984 εὶ
1293 3930 1375 4000 μὴ
1427 3931 1509 3984 σύ
1556 3948 1623 4000 γε
1661 3929 1874 3985 δύσεαι

292 4026 515 4097 ἀλκήν.
554 4027 621 4078 '0
662 4044 714 4081 τι
760 4025 869 4094 γὰρ
914 4023 1214 4094 Ἀνθέμιον,
1248 4024 1283 4093 ἡ
1316 4039 1437 4076 τινα
1468 4022 1575 4076 τῶν
1601 4023 1874 4093 ὁμοτίμων

289 4116 441 4187 αὐτῷ
471 4117 679 4181 πείσεις
720 4115 859 4186 ὑπὲρ
919 4114 1075 4186 ἡμῶν
1111 4131 1170 4168 τι
1212 4116 1309 4169 καὶ
1347 4113 1613 4186 τάληθοῦς
1644 4114 1875 4184 φθέγξα-

291 4210 437 4274 σθαι,
462 4208 621 4262 τοῦτο
664 4207 756 4262 σὺν
793 4206 945 4271 ἔσται
991 4206 1229 4269 πάντως,
1274 4208 1367 4260 καὶ
1410 4209 1474 4260 σὺ
1520 4209 1698 4261 αἰτίαν
1734 4207 1875 4272 ἕξεις

288 4300 387 4357 τοῦ
409 4300 722 4372 γενομένου.
747 4299 822 4353 Δι’
852 4297 971 4362 ἑνὸς
996 4294 1089 4350 οὖν
1112 4297 1300 4369 ἀνδρός
1318 4315 1377 4350 τε
1407 4298 1500 4351 καὶ
1531 4299 1871 4370 πράγματος,

287 4394 511 4479 δέομαι,
541 4391 919 4464 προθυμήθητι
946 4392 1053 4443 τῶν
1095 4392 1470 4463 παμπονήρων
1495 4390 1694 4446 τούτων
1724 4393 1874 4462 ἡμᾶς

288 4485 596 4550 Mundam.
625 4484 848 4556 θηρίων.
885 4484 959 4536 Τὸ
1002 4483 1112 4554 γὰρ
1155 4483 1512 4554 εὐωχηθῆναι
1544 4482 1642 4553 τὴν
1680 4485 1874 4554 πεῖραν

287 4579 404 4640 τοῖς
435 4575 693 4647 φθάσασι,
726 4574 950 4638 πολλοὺς
976 4574 1196 4644 ὁμοίους
1219 4572 1468 4642 γενέσθαι
1491 4574 1871 4645 προτρέψεται.

2364 2025 2532 2098 253
2568 2021 2914 2078 EPISTULA
2953 2016 3161 2076 cxvu.

2601 2113 2910 2168 Heliodoro.

2033 2207 2205 2264 Faam
2237 2216 2324 2265 est
2357 2208 2657 2280 plurimum
2687 2212 2744 2261 te
2771 2204 2919 2275 apud
2950 2201 3174 2274 Egypti
3227 2199 3547 2272 praefectum

1961 2302 2143 2375 gratia
2203 2310 2262 2358 et
2304 2300 2636 2357 auctoritate
2704 2298 2932 2363 valere;
2982 2307 3223 2363 vereque
3256 2292 3350 2346 illa
3386 2290 3457 2346 de
3494 2297 3549 2344 te

1964 2390 2229 2462 praedicat
2251 2407 2266 2444 :
2297 2390 2659 2460 dignissimus
2685 2388 2834 2443 enim
2886 2400 2948 2440 es
2972 2385 3066 2454 qui
3091 2390 3364 2454 potestate
3383 2393 3548 2451 quam

1965 2482 2197 2538 honeste
2236 2482 2434 2536 uteris.
2470 2480 2545 2536 Ut
2588 2479 2758 2551 igitur
2795 2477 3036 2547 aliquem
3075 2488 3142 2531 ex
3179 2473 3364 2529 indole
3397 2479 3552 2543 pote-

1965 2584 2222 2646 stateque
2254 2583 2349 2629 tua
2381 2574 2623 2628 fructum
2656 2572 2875 2641 capias,
2912 2583 3034 2640 quae
3083 2583 3241 2622 meus
3280 2564 3551 2621 Eusebius

1971 2668 2075 2724 abs
2103 2675 2159 2723 te
2185 2667 2494 2726 desideret.
2531 2679 2595 2718 ea
2641 2670 3005 2732 exponentem
3034 2660 3186 2712 illum
3223 2656 3449 2723 audias;
3493 2664 3553 2709 ut

1965 2761 2133 2817 etiam
2193 2766 2470 2815 oratorem
2529 2756 2815 2826 intelligas
2867 2769 2897 2806 a
2947 2765 3036 2808 me
3087 2767 3212 2808 esse
3265 2763 3553 2804 commen-

1966 2854 2181 2910 datum.

2455 2932 2795 2992 EPISTOLA
2819 2929 3052 2989 CXVIII.

2660 3026 2868 3082 Troilo.

2040 3124 2099 3182 Si
2151 3122 2511 3181 Maximinum
2547 3120 2770 3175 heroem
2800 3112 3136 3188 cognoscis:
3173 3110 3266 3166 diu
3300 3108 3448 3165 enim
3494 3108 3553 3164 in

1968 3217 2236 3273 comitatu
2269 3222 2524 3272 versatus
2551 3219 2636 3268 est
2663 3230 2679 3264 :
2714 3224 2943 3280 prorsus
2975 3213 3034 3262 ct
3059 3203 3314 3261 eumdem
3349 3203 3553 3257 bonum

1969 3308 2152 3363 virum
2210 3322 2337 3363 esse
2374 3303 2688 3374 cognoscis.
2736 3298 2914 3368 Hujus
2966 3298 3133 3359 ﬁlius,
3183 3293 3554 3349 consobrinus

1969 3414 2035 3454 ex
2072 3405 2227 3467 patre
2279 3411 2434 3451 meus
2470 3400 2597 3458 est,
2638 3392 2733 3461 qui
2768 3392 2867 3445 tibi
2912 3389 3079 3443 hasce
3119 3387 3330 3440 litteras
3353 3381 3551 3442 dabit;

1970 3489 2058 3543 cui
2095 3489 2240 3542 alius
2267 3486 2506 3541 fortasse
2539 3482 2813 3552 quispiam
2854 3480 2938 3557 vel
2973 3478 3045 3531 ob
3071 3475 3345 3531 fortunam
3372 3472 3552 3526 hono-

1970 3592 2086 3632 rem
2123 3576 2332 3629 tribuet
2378 3591 2393 3627 :
2433 3588 2496 3626 ex
2533 3572 2599 3625 iis
2627 3570 2775 3624 enim
2827 3574 2914 3623 est
2958 3565 3053 3636 qui
3104 3578 3217 3618 non
3252 3564 3552 3621 obscurum

1970 3665 2354 3736 magistratum
2406 3666 2716 3734 gesserunt.
2773 3659 2848 3713 At
2903 3655 3264 3728 philosophus
3327 3652 3551 3707 Troilus

1972 3756 2198 3812 intimos
2231 3754 2596 3809 adolescentis
2646 3766 2901 3806 recessus
2949 3749 3294 3819 penetrabit,
3333 3753 3389 3803 et
3422 3761 3552 3801 eum

1972 3847 2102 3902 inde
2151 3843 2420 3899 laudabit.
2476 3842 2836 3912 Perspicuum
2888 3847 3071 3895 autem
3122 3846 3211 3895 est
3264 3846 3316 3893 te
3374 3837 3454 3892 illi
3492 3836 3554 3892 in

1971 3937 2228 4009 praesenti
2285 3936 2623 3992 necessitate
2674 3928 2882 3989 auxilio
2940 3931 3208 3988 futurum.
3252 3929 3555 3986 Laceratur

1972 4029 2118 4083 enim
2162 4042 2192 4081 a
2236 4025 2572 4082 delatoribus
2612 4025 2665 4078 in
2708 4024 2959 4095 Cyrenen
2993 4021 3415 4092 grassantibus,
3447 4019 3556 4075 nisi

1972 4120 2106 4175 uires
2159 4118 2338 4172 induis
2387 4118 2517 4187 ipse.
2560 4114 2841 4183 Quidquid
2884 4112 3030 4168 enim
3082 4110 3418 4176 Anthemio,
3468 4108 3557 4163 vel

1973 4212 2130 4266 alteri
2168 4210 2400 4265 cuilibet
2432 4208 2549 4278 pari
2585 4207 2916 4261 auctoritate
2944 4219 3044 4275 pro
3081 4203 3241 4258 nobis
3264 4242 3281 4267 ,
3313 4216 3378 4257 ac
3407 4200 3555 4256 veri-

1972 4311 2082 4358 tate
2114 4304 2260 4373 loqui
2294 4300 2678 4372 persuaseris;
2713 4307 2866 4354 tuum
2894 4297 2996 4352 hoc
3021 4294 3210 4365 utique
3240 4292 3371 4355 erit,
3404 4290 3555 4360 ejus-

1969 4412 2108 4466 que,
2158 4395 2428 4467 quidquid
2476 4394 2680 4448 factnin
2716 4391 2862 4456 erit,
2895 4404 3068 4445 causa
3113 4402 3236 4443 esse
3267 4385 3555 4467 putabere.

1976 4486 2080 4543 Per
2108 4504 2277 4542 unum
2323 4487 2512 4557 itaque
2563 4485 2838 4540 hominem
2866 4521 2882 4549 ,
2931 4495 3211 4551 unumque
3252 4463 3554 4549 negotium,

1979 4594 2174 4650 quaeso
2205 4588 2280 4663 to,
2310 4578 2378 4633 da
2413 4590 2641 4649 operam
2673 4584 2733 4631 ut
2761 4590 2793 4629 a
2822 4570 3180 4645 nequissimis
3213 4570 3335 4626 istis
3360 4567 3557 4625 belluis

290 4677 612 4734 liberemur.
652 4673 768 4728 Hoc
798 4673 946 4729 enim
983 4673 1185 4743 ipsum,
1212 4673 1359 4743 quod
1416 4673 1485 4729 iis
1521 4675 1617 4745 qui
1672 4675 1981 4746 periculum
2046 4678 2211 4743 primi
2274 4677 2545 4742 iecerint,
2600 4687 2860 4745 prospere
2924 4667 3291 4736 successerit,
3349 4665 3558 4738 pleros-

288 4787 399 4844 que
434 4779 497 4826 ut
807 4779 935 4824 esse
975 4769 1147 4822 velint
1199 4768 1534 4825 hortabitur.

740 4908 741 4911 η
823 4859 1168 4913 ΕΠΙΣΤΟΛΗ
1200 4860 1345 4915 ΡῙΘ’.

959 4954 1002 5004 Τ
990 4953 1210 5020 parile).

362 5046 459 5109 Ei;
486 5046 744 5115 Διογένην
769 5045 799 5098 ὃ
828 5061 882 5099 τι
913 5042 979 5097 ἂν
1017 5046 1268 5115 ποιήσῃς,
1323 5037 1399 5099 ὧν
1431 5058 1511 5098 σοι
1538 5044 1699 5113 φύσις
1728 5047 1877 5125 ἐστὶν

292 5136 641 5210 ἐργάζεσθαι,
660 5136 811 5190 οὐδὲν
831 5135 1019 5207 καιρὸν
1040 5136 1136 5207 ἔσῃ
1161 5134 1494 5206 πεποιηκὼς,
1517 5135 1630 5189 ἀλλ’
1658 5139 1874 5190 ἐποικο-

291 5227 472 5300 δομῶν
518 5230 630 5292 τοῖς
681 5226 898 5281 σαυτοῦ.
954 5227 1261 5296 Κυρηναῖος
1320 5226 1429 5296 γάρ
1480 5226 1629 5289 ἐστι,
1676 5228 1774 5294 τῆς
1810 5225 1877 5277 δι’

296 5319 441 5388 ὑμᾶς
469 5317 549 5371 ἔτι
582 5317 806 5379 πόλεως.
840 5318 933 5369 Δεῖ
961 5315 1018 5370 δὲ
1048 5315 1108 5368 οὐ
1145 5314 1303 5384 μόνον
1337 5314 1582 5385 ἁθρόους,
1620 5315 1754 5367 ἀλλὰ
1784 5315 1881 5368 καὶ

295 5409 418 5466 καθ’
466 5409 567 5465 ἕνα
620 5410 944 5479 εὐεργετεῖν.
999 5407 1131 5461 Τίνα
1202 5405 1259 5459 δέ
1306 5406 1451 5458 ἐστιν
1495 5408 1552 5458 ὲν
1582 5400 1665 5470 οἷς
1713 5406 1881 5475 φίλων

293 5502 546 5576 δεήσεται
567 5503 843 5572 Διογένης,
865 5502 964 5554 οὐκ
985 5499 1121 5572 ἐμοῦ
1144 5499 1445 5569 γράφοντος
1466 5498 1877 5567 ἀναγινώσκειν,

296 5595 411 5650 ἀλλ’
463 5593 626 5648 αὑτοῦ
673 5593 920 5662 λέγοντος
966 5582 1184 5647 ἀκούειν
1224 5608 1283 5644 σε
1332 5590 1430 5644 δεῖ.
1483 5590 1649 5646 Οὐδὲν
1675 5591 1783 5660 γὰρ
1813 5591 1878 5644 ἂν

300 5689 507 5754 γένοιτο
536 5686 631 5741 τοῦ
666 5684 928 5747 παθόντος
958 5681 1404 5757 ῥητορικώτερον.
1448 5682 1761 5751 Μαρκιανδν
1785 5681 1874 5735 τὸν

300 5778 585 5848 φιλόσοφον
628 5778 717 5831 τὸν
758 5776 994 5847 ἄρξαντα
1036 5774 1401 5846 Παφλαγόνων
1455 5773 1709 5845 πρόσειπε
1747 5774 1872 5844 παρ’

2491 4851 2833 4909 EPISTOLA
2857 4848 3042 4906 CXIX.

2665 4941 2867 4999 Troilo.

2044 5036 2322 5107 Quidquid
2356 5036 2412 5092 in
2449 5034 2741 5105 Diogenem
2772 5032 3076 5088 contuleris
3098 5043 3288 5085 eorum
3342 5026 3411 5081 ad
3433 5041 3557 5097 quae

1976 5129 2287 5200 praestanda
2327 5136 2525 5183 natura
2565 5131 2919 5196 comparatus
2952 5139 3035 5187 es,
3068 5120 3204 5177 nihil
3249 5119 3374 5175 novi
3412 5116 3559 5174 fece-

1980 5223 2095 5284 ris,
2132 5222 2225 5277 sed
2257 5220 2364 5274 tuis
2395 5216 2605 5288 aliquid
2643 5217 2855 5271 meritis
2892 5211 3220 5269 astruxeris.
3260 5209 3560 5281 Cyrenaeus

1980 5315 2128 5369 enim
2153 5320 2260 5376 est,
2295 5328 2361 5367 ex
2388 5326 2476 5373 ea,
2523 5323 2643 5380 qua
2675 5316 2855 5362 vestra
2883 5320 3050 5376 opera
3087 5303 3391 5360 etiamnum
3425 5300 3560 5355 urbs

1978 5415 2082 5461 est.
2112 5406 2234 5460 Non
2265 5404 2443 5459 solum
2485 5410 2667 5455 autem
2704 5399 2773 5455 de
2826 5396 3130 5462 universis,
3154 5407 3349 5449 verum
3387 5382 3553 5445 etiam

1977 5501 2045 5554 de
2097 5496 2330 5568 singulis
2382 5494 2522 5550 bene
2572 5490 2768 5547 mereri
2817 5489 3095 5544 convenit.
3156 5486 3290 5551 Quae
3338 5483 3451 5539 sint
3494 5496 3558 5536 ea

1976 5603 2165 5659 porro,
2220 5595 2445 5656 prepter
2475 5598 2596 5655 quae
2625 5581 2824 5637 amicis
2854 5594 2993 5651 opus
3028 5577 3225 5632 habeat
3263 5573 3554 5644 Diogenes.

1977 5696 2084 5737 non
2118 5678 2396 5734 scribente
2445 5691 2530 5730 me
2561 5677 2739 5744 legere
2763 5712 2779 5737 ,
2815 5672 2911 5728 sed
2938 5685 3003 5726 eo
3032 5669 3252 5726 dicente
3277 5666 3473 5722 audire
3503 5673 3555 5718 te

1986 5777 2214 5844 oportet.
2247 5768 2394 5826 Nihil
2434 5767 2576 5824 enim
2607 5765 2780 5837 possit
2807 5779 2874 5822 eo
2916 5778 3039 5821 esse
3062 5801 3078 5831 ,
3128 5759 3232 5833 qui
3262 5771 3557 5832 perpessus
