3986 6158
502 304 641 361 N99
1564 307 1832 365 SYNESII
1876 307 2340 367 PTOLEMAIDIS
2379 304 2690 362 EPISCOPI
3648 295 3786 352 Hoc

501 424 610 489 sit,
651 422 938 479 disertius.
989 422 1329 480 Marcianum
1365 426 1792 498 phil090phum,
1839 431 1931 501 qui
1980 428 2079 483 Pa-

2185 426 2340 499 ὲμοῦ.
2374 426 2492 479 Κάν
2533 442 2585 477 τι
2630 423 2879 493 δύνηται’
2917 417 3250 488 στοχάζομαι
3285 417 3344 469 δὲ
3387 416 3472 469 δτι
3522 414 3788 471 δύναται.

502 514 811 584 phlagonias
841 515 1078 585 prmfuit,
1129 533 1250 571 meo
1291 520 1515 573 nomine
1541 522 1751 578 salutes
1786 524 1969 577 velim.
2015 520 2080 577 Et

2183 519 2480 575 κωλυσάτω
2512 516 2746 587 συγγενῆ
2790 532 2890 585 μου
2933 512 3134 583 σφόδρα
3177 510 3503 610 αὐτανέψιον
3533 506 3655 610 [γρΔ
3688 509 3784 610 άν-

505 606 550 658 si
583 606 861 676 quidp’am
913 615 1126 676 potest,
1181 609 1343 680 257
1383 627 1543 679 posse
1596 623 1779 668 autem
1813 616 2079 685 conjicio,

2181 609 2454 683 τανέψιον]
2486 650 2501 674 ,
2552 609 2711 680 ἔργον
2749 606 2999 677 γενέσθαι
3054 603 3406 673 συκοφαντῶν
3467 601 3781 662 ὲνδκκτῶν,

505 697 650 751 istud
694 697 987 767 prohibere
1017 702 1349 766 contendat,
1382 720 1451 759 ne
1497 705 1542 760 is
1584 707 1680 776 qui
1727 723 1938 762 mecum
1989 708 2080 762 ad-

2182 706 2376 758 κοινῶν
2415 703 2728 775 ἀλαστόρων
2758 703 2855 773 τῆς
2890 699 3100 771 χώρας·
3137 699 3196 751 ὃν
3231 714 3312 751 σοι
3367 695 3506 767 μετὰ
3539 696 3641 765 τῆς
3666 697 3786 747 ἑπι-

507 788 725 843 modum
759 792 1093 860 cognatione
1126 795 1457 862 conjunctus
1487 807 1540 851 et
1570 799 1938 854 consobrinus
1975 808 2080 866 est,

2186 800 2377 868 στολῆς
2407 797 2519 850 υἱὸν
2553 794 2863 866 ἐγχειρίζω,
2885 792 2951 845 δι’
2976 791 3035 845 ὃν
3072 791 3223 855 όντες
3249 788 3471 859 ἀδελφοὶ
3501 788 3619 850 δύο,
3640 790 3785 857 τρεῖς

503 896 533 931 a
564 879 906 938 delatoribus
959 885 1461 951 calumniantibus,
1507 890 1839 945 certissimis
1890 892 2080 960 patria:

2184 888 2587 961 ἁριθμούμεθα.

505 983 709 1027 nostra:
756 975 1040 1045 pestibus,
1097 979 1294 1035 misere
1344 982 1669 1037 conﬁciatur
1713 999 1725 1034 :
1784 1000 1946 1053 quem
1984 987 2080 1040 tibi

2181 1002 2246 1043 Im
2294 990 2396 1042 hac
2442 981 2678 1054 epistola
2707 981 2801 1035 lilii
2832 980 2954 1035 loco
2979 975 3287 1040 committo,
3330 981 3558 1044 preptcr
3599 987 3788 1045 quem.

505 1079 628 1119 cum
656 1065 765 1121 duo
794 1067 1064 1122 duntaxat
1098 1069 1299 1126 fratres
1327 1073 1525 1136 simus,
1553 1081 1668 1129 tres
1701 1091 2078 1134 uumeramur.

1035 1202 1377 1259 EPlSTOLA
1409 1205 1572 1262 CXX.

2734 1206 3078 1263 ΕΠΙΣΤΟΛΗ
3113 1204 3242 1258 PK’.

2816 1340 2901 1408 τῷ
2926 1339 3189 1411 ἀδελφῷ.

578 1448 774 1506 Medici
824 1454 1003 1509 solent
1065 1455 1136 1511 iis
1186 1458 1280 1527 qui
1330 1474 1476 1529 aegre
1552 1472 1817 1517 evomunt
1888 1461 2080 1532 tepida

2262 1460 2325 1512 Ui
2367 1456 2759 1527 Ἀσκληπιάδαι
2807 1457 2917 1519 τοῖς
2964 1454 3280 1525 δυσεμέτοις
3319 1452 3514 1515 ὓδατος
3562 1450 3791 1522 χλιαροῦ

506 1556 667 1612 aqua:
707 1545 1070 1604 sorbitionem
1108 1552 1501 1619 praescribere,
1540 1562 1599 1607 ut
1639 1554 1786 1625 quod
1820 1556 1972 1610 intus
2005 1560 2080 1609 est

2190 1550 2424 1604 διδόασιν
2476 1551 2826 1622 άπορῤοφείν,
2886 1548 2973 1601 ἵνα
3035 1546 3210 1618 τούτῳ
3273 1544 3790 1599 συνεπισπάσωνται

506 1651 634 1689 cum
689 1651 752 1692 ea
791 1638 954 1695 simul
1007 1643 1322 1699 extrahant.
1366 1644 1502 1701 Volo
1544 1647 1711 1718 igitur
1761 1664 1935 1706 novos
1986 1649 2080 1703 tibi

2194 1643 2286 1695 καί
2312 1641 2374 1695 τὸ
2402 1640 2885 1713 προαποκείμενον.
2913 1639 3185 1710 Βούλομαι
3210 1637 3273 1708 δή
3306 1653 3388 1690 σοι
3415 1633 3576 1705 κάγὼ
3606 1636 3790 1705 φήμας

508 1741 762 1785 rumores
788 1733 1081 1795 nuntiare,
1111 1736 1205 1804 qui
1237 1735 1304 1790 ad
1350 1754 1437 1793 me
1472 1755 1645 1809 nuper
1671 1756 1735 1793 ex
1780 1740 2080 1798 continenti

2187 1731 2377 1797 καινὰς
2406 1732 2632 1803 ἔναγχος
2654 1733 2719 1785 ἐκ
2742 1731 2845 1803 τῆς
2877 1730 3105 1804 ἠπείρου
3134 1728 3584 1799 διακομισθεῖσας
3609 1728 3792 1795 ἀπαγ-

494 1831 638 1881 sint
667 1823 857 1888 allati,
905 1834 967 1879 ut
1016 1826 1141 1883 illos
1189 1842 1315 1883 cum
1358 1828 1546 1886 fenore
1587 1832 1719 1886 mihi
1757 1832 1998 1901 reddas,
2042 1833 2080 1890 si

2192 1823 2390 1891 γεῖλαι,
2422 1824 2510 1878 ἴνα
2549 1841 2638 1895 μοι
2676 1823 3108 1887 πολλαπλασίους
3148 1822 3319 1886 αὐτὰς
3349 1819 3590 1901 ἀποδῷς.
3624 1835 3796 1891 προα-

506 1913 638 1980 quid
675 1916 823 1970 nosti
860 1917 1121 1987 amplius,
1163 1918 1432 1989 adjiciens

2195 1915 2308 1982 θεὶς
2336 1917 2389 1971 et
2421 1933 2475 1970 τι
2510 1916 2670 1970 πλέον
2701 1916 2857 1980 εἰδὼς
2888 1916 3201 1988 τυγχάνεις.

1018 2051 1356 2110 EPISTULA
1395 2054 1583 2112 CXXI.

2701 2050 3048 2104 ΕΠΙΣΤΟΛΗ
3086 2051 3265 2105 PKA'.

1196 1342 1398 1399 Fratri.

926 2186 1216 2244 Anastasio
1255 2189 1668 2261 hydrocometaz.

2309 2184 2676 2251 Ἀναστασίῳ
2706 2185 3097 2257 ὐδροκωμήτῃ
3129 2184 3245 2261 [γρ.
3277 2184 3680 2260 ceremiam].

578 2295 805 2369 Ulysses
833 2298 1168 2372 Polyphemo
1209 2304 1476 2371 suadebat
1533 2315 1594 2361 ut
1637 2324 1668 2364 e
1704 2310 1972 2380 spelunca
2029 2328 2080 2371 se

2279 2288 2562 2362 Ὀδυσσεὺς
2595 2298 2777 2353 ἔπειθε
2824 2299 2914 2353 τὸν
2954 2298 3281 2370 Πολύφημον
3319 2296 3593 2366 διαφεῖναι
3628 2298 3790 2354 αὐτὸν

503 2388 825 2447 dimitteret.
862 2391 1156 2450 Veterator
1184 2397 1331 2451 enim
1355 2440 1369 2463 ,
1403 2390 1621 2465 aiebat,
1646 2416 1747 2472 ego
1792 2418 1913 2457 sum
1942 2444 1956 2467 ,
1988 2420 2077 2475 op.

2190 2388 2256 2441 ὲκ
2281 2387 2375 2440 τοῦ
2414 2390 2698 2461 σπηλαίου.
2741 2391 2882 2462 Γόης
2916 2390 3023 2462 γάρ
3072 2392 3209 2462 εἰμι,
3239 2390 3333 2444 καὶ
3385 2392 3465 2454 εἰς
3503 2390 3699 2463 καιρὸν
3724 2392 3790 2445 ἄν

507 2488 853 2550 portuneque
889 2484 986 2538 tibi
1040 2486 1337 2541 admodum
1389 2488 1641 2544 subsidio
1698 2490 1937 2556 fuerim,
1997 2495 2080 2549 cui

2193 2495 2276 2531 σοι
2324 2480 2558 2552 παρείην
2603 2482 2704 2534 οὐκ
2753 2480 3069 2553 εὐτυχοῦντι
3118 2481 3187 2534 τά
3236 2483 3322 2544 εις
3367 2484 3461 2534 τὸν
3503 2479 3791 2534 θαλάττιον

507 2570 705 2625 marini
750 2588 972 2630 amores
1020 2576 1100 2630 illi
1145 2592 1255 2633 non
1303 2579 1441 2634 satis
1472 2593 1538 2634 ex
1566 2590 1695 2635 voto
1730 2581 2080 2651 respondent.

2190 2569 2389 2641 ἔρωτα.
2431 2571 2571 2626 Ἀλλ’
2604 2572 2716 2641 ἐγώ
2748 2579 2831 2628 τοι
2870 2574 2964 2627 καὶ
3012 2573 3227 2644 ἐπῳδάς
3277 2570 3415 2637 οἶδα,
3473 2574 3568 2627 καὶ
3619 2589 3789 2627 καταο

507 2660 719 2717 Ειεηὶηι
754 2679 858 2735 ego
884 2667 1172 2723 cantiones
1203 2669 1468 2739 quasdam
1502 2669 1623 2725 scio
1647 2708 1661 2732 ,
1703 2680 1757 2725 et
1786 2686 1960 2727 nexus
1981 2711 1998 2736 ,
2031 2683 2080 2727 et

2188 2663 2440 2734 δέσμους,
2484 2665 2579 2719 καὶ
2626 2666 2897 2737 ἐρωτικὰς
2945 2668 3315 2736 κατανάγκας,
3360 2661 3451 2731 αἷς
3487 2668 3591 2722 οὐκ
3640 2668 3789 2732 εἰκὸς

503 2757 803 2812 amatorias
835 2758 1124 2816 illecebras
1146 2803 1160 2826 ,
1206 2762 1412 2831 quibus
1439 2764 1523 2817 vel
1552 2763 1826 2817 tantillum
1856 2762 2080 2819 Galatea

2190 2756 2460 2826 ἀντισχεῖν
2511 2757 2634 2811 οὐδὲ
2690 2758 3010 2832 προσϐραχὺ
3078 2760 3178 2834 τὴν
3236 2759 3555 2838 Γαλάτειαν.
3610 2761 3786 2815 Μόνον

501 2845 763 2902 resistere
807 2864 917 2903 non
960 2858 1159 2920 potest.
1207 2851 1321 2907 Hoc
1362 2861 1418 2907 tu
1464 2854 1642 2908 solum
1686 2856 1890 2910 ostium
1932 2871 2080 2912 αιτιοι

2190 2848 2455 2921 ὑπόστηθι
2495 2852 2559 2904 σὺ
2589 2851 2689 2922 τὴν
2733 2850 2904 2923 θύραν
2949 2854 3314 2924 άποκινῆσαι’
3350 2852 3551 2922 μᾶλλον
3594 2852 3655 2906 δὲ
3698 2851 3790 2905 τόν

505 2945 630 2992 veto
657 2981 672 3005 ,
703 2940 789 2994 vel
828 2956 1020 2995 saxum
1070 2944 1218 2998 istud
1266 2946 1459 3016 ingens
1501 2946 1687 3015 potius
1726 2963 1741 2999 :
1777 2947 1909 3000 mihi
1938 2949 2080 3001 enim

2190 2941 2382 3013 θυρεὸν
2410 2941 2616 2996 τοῦτον.
2656 2943 2812 3012 Ἐμοὶ
2853 2943 2950 3014 μὲν
2982 2945 3091 3016 γάρ
3131 2945 3226 2997 καὶ
3271 2944 3621 3015 ἀκρωτήριον
3651 2940 3790 2997 εἶναι

505 3030 589 3084 vel
636 3036 1075 3100 promontorium
1129 3051 1254 3091 esse
1303 3037 1543 3092 videtur.
1593 3038 1704 3109 Ego
1751 3054 1882 3093 vero
1929 3041 1995 3094 ad
2035 3048 2080 3094 te

2189 3034 2461 3103 φαίνεται.
2501 3034 2643 3103 Ἐγὼ
2670 3034 2728 3088 δὲ
2765 3037 3022 3108 ἐπανήξω
3054 3054 3156 3099 σοι,
3185 3036 3380 3090 θάττον
3421 3036 3454 3106 ἧ
3499 3036 3661 3105 λόγος
3692 3036 3789 3109 τὴν

505 3099 771 3187 revertar,
807 3138 932 3178 cum
969 3126 1119 3181 dicto
1149 3128 1315 3183 citius
1358 3131 1596 3199 puellam
1643 3132 1900 3204 adegero.
1944 3131 2080 3197 Quid

2192 3099 2358 3180 παῖδα
2410 3099 3023 3198 κατεργασάμενος-ΖΠ
3070 3129 3213 3197 λέγω
3261 3099 3787 3199 κατεργασάμενοςς

504 3213 638 3277 dixi,
660 3213 895 3285 adegero
911 3216 934 3269 ?
952 3216 1128 3288 Ipsam
1155 3220 1302 3283 illam
1322 3223 1510 3278 multis
1531 3224 1824 3295 praestigiis
1849 3225 2080 3279 adductu

2191 3219 2371 3290 Αὐτὴν
2398 3221 2612 3290 ἐκείνην
2633 3221 2899 3291 ἀποφανῶ
2926 3236 3007 3272 σοι
3028 3219 3186 3293 δεῦρο
3212 3221 3435 3285 πολλαῖς
3464 3220 3611 3289 ἴυγξι
3635 3238 3792 3290 γενο-

506 3303 720 3359 facilem
758 3308 1031 3377 praebebo.
1064 3310 1257 3365 Orabit
1279 3321 1353 3378 te,
1384 3322 1439 3369 et
1471 3316 1827 3373 obsecrabit:
1870 3328 1926 3374 tu
1958 3336 2089 3376 vero

2194 3306 2361 3378 μένην
2387 3307 2666 3379 ἀγώγιμον
2685 3325 2698 3338 ·
2732 3309 2826 3362 καὶ
2857 3309 3109 3380 δεήσεταί
3143 3327 3238 3364 σου
3268 3311 3361 3365 καὶ
3401 3311 3746 3381 ἀντιϐολήσει
3772 3327 3784 3340 '
3880 3333 3887 3337 '

503 3395 729 3453 delicias
757 3414 884 3469 ages
908 3441 922 3464 ,
967 3410 1019 3455 et
1049 3403 1265 3461 illudes.
1311 3404 1701 3464 Verumtamen
1738 3413 1925 3466 nescio
1953 3414 2086 3483 quid

505 3488 722 3548 interim
778 3490 1053 3561 ejusmodi
1103 3499 1424 3567 scrupulum
1471 3501 1682 3570 injicit;
1721 3518 1790 3557 ne
1821 3505 2084 3560 vellerum

502 3584 854 3640 succldorum
929 3588 1072 3644 fetor
1150 3590 1396 3648 delicatae
1471 3596 1668 3665 puellae
1702 3636 1716 3661 ,
1779 3590 2089 3668 saepiusque

480 3674 574 3730 ‘de
606 3676 695 3733 die
741 3679 941 3736 lavanti
1010 3682 1258 3754 ingratus
1310 3685 1542 3742 accidat.
1592 3687 1862 3745 Consulto
1904 3692 2089 3762 itaque

505 3768 731 3837 feceris,
766 3774 812 3827 si
861 3775 1042 3828 omnia
1073 3791 1408 3845 componens
1442 3793 1691 3844 everras,
1718 3791 1772 3836 et
1802 3783 1987 3847 eluas,
2023 3796 2089 3837 ac

503 3861 690 3919 sufﬁas
729 3864 1042 3920 cubiculum
1073 3885 1088 3922 :
1121 3869 1405 3940 multoque
1432 3869 1612 3925 adhuc
1656 3873 1967 3930 consultius
1991 3916 2005 3939 ,
2038 3875 2086 3931 si

502 3963 556 4008 et
591 3969 827 4012 coronas
859 3961 1140 4026 paraveris
1169 3976 1234 4014 ex
1270 3962 1470 4017 hedera
1493 4004 1509 4028 ,
1545 3970 1599 4018 et
1631 3966 1910 4030 similace,
1948 3982 2085 4038 quas

503 4047 641 4111 tibi,
694 4049 914 4119 tuisque
969 4049 1181 4107 deliciis
1235 4052 1507 4124 imponas.
1570 4054 1678 4110 Sed
1735 4057 1866 4127 quid
1920 4060 2084 4114 etiam

504 4139 763 4195 restitas?
807 4141 925 4196 Non
969 4144 1080 4214 jam
1121 4142 1265 4200 fores
1297 4147 1584 4203 emoliris?
1629 4146 1710 4202 Ad
1754 4149 1868 4205 haec
1919 4153 2088 4222 igitur

503 4227 865 4301 Polyphemus
919 4234 1248 4289 cachinnum
1310 4238 1544 4301 extulit,
1601 4247 1866 4307 quantum
1909 4245 2086 4312 potuit

502 4321 823 4383 maximum,
852 4339 1154 4394 manusque
1178 4328 1487 4396 complosit.
1519 4327 1584 4382 Et
1617 4327 1839 4401 Ulysses
1864 4334 2083 4402 quidem

2192 3402 2257 3452 σὺ
2296 3398 2351 3453 δὲ
2379 3399 2546 3473 άκκιῇ
2592 3401 2686 3454 καὶ
2733 3401 3158 3474 κατειρωνεύσῃ.
3187 3401 3357 3475 ’Δτᾶρ
3392 3404 3601 3474 μεταξύ
3632 3404 3705 3473 μέ
3734 3420 3788 3457 τι

2190 3491 2283 3544 καὶ
2313 3491 2550 3546 τοιοῦτον
2577 3491 2793 3563 ἔθραξε.
2823 3493 2897 3565 μὴ
2942 3493 3049 3546 τῶν
3090 3493 3298 3547 κωδίων
3326 3497 3354 3548 ὁ
3379 3495 3584 3566 γράσος
3616 3493 3788 3565 ἀηδὴς

2187 3581 2412 3651 γένηται
2456 3583 2591 3654 κόρῃ
2640 3582 2939 3654 τρυφώσῃ..
2994 3584 3085 3637 καὶ
3133 3583 3416 3654 λουομένη,
3436 3585 3536 3654 τῆς
3575 3582 3790 3653 ἡμέρας

2188 3672 2469 3738 πολλάκις.
2518 3675 2697 3728 Καλὸν
2747 3671 2841 3729 οὖν
2883 3677 2932 3728 εἰ
2986 3675 3163 3729 πάντα
3196 3675 3524 3746 εύθετήσας,
3554 3675 3790 3747 ὲκκορή-

2192 3766 2342 3830 σειάς
2363 3783 2423 3819 τε
2476 3766 2571 3820 καὶ
2611 3766 2917 3831 ἐκπλυνεϊς,
2956 3770 3052 3822 καὶ
3095 3767 3485 3836 ὲνθυμιάσειας
3515 3766 3577 3821 τὸ
3602 3766 3790 3839 δωμά-

2187 3873 2301 3912 τιον
2321 3874 2336 3889 ·
2372 3857 2451 3911 ἔτι
2499 3857 2555 3912 δὲ
2596 3858 2834 3925 κάλλιον,
2870 3861 2919 3913 εἰ
2961 3861 3055 3914 καὶ
3088 3860 3391 3928 στεφάνους
3431 3860 3788 3932 παρασκευά-

2190 3964 2330 4013 σαιο,
2359 3948 2543 4002 κιττοῦ
2570 3966 2630 4003 τε
2668 3951 2761 4004 καὶ
2803 3951 3033 4020 μίλακος
3231 3950 3431 4023 σμίλ,],
3461 3948 3549 4015 οἷς
3590 3951 3786 4004 σαυτόν

2184 4057 2247 4093 τε
2299 4040 2487 4095 καὶτὰ
2519 4042 2744 4095 παιδικὰ
2784 4044 3096 4113 άναδήσαιο.
3140 4042 3297 4096 Ἀλλά
3338 4044 3393 4096 τί
3446 4043 3784 4114 διατρίϐειςς

2187 4137 2302 4190 Οὐκ
2327 4137 2596 4208 ἐγχειρεῖς
2621 4137 2720 4210 ἤδη
2753 4142 2818 4210 τῇ
2847 4139 2985 4212 θύρᾳ
3011 4157 3025 4203 ;
3060 4140 3204 4212 Πρὸς
3228 4136 3322 4194 οὖν
3352 4140 3530 4195 ταῦτα
3562 4144 3592 4196 ό
3616 4140 3785 4195 Πολύ-

2186 4244 2368 4299 φημος
2394 4229 2729 4300 ἐξεκάγχασέ
2765 4247 2827 4284 τε
2858 4232 2982 4286 ὅσον
3002 4231 3231 4301 ἠδύνατο
3265 4232 3549 4303 μέγιστον,
3581 4234 3676 4286 καὶ
3707 4231 3782 4285 τὼ

2184 4323 2335 4392 χεῖρε
2373 4323 2658 4393 ἐκρότησε.
2708 4323 2818 4377 Καὶ
2872 4324 2903 4374 ό
2951 4324 3050 4395 μὲν
3094 4324 3386 4387 Ὀδυσσεὺς
3432 4322 3574 4395 ᾤετο
3627 4324 3783 4378 αὐτὸν

501 4424 610 4480 prae
642 4411 842 4481 gaudio
878 4412 1028 4466 illum
1064 4415 1148 4468 sui
1186 4426 1491 4485 compotem
1530 4434 1637 4473 non
1683 4435 1806 4476 esse
1838 4424 2079 4479 arbitra-

2188 4410 2292 4463 ὑπὸ
2334 4415 2614 4483 χαρμονῆς
2656 4412 2758 4466 οὐκ
2789 4412 2934 4484 ἔχειν
2958 4414 2988 4467 δ
3019 4430 3070 4467 τι
3118 4414 3296 4484 ἑαυτῷ
3337 4415 3631 4485 χρήσαιτο,
3657 4430 3778 4467 κατ·

499 4505 693 4571 batnr,
754 4503 900 4574 quod
945 4520 1004 4560 se
1053 4506 1169 4563 suis
1221 4506 1432 4564 deliciis
1476 4511 1776 4579 potiturum
1808 4523 2075 4582 speraret.

497 4598 566 4651 At
608 4598 700 4653 ille
755 4607 998 4654 mentum
1033 4598 1154 4668 ejus
1196 4600 1394 4655 leniter
1431 4602 1781 4670 demulcens,
1813 4605 1981 4678 258
2032 4607 2078 4663 Ο

492 4687 706 4744 Nemo!
738 4689 919 4758 dixit,
958 4691 1291 4748 vaferrimus
1320 4693 1616 4750 homuncio
1667 4696 1800 4752 mihi
1846 4699 2085 4763 videris,

495 4790 551 4837 et
589 4795 773 4836 rerum
824 4798 928 4837 usu
964 4782 1219 4839 detritus.
1258 4783 1460 4840 Verum
1494 4787 1641 4842 aliud
1670 4788 1931 4859 quiddam
1962 4806 2077 4846 mo-

497 4873 639 4928 lire:
694 4887 796 4929 nec
828 4874 974 4929 enim
1020 4874 1139 4945 ipse
1185 4876 1370 4947 fugam
1426 4877 1552 4933 inde
1583 4893 1861 4949 capesses.
1899 4883 2077 4953 Atque

497 4965 682 5040 Ulyssi
736 4966 959 5038 quidem
1019 4966 1177 5040 (nam
1239 4967 1497 5037 injuriam
1546 4986 1679 5026 sane
1728 4973 2075 5046 patiebatur)

494 5073 597 5114 sua
626 5073 857 5129 prorsus
886 5067 1004 5115 erat
1034 5057 1324 5130 profutura
1360 5060 1655 5115 calliditas.
1707 5061 1783 5117 De
1831 5073 1882 5118 te
1922 5080 2076 5133 vero,

494 5150 588 5216 qui
620 5150 852 5206 audacia
896 5150 1223 5222 Cyclopem,
1274 5150 1434 5208 factis
1469 5152 1764 5224 Sisyphum
1796 5153 2033 5211 referres
2056 5199 2070 5223 ,

488 5242 704 5311 justitia
731 5257 926 5314 pmnas
956 5244 1224 5314 sumpsit,
1259 5242 1456 5313 lexque
1487 5244 1838 5309 constrinxit,
1873 5247 2072 5316 quibus

493 5346 776 5401 nunquam
802 5332 1012 5387 utinam
1052 5330 1274 5388 iiludas.
1312 5330 1469 5399 Quod
1504 5332 1551 5388 si
1593 5333 1818 5388 omnino
1861 5334 2073 5406 legibus

494 5422 836 5493 superiorem
884 5428 938 5476 te
981 5437 1105 5478 esse
1154 5438 1380 5479 necesse
1417 5430 1501 5479 est
1546 5441 1559 5479 :
1610 5433 1663 5479 at
1707 5439 1808 5494 ego
1864 5440 1972 5480 non
2025 5428 2073 5484 is

493 5514 596 5566 sim
664 5509 758 5580 qui
794 5526 889 5567 eas
947 5513 1194 5580 solvam,
1234 5522 1328 5569 aut
1379 5515 1622 5570 carceris
1672 5513 1820 5570 fores
1880 5515 2071 5571 eilrin-

495 5617 638 5668 gum.
665 5601 878 5657 Etenim
924 5604 970 5658 si
1013 5604 1150 5676 reip.
1200 5621 1366 5677 penes
1405 5608 1690 5678 episcopos
1724 5616 1871 5663 esset
1900 5611 2074 5664 admi-

476 5688 773 5755 nistratio,
830 5692 1051 5749 eosdem
1107 5696 1256 5765 ipsos
1312 5709 1590 5769 Oporteret
1634 5701 1892 5771 nequitiae
1949 5717 2072 5758 essc

2186 4502 2479 4556 ελπὲσαντα
2528 4504 2641 4558 τῶν
2690 4505 2959 4559 παιδικῶν
3005 4504 3377 4577 περιέσεσθαι.
3429 4506 3494 4559 '0
3526 4505 3607 4571 δι,
3652 4507 3783 4559 ὐπο-

2175 4595 2462 4663 γενειάσας
2490 4597 2674 4663 αὑτὸν,
2708 4594 2778 4649 Ὦ
2809 4596 2963 4661 Olim,
2992 4597 3094 4670 ἔφη
3116 4613 3131 4627 ⁸
3182 4597 3518 4670 δριμύτατον
3560 4599 3666 4670 μὲν
3693 4599 3780 4653 ἂν·

2174 4688 2416 4759 θρώπιον
2471 4687 2653 4753 ἔοικας
2706 4685 2846 4744 εἶναι
2871 4729 2886 4753 ,
2938 4690 3035 4743 καὶ
3090 4690 3674 4762 ἑγκατατετριμμὲνον
3717 4690 3773 4742 ἐν

2175 4780 2511 4851 πράγμασιν.
2540 4779 2703 4833 Ἀλλο
2743 4781 2926 4852 μέντοι
2982 4798 3035 4835 τι
3091 4780 3371 4835 ποίκιλλυ
3416 4782 3638 4836 ἐνθένδε
3672 4782 3776 4851 γὰρ

2174 4872 2274 4926 οὐκ
2306 4872 2651 4944 ἀποδράσεις.
2691 4873 2749 4928 '0
2783 4873 2883 4944 μὲν
2910 4867 3017 4941 οὖν,
3043 4873 3332 4939 Ὀδυσσεὺς
3369 4873 3650 4943 (ἠδικεῖτο
3676 4874 3777 4946 γάρ

2174 4965 2371 5034 ὖντως)
2400 4964 2622 5036 ἔμελλεν
2647 4963 2755 5031 ἄρα
2784 4967 2883 5037 τῆς
2913 4966 3250 5037 πανουργίας
3279 4964 3595 5036 ὀνήσεσθαι.
3626 4967 3699 5020 ΣΒ
3724 4966 3777 5019 δὲ

2176 5057 2457 5113 Κύκλωπα
2490 5058 2587 5129 μὲν
2608 5055 2740 5110 ὄντα
2776 5059 2841 5128 τῇ
2870 5057 3065 5129 τόλμῃ,
3109 5058 3344 5127 Σίσυφον
3370 5057 3430 5111 δὲ
3452 5060 3571 5121 τοῖς
3599 5059 3777 5129 tusi.-

2178 5149 2385 5219 ρήμασι
2410 5148 2531 5220 δίκη
2568 5148 2826 5220 μετῆλθε,
2876 5149 2971 5204 καὶ
3012 5149 3177 5219 νόμος
3216 5147 3525 5219 καθεῖρξεν,
3571 5142 3654 5203 ὧν
3701 5149 3771 5220 μή

2175 5256 2306 5294 ποτε
2347 5242 2410 5295 σὺ
2444 5241 2893 5310 καταγελάσειας.
2926 5241 2991 5293 Εἰ
3016 5239 3074 5293 δὲ
3113 5240 3196 5294 δεῖ
3233 5240 3449 5303 πάντως
3482 5241 3773 5312 ὑπερέχειν

2180 5331 2240 5384 σὲ
2268 5330 2376 5384 τῶν
2400 5332 2610 5403 νόμωνο
2639 5331 2777 5385 ἀλλὰ
2806 5332 2880 5402 μὴ
2911 5329 3088 5399 ἔγωγε
3133 5330 3252 5401 εἵην
3278 5331 3309 5383 ό
3348 5329 3649 5400 παραλύων
3673 5331 3770 5384 αύ-

2175 5424 2325 5489 τοῦς,
2349 5424 2443 5477 καὶ
2481 5422 2581 5487 τὰς
2621 5422 2794 5496 θύρας
2833 5423 3221 5494 καταρῤηγνὺς
3259 5420 3352 5496 τοῦ
3398 5421 3494 5474 ἐπὶ
3533 5424 3653 5486 τοῖς
3691 5422 3772 5477 δε-

2179 5517 2425 5588 σμώταις
2453 5517 2771 5589 οἰκήματος.
2797 5516 2906 5571 Καὶ
2930 5514 3040 5584 γὰρ
3060 5516 3126 5567 εἰ
3170 5514 3271 5584 μὲν
3312 5509 3381 5585 ἦν
3425 5514 3520 5566 ἐπὶ
3550 5516 3669 5578 τοῖς
3698 5513 3769 5568 lc-

2179 5605 2366 5679 ρεῦσιν
2388 5610 2422 5679 ἠ
2462 5604 2723 5670 πολιτεία,
2752 5605 2976 5668 τούτους
3028 5603 3140 5658 εδει
3178 5605 3276 5674 τῆς
3308 5602 3579 5677 πονηρίας
3613 5603 3765 5658 κολα·

2181 5698 2312 5764 στάς
2335 5694 2490 5754 εἶναι.
2527 5701 2615 5765 Ὠς
2655 5699 2770 5752 εστι
2804 5713 2866 5767 γε
2899 5698 2957 5752 τὸ
2981 5696 3240 5768 δημόσιον
3279 5695 3435 5765 ξίφος
3458 5696 3560 5768 ούχ
3585 5691 3757 5769 ἦττον,
