3986 6158
267 353 399 409 {Mi

1402 347 1784 406 EPISTOLE.
1831 379 1902 390 —
1938 349 2161 406 EPIST.
2205 347 2415 406 CXXII.

3412 345 3557 403 £50?

266 477 301 547 ἢ
343 475 413 529 τὰ
460 476 517 528 ὲν
558 476 670 537 τοῖς
711 470 1179 545 προτιμενίσμασι
1212 470 1326 543 (55)
1372 472 1618 547 χέρνιϐα,
1653 473 1861 538 πόλεως

1982 472 2231 527 vindices.
2297 467 2752 539 Quandoquidem
2829 467 3084 539 publicus
3154 468 3371 539 gladius
3441 482 3552 522 non

267 564 662 638 καθαρτήριον.

270 747 435 800 Οὕτω
461 745 560 801 καί
590 744 708 799 τῶν
739 746 1007 814 πρόσθεν
1034 746 1400 817 ἐπευθόμεθα
1429 749 1577 803 κλέα
1600 751 1855 822 ἀνδρῶν.

270 921 458 983 Οὕτως
501 922 739 983 ἐποίουν,
785 922 889 984 ἕως
932 921 1106 976 ἐδόκει
1152 925 1315 978 καλὸν
1363 921 1501 979 εἶναι
1554 927 1650 980 τὸν
1697 929 1861 985 αὑτὸν

272 1012 526 1082 εὔχεσθαί
558 1029 617 1064 τε
656 1013 795 1083 ὑπὲρ
827 1012 936 1065 τῶν
981 1014 1175 1067 κοινῶν
1204 1015 1446 1082 ἀγαθῶν,
1480 1020 1574 1071 καὶ
1601 1020 1862 1090 πράττειν

271 1106 417 1169 ὅπως
472 1104 538 1158 ἂν
598 1105 981 1176 παραγένοιτο.
1048 1108 1155 1160 Καὶ
1218 1108 1329 1178 γὰρ
1386 1109 1712 1176 Αἰγύπτιοι,
1769 1114 1864 1166 καὶ

286 1196 553 1267 Ἐϐραίων
580 1196 737 1264 γένος
758 1196 948 1266 χρόνον
978 1202 1171 1268 συχνὸν
1194 1200 1300 1252 ὑπὸ
1322 1200 1429 1253 τῶν
1451 1201 1645 1270 ἱερέων
1676 1203 1860 1258 ὲὸασι-

273 1290 560 1360 λεύΟησαν.
600 1290 753 1341 Ἐπεὶ
790 1290 848 1370 δὲ
896 1290 1261 1361 διῳκίσθησαν
1287 1294 1335 1347 oi
1377 1293 1513 1362 βίοι,
1551 1296 1644 1348 καὶ
1687 1299 1717 1350 ὁ
1766 1298 1866 1368 μὲν

276 1383 437 1451 ἱερὸς,
465 1381 492 1433 ὁ
510 1382 567 1433 δὲ
591 1382 917 1451 ἡγεμονικὸς
948 1383 1258 1455 ἀπεδείχθη,
1289 1387 1581 1456 τετάχαται
1605 1387 1661 1440 δὲ
1690 1388 1866 1461 ἕτεροι

278 1474 374 1542 μὲν
395 1475 453 1524 ὲν
476 1476 584 1535 τοῖς
611 1473 753 1543 πράγ
768 1489 951 1542 μασιν,
979 1477 1139 1544 ἡμεῖς
1163 1474 1221 1527 δὲ
1250 1476 1309 1528 ὲν
1329 1478 1451 1539 ταῖς
1480 1478 1669 1547 εὐχαῖς
1691 1475 1830 1534 εἶναι
1849 1497 1863 1510 ·

274 1561 355 1628 οἷς
380 1567 408 1618 ὁ
440 1565 602 1634 νόμος
647 1565 981 1635 ἀπαγορεύει
1025 1570 1181 1636 χεῖρα
1219 1568 1432 1639 ὀρέγειν
1471 1570 1535 1639 τῇ
1575 1569 1720 1643 δίκῃ,
1772 1573 1869 1626 κοιλ⁵

276 1658 664 1711 ἀποκτιννύναι
716 1660 808 1711 τὸν
861 1660 1229 1730 πονηρότατον
1252 1678 1263 1690 ·
1299 1662 1414 1725 πῶς
1456 1663 1521 1716 ἄν
1561 1680 1645 1727 τις
1685 1665 1869 1730 αὐτοῖς

276 1750 619 1819 ἐπιτρέψειεν
656 1751 811 1821 ἀνδρὶ
861 1750 1155 1820 πανούργῳ
1191 1755 1350 1821 χεῖρα
1384 1753 1569 1821 ὀρέξαι
1603 1753 1745 1806 κατά
1772 1754 1869 1826 τῆς

274 1842 466 1911 δίκης;
517 1841 657 1894 Ἀλλ’
689 1842 820 1910 ἐγὼ,
854 1843 915 1895 τό
950 1859 1013 1910 γε
1060 1844 1139 1906 είς
1171 1843 1270 1913 ἐμὲ
1314 1838 1468 1915 ἧκον,
1498 1845 1644 1898 ἅπαν
1694 1846 1866 1899 ποιῶ⁹

278 1931 507 2003 εὔχομαι
534 1934 628 1986 καὶ
664 1933 824 1996 οἶκοι,
850 1938 944 1987 καὶ
972 1936 1067 1987 ἐπὶ
1109 1934 1219 1987 τῶν
1266 1935 1460 1988 κοινῶν
1504 1935 1665 2007 ἱερῶν
1698 1938 1868 2009 ὑπερ-

278 2029 426 2095 σχεῖν
456 2026 554 2096 τῆς
583 2026 793 2090 ἀδικίας
818 2026 914 2095 τὴν
949 2026 1125 2099 δίκην,
1167 2029 1263 2081 καὶ
1300 2028 1564 2098 πονηρίας
1598 2027 1871 2100 ἐκκαθαρ-

277 2117 436 2188 θῆναι
461 2118 563 2189 τὴν
597 2118 770 2174 πόλιν.
797 2118 968 2172 Τοῦτο
989 2119 1047 2172 δὲ
1076 2119 1271 2173 σαυτόν
1295 2120 1413 2172 ἐστι
1451 2118 1529 2189 τῷ
1566 2119 1736 2173 κακὸν
1773 2137 1873 2176 κα-

278 2208 390 2271 κῶς
420 2208 755 2264 ἀπολωλέναι
780 2211 875 2264 καὶ
915 2211 995 2273 σὲ,
1038 2212 1133 2264 καὶ
1178 2211 1335 2265 ἄλλον
1376 2211 1526 2275 ὅστις
1565 2228 1649 2265 σοι
1697 2227 1874 2282 παρα-

278 2299 524 2369 πλήσιος.
557 2302 736 2354 Ἔστω
753 2302 816 2372 δή
845 2319 927 2355 σοι
964 2301 1123 2355 τοῦτο
1153 2305 1471 2376 τεκμήριον,
1506 2302 1590 2366 τίς
1641 2303 1708 2357 ἂν
1753 2304 1874 2372 ἐγε-

278 2391 471 2460 νόμην,
512 2389 631 2455 ἐξόν
670 2409 723 2446 τι
771 2395 977 2456 ποιεῖν,
1016 2392 1096 2458 ὃς,
1126 2393 1312 2464 ἐπειδὴ
1358 2394 1456 2448 οὐκ
1499 2392 1695 2460 ἔξεστι,
1738 2409 1871 2447 κατ-

278 2500 520 2557 αρωτιαι.

788 2751 1134 2805 ΕΠΙΣΤΟΛΗ
1178 2750 1356 2804 PKB’.

836 2908 841 2911 _
890 2840 976 2909 Τῷ
1004 2840 1266 2911 ἀδελφῷ.

353 2933 532 2988 Πολλά
579 2933 793 3002 κάγαθά
835 2934 1045 3002 γένοιτο
1087 2937 1199 2998 τοῖς
1248 2937 1481 3005 ἱερεῦσιν
1527 2931 1876 3003 Αὑξουμιτῶν

284 3025 400 3098 [πο.
422 3025 759 3098 Αὺειδιτῶν],
782 3026 830 3079 οἳ
856 3026 964 3079 τῶν
988 3026 1331 3097 στρατιωτῶν
1356 3026 1791 3080 καταδεδυκότων
1818 3026 1875 3078 ἐν

282 3122 550 3190 χηραμοῖς
574 3119 735 3190 ὀρῶν,
777 3121 870 3174 καὶ
908 3118 1201 3185 ἀξιούντων
1239 3118 1299 3172 τὸ
1343 3112 1480 3187 αἷμα
1519 3119 1796 3187 φρουρεῖν,
1826 3117 1873 3169 oi

284 3209 344 3262 δὲ
368 3208 458 3261 τὸν
495 3211 748 3276 ἀγροῖκον
789 3207 925 3261 λεὼν
960 3207 1458 3278 παρακαλέσαντες.
1502 3208 1610 3260 ἀπὸ
1659 3207 1767 3260 τῶν
1800 3208 1875 3259 is-

289 3300 399 3372 ρῶν
421 3300 719 3373 αὐτῶντὴν
764 3300 893 3353 εὐθὺ
943 3299 1052 3353 τῶν
1109 3299 1378 3369 πολεμίων
1428 3301 1730 3369 ἡγήσαντο·
1781 3300 1876 3355 καὶ

287 3392 740 3463 προσευξάμενοι,
767 3392 1026 3463 τρόπαιον
1056 3391 1288 3461 ἔστησαν
1315 3393 1371 3443 ὲν
1404 3394 1467 3461 τῇ
1512 3392 1875 3462 Μυρσινίτιδι.

284 3485 509 3557 Φάραγξ
551 3486 606 3538 δὲ
642 3484 781 3554 αὕτη
826 3487 1117 3556 προμήκης
1158 3501 1217 3537 τε
1265 3485 1357 3537 καὶ
1404 3483 1613 3553 βαθεῖα,
1644 3483 1737 3536 καὶ
1776 3481 1877 3551 ὕλη

289 3579 604 3649 συνηρεφής
622 3595 635 3609 ο
664 3578 777 3632 ἀλλ’
808 3578 913 3631 ὑπὸ
937 3577 1031 3631 τοῦ
1060 3577 1221 3647 μηδὲν
1249 3577 1359 3639 τοῖς
1390 3574 1685 3645 βαρϐάροις
1717 3573 1880 3627 ὅπλον

289 3670 549 3739 πολέμιον
579 3670 977 3741 ἀπηντηκέναι,
1030 3670 1124 3723 καὶ
1172 3667 1266 3731 τὰς
1309 3666 1613 3736 δυσχωρίας
1649 3664 1883 3734 ἐθάρση-

289 3778 412 3817 σαν.
449 3761 713 3831 Ἕμελλον
759 3762 816 3814 δέ
867 3778 969 3814 που
1033 3760 1125 3814 καὶ
1188 3758 1545 3830 μελαμπύγου
1599 3754 1882 3821 τεύξεσθαι

286 3852 532 3906 Φαύστου
575 3852 667 3905 τοῦ
722 3851 969 3905 διακόνου
1031 3849 1140 3902 τῶν
1200 3849 1379 3920 ἱερῶν.
1438 3840 1606 3908 Οὗτός
1654 3847 1800 3897 ἐστιν
1856 3845 1884 3896 ὁ

289 3943 506 4015 πρῶτος
536 3944 774 4006 ὑποστὰς
801 3943 1025 4014 ὁπλίτην
1057 3940 1261 4011 γυμνὸς
1282 3980 1295 4001 ,
1333 3940 1427 3993 καὶ
1458 3939 1654 4000 παίσας
1683 3939 1748 3990 ἐκ
1774 3954 1885 4006 χει-

293 4034 387 4107 ρὸς
425 4034 555 4107 λίθῳ
583 4034 937 4108 κροταφιαίαν
965 4034 1199 4106 πληγὴν,
1227 4033 1288 4085 ού
1325 4030 1522 4103 βαλὼν,
1549 4030 1663 4084 ἀλλ’
1692 4029 1884 4104 ὥσπερ

292 4125 399 4192 πὺξ
434 4126 685 4197 ἐνθορὼν.
744 4126 982 4180 Πεσόντα
1035 4127 1090 4179 δὲ
1136 4126 1239 4196 ἤδη
1273 4123 1565 4195 περιδύσας
1608 4121 1674 4174 τὰ
1723 4121 1882 4186 ὅπλα,

294 4217 520 4285 συχνοὺς
554 4216 642 4269 ἐπ’
670 4216 816 4287 αὐτῷ
867 4216 1277 4285 κατείργασται.
1316 4213 1423 4267 Καὶ
1469 4214 1619 4276 ὅστις
1663 4212 1719 4264 δὲ
1762 4212 1873 4264 ἓτε-

294 4323 389 4375 ρος
427 4306 566 4378 ἀνὴρ
602 4307 805 4376 ἀγαθὸς
841 4307 1019 4372 ἔδοξεν
1056 4309 1112 4358 ὲν
1143 4305 1220 4375 τῷ
1261 4306 1401 4366 τότε,
1441 4304 1688 4358 Φαῦστον
1711 4302 1887 4356 αίτιαο

291 4398 415 4456 τέον
449 4400 555 4453 τῶν
594 4402 920 4471 γενομένων,
942 4401 1035 4453 καὶ
1057 4395 1137 4461 οἷς
1179 4398 1372 4463 ἐποίει,
1397 4398 1489 4450 καὶ
1513 4391 1594 4462 οἷς
1621 4396 1769 4466 παρά
1794 4395 1885 4447 τὸν

1957 562 2142 617 minus
2198 576 2360 631 quam
2429 559 2676 615 lustralis
2726 574 2899 631 aqua,
2958 575 3079 630 qui?
3127 560 3181 614 in
3225 557 3553 629 templorum

1958 652 2249 709 vestibulis
2279 651 2607 715 collocatur,
2640 653 2878 707 civitatis
2907 661 2992 707 est
3012 651 3317 722 piaculum.

2041 784 2132 840 Sic
2163 797 2393 840 uterum
2444 785 2601 839 decus
2635 786 2886 841 audimus
2916 829 2929 848 ,
2967 787 3270 858 famamque
3299 788 3549 842 virorum.

1962 921 2119 977 Hunc
2168 924 2223 975 in
2283 919 2506 975 modum
2562 921 2922 986 factitabant,
2955 923 3135 992 quoad
3176 922 3440 992 optimum
3472 924 3551 978 vi~

1962 1018 2214 1081 debatur,
2261 1016 2516 1071 eumdem
2574 1030 2672 1084 pro
2715 1016 2989 1069 communi
3029 1015 3173 1068 bono
3196 1024 3318 1067 vota
3348 1013 3556 1079 facere,

1965 1109 2131 1177 idque
2168 1109 2344 1177 ipsum
2380 1107 2461 1163 uti
2492 1107 2837 1175 contingeret
2871 1119 3092 1174 operam
3137 1104 3290 1159 dare.
3332 1101 3469 1157 Nam
3502 1113 3553 1157 et

1964 1197 2248 1268 Egyptii.
2309 1206 2365 1253 et
2417 1195 2774 1252 ilebrieorum
2815 1211 3023 1265 genus,
3086 1196 3251 1265 longo
3311 1203 3558 1264 tempore

1967 1289 2318 1344 sacerdotum
2377 1290 2610 1358 imperio
2658 1287 2743 1342 usi
2805 1296 2953 1341 sunt.
3027 1285 3134 1341 Sed
3194 1293 3557 1357 posteaquam

1969 1382 2257 1452 utriusque
2284 1382 2406 1436 vitae
2437 1380 2642 1436 factum
2668 1387 2752 1436 est
2780 1378 3075 1434 divortium
3101 1416 3115 1441 ,
3143 1389 3196 1431 et
3228 1377 3333 1430 alia
3360 1374 3555 1440 sacris,

1969 1473 2077 1527 alia
2133 1473 2466 1543 principatui
2526 1479 2614 1528 est
2676 1471 2984 1535 attributa;
3053 1469 3258 1538 aliique
3319 1464 3563 1536 negotiis

1968 1566 2247 1639 gerendis,
2282 1582 2384 1621 nos
2418 1564 2713 1619 fundendis
2743 1563 3000 1635 precibus
3030 1560 3305 1630 praepositi
3341 1572 3563 1621 sumus,

1970 1659 2174 1729 quibus
2204 1658 2289 1713 lex
2320 1665 2466 1712 vetat
2515 1671 2738 1710 manum
2793 1662 3051 1725 pra-stare
3085 1652 3336 1723 legibus,
3379 1659 3434 1705 et
3476 1652 3563 1707 vel

1972 1751 2460 1807 sceleratissimum
2506 1749 2816 1804 interlieere
2852 1765 2865 1802 :
2902 1754 3143 1816 quonam
3199 1742 3366 1799 modo
3405 1745 3561 1813 quis-

1972 1859 2138 1917 quam
2194 1844 2262 1897 iis
2298 1843 2677 1905 concesserit,
2722 1855 2943 1894 manum
2997 1836 3209 1893 homini
3265 1835 3562 1899 veteruigri

1972 1945 2168 1991 contra
2192 1936 2320 2005 jura
2351 1934 2669 2005 porrigere?
2699 1936 2768 1987 At
2792 1947 2895 2003 ego
2922 1938 3187 2003 quantum
3236 1929 3294 1983 in
3326 1944 3412 1985 me
3448 1937 3559 1996 est.

1973 2045 2192 2084 omnem
2221 2027 2460 2098 lapidem
2487 2040 2703 2088 moveo,
2739 2024 2906 2095 idque
2935 2034 2982 2078 et
3012 2021 3291 2093 privatim,
3327 2028 3380 2075 et
3408 2034 3564 2075 coui-

1974 2119 2232 2177 munibus
2276 2118 2330 2172 in
2361 2118 2540 2174 sacris
2579 2131 2710 2179 oro,
2751 2125 2812 2170 ut
2856 2114 3132 2184 iniustitia
3177 2113 3431 2181 superior
3470 2110 3563 2178 ju-

1974 2200 2124 2267 sti'tia
2158 2210 2233 2265 sit
2256 2249 2272 2274 ,
2305 2216 2359 2265 et
2397 2209 2594 2264 civitas
2620 2208 2700 2263 ab
2737 2206 2888 2262 omni
2936 2203 3178 2274 nequitia
3206 2208 3558 2273 repurgetur.

1975 2300 2091 2356 Hoc
2125 2311 2306 2357 autem
2342 2301 2483 2357 idem
2512 2311 2618 2365 est,
2644 2314 2711 2354 ac
2750 2298 2891 2353 male
2918 2298 3121 2351 malum
3153 2296 3363 2366 perire,
3398 2304 3455 2348 et
3488 2303 3566 2357 te,

1974 2403 2030 2450 et
2066 2394 2236 2448 alium
2274 2394 2573 2463 quemlibet
2613 2392 2694 2446 tui
2744 2391 3002 2447 similem.
3038 2388 3103 2442 Et
3135 2389 3237 2444 hoc
3270 2400 3564 2457 argumen-

1974 2495 2091 2540 tum
2126 2485 2222 2539 tibi
2255 2486 2366 2548 sit,
2399 2485 2712 2554 qualisnam
2751 2482 2972 2538 futurus
3035 2480 3229 2536 fuerim
3253 2519 3271 2544 ,
3332 2477 3378 2534 si
3429 2476 3565 2546 quid

1976 2579 2112 2632 mihi
2144 2577 2325 2632 facere
2353 2576 2640 2642 licuisset,
2671 2575 2765 2644 qui
2795 2617 2808 2640 ,
2849 2574 2995 2645 quod
3024 2573 3161 2628 nihil
3193 2572 3356 2627 liceat
3382 2611 3398 2636 ,
3421 2568 3565 2624 diris

1978 2678 2029 2725 te
2061 2671 2327 2725 devoveo.

2461 2757 2799 2816 EPISTOLA
2829 2756 3040 2813 CXXII.

2672 2851 2880 2906 Fratri.

2053 2944 2293 2999 Plurima
2334 2942 2719 2998 Anxiditarum
2748 2939 3132 2995 sacerdotibus
3163 2937 3305 2993 bona
3346 2933 3568 2991 contin-

1979 3050 2146 3107 gant,
2198 3037 2335 3106 qui,
2392 3050 2516 3090 cum
2572 3034 2775 3088 milites
2817 3032 2872 3086 in
2921 3030 3186 3084 montium
3219 3044 3277 3083 se
3325 3028 3569 3086 latebras

1981 3127 2368 3188 abdidisseut,
2428 3137 2702 3192 suumque
2755 3122 2857 3191 ipsi
2907 3119 3229 3189 sanguinem
3287 3120 3571 3176 custodire

1982 3216 2209 3278 vellent.
2260 3215 2521 3269 rusticam
2561 3213 2773 3282 plebem
2819 3222 3195 3265 convocantes
3221 3250 3236 3274 ,
3286 3211 3471 3265 statim
3501 3212 3570 3267 ab

1979 3310 2155 3363 sacris
2197 3308 2366 3375 ipsis.
2419 3314 2568 3359 recta
2626 3305 2692 3357 ad
2728 3304 2915 3358 hostes
2953 3303 3229 3356 duxerunt
3258 3340 3271 3363 ,
3322 3301 3570 3370 fusisque

1980 3399 2047 3453 ad
2100 3398 2268 3451 Deum
2330 3399 2616 3467 precibus,
2665 3403 2931 3460 tt'tipteutn
2984 3401 3275 3447 erexerunt
3331 3393 3384 3447 in
3422 3393 3570 3464 Myr-

1981 3490 2220 3543 sinitiile.
2249 3487 2420 3541 Vallis
2451 3488 2563 3540 haec
2600 3484 3075 3555 i11259longum
3104 3484 3331 3543 (ΙίΓιΨιέι,
3360 3492 3411 3537 et
3443 3498 3569 3551 pro-

1982 3581 2179 3645 funda,
2219 3596 2282 3635 ac
2328 3580 2481 3634 silvis
2513 3579 2827 3642 condensa;
2875 3574 3093 3630 barbari
3135 3582 3318 3627 autem
3347 3616 3359 3633 .
3418 3574 3566 3643 quod

1984 3674 2117 3726 nihil
2164 3672 2266 3725 sibi
2327 3670 2608 3724 hostilium
2653 3667 2992 3721 occurrisset
3046 3681 3358 3728 armorum,
3405 3667 3566 3719 etiam

1984 3762 2246 3816 audacter
2272 3771 2438 3815 ei'ant
2470 3758 2725 3830 ingressi.
2764 3758 2869 3810 Sed
2902 3756 3164 3811 oil'ensuii
3200 3756 3385 3826 utique
3414 3764 3570 3809 erant

1986 3856 2293 3908 animosum
2359 3868 2422 3906 ac
2461 3862 2745 3905 strenuum
2799 3847 3103 3915 Faustum,
3162 3849 3251 3918 qui
3295 3852 3345 3902 in
3394 3850 3570 3902 suetis

1986 3943 2203 4001 diaconi
2242 3959 2466 3997 munere
2499 3924 2775 4011 fungitur;
2799 3941 2893 3993 llic
2926 3939 3016 3993 ille
3052 3948 3135 3993 est
3187 3941 3278 4008 qui
3324 3940 3572 4011 princeps

1989 4046 2259 4092 armatum
2289 4036 2513 4088 militem
2546 4032 2774 4088 inermis
2802 4032 3017 4101 excepit
3066 4049 3079 4085 :
3123 4047 3284 4101 quem
3316 4032 3571 4085 cominus

1988 4130 2172 4203 lapide
2202 4128 2439 4199 tempori
2495 4128 2638 4181 illiso
2692 4125 2837 4180 feriit
2864 4165 2878 4190 ,
2939 4141 3045 4179 non
3075 4135 3132 4178 ut
3172 4140 3294 4179 eum
3338 4126 3569 4194 jaceret,

1989 4220 2084 4277 sed
2141 4231 2199 4275 ut
2248 4221 2403 4290 quasi
2447 4218 2644 4290 pugnis
2691 4216 2906 4271 infestis
2936 4217 3190 4271 insiliret.
3251 4216 3413 4284 Quo,
3446 4230 3572 4270 cum

1988 4316 2313 4377 cecidisset,
2364 4312 2533 4366 armis
2559 4311 2833 4381 spoliato,
2882 4310 3153 4379 plurimos
3201 4324 3366 4379 super
3419 4310 3569 4363 illutn

1990 4406 2314 4477 prostravit.
2349 4403 2425 4458 Ac
2462 4404 2507 4457 si
2544 4402 2671 4471 quis
2720 4402 2860 4455 alius
2897 4401 2949 4455 id
2994 4402 3261 4470 temporis
3310 4400 3465 4455 fortis
3490 4402 3574 4456 vir

293 4493 484 4563 καιρὸν
510 4493 827 4562 ἐφθέγγετο.
862 4491 998 4560 Ἐγὼ
1014 4491 1069 4544 δὲ
1101 4493 1193 4544 καὶ
1225 4490 1464 4553 ἅπαντας
1486 4490 1611 4553 τοὺς
1642 4504 1876 4558 παραγε-

1992 4515 2113 4553 esse
2145 4499 2295 4551 visits
2344 4504 2427 4549 est
2455 4534 2469 4559 ,
2527 4494 2617 4548 nui
2674 4491 2879 4548 Fausto
2926 4493 3003 4547 rei
3054 4497 3224 4548 totius
3270 4494 3441 4564 gloria
3474 4493 3575 4549 tri-

294 4585 550 4654 νομένους
569 4584 647 4653 τῷ
672 4586 816 4657 ἔργῳ
828 4585 1017 4654 ἣδιστα
1034 4583 1099 4637 ἂν
1128 4581 1534 4652 στεφανώσαιμι
1566 4582 1657 4634 καὶ
1680 4582 1885 4649 ἀνακη-

297 4674 538 4746 ρύξαιμι.
568 4675 776 4747 Πρῶτοι
803 4675 911 4746 γὰρ
932 4676 1139 4746 ἥψαντο
1166 4673 1343 4729 καλῶν
1363 4674 1558 4744 ἔργων,
1588 4672 1755 4739 δεῖξαι
1778 4674 1888 4734 τοῖς

296 4769 865 4840 καταπεπληγμένοις,
896 4770 974 4822 ὅτι
1000 4769 1074 4840 μὴ
1101 4766 1442 4838 Κορύϐαντες
1473 4766 1598 4823 εἰσι,
1629 4762 1757 4832 μηδὲ
1780 4761 1888 4813 τῶν

296 4862 447 4934 παρά
480 4861 577 4935 τὴν
616 4862 772 4916 Ῥέαν
800 4861 1088 4930 δαιμόνων,
1118 4858 1230 4914 ἀλλ’
1271 4857 1548 4926 ἄνθρωποι
1601 4855 1693 4906 καὶ
1746 4870 1876 4923 τρω-

295 4955 398 5017 τοὶ,
431 4955 524 5007 καὶ
553 4954 756 5024 θνητοὶ,
785 4953 1036 5022 καθάπερ
1066 4953 1244 5020 ἡμεῖς.
1280 4949 1342 5004 Εί
1385 4948 1440 5001 δὲ
1477 4945 1574 5000 καὶ
1607 4947 1766 5017 ἡμεῖς
1800 4944 1891 4998 ἄν·

294 5047 420 5116 δρες
447 5046 736 5115 γενοίμεθα
767 5047 822 5096 ἐν
862 5047 973 5108 τοῖς
1004 5042 1286 5108 τοιούτοις,
1332 5040 1451 5093 οὐδὲ
1496 5038 1563 5091 τὰ
1615 5037 1893 5107 δευτερεῖα

296 5138 504 5204 γένοιτο
534 5138 597 5191 ἂν
625 5137 942 5206 ἀφιλότιμα.
979 5135 1021 5189 Τ
1025 5135 1149 5208 υχὸν
1183 5134 1225 5186 δ’
1256 5133 1321 5186 ἀν
1356 5132 1449 5185 καὶ
1489 5132 1731 5201 πρωτεῖα
1763 5145 1891 5198 συγ-

296 5229 699 5301 χωρηθείημεν,
729 5231 777 5282 εί
934 5228 1263 5298 λοχήσαντες
1311 5228 1369 5278 ἐν
1405 5222 1649 5295 φάραγγι
1693 5238 1886 5274 πεντε-

298 5323 524 5377 καίδεκα
563 5323 990 5396 προνομεύοντες
1031 5321 1440 5391 εὖτυχήσαμεν,
1492 5316 1625 5371 ἀλλά
1671 5317 1887 5389 νομίμῳ

1985 4588 2202 4644 bucuda
2228 4596 2334 4651 est,
2365 4603 2490 4642 cum
2527 4587 2596 4641 ob
2628 4602 2689 4640 ea
2718 4601 2839 4656 quae
2867 4586 3061 4657 gessit,
3093 4593 3206 4639 tum
3238 4587 3309 4639 ob
3359 4599 3421 4641 ea
3452 4601 3572 4656 quae

1988 4694 2083 4750 per
2118 4690 2331 4747 tempus
2382 4675 2515 4730 illud
2548 4676 2705 4730 dixit.
2737 4675 2846 4748 Ego
2886 4690 3015 4729 vero
3065 4690 3256 4731 omnes
3295 4675 3419 4729 illos
3477 4674 3569 4744 qui

1988 4771 2066 4828 rei
2107 4769 2498 4829 interfuerunt,
2550 4769 2914 4823 libentissime
2958 4782 3305 4831 coronarem,
3339 4782 3400 4821 ac
3434 4782 3571 4836 prte-

1990 4864 2145 4917 conis
2178 4878 2310 4916 voce
2369 4861 2747 4932 praedicarem.
2803 4858 2975 4912 Primi
3028 4861 3172 4914 enim
3230 4859 3570 4930 egregiorum

1992 4956 2297 5010 facinorum
2340 4964 2590 5009 auctores
2642 4969 2700 5007 se
2752 4954 3135 5022 praebuerunt;
3176 4961 3234 5007 ut
3284 4954 3388 5006 hoc
3432 4959 3574 5004 atto-

1991 5049 2125 5101 nitis
2163 5064 2227 5101 ae
2264 5046 2561 5117 lymphatis
2590 5045 2711 5100 istis
2751 5046 3133 5103 ostenderent,
3185 5060 3294 5097 non
3325 5058 3421 5097 eos
3452 5056 3573 5097 esse

1990 5138 2354 5208 Corybantas,
2395 5151 2569 5206 neque
2594 5151 2656 5189 ex
2696 5134 2859 5191 Rhea:
2890 5133 3083 5187 matris
3116 5133 3342 5187 asseclis
3371 5131 3572 5185 (Immo-

1993 5231 2188 5291 nibus.
2249 5228 2343 5284 sed
2409 5229 2660 5284 homines
2698 5243 2852 5297 aeque
2905 5241 2970 5279 ac
3017 5241 3116 5279 nos
3150 5224 3468 5279 vulneribus
3509 5236 3573 5275 ac

1997 5321 2158 5374 morti
2193 5320 2482 5374 obnoxios.
2518 5319 2674 5385 Quod
2722 5320 2766 5373 si
2810 5319 2977 5373 etiam
3014 5332 3113 5374 nos
3159 5315 3262 5371 viri
3301 5328 3568 5371 essemus.

1545 5507 1726 5562 DION.
1762 5504 2036 5560 PETAVII
2076 5504 2307 5561 NOTA‘J.

396 5661 486 5734 55)
535 5664 611 5715 Τὰ
631 5662 700 5716 ἐν
731 5659 1711 5734 τοῖς.προτεμενίσμασιᾼξΙινγεοει.
1745 5669 1885 5734 orat.

301 5731 336 5785 ϐ
371 5731 444 5786 De
480 5734 687 5800 metu!”
731 5741 770 5785 t.
800 5731 866 5786 Vl
897 5735 1025 5786 edit.
1054 5731 1266 5795 'Savil.,
1314 5748 1364 5800 p.
1409 5731 1510 5785 794
1543 5731 1556 5787 Ξ
1611 5733 1709 5786 Διά
1732 5732 1891 5786 τοῦτο

302 5800 491 5875 ὥσπερ
565 5805 615 5855 oi
679 5802 932 5875 λουτῆρες
994 5803 1181 5866 ὓδατος
1266 5800 1679 5874 πεπληςωμένοι
1738 5804 1894 5872 ἐστή-

1996 5680 2125 5717 κασι
2177 5663 2282 5734 πρὸ
2332 5660 2544 5733 [LXXX
2558 5659 2623 5733 ν]
2665 5658 2774 5713 τῶν
2806 5656 2984 5740 Θυρῶν
3013 5655 3113 5726 τῆς
3144 5650 3456 5777 ἐκκλησίας,
3488 5650 3574 5703 ἵνα

1999 5734 2159 5777 vidui:
2184 5735 2280 5777 es:
2314 5733 2502 5777 νεῖηὰε
2533 5749 2645 5777 σοιν
2677 5730 2821 5777 οὕτω
2842 5747 2941 5777 τηε
2967 5725 3258 5777 ἐκκλησίας
3313 5722 3409 5777 Ξω.
3438 5721 3570 5774 καθ-

1999 5734 2159 5804 νίψῃς
2184 5721 2280 5797 τᾶς
2314 5721 2502 5804 έεῖράς
2533 5721 2645 5786 σούο
2677 5730 2821 5786 οὕτω
2842 5721 2941 5802 τῆς
2967 5721 3258 5797 ἐκκλησίας
3283 5721 3409 5787 ἔξω,
3438 5721 3570 5774 καθ-

2004 5805 2216 5870 ἐςονται
2248 5806 2297 5861 οἱ
2325 5805 2578 5877 πένητες.
