3986 6158
474 292 614 357 I503

1534 303 1804 363 SYNESH
1846 302 2315 362 PTOLEMAIDIS
2350 300 2656 371 EPISCOPI

3594 290 3740 347 ιδοι

466 412 736 480 ejusmodi
770 415 823 467 in
861 415 1024 472 rebus
1053 430 1122 472 ne
1157 417 1413 472 secunda
1453 419 1676 487 quidem
1718 429 1904 491 partes
1941 423 2011 477 ho

2141 419 2362 491 πολέμῳ
2403 418 2496 471 καὶ
2529 412 2879 486 φαινομέναις
2931 411 3307 483 παρασκευαῖς
3350 405 3550 478 πλήθει
3600 406 3740 477 πρὸς

467 515 601 556 nore
623 510 894 559 carerent.
927 502 993 558 Et
1021 504 1252 561 forsitan
1288 508 1373 562 vel
1408 508 1599 579 prima:
1645 510 2039 578 tribuerentur,

2149 511 2353 581 πλῆθος
2376 505 2802 578 ἀγωνισαίμεθα.

466 590 515 645 si
556 606 685 656 non,
727 591 949 649 insidiis
978 593 1032 649 in
1065 598 1314 653 convalle
1380 599 1708 668 dispositis,
1774 602 2087 671 quindecim
2163 610 2374 657 tantum
2425 597 2775 671 praedabundi
2829 594 2977 651 fenct
3021 608 3289 650 successu
3338 584 3739 663 pugnar’emus,

466 680 560 737 sed
584 682 739 752 juSto
766 686 1067 743 certamine
1095 704 1159 744 ac
1229 690 1524 747 manifesto
1583 707 1846 765 apparatu
1887 697 2105 752 collatis
2138 697 2313 767 copiis
2352 694 2795 750 decerneremus.

954 819 1285 879 EPISTOLA
1324 825 1560 883 CXXIII.

1157 917 1360 973 Troilo.

531 1018 686 1108 Q'tltpd
718 1020 776 1108 si.
798 1019 968 1108 Erebo
1004 1026 1111 1079 vita
1139 1026 1444 1108 functorum
1478 1031 1967 1108 obliviahtangaut,

532 1087 660 1144 Illic
697 1091 776 1144 vel
813 1094 966 1148 citari
999 1087 1178 1160 potero
1215 1102 1517 1157 meminisse
1538 1087 1757 1160 sodalis:

529 1179 673 1237 Sunt
706 1183 783 1238 illi
809 1186 1034 1255 quidem
1069 1191 1137 1243 ab
1172 1188 1410 1248 Homero
1436 1209 1633 1252 versus
1666 1199 1859 1269 scripti
1888 1217 1903 1266 ;
1941 1202 2036 1256 sed

456 1286 651 1329 eorum
694 1291 897 1333 sensus
936 1282 1127 1335 nescio
1168 1296 1237 1337 an
1271 1285 1342 1339 ab
1374 1285 1585 1343 Achille
1616 1291 1801 1359 potius
1827 1293 1895 1348 de
1929 1293 2033 1348 Pa-

456 1364 632 1418 troclo
680 1380 844 1436 quam
881 1382 910 1421 a
967 1385 1054 1425 me
1085 1371 1154 1426 de
1185 1381 1235 1428 te
1265 1377 1638 1446 amicissimo,
1681 1396 1744 1435 ac
1787 1384 2035 1443 beneﬁca

454 1456 665 1526 capite,
696 1461 953 1530 usurpari
992 1468 1186 1519 merito
1220 1469 1417 1536 possit.
1454 1470 1933 1544 Quandoquidem,
1972 1486 2033 1533 ut

454 1549 614 1602 testis
641 1557 725 1605 est
755 1552 885 1606 mihi
921 1552 1064 1609 Deus
1084 1597 1098 1619 ,
1126 1573 1288 1627 quem
1324 1559 1668 1632 philosophia
1700 1566 1865 1634 colit,
1890 1569 2038 1624 sacri

2673 830 3018 884 ΕΠΙΣΤΟΛΗ
3050 825 3223 881 PKI".

2811 923 3062 990 Τρωτνῑφ.

2210 1034 2372 1111 Εἱλδρ
2422 1033 2729 1111 θᾳιςόντῳν
2743 1046 2874 1111 ᾗπερ
2908 1030 3302 1111 καταλήθοντ’
3334 1031 3426 1111 eis:
3463 1026 3643 1111 ἀΐδαο
3666 1066 3683 1087 .

2212 1105 2413 1172 Αὐτὰρ
2441 1103 2556 1173 ἐγὼ
2592 1099 3044 1170 κάκεῖθιίςοιλου
3080 1100 3424 1171 μεμνήσομ’
3467 1099 3733 1165 ἑταίρου.

2225 1195 2448 1265 Ὁμήρῳ
2477 1194 2573 1263 μὲν
2598 1193 2932 1263 ἐποιήθησαν
2965 1190 3233 1261 οίστίχοι
3257 1232 3272 1256 ,
3314 1191 3344 1243 ὁ
3376 1188 3436 1243 δὲ
3472 1186 3603 1249 νοῦς
3636 1185 3737 1240 αὐ-

2138 1287 2246 1340 τῶν
2290 1288 2389 1340 οὐκ
2441 1282 2559 1341 οἴδα
2600 1289 2650 1340 εί
2696 1284 2932 1355 ’Λχιλλεῖ
2980 1285 3111 1355 περὶ
3160 1282 3476 1355 Πατρόκλου
3529 1280 3736 1351 μᾶλλον

2133 1377 2282 1444 ἄξιος
2339 1379 2591 1449 εἰρῆσθαι
2639 1378 2674 1448 ἢ
2721 1378 2845 1449 ἐμοὶ
2911 1376 3042 1448 περὶ
3094 1374 3187 1429 σοῦ
3228 1375 3328 1444 τῆς
3362 1372 3628 1444 φιλτάτης
3674 1388 3735 1424 τε

2133 1474 2228 1527 καὶ
2261 1473 2598 1545 εὐεργέτιδος
2640 1471 2905 1541 κεφαλῆς.
2950 1471 3037 1534 Ὡς
3074 1468 3186 1537 ἐγὼ
3244 1468 3500 1539 μάρτυρα
3547 1462 3735 1518 ποιοῦ-

2137 1585 2235 1638 μαι
2264 1566 2429 1629 Θεὸν,
2478 1564 2538 1619 δν
2592 1564 2881 1634 φιλοσοφία
2917 1562 3211 1634 πρεσϐεύει
3234 1600 3248 1623 ,
3282 1561 3383 1628 τῆς
3424 1560 3578 1628 ἱερᾶς
3611 1571 3728 1617 σου,

451 1638 532 1693 tul
576 1650 641 1695 se
692 1645 1008 1699 suavissimi
1047 1649 1216 1703 animi
1253 1649 1473 1705 inlisam
1512 1654 1803 1727 imaginem
1853 1661 2016 1716 medit

2134 1660 2231 1714 καὶ
2263 1657 2523 1728 γλυκείας
2547 1658 2724 1728 ψυχῆς
2768 1656 2862 1710 ἐπὶ
2898 1656 3072 1726 μέσης
3102 1653 3330 1725 καρδίας
3370 1650 3596 1719 ἀγαλμα
3633 1664 3728 1701 πε·

451 1730 506 1783 in
537 1730 708 1786 corde
735 1732 1076 1791 circemfero
1097 1775 1112 1800 ,
1145 1747 1200 1793 et
1226 1739 1454 1797 auribus
1482 1745 1786 1800 etiamnum
1813 1749 1908 1802 illa
1945 1764 2034 1806 sa-

447 1820 917 1889 pientissimorum
970 1834 1193 1883 tuorum
1248 1845 1567 1888 sermonum
1627 1852 1731 1891 vox
1787 1838 2039 1895 insonat.)

445 1911 582 1967 Cum
616 1925 797 1970 autem
836 1933 905 1972 ex
949 1917 1188 1991 IEgypto
1236 1923 1290 1977 in
1334 1926 1570 1994 patriam
1601 1927 1893 1986 rediissem
1920 1972 1937 1997 ,
1967 1946 2032 1988 ac

443 2002 680 2059 deorum
728 2022 999 2063 annorum
1052 2012 1219 2067 simul
1262 2017 1529 2085 epistolas
1572 2020 1862 2090 legissem,
1909 2038 2028 2078 ma-

443 2108 606 2164 gnam
636 2100 890 2163 equidem
920 2101 974 2156 in
1009 2103 1223 2160 litteras
1256 2108 1363 2161 vim
1393 2108 1758 2182 lacrymarem
1789 2114 2028 2184 profudi.

443 2186 563 2243 Non
605 2197 715 2245 tam
758 2193 906 2247 enim
929 2234 945 2258 ,
988 2196 1135 2265 quod
1169 2205 1220 2253 te
1244 2210 1343 2269 per
1375 2201 1591 2258 litteras
1619 2205 2031 2274 quodammodo

442 2277 674 2346 fruerer,
709 2284 846 2338 mihi
872 2287 1209 2358 voluptatem
1243 2290 1538 2360 afferebat,
1568 2309 1733 2366 quam
1767 2299 1902 2354 illud
1931 2300 2030 2356 do-

442 2373 561 2430 lore
589 2375 891 2446 alliciebat,
921 2381 1088 2454 260
1124 2398 1252 2438 cum
1292 2401 1358 2442 ex
1409 2389 1635 2460 scriptis
1676 2392 1791 2447 tuis
1831 2393 2029 2451 litteris

439 2478 764 2536 praesentem
794 2485 859 2525 ac
888 2472 1066 2528 vivam
1096 2475 1152 2530 in
1182 2477 1426 2534 animum
1454 2483 1914 2540 consuetudinem
1944 2501 2028 2542 re-

438 2568 736 2628 vocarent;
790 2565 1104 2633 cuiusmodi
1158 2572 1371 2628 scilicet
1418 2582 1473 2629 et
1514 2577 1696 2631 amico
1738 2578 1939 2645 simul,
1971 2588 2028 2636 et

436 2662 569 2705 vere
598 2662 828 2721 parente
856 2658 982 2713 vivo
1016 2676 1195 2716 essem
1245 2666 1494 2722 orbatus.
1546 2665 1809 2725 Libenter
1856 2671 2027 2742 igitur

436 2743 688 2810 graviora
740 2762 840 2816 pro
891 2754 1068 2820 patria
1119 2757 1424 2811 certAmina
1458 2752 1747 2826 subeam,
1780 2763 1914 2816 mihi
1965 2773 2026 2819 ut

435 2830 633 2888 iterum
661 2837 1020 2906 profectionis
1036 2847 1258 2900 occasio
1286 2849 1612 2917 praebeatur.
1631 2850 1771 2906 Num
1793 2856 2020 2923 quando

434 2932 736 2992 conspectu
773 2933 871 2981 tuo
894 2930 1170 3008 perfruar,
1201 2932 1364 2988 l‘atcr
1390 2952 1517 2991 vere
1556 2938 2024 3008 germanissime?

433 3022 565 3065 num
595 3016 816 3084 quando
856 3004 1077 3076 sacrum
1114 3032 1266 3078 tuum
1311 3035 1477 3095 caput
1512 3004 1858 3098 amplectar?
1890 3046 2020 3086 num

431 3103 650 3158 concilii
689 3116 912 3177 prapter
966 3119 1021 3167 te
1058 3115 1203 3168 beati
1251 3117 1527 3189 particeps
1573 3121 1714 3176 ero?
1765 3122 1819 3176 Si
1868 3123 2015 3178 enim

429 3206 493 3245 ea
527 3193 658 3248 mihi
694 3197 950 3258 obtinere
979 3205 1310 3277 contigerit,
1362 3209 1593 3265 efﬁciam
1639 3211 1923 3282 profecto,
1956 3223 2019 3268 ut

2138 1753 2368 1825 ριφέρω,
2402 1752 2499 1805 καὶ
2527 1749 2797 1821 ὲμϐομϐετ
2836 1765 2938 1819 μου
2982 1749 3100 1809 ταῖς
3138 1747 3334 1808 ἀκοαῖς
3366 1745 3402 1815 ὴ
3433 1742 3725 1812 Θαυμαστή

2138 1858 2233 1897 σου
2257 1842 2366 1898 τῶν
2396 1842 2575 1912 σοφῶν
2611 1841 2787 1908 λόγων
2831 1838 2970 1911 ἠχώ.
3002 1839 3081 1910 τῇ
3114 1835 3327 1909 πατρίδι
3355 1834 3414 1888 δὲ
3453 1833 3727 1903 ἐπιδημή-

2136 1950 2237 1999 σας
2269 1934 2378 1989 ἀπὸ
2406 1933 2507 2003 τῆς
2547 1931 2827 2001 Αίγύπτου
2852 1971 2868 1994 ,
2898 1920 2994 1984 xui.
3022 1928 3169 1982 δυοῖν
3208 1926 3475 1981 ὶνιαυτῶν
3506 1926 3725 1979 επιστο-

2132 2027 2231 2092 λάς
2277 2026 2395 2097 ἅμα
2448 2023 2814 2095 ἀνεγνωκὼς,
2859 2022 3065 2092 πλῆθος
3104 2022 3232 2075 ὅσον
3293 2018 3552 2091 δακρύων
3595 2035 3727 2072 κατ-

2132 2119 2362 2173 έσπεισα
2401 2118 2513 2172 τῶν
2540 2117 2907 2190 γραμμάτων.
2948 2113 3026 2169 Οὐ
3066 2113 3178 2184 γὰρ
3202 2108 3287 2176 οἷς
3315 2111 3591 2167 ἀπέλαυον
3629 2126 3724 2164 σου

2130 2211 2218 2266 διὰ
2237 2210 2345 2265 τῶν
2372 2209 2778 2283 γεγραμμένων
2808 2206 3048 2279 ήδόμηψ
3086 2205 3201 2260 ἀλλ’
3235 2203 3484 2275 ἠνιώμην
3520 2201 3721 2271 ἀναιρέο

2135 2318 2244 2374 ρων
2263 2301 2373 2356 ἀπὸ
2392 2300 2501 2355 τῶν
2533 2299 2937 2371 γεγραμμένων
2965 2297 3066 2368 τὴν
3107 2295 3354 2367 ἔμψυχόν
3394 2310 3488 2348 σου
3527 2310 3719 2348 συνου-

2132 2393 2253 2446 σίαν
2275 2433 2290 2458 ,
2337 2392 2452 2446 οίου
2501 2391 2656 2462 φίλου
2689 2406 2749 2444 τε
2783 2388 2901 2460 ἃμα
2947 2388 3043 2443 καὶ
3073 2391 3281 2458 πατρὸς
3314 2386 3487 2450 ὅντως
3518 2384 3719 2450 ζῶντος

2131 2484 2444 2556 στεροίμην.
2516 2481 2791 2553 Δεξαίμην
2842 2476 2937 2535 οὖν
2990 2480 3059 2534 ἂν
3116 2478 3448 2551 βαρυτέρους
3498 2477 3719 2545 ἀγῶνας

2130 2575 2269 2649 ὑπὲρ
2312 2577 2411 2646 τῆς
2434 2574 2691 2647 πατρίδος
2722 2572 3036 2644 ἐθελοντὴς,
3075 2572 3162 2625 ἵνα
3184 2587 3277 2641 μοι
3308 2570 3523 2637 γένοιτο
3558 2566 3716 2622 πάλιν

2132 2669 2402 2740 πρόφασις
2438 2667 2766 2737 ἀποδημίας.
2796 2661 2947 2737 τᾹρά
2991 2664 3051 2718 σέ
3094 2679 3225 2717 ποτε
3259 2662 3462 2733 ὄψομαι
3486 2700 3502 2724 ,
3537 2660 3717 2728 Πάτερ

2127 2757 2344 2828 ἀληθῶς
2373 2756 2710 2828 γνησιώτατε
2740 2773 2753 2822 ;
2786 2749 2897 2827 ἀρά
2934 2772 3066 2810 ποτε
3093 2753 3193 2827 τήν
3222 2754 3373 2825 ἱεράν
3416 2770 3510 2806 σου
3544 2770 3711 2821 κεφα-

2125 2849 2224 2920 λὴν
2269 2847 2671 2920 περιπτύξομαι
2701 2866 2715 2916 ;
2758 2844 2867 2919 ἆρα
2904 2845 3115 2918 μεθέξω
3150 2845 3243 2900 τοῦ
3275 2843 3553 2915 συνεδρίου
3574 2883 3589 2905 ,
3620 2847 3713 2899 τοῦ

2123 2939 2214 2994 διὰ
2252 2939 2317 2993 σὲ
2346 2940 2650 3010 μακαρίως
2683 2939 2745 2992 Et
2774 2938 2883 3010 γὰρ
2910 2937 3124 3006 γένοιτό
3159 2952 3249 3007 μοι
3277 2936 3485 2988 τούτων
3507 2936 3709 3006 τυχεῖν,

2124 3031 2393 3096 ἀποδείξω
2447 3031 2644 3103 μηκέτι
2700 3031 2870 3103 μῦθον
2925 3031 3055 3086 ὄντα
3106 3029 3199 3084 τὸν
3245 3029 3341 3083 ἐπὶ
3402 3027 3587 3082 Αἵσονι
3636 3032 3711 3103 τῷ

2048 3087 2091 3144 C
2123 3087 2377 3193 Θετταλῷ
2419 3087 2608 3191 λὶςγόν,
2642 3087 2714 3177 ὄν⁸
2733 3138 2895 3191 φασιν
2932 3122 2991 3176 αῖ
3019 3123 3267 3192 ποιήσεις
3304 3120 3388 3183 δὶς
3414 3087 3708 3190 ἀνηϐῆσαᾷ

2124 3213 2245 3268 νέον
2272 3216 2336 3267 ὲκ
2363 3214 2735 3285 πρεσϐυτέρου
2767 3216 3060 3287 γενόμενον

422 3278 539 3349 jam
572 3281 756 3341 fabula
786 3302 896 3344 non
945 3291 1055 3358 sit,
1089 3295 1234 3364 quod
1275 3297 1343 3352 de
1379 3297 1592 3356 IEsone
1631 3278 2140 3359 Thessaloidicitur
2166 3321 2181 3370 ;
2212 3317 2375 3374 quem
2407 3278 2493 3360 bis
2555 3278 2817 3376 puberem
2888 3278 3062 3363 fuisse
3128 3315 3417 3378 poetarum
3460 3304 3696 3362 cannis:

428 3374 765 3446 pradicant,
819 3398 945 3439 cum
999 3400 1067 3441 ex
1119 3402 1252 3443 sene
1310 3404 1531 3460 repente
1585 3403 1733 3451 esset
1787 3396 2010 3467 juvenis
2050 3396 2250 3453 factus.

921 3496 1261 3558 EPISTULA
1299 3504 1539 3562 CXXIV.

879 3591 1237 3661 Philosophiae
1265 3595 1562 3668 Hagistrw.

497 3675 654 3747 Quod
684 3680 749 3745 εἰ,
767 3678 939 3735 Erebo
968 3683 1079 3738 vita
1110 3685 1417 3754 functorum
1461 3690 1655 3746 oblivia
1685 3702 1941 3764 tangant,

496 3767 567 3823 At
591 3784 695 3840 ego
724 3770 836 3826 illic
853 3772 938 3827 vel
955 3773 1137 3829 chara:
1164 3785 1361 3846 potero
1392 3782 1714 3839 meminisse
1746 3783 2011 3856 llypatiaa.

427 3857 569 3931 Ego,
600 3860 823 3933 inquam
845 3903 860 3928 ,
892 3867 1086 3934 patriae
1119 3869 1283 3926 malis
1327 3872 1734 3943 circumfusus,
1786 3878 2016 3950 ejusque

424 3959 727 4027 pertaesus,
770 3971 895 4011 cum
945 3957 1171 4014 hostilia
1220 3960 1279 4018 in
1327 3961 1448 4020 dies
1491 3981 1644 4020 arma
1693 3967 1928 4033 videam,
1959 3976 2014 4024 et

425 4040 675 4102 homines
715 4050 986 4118 pecudum
1021 4051 1196 4109 instar
1221 4054 1506 4127 jugulatos
1526 4097 1543 4122 ,
1574 4072 1866 4131 aeremque
1893 4056 2012 4116 ἰτε-

424 4134 546 4190 bam
579 4152 645 4192 ex
680 4140 805 4196 tabe
834 4156 1130 4212 corporum
1166 4144 1430 4203 infectum
1457 4189 1473 4212 ,
1512 4158 1680 4222 atque
1716 4153 1834 4224 ipse
1871 4169 2008 4210 con-

421 4227 624 4315 similia
658 4231 904 4301 quaedam
942 4237 1259 4307 propediem
1291 4250 1611 4310 exspectem
1633 4259 1645 4295 :
1670 4242 1826 4315 (quis
1859 4245 2004 4301 enim

420 4314 561 4373 bene
589 4334 812 4388 sperare
836 4329 1049 4392 potest,
1077 4339 1200 4380 cum
1227 4332 1281 4382 et
1303 4331 1448 4385 aeris
1478 4330 1655 4400 ipsius
1686 4314 2006 4389 tristissima

419 4406 493 4464 sit
537 4408 743 4477 facies,
779 4413 874 4482 qui
932 4417 1353 4474 carnivorarum
1407 4422 1588 4477 avium
1641 4425 1833 4480 umbra
1875 4426 2008 4482 sub-

419 4500 782 4575 texitur?)et
804 4507 1171 4567 nihilominus
1202 4512 1349 4568 inter
1372 4530 1486 4570 :taec
1514 4516 1564 4571 ei
1597 4516 1717 4572 loco
1750 4519 1854 4574 sim
1886 4517 2005 4574 am-

416 4604 542 4649 xus.
574 4593 716 4662 Quid
755 4598 903 4653 enim
938 4614 1203 4671 possum,
1253 4619 1378 4659 cum
1425 4604 1665 4680 Libycus
1703 4612 1843 4675 sim,
1889 4611 2002 4668 illic

415 4681 633 4751 editus,
675 4694 731 4741 et
773 4700 1004 4744 avorum
1040 4706 1148 4746 non
1181 4693 1441 4763 ignobilia
1492 4699 1746 4769 sepulcra
1794 4700 2000 4756 ibidem

416 4775 740 4846 aspiciens?
770 4778 1001 4854 Propter
1030 4794 1083 4840 te
1115 4801 1279 4843 unam
1305 4827 1320 4851 ,
1358 4790 1594 4859 patriam
1640 4792 1773 4846 mihi
1808 4808 2002 4864 asper-

414 4876 651 4926 naturus
688 4872 899 4941 videor,
933 4885 986 4930 et
1027 4879 1441 4949 quamprimum
1484 4883 1657 4939 otium
1710 4894 1997 4956 suppetet,

413 4959 851 5034 dentlgrawrus.

920 5074 1258 5136 EPISTOLA
1295 5080 1508 5142 CXXV.

1104 5167 1312 5226 Fratri.

484 5248 684 5309 Misere
714 5254 820 5310 hoc
853 5257 974 5327 ipso
1007 5260 1293 5316 nobiscum
1340 5263 1540 5336 agitur,
1574 5269 1718 5338 quod
1767 5271 1999 5329 infelici-

410 5337 517 5396 bus
551 5345 762 5401 nuntiis
796 5347 1141 5407 abundamus
1166 5392 1180 5417 ,
1231 5369 1371 5423 quos
1423 5337 1656 5413 invicem
1709 5366 1996 5418 transmit-

412 5440 615 5491 tamus.
662 5436 802 5494 Ecce
844 5440 989 5495 eniut
1028 5442 1143 5512 jam
1186 5444 1423 5503 Battiam
1466 5449 1778 5522 depopulati
1819 5465 1989 5526 sunt;

409 5532 464 5581 et
497 5526 556 5581 in
588 5529 899 5602 Aprosylim
927 5547 1288 5593 excurreruut
1315 5558 1330 5607 ;
1382 5554 1542 5599 areas
1580 5543 1985 5616 incenderunt;

409 5628 572 5685 agros
598 5626 912 5688 vastarunt;
941 5623 1201 5683 mulieres
1228 5628 1284 5683 in
1312 5631 1633 5691 servitutem
1660 5637 1985 5709 abegerunt.

411 5703 659 5764 Naribus
682 5709 831 5766 enim
864 5727 1213 5785 nequaquam
1250 5723 1539 5790 parcitur:
1574 5703 1795 5786 tametsi
1827 5739 1988 5788 antea

2630 3514 2980 3569 ΕΠΙΣΤΟΛΗ
3021 3515 3189 3569 ΡΚΔ¹.

2693 3606 2775 3675 Τῇ
2795 3608 3138 3678 φιλοσόφῳ,

2196 3701 2263 3754 El
2294 3699 2361 3754 δὲ
2384 3702 2689 3756 θανόντων
2721 3713 2834 3767 περ
2862 3697 3258 3764 καταλήθοντ’
3286 3700 3379 3752 εῖν
3409 3699 3599 3754 ἀΐδαο.

2190 3792 2376 3864 Αὑτάρ
2413 3792 2525 3863 ἐγὼ
2551 3792 2766 3847 κάκεῖθι
2793 3790 2813 3864 ι
2839 3809 2930 3860 τερ.
2968 3791 3129 3844 κάκεῖ
3152 3788 3172 3863 ]
3204 3790 3304 3861 τῆς
3331 3791 3494 3862 φίλης
3527 3780 3693 3845 Ὕπα-

2112 3882 2234 3945 τίας
2286 3885 2659 3954 μεμνήσομαι.
2699 3880 2915 3951 Ἕγωγέ
2948 3898 3029 3935 τοι
3064 3884 3177 3946 τοῖς
3200 3880 3399 3934 πάθεσι
3444 3882 3546 3953 τῆς
3596 3898 3690 3935 παι

2109 3972 2290 4043 τρίδος
2336 3974 2724 4046 περιεχόμενος
2748 4012 2764 4037 ,
2816 3972 2910 4027 καὶ
2959 3972 3325 4045 δυσχεραίνων
3370 3973 3539 4045 αὐτὴν
3564 4015 3578 4040 ,
3609 3973 3688 4042 ἐφ’

2108 4055 2191 4126 οἷς
2232 4061 2344 4134 ὁρῶ
2378 4062 2700 4137 καθημέραν
2728 4063 2870 4118 ὅπλα
2910 4062 3144 4133 πολέμια
3164 4103 3179 4128 ,
3209 4063 3306 4117 καὶ
3351 4065 3687 4131 ἀποσφαττο-

2112 4153 2304 4225 μένους
2329 4153 2678 4227 ἀνθρώπους.
2722 4154 2910 4227 ὥσπερ
2942 4155 3147 4226 ἱερεῖα,
3196 4155 3292 4209 καὶ
3320 4154 3413 4209 τὸν
3448 4156 3586 4229 ἀέρα
3611 4154 3686 4208 δι-

2103 4242 2445 4316 εφθαρμένον
2474 4244 2646 4299 ἕλκων
2662 4245 2770 4300 ἀπὸ
2796 4246 2895 4318 τῆς
2924 4245 3139 4317 σήψεως
3162 4245 3271 4300 τῶν
3293 4249 3582 4319 σωμάτων,
3598 4248 3688 4301 καὶ

2104 4334 2265 4399 αὐτὸς
2304 4336 2466 4408 ἕτερα
2515 4336 2740 4391 τοιαῦτα
2775 4338 2966 4392 παθεῖν
3009 4338 3325 4411 προσδοκῶν
3356 4355 3372 4370 ·
3408 4339 3429 4411 (
3442 4339 3528 4405 τίς
3581 4337 3683 4409 γὰρ

2104 4424 2323 4491 εΰελπις
2349 4470 2363 4493 ,
2398 4426 2457 4480 ὲν
2480 4420 2525 4496 ᾧ
2566 4428 2662 4481 καὶ
2695 4428 2756 4481 τδ
2791 4428 3044 4501 περιέχον
3087 4429 3205 4482 ἐστὶ
3251 4430 3677 4502 κατηφέστατον.

2103 4520 2538 4591 κατειλημμένον
2573 4521 2642 4592 τῇ
2689 4521 2817 4591 σκιᾷ
2852 4520 2963 4576 τῶν
3007 4521 3372 4593 σαρκοφάγων
3411 4518 3677 4594 ὀρνέωνς)

2104 4611 2238 4665 ἀλλὰ
2278 4612 2374 4665 καὶ
2401 4612 2493 4665 ἐπὶ
2529 4610 2740 4676 τούτοις
2780 4608 3115 4684 φιλοχωρῶν.
3154 4610 3220 4666 Τί
3255 4613 3364 4684 γάρ
3387 4615 3481 4667 καὶ
3508 4612 3676 4673 πάθω.

2103 4702 2269 4768 Λίϐυς
2299 4702 2396 4766 ὣν,
2424 4703 2519 4757 καὶ
2563 4702 2796 4756 ἐνταῦθα
2821 4703 3113 4774 γενόμενος
3136 4744 3151 4769 ,
3185 4704 3280 4759 καὶ
3303 4702 3414 4758 τῶν
3445 4705 3679 4758 πάππων

2097 4793 2226 4857 τοὺς
2280 4794 2483 4865 τάφους
2516 4795 2615 4849 οὐκ
2647 4794 2877 4864 ἀτίμους
2922 4795 3102 4865 ὁρῶν;
3156 4796 3256 4849 Διά
3301 4795 3363 4850 σέ
3404 4814 3495 4869 μοι
3545 4793 3679 4850 δοκῶ

2102 4883 2271 4956 μόνην
2306 4884 2677 4958 ὑπερόψεσθαι
2705 4887 2804 4957 τῆς
2838 4885 3121 4958 πατρίδος,
3149 4886 3251 4941 κᾶν
3272 4887 3529 4963 λάϐωμαι
3563 4903 3683 4963 extr

2097 4974 2195 5046 λῆς
2221 5018 2234 5042 ,
2267 4975 2602 5048 μεταναστεῦ
2611 4994 2742 5031 σειν.

2607 5090 2953 5151 ΕΠΙΣΤΟΛΗ
3013 5092 3101 5146 PK
3109 5093 3185 5151 ΕΩ

2697 5183 2781 5250 Τῷ
2828 5183 3089 5254 ἀδελφῷ.

2167 5275 2544 5348 Δυστυχοῢμεν
2564 5319 2579 5344 ,
2606 5270 2689 5343 οἷς
2740 5277 3081 5348 εὐποροῦμεν
3110 5277 3377 5347 πονηραῖς
3419 5272 3679 5346 ἀλλήλους

2094 5368 2374 5437 ἀγγελίαις
2417 5368 2763 5440 ἀμείϐεσθαι.
2810 5369 2942 5422 Ἰδοὺ
2987 5368 3098 5439 γὰρ
3140 5368 3233 5422 καὶ
3262 5366 3498 5420 Βαττίαν
3543 5364 3671 5437 [γρ.

2095 5458 2401 5532 Βαττείαν]
2450 5460 2809 5531 ἐπενείμαντο
2834 5498 2850 5524 ,
2888 5458 2984 5512 καὶ
3025 5456 3404 5529 Ἀπροσύλεως
3447 5456 3673 5529 ἥψαντο.

2095 5551 2189 5603 καὶ
2220 5549 2363 5614 ἄλως
2390 5550 2714 5622 ἐνέπρησαν,
2749 5549 2844 5604 καὶ
2881 5550 2984 5621 γῆν
3012 5547 3341 5622 ἐδῃώσαντο,
3372 5549 3467 5601 καὶ
3493 5546 3676 5615 γυναῖ-

2095 5656 2198 5702 κας
2249 5639 2725 5711 ἠνδραποδίσαντο.
2767 5638 3038 5712 ’Δρῤένων
3090 5636 3146 5691 δὲ
3198 5637 3436 5709 οὐδεμία
3484 5634 3669 5707 φειδώ.

2096 5730 2290 5785 Καίτοι
2334 5731 2598 5804 πρότερον
2647 5730 2928 5787 εἰώθεισαν
2983 5730 3215 5802 ζωγρεῖν
3267 5728 3340 5783 τά
3393 5728 3671 5800 παιδάρια.
