3986 6158
468 259 606 317 me

1370 299 1379 306 .
1484 254 1756 310 SYNESII
1795 250 2263 309 PTOLEMAIDIS
2302 251 2618 312 EPISCOPI
3567 260 3679 310 {5'20

469 372 819 444 perferendas
849 373 1111 429 traderes.
1139 370 1216 425 Ita
1245 371 1391 426 enim
1429 370 1518 434 fit,
1549 380 1606 424 ut
1633 385 1910 440 nummum
1969 385 2056 422 rev

2158 385 2288 432 σιον,
2335 369 2436 440 τὴν
2477 367 2768 440 ἐπιστολὴν
2799 367 3134 438 πέμπεσθαι,
3168 366 3298 438 μηδὶ
3326 366 3417 420 ἕνα
3454 371 3680 423 ποιεῖσθαι

466 475 676 533 centes,
694 467 788 522 sed
822 473 1092 521 vetustate
1119 473 1460 534 consumpta:
1494 466 1560 516 ad
1594 479 1677 517 me
1706 463 2043 533 perveniant.

466 557 574 612 Fac
603 560 788 629 igitur,
823 558 968 628 quod
995 573 1081 612 me
1109 557 1286 611 facere
1319 557 1491 612 vides.
1529 554 1720 608 Nullus
1753 556 2047 624 imperato-

466 649 544 703 ris
565 649 881 703 vcredarius
903 662 1106 716 equum
1139 647 1416 716 publicum
1445 654 1662 700 mutans
1703 645 1837 699 urbe
1890 645 2052 714 proli-

464 739 710 801 ciscitur,
739 737 830 791 cui
855 752 966 791 non
999 737 1303 791 humeralis
1329 738 1561 792 sarcina:
1591 751 1718 806 pars
1747 735 1931 805 aliqua
1953 735 2045 798 sit,

463 831 608 900 quod
643 829 708 882 ad
731 827 1095 884 eruditionem
1147 837 1293 882 tuam
1347 829 1608 883 mittitur.
1648 828 1829 892 Quare
1859 827 1904 881 si
1950 827 2049 881 tibi

463 922 695 976 lidcliter
720 919 974 985 reddant,
1019 919 1134 974 sive
1179 934 1396 983 omnes,
1443 920 1560 974 sive
1606 934 1796 972 eorum
1835 919 2048 987 aliqui,

465 1013 634 1066 multa
661 1011 739 1065 iis
754 1026 1019 1081 prospera
1045 1011 1390 1080 contingant.
1425 1009 1559 1064 Boni
1580 1011 1724 1064 enim
1767 1009 1866 1063 viri
1897 1017 2047 1064 sunt.

464 1104 560 1159 Sin
597 1105 776 1158 minus
801 1142 814 1166 ,
843 1104 945 1157 liae
977 1112 1036 1157 tu
1080 1104 1133 1157 in
1169 1110 1324 1172 parte
1361 1103 1683 1171 prudentior
1715 1118 1808 1167 es,
1849 1103 1942 1171 qui
1982 1102 2052 1156 iis

465 1192 623 1247 fidem
650 1207 758 1246 non
785 1192 1070 1259 adhibeas,
1108 1193 1312 1261 quibus
1345 1192 1529 1245 haberi
1565 1191 1771 1244 nullam
1808 1201 2050 1261 oportet.

465 1287 570 1342 Sed
609 1304 678 1343 ne
726 1287 1014 1342 librarium
1068 1296 1126 1342 et
1162 1303 1265 1341 nos
1315 1286 1521 1341 frustra
1567 1288 1884 1357 fatigemus,
1922 1302 2048 1341 cum

464 1381 691 1433 minime
721 1379 1083 1450 perferendas
1126 1379 1194 1434 ad
1241 1389 1295 1434 te
1337 1381 1550 1433 litteras
1583 1378 1881 1440 dictamus,
1929 1395 2052 1432 cer-

463 1474 568 1526 tior
595 1471 748 1528 reddi
780 1471 970 1540 cupio.
1001 1470 1338 1526 Mutabimus
1370 1473 1516 1526 enim
1542 1471 1802 1540 deinceps
1831 1479 2053 1526 sentem

462 1565 626 1629 tiam;
663 1562 876 1633 solique
905 1561 1068 1618 Petro
1095 1563 1466 1617 committam.
1501 1560 1613 1616 tias
1635 1577 1798 1632 porro
1837 1563 2052 1618 litteras

465 1672 494 1709 a
530 1655 694 1711 Petro
721 1655 991 1724 perlatum
1028 1655 1093 1708 iri
1132 1653 1396 1718 arbitror,
1419 1669 1560 1723 quas
1586 1653 1655 1708 de
1693 1669 1854 1708 sacra
1885 1669 2048 1708 manu

2151 459 2507 530 διακομιστὴν
2550 459 2711 529 μόνον
2756 458 2848 512 τὸν
2897 457 3150 527 φίλτατον
3193 457 3375 526 Σύρον.
3419 457 3562 512 υῦτω
3594 461 3682 530 γὰρ

2155 551 2443 621 συμϐαίνει
2478 551 2540 602 τὸ
2573 550 2708 621 μηδὲ
2743 551 2976 620 νεαροῖς,
3015 548 3130 602 ἀλλ’
3154 547 3336 612 ἑώλοις
3363 549 3531 612 αὐτοῖς
3557 567 3682 619 napt-

2151 642 2463 713 τυγχάνειν.
2500 643 2714 713 Ὠσπερ
2741 637 2832 696 οὖν
2867 639 2999 709 ἐγὼ,
3051 641 3146 694 καὶ
3180 639 3341 704 αὐτὸς
3371 640 3505 694 οὕτω
3546 643 3681 694 ποίει.

2153 732 2342 798 Οὐδεὶς
2374 733 2638 803 βασιλέως
2667 732 3067 804 ἀγγελιαφόρος
3091 732 3351 804 δημοσίαν
3379 733 3530 786 ἵππον
3552 733 3684 804 ἀμεί-

2154 825 2264 880 ϐων
2293 826 2461 893 ἔξεισι
2489 826 2586 895 τῆς
2611 826 2842 890 πόλεως,
2867 819 2913 894 ᾧ
2939 827 3014 898 μὴ
3045 827 3114 880 τὰ
3143 827 3278 897 πρὸς
3305 826 3402 898 τὴν
3433 827 3524 897 σὴν
3545 826 3688 895 λογιό-

2153 935 2294 987 τητα
2319 917 2484 987 μέρος
2515 917 2728 986 γίνεται
2750 917 2845 971 τοῦ
2875 917 3106 971 κατόπιν
3141 916 3378 987 φορτίου.
3414 916 3473 968 Εἰ
3507 916 3596 986 μὲν
3613 913 3688 970 οὖν

2152 1008 2496 1062 ἀποδιδόασιν
2523 1009 2557 1079 ἢ
2593 1008 2818 1072 πάντες,
2845 1009 2881 1079 ἡ
2905 1026 3050 1073 τινες
3081 1007 3282 1075 αὐτῶν,
3313 1006 3472 1060 πολλὰ
3507 1009 3690 1075 κάγαθᾶ

2151 1102 2266 1164 τοῖς
2293 1099 2604 1154 ἀποδιδοῦσι
2651 1100 2884 1169 γένοιτο,
2925 1101 3182 1170 χρηστοῖς
3221 1095 3408 1152 οὖσιν
3449 1101 3494 1151 εί
3521 1099 3578 1168 ,δὲ
3609 1099 3686 1170 μὴ,

2153 1192 2452 1264 καὶταύτῃ
2495 1193 2562 1246 σὺ
2596 1191 2946 1263 σοφώτερος..
2981 1191 3229 1246 ἀπιστῶν
3257 1187 3344 1255 οἷς.
3379 1191 3538 1258 ἄξιον.
3576 1193 3690 1245 Ἀλλ’

2154 1289 2243 1342 ἵνα
2277 1288 2414 1360 μηδὲ
2441 1291 2603 1360 ἡμεῖς
2625 1287 2802 1359 μάτην
2830 1289 3124 1358 κόπτωμεν
3149 1287 3242 1340 τὸν
3271 1285 3689 1356 ὑπογραφέα,τὲς

2152 1380 2253 1433 οὐκ
2294 1378 2772 1450 άποδοθησομένας
2803 1377 3098 1440 ἐπιστολὰς
3127 1376 3566 1448 ὑπαγορεύοντες,
3608 1393 3691 1444 μα-

2154 1470 2272 1525 θεῖν»
2293 1471 2452 1537 ἀξιῶ.
2488 1469 2964 1541 Μεθαρμοσόμεθα
2988 1468 3098 1540 γὰρ
3119 1469 3214 1522 τοῦ
3236 1466 3444 1535 λοιποῦ,
3467 1466 3551 1520 καὶ
3575 1465 3692 1536 μόνῳ

2154 1562 2435 1616 πιστεύσω
2482 1561 2561 1633 τῷ
2593 1562 2808 1634 Πέτρῳ.
2855 1560 3074 1630 Ταύτην
3101 1560 3167 1630 γέ
3200 1576 3285 1614 τοι
3315 1559 3412 1630 τὴν
3443 1556 3694 1628 ἐπιστολὴν

2153 1655 2359 1726 Πέτρον
2387 1650 2539 1724 οἶμαι
2582 1655 2920 1724 διακομιεῖν,
2955 1653 3106 1724 παρὰ
3151 1653 3327 1724 μέσης
3383 1651 3596 1705 λαῇόντα
3615 1648 3692 1718 τῆς

463 1746 759 1818 acceperit.
793 1746 947 1801 Mitto
989 1746 1134 1800 enim
1179 1747 1276 1800 bas
1307 1762 1338 1801 e
1375 1745 1660 1814 Pentapoli
1704 1744 1770 1800 ad
1801 1760 2050 1799 commu-

2158 1715 2309 1816 ἱεράς
2355 1715 2557 1817 χειρός.
2612 1715 2824 1799 Στέλλω
2848 1748 2957 1817 γὰρ
2987 1715 3165 1814 αῦτὴνν
3189 1715 3315 1796 ἁπδ
3348 1715 3695 1802 Πενταπόλεως

465 1853 589 1894 nem
634 1838 985 1913 magistram;
1044 1838 1160 1892 hazc
1212 1847 1398 1892 autem
1467 1839 1778 1908 cuicunque
1832 1839 2052 1894 libuerit

465 1931 776 1987 committet
804 1951 818 1984 :
851 1931 1042 1987 libebit
1071 1938 1276 1998 autem,
1313 1931 1523 2002 optime
1556 1931 1700 1996 scio,
1723 1932 1774 1986 ei
1806 1931 2049 1995 tradere,

2153 1837 2266 1904 ἐγὼ
2295 1838 2431 1907 πρὸς
2469 1837 2567 1908 τὴν
2597 1835 2916 1891 διδάσκαλον
2945 1837 3051 1921 τὴν
3080 1836 3290 1905 κοινήν.
3335 1833 3478 1904 Αὕτη
3520 1833 3574 1887 δὲ.
3607 1834 3699 1901 atq:

2155 1929 2407 2000 βούλεται
2432 1927 2594 1983 δώσει
2619 1947 2632 1962 ’
2673 1927 2995 1999 βουλήσεται
3021 1927 3100 1992 δὲ,
3135 1923 3195 1980 εὖ
3225 1925 3324 1981 οἷδ’
3355 1926 3455 1991 ὅτι,
3491 1923 3563 1994 τῷ
3584 1941 3694 1992 γνω-

464 2023 564 2093 qui
595 2024 668 2076 sit
695 2019 1278 2091 notissirnus..Neque
1315 2019 1462 2075 enim
1499 2020 1732 2083 scimus,
1775 2035 1810 2074 ο
1839 2019 2054 2077 charis-

2158 2021 2450 2094 ριμωτάτῳ
2470 2023 2794 2092 παρασχεῖν.
2827 2020 2938 2074 Καὶ
2958 2020 3067 2091 γὰρ
3095 2019 3202 2073 οὐδ’
3237 2017 3416 2089 ἴσμεν,
3442 2009 3484 2070 ὦ
3511 2016 3696 2085 φίλτατε

464 2116 604 2170 sime
631 2129 696 2169 ac
725 2115 987 2184 praeclare
1017 2114 1121 2179 vir,
1157 2128 1228 2167 an
1258 2123 1449 2184 postea
1484 2113 1763 2169 salutandi
1809 2113 2044 2169 invicem

465 2207 702 2261 facultas
752 2205 824 2259 sit
865 2202 1144 2269 aﬂ‘utura,
1187 2212 1477 2274 propterea
1516 2202 1662 2273 quod
1703 2204 1924 2272 ignavia
1953 2203 2054 2257 du-

464 2313 590 2351 cum
614 2295 737 2354 sine
764 2293 1073 2350 certamine
1104 2293 1355 2363 regionis
1390 2293 1584 2348 hostes
1611 2292 1934 2363 potiuntur;
1963 2307 2055 2348 sos

466 2390 614 2458 lique
655 2402 757 2442 nos
801 2385 1130 2456 superstites
1173 2400 1391 2449 sumius,
1427 2385 1523 2455 qui
1559 2384 1628 2438 ad
1679 2385 1891 2439 munita
1935 2384 2056 2440 loca

360 2506 364 2508 ·
465 2479 838 2551 confugimus,
883 2478 1167 2542 omnibus,
1217 2484 1491 2547 quotquot
1541 2477 1597 2530 in
1650 2475 2055 2545 campestribus

468 2570 796 2644 deprehensi
840 2580 1001 2636 sunt,
1037 2568 1309 2640 pecudum
1357 2583 1511 2624 more
1545 2568 1838 2638 iugulatis.
1883 2565 2055 2622 Vere-

466 2679 592 2720 niur
628 2669 812 2718 autem
845 2675 917 2717 ne
947 2662 1217 2716 diuturna.
1259 2661 1315 2713 in
1365 2659 1434 2714 iis
1479 2660 1618 2713 locis
1655 2657 1872 2712 illorum
1898 2673 2058 2712 com-

466 2756 702 2812 moratio
730 2769 895 2826 quam
927 2753 1170 2823 plurima.
1201 2751 1436 2807 castella
1483 2749 1574 2805 siti
1608 2747 1682 2802 ad
1718 2747 2055 2804 deditionem

466 2847 780 2917 compellat.
829 2843 960 2910 Quae
996 2860 1170 2900 causa
1215 2852 1320 2909 est,
1370 2857 1472 2898 cur
1516 2841 1950 2920 recrimiuationi
1981 2841 2056 2895 illi

469 2947 602 3005 tuae,
644 2953 767 3008 qua:
804 2937 874 2992 de
924 2937 1248 2992 muneribus
1303 2944 1444 3002 erat,
1489 2950 1598 2989 non
1652 2933 2058 3004 responderim.

472 3028 657 3096 Neque
683 3028 830 3080 enim
866 3026 1041 3080 otium
1089 3025 1216 3090 fuit,
1245 3041 1314 3081 eo
1353 3025 1598 3116 quodin
1647 3024 2054 3116 maeliinaeﬂcu-
2083 3059 2126 3116 ο

458 3119 686 3188 jusdaui
723 3116 1089 3172 fabricatione
1121 3117 1459 3187 occupabar.
1498 3114 1614 3169 lloc
1647 3115 1792 3170 enim
1836 3115 2054 3179 molior,

469 3206 935 3278 quemadmodum
970 3222 1001 3261 e
1033 3207 1284 3262 turribus
1333 3223 1442 3262 non
1483 3205 1871 3261 contemnendi
1919 3220 2058 3275 pon-

472 3297 622 3352 deris
663 3296 873 3367 lapides
915 3311 1080 3366 quam
1139 3296 1462 3366 longissime
1496 3295 1828 3365 jaculemur.
1881 3293 2059 3350 Simul

477 3398 660 3444 autem
682 3396 745 3444 et
776 3387 1026 3443 mittendi
1065 3387 1132 3441 ad
1165 3403 1251 3443 me
1280 3402 1509 3444 munera
1543 3395 1865 3457 potestatem
1891 3385 2056 3441 facio.

479 3479 770 3551 Synesium
829 3479 1033 3548 quippe
1089 3476 1343 3548 Olympio
1403 3477 1600 3532 cedere
1663 3491 1890 3532 necesse
1927 3483 2054 3531 est:

473 3587 667 3626 verum
696 3587 774 3626 'ea
802 3571 942 3640 lege,
978 3586 1048 3624 ne
1104 3569 1342 3623 lautiora
1382 3583 1612 3623 munera
1660 3569 1793 3624 sint.
1841 3565 1976 3621 Nam
2003 3577 2060 3622 et

482 3664 868 3728 anfiirxum,
906 3679 1016 3734 quo
1068 3663 1124 3716 in
1163 3661 1511 3717 contubernii
1565 3662 1890 3719 diversoriis
1926 3677 2060 3720 usus

475 3771 558 3821 es,
599 3756 825 3810 minime
871 3755 1094 3826 probavi
1127 3775 1140 3811 :
1175 3755 1271 3810 sed
1321 3755 1582 3809 militaria
1617 3770 1682 3810 ea
1729 3756 1874 3810 dona
1923 3757 2058 3820 sint,

477 3857 641 3902 arcus
677 3847 888 3901 scilicet
922 3862 987 3901 ac
1015 3847 1250 3917 spicula.
1290 3846 1417 3901 Haec
1447 3857 1628 3902 autem
1673 3862 1780 3901 una
1807 3861 1932 3900 cum
1960 3861 2058 3903 cu-

478 3940 748 4010 spidibus.
786 3938 1198 4008 'A‘rcusquidem
1251 3938 1334 3992 vel
1374 3939 1596 3992 aliunde
1637 3952 1888 3993 coemere
1928 3953 2060 4009 pos-

479 4044 601 4084 sunt
625 4046 643 4094 ;
675 4037 770 4082 aut
791 4043 933 4097 quos
961 4029 1079 4097 ipse
1101 4028 1213 4096 iam
1263 4027 1438 4082 habeo
1460 4027 1626 4096 270
1648 4026 1872 4082 reticere
1901 4045 1915 4081 :
1945 4029 2062 4098 spi-

477 4121 604 4176 cula
631 4135 764 4174 vero
786 4134 928 4189 aegre
952 4125 1366 4187 comparantur,
1392 4133 1513 4188 quae
1539 4117 1762 4187 quidem
1789 4117 1911 4173 usui
1939 4134 2063 4174 esse

481 4213 719 4282 possint.
749 4211 1008 4282 IEgyptia
1039 4210 1185 4265 enim
1223 4210 1324 4262 ista
1348 4209 1619 4280 geniculis
1646 4209 2060 4278 protuberantia

481 4303 870 4358 substrictiore
913 4301 1230 4356 internodio
1275 4311 1424 4356 sunt.
1483 4300 1696 4355 Idcirco
1735 4315 1833 4370 per
1878 4301 2062 4370 seipsa

483 4395 840 4451 frustrantur.
899 4392 1110 4446 Similia
1151 4392 1296 4447 enim
1337 4392 1406 4446 iis
1460 4399 1610 4457 sunt,
1656 4393 1749 4461 qui
1797 4393 1981 4446 statim
2029 4407 2059 4446 a
2092 4431 2136 4487 ὓ

483 4488 672 4558 primis
716 4486 1034 4542 carceribus
1077 4485 1470 4556 impediuntur,
1509 4491 1564 4538 et
1603 4481 1904 4538 offendunt.
1951 4479 2058 4538 Ve-

482 4587 597 4635 stra
623 4587 807 4634 autem
831 4579 1063 4649 oblonga
1093 4584 1242 4642 sunt,
1282 4584 1336 4630 et
1367 4577 1422 4630 in
1452 4576 1620 4630 unius
1658 4573 1890 4645 cylindri
1925 4572 2064 4641 figu-

485 4681 600 4722 ram
644 4665 1054 4720 rotundantur:
1087 4663 1236 4733 quod
1283 4662 1354 4717 ad
1413 4663 1630 4718 volatus
1675 4661 2061 4718 rectitudinem

485 4757 643 4812 unice
688 4755 926 4812 confert.
987 4753 1113 4810 Haec
1171 4765 1231 4809 tu
1282 4755 1350 4809 ad
1411 4770 1500 4810 me
1557 4755 1780 4822 mittes;
1843 4770 2060 4810 necnon

483 4860 749 4918 equorum
797 4847 946 4901 frena
997 4848 1062 4900 ad
1117 4861 1278 4902 usum
1331 4845 1782 4899 accommodata:
1833 4859 1960 4900 nam
2007 4856 2063 4899 et

485 4919 685 5008 equum
732 4937 884 4992 illum
924 4936 1197 5002 Italicum,
1240 4951 1401 5006 quem
1449 4942 1509 4990 tu
1562 4944 1795 4992 venusta
1845 4935 1938 4990 illa
1969 4944 2063 4990 tua

2154 2117 2250 2168 καὶ
2281 2113 2571 2184 θαυμάσιε,
2617 2113 2667 2165 εί
2708 2111 2802 2166 καὶ
2833 2110 2995 2165 πάλιν
3027 2109 3206 2175 ἔξεστι
3242 2109 3549 2180 προσειπεῖν
3577 2105 3698 2176 ἡμᾶς

2153 2205 2439 2277 ἀλλήλους.
2474 2203 2654 2275 Κακία
2677 2205 2786 2274 γὰρ
2813 2203 3154 2274 στρατηγῶν,
3186 2201 3395 2272 ἀμαχεὶ
3420 2200 3591 2268 γέγονε
3610 2195 3700 2248 τῶν

2157 2297 2430 2369 πολεμίων
2464 2298 2497 2366 ἡ
2527 2295 2698 2368 χώρα,
2744 2295 2840 2349 καὶ
2872 2295 3021 2366 μόνοι
3051 2294 3235 2364 ζῶμεν
3265 2294 3383 2346 ὅσοι
3421 2290 3494 2346 τίι
3523 2287 3700 2360 ἐρυμνὰ

2155 2389 2585 2459 κατειλήφαμεν,
2612 2388 2723 2442 τῶν
2765 2389 2824 2441 ὲν
2876 2389 2988 2450 τοῦς
3028 2384 3235 2448 πεδίοις
3266 2381 3703 2451 κατειλημμένων,

2155 2479 2347 2550 amp
2377 2478 2590 2550 ιερείων
2609 2478 3048 2548 ἀπεσφαγμένων
3067 2475 3182 2548 [πο.
3197 2470 3702 2546 άποσφαττομένων].

2155 2570 2380 2640 Δέδιμεν
2407 2570 2462 2623 δὲ
2495 2569 2594 2639 τὴν
2629 2569 2986 2640 προσεδρείαν
3020 2568 3222 2632 αὐτῶν,
3269 2568 3347 2639 μὴ
3373 2567 3555 2638 χρονία
3577 2580 3704 2633 γενο-

2159 2659 2298 2729 μένη
2344 2658 2489 2728 δίψει
2532 2661 2955 2731 παραστήσηται
2988 2659 3055 2712 τὰ
3089 2657 3262 2712 πολλὰ
3292 2659 3400 2712 τῶν
3447 2655 3704 2729 φρουρίων.

2156 2751 2344 2824 Ταύτῃ
2390 2753 2486 2806 καὶ
2534 2754 2649 2814 τοῖς
2695 2750 2965 2822 άντεγκλή
2975 2767 3106 2821 μασι
3153 2749 3269 2822 (68)
3323 2753 3436 2814 τοῖς
3475 2747 3710 2819 περὶτῶν

2156 2843 2347 2913 δώρων
2394 2843 2496 2897 οὐκ
2528 2843 2939 2914 ἀπεκρινάμην.
2989 2843 3066 2896 Οὐ
3100 2844 3208 2915 γάρ
3258 2860 3353 2915 μοι
3385 2841 3561 2913 σχολὴ,
3591 2837 3709 2909 πρός

2159 2951 2267 2990 τινι
2304 2936 2519 3006 μηχανῇ
2566 2935 2658 2988 τὸν
2691 2933 2815 2988 νοῦν
2849 2935 3047 3004 ἔχοντι.
3082 2934 3576 3004 Κατασκευάζομαι
3617 2931 3710 2999 γὰρ

2157 3027 2234 3093 ὡς
2257 3028 2324 3081 ἂν
2345 3029 2458 3081 ἀπὸ
2479 3027 2594 3081 τῶν
2619 3027 2844 3098 πύργων
2873 3027 3261 3098 ἑκηϐολώτατα
3287 3027 3587 3099 πέμποιμεν
3610 3023 3706 3095 [γρ.

2163 3135 2434 3190 καταπεμ.
2462 3117 2482 3189 ]
2531 3118 2787 3186 ἀξιόλογα
2815 3117 2978 3173 λίθων
3009 3117 3170 3190 βάρη.
3203 3120 3362 3189 Ἅμα
3401 3118 3457 3172 δὲ
3485 3117 3572 3170 καὶ
3597 3114 3708 3167 ἐνδί-

2161 3210 2301 3280 δωμί
2349 3227 2432 3262 σοι
2467 3209 2710 3280 πέμπειν
2746 3227 2836 3279 μοι
2861 3208 3028 3280 δῶρα.
3077 3211 3172 3263 Δεῖ
3196 3208 3312 3282 γὰρ
3337 3211 3501 3263 εἴκειν
3539 3207 3707 3275 Ὀλυμ-ο

2160 3299 2270 3369 πίῳ
2296 3299 2551 3352 Συνέσιον
2574 3316 2588 3332 ο
2640 3299 2718 3371 μὴ
2751 3300 2934 3371 μέντοι
2982 3302 3279 3371 τρυφῶντα
3303 3302 3472 3373 δῶρα.
3502 3299 3707 3368 Kent?

2159 3392 2257 3444 καί
2280 3389 2401 3444 τότε
2433 3389 2534 3460 τὴν
2560 3390 2772 3462 τρυφὴν
2798 3391 3133 3462 ἐμεμψάμην
3160 3391 3280 3464 (69)
3311 3391 3420 3445 τῶν
3444 3387 3709 3458 καταλυμάο

2159 3500 2268 3538 των
2293 3482 2387 3536 τοῦ
2417 3483 2691 3536 συσσιτίου
2715 3499 2729 3514 ο
2763 3482 2878 3537 ἀλλ’
2907 3483 3049 3537 ἔστω
3079 3484 3472 3553 στρατιωτικά,
3500 3482 3614 3546 τόξα
3630 3479 3706 3532 καὶ

2163 3573 2313 3645 βέλη,
2342 3574 2480 3645 μετὰ
2507 3573 2618 3628 τῶν
2650 3573 2957 3646 στυρακίων
2994 3574 3176 3645 μέντοι
3203 3574 3278 3627 τὰ
3308 3573 3459 3645 βέλη.
3483 3571 3608 3636 Τόξα
3628 3568 3708 3639 μὲν

2160 3659 2253 3717 οὖν
2284 3665 2378 3717 καὶ
2407 3663 2675 3736 ἑτέρωθεν
2714 3663 3055 3735 ὡνησαίμην,
3104 3664 3200 3718 καὶ
3231 3665 3307 3718 τά
3352 3665 3478 3717 ὅντα
3505 3665 3710 3728 dum}.

2163 3755 2368 3826 σαίμην
2393 3771 2408 3787 ο
2459 3755 2588 3826 βέλη
2614 3755 2672 3810 δὲ
2697 3757 2759 3810 οὐ
2796 3757 2975 3829 ῥᾴδιόν
3009 3758 3126 3810 ἐστι
3154 3756 3507 3828 πορίσασθαι,
3543 3752 3711 3806 οὔκουν

2161 3843 2303 3897 ὥστε
2345 3845 2440 3900 καὶ
2481 3845 2784 3917 ἐπιτήδεια.
2835 3845 2916 3899 Τὰ
2964 3847 3074 3914 γὰρ
3113 3846 3397 3914 Δίγύπτια
3425 3844 3587 3900 ταῦτα
3620 3842 3712 3899 τοῖς

2159 3935 2384 4003 γόνασιν
2441 3935 2690 3990 οἰδοῦντα
2714 3978 2728 4002 ,
2780 3938 2898 4000 τοῖς
2965 3938 3396 4007 παραγονατίοις
3455 3933 3708 3997 συνιζάνιι.

2161 4026 2346 4100 Ταύτῃ
2375 4029 2470 4082 καὶ
2515 4028 2809 4098 σφάλλεται
2852 4030 2981 4099 παρ’
3011 4027 3246 4081 ἑαυτῶν.
3286 4029 3471 4081 Ἐοικε
3503 4022 3712 4096 γὰρ,τοῖς

2161 4118 2226 4170 ὲκ
2251 4118 2474 4189 πρώτης
2501 4119 2802 4191 άφετηρίας
2843 4119 3296 4189 ἐμποδιζομένως
3321 4136 3382 4172 τε
3400 4159 3416 4184 ,
3457 4117 3546 4172 καὶ
3569 4128 3711 4184 προσ·

2161 4209 2441 4266 κόπτουσι.
2490 4211 2571 4264 Τὰ
2623 4213 2751 4282 παρ’
2783 4213 2911 4282 ὑμῖν
2953 4211 3030 4275 δὲ,
3079 4211 3300 4282 εὐμήκη
3337 4211 3400 4264 τέ
3453 4203 3711 4270 ἐστιμκαὶ

2168 4300 2414 4372 ἀκριϐῶς
2457 4303 2538 4366 εἰς
2581 4302 2699 4366 ἐνὸς
2746 4301 3035 4372 κυλίνδρου
3061 4303 3254 4372 σχῆμα.
3279 4300 3710 4371 στρογγύλλεται·

2164 4393 2302 4464 ὅπερ
2344 4392 2406 4446 τὸ
2455 4395 2564 4446 πᾶν
2611 4395 2758 4447 ἐστιν
2808 4395 2889 4457 εἰς
2937 4394 3270 4464 εὐθυπορίαν
3332 4393 3434 4465 τῆς
3493 4391 3720 4460 mnam;-

2163 4484 2352 4539 Ταῦτά
2383 4502 2471 4556 μοι
2489 4485 2728 4556 πέμπειν
2752 4503 2767 4518 σ
2803 4486 2896 4539 καὶ
2923 4485 3172 4556 χαλινοὺς
3200 4486 3389 4541 ἵππων
3415 4483 3634 4552 ἀγαθοὺς
3651 4477 3713 4537 εἰς

2164 4579 2363 4649 χρῆσιν
2387 4595 2400 4608 ·
2437 4578 2558 4631 ἐπεὶ
2586 4579 2680 4632 καὶ
2713 4577 2804 4631 τὸν
2831 4579 2997 4632 ἵππον
3027 4579 3118 4632 τὸν
3156 4579 3384 4642 Ἰταλὸν,
3406 4578 3464 4630 ὃν
3483 4573 3713 4645 ἐπῄνεσας

2164 4670 2234 4738 τῇ
2263 4667 2480 4741 γλώττῃ
2499 4668 2570 4740 τῇ
2598 4667 2764 4740 καλῇ,
2800 4669 3005 4740 σφόδρα
3041 4668 3105 4723 ἂν
3136 4663 3278 4722 εἶδον
3303 4668 3477 4738 ἡδέως
3499 4682 3513 4695 ο
3556 4659 3711 4726 ἐπειδὴ

2166 4759 2262 4812 καὶ
2305 4760 2520 4830 πατέρα
2569 4760 2765 4815 πώλων
2810 4759 3032 4828 ἀγαθῶν
3088 4761 3201 4832 (70)
3253 4762 3391 4830 ἡμῖν
3443 4757 3594 4811 aug-:23,
3632 4753 3714 4805 ὑπ.

2171 4846 2372 4917 ισχνοῦ.
2405 4848 2480 4899 Οὐ
2518 4848 2625 4918 μὴν
2673 4848 2808 4901 ἀλλὰ
2851 4851 2946 4902 καὶΙ
2993 4851 3144 4903 κάτω
3173 4866 3276 4902 που
3306 4850 3410 4920 τῆς
3441 4842 3714 4906 ἐπιστολῆς.

2173 4936 2312 5007 μετὰ
2356 4937 2453 5009 τὴν
2484 4937 2807 5010 ὑπογραφὴν
2850 4933 3030 5011 εὖρον,
3077 4942 3158 4994 ὅτι
3204 4940 3397 5012 μένειν
3435 4937 3610 5007 ἐδέησε
3647 4930 3717 4983 τὸν

1729 5068 1889 5124 υιοΝ
1898 5109 1910 5125 .
1955 5069 2230 5126 PETAVII
2272 5065 2522 5130 NOTAE:

557 5188 672 5258 (68)
717 5187 907 5258 Ταύτῃ
939 5187 1035 5240 καὶ
1073 5188 1197 5254 τοῖς
1221 5187 1690 5256 ἀντεγκλήμασι.
1724 5188 1817 5242 Sic
1843 5196 1963 5242 erat
2001 5189 2056 5241 in

489 5257 703 5314 duobUs
733 5257 977 5329 scriptis.
1011 5258 1114 5312 Alii
1138 5258 1626 5328 προτεμενξσμασι,
1655 5259 1799 5327 quod
1834 5259 1965 5327 quid
1990 5259 2062 5329 sit

492 5329 696 5382 nescio.
733 5327 955 5380 Planior
996 5343 1127 5380 vero
1157 5327 1344 5381 nostra
1373 5335 1496 5397 est;
1529 5345 1596 5382 ex
1641 5345 1748 5397 qua
1795 5328 2060 5396 intelligi-

491 5412 611 5453 mus
640 5399 949 5467 OIympium
982 5413 1104 5449 cum
1139 5399 1314 5450 amice
1347 5412 1375 5450 a
1422 5395 1836 5466 Syuesio'csset
1864 5399 2059 5466 objuro

491 5477 670 5533 gntus,
703 5469 942 5522 vicissim
970 5467 1404 5530 recriminatum,
1449 5469 1592 5536 quod
1628 5481 1658 5519 a
1699 5484 1760 5522 se
1786 5469 1930 5522 dona
1961 5467 2061 5520 ali-

492 5550 598 5602 qua
627 5539 794 5591 nollet
825 5537 1098 5605 accipere.
1619 5542 1622 5547 '

494 5671 506 5680 _
538 5606 678 5685 '(69)
721 5608 840 5684 Τήγ
869 5604 1106 5685 τρὺφὴγ
1142 5604 1515 5685 ἐμεμψάμην.
1565 5606 1705 5685 Quid
1745 5606 1857 5660 sint
1888 5623 2059 5659 κατα-

495 5675 709 5742 λύματα
727 5675 823 5725 τοῦ
859 5675 1139 5726 συσσιτίου
1173 5679 1275 5728 hoc
1312 5678 1432 5729 loco
1465 5677 1719 5744 expedire
1749 5690 1981 5742 nequeo.

2229 5191 2341 5261 (70)
2383 5192 2613 5262 Πατέρα
2636 5197 2850 5247 πώλων
2877 5193 3133 5264 ἀγαθῶν.
3170 5193 3266 5249 Vel
3295 5193 3401 5268 hic,
3423 5209 3560 5248 unus
3579 5193 3717 5268 locus

2164 5275 2491 5330 argumento
2536 5279 2662 5334 esse
2720 5273 2937 5334 potest,
2989 5280 3154 5333 quam
3204 5281 3234 5320 e
3269 5279 3332 5318 re
3368 5265 3620 5320 litteraria
3661 5265 3716 5311 sit

2163 5343 2414 5403 veterum
2446 5333 2701 5387 codicum
2750 5341 2804 5387 et
2839 5335 3169 5403 scriptorum
3201 5335 3398 5388 sedula
3434 5341 3719 5403 attentam}?

2165 5401 2347 5473 lectio.
2386 5404 2606 5460 Etenim
2628 5404 2773 5473 quod
2805 5412 2920 5473 erat
2950 5398 3238 5465 hactenus,
3279 5404 3498 5472 πατέρα
3537 5398 3722 5456 πολλῶν

2165 5471 2406 5538 ἀγαθῶν,
2435 5489 2602 5542 quam
2637 5471 2932 5527 absurdum
2966 5484 3019 5527 et
3050 5475 3211 5542 inane
3236 5475 3359 5527 est!
3388 5471 3538 5526 lianc
3561 5478 3720 5542 autem

2168 5556 2334 5609 quam
2367 5538 2711 5600 restituimus
2743 5556 2927 5598 vocem
2949 5557 3016 5597 ex
3044 5541 3215 5616 Hegio
3241 5543 3374 5599 cod.
3403 5538 3712 5613 deprompsi-

2174 5625 2319 5666 mus.
