3986 6158
432 234 567 292 1351

1490 250 1770 308 δῖΝΕΒΙΙ
1812 253 2282 316 PTOLEMAIDIS
2314 262 2656 340 EPISCOPI.

3580 284 3703 338 1532

429 368 812 439 gressionibus
842 383 947 423 una
978 371 1655 445 conveniant,mutuoque
1681 375 2008 447 jungantur.

2116 382 2431 452 αἰσχύνειν,
2466 365 2717 462 αἴσθησιν
2757 394 3109 462 ἀγαπῶντες,
3147 399 3242 452 καὶ
3285 402 3414 455 ὅταν
3448 404 3592 475 αὑτὴ
3633 408 3704 476 μὴ

435 458 567 514 inde
594 460 851 513 nimirum
884 461 1140 518 alicunde
1185 462 1495 520 devinctam
1557 482 1683 522 esse
1720 470 2022 525 necessitu-

443 549 618 606 Iinem
654 559 904 606 nostram
932 561 1173 621 oportet,
1205 554 1254 608 si
1282 555 1422 612 nihil
1465 558 1831 630 philosophias
1887 561 2022 617 edu-

424 644 648 698 catione
675 643 957 714 indignum
987 647 1221 703 velimus
1239 648 1548 717 admittere,
1565 653 1823 708 sensibus
1845 653 2018 722 affixi,

431 739 490 784 ut
529 745 652 784 cum
691 731 794 802 ipsi
845 733 916 787 ab
950 735 1220 804 subjectis
1251 739 1581 808 corporibus
1634 757 1742 798 non
1783 744 2017 812 pulsan-

426 824 543 881 tur,
611 821 921 876 animorum
989 839 1322 896 respuamus
1386 832 1760 899 praesentiam.
1807 833 2019 904 Ecquid

422 907 599 978 igitur
675 911 1002 980 quiritaris?
1086 918 1214 987 quid
1283 919 1496 976 litteras
1565 929 1696 976 tuas
1760 921 2017 994 lacrymis

424 1001 742 1072 respersis?
811 1002 868 1058 Si
926 1007 1070 1060 enim
1133 1011 1308 1064 nostri
1378 1012 1863 1070 commiseratione
1920 1015 2017 1071 ad-

428 1090 630 1165 ductus
699 1092 750 1146 id
803 1093 959 1161 facis,
1011 1099 1160 1167 quod
1218 1100 1461 1154 nondum
1519 1102 2012 1172 philosOphamur;

429 1183 734 1252 praesertim
795 1199 920 1239 cum
997 1188 1050 1242 id
1118 1203 1280 1259 agere
1351 1192 1660 1259 videamur,
1729 1205 1786 1249 et
1850 1196 2017 1266 proﬂ-

429 1279 676 1328 teamur:
715 1291 844 1331 vere
900 1291 930 1330 a
972 1285 1024 1332 te
1082 1280 1359 1349 deplorari
1407 1283 1553 1339 istud
1599 1299 1863 1355 agnosco.
1914 1286 2011 1342 Sin

429 1363 556 1420 ideo
612 1370 994 1438 conquereris,
1051 1374 1199 1440 quod
1262 1374 1619 1433 familiaritati
1671 1388 1874 1435 nostrae
1913 1397 2012 1452 pa-

428 1471 552 1510 rum
585 1472 742 1527 aequa
779 1474 901 1516 sors
933 1462 1192 1530 iniuriam
1245 1464 1441 1521 fecerit
1499 1468 1573 1539 (id
1604 1470 1750 1524 enim
1810 1471 2012 1530 litteris

428 1547 541 1603 tuis
572 1551 711 1606 velle
741 1550 838 1605 tibi
861 1554 1016 1608 visus
1043 1553 1156 1624 es),
1184 1557 1452 1614 muliebre
1483 1574 1638 1624 sane,
1677 1575 1741 1617 ac
1796 1565 2012 1632 puerile

428 1650 535 1706 est,
573 1657 758 1698 amare
793 1645 918 1708 ista,
959 1646 1012 1700 in
1048 1647 1250 1718 quibus
1299 1651 1655 1707 consiliorum
1692 1662 2008 1711 nostrorum

429 1733 632 1788 finibus
663 1734 886 1798 obstare
915 1751 1077 1792 casus
1107 1739 1332 1809 aliquis,
1359 1755 1422 1796 ac
1448 1743 1593 1798 distu
1607 1745 1766 1800 rbare
1811 1748 2004 1816 possit.
2042 1721 2082 1776 Β

427 1825 542 1897 Ego
570 1842 700 1881 vero
730 1843 947 1884 sacrum
982 1830 1115 1886 illud
1147 1842 1331 1904 caput,
1362 1834 1756 1894 Herculianum
1782 1858 2006 1897 sursum

427 1919 674 1989 aspicere
702 1921 919 1985 vellem,
941 1931 1226 1995 totumque
1252 1928 1306 1982 in
1336 1944 1519 1984 rerum
1539 1935 2010 2003 contemplatione

427 2025 490 2065 ac
521 2012 832 2067 mortalium
867 2016 1130 2080 omnium,
1165 2027 1330 2090 atque
1359 2020 1695 2077 caducorum
1721 2025 2010 2097 principiis

419 2102 845 2159 considerandis
877 2121 1000 2162 esse
1043 2109 1318 2178 defixum;
1385 2114 1622 2170 virtutes
1651 2129 1747 2172 eas
1795 2117 2010 2184 jamdiu

425 2212 872 2268 supergressum,
914 2216 1038 2271 quae
1067 2203 1134 2258 ad
1165 2204 1353 2260 infima
1381 2221 1666 2273 conversa:
1682 2223 1768 2265 res
1789 2219 2010 2266 nostras

419 2288 756 2359 gubernant.
790 2290 865 2345 Ac
888 2300 1144 2362 tauquam
1173 2296 1222 2352 is
1251 2297 1525 2366 ejusmodi
1560 2300 1651 2366 sit,
1679 2301 1773 2368 ita,
1799 2317 1922 2358 cum
1942 2304 2009 2357 ad

424 2395 550 2434 eum
591 2383 796 2447 scribe,
827 2385 1180 2444 salutationis
1212 2389 1314 2444 hac
1348 2400 1474 2445 utor
1524 2393 1780 2461 formula,
1830 2412 2012 2465 sapere

421 2475 670 2538 multaut,
713 2490 820 2531 non
848 2478 1070 2544 salvere,
1098 2490 1193 2536 aut
1221 2481 1450 2552 feliciter
1475 2501 1647 2556 agere,
1684 2490 1832 2557 quod
1863 2488 2013 2544 vide-

419 2570 516 2616 tur
549 2565 906 2623 moderatius.
950 2567 1236 2640 Siquidem
1275 2576 1586 2631 actionibus
1622 2578 1829 2632 nostris
1871 2577 2013 2632 infe-

425 2655 540 2710 rior
573 2671 728 2714 mens
759 2661 1038 2731 prtesidet,
1069 2679 1238 2734 quam
1253 2666 1484 2723 minime
1503 2668 1646 2738 apud
1674 2679 1728 2724 te
1759 2669 2011 2724 obrutam

418 2771 490 2812 ac
511 2756 787 2813 defossam
807 2773 930 2813 esse
959 2759 1269 2829 cupiebam.
1289 2759 1407 2826 Qua
1425 2761 1495 2817 de
1525 2775 1583 2817 re
1609 2764 2012 2833 quamplurima

423 2849 567 2917 apud
599 2853 654 2903 te
681 2847 899 2903 duabus
934 2849 1214 2917 prioribus
1247 2850 1500 2920 epistolis
1540 2851 1810 2917 disserui;
1872 2868 2010 2922 qna-

419 2954 548 2993 rum
602 2949 854 2993 neutram
920 2939 981 3001 ii,
1019 2941 1219 3009 quibus
1285 2941 1560 3006 dederam,
1615 2945 1712 2999 tibi
1767 2945 2016 3001 reddide-

2125 471 2231 525 ὑπὸ
2282 479 2551 545 σωμάτων
2598 480 3004 554 θυροκοπῆται,
3063 487 3241 560 ψυχῆς
3289 471 3596 562 παρουσίαν

2123 567 2492 637 προσιέμενοι.
2532 571 2598 623 Τί
2631 568 2723 626 οὖν
2753 577 2965 646 ποτνιᾷ,
2996 578 3084 631 καῖ
3117 581 3238 642 ταῖς
3265 582 3581 646 ἐπιστολαῖς
3599 583 3704 636 τῶν

2121 653 2371 753 δακρύων
2399 662 2613 731 ὲγχεῗς;
2652 665 2714 718 Et
2753 667 2850 736 μὲν
2880 668 2988 740 γὰρ
3025 671 3174 753 ἡμᾶς
3205 671 3394 740 ἐλεῶν,
3428 676 3518 728 ὃτι
3548 677 3706 747 μήπω

2122 747 2538 822 φιλοσοφούμεν,
2587 757 2682 810 καὶ
2727 759 2900 812 ταῦτα
2934 747 3247 830 δοκούντες,
3300 767 3397 821 καὶ
3437 767 3704 836 λέγοντες,

2121 839 2466 910 ὲπιγινὼσκω
2502 845 2596 899 τοῦ
2631 847 2828 920 θρήνου
2863 853 2962 923 τὴν
2994 855 3271 926 ἀλήθειαν.
3311 859 3374 913 Ei
3405 860 3452 913 δ’
3490 863 3574 915 ὅτι
3612 862 3706 932 τὴν

2123 934 2406 987 συνουσίαν
2440 936 2596 1006 ἡμῶν
2640 939 2897 1011 ἠδίκησεν
2939 945 3210 1016 ἀγνώμων
3246 949 3281 1017 ἡ
3315 948 3452 1019 τύχη
3523 948 3708 1021 (τοῦτο

2117 1024 2227 1095 γάρ
2260 1043 2340 1079 σοι
2372 1027 2480 1079 τῶν
2511 1029 2808 1085 ἐπιστολῶν
2839 1035 2900 1086 τὸ
2930 1035 3225 1108 βούλημαὶθ
3270 1039 3403 1110 θῆλυ
3446 1042 3546 1094 καὶ
3583 1058 3705 1094 παι-

2115 1112 2374 1184 δαριῶδες
2403 1118 2463 1171 τδ
2491 1119 2664 1175 ταῦτα
2695 1123 2934 1196 ἀγαπᾷν,
2968 1127 3054 1196 ἐφ’
3085 1122 3160 1181 ὧν
3189 1129 3413 1185 δύναται
3443 1131 3706 1200 βλάπτειν

2114 1205 2143 1258 ὁ
2175 1205 2382 1277 δαίμων
2421 1209 2490 1264 τὰ
2540 1211 2668 1283 τέλη
2715 1215 2822 1266 τῶν
2867 1219 3261 1289 προαιρέσεων.
3325 1221 3468 1289 Ἐγὼ
3511 1223 3572 1276 δὲ
3611 1224 3705 1294 τὴν

2117 1297 2271 1370 ἱερὰν
2318 1303 2582 1374 κεφαλὴν,
2651 1306 3033 1377 Ἐρκουλιανὸν
3085 1311 3270 1382 ἠξίουν
3314 1314 3428 1368 ἀνω
3465 1315 3700 1385 βλέπειν,

2115 1392 2210 1443 καὶ
2240 1392 2358 1445 ὅλον
2383 1388 2521 1448 εἶναι
2544 1395 2748 1466 θεωρὸν
2772 1399 2876 1451 τῶν
2903 1402 3096 1468 ὄντων,
3121 1404 3217 1457 καὶ
3239 1404 3338 1474 τῆς
3359 1407 3468 1459 τῶν
3496 1407 3704 1477 θνητῶν

2113 1478 2289 1550 ἀρχῆς
2314 1482 2410 1546 τὰς
2435 1484 2632 1554 ἀρετὰς
2653 1486 2936 1553 διαϐάντα,
2960 1492 3053 1544 καὶ
3074 1493 3242 1547 πάλαι
3262 1494 3362 1556 τὰς
3378 1496 3704 1566 ἀπεστραμ-

2116 1569 2284 1639 μένας
2315 1573 2408 1626 καὶ
2433 1578 2743 1647 κοσμούσας
2765 1581 2833 1634 τὰ
2857 1582 3032 1654 δεῦρο.
3064 1585 3172 1638 Καὶ
3194 1585 3268 1648 ὡς
3291 1588 3428 1658 πρὸς
3461 1589 3702 1642 τοιοῦτόν

2116 1677 2206 1730 μοι
2240 1662 2340 1733 τῆς
2366 1667 2654 1739 ἐπιστολῆς
2695 1671 2756 1723 τὸ
2815 1674 3112 1746 πρόσρημα
3144 1675 3278 1747 (76)·
3310 1680 3515 1732 πολλὰ
3557 1697 3701 1749 φρο·

2111 1752 2270 1806 νεῖν-ο
2305 1756 2369 1809 οὐ
2411 1759 2677 1827 χαίρειν,
2713 1761 2834 1815 οὐδὲ
2873 1761 2942 1819 εὖ
2971 1766 3274 1836 πράττειν,
3305 1769 3366 1820 τὸ
3404 1770 3702 1841 μετριώτε-

2113 1860 2225 1914 ρον,
2282 1845 2596 1900 Ἐπιστατεῖ
2631 1850 2740 1922 γὰρ
2776 1853 3007 1924 πράξεσι
3041 1856 3165 1920 νοῦς
3208 1858 3469 1921 ἐλάττων,
3505 1861 3607 1929 οὐχ
3642 1859 3702 1914 ὃν

2110 1935 2295 2004 ἠξίουν
2327 1937 2707 2010 ἀνακεχῶσθαι
2736 1944 2886 2016 παρὰ
2915 1947 3022 1998 σοί.
3061 1948 3194 2019 Περὶ
3227 1942 3287 2002 οὗ
3321 1966 3405 2002 σοι
3436 1950 3534 2001 καὶ
3562 1950 3704 2019 πάμ-

2111 2027 2282 2083 πολλα
2314 2030 2403 2083 διὰ
2429 2031 2521 2085 δύο
2545 2032 2653 2088 τῶν
2689 2034 2922 2107 πρώτων
2954 2038 3256 2092 ἐπιστολῶν
3281 2039 3583 2110 διελέχθην
3622 2035 3700 2096 ὧν

2110 2119 2366 2191 οὐδεμίαν
2387 2124 2434 2175 oi
2453 2123 2708 2190 λαϐόντες
2730 2126 3140 2184 ὲπιδεδώκασιν.
3160 2130 3312 2183 Ἐπεί
3331 2147 3416 2182 τοι
3441 2131 3697 2203 πέμπτην

2109 2213 2315 2282 ταύτην
2353 2214 2623 2285 ὲκπέμπω
2675 2217 2773 2288 τὴν
2823 2219 3134 2290 ἐπιστολήν.
3183 2219 3320 2272 Ἀλλ’
3351 2220 3463 2274 εῐθε
3499 2222 3573 2292 μὴ
3605 2224 3701 2276 καὶ

2110 2303 2315 2375 ταύτην
2349 2306 2544 2376 μάτην,
2569 2307 2778 2377 γένοιτο
2802 2309 2846 2362 δ’
2871 2311 2936 2362 ἂν
2961 2310 3022 2363 οὐ
3054 2311 3254 2382 μάτην,
3279 2313 3327 2364 εἱ
3357 2313 3574 2383 πρῶτον
3603 2312 3700 2381 μὲν

2112 2395 2406 2467 ὲπιδοθείη.
2440 2398 2514 2452 Τὸ
2547 2397 2603 2452 δὲ
2636 2401 2727 2452 ἐπὶ
2761 2401 2968 2472 τούτῳ,
2998 2403 3092 2455 καὶ
3125 2403 3316 2456 τούτου
3349 2403 3695 2473 σεμνότερον,

2112 2488 2570 2560 κατανουθετήσει
2623 2507 2703 2556 σε,
2762 2493 2858 2544 καὶ
2904 2492 3315 2563 παιδαγωγήσει
3339 2532 3355 2558 ,
3392 2493 3488 2546 καὶ
3520 2493 3698 2546 πείσει

2115 2580 2426 2650 μεταθεῖναι
2465 2579 2564 2654 τὴν
2592 2581 2685 2635 τοῦ
2718 2581 2969 2655 σώματος
3015 2585 3169 2660 ἰσχὺν
3203 2585 3297 2646 ἐπὶ
3327 2583 3428 2655 τὴν
3460 2584 3560 2652 τῆς
3594 2583 3697 2652 ψυ-

2113 2672 2213 2742 Χῆς
2243 2671 2482 2744 ἀνδρίαν.
2523 2674 2583 2728 οὑ
2615 2673 2712 2746 τὴν
2760 2677 2825 2729 ὲκ
2859 2676 2958 2746 τῆς
3000 2674 3244 2747 πρώτης,
3282 2675 3378 2728 καὶ
3415 2673 3698 2745 περιγεὶου

2113 2766 2446 2837 τετρακτύος
2478 2766 2586 2820 τῶν
2628 2767 2873 2840 ἀρετῶν·
2911 2768 3027 2823 ἀλλ’
3067 2769 3160 2820 ὲπ)⁸
3189 2768 3288 2839 τὴν
3331 2766 3597 2833 ἀνάλογον
3640 2767 3697 2817 ὲν

2113 2856 2323 2926 τρίταις
2352 2855 2480 2928 [γρ.
2511 2856 2792 2931 τρίτταις]
2823 2875 2885 2911 τε
2923 2859 3017 2911 καί
3066 2858 3377 2929 τετάρταις.
3427 2857 3629 2925 "Atiam
3653 2853 3694 2905 δ’

2115 2942 2207 3000 οὖν
2244 2947 2432 3016 αὐτῆς,
2474 2947 2601 3000 ὅταν
2639 2947 2804 3019 μηδὲν
2846 2947 2954 3000 τῶν
2996 2945 3348 3016 ἀνθρωπίνων
3390 2943 3693 3016 θαυμάζῃς.

418 3036 576 3082 runt.
609 3026 798 3096 Itaque
846 3027 1091 3096 quintam
1124 3029 1266 3084 hanc
1296 3031 1363 3084 ad
1405 3039 1466 3087 te
1496 3034 1684 3100 mitto;
1709 3043 1760 3090 et
1809 3037 2010 3089 utinam

2120 3035 2236 3089 Κάν
2273 3044 2438 3107 μήπω
2473 3055 2555 3090 σοι
2597 3037 2774 3107 σαφὴς
2803 3039 2836 3108 ἡ
2864 3038 3124 3108 διαίρεσις
3212 3038 3306 3090 τοῦ
3347 3035 3690 3106 λελεγμένου,

419 3136 493 3174 ne
507 3135 627 3176 eam
646 3119 868 3188 quidem
884 3118 1122 3174 frustra!
1146 3121 1350 3178 frustra
1377 3134 1560 3181 autem
1581 3128 1746 3183 missa
1772 3144 1877 3183 non
1894 3129 2009 3183 fue-

425 3213 497 3266 rit
519 3213 704 3281 277,
723 3212 957 3281 primum
986 3213 1030 3267 si
1049 3214 1152 3267 erit
1173 3215 1403 3269 reddita.
1427 3216 1655 3283 Deinde,
1674 3220 1815 3288 quod
1836 3221 2006 3275 multo

422 3305 643 3374 gravius
666 3312 830 3373 atque
864 3295 1149 3372 antiquius
1183 3315 1289 3371 est,
1328 3308 1375 3363 si
1409 3317 1464 3366 te
1509 3312 1739 3366 monitis
1778 3305 2006 3367 institu-

417 3404 538 3451 tum
575 3405 741 3467 atque
766 3397 1024 3452 edoctum
1058 3400 1353 3466 dimiserit,
1392 3403 1845 3472 persuaseritque
1877 3418 2004 3456 cor-

416 3489 572 3558 poris
599 3490 766 3544 robur
802 3491 870 3545 ad
902 3492 1070 3544 animi
1105 3491 1486 3548 fortitudinem
1517 3493 1859 3549 transferre:
1895 3509 2002 3550 non

423 3581 570 3634 illam
600 3581 745 3647 dico,
779 3597 900 3652 quae
929 3582 984 3636 in
1017 3585 1198 3652 primo
1225 3590 1280 3638 et
1325 3584 1515 3639 infimo
1565 3586 1829 3640 virtutum
1863 3601 2002 3656 qua-

414 3674 670 3728 ternario
697 3682 975 3738 censetur,
1002 3673 1097 3730 sed
1125 3690 1244 3729 eam
1269 3677 1472 3745 potius,
1500 3691 1622 3745 quae
1652 3679 2006 3746 proportione

415 3767 659 3837 quadam
691 3766 748 3820 in
780 3767 977 3829 ternis,
1017 3769 1420 3839 quaternisque
1469 3768 1787 3838 respondet.
1827 3768 2002 3833 Quam

413 3865 535 3912 tum
559 3858 777 3912 demum
809 3857 1080 3930 attigeris,
1102 3874 1224 3914 cum
1257 3859 1392 3914 nihil
1421 3858 1786 3913 humanarum
1823 3873 2002 3913 rerum

419 3952 813 4008 admiraberis.
843 3952 1004 4019 Quod
1067 3952 1114 4008 si
1181 3953 1423 4008 nondum
1457 3950 1604 4006 illam
1671 3951 1814 4020 ejus,
1856 3951 2004 4020 quod

417 4043 585 4100 modo
611 4045 746 4111 dixi,
778 4045 1104 4100 divisionem
1143 4043 1427 4114 intelligis,
1459 4058 1582 4112 quae
1605 4041 1865 4098 videlicet
1911 4058 2006 4100 an-

415 4139 710 4208 tiquiores,
740 4153 803 4192 ac
833 4137 1108 4206 primaria:
1132 4135 1364 4190 virtutes
1393 4135 1524 4201 sint,
1563 4151 1753 4206 quaeve
1780 4137 1834 4192 in
1864 4137 2005 4194 infe-

417 4231 556 4286 riori
587 4231 779 4286 ordine
810 4232 968 4285 sitae:
1002 4243 1124 4282 cum
1158 4228 1212 4282 id
1271 4226 1503 4298 adeptus
1562 4227 1758 4296 fueris,
1793 4231 2000 4284 nullam

415 4322 573 4376 ιιιοὶ»
604 4336 716 4376 rem
747 4321 982 4391 lugeas;
1030 4318 1122 4374 sed
1165 4317 1352 4372 infima
1405 4320 1614 4382 omnia,
1673 4328 1728 4376 et
1762 4321 2000 4377 humana

2112 3129 2256 3191 τίνες
2307 3127 2768 3199 ἀρχεγονὼτεραι,
2821 3127 2916 3182 καὶ
2961 3130 3106 3192 τίνες
3152 3130 3208 3181 αἱ
3258 3127 3551 3180 πολλοσταὶ
3593 3127 3694 3180 τὼν

2115 3221 2326 3292 ἀρετῶν
2348 3237 2360 3250 ·
2384 3222 2445 3275 τὸ
2466 3223 2558 3274 ἐπὶ
2589 3222 2777 3293 μηδενὶ
2807 3222 3010 3284 κλάειν,
3040 3221 3174 3275 ἀλλά
3200 3221 3416 3274 πάντων
3439 3221 3548 3272 τῶν
3571 3220 3691 3289 τῇδε

2113 3312 2171 3364 ὲν
2209 3312 2330 3384 δίκῃ
2363 3315 2743 3384 καταφρονεῖν,
2793 3315 2920 3366 ὅταν
2962 3330 3042 3366 σοι
3094 3311 3496 3383 παραγένηται,
3541 3309 3691 3362 τοῦτο

2115 3403 2258 3458 ἔστω
2305 3421 2387 3458 σοι
2439 3404 2639 3469 κανὼν,
2690 3406 2785 3458 καὶ
2836 3406 3119 3476 κριτήριον
3167 3404 3274 3457 τῶν
3323 3404 3556 3474 πρώτων
3600 3401 3692 3472 τῆς
3757 3472 3772 3486 ⁸

2111 3481 2366 3558 τεύξεως,
2404 3493 2490 3548 ἵνα
2522 3511 2603 3546 σοι
2638 3496 2732 3547 καὶ
2765 3494 2896 3563 παρ’
2930 3493 3086 3564 ἡμῶν
3117 3491 3175 3545 τὸ
3200 3493 3401 3545 πολλὰ
3429 3489 3690 3561 φρονεῖν,

2111 3588 2170 3639 ἐν
2207 3587 2328 3648 ταῖς
2359 3585 2666 3648 ἐπιστολαῖς
2692 3586 2981 3657 ἐπανέλθῃ.
3028 3583 3386 3655 Ἐρρωμένως
3414 3580 3690 3651 διαὸιῴης,

2096 3670 2434 3752 ’φιλοσοφίας
2497 3681 2760 3751 εὐθυμίαν
2809 3677 3249 3750 πρυτανευούσης
3295 3675 3566 3746 ἀκύμονα,
3612 3675 3690 3728 δέ-

2113 3788 2288 3824 σποτα
2346 3770 2660 3840 ἀξιάγαστε.
2705 3769 2767 3823 Εἰ
2829 3769 3115 3838 φιλοσοφία
3180 3765 3505 3837 πρεσόεύειν
3556 3761 3690 3817 οἶδεν

2111 3859 2382 3915 ἀπάθειαν
2406 3859 2596 3930 αὐτὴν,
2625 3860 2680 3912 αἱ
2709 3858 2870 3928 μέσαι
2897 3858 2952 3910 δὲ
2987 3858 3128 3924 ἕξεις
3157 3859 3236 3920 εἰς
3267 3855 3687 3927 μετριοπάθειαν

2113 3950 2380 4013 ἵστανται,
2427 3949 2526 4020 τὴν
2565 3947 3030 4018 ἀπειροπάθειαν,
3080 3946 3174 3998 καὶ
3206 3946 3266 3998 τὸ
3294 3944 3690 3998 εύταπείνωτον

2112 4041 2215 4095 πού
2249 4041 2436 4116 χώρας
2471 4039 2746 4110 τάξομεν;
2776 4033 2864 4111 ἆρ’
2892 4038 3011 4108 οὐχὶ
3039 4036 3229 4109 ττόρρω
3260 4035 3593 4106 φιλοσοφίας,
3625 4030 3685 4107 ἧς

2116 4117 2327 4203 μύστην
2365 4130 2618 4198 γενέσθαι
2646 4147 2706 4182 σε
2733 4127 3154 4198 κατηυξάμεθα;
3187 4127 3260 4197 μὴ
3299 4126 3454 4196 δῆτα,
3479 4119 3525 4179 ὦ
3564 4125 3688 4178 πάν-

2109 4243 2217 4278 των
2247 4225 2372 4295 ἐμοὶ
2404 4221 2836 4295 προσφιλέστατε
2863 4237 2877 4253 ο
2925 4221 3041 4281 ἀλλ’
3077 4219 3531 4290 ἀρῤενωπότερον
3564 4219 3685 4288 ἡμῖν

2110 4317 2202 4372 τὸν
2257 4317 2408 4385 φίλον
2458 4313 2777 4369 ἀποδείκνυε
2823 4314 2938 4386 [γρ.
2986 4311 3188 4383 ύποδ.].
3226 4311 3455 4365 Ἀπασά
3509 4328 3607 4381 μου
3653 4309 3682 4377 ἡ

419 4411 618 4466 merito
648 4421 974 4466 contemnas
1005 4427 1018 4465 :
1057 4408 1174 4464 haec
1202 4408 1300 4463 tibi
1343 4409 1530 4480 regula
1567 4412 1661 4476 sit,
1718 4427 1782 4467 ac
1831 4415 1996 4469 veluti

2113 4409 2250 4463 οἰκία
2283 4407 2580 4479 κατεδεήθη
2634 4408 2946 4478 προσειπεῖν
2989 4421 3046 4457 σε
3097 4404 3233 4473 ὑπὲρ
3273 4403 3465 4471 αὐτῆς.
3521 4404 3684 4472 Προσ-

413 4502 627 4573 Lydius
660 4503 822 4572 lapis,
854 4515 964 4572 quo
1007 4511 1060 4556 te
1107 4502 1174 4556 ad
1223 4502 1400 4571 prima
1435 4504 1758 4573 pervenisse
1793 4522 2003 4577 cogno~

413 4610 546 4650 scas
574 4612 588 4648 ε
618 4603 675 4647 ut
706 4594 804 4647 tibi
843 4607 873 4646 a
904 4607 989 4646 me
1020 4592 1187 4654 istud,
1223 4590 1422 4660 Sapere
1478 4595 1796 4663 plurimum,
1832 4597 1887 4651 in
1920 4600 2004 4653 lit-

409 4686 554 4751 .1eris
587 4685 796 4741 redeat.
845 4683 1144 4738 Incolumis
1187 4697 1468 4752 sanusque
1499 4685 1666 4738 vitam
1715 4689 1996 4756 traducas,

2113 4503 2303 4575 είρησο
2350 4493 2454 4554 οὖν
2491 4498 2646 4570 παρά
2684 4499 2895 4552 πάντων
2917 4537 2931 4560 ,
2965 4496 3196 4548 ἑκάστου
3235 4494 3498 4564 μονονοὺκ
3538 4491 3681 4560 ἐγχέ-

2111 4611 2270 4658 αντος
2314 4593 2411 4664 τὴν
2454 4591 2631 4664 ψυχὴν
2695 4591 2761 4659 τῇ
2818 4587 3139 4659 προσρήσει.
3183 4587 3291 4639 Καὶ
3343 4585 3506 4648 αὐτὸς
3551 4584 3680 4656 ὑπὲρ

2109 4687 2265 4762 ἡμῶν
2296 4687 2387 4739 τὸν
2421 4680 2781 4752 ἱπποτοξότην
2815 4680 3100 4752 πρόσειπε,
3148 4678 3474 4750 παρακαλῶ.

416 4777 587 4832 nullis
645 4775 905 4832 fluctibus
962 4777 1226 4847 agitatam
1291 4775 1460 4829 animi
1507 4775 1846 4835 hilaritatem
1924 4785 2260 4844 conciliante
2298 4779 2667 4852 philosophia,
2698 4777 2921 4831 domine
2973 4774 3107 4828 mihi
3137 4772 3405 4842 imprimis
3437 4771 3677 4825 amande.

410 4871 478 4927 Si
513 4871 858 4943 philosophia
909 4879 1156 4924 motuum
1191 4869 1438 4923 omnium
1483 4873 1762 4927 vacuitate
1797 4877 1980 4944 potius
2019 4879 2178 4940 nihil,
2224 4885 2318 4930 aut
2369 4873 2652 4944 antiquius
2705 4870 2919 4934 habet,
2961 4866 3127 4923 medii
3166 4883 3296 4921 vero
3349 4865 3572 4921 habitus
3631 4864 3679 4917 in

419 4976 668 5021 motuum
701 4965 1080 5020 mediocritate
1109 4963 1464 5019 consistunt:
1500 4977 1739 5033 quanam
1782 4968 1837 5022 in
1904 4970 2033 5026 sedc
2070 4970 2327 5025 aﬂ‘cetum
2389 4964 2559 5021 animi
2638 4961 3057 5025 reuocabimus,
3126 4958 3358 5015 infinitis
3404 4959 3678 5028 perturba-

408 5061 664 5116 tionibus
702 5061 987 5130 agitatum,
1021 5057 1227 5130 quique
1255 5057 1420 5128 dejici
1446 5057 1606 5114 facile
1636 5074 1699 5116 ac
1733 5064 1988 5119 contrahi
2033 5064 2254 5134 possit?
2332 5061 2454 5115 Non
2482 5060 2680 5130 procul
2727 5073 2755 5111 a
2793 5055 3143 5155 philosogihia
3184 5070 3309 5110 eum
3355 5053 3685 5155 amandabi-

413 5169 566 5217 mus,
597 5153 756 5222 cujus
791 5161 842 5207 te
869 5162 1101 5223 mystam
1132 5165 1256 5205 esse
1285 5149 1545 5205 omnibus
1582 5152 1727 5207 rotis
1773 5154 2308 5224 expetimus?Absit
2355 5153 2458 5206 hoc
2509 5167 2538 5204 a
2591 5157 2666 5212 te,
2709 5163 2919 5218 quaeso,
2986 5146 3235 5201 omnium
3289 5146 3427 5248 mihi
3479 5146 3686 5248 charis-

409 5249 578 5304 sime.
610 5248 755 5313 Quin
789 5248 920 5302 mihi
951 5249 1129 5317 potius
1161 5246 1594 5302 constantiorem
1629 5263 1693 5302 ac
1729 5247 2007 5305 fortiorem
2042 5252 2288 5306 amicum
2328 5248 2545 5304 exhibe.
2579 5245 2693 5300 idea
2760 5244 2939 5301 omnis
2978 5241 3182 5295 familia
3223 5241 3300 5293 uti
3367 5255 3470 5295 suo
3515 5241 3688 5293 nomi-

413 5356 491 5396 ne
523 5342 759 5397 salutem
789 5339 886 5394 tibi
922 5340 1162 5395 dicerem
1192 5354 1221 5393 a
1283 5353 1369 5392 me
1402 5335 1690 5410 ﬂagitavit.
1745 5341 2002 5396 Omnium
2045 5344 2212 5413 igitur
2245 5341 2468 5395 nomine
2497 5339 2729 5393 salutem
2764 5335 2866 5389 tibi
2927 5333 3091 5399 dico;
3157 5331 3211 5387 in
3255 5346 3359 5403 qua
3409 5330 3686 5402 precanda

1664 5459 1846 5516 DION.
1871 5458 2146 5516 ΡΕΤΛἨΙ
2171 5458 2406 5515 NOTAE.

2111 5591 2225 5630 cere
2253 5591 2270 5629 :
2296 5575 2354 5629 Si
2383 5577 2545 5638 vates,
2576 5573 2698 5626 bene
2717 5581 2830 5633 est;
2861 5583 2950 5641 ego
2975 5567 3142 5621 valeo.
3170 5565 3325 5641 Recte
3350 5572 3398 5618 et
3435 5577 3531 5641 nos
3557 5559 3691 5641 dici-

2115 5661 2269 5718 mus:
2301 5645 2361 5699 Si
2407 5630 2821 5718 philosopharis,
2877 5630 3000 5693 5cm:
3054 5646 3154 5718 est.
3213 5633 3398 5690 Valere
3429 5631 3568 5687 enim
3597 5630 3691 5684 hac

2116 5717 2324 5771 demum
2346 5729 2419 5770 est
2435 5731 2452 5780 ,'
2477 5715 2586 5770 sine
2607 5714 2701 5767 hoc
2734 5727 2865 5782 (eger
2893 5718 2969 5765 est
2996 5714 3222 5761 animus.

488 5569 611 5639 (76)
644 5571 918 5644 Τοιοῦτόν
940 5572 1537 5644 μορφῆς-ἐπιστολῆς
1576 5575 1642 5628 τὸ
1664 5576 2002 5644 πρόσρημα.

429 5637 640 5692 Senem
667 5640 703 5690 l.
734 5655 794 5699 ll,
826 5637 988 5709 epist.
1018 5643 1083 5695 15
1116 5637 1140 5696 :V
1160 5637 1275 5696 Mos
1307 5637 1554 5712 antiquus
1595 5637 1719 5713 fuit,
1750 5637 1912 5714 usbué
1937 5646 2004 5698 ad

432 5721 603 5759 meam
637 5717 872 5760 servatus
911 5719 1140 5777 wtatem,
1177 5714 1358 5778 primis
1393 5715 1625 5780 epistolis
1666 5715 1829 5770 verbis
1867 5715 2006 5785 adji—
