3986 6158
322 268 467 335 ,1541

1443 248 1834 309 ΕΡιετοιιε.
1873 278 1945 292 -—-
1977 245 2192 303 EPIST.
2235 242 2462 302 CXLVI.

3456 241 3595 299 ιω

333 383 626 456 συντυχίαν
669 379 827 454 ἡμῶν
879 378 1212 442 συστάσεως,
1249 370 1431 444 πολλῷ
1476 371 1743 444 πρότερον
1798 368 1908 441 (85]

2022 365 2231 421 tudinis
2272 370 2477 420 nostrae
2501 359 2834 421 desiderium
2861 375 2960 432 per
2986 367 3197 419 litteras
3222 360 3596 432 redarguam:

334 476 440 529 ὑπὸ
467 473 563 528 τοῦ
586 470 974 541 κατακλυσμοῦ
996 467 1104 522 τῶν
1128 467 1187 522 ὲν
1223 466 1343 529 ταῖς
1367 462 1679 528 ἐπιστολαῖς
1715 460 1918 528 ίΰγγων

331 566 494 629 αὐτὸς
529 562 850 637 ὲθηλύνθην,
886 562 980 616 καὶ
1028 559 1146 631 εἰμὶ
1197 556 1293 611 νῦν
1337 553 1599 621 τοιοῦτος,
1636 552 1805 622 ὁποίῳ
1837 569 1919 605 σοι

329 656 654 727 τυγχάνοντι
680 653 942 724 πρότερον
973 648 1284 705 ἐνεκάλουν.
1308 643 1437 719 Ἆρ’
1458 642 1551 700 οὖν
1581 643 1802 714 ἀγαθῶν
1830 659 1919 714 μοι

326 747 589 820 ’μεγάλων
636 744 809 807 αἴτιος
864 744 894 797 δ
947 741 1250 813 θαυμάσιος
1317 735 1697 810 Ἐρκουλιανδς
1720 775 1736 800 ,
1773 732 1919 789 οὔτω

328 841 428 912 τὴν
451 837 589 912 ἐμὴν
625 836 804 908 ψυχὴν
835 835 1146 909 ἀναρτήσας
1175 829 1390 895 ἑαυτοῦ,
1414 830 1510 883 καὶ
1542 826 1916 890 καταϐιϐάσας

330 931 421 985 τοῦ
451 930 770 1001 φιλοσοφίας
815 924 1162 998 ἀξιώματοςς
1197 920 1343 994 Ἐγὼ
1372 923 1472 994 μὲν
1516 922 1578 975 οὐ
1607 919 1674 974 δι’
1705 917 1837 973 ἄλλο
1863 935 1917 972 τι

328 1021 428 1085 τὰς
456 1020 720 1090 Σειρῆνας
756 1017 861 1071 ὑπὸ
886 1016 995 1070 τῶν
1037 1012 1277 1086 ποιητῶν
1314 1011 1556 1085 ἡγοῦμαι
1580 1008 1919 1083 βλασφημεῖ-

330 1111 478 1178 σθαι,
508 1113 541 1184 ἢ
573 1113 654 1166 ὅτι
689 1111 769 1183 τῷ
805 1108 1046 1183 μελιχρῷ
1070 1108 1170 1178 τῆς
1197 1104 1380 1177 φωνῆς
1409 1103 1711 1172 ἀπώλλυον,
1745 1119 1916 1175 προσ-

327 1201 696 1272 αγόμεναιτὺν
725 1196 1369 1255 πιστεύσαντα.Ἦκουσα
1392 1195 1450 1249 δέ
1475 1212 1569 1250 του
1599 1194 1707 1247 τῶν
1735 1192 1914 1262 σοφῶν

328 1293 425 1345 καὶ
445 1289 880 1363 ἀλληγοροῦντος
923 1288 1017 1341 τὸν
1047 1285 1233 1358 μῦθον.
1281 1285 1547 1356 Σειρῆνας
1588 1284 1697 1357 γὰρ
1743 1282 1913 1348 αὐτάς

327 1380 661 1437 αἰνίττεσθαι
716 1380 815 1446 τὰς
857 1378 1262 1442 ἀπολαυσταάς
1299 1377 1517 1449 ἡδονὰς,
1553 1374 1611 1430 αῖ
1662 1376 1789 1443 τοὺς
1832 1372 1912 1427 εῖ-

330 1474 525 1540 ξιντας
552 1514 566 1539 ,
601 1471 699 1527 καὶ
740 1468 1288 1541 καταγοητευθέντας
1315 1466 1497 1522 αὐτῶν
1522 1464 1604 1537 τῷ
1655 1463 1916 1537 προσηνεῖ

330 1568 471 1637 μετά
518 1564 713 1637 μικρὸν
761 1562 1109 1618 ἀπολλύουσι.
1152 1562 1219 1615 Τί
1264 1556 1358 1615 οὖν
1411 1558 1730 1614 ἀποδέουσιν
1775 1551 1913 1609 εῖναι

327 1656 585 1729 Σειρῆνες
618 1654 674 1707 αἱ
706 1653 814 1707 τῶν
870 1651 980 1707 σῶν
1027 1648 1329 1706 ἐπιστολῶν
1355 1647 1574 1721 ἡδοναὶ,
1607 1648 1680 1717 ὑφ
1704 1642 1779 1700 ὧν
1801 1644 1913 1714 ἐγὼ

2020 472 2169 514 nunc
2201 456 2584 512 illecebrarum
2607 495 2625 524 ,
2651 469 2773 526 quae
2805 454 2860 509 in
2894 453 3004 509 tuis
3031 454 3234 511 litteris
3260 453 3487 520 insunt,
3512 468 3600 511 re-

2018 551 2303 607 dundante
2349 551 2508 620 copia
2554 547 2767 605 fractus
2815 548 2965 621 ipse,
3014 558 3071 607 et
3109 549 3388 607 emollitus
3431 568 3601 620 sum;

2017 653 2075 700 et
2103 643 2264 701 modo
2294 644 2459 709 talem
2489 658 2575 700 me
2604 643 2823 699 invenio
2844 682 2858 708 ,
2888 644 3069 714 qualis
3098 652 3264 701 antea
3291 661 3415 703 cuin
3441 646 3605 705 esses

2016 741 2126 791 tete
2176 733 2663 806 reprehenderant.
2712 734 2853 791 Num
2896 735 3066 807 igitur
3109 735 3415 809 ingentium
3460 738 3601 797 mihi

2016 826 2287 881 bonorum
2329 840 2499 882 causa
2529 827 2784 898 egregius
2811 825 3180 885 Herculianus
3206 829 3459 889 exstitit.
3499 831 3595 900 qui

2018 916 2261 971 animum
2295 931 2475 972 meum
2504 916 2643 973 adeo
2670 916 2779 975 sibi
2807 916 3148 983 devinxerit,
3186 928 3355 992 atque
3393 935 3425 976 a
3468 922 3597 994 phi—

2017 1007 2283 1079 losophiae
2310 1008 2577 1079 dignitate
2615 1008 2923 1080 dejecerit?
2967 1009 3235 1081 Equidem
3279 1027 3388 1088 non
3428 1014 3595 1069 aliam

2015 1098 2087 1153 ob
2119 1112 2343 1154 causam
2379 1098 2620 1154 arbitror
2656 1097 2884 1154 Sirenas
2928 1107 3216 1171 poetarum
3264 1102 3485 1171 probris
3529 1118 3596 1159 ac

2014 1187 2324 1245 maledictis
2352 1188 2656 1260 exagitari,
2680 1204 2842 1259 quam
2873 1190 3019 1262 quod
3050 1191 3255 1246 mellita
3288 1194 3439 1248 vocis
3472 1209 3600 1249 sua-

2014 1264 2179 1332 vitate
2212 1275 2493 1332 interitum
2532 1277 2866 1342 alierebant,
2905 1293 3030 1337 eum
3079 1295 3202 1336 eum
3252 1281 3596 1346 illexissent,

2016 1368 2111 1439 qui
2161 1370 2230 1425 iis
2280 1368 2439 1426 iidem
2488 1370 2797 1427 habuisset.
2832 1369 3052 1427 Memini
3108 1387 3238 1428 vero
3277 1388 3364 1428 me
3404 1378 3597 1432 nescio

2014 1474 2174 1530 quem
2205 1458 2335 1514 olim
2366 1458 2558 1515 audire
2584 1461 2890 1532 Sapientem
2911 1502 2926 1526 ,
2956 1461 3048 1532 qui
3084 1463 3167 1517 sic
3196 1461 3398 1518 fabulae
3428 1465 3600 1522 istius

2016 1548 2327 1621 allegoriam
2360 1560 2670 1607 enarraret.
2714 1549 2931 1607 Etenim
2966 1551 3194 1610 Sirenas
3226 1556 3410 1612 aiebat
3438 1557 3601 1611 volu-

2014 1650 2196 1712 ptates
2223 1641 2348 1699 illas
2375 1642 2716 1714 signiﬁcare,
2759 1644 2962 1713 quibus
3003 1642 3276 1712 fruimur;
3310 1662 3432 1718 qua:
3461 1663 3594 1704 suc-

324 1747 389 1802 τὺ
413 1726 670 1819 ἐμϐριθὲς
690 1745 868 1815 ἀφεὶς,
899 1744 1020 1808 ὅλος
1060 1738 1444 1814 Ἐρκουλιανοῦ
1471 1739 1670 1810 γέγονα
1703 1755 1720 1805 ;
1746 1736 1906 1809 Μάρ-

2014 1734 2364 1801 cumbentes,
2392 1743 2557 1804 atque
2591 1750 2784 1790 earum
2823 1736 3112 1795 blanditiis
3147 1736 3410 1798 delinitos
3457 1755 3595 1810 pau-

320 1856 423 1903 τυς
441 1839 591 1903 Θεὸς,
611 1838 671 1892 οὐ
695 1838 845 1911 νόμῳ
867 1836 962 1891 τοῦ
995 1835 1256 1908 γράφειν,
1292 1832 1407 1888 ἀντ’
1435 1833 1596 1886 ἄλλου
1626 1832 1753 1894 τοὺς
1780 1827 1910 1902 περὶ

322 1930 519 1984 τούτου
557 1928 862 2000 πεποίημαι
904 1928 1118 1999 λόγους,
1151 1926 1218 1980 ῖν⁹
1266 1924 1523 1979 ὑπόθεσιν
1568 1923 1678 1992 ἔχω
1722 1935 1909 1993 γραμυ

332 2018 539 2091 μάτων.
576 2019 742 2074 Ἀλλά
763 2018 873 2073 τῶν
917 2018 1047 2090 παρ’
1080 2016 1402 2089 Οὑρσικίνου
1423 2014 1675 2069 δοθεισῶν
1700 2015 1913 2067 ἐπιστο-

320 2108 437 2163 λῶν
460 2126 475 2140 ·
503 2105 645 2181 ἦσαν
663 2108 725 2162 δὲ
754 2111 902 2180 τρεῖς
921 2122 937 2137 ο
961 2109 999 2178 ἡ
1024 2104 1164 2177 μέση
1186 2104 1330 2159 κατά
1358 2104 1419 2158 τὸ
1459 2103 1686 2173 μέγεθος
1720 2100 1910 2172 ἐμδιόν

325 2217 381 2255 τι
414 2201 592 2272 ψυχῆς
620 2200 795 2264 πάθος
832 2198 1088 2264 ἐνέσταξὲ
1130 2215 1219 2268 μοι
1253 2194 1562 2268 κομίσασα⁸
1595 2195 1692 2250 καὶ
1711 2197 1908 2264 γέγονα

324 2296 427 2363 τῆς
456 2295 515 2347 ὲν
557 2294 673 2357 τοῖς
715 2292 1012 2364 γράμμασι
1065 2290 1359 2352 κολακείας
1411 2288 1592 2358 ἥττων
1633 2285 1908 2352 τοσοῦτον,

327 2386 454 2439 ὅσον
481 2384 849 2454 αἰσχύνεσθαι.
897 2383 1001 2436 Τδν
1036 2382 1262 2451 ἀδελφὸν
1310 2381 1493 2448 Κῦρον
1524 2376 1637 2449 (86)
1680 2376 1787 2432 ἔδει
1815 2393 1910 2430 κο-

332 2475 595 2546 μίσασθαι
623 2474 775 2545 παρά
817 2473 911 2528 σοῦ
935 2473 1241 2544 γράμματα
1264 2471 1390 2541 περὶ
1414 2464 1490 2524 ὧν
1512 2469 1807 2540 ἐδήλωσας,
1823 2467 1910 2520 διά

327 2567 420 2619 τὸν
466 2567 533 2618 ἐκ
578 2565 966 2627 Πενταπόλεως
995 2564 1233 2633 κόμητα.
1266 2563 1378 2616 Καὶ
1407 2561 1568 2632 χάριν
1606 2558 1705 2631 μὲν
1753 2559 1908 2629 ἔσχον

325 2661 394 2729 τῇ
444 2657 761 2730 προαιρέσει
804 2655 898 2709 τοῦ
951 2655 1319 2725 συστήσαντος
1351 2671 1366 2687 ·
1398 2650 1662 2706 ἐπελάθου
1714 2649 1770 2703 δὲ
1822 2649 1907 2702 δτι

328 2748 635 2818 ᾦιλοσοφεῖν
690 2747 990 2819 πειρῶμαι,
1046 2746 1143 2800 καὶ
1192 2745 1387 2818 μικρδν
1441 2744 1684 2813 ἡγοῦμαι
1739 2739 1907 2812 τιμὴν

332 2840 569 2901 ἅπασαν,
597 2838 645 2890 εί
678 2836 752 2908 μὴ
791 2837 883 2889 ἐπὶ
904 2835 1191 2907 φιλοσοφίᾳ
1223 2835 1450 2904 γένοιτο.
1476 2833 1676 2901 Δὲομαι
1700 2827 1794 2884 οὖν
1821 2831 1909 2884 διὰ

327 2929 419 2991 τὸν
465 2929 600 2984 Θεὸν
641 2928 812 2989 οὐδέν.
849 2927 988 2981 Οδτε
1031 2927 1145 2998 γὰρ
1167 2925 1494 2996 ἀδικοῦμεν,
1537 2923 1659 2977 οὔτε
1688 2920 1904 2978 ἀδικούο

2013 1825 2520 1896 Ιοῑὶῐηιρετόθνοιιι.
2551 1824 2822 1892 Quidnam
2860 1827 3030 1899 igitur
3058 1829 3250 1896 abest,
3296 1833 3603 1902 quominus

2014 1915 2236 1973 Sirenes
2264 1918 2377 1974 sint
2407 1918 2656 1989 quaedam
2690 1918 3001 1977 litterarum
3035 1931 3254 1979 tuarum
3283 1923 3593 1992 illecebrz,

2012 2010 2214 2082 quibus
2242 2012 2342 2082 ego
2371 2013 2640 2082 gravitate
2679 2015 3107 2085 constantiaque
3149 2017 3243 2072 illa
3278 2020 3461 2088 posita
3500 2030 3584 2076 to-

2013 2109 2104 2158 tus
2133 2097 2447 2156 Herculiani
2480 2117 2601 2157 sum
2633 2100 2851 2158 factus?
2874 2089 3056 2163 Testis
3085 2115 3168 2162 est
3193 2106 3339 2165 Deus
3364 2124 3449 2165 me
3474 2126 3597 2168 non

2013 2190 2289 2247 scribendi
2320 2208 2509 2253 more,
2547 2194 2775 2250 alterius
2808 2194 3119 2267 cujuspiam
3153 2198 3306 2262 loro,
3339 2200 3409 2255 de
3437 2216 3502 2256 ea
3531 2217 3600 2258 re

2014 2279 2177 2338 verba
2206 2281 2388 2338 facere
2412 2323 2426 2346 ,
2459 2298 2568 2352 quo
2596 2284 2906 2340 litterarum
2935 2296 3320 2359 argumentum
3365 2292 3588 2363 aliquod

2014 2372 2294 2427 haberem.
2327 2370 2522 2428 Verum
2556 2388 2621 2428 ex
2653 2373 2723 2431 iis
2762 2375 3003 2443 litteris,
3046 2393 3184 2449 quas
3219 2380 3287 2438 ab
3334 2381 3599 2441 Ursicino

2017 2472 2130 2518 tres
2160 2464 2381 2533 accepi,
2412 2479 2533 2533 quae
2576 2465 2939 2540 amplitudine
2983 2469 3162 2526 media
3207 2483 3357 2538 erat,
3401 2475 3588 2533 vivum

2011 2552 2144 2606 mihi
2172 2556 2465 2622 quemdam
2495 2554 2777 2609 instillavit
2812 2556 3065 2613 affectum
3104 2561 3315 2618 animi:
3342 2564 3594 2637 adeoque

2010 2659 2132 2700 sum
2161 2644 2469 2700 litterarum
2501 2646 2821 2704 adulatione
2848 2658 3173 2720 superatus,
3215 2661 3276 2708 ut
3320 2656 3589 2727 meipsum

2009 2736 2260 2806 puderet.
2309 2734 2604 2806 Oportebat
2652 2745 2705 2794 te
2756 2739 2824 2794 ad
2866 2739 3090 2798 fratrem
3125 2743 3326 2816 Cyrum
3369 2747 3439 2803 de
3485 2764 3589 2814 eo,

2009 2827 2154 2898 quod
2177 2827 2499 2903 signiﬁcasti
2517 2867 2535 2893 ,
2559 2829 2774 2887 litteras
2797 2831 3015 2890 dedisse
3030 2874 3046 2901 ,
3072 2845 3296 2908 propter
3316 2836 3592 2912 Pentapo-

2011 2918 2240 2971 litanum
2279 2919 2560 2972 comitem.
2611 2919 2690 2974 Ac
2739 2920 3007 2976 voluntati
3052 2925 3270 2994 quidem
3307 2943 3593 2986 contineri.

330 3021 493 3091 μεθα.
521 3021 597 3076 Τὸ
614 3019 681 3091 δὴ
709 3017 969 3083 τοιοῦτον,
1003 3018 1195 3086 ἐκείνῳ
1222 3016 1321 3083 μὲν
1351 3014 1492 3086 ὑπὲρ
1513 3010 1669 3085 ἡμῶν
1698 3012 1905 3083 ιπρεπε

2014 3008 2191 3065 dantis
2205 3008 2368 3082 283
2383 3009 2590 3079 gratias
2607 3009 2935 3082 egi.Videris
2950 3015 3078 3069 mihi
3096 3026 3276 3072 tamen
3292 3019 3434 3073 istud
3453 3020 3593 3076 obli~

328 3114 503 3168 ποιεῖν
526 3129 543 3161 -.
576 3113 705 3183 ἡμῖν
750 3111 808 3165 δὲ
843 3109 1124 3176 αἰτεῖν,λώ
1170 3107 1493 3179 apsent-Ei
1526 3105 1639 3176 γὰρ
1668 3104 1774 3159 εδει
1808 3103 1906 3174 ζη-

2014 3102 2607 3174 lus,‘quem‘admodum
2627 3103 3002 3178 philosophari
3027 3109 3357 3165 instituerim
3380 3129 3396 3180 ;
3429 3119 3600 3183 atque

325 3205 443 3258 τεῖν
485 3203 791 3266 ἱπιστολάς,
814 3203 987 3256 αἰτεῖν
1016 3200 1122 3254 ἔδει
1156 3199 1292 3271 πρὸς
1322 3200 1424 3269 ἐμὲ
1450 3197 1703 3267 γενέσθαι
1721 3213 1738 3231 ·
1762 3197 1905 3251 οὕτω

2014 3210 2223 3252 omnem
2255 3196 2517 3252 honorem
2545 3199 2699 3269 parvi
2733 3200 2989 3270 pendam,
3012 3201 3107 3272 qui
3133 3217 3240 3256 non
3273 3217 3305 3257 a
3343 3203 3595 3273 philoso—

327 3293 438 3364 γὰρ
468 3291 536 3347 ἀν
569 3293 829 3364 ἐτιμήθην
854 3308 867 3323 ·
890 3293 987 3362 οὐχ
1007 3291 1151 3362 ὑπὲρ
1178 3289 1338 3362 ἡμῶν
1366 3290 1504 3361 πρὸς
1526 3289 1734 3361 ἕτερον.
1781 3289 1904 3359 Ἐρο

327 3382 573 3455 ρωμένος
612 3383 874 3454 ,εὐθυμῶν
904 3383 1166 3454 διαδιῴης
1189 3425 1205 3447 ,
1235 3380 1554 3450 φιλοσοφίαν
1586 3381 1903 3435 animum

327 3472 550 3546 μετιών.
588 3474 745 3529 Πᾶσα
787 3474 922 3544 ἁμοῦ
979 3490 1041 3526 σε
1096 3475 1129 3544 ἡ
1161 3471 1306 3526 οἰκία
1330 3511 1344 3535 ,
1377 3471 1582 3543 μάρτυς
1625 3469 1778 3534 Θεὸς,
1810 3469 1907 3523 καὶ

326 3565 537 3629 παῖδες.
564 3563 657 3620 καὶ
708 3565 981 3635 γέροντες,
1011 3565 1106 3618 καὶ
1150 3564 1426 3632 γυναῖκες,
1466 3559 1904 3633 προσαγορεύου-

327 3673 433 3712 σιν.
486 3658 646 3720 Ἴσως
688 3657 734 3712 δ’
780 3657 846 3713 ἂν
896 3656 1058 3720 αὐτὸς
1116 3657 1211 3710 καὶ
1263 3653 1760 3726 φιλοφρονουμένας
1802 3651 1903 3715 τὰς

324 3750 589 3817 γυναῖκας
637 3748 874 3821 μισοίης.
923 3748 1053 3802 Ἰδοὺ
1099 3747 1153 3800 τί
1195 3746 1539 3815 πεποίηκας·
1570 3746 1631 3799 ἐν
1676 3743 1781 3815 ὁδῷ
1832 3760 1900 3814 με

324 3839 456 3894 ὄντα
510 3839 676 3911 ἀπρὶξ
731 3840 1028 3909 λαϐόμενος
1076 3839 1347 3910 κατέχεις.
1380 3833 1562 3892 ’Ἦσαν
1590 3836 1700 3908 ἄρα
1736 3837 1902 3906 Αἰγύ-

324 3945 473 3985 πτιοι
515 3934 846 4003 φαρμακεῖς,
875 3930 970 3985 καὶ
1002 3932 1061 3985 οὐ
1108 3931 1285 3984 πάντα
1332 3931 1577 4000 Ὅμηρος
1623 3928 1899 3998 ψεύδεται,

322 4022 414 4076 ὅτε
453 4023 766 4086 καὶιαὺτὸς
820 4024 1024 4091 ῖῦγγων
1069 4021 1297 4093 πλήρεις
1352 4019 1637 4083 ἐπιστολὰς
1692 4020 1902 4090 ἐκπέμ-

325 4125 451 4172 πεις
504 4112 601 4164 ἀπ’
646 4112 944 4181 Αἰγύπτου.
988 4112 1179 4184 Ἑλένῃ
1219 4113 1316 4183 μὲν
1368 4106 1461 4167 οὖν
1509 4110 1572 4164 τὸ
1614 4104 1903 4183 λαθικηδὲς

324 4201 619 4274 φάρμακον

2006 3288 2133 3358 pbia
2186 3288 2593 3359 proficiscatur.
2639 3289 2831 3362 Itaque
2867 3292 3005 3347 nihil
3042 3301 3265 3364 propter
3313 3293 3482 3350 Deum
3526 3311 3590 3353 ea

2008 3378 2482 3434 commendatione
2503 3394 2641 3450 opus
2676 3379 2874 3436 habeo.
2910 3379 3100 3452 Neque
3140 3384 3285 3439 enim
3318 3394 3412 3438 aut
3446 3385 3591 3442 facio

2009 3472 2263 3541 cuiquam
2297 3473 2578 3543 injuriam,
2619 3482 2713 3528 aut
2740 3476 2969 3553 aecipio.
3011 3477 3195 3543 Quare
3223 3477 3371 3533 istud
3410 3480 3588 3549 ipsum
3680 3508 3697 3519 ο

2010 3565 2067 3618 in
2100 3563 2250 3617 illum
2283 3565 2457 3619 nostri
2487 3579 2655 3618 causa
2688 3565 2940 3621 conferre
2969 3567 3277 3636 Oportebat,
3310 3569 3469 3634 nobis
3490 3586 3589 3626 au-

2011 3664 2117 3709 tem
2140 3656 2416 3725 postulare
2439 3670 2783 3726 nequaquam
2808 3658 3230 3733 congrruit.Nam
3262 3670 3320 3715 ut
3352 3662 3589 3728 maxime

2009 3748 2203 3801 litterae
2221 3746 2467 3818 petenda:
2493 3756 2701 3813 essent,
2721 3748 2785 3803 ad
2804 3764 2890 3804 me
2917 3750 3097 3820 potius
3117 3758 3175 3806 ut
3190 3752 3586 3820 scriberentur,

2009 3841 2120 3910 peti
2139 3840 2395 3907 deberet;
2450 3840 2526 3894 ita
2562 3840 2707 3894 enim
2734 3839 2864 3893 mibi
2908 3829 3082 3897 honos
3114 3841 3427 3908 haberetur,
3475 3859 3587 3901 non

2008 3948 2110 4005 pro
2139 3932 2298 3988 nobis
2322 3931 2386 3986 ad
2403 3932 2652 3987 alterum.
2687 3930 2981 3989 Incolumis
2999 3943 3259 4005 perpetuo
3286 3936 3587 4006 hilarisque

2009 4024 2195 4094 degas,
2260 4021 2658 4094 philosophiam
2700 4021 3079 4087 sincerissime
3133 4024 3403 4081 ambiens.
3452 4024 3589 4080 Uni-

2006 4129 2165 4169 vcrsa
2205 4123 2256 4168 te
2291 4114 2454 4169 simul
2504 4114 2729 4180 lamilia,
2770 4114 2926 4168 testis
2954 4123 3038 4170 est
3081 4113 3246 4181 Deus,
3268 4126 3375 4171 tam
3408 4117 3587 4186 pueri,

2008 4218 2170 4273 quam
2211 4217 2391 4267 senes,
2433 4212 2488 4258 et
2522 4201 2778 4256 mulieres
2816 4202 3076 4279 salutant.
3120 4201 3444 4273 Quanquam
3472 4200 3586 4256 for-

324 4297 492 4351 tassis
519 4299 681 4359 etiam
720 4299 1086 4365 blandientes,
1132 4309 1295 4371 atque
1332 4301 1671 4357 humanitate
1709 4307 2101 4370 prosequentes
2142 4299 2397 4354 mulieres
2428 4298 2631 4353 oderis.
2660 4295 2797 4351 Vide
2824 4296 2956 4369 quid
3022 4294 3260 4352 feceris:
3305 4311 3411 4362 me,
3456 4309 3585 4353 cum

208 4402 214 4406 ‘
326 4389 381 4442 in
411 4389 499 4443 via
529 4403 728 4454 essem,
770 4393 1046 4447 mordicus
1071 4396 1473 4463 apprehensum
1502 4394 1732 4447 detines.
1791 4390 2048 4447 Proiecto
2121 4388 2364 4462 Egyptii
2437 4391 2807 4444 ineantatores
2887 4397 3047 4458 sunt;
3076 4403 3177 4445 nec
3213 4388 3396 4445 omnia
3444 4389 3589 4446 falso

324 4480 396 4534 ab
412 4476 651 4536 Homero
673 4490 802 4537 sunt
825 4483 1228 4554 prodita:eum
1253 4493 1307 4540 tu
1336 4488 1451 4555 ipse
1474 4486 1911 4543 incantationum
1948 4487 2140 4556 plenas
2215 4484 2423 4540 litteras
2468 4483 2543 4540 ab
2599 4482 2839 4554 Egypto
2879 4485 3093 4541 mittas.
3123 4483 3301 4554 Atque
3367 4481 3588 4541 Helenae

326 4570 547 4641 quidem
577 4573 902 4630 obliviosum
937 4579 1192 4633 mmroris
1212 4580 1467 4648 poculum
2275 4566 2289 4578 ’

506 4667 867 4737 Πολύδαμνα
919 4674 1066 4740 πόρε
1104 4672 1304 4737 Θῶνος
1340 4656 1709 4741 παράκοιτις.

2130 4712 2133 4715 λ
2253 4664 2394 4720 dedit
2432 4664 2625 4723 Tironis
2652 4666 2845 4734 conjux
2871 4663 3228 4735 Polydamua.

327 4757 419 4810 Eoi
460 4757 519 4810 δὲ
554 4759 639 4823 τίς
688 4760 750 4814 τὸ
790 4761 1015 4835 ἀνιαρὸν
1051 4765 1306 4830 δέδωκεν,
1335 4759 1378 4833 ᾧ
1419 4765 1612 4835 χρίσας
1656 4764 1906 4836 ἔπεμψας

2014 4757 2128 4815 Tibi
2161 4774 2288 4814 vero
2326 4759 2452 4830 quis
2506 4759 2761 4813 mceroris
2823 4755 3060 4814 eiﬁciens
3110 4758 3241 4811 illud
3273 4757 3446 4824 dedit,
3472 4773 3586 4829 quo

325 4848 427 4918 τὴν
446 4848 736 4922 ἐπιστολήν
757 4869 771 4919 ;

820 4943 1164 4999 ΕΠΙΣτυΑΗ
1211 4947 1407 5014 ΡΜςῖι.

1003 5036 1267 5106 Ἰωάννῃ.

398 5125 567 5201 Οἶμαί
601 5147 660 5183 σε
686 5127 782 5180 καὶ
811 5124 917 5197 πρὸ
942 5125 1108 5195 εὐχῆς
1146 5121 1206 5179 εὖ
1242 5126 1533 5197 πράττειν,
1564 5126 1621 5190 ὃς
1649 5142 1712 5195 γε
1741 5126 1895 5195 ἀφεὶς

329 5221 452 5284 τοὺς
475 5218 791 5291 ἀνθρώπους
824 5217 993 5287 ἡμᾶς,

2002 4852 2298 4909 delibutam
2339 4850 2405 4906 ad
2450 4866 2535 4905 me
2564 4850 2853 4920 epistulari:
2890 4849 3134 4906 misisti?

2481 4940 2819 4997 EPISTOLA
2858 4939 3091 4997 CXLV].

2670 5031 2891 5089 Joanni.

2079 5125 2191 5196 Ego
2228 5134 2279 5181 te
2307 5138 2472 5195 supra
2529 5132 2716 5178 votum
2768 5123 2976 5179 felicem
3005 5139 3131 5180 esse
3182 5123 3439 5189 arbitror,
3482 5124 3578 5194 qui

2011 5232 2113 5272 nos
2133 5217 2385 5272 homines
2412 5216 2824 5286 derelinquens,

1525 5347 1705 5403 DiON.
1754 5346 2032 5402 PETAVII
2084 5348 2318 5408 ΝΟΤΕ.

402 5482 514 5555 (85)
563 5483 943 5555 Σωτάσεως.
996 5479 1557 5555 πολλῷ-πρᾷ-τερον.
1590 5480 1905 5555 _Assentior

332 5549 712 5612 eruditissimo
737 5556 859 5609 viro
887 5549 1154 5609 Federico
1190 5551 1432 5614 Morello,
1462 5549 1555 5619 qui
1589 5551 1676 5604 hic
1715 5551 1902 5605 ἐνστά-

334 5642 476 5688 σεως
509 5625 793 5696 legendum
820 5624 1236 5696 animadvertit.
1277 5622 1379 5696 (_‘.ui
1419 5619 1559 5696 addo
1585 5621 1900 5696 legendum

335 5690 586 5763 insuper'
623 5694 682 5745 οὐ
749 5693 925 5764 πολλῷ
977 5693 1253 5758 πρότερον.
1294 5690 1475 5744 lnnuit
1506 5690 1754 5749 enim'se
1792 5707 1899 5745 non

2007 5485 2340 5557 multo‘ante
2379 5485 2587 5557 litteras
2611 5483 2847 5549 dedisse,
2891 5483 3092 5557 quibus
3125 5485 3414 5542 vehemens
3443 5486 3577 5545 ilfud

2005 5555 2339 5608 desiderium
2381 5556 2693 5622 castigaret.

2077 5624 2187 5696 (86)
2222 5623 2338 5680 Τὸν
2363 5623 2633 5694 ἀδελφὸν
2672 5625 2892 5694 Κύρον.
2930 5624 3067 5683 Vide
3094 5636 3254 5697 epist.
3296 5627 3412 5681 HS.
