3986 6158
340 353 479 410 1345

1434 334 1814 390 EPISTOLAEZ.
1871 363 1943 373 -—-
1982 332 2198 389 EPIST.
2243 330 2489 385 CXLV".

3455 339 3592 396 i566

332 471 495 530 eirlv,
534 467 659 520 ἰδεῖν
701 481 760 518 τε
795 466 962 537 ἡδεῖς,
1005 464 1096 516 καὶ
1130 459 1425 531 γεύσασθαι
1456 457 1554 527 τὴν
1586 455 1753 524 ἄλλην
1791 452 1909 523 ἡδο-

2018 449 2165 521 quod
2214 450 2491 515 eﬂotlitur,
2543 449 2624 504 sal
2655 458 2760 511 est,
2806 465 2929 504 cum
2960 452 3083 506 visu
3140 452 3278 523 ipso,
3325 463 3440 510 tum
3484 460 3590 515 alia

336 561 452 632 νήν.
482 559 618 612 Ἀλλ’
648 558 796 621 ὅπως
823 556 899 629 μὴ
931 554 1248 625 σοφιστικὴν
1275 549 1664 622 ἀπειροκαλίαν
1700 547 1911 618 οἰηθῇς,

333 652 396 704 τὸ
443 649 751 717 ἐπεξελθεῖν
788 648 895 702 τῶν
941 644 1247 718 ἐπιχωρίων
1298 642 1441 696 ἀλῶν
1468 640 1545 711 τῷ
1593 639 1912 710 διηγήματι.

338 745 573 797 Ἤκιστα
606 741 715 812 γὰρ
754 744 868 804 τοῖς
920 737 1279 810 άγροδιαίτοις
1326 736 1456 806 ἡμῖν
1514 731 1828 805 προσιζάνει
1855 731 1916 783 τὸ

336 835 617 905 φιλότιμον
645 833 836 896 πάθος.
871 832 1033 884 Ἀλλὰ
1065 831 1129 884 σὺ
1160 829 1265 901 γὰρ
1286 827 1535 890 ἀπαιτεῖς
1563 826 1764 878 ἕκαστα
1784 824 1913 894 παρ’

335 925 491 996 ἡμῶν
534 924 604 977 τὰ
651 921 949 995 περὶὴμῶν
985 921 1202 975 εἰδέναι.
1252 918 1468 988 Ἀνέχου
1504 914 1685 969 τοίνυν
1730 914 1918 967 ἀδολε-

337 1015 570 1086 σχούσης
593 1014 905 1083 ἐπιστολῆς,
938 1012 1025 1066 ἵνα
1073 1012 1166 1065 καὶ
1203 1010 1304 1081 τῆς
1353 1008 1586 1077 ἀκαίρου
1636 1005 1916 1075 πολυπραο

334 1107 615 1177 γμοσύνης
660 1106 766 1176 δῷς
807 1106 982 1176 δίκην.
1014 1105 1164 1174 Ἀμα
1203 1103 1261 1155 δὲ
1299 1101 1393 1154 xci.
1442 1098 1677 1170 χαλεπὸν
1715 1100 1794 1160 εἰς
1824 1097 1913 1150 πί-

337 1217 454 1253 στιν
494 1199 555 1253 τὸ
591 1199 842 1261 ἑκάστοις
897 1196 1224 1267 ἀπότροφον.
1273 1195 1347 1246 Οὐ
1403 1191 1603 1260 φαῦλον
1635 1186 1726 1243 οὖν
1754 1188 1913 1259 ἔργον

336 1291 505 1362 Σύρον
528 1292 819 1344 ἀναπεῖσαι
841 1289 966 1360 περ)⁵
986 1287 1254 1359 χερσαίων
1284 1285 1446 1339 ἁλῶν.
1476 1283 1628 1337 Ἐπεὶ
1646 1283 1736 1335 καὶ
1757 1282 1915 1354 δεῦρο

336 1384 635 1455 πράγματα
664 1382 790 1453 ἔχω,
811 1382 936 1453 περὶ
964 1380 1121 1444 νεῶν,
1148 1381 1242 1433 καὶ
1282 1378 1487 1442 ἱστίων,
1520 1378 1614 1431 καὶ
1644 1375 1913 1445 θαλάττης

334 1475 775 1546 ἀνακρινόμενος.
828 1469 998 1527 Οἶσθα
1039 1473 1148 1543 γὰρ
1192 1471 1268 1535 ὼς
1304 1469 1416 1539 ἐγὼ
1462 1470 1555 1522 καὶ
1608 1467 1911 1537 φιλοσοφῶν

335 1584 463 1620 ποτε
494 1567 608 1639 ἀμα
648 1567 776 1637 ὑμῖν
810 1565 1117 1636 ἐθεασάμην
1146 1563 1207 1617 τὸ
1271 1563 1460 1635 χρῆμα
1504 1560 1661 1615 τοῦτο
1687 1561 1785 1632 τὴν
1812 1561 1913 1614 θάσ-

333 1658 564 1721 λασσαν,
596 1659 691 1712 καὶ
723 1656 859 1730 πρὸς
884 1658 1066 1729 Φάρῳ,
1105 1655 1199 1709 καὶ
1229 1656 1363 1726 πρὸς
1395 1653 1658 1724 Κανώϐῳ,
1691 1653 1788 1725 τὴν
1815 1672 1911 1723 με·

334 1748 503 1820 γάλην
533 1748 727 1819 λίμνην
763 1747 864 1819 τὴν
899 1748 1147 1819 ἀλμυράν
1192 1746 1325 1818 (88).
1366 1746 1477 1799 Καὶ
1515 1745 1722 1799 εἵλκετο
1752 1744 1905 1808 ναῦς.

333 1841 426 1893 καὶ
449 1841 680 1909 ἀνήγετο
721 1840 858 1911 πρὸς
888 1835 1048 1911 οὖρον
1075 1837 1235 1908 αὕτη.
1270 1836 1485 1900 κώπαις
1512 1837 1717 1906 ἐκείνη.
1752 1838 1908 1905 Ἐγε-

332 1932 460 1985 λᾶτε
487 1930 617 2000 γοῦν
646 1931 962 1995 εἰκάσαντος
991 1930 1160 2002 αὐτὴν
1202 1928 1336 2000 ἐμοῦ
1364 1927 1487 2000 ζὼῳ
1523 1928 1803 1984 πολύποδι.
1846 1932 1908 1982 Ol

330 2023 406 2086 δὲ,
433 2022 727 2085 διάκεινται
758 2022 855 2086 ea;
887 2020 1140 2093 γνώμας,
1173 2020 1362 2091 ὥσπερ
1398 2021 1575 2089 ἡμεῖς,
1612 2021 1738 2074 ὅταν
1768 2020 1908 2090 ὑπὲρ

329 2114 437 2167 τῶν
471 2116 724 2169 ἐπέκεινα
755 2114 960 2184 Θούλης
1008 2113 1312 2183 ἀκούωμεν,
1345 2113 1467 2182 ἥτις
1509 2111 1637 2164 ποτέ
1687 2113 1833 2164 ἐστιν
1876 2115 1908 2183 ἡ

330 2206 528 2279 Θούλη,
566 2206 785 2261 διδοῦσα
830 2209 942 2269 τοῖς
992 2206 1242 2258 διαϐᾶσιν
1292 2203 1460 2275 αὐτὴν
1493 2202 1761 2257 ἀνεύθυνα
1816 2204 1909 2257 καὶ

334 2299 633 2368 ἀνέλεγκτα
681 2298 992 2369 ψεύδεσθαι.
1029 2296 1165 2349 Ἀλλ’
1205 2290 1350 2350 οὗτοί
1388 2312 1453 2363 γε
1505 2294 1609 2348 κᾶν
1647 2294 1911 2366 προσίων-

310 2385 421 2447 ’ταί
464 2411 595 2447 ποτε
635 2394 702 2448 τά
735 2392 991 2463 περὶτῶν
1020 2392 1176 2455 νεῶν,
1213 2390 1245 2462 ἥ
1277 2387 1500 2454 δόξωσιν
1528 2392 1703 2442 ἐκεῖνο
1722 2388 1906 2460 γελᾷν,

330 2485 634 2555 ἀνακράτος
677 2482 1016 2547 ἀπιστοῦσιν,
1049 2484 1130 2536 ὅτι
1175 2482 1399 2536 δύναται
1439 2484 1658 2551 τρέφειν
1697 2480 1908 2552 ἀνθρὼ-

330 2591 466 2637 πους
516 2575 609 2628 καὶ
641 2575 897 2628 θάλαττα.
932 2572 1103 2626 Τοῦτο
1129 2572 1238 2643 γὰρ
1293 2572 1461 2642 μόνην
1516 2572 1661 2642 ἔχειν
1703 2572 1910 2636 ἀξιοῦσι

330 2664 425 2735 τὴν
484 2664 695 2735 μητέρα
727 2662 829 2731 γῆν
864 2664 923 2715 τὸ
952 2663 1258 2734 πρεσϐεῖον.
1305 2662 1447 2730 Ἐγὼ
1483 2663 1539 2715 δέ
1568 2679 1696 2715 ποτε
1729 2664 1910 2724 αὐτοῖς

329 2757 645 2810 ἀνανεύουσι
672 2755 807 2825 πρὸς
833 2755 900 2808 τά
951 2756 1078 2825 περὶ
1104 2754 1210 2807 τῶν
1238 2753 1453 2825 ἰχθύων,
1497 2754 1781 2808 ἀναλαϐὼν
1818 2755 1911 2807 καὶ

331 2846 719 2919 πῳσαρράξας
750 2847 928 2916 πέτρᾳ
970 2847 1090 2898 τινὰ
1138 2845 1263 2917 [γρ.
1317 2845 1500 2916 πέτρῳ
1555 2844 1698 2916 τινὶ]
1743 2844 1909 2915 κέρα-

334 2958 472 3011 μον,
503 2940 682 3005 ἔδειξα
731 2941 840 2992 τῶν
897 2941 992 2994 ἀπ’
1045 2939 1321 3006 Αἰγύπτου
1367 2939 1565 3010 ταρίχη
1610 2938 1781 3008 συχνά
1811 2953 1824 2967 ·
1860 2937 1912 2991 οἱ

290 3054 293 3057 ·
327 3034 405 3094 δὲ,
463 3032 637 3100 διρεων
665 3031 915 3102 πονηρῶν
954 3030 1159 3099 ἔφασαν
1193 3026 1327 3083 εἶναι
1366 3031 1592 3101 σώματα
1615 3047 1628 3060 ⁸
1660 3032 1753 3084 καὶ
1781 3032 1911 3087 ἀνα-

2018 539 2276 613 gustandi
2306 542 2582 611 voluptate
2637 540 3126 611 jucundissimum.
3182 543 3387 601 Verum
3426 566 3494 605 ne
3535 564 3589 605 ιιι

2018 636 2335 705 sophisticae
2364 637 2468 690 hoc
2501 634 2808 690 insolentia:
2841 644 3000 706 putes
3029 653 3177 705 esse,
3201 639 3268 695 de
3301 646 3593 699 vernaculo

2018 728 2132 782 sale
2159 727 2530 782 narrationem
2564 726 2853 784 instituere
2879 747 2893 794 ;
2943 728 3164 785 minime
3186 731 3330 785 enim
3357 734 3595 788 rustica-

2019 818 2105 872 nis
2144 818 2303 872 nobis
2348 818 2517 873 haeret
2543 820 2837 877 ambitiosa
2882 822 3067 891 gloriae
3122 825 3429 881 contentio.
3486 825 3591 883 Sed

2018 909 2164 963 enim
2205 908 2487 980 sigillatim
2513 925 2633 980 quae
2680 918 2809 966 sunt
2833 912 2977 982 apud
3012 928 3114 968 nos
3154 915 3299 969 scire
3349 932 3379 970 a
3436 919 3594 974 nobis

2019 1001 2286 1071 postulas.
2329 1000 2512 1067 Quare
2559 1003 2844 1073 loquacem
2903 1004 3189 1074 epistolam
3244 1011 3477 1076 sustine,
3533 1022 3596 1067 ut

2017 1092 2342 1160 importunae
2359 1091 2694 1149 curiositatis
2716 1092 2878 1164 235
2909 1109 3103 1165 pwnas
3128 1099 3426 1166 persolvas.
3451 1098 3595 1166 Quin

2016 1188 2071 1235 et
2103 1181 2206 1237 hoc
2240 1197 2504 1251 persuasu
2541 1183 2761 1239 dillicile
2794 1193 2898 1250 est,
2936 1187 3081 1255 quod
3125 1188 3194 1242 ah
3239 1190 3595 1262 uniuscujus-

2016 1287 2122 1341 que
2179 1273 2505 1329 educatione
2554 1290 2768 1345 usuque
2819 1275 3058 1331 alieuum
3096 1287 3199 1333 est.
3231 1279 3594 1347 Quamobrem

2016 1378 2125 1418 non
2148 1380 2341 1435 parum
2398 1367 2607 1438 negotii
2638 1375 2722 1422 est
2764 1368 2905 1439 Syro
2953 1386 3113 1439 posse
3141 1373 3205 1427 de
3239 1381 3458 1429 terreno
3481 1378 3596 1434 sale

2016 1459 2346 1526 persuadere
2383 1475 2396 1511 :
2423 1475 2544 1513 cum
2571 1475 2673 1530 ego
2695 1462 3006 1517 molestiam
3032 1464 3120 1517 hic
3153 1464 3376 1520 habeam
3402 1469 3469 1524 de
3499 1485 3596 1524 na-

2014 1549 2192 1615 vibus,
2211 1564 2276 1604 ac
2295 1550 2452 1618 velis,
2479 1560 2645 1622 atque
2675 1553 2810 1608 mari
2842 1555 3044 1623 Saepius
3068 1556 3459 1628 interrogatus.
3488 1562 3597 1618 Me-

2013 1640 2219 1697 ministi
2257 1641 2404 1697 enim
2436 1659 2544 1708 me,
2574 1660 2698 1699 cum
2735 1646 3032 1716 aliquando
3082 1649 3364 1706 vobiscum
3411 1653 3596 1723 philo-

2012 1733 2297 1802 80pharer,
2333 1750 2447 1790 rem
2476 1735 2646 1800 illam,
2700 1753 2848 1792 mare
2905 1739 3139 1807 scilicet,
3175 1743 3498 1813 aspexisse;
3542 1759 3597 1801 et

1942 1804 1984 1858 Β
2014 1822 2080 1876 ad
2108 1821 2371 1887 Pharum,
2395 1823 2464 1878 ad
2493 1825 2802 1893 Canobum,
2842 1837 3056 1884 vastum
3106 1804 3261 1885 illum
3317 1804 3496 1889 lacum
3530 1850 3595 1889 ac

2022 1917 2231 1971 salsum
2282 1917 2505 1974 vidisse.
2561 1920 2638 1976 Ac
2685 1929 2798 1975 tum
2858 1921 3000 1977 forte
3041 1924 3198 1980 navis
3254 1927 3607 1994 trahebatur,

2012 2010 2228 2079 aliaque
2256 2012 2392 2067 velis
2416 2012 2469 2067 in
2495 2014 2686 2081 altum,
2711 2015 2882 2070 altera
2910 2017 3079 2073 remis
3114 2019 3397 2088 agebatur.
3428 2021 3594 2078 Ride~

2012 2100 2156 2156 hatis
2188 2104 2355 2173 igitur
2383 2121 2487 2169 me,
2514 2106 2661 2177 quod
2697 2121 2817 2163 eam
2845 2109 3068 2164 animali
3111 2111 3402 2182 multipedi
3434 2113 3596 2168 simi~

2014 2195 2118 2248 lem
2149 2212 2273 2251 esse
2325 2197 2589 2253 dicerem.
2633 2202 2701 2255 At
2734 2201 2812 2255 illi
2854 2202 3046 2257 eodem
3096 2203 3259 2259 modo
3286 2202 3596 2261 aﬂiéiuntur

2012 2289 2222 2356 animo,
2253 2292 2532 2360 quomodo
2571 2309 2691 2357 nos,
2717 2310 2844 2351 cum
2872 2296 2942 2351 de
2970 2296 3038 2351 iis
3065 2311 3187 2367 qua:
3218 2297 3362 2351 ultra
3380 2296 3595 2355 Thulen

2014 2389 2143 2434 sunt
2192 2383 2450 2439 audimus
2484 2404 2497 2439 :
2530 2402 2871 2457 quacunque
2887 2388 3105 2443 demum
3136 2387 3312 2443 Thule
3343 2398 3449 2454 est,
3474 2406 3597 2460 qua:

2016 2471 2083 2524 iis
2114 2471 2209 2540 qui
2264 2486 2331 2526 eo
2374 2476 2806 2544 penetraverint,
2853 2477 3079 2547 impune
3112 2492 3178 2532 ac
3227 2480 3367 2533 citra
3403 2496 3594 2551 reprc-

2016 2564 2338 2619 hensionem
2405 2567 2701 2622 mentiendi
2759 2576 3085 2638 potestatem
3140 2570 3292 2627 facit.
3320 2570 3520 2626 Verum
3560 2574 3593 2627 ii

2017 2660 2294 2724 utcunque
2342 2656 2565 2711 tandem
2623 2673 2688 2711 ea
2752 2676 2874 2728 quae
2925 2660 2994 2716 de
3052 2662 3287 2718 navibus
3335 2662 3598 2718 dicuntur

2014 2746 2326 2810 admittant,
2357 2757 2450 2803 aut
2486 2750 2668 2805 ridere
2713 2752 2952 2823 idipsum
2998 2754 3312 2822 vidcantur,
3350 2759 3598 2828 pertina-

2013 2840 2236 2895 cissime
2259 2848 2442 2897 tamen
2477 2845 2703 2899 credere
2740 2847 2885 2901 istud
2920 2847 3132 2914 nolunt,
3167 2862 3328 2918 posse
3353 2865 3418 2905 ex
3458 2852 3597 2905 mari

2015 2928 2331 2985 hominibus
2390 2932 2651 2988 alimenta
2701 2937 3066 3006 suppeditari.
3098 2937 3212 2992 Hoc
3249 2938 3396 2992 enim
3449 2941 3601 2993 velut

2018 3021 2374 3078 honorarium
2406 3028 2618 3093 parenti
2649 3035 2807 3081 terra:
2840 3029 3174 3098 praecipuum
3212 3044 3279 3083 ac
3322 3031 3602 3099 peculiare

331 3126 579 3195 θορόντες
619 3125 883 3194 ἔφευγον,
926 3123 1025 3186 τὰς
1079 3122 1319 3186 ἀκάνθας
1369 3124 1794 3189 ὑποπτεύοντες,
1838 3126 1909 3188 ὡς

2017 3128 2143 3168 esse
2172 3125 2399 3170 censent
2426 3128 2704 3186 oportere.
2734 3118 2844 3191 Fgo
2871 3137 2997 3173 ιρι-ιι
3017 3137 3141 3174 eum
3173 3121 3276 3192 ipsi
3306 3122 3611 3191 aliquando-

328 3217 480 3270 οὐδὲν
533 3217 841 3286 ὴπιωτὲρας
890 3214 984 3269 τού
1023 3214 1110 3268 διὰ
1157 3214 1265 3268 τῶν
1310 3215 1538 3268 ὀδόντων
1590 3216 1904 3287 φαρμάκου.

332 3310 440 3362 Καὶ
488 3308 589 3378 ἔφη
625 3325 708 3371 τις
743 3308 772 3359 ὀ
805 3307 1126 3378 γεραίτατος
1152 3347 1167 3370 ,
1201 3307 1297 3360 καὶ
1327 3308 1383 3359 ἐν
1420 3309 1485 3377 τῇ
1521 3306 1644 3377 δόξῃ
1695 3308 1908 3380 φρενῶν

330 3398 760 3470 ἐπηϐολώτατος,
798 3400 958 3470 σχολῇ
1011 3399 1140 3467 γοῦν
1192 3399 1319 3469 περὶ
1366 3398 1556 3461 ὓδατος
1586 3400 1787 3453 ἅλυκοῦ
1818 3420 1908 3454 πι-

331 3493 569 3552 στεῦσαι,
615 3492 776 3545 καλόν
829 3509 880 3544 τι
928 3491 1114 3544 αὐτόθι
1150 3490 1260 3562 [γρ.
1313 3490 1563 3562 ἐνταῦθα]
1610 3492 1905 3561 τρέφεσθαι

330 3582 422 3635 καὶ
450 3581 726 3651 ἐδώδιμον,
754 3581 864 3634 τῶν
899 3581 1148 3651 πηγαίων
1171 3623 1183 3645 ,
1212 3581 1318 3635 τῶν
1347 3581 1568 3649 ἀγαθῶν
1616 3583 1712 3634 καὶ
1760 3585 1909 3636 ποτί-

335 3691 449 3743 μων
496 3674 772 3742 ναμάτων,
808 3672 1111 3743 βατράχους
1161 3672 1256 3726 καὶ
1300 3671 1520 3741 βδέλλας
1569 3674 1906 3740 γεννώντων,

329 3759 403 3817 ὧν
449 3764 556 3815 οὐδ’
605 3764 671 3817 ἂν
713 3766 741 3816 ὁ
792 3764 1115 3834 μαινόμενος
1146 3765 1419 3832 γεύσαιτο.
1458 3764 1567 3817 Καὶ
1623 3765 1807 3818 εἰκότα
1844 3782 1908 3834 γε

328 3855 635 3921 ἀγνοοῦσιν.

2015 3220 2138 3276 quae
2167 3207 2236 3262 de
2269 3207 2517 3276 piscibus
2552 3220 2851 3264 narrantur
2876 3212 3199 3277 abnuerent,
3229 3212 3394 3269 ﬁctile
3416 3213 3600 3282 quod-

2015 3297 2139 3352 dam
2174 3300 2612 3369 apprehendens,
2645 3311 2701 3357 et
2744 3302 2811 3356 ad
2856 3320 3049 3360 saxum
3087 3304 3340 3370 allidens,
3378 3307 3598 3358 allatam

2011 3405 2078 3444 ex
2098 3388 2333 3461 Egypto
2374 3393 2836 3448 salsamentorum
2867 3397 3085 3466 capiam
3108 3397 3177 3453 iis
3202 3395 3455 3464 ostendi;
3478 3411 3599 3464 quas

2017 3482 2091 3535 illi
2113 3484 2380 3537 malorum
2414 3494 2733 3554 serpentum
2767 3501 2999 3556 corpora
3025 3503 3147 3542 esse
3172 3487 3461 3553 dicebant;
3485 3496 3598 3541 sta-

2017 3575 2294 3645 timquein
2326 3576 2509 3645 fugam
2540 3578 3128 3649 prosiliebant,spinas
3152 3578 3594 3641 reformidantes,

2018 3674 2275 3738 tanquam
2305 3668 2736 3725 nihilodentium
2762 3687 2972 3726 veneno
2999 3672 3259 3726 mitiores.
3295 3671 3442 3726 Inter
3458 3685 3597 3740 quos

2017 3776 2161 3815 unus
2194 3769 2354 3815 aetate
2378 3763 2624 3818 omnium
2673 3765 3146 3834 provectissimus,
3192 3773 3358 3834 atque
3394 3764 3447 3817 in
3486 3766 3600 3833 opi-

2015 3852 2199 3907 nando
2220 3854 2636 3924 sagacissimus,
2690 3872 2835 3926 aegre
2884 3857 2989 3913 sibi
3025 3859 3093 3914 de
3128 3873 3268 3928 aqua
3288 3859 3431 3911 salsa
3474 3872 3597 3926 per-

329 3961 548 4002 suasum
583 3962 703 4003 esse
731 3948 890 4009 dixit,
928 3955 988 4002 ut
1032 3948 1086 4003 in
1117 3963 1179 4003 ea
1240 3947 1364 4001 boni
1404 3948 1607 4018 al’quid
1649 3952 1903 4020 vescique
1943 3952 2265 4014 nutriretur,
2302 3967 2425 4005 cum
2471 3951 2523 4003 in
2554 3950 2796 4005 fontanis
2823 3952 2982 4020 aquis
3031 3954 3272 4022 optimis,
3315 3964 3370 4011 et
3409 3957 3476 4012 ad
3509 3968 3599 4024 po-

329 4050 445 4094 tum
496 4038 728 4102 idoneis,
773 4039 911 4093 nihil
978 4048 1175 4110 praeter
1228 4055 1391 4096 ranas
1427 4049 1482 4095 et
1514 4042 1801 4097 hirutliucs
1841 4043 2133 4112 gignatur;
2166 4059 2304 4114 quas
2328 4043 2645 4098 uetnoadeo
2693 4044 2922 4099 insanus
2956 4053 3041 4100 est
3077 4056 3135 4101 ut
3187 4058 3413 4118 gustare
3441 4052 3593 4106 velit.

330 4132 436 4186 Nec
463 4131 733 4185 immerito
772 4131 917 4186 ismd
950 4132 1220 4201 ignorant.

331 4227 414 4279 Οῠ
447 4223 554 4294 γὰρ
576 4223 736 4293 σφᾶς
761 4225 828 4277 ἐκ
854 4223 1077 4290 νυκτὸς
1100 4223 1309 4292 ἐγειζοει
1349 4222 1482 4291 κῦμ’
1530 4224 1904 4293 ἐπιθρώσκων

329 4317 629 4384 πελάγους
674 4315 788 4368 ἀλλ’
839 4315 1021 4368 ἵππων
1072 4314 1473 4384 χρεμετισμοὶ,
1514 4315 1608 4366 καὶ
1664 4315 1907 4384 μηκάζον

2092 4220 2144 4274 Ν
2151 4240 2215 4276 an
2239 4222 2428 4275 etenim
2452 4220 2517 4276 de
2546 4231 2696 4276 nocte
2724 4231 2927 4277 tumens
2953 4225 3048 4279 hos
3075 4228 3272 4281 excitat
3311 4228 3453 4284 unda

2016 4314 2222 4384 pelagi:
2259 4314 2354 4369 sed
2379 4329 2645 4384 equorum
2676 4314 2948 4381 hinnitus,
2974 4326 3031 4373 et
3061 4333 3350 4389 caprarum
3386 4324 3592 4380 vocife-

326 4406 592 4468 αίπόλιον,
611 4406 703 4459 καὶ
738 4405 1048 4476 προϐατίων
1081 4403 1273 4474 βληχὴ,
1295 4404 1390 4457 καὶ
1406 4402 1606 4473 ταύρου
1642 4403 1788 4473 μύκη
1799 4418 1903 4473 μα’

2015 4411 2201 4459 rantes
2239 4418 2451 4482 greges,
2493 4412 2548 4458 et
2571 4405 2755 4458 ovium
2787 4407 3021 4475 balatus,
3054 4418 3109 4464 et
3146 4418 3428 4466 taurorum
3472 4431 3592 4469 mu-

328 4495 553 4567 πρώτης
602 4496 658 4549 δέ
700 4497 914 4558 ἀκτῖνος
977 4495 1379 4565 ἐπιϐαλούσης,
1413 4493 1520 4547 τῶν
1578 4494 1841 4564 μελιττῶν
1877 4495 1906 4547 δ

332 4589 551 4658 βὸμεος,
573 4590 650 4651 εἰς
687 4588 876 4657 ἡδονῆς
929 4587 1086 4654 λόγον
1129 4587 1353 4656 οὐδεμιᾷ
1391 4587 1740 4656 παραχωρῶν
1777 4604 1908 4657 μου-

331 4682 479 4750 σικῇ.
531 4680 705 4749 Μήτοι
753 4696 834 4731 σοι
880 4677 1147 4746 δοκοῦμεν
1180 4676 1550 4746 ἐκδιηγεῖσθαι
1583 4678 1680 4739 τὰς
1722 4678 1907 4745 Ἀγχε-

335 4769 507 4838 μάχου
539 4766 652 4837 [720-
691 4765 1046 4839 Ἀγεμάχου],
1090 4764 1329 4819 τοιοῦτον
1384 4767 1657 4829 οἰκοῦντες
1713 4768 1901 4838 ἀγρὸν,

331 4860 519 4931 πόρρω
546 4860 770 4924 πόλεως,
803 4861 897 4913 καὶ
924 4859 1081 4920 ὁδῶν,
1114 4858 1208 4911 καὶ
1236 4859 1525 4928 ἐμπορίας,
1568 4860 1660 4912 καὶ
1693 4860 1908 4930 τρόπων

332 4951 620 5016 ποικίλων;
669 4949 830 5021 ἠμῖν
880 4950 988 5020 γάρ
1047 4952 1161 5003 ἐστι
1212 4949 1374 5021 σχολὴ
1421 4951 1520 5020 μὲν
1575 4951 1905 5019 φιλοσοφεῖν,

330 5043 554 5113 ἀσχολία
575 5042 631 5097 δέ
658 5043 1005 5114 κακουργεῖν.
1043 5040 1256 5093 Σύνοδοι
1277 5041 1332 5094 δὲ
1361 5043 1531 5094 πᾶσαι
1565 5042 1732 5094 πᾶσιν
1759 5043 1907 5095 ἐται-

340 5134 505 5205 ρικαὶ,
535 5133 838 5204 χρωμένων
892 5130 1140 5202 ἀλλήλοις
1175 5132 1267 5184 ἐπὶ
1307 5132 1614 5201 γεωργίαν,
1657 5134 1748 5185 ἐπὶ
1786 5133 1905 5185 ποία

338 5241 495 5293 μνας,
523 5225 615 5277 ἐπὶ
655 5224 955 5295 ποιμένας,
1001 5225 1093 5277 ἐπὶ
1122 5224 1294 5297 θήραν
1317 5218 1390 5276 ὧν
1422 5226 1453 5294 ἡ
1484 5226 1553 5295 γῆ
1587 5226 1742 5297 φέρει
1773 5241 1906 5277 παν-

335 5316 588 5385 τοδαπὴν.
629 5316 763 5370 Οὐδὲ
792 5317 901 5388 γὰρ
953 5316 1115 5387 νόμος
1145 5317 1297 5385 ἡμῖν,
1326 5314 1436 5368 οὔτ’
1458 5317 1641 5380 αὐτοῖς
1675 5315 1785 5369 οὔθ’
1814 5318 1907 5370 ἴπ-

335 5425 475 5472 ποις,
506 5409 761 5482 ἀνιδρωτὶ
814 5414 956 5464 σῖτον
1002 5409 1292 5481 αἱρεῖσθαι.
1345 5409 1678 5480 Ἀριστῶμεν
1715 5409 1773 5463 δὲ
1822 5412 1907 5463 ἐπ’

2009 4494 2327 4565 gitus.lnde
2366 4496 2432 4550 ad
2458 4496 2666 4565 primos
2703 4497 2838 4551 solis
2876 4494 3059 4554 radios
3114 4502 3295 4570 apium
3353 4507 3590 4570 sonitus,

2008 4587 2145 4640 nihil
2173 4586 2316 4656 quod
2348 4588 2413 4643 ad
2436 4588 2765 4658 voluptatem
2818 4591 3011 4646 attinet
3051 4595 3265 4650 musico
3299 4602 3590 4654 concentui

2009 4679 2267 4733 deterior.
2319 4682 2402 4733 An
2452 4695 2561 4733 non
2616 4680 2713 4734 tibi
2747 4696 2840 4738 eas
2883 4698 3004 4752 quae
3048 4684 3421 4744 Anchemachi
3479 4692 3594 4745 tue-

2009 4780 2139 4825 runt
2174 4786 2401 4827 narrare
2438 4773 2721 4838 videmur,
2763 4775 2854 4844 qui
2881 4775 3042 4830 talem
3065 4792 3255 4848 agrum
3287 4780 3592 4837 incolamus

2011 4865 2079 4919 ab
2104 4865 2240 4919 urbe
2258 4864 2535 4928 dissitum,
2564 4874 2618 4918 (ιι
2637 4867 2758 4930 viis,
2783 4878 2833 4920 et
2854 4877 3117 4933 mercatu,
3151 4879 3204 4926 et
3227 4874 3462 4928 versutis
3485 4891 3593 4928 mo-

2008 4957 2203 5012 ribus?
2229 4955 2398 5011 Nobis
2454 4957 2620 5029 236
2650 4958 2794 5012 enim
2822 4959 3242 5031 philosophandi
3282 4964 3453 5018 otium
3485 4973 3590 5027 est,

2011 5050 2389 5106 malefaciendi
2409 5051 2640 5105 nullum.
2662 5050 2783 5106 Jam
2799 5062 3103 5111 conventus
3123 5070 3316 5113 omnes
3335 5059 3592 5115 omnibus

2012 5142 2244 5197 sociales
2277 5149 2426 5204 sunt,
2467 5142 2572 5199 sibi
2607 5143 2839 5199 invicem
2879 5145 2946 5200 ad
2978 5147 3373 5217 agriculturam
3419 5151 3595 5220 opitu-

2014 5235 2279 5299 lantibus,
2312 5235 2376 5290 ad
2403 5250 2615 5306 greges,
2654 5235 2720 5290 ad
2745 5246 3014 5306 pastores,
3035 5239 3101 5293 ad
3127 5248 3381 5296 venatum
3400 5257 3590 5297 eorum

2014 5343 2135 5396 quae
2163 5336 2304 5381 terra
2336 5327 2460 5389 fert,
2494 5327 2872 5398 multiplicem.
2924 5328 3089 5386 Nefas
3118 5333 3260 5386 enim
3303 5334 3417 5389 sive
3457 5335 3593 5403 ipsis

2017 5413 2221 5485 nobis,'
2250 5413 2365 5468 sive
2407 5414 2564 5482 equis
2611 5415 2818 5470 nostris
2863 5424 2970 5483 est,
3003 5419 3124 5499 sine
3166 5419 3366 5475 sudore
3408 5422 3592 5477 cibum

996 5588 997 5591 χ
1580 5540 1761 5595 DION.
1798 5518 2071 5596 rm‘avu
2104 5541 2339 5596 norm.

401 5640 515 5719 (88)
542 5637 859 5719 XXlX]
888 5639 1118 5719 ΛΙμνῃν
1142 5637 1756 5719 tinLdJm'pdr.ﬂanti
1788 5652 1909 5690 cun-

2016 5655 2109 5719 ξιξ
2135 5638 2544 5719 Hellespontum
2579 5651 2736 5719 vocat
2758 5643 3000 5716 ἁλμυρὸν
3023 5646 3284 5719 ποταμόν.
3320 5647 3484 5719 Atqui
3536 5646 3586 5700 in

334 5706 554 5763 rlanter'
568 5710 815 5778 ἁλμυρὰν
843 5706 1205 5778 scripsimus.
1229 5707 1303 5760 Na
1330 5726 1368 5778 n_
1392 5722 1541 5759 mare
1586 5706 1919 5778 λίμνην-ξιιμ·

336 5783 517 5847 pellat,
544 5787 602 5833 ut
631 5775 683 5832 et
714 5775 867 5833 Hom.
892 5775 1047 5839 71.0,
1079 5787 1131 5833 et
1163 5778 1304 5847 apud
1332 5776 1526 5831 llcrod.
1565 5775 1655 5832 lib.
1694 5775 1758 5831 m
1789 5775 1920 5831 Xer-

676 5871 942 5932 Pnnoc.
986 5872 1100 5932 Gn.
1154 5872 1369 5931 LXVI.

2022 5707 2133 5763 \‘V.
2172 5725 2279 5764 om.
2311 5709 2563 5781 λαμυρὰν
2589 5712 2691 5781 leg.

3265 5870 3339 5932 te
