3986 6158
460 317 598 374 15-ιῖ

1589 309 1858 367 SYNESH
1900 306 2365 364 FTDLEMAIDIS
2404 306 2712 364 EPISCOPI

3600 311 3725 368 1548

454 451 672 507 capere.
742 435 964 491 Polenta
1024 441 1208 490 autem
1277 434 1551 490 vescimur
1608 448 1731 487 cum
1782 433 1836 487 in
1883 433 2019 487 cibo.

2137 431 2400 500 ἀλφίτοις,
2440 431 2674 502 ἡδίστοις
2704 412 2802 502 μέν
2830 431 3116 501 ἐμφαγεῖν,
3149 431 3386 502 ἡδίστοις
3411 431 3469 485 δὲ
3495 433 3722 503 ἐμπιεῖν,

455 536 570 583 tum
595 529 648 582 in
682 535 813 598 potu
864 525 1231 593 suavissima;
1279 525 1591 596 cujusmodi
1637 525 1851 581 Nestori
1900 524 2045 595 apud

455 620 748 676 Homerum
794 620 989 674 miscet
1038 617 1363 675 Hecamede.
1402 618 1712 674 Secundum
1757 619 2044 675 vehemen-

452 720 558 769 tem
590 711 964 782 fatigationem
990 711 1093 767 ista
1127 711 1364 767 sorbitio
1403 711 1579 767 aestivi
1621 711 1826 766 caloris
1866 725 2041 766 reme-

451 804 599 859 dium
621 811 730 858 est.
759 802 900 857 Sunt
923 811 977 857 et
1008 803 1167 858 nolzis
1193 804 1421 874 insuper
1446 804 1553 857 liba
1577 803 1814 864 triticea,
1837 810 1891 859 et
1916 803 2043 858 edu—

450 896 539 951 les
572 896 830 949 arborum
898 893 1136 959 fructus,
1198 896 1398 965 partim
1457 894 1790 958 domestici,
1839 895 2038 965 partim

448 995 721 1058 agrestes.
752 988 1033 1043 vernaculi
1076 1002 1291 1054 omnes,
1340 988 1552 1043 telluris
1588 989 1809 1058 Optimae
1837 986 1988 1041 succi
2021 1005 2036 1042 :

446 1094 548 1134 nec
572 1094 735 1149 apum
772 1078 877 1133 favi
913 1079 1132 1143 desunt,
1164 1090 1257 1134 aut
1290 1079 1574 1148 caprinum
1597 1080 1699 1134 lac.
1728 1078 1845 1134 Non
1891 1081 2035 1134 enim

449 1169 694 1238 mulgere
740 1168 905 1223 boves
950 1168 1094 1239 apud
1140 1186 1241 1225 nos
1271 1177 1546 1238 receptum
1588 1169 1823 1225 est.Nec
1858 1171 2039 1224 mino-

445 1275 560 1315 rem
614 1260 823 1315 mensis
877 1262 1081 1316 nostris
1130 1263 1343 1331 copiam
1390 1260 1646 1331 frequens
1706 1262 1937 1317 canibus
1982 1270 2036 1315 et

442 1351 602 1423 equis
631 1359 864 1406 venatus
890 1352 1205 1422 suppeditat
1231 1371 1245 1408 :
1281 1369 1442 1423 quem
1484 1355 1672 1409 nescio
1703 1369 1802 1408 cur
1834 1352 2035 1409 llome-

441 1458 542 1499 rus
580 1444 707 1499 viris
741 1443 1035 1514 gloriosum
1066 1459 1174 1499 non
1219 1445 1492 1515 appellet,
1538 1460 1638 1499 nec
1687 1446 1929 1501 illustres
1976 1446 2032 1500 in

441 1550 507 1590 ea
545 1534 800 1588 homines
825 1533 940 1589 ﬁeri
966 1533 1168 1588 dixerit
1197 1576 1213 1595 ,
1247 1549 1373 1589 cum
1409 1549 1475 1589 eo
1531 1534 1806 1603 praeconio
1851 1532 2030 1588 forum

442 1625 730 1687 ali‘eeerit,
793 1641 858 1679 ex
912 1641 1023 1695 quo
1073 1624 1348 1695 perii-ictae
1400 1624 1598 1681 frontis
1630 1625 2031 1680 homunciones

442 1733 507 1771 ac
540 1717 864 1788 nequissimi
898 1718 1211 1787 prodeunt,
1255 1733 1356 1772 nec
1399 1718 1519 1772 sani
1562 1717 1882 1788 quidquam,
1931 1716 2026 1772 sed

2145 521 2181 576 ἃ
2210 524 2304 575 καὶ
2335 522 2411 593 τῷ
2438 524 2670 595 Νέστορι
2701 526 2950 595 κίρνησιν
2984 524 3320 595 Ἐκαμήδην.
3346 525 3504 578 Μετὰ
3522 525 3614 579 τὸν
3643 528 3724 580 κό-

2145 633 2248 668 πον
2308 616 2529 687 ἰσχυρὸν
2571 618 2599 668 ὁ
2649 616 2862 670 κυκεὼν
2907 617 3005 685 τῆς
3037 615 3255 687 θερινῆς
3291 616 3439 688 ῶρας
3463 616 3719 687 ἀλέξημα.

2144 707 2256 761 Καὶ
2314 710 2424 779 μήν
2476 710 2625 763 ἐστιν
2677 710 2807 779 ἡμῖν
2863 710 2960 762 καὶ⁵
3014 708 3215 780 πύρινα
3282 709 3549 780 πέμματα
3581 725 3594 738 ·
3639 710 3725 762 xui.

2140 800 2362 870 τρωκτὰ
2387 798 2706 870 ἀκροδρύων
2725 798 2859 870 (89),
2886 799 2954 853 τὰ
2972 801 3101 870 μὲν,
3124 800 3331 870 ἥμερα,
3365 801 3434 853 τὰ
3465 800 3511 853 δ’
3541 801 3720 871 ἄγρια.

2141 890 2318 943 πάντα
2351 888 2612 960 ἐγχώρια,
2631 889 2734 959 γῆς
2767 889 2998 959 ἀρίστης
3026 891 3213 960 χυμοὶ,
3234 890 3329 943 καὶ
3357 890 3525 961 κηρία
3554 891 3724 961 pali:-

2139 981 2269 1044 τῶν,
2321 984 2416 1035 καὶ
2465 981 2606 1049 γάλα
2650 979 2711 1046 ἐξ
2743 981 2935 1049 αἰγῶν.
2972 983 3045 1034 Ui)
3094 983 3205 1053 γὰρ
3254 984 3554 1053 νομίζομεν
3606 983 3724 1053 βοῦς

2137 1071 2421 1142 ἀμέλγειν.
2450 1072 2607 1126 Ποιεῖ
2630 1071 2687 1125 δέ
2721 1073 2824 1124 οὐκ
2864 1071 3072 1125 ἐλάττω
3110 1073 3210 1143 τὴν
3237 1073 3501 1142 ἀφθονίαν
3535 1075 3593 1125 ἐν
3614 1077 3725 1135 ταῖς

2136 1164 2458 1233 τραπέζαις,
2500 1164 2597 1217 καὶ
2631 1165 2662 1235 ἡ
2697 1164 2785 1217 διὰ
2820 1164 2928 1218 τῶν
2954 1166 3132 1218 κυνῶν
3163 1166 3258 1219 καὶ
3285 1166 3393 1219 τῶν
3417 1168 3603 1219 ἵππων
3637 1169 3725 1239 θή-

2137 1270 2233 1325 ρα’
2258 1256 2325 1325 ἥν
2368 1257 2468 1308 οὐκ
2518 1251 2634 1309 οἴδα
2664 1256 2780 1319 πῶς
2831 1257 2894 1309 οὐ
2946 1259 3242 1327 προσεῖπεν
3278 1258 3528 1328 Ὄμηρος
3548 1258 3725 1312 κυδιάο

2135 1363 2340 1417 νειραν,
2393 1347 2512 1399 οὐδὲ
2546 1347 2895 1419 ἀριπρεπέας
2944 1348 3047 1419 ἔφη
3094 1350 3222 1412 τοὺς
3255 1349 3452 1421 ἄνδρας
3486 1352 3545 1402 ἐν
3593 1351 3720 1422 αὐτῇ

2132 1436 2417 1505 γίγνεσθαι
2439 1455 2453 1469 ι
2486 1436 2581 1507 τὴν
2622 1437 2678 1489 δέ
2708 1436 2917 1508 ἀγορὰν
2950 1438 3213 1507 ἐγκωμίῳ
3252 1436 3481 1509 τοιούτῳ
3505 1439 3722 1509 τετίμη-

2133 1542 2248 1589 κεν,
2278 1526 2565 1596 ἀνθρώπια
2601 1529 2987 1600 παρεχομένην
3011 1529 3223 1599 ἀναιδῆ,
3246 1530 3341 1583 καὶ
3362 1536 3718 1601 παμπόνηρα,

2131 1619 2225 1670 καὶ
2264 1617 2415 1671 οὐδὲν
2466 1618 2621 1687 ύγιές
2648 1634 2661 1648 ·
2685 1620 2821 1673 ἀλλὰ
2854 1619 3090 1693 λοίδορα,
3115 1623 3208 1675 καὶ
3238 1625 3620 1693 κακορῤαφεῖν
3648 1624 3719 1676 εί-

2128 1710 2292 1779 δὸτα;
2331 1712 2448 1781 Ἐφ’
2481 1708 2561 1776 οἷς
2608 1713 2703 1767 καὶ
2735 1714 2984 1784 γελῶμεν
3020 1717 3216 1785 ἡμεῖς,
3242 1714 3373 1767 ὅταν
3426 1717 3560 1769 ποτὲ
3592 1719 3719 1786 ἡμῖν

441 1810 824 1865 contumeliosi
893 1818 949 1864 et
1007 1810 1261 1865 dolorum
1353 1810 1759 1865 machinatores
1813 1807 2019 1874 callidi;

2127 1804 2413 1876 ὁμόρροφοι
2461 1805 2709 1876 γένηται.
2747 1805 3034 1876 Φρίττουτι
3081 1808 3192 1876 γάρ
3232 1824 3313 1860 τοι
3371 1807 3509 1879 πρὸς
3547 1808 3615 1861 τὰ
3659 1810 3720 1863 ἐκ

440 1916 580 1971 quos
626 1900 857 1956 irridere
918 1901 1125 1971 passim
1170 1903 1433 1967 solemus,
1484 1904 1702 1972 quoties
1736 1902 2031 1957 nobiseum.

440 1991 633 2048 iisdem
666 1991 721 2046 in
750 1991 964 2048 aedibus
987 2000 1300 2049 versantur.
1335 1991 1572 2049 Ilorrent
1611 1994 1780 2058 enim,
1808 2009 1932 2048 cum
1958 2008 2026 2047 ex

437 2083 656 2137 camino
674 2089 952 2153 promptas
988 2080 1192 2137 ferinas
1225 2096 1424 2138 carnes
1456 2083 1662 2138 vident.
1702 2083 1845 2150 Quid
1892 2083 2026 2139 feri-

437 2189 540 2229 nas
554 2174 722 2229 dico?
747 2172 1027 2230 Venenum
1044 2189 1179 2231 sane
1210 2175 1396 2235 citius.
1431 2191 1596 2245 quam
1621 2193 1715 2232 eas
1756 2176 1898 2247 apud
1925 2192 2025 2234 nos

436 2268 867 2340 degustaverint.
897 2268 1098 2324 Vinum
1134 2285 1298 2340 porro
1337 2276 1590 2339 quaerunt
1617 2268 2022 2337 tenuissimum,

438 2360 544 2414 mel
578 2362 1012 2426 crassissimum,
1065 2369 1120 2416 et
1148 2361 1330 2417 oleum
1362 2361 1719 2425 levissimum,
1779 2360 2023 2415 frumen-

438 2457 554 2504 tum
581 2465 711 2505 vero
762 2451 1308 2519 ponderosissimum.
1364 2450 1507 2516 Quin
1551 2450 1759 2522 patrias
1808 2450 2023 2505 illorum

437 2542 740 2608 celebrant,
776 2542 1038 2614 Cyprum,
1086 2553 1142 2598 et
1179 2542 1491 2615 Hymettum
1527 2544 1716 2598 nescio
1749 2558 1932 2613 quem,
1961 2557 2026 2597 ac

436 2631 778 2698 thnicem,
807 2642 863 2690 et
915 2634 1250 2689 barbariam.
1307 2633 1452 2703 Ager
1497 2649 1630 2689 vero
1681 2641 1893 2696 noster,
1921 2634 2024 2689 etsi

436 2726 667 2796 singulis
726 2726 887 2782 rebus
948 2725 1015 2781 ab
1079 2742 1273 2782 eorum
1338 2741 1670 2797 unoquoque
1741 2727 2021 2792 vincitur,

433 2815 527 2885 qui
577 2831 852 2870 suuunum
902 2830 1089 2871 earum
1141 2815 1361 2885 frugum
1424 2815 1704 2885 fastigium
1732 2815 2022 2883 obtinent;

439 2906 655 2959 caeteris
687 2912 867 2958 tatnen
919 2919 1366 2974 unumquemque
1404 2913 1650 2974 superat.
1717 2903 1893 2972 Atque
1937 2903 2025 2957 hic

434 3011 501 3050 ex
539 2995 799 3050 secundis
832 2996 1175 3065 principatus
1209 3006 1314 3063 est,
1350 3011 1513 3066 quem
1542 2993 1737 3050 Peleus
1777 3003 1831 3049 et
1876 2993 2024 3049 The-

434 3087 717 3141 mistocles
739 3086 908 3148 nacti,
950 3087 1004 3140 in
1050 3086 1309 3142 omnibus
1342 3086 1534 3157 optimi
1581 3086 1828 3141 omnium
1883 3086 2026 3140 inter

435 3174 660 3232 Grazcos
699 3177 960 3233 celebrati
1010 3184 1159 3231 sunt.
1195 3176 1456 3243 Quamvis
1507 3186 1687 3232 autem
1743 3177 1891 3233 istud
1922 3178 2017 3234 de-

433 3284 582 3334 mus,
642 3269 744 3323 mel
805 3275 1053 3323 nostrum
1113 3267 1391 3340 llymettio
1452 3268 1695 3326 deterius
1746 3285 1906 3333 esse,
1964 3279 2022 3324 at

431 3359 710 3429 ejusmodi
740 3369 849 3424 est,
892 3370 948 3415 ut
983 3375 1047 3416 eo
1079 3369 1350 3431 prasente
1383 3362 1522 3417 nihil
1560 3362 1633 3418 sit
1683 3364 1830 3434 quod
1864 3379 2020 3435 pere-

432 3453 651 3522 grinum
682 3452 947 3521 liquorem
975 3451 1380 3509 desideremus.
1432 3453 1584 3509 Inter
1613 3454 1719 3509 olei
1766 3470 1900 3510 vero
1926 3469 2022 3525 ge-

433 3558 566 3598 nera
596 3541 741 3597 haud
771 3542 938 3598 dubie
964 3549 1215 3598 nostrum
1248 3544 1555 3608 antecellit,
1601 3545 1647 3600 si
1683 3559 1791 3599 non
1829 3545 1898 3600 iis
1929 3559 2019 3598 ar-

434 3635 665 3690 bitrium
693 3636 1060 3706 permittatur,
1093 3652 1326 3708 quorum
1361 3637 1584 3694 vivendi
1613 3638 1909 3708 depravata
1934 3648 2019 3694 est

431 3728 593 3783 ratio.
623 3724 758 3781 Nam
786 3726 839 3781 hi
870 3728 1182 3798 appendere
1208 3728 1340 3784 illud
1372 3730 1576 3794 solent,
1598 3729 1837 3800 pondere
1856 3730 2013 3785 boni-

428 3825 597 3873 tatem
629 3818 953 3883 metientes;
991 3828 1045 3874 et
1075 3821 1406 3890 praecipuam
1432 3821 1555 3892 ejus
1581 3831 1766 3877 notam
1790 3822 1847 3876 in
1880 3823 2015 3877 levi-

428 3917 540 3965 tate
574 3909 865 3965 collocant.
893 3908 1066 3967 Nobis
1089 3913 1192 3967 etsi
1211 3913 1374 3983 287
1396 3915 1559 3969 nullae
1588 3913 1656 3968 ad
1690 3914 1871 3971 oleum
1900 3922 2017 3970 tru-

431 3999 561 4053 tina:
587 3999 887 4054 cuduntur.
920 3999 1076 4066 Quod
1104 4003 1149 4056 si
1184 4004 1290 4058 hoc
1320 4013 1503 4059 tamen
1548 4005 1773 4060 omnino
1807 4005 2015 4062 facien-

426 4090 557 4141 dum
590 4097 695 4151 cst,
735 4100 948 4144 natura:
995 4101 1432 4148 consentaneum
1489 4110 1614 4151 esse
1643 4096 1902 4160 dicimus,
1954 4109 2014 4151 ut

427 4181 482 4233 in
512 4194 578 4234 eo
605 4196 812 4252 genere
834 4183 980 4253 quod
1023 4184 1392 4254 ponderosius
1429 4195 1512 4242 est
1555 4187 1898 4257 praeferatur.
1944 4191 2012 4243 Et

424 4280 577 4328 certe
614 4275 893 4346 egregium
925 4276 1059 4331 illud
1078 4277 1283 4341 oleum,
1316 4294 1379 4332 ac
1402 4279 1593 4335 venale
1625 4280 1677 4333 in
1716 4279 2012 4349 ellychniis

423 4380 537 4436 prae
561 4365 883 4423 infirmitate
907 4370 1057 4424 alere
1109 4369 1379 4424 ﬂanimam
1432 4374 1642 4441 nequit.
1682 4371 1837 4439 Quod
1866 4373 2011 4443 apud

2125 1895 2234 1949 τῶν
2284 1898 2533 1967 καμίνων
2572 1899 2709 1969 κρέα
2743 1898 2810 1952 τὰ
2844 1898 3061 1968 θήρεια.
3107 1900 3214 1952 Καὶ
3248 1900 3300 1952 τί
3350 1899 3498 1966 λέγω
3525 1901 3593 1953 τὰ
3628 1903 3720 1971 θήο

2130 2005 2285 2059 ρεια;
2335 1988 2633 2060 Φαρμάκου
2680 1992 2732 2060 γ’
2772 1990 2841 2045 ἂν
2874 1991 3102 2056 θᾶττον,
3139 1991 3401 2062 ῆτούτων
3432 1995 3569 2064 παρ’
3590 1996 3719 2063 ἡμῖν

2126 2081 2433 2149 γεύσαιντο.
2461 2081 2695 2153 Ζητοῧσι
2718 2082 2774 2136 δὲ
2803 2078 2947 2136 οἶνον
2976 2082 3076 2153 μὲν
3100 2083 3191 2136 τὸν
3221 2083 3580 2148 λεπτότατον,
3601 2086 3719 2156 μέλι

2124 2174 2183 2229 δὲ
2221 2176 2280 2229 τὸ
2326 2176 2658 2246 παχύτατον,
2716 2176 2811 2230 καὶ
2863 2176 3046 2231 ἔλαιον
3104 2178 3203 2248 μὲν
3237 2178 3298 2231 τὺ
3363 2181 3716 2247 κουιρότατον,

2126 2267 2298 2338 πυρὸν
2323 2267 2379 2321 δὲ
2406 2269 2498 2322 τὸν
2533 2267 2834 2340 βαρύτατον
2855 2286 2867 2298 ⁸
2897 2270 2994 2322 καὶ
3014 2270 3280 2341 πατρίδας
3308 2271 3493 2324 αὐτῶν
3525 2273 3718 2341 ὑμνοῦ-

2128 2377 2203 2419 σι,
2243 2359 2471 2430 Κύπρον
2506 2362 2600 2415 καὶ
2659 2360 2931 2431 Ὑμηττόν
2978 2378 3139 2425 τινα,
3170 2362 3265 2415 καὶ
3300 2363 3596 2434 Φοινίκην,
3623 2364 3741 2419 καὶ’

2128 2450 2420 2523 βάρϐαρον.
2460 2452 2625 2520 Ἡμῖν
2652 2451 2709 2506 δέ
2735 2454 2768 2523 ἡ
2796 2451 2968 2524 χώρα,
2997 2454 3092 2507 καὶ
3137 2455 3186 2507 εί
3228 2452 3350 2508 καθ’
3378 2454 3439 2507 ἐν
3479 2456 3716 2527 ἑκάστης

2125 2546 2350 2618 ἡττᾶται
2382 2544 2483 2613 τῆς
2513 2544 2573 2597 τὸ
2602 2544 2772 2616 ἄκρον
2792 2545 3085 2617 φερούσης,
3109 2548 3223 2609 τοῖς
3240 2546 3450 2611 λοιποῖς
3478 2548 3715 2618 ἑκάστην

2126 2610 2269 2705 νικᾷ.
2290 2610 2409 2688 Καὶ
2438 2610 2583 2690 τοῦτ’
2607 2610 2722 2689 ἔστι
2765 2610 2825 2689 τὸ
2860 2610 2924 2689 ἐκ
2947 2610 3215 2708 δευτέρων
3244 2641 3537 2709 πρωτεῖον,
3570 2639 3599 2692 ὃ
3623 2610 3717 2694 καὶ

2130 2726 2340 2795 Πηλεὺς
2385 2727 2476 2780 καὶ
2512 2728 2886 2799 Θεμιστοκλῆς
2934 2729 3252 2801 εὑράμενοι,
3287 2731 3471 2784 πάντα
3500 2733 3714 2785 πάντων

2125 2820 2336 2890 ἄριστοι
2382 2822 2496 2883 τοῖς
2528 2820 2789 2891 Ἕλλησιν
2830 2821 3238 2892 ἐκηρύχθησαν.
3291 2824 3356 2876 El
3407 2823 3466 2877 δὲ
3510 2823 3575 2892 δὴ
3620 2824 3715 2878 καὶ

2124 2909 2347 2981 δοίημεν
2383 2910 2446 2964 τὸ
2482 2910 2643 2979 δεῦρο
2696 2913 2819 2982 μέλι
2846 2916 3029 2984 χεῖρον
3066 2911 3205 2968 εἶναι
3238 2914 3380 2984 πρὸς
3408 2916 3472 2969 τὸ
3510 2916 3717 2986 Ὑμήτ-

2125 3019 2287 3056 τειον.
2337 3003 2499 3059 Ἀλλὰ
2550 3006 2793 3060 τοιοῦτόν
2829 3009 2975 3060 ἐστιν
2999 3050 3014 3073 ,
3049 3007 3163 3061 οἴου
3214 3009 3485 3079 παρόντος
3509 3049 3525 3072 ,
3562 3008 3715 3062 οὐδὲν

2126 3092 2236 3147 δεῖν
2287 3094 2384 3147 τοῦ
2438 3094 2591 3160 ξένου
2645 3098 2847 3168 χυμοῦ.
2897 3098 3118 3153 Ἐλαιον
3165 3101 3353 3170 μέντοι
3406 3099 3598 3170 σαφῶς
3650 3101 3713 3152 τὸ

2123 3186 2399 3256 ήμεδαπὸν
2453 3188 2675 3260 ἄριστον
2702 3231 2718 3256 ,
2754 3191 2821 3261 ἢν
2875 3191 2950 3262 μὴ
3006 3192 3268 3262 κρίνωσιν
3325 3194 3373 3245 οί
3433 3191 3713 3263 διεφθορό-

2120 3293 2210 3341 τες
2243 3277 2340 3349 τὴν
2377 3279 2609 3334 δίαιταν.
2664 3281 2893 3336 Ἐκεῖνοι
2950 3283 3048 3353 μὲν
3103 3283 3212 3352 γὰρ
3266 3283 3401 3338 αὐτὸ
3443 3285 3708 3354 ζυγοστα-

2118 3367 2291 3434 τοῦσι,
2319 3372 2458 3442 ῥοπῇ
2489 3372 2588 3445 τὴν
2617 3374 2818 3445 ἀρετὴν
2849 3373 3216 3441 ἐξετάζοντες,
3241 3376 3339 3429 καὶ
3376 3376 3440 3430 τὸ
3472 3393 3709 3448 μειαγω-

2119 3460 2250 3529 γοῦν
2299 3464 2357 3516 ἐν
2406 3464 2880 3536 πλεονεκτήματος
2944 3468 3109 3539 μοίρᾳ
3158 3468 3487 3536 λογίζονται.
3543 3470 3708 3538 Ἡμῖν

2117 3553 2174 3606 δὲ
2218 3555 2279 3608 οὐ
2332 3555 2685 3625 χαλκεύονται
2730 3561 2830 3628 μὲν
2867 3558 2962 3611 ἐπὶ
3005 3557 3252 3613 τοῦλαιον
3301 3559 3563 3615 τάλανταο
3590 3578 3710 3629 φα-

2121 3645 2221 3716 μέν
2264 3648 2356 3713 δὲ,
2406 3649 2564 3721 εἴπερ
2626 3650 2760 3703 αὐτὸ
2819 3650 2936 3705 δέοι
2996 3654 3201 3716 ποιεῖν,
3247 3652 3410 3720 φύσιν
3450 3649 3590 3707 εἶναι
3647 3655 3709 3706 τὸ

2117 3738 2279 3793 πλέον
2306 3740 2463 3795 ἐλκον
2485 3743 2671 3814 τιμᾷν.
2715 3742 2932 3811 Ἀμέλει
2953 3743 3015 3796 τὸ
3042 3742 3358 3812 θαυμαστὸν
3383 3745 3575 3808 αὐτοῖς
3609 3746 3705 3799 καὶ

2116 3828 2272 3883 ῶνιον
2305 3831 2485 3886 ἔλαιον
2516 3835 2573 3886 ἐν
2600 3836 2719 3898 ταῖς
2747 3833 3083 3906 θρυαλλίσιν,
3110 3835 3202 3888 ὑπ’
3234 3836 3510 3899 ούδενείας
3532 3835 3706 3911 ⁴ἀειθε-

2114 3922 2196 3974 νεῖ
2221 3921 2417 3993 θρέψαι
2453 3924 2648 3993 φλόγα.
2698 3927 2772 3979 Τὸ
2793 3925 2851 3981 δέ
2875 3926 3164 3997 αὐτόχθον,
3198 3926 3303 3981 ὑπὸ
3329 3928 3711 3996 γενναιότητος

2114 4013 2391 4082 πυρκαϊὰν
2429 4015 2557 4086 ὅλην
2600 4016 2873 4087 ἀνίστησι,
2927 4015 3047 4090 κᾷτ’
3099 4018 3321 4071 ἐπειδὰν
3351 4018 3550 4090 λύχνου
3574 4019 3703 4081 δέοι,

2114 4105 2487 4174 χειροποίητον
2508 4105 2718 4177 ἡμέραν
2740 4110 2903 4163 ποιεῖ.
2920 4108 3149 4181 Ἀγαθὸν
3171 4109 3230 4163 δὲ
3240 4108 3472 4179 λιπῆναι
3492 4110 3703 4179 μᾶζανο

2116 4193 2321 4261 ἀγαθὸν
2350 4195 2408 4248 δέ
2457 4197 2812 4269 σωμασκοῦσι
2853 4199 3048 4271 τρέψαι
3075 4199 3263 4272 νεῦρα.
3333 4200 3500 4271 Ἡμῖν
3524 4200 3583 4253 δὲ
3612 4199 3705 4254 καὶ

2111 4283 2172 4337 τὸ
2221 4286 2486 4356 μουσικῆς
2531 4290 2720 4359 χρῆμα
2757 4288 3051 4361 ἐπιχώριον
3085 4289 3162 4353 ὡς
3197 4289 3352 4343 οὐδὲν
3400 4290 3567 4356 ἄλλο,
3609 4289 3704 4344 καὶ

2111 4374 2260 4430 ἔστιν
2319 4377 2756 4449 Ἀγχεμαχηταῖς
2817 4378 2948 4451 [γρ.
2997 4380 3367 4454 Ἀγεμαχητ.]
3417 4382 3603 4453 λύριον
3650 4399 3702 4435 τι

425 4472 527 4514 nos
563 4460 835 4522 nascitur,
876 4476 984 4530 qua
1014 4468 1099 4518 est
1135 4464 1524 4533 generositate,
1569 4479 1763 4534 rogum
1797 4466 2009 4520 excita-

2124 4469 2428 4539 ποιμενικὸν
2464 4469 2608 4524 λιτὸν
2656 4471 2751 4525 καὶ
2799 4473 3162 4537 αὑτόσκευον,
3209 4471 3460 4542 εὔφημον
3509 4489 3569 4526 τε
3607 4474 3700 4525 καὶ

422 4550 596 4613 verit,
625 4565 690 4605 ac
722 4551 852 4608 dum
890 4552 1115 4608 lucerna
1155 4569 1297 4624 opus
1332 4562 1437 4616 est,
1474 4554 1839 4611 manufactam
1869 4571 2009 4627 quo-

420 4643 716 4705 dammodo
777 4644 924 4699 diem
972 4643 1156 4700 infert.
1225 4644 1309 4699 Ad
1369 4645 1482 4699 hate
1537 4646 2005 4717 pinguefaciendm

422 4745 593 4785 mazm
622 4740 810 4802 aptum
851 4743 935 4790 est
961 4753 974 4788 :
1011 4742 1197 4804 aptum
1230 4733 1358 4788 item
1389 4735 1457 4789 iis
1494 4736 1586 4804 qui
1618 4751 1820 4806 corpus
1851 4753 2006 4792 exer-

421 4833 570 4887 cent,
602 4823 667 4879 ad
710 4839 914 4880 nervos
948 4824 1227 4881 fovendos.
1255 4825 1362 4881 Sed
1393 4835 1445 4881 et
1475 4827 1685 4880 musica
1711 4827 1830 4897 ipsa
1857 4828 2000 4898 apud

420 4929 546 4978 nos,
592 4924 654 4970 ut
695 4915 742 4971 si
789 4914 922 4987 quid
969 4916 1140 4976 aliud,
1183 4916 1447 4970 tralatitia
1485 4924 1611 4971 est:
1650 4924 1845 4987 estque
1891 4918 2003 4971 An-

420 5006 799 5064 rhcmachetis
832 5009 1124 5079 pastoralis
1164 5007 1411 5078 quaedam
1441 5009 1637 5081 exigua
1662 5010 1811 5081 lyra,
1847 5011 2001 5067 rudis

418 5104 474 5150 et
506 5097 829 5165 incondita,
867 5100 965 5155 sed
996 5099 1173 5155 felicis
1208 5109 1538 5165 conventus,
1586 5108 1640 5155 et
1675 5102 1999 5171 cumprimis

422 5188 637 5255 virilis;
669 5206 791 5261 qua!
816 5205 922 5244 non
959 5190 1235 5246 immerito
1270 5189 1626 5247 instituendis
1667 5190 1720 5246 in
1753 5190 1945 5246 Platon
1974 5208 2000 5247 s

424 5295 540 5352 rep.
577 5283 773 5339 liberis
826 5282 1300 5347 accommodetur,
1360 5289 1650 5352 propterea
1691 5284 1841 5352 quud
1888 5300 2003 5339 mo-

2108 4560 2276 4632 ἄρρεν
2326 4562 2617 4630 ἐπιεικῶς,
2663 4564 2764 4618 οὐκ
2809 4562 3025 4629 ἀνάξιον
3056 4564 3183 4627 τοὺς
3215 4567 3273 4617 ἐν
3311 4567 3379 4637 τῇ
3413 4564 3700 4627 Πλάτωνος
3794 4568 3807 4582 ⁸

2109 4647 2262 4701 πόλει
2290 4649 2488 4712 παῖδας
2516 4650 2823 4721 ἐκτρέφειν.
2858 4652 2950 4715 Ὠς
2975 4653 3035 4706 οὐ
3066 4652 3343 4720 λογίζεται
3373 4653 3537 4709 τοῦτο
3560 4652 3696 4722 (90),

2105 4739 2228 4793 οὐδὲ
2254 4739 2453 4811 ἀρετὴν
2480 4740 2594 4811 ἔχει
2627 4742 2938 4812 παμφανῶς
2969 4743 3243 4815 ἡρμόσθαι
3272 4761 3282 4769 '
3327 4744 3409 4815 τῷ
3437 4745 3497 4797 δὲ
3542 4745 3697 4814 ἁπλῴ

2109 4830 2220 4885 τῶν
2250 4832 2474 4904 χορδῶν,
2508 4832 2898 4904 συμϐαίνουσιν
2929 4834 2981 4888 οἱ
3015 4836 3403 4907 προσᾴδοντες.
3472 4838 3552 4890 Οὐ
3584 4836 3695 4904 γὰρ

2109 4923 2441 4979 ἐπιτίθενται
2465 4925 2785 4997 τρυφώσαις
2826 4925 3149 4980 ὑποθέσεσιν
3170 4943 3182 4955 ·
3218 4926 3335 4980 ἀλλ’
3376 4927 3529 4980 ἐστιν
3560 4929 3694 4997 ἡμῖν

2109 5015 2273 5068 καλόν
2309 5033 2363 5069 τι
2404 5016 2592 5089 χρῆμα
2614 5015 2783 5087 ᾠδῆς,
2834 5016 3054 5080 ἔπαινος
3085 5017 3309 5087 ἐνόρχου
3348 5018 3547 5089 κριοῦ,
3598 5018 3696 5073 καὶ

2107 5106 2136 5158 ὁ
2166 5105 2416 5176 μείουρος
2455 5104 2600 5159 κύων
2626 5105 2905 5175 ἐγκωμίου
2943 5107 3224 5181 τυγχάνει,
3275 5107 3381 5173 ὅτι,
3411 5104 3586 5178 οἶμαι,
3614 5106 3696 5158 δί-

2110 5193 2265 5257 καιός
2292 5194 2431 5259 ἐστι,
2452 5193 2550 5258 τὰς
2578 5194 2765 5257 ὑαίνας
2792 5195 2896 5248 οὐκ
2916 5195 3194 5266 ὀρρωδῶν,
3220 5196 3316 5247 καὶ
3338 5194 3694 5267 λαρυγγίζων

2108 5285 2232 5348 τοὺς
2261 5283 2474 5349 λύκους.
2521 5286 2630 5339 Καὶ
2662 5287 2690 5338 ὁ
2716 5285 3023 5357 κυνηγέτης
3041 5286 3142 5355 οὐχ
3158 5286 3362 5356 ἥκιστα
3390 5286 3502 5356 ᾠδὴ
3542 5284 3691 5354 γίνε-

1648 5418 1828 5475 DlON.
1871 5419 2143 5477 PETAVII
2183 5422 2414 5481 NOTIE.

492 5531 610 5603 (89)
638 5531 747 5586 Καὶ
774 5533 1002 5600 τρωκτὰ
1046 5533 1409 5600 ἀκροδρύων.
1445 5534 1486 5587 Ε
1511 5536 1836 5603 glossemate
1870 5553 1993 5593 esse

420 5601 637 5677 vide-tim
665 5603 930 5677 alterutra
951 5618 1069 5656 vox.
1095 5604 1326 5677 Tptoxrit
1350 5606 1493 5659 enim
1517 5601 1816 5677 fidemﬁsuut
1846 5610 1990 5677 quod

421 5668 717 5749 ακρόδρυα.
761 5670 966 5749 νδιιίιιιιι
1015 5668 1216 5749 quippe
1246 5675 1588 5749 {inaremitti
1625 5675 1733 5730 τῶν
1759 5668 1990 5745 ὀπωρῶν

425 5739 704 5806 dicuntur,
732 5739 841 5813 οἷον
869 5740 1089 5811 καρύα,
1127 5741 1218 5792 καί¹
1264 5742 1482 5812 βάλανοι
1507 5760 1518 5773 ’
1555 5760 1725 5801 nuces
1761 5739 1996 5815 scilicet,

2099 5538 2217 5613 sive
2238 5539 2469 5613 fructus
2494 5555 2682 5596 omnes
2702 5541 2918 5613 lignoso
2952 5545 3256 5613 putamine.

2174 5611 2286 5678 (90)
2324 5610 2467 5685 [Ως-
2503 5610 2910 5685 οὺγλίογίζεται
2953 5610 3179 5685 ’τοῦτα
3244 5614 3483 5685 εστι-ἰεῦ
3532 5612 3687 5680 λυγί-

2098 5679 2468 5805 ζῗῗαι.ιριιοό
2499 5684 2564 5736 ad
2589 5679 2934 5738 inﬂexionem
2963 5683 3113 5739 vocis
3159 5693 3215 5739 et
3249 5679 3683 5741 modulationem

2106 5768 2134 5802 ιι
2191 5766 2276 5805 me
2307 5790 2323 5806 ο
