3986 6158
304 278 307 279 ⁷
374 304 512 361 ιειε

1483 297 1870 355 ΕΡιετοιΑῑ.
1900 330 1967 345 -ι-
2015 299 2237 358 EPIST.
2277 299 2517 360 CXLII.

3513 304 3653 367 1550

373 438 487 483 ται,
538 420 657 483 ταῖς
710 419 1043 489 κατανομαῖς
1088 417 1309 489 εἰρήνην
1358 417 1556 481 ποιῶν,
1620 420 1713 470 καὶ
1746 417 1963 487 εὐωχῶν

2071 418 2745 474 dulationisinﬂexionem
2781 436 2892 475 non
2947 420 3164 491 recipit,
3216 436 3316 477 nec
3360 423 3429 477 ad
3485 437 3652 478 omne

372 513 520 583 ἡμᾶς
551 510 809 581 πανδεσίᾳ
833 510 1010 581 κρεῶν
1033 527 1046 540 ·
1073 512 1108 581 ῆ
1137 527 1196 563 τε
1229 510 1573 580 διδυμοτόκος
1604 510 1706 574 ὅῖς,
1727 511 1828 564 οὐκ
1856 513 1958 564 ἀπ-

376 601 619 668 αξιοῦται
651 599 750 671 τῆς
785 599 974 671 λύρας,
1010 599 1094 653 ὅτι
1118 598 1289 652 πλείω
1312 600 1421 652 τῶν
1451 599 1586 653 ἑτῶν
1609 601 1867 671 ἐκτρέφει
1894 600 1962 652 τὰ

374 694 574 761 ἔγγονα
603 707 616 723 ⁸
650 692 750 762 τὴν
783 691 840 745 δὲ
876 691 1085 763 κράδην
1117 690 1297 762 θαμὰ,
1342 691 1437 745 καὶ
1468 692 1568 761 τὴν
1601 692 1844 762 ἄμπελον
1874 694 1961 747 ἐν·

372 785 647 849 τείναντες
670 784 967 856 ψάλλομενι
1028 785 1195 839 Οὐδὲν
1240 784 1298 838 δὲ
1341 785 1465 838 ὅσον
1497 786 1654 855 εὐχαί
1683 802 1848 849 τινες,
1883 782 1963 837 ἔτι

373 895 433 931 τε
453 875 624 950 ᾆσμα,
651 879 742 933 καὶ
770 880 1013 950 αἰτήσεις
1039 876 1262 945 ἀγαθῶν
1284 875 1611 947 ἀνθρώποις,
1632 877 1727 930 καὶ
1752 878 1960 945 φυτοῖς,

374 973 470 1025 καὶ
512 971 706 1041 βοτοῖς.
757 970 944 1025 Ταῦτά
985 987 1068 1024 σοι
1123 971 1221 1025 καὶ
1260 969 1332 1024 τὰ
1374 968 1599 1023 τοιαῦτα
1647 967 1779 1040 παρ’
1833 970 1965 1040 ἡμῖν

373 1065 535 1131 ὥρια,
564 1064 659 1117 καὶ
686 1064 910 1136 ἀρχαῖα,
943 1065 1033 1118 καὶ
1073 1066 1324 1135 πενήτων
1356 1062 1557 1131 ἀγαθά.
1598 1063 1860 1126 Βασιλεὺς
1887 1063 1963 1128 δὲ,

375 1157 469 1211 καὶ
511 1155 776 1225 βασιλέως
810 1158 953 1225 φίλοι
981 1197 996 1221 ,
1042 1157 1136 1211 καὶ
1187 1156 1440 1227 δαίμονος
1467 1157 1728 1227 ὄρχησις,
1784 1150 1871 1208 οἷα
1902 1153 1966 1226 δὴ

376 1249 650 1312 συνιόντες
673 1248 967 1320 ἀκούομεν,
988 1250 1231 1320 ὀνόματά
1260 1267 1382 1304 τινα
1411 1249 1665 1319 καθάπερ
1691 1250 1747 1302 αἱ
1771 1247 1967 1317 φλόγες

376 1342 467 1394 ἐπὶ
520 1341 660 1411 μέγα
706 1343 807 1412 τῆς
857 1342 1017 1412 δόξης
1067 1342 1413 1413 ἐξαπτόμενοι
1452 1342 1548 1394 καὶ
1596 1341 1965 1410 σόεννύμενα’

373 1433 545 1486 ταῦτα
572 1432 731 1502 δεῦρο
760 1433 1018 1497 επιεικῶς
1045 1435 1262 1503 σιγᾶται
1284 1472 1297 1494 ,
1319 1434 1412 1486 καὶ
1434 1433 1597 1505 σχολὴ
1626 1435 1745 1496 ταῖς
1776 1432 1967 1493 ἀκοαῖς

374 1522 630 1575 τοιούτων
669 1523 1056 1594 ἀκροαμάτων.
1130 1523 1283 1576 Ἐπεὶ
1313 1522 1406 1576 καὶ
1451 1523 1725 1593 βασιλεὺς.
1755 1523 1836 1576 ὅτι
1868 1522 1968 1594 μὲν

284 1608 289 1609 ⁷
376 1615 439 1686 ζῇ
472 1633 552 1678 τις
582 1616 687 1678 ἀεὶ,
718 1616 862 1669 τοῦτ’
895 1617 1023 1681 ἴσως
1050 1616 1371 1670 ἐπίστανται
1394 1615 1581 1685 σαφῶς
1607 1632 1618 1644 ·
1652 1616 1966 1687 ὑπομιμνη-

375 1708 618 1776 σκόμεθα
638 1709 747 1780 γὰρ
769 1708 914 1763 ἃπαν
937 1709 1058 1763 κατ’
1080 1708 1200 1773 ἔτος
1226 1709 1332 1762 ὑπὸ
1353 1709 1461 1763 τῶν
1486 1708 1814 1776 ἐκλεγόντων
1839 1709 1967 1774 τοὺς

376 1800 791 1870 ςόρους.”οστις
812 1801 871 1854 δὲ
889 1794 1043 1865 οὗτός
1062 1802 1304 1866 ἐστιν,οὐ
1327 1802 1471 1873 μάλα
1487 1800 1567 1856 ἔτι
1586 1800 1744 1855 τοῦτο
1765 1802 1970 1870 σαφῶς.

387 1891 526 1944 ’Λ).λ“
543 1891 649 1944 εἰσί
676 1908 817 1955 τινες
841 1894 895 1944 ὲν
925 1893 1077 1963 ἡμῖν,
1099 1892 1148 1945 οἳ
1172 1892 1333 1965 μέχρι
1355 1893 1450 1946 καὶ
1472 1892 1565 1945 νῦν
1581 1892 1962 1962 Ἀγαμέμνονα

376 1985 596 2052 κρατεῖν
621 1983 852 2053 ἥγηνται
899 1983 987 2036 τὸν
1032 1983 1311 2054 Ἀτρείδην
1333 2025 1346 2045 ,
1377 1983 1466 2038 τὸν
1492 1982 1584 2036 ἐπὶ
1612 1981 1838 2053 Τροίαν,
1872 1981 1962 2034 τὸν

381 2074 523 2143 μάλα
553 2074 713 2128 καλὸν
740 2091 800 2129 τε
830 2075 925 2129 καὶ
950 2074 1173 2143 ἀγαθόν.
1212 2074 1381 2128 Τοῦτο
1416 2075 1522 2147 γὰρ
1555 2074 1809 2129 παιδόθεν
1831 2076 1961 2146 ἡμῖν

374 2163 450 2228 ὡς
491 2164 767 2235 βασιλικὸν
816 2166 1174 2237 παραδέδοται
1223 2163 1480 2237 τοῦνομαδ
1543 2165 1653 2219 Καὶ
1704 2165 1962 2219 ὐδυσσέα

377 2260 499 2312 τινὰ
548 2259 700 2331 φίλον
742 2259 908 2315 αὑτοῦ
939 2259 1300 2330 ὀνομάζουσιν
1337 2258 1389 2311 οἱ
1429 2258 1660 2330 χρηστοὶ
1692 2255 1959 2328 βουκόλοι,

378 2352 652 2425 φαλακρὸν
686 2339 784 2424 μὲν
804 2353 1112 2425 ἄνθρωπον,
1133 2351 1271 2405 ἀλλὰ
1296 2351 1468 2405 δεινὸν
1496 2350 1756 2423 ὁμιλῆσαι
1786 2351 1962 2421 πραγ-

380 2461 534 2511 μασι,
590 2445 682 2498 καὶ
729 2445 895 2516 πόρον
937 2445 994 2497 ὲν
1030 2443 1334 2514 ἀμηχάνοις
1364 2444 1563 2517 εὑρεῖν.
1621 2442 1834 2512 Ἀμέλει
1868 2458 1961 2509 γε-

376 2534 563 2597 λῶσιν,
600 2536 726 2590 ὅταν
756 2537 885 2609 περὶ
906 2535 1070 2589 αὑτοῦ
1115 2535 1346 2603 λέγωσιν
1366 2573 1381 2599 ,
1412 2534 1705 2605 ἡγούμενοι
1733 2533 1962 2605 πέρυσιν

376 2627 816 2696 ἐκτετυφλῶσθαι
856 2628 945 2681 τὸν
977 2625 1294 2681 Κύκλωπαο
1351 2626 1446 2680 καὶ
1488 2625 1562 2691 ὡς
1612 2624 1823 2679 εἵλκετο
1865 2625 1962 2696 μὲν

376 2719 480 2772 ὑπὸ
505 2718 580 2788 τῷ
611 2718 750 2791 κριῷ
772 2719 830 2772 τὸ
859 2718 1134 2790 γερόντιον
1161 2737 1174 2750 ο
1210 2719 1268 2773 τὸ
1293 2719 1350 2772 δὲ
1379 2718 1641 2790 κάθαρμα
1670 2718 1766 2788 τὴν
1793 2716 1963 2788 θύραν

375 2810 583 2880 ἐτήρει,
617 2812 708 2863 καὶ
738 2811 992 2880 οὐραγείν
1013 2810 1149 2882 ᾧετο
1182 2811 1273 2863 τὸν
1301 2809 1548 2880 ἡγεμόνα
1572 2812 1670 2880 τῆς
1706 2808 1959 2879 ποίμνης,

375 2899 473 2952 οὐκ
497 2900 794 2971 ἀχθόμενον
813 2901 891 2973 τῷ
920 2902 1145 2971 φορτίῳ,
1173 2900 1239 2973 τῇ
1265 2900 1325 2956 δὲ
1353 2901 1516 2955 αὑτοῦ
1552 2902 1809 2971 συμφορᾷ
1839 2917 1963 2952 συν-

378 2991 692 3059 αχθόμενον.
746 2991 961 3059 Ἐγένου
996 2991 1167 3061 βραχὺ
1206 3009 1256 3043 τι
1282 2992 1367 3045 διᾶι
1400 2994 1498 3061 τῆς
1524 2991 1813 3061 ἐπιστολῆς
1844 2990 1961 3062 μεθ’

381 3082 535 3151 ἡμῶν
560 3085 626 3152 τῇ
657 3080 847 3153 γνώμῃ
876 3098 890 3113 ο
938 3083 1187 3136 τεθέασαι
1218 3083 1307 3135 τὸν
1348 3081 1514 3155 ἀγρόν
1535 3101 1548 3114 ·
1585 3079 1722 3148 εἶδες
1757 3085 1964 3154 ἀπὶὸίν

384 3173 791 3244 πολιτευμάτων
811 3190 823 3202 ·
841 3174 930 3226 τὸν
957 3174 1048 3227 ἐπὶ
1068 3173 1189 3228 Νῶε
1216 3174 1329 3244 βίον
1355 3177 1520 3245 ἐρεῖς,
1554 3176 1685 3246 πρὶν
1715 3175 1969 3245 γενέσθαι

384 3263 479 3333 τὴν
504 3264 658 3336 δίκην
689 3266 744 3319 ἐν
768 3265 1001 3337 δουλείᾳ.

2063 526 2239 581 genus
2269 520 2354 565 est
2387 512 2538 566 vocis
2575 519 2904 581 temperata.
2934 511 3034 565 Cui
3059 511 3280 578 quidem
3312 513 3498 567 lidinm
3521 514 3653 569 sim-

2066 603 2295 673 plicitztli
2336 603 2372 656 ii
2405 603 2496 673 qui
2560 603 2818 658 accinunt
2877 603 3299 658 accommodant
3339 614 3491 661 'sesc.
3530 604 3651 661 Non

2065 696 2210 749 enim
2264 694 2433 750 fracta
2493 708 2557 749 ac
2612 695 2800 750 mollia
2848 702 3176 767 argumenta
3231 705 3505 765 tractant;
3554 699 3652 754 sed

2066 787 2328 855 praeclara
2359 786 2523 842 nobis
2553 787 2830 842 cantionis
2859 787 3073 858 species
3090 796 3175 844 est
3205 789 3437 843 masculi
3463 790 3653 845 arietis

2070 879 2433 946 przeconium,
2467 885 2561 933 aut
2604 878 2781 933 cauda
2832 879 3121 936 mutilatas
3162 881 3320 935 canis
3363 881 3523 936 laude
3554 898 3653 938 sua

2067 968 2326 1035 allicitur,
2359 970 2507 1039 quod
2541 971 2762 1041 Opinor,
2792 971 2993 1027 merito
3021 970 3077 1025 id
3114 971 3168 1026 ei
3223 972 3525 1036 tribuatur,
3559 976 3650 1044 qui

2068 1076 2171 1115 nec
2208 1062 2428 1132 hyaeuas
2459 1060 2735 1127 formidet,
2764 1072 2818 1117 et
2846 1061 3005 1132 lupos
3039 1064 3351 1133 strangulet
3375 1079 3392 1118 :
3421 1079 3487 1119 ac
3515 1080 3654 1135 pra:-

2067 1154 2260 1208 sertim
2293 1161 2520 1208 venator
2553 1168 2618 1208 eo
2653 1154 2901 1209 carmine
2925 1154 3257 1222 celebratur,
3308 1156 3533 1226 pascuis
3569 1171 3655 1212 se-

2067 1244 2359 1299 curitatem
2396 1259 2696 1316 pacemque
2730 1245 3073 1314 concilians;
3105 1247 3375 1318 nobisque
3403 1248 3655 1304 carnium

2070 1339 2294 1409 generis
2332 1339 2518 1393 omnis
2545 1340 2842 1408 opiparum
2883 1338 3199 1393 convivium
3236 1339 3508 1409 praebens.
3549 1339 3656 1395 Nec

2069 1429 2424 1498 gemellipara
2453 1429 2574 1483 ovis
2603 1443 2635 1481 a
2668 1428 2782 1498 lyra
2811 1428 3082 1498 rejicitur,
3116 1430 3265 1499 quod
3308 1434 3658 1486 numerosio—

2073 1534 2186 1572 rem
2241 1518 2401 1572 annis
2436 1516 2609 1573 fctum
2657 1519 2921 1573 enutriat.
2956 1518 3113 1589 Saepe
3152 1519 3319 1574 etiam
3367 1521 3530 1575 ficum
3561 1531 3656 1576 aut

2071 1609 2237 1665 vitem
2268 1609 2322 1663 in
2354 1624 2618 1664 numeros
2665 1623 2971 1679 versusque
3011 1610 3317 1679 conjectam
3364 1613 3656 1680 canimus;

2073 1700 2170 1756 sed
2201 1701 2340 1754 nihil
2366 1710 2474 1756 tam
2507 1685 2771 1771 frequens
2813 1716 2977 1771 quam
3021 1709 3146 1756 vota
3190 1702 3442 1773 quaedam
3467 1743 3483 1767 ,
3536 1720 3662 1760 nec-

2006 1811 2046 1865 B
2079 1809 2186 1848 non
2203 1802 2258 1848 et
2273 1794 2573 1861 canticum,
2594 1802 2649 1849 et
2665 1793 2934 1848 bonorum
2958 1793 3378 1863 postulationes,
3393 1811 3516 1868 quae
3531 1813 3656 1854 cum

2045 1885 2353 1957 hominum
2393 1885 2527 1951 sint,
2569 1892 2683 1941 tum
2709 1886 2964 1957 stirpium
2999 1886 3382 1958 pecudumque
3407 1892 3654 1961 propria.

2079 1973 2203 2029 llaec
2226 1984 2281 2032 et
2302 1976 2431 2029 talia
2456 1974 2587 2031 sunt
2606 1978 2751 2047 apud
2772 1992 2878 2034 nos
2903 1979 3223 2049 tempestiva
3243 1980 3408 2036 simul
3427 1992 3489 2038 et-
3509 1984 3656 2038 anti-

2064 2084 2196 2139 qua,
2225 2078 2276 2123 et
2296 2083 2595 2139 pauperum
2620 2069 2790 2125 bona.
2810 2071 3082 2126 (Iaeternm
3100 2072 3660 2146 imperator,etimpe-

2068 2161 2265 2216 πηοί-ῖς)
2282 2162 2467 2228 amici,
2486 2171 2653 2233 atque
2675 2163 2856 2220 omnis
2888 2164 2981 2220 illa
3010 2165 3178 2221 sortis
3195 2181 3470 2238 casusque
3486 2170 3655 2225 veluti

2065 2253 2283 2308 saltatio
2296 2251 2633 2325 (cujusmodi
2655 2255 2711 2311 in
2728 2255 3051 2326 quotidiana
3070 2260 3471 2317 consuetudine
3486 2264 3659 2317 nomi-

2065 2360 2135 2400 na
2160 2345 2410 2416 quaedam
2437 2347 2717 2423 audimus,
2735 2347 3077 2404 ﬂammarum
3102 2350 3280 2407 instar
3296 2352 3365 2408 ad
3382 2360 3657 2408 summum

2064 2437 2253 2508 gloria:
2289 2439 2528 2494 excitata
2576 2437 2882 2511 fastigium,
2911 2440 3273 2513 vicissimque
3323 2444 3614 2516 restincta)
3639 2486 3657 2511 ,

2065 2528 2131 2589 de
2148 2530 2517 2602 bis,inquam,
2545 2533 2806 2589 omnibus
2839 2534 3009 2589 altum
3036 2535 3181 2604 apud
3219 2552 3322 2592 nos
3354 2537 3658 2604 silentium,

2064 2623 2206 2680 etab
2225 2639 2291 2681 eo
2317 2640 2519 2696 genere
2546 2636 2922 2681 acroamatum
2948 2641 3112 2683 aures
3137 2637 3342 2685 nostra:
3366 2629 3657 2687 feriantur.

2069 2713 2280 2770 Etenim
2310 2716 2700 2786 imperatorem
2732 2732 2951 2787 semper
2979 2719 3219 2791 aliquem
3252 2722 3459 2788 vivere,
3488 2722 3661 2793 probe

2068 2809 2172 2862 hoc
2200 2808 2458 2864 fortassis
2480 2817 2683 2864 norunt
2716 2828 2730 2866 :
2766 2819 3059 2867 revocatur
3080 2813 3229 2867 enim
3257 2813 3417 2869 nobis
3446 2813 3504 2869 in
3539 2830 3657 2869 me-

2069 2895 2300 2951 tnoriam
2332 2897 2495 2952 annis
2530 2884 2766 2969 sing‘ulis
2802 2898 2872 2954 ab
2895 2899 3233 2955 tributorum
3275 2902 3656 2957 exactoribus.

2068 2986 2331 3053 Quisnam
2375 2997 2556 3043 autem
2587 2988 2680 3044 ille
2709 2989 2803 3054 sit,
2853 3004 2964 3045 non
3000 3006 3155 3061 taque
3210 2992 3356 3047 istud
3404 3003 3665 3049 accurate

2069 3079 2278 3137 sciunt.
2341 3079 2451 3135 Nec
2496 3080 2699 3138 desunt
2730 3081 2876 3138 inter
2907 3099 3008 3139 nos
3036 3084 3131 3154 qui
3188 3084 3462 3158 hodieque
3515 3086 3664 3159 Aga-

2076 3188 2419 3229 memnonem
2479 3175 2752 3246 imperare
2803 3184 3000 3248 putent
3051 3178 3201 3233 Atrei
3254 3178 3449 3243 lilium,
3496 3178 3667 3263 288

2008 3263 2050 3319 C
2083 3282 2207 3319 cum
2249 3266 2344 3336 qui
2376 3267 2445 3323 ad
2477 3266 2703 3339 Trojam
2731 3269 3017 3340 profectus
3040 3280 3164 3338 est,
3192 3273 3475 3342 egregium
3509 3272 3664 3326 illum

395 3363 561 3424 atque
591 3357 852 3426 optimum
886 3357 1213 3428 principem.
1243 3356 1355 3411 Hoc
1384 3360 1527 3413 enim
1552 3365 1812 3429 tanquam
1840 3358 2048 3430 regium
2078 3374 2281 3412 ntnnen
2315 3372 2345 3412 a
2377 3359 2612 3429 pueritia
2634 3361 2798 3418 nobis
2821 3362 3083 3417 traditum
3109 3373 3213 3418 est.
3237 3361 3661 3431 llujusamicum

388 3445 636 3519 υέγςειιιιι
671 3451 960 3520 quemdam
1001 3451 1286 3505 nominant
1321 3452 1511 3521 optimi
1549 3448 1791 3516 bubulci,
1835 3453 2050 3506 calvum
2084 3452 2383 3517 hominem,
2408 3452 2502 3507 sed
2542 3467 2728 3510 rerum
2758 3455 3094 3525 agendarum
3133 3469 3198 3508 ac
3217 3452 3662 3509 diﬂieillimomm

385 3556 728 3611 quorumque
751 3542 1214 3612 cxpediendorum
1241 3544 1495 3613 peritum.
1511 3543 1672 3598 Ccrtc
1693 3545 1836 3599 enim
1867 3545 2066 3610 rident,
2083 3561 2207 3600 cum
2234 3544 2301 3598 de
2328 3543 2448 3615 ipso
2472 3553 2723 3609 narrant,
2743 3559 2890 3599 anno
2910 3545 3192 3615 superiore
3211 3544 3663 3616 exeaecatumCy-

392 3639 600 3704 tzinpem
628 3645 881 3706 putantes
903 3681 916 3704 ,
944 3650 996 3693 et
1023 3639 1485 3709 quemadmodum
1518 3638 1623 3695 sub
1652 3640 1827 3694 ariete
1855 3655 2026 3697 senex
2051 3640 2412 3704 trahebatur;
2445 3638 2756 3710 adjanuam
2783 3640 3052 3695 scelestus
3074 3640 3429 3706 observabat,
3452 3642 3545 3712 qui
3568 3641 3662 3697 du-

387 3744 500 3781 cem
529 3731 711 3799 gregis
731 3730 1105 3784 arbitrabatur
1133 3746 1240 3784 non
1277 3746 1444 3787 onere
1474 3741 1896 3803 pra‘gravalum,
1926 3731 2022 3787 sed
2051 3731 2228 3804 ipsius
2251 3730 2531 3785 dolentem
2560 3726 2888 3795 infortunio,
2923 3745 3116 3802 agmen
3156 3729 3432 3786 claudere.
3463 3730 3663 3786 Paulu-

400 3824 508 3876 lum
550 3822 734 3877 animo
770 3822 1054 3877 nobiseum
1089 3823 1335 3895 epistolae
1364 3824 1633 3881 beneﬁcio
1661 3824 1842 3893 fuisti;
1875 3834 2067 3898 agrum
2099 3818 2504 3895 contemplatus
2535 3839 2632 3892 es;
2665 3823 2885 3880 vivendi
2915 3825 3222 3897 agendique
3250 3825 3658 3899 simplicitatem

399 3919 605 3973 vidisti.
646 3918 777 3973 Tale
809 3919 936 3974 vitae
953 3935 1125 3991 genus
1151 3936 1275 3976 esse
1307 3920 1541 3989 dixeris,
1570 3921 1732 3991 quale
1764 3921 1867 3977 sub
1906 3915 2020 3978 Noe
2050 3921 2283 3989 exstitit,
2318 3929 2613 3994 antequam
2638 3921 2879 3978 servitus
2913 3919 2970 3975 in
3000 3934 3218 3992 pmnam
3253 3918 3495 3977 cederet.

882 4053 1227 4106 ΕΠΙΣΤΟΛΗ
1284 4052 1463 4107 PMII'.

1040 4162 1123 4229 Τῷ
1147 4163 1325 4229 αὐτῷ.

459 4255 619 4327 Ἦμῖν
642 4259 727 4311 ἀεὶ
756 4257 849 4311 καὶ
874 4255 1031 4309 ἀπὼν
1065 4257 1351 4327 ὲπιδημεῖς
1372 4259 1437 4328 τῇ
1473 4258 1684 4331 μνήμῃ.
1718 4259 1827 4312 Καὶ
1854 4257 1964 4330 γὰρ

389 4350 496 4404 οὔδ’
523 4350 588 4404 ἂν
621 4353 667 4403 εί
694 4350 834 4404 πάνυ
861 4348 1276 4421 βουληθείημεν,
1310 4348 1662 4403 ἐπιλαθέσθαι
1687 4350 1968 4422 δυνάμεθα

384 4441 483 4512 τῆς
516 4441 859 4509 γλυκυτάτης
907 4458 1000 4493 σου
1041 4439 1256 4509 ψυχῆς,
1319 4440 1413 4493 καὶ
1458 4438 1565 4492 τῶν
1616 4439 1969 4494 ἀδολωτάτων

2536 4054 2869 4110 EPISTOLA
2902 4051 3183 4108 CXLVlll.

2769 4166 2978 4225 Eidem.

2128 4253 2300 4312 Nobis
2316 4255 2478 4311 etiam
2495 4256 2694 4311 absens
2711 4268 2929 4327 semper
2942 4256 2997 4310 in
3015 4256 3277 4312 tnemoria
3296 4252 3662 4312 versaris.Ne-

2073 4358 2180 4415 quc
2194 4346 2365 4408 enim,
2386 4353 2443 4400 ut
2467 4346 2702 4403 maxime.
2721 4346 2976 4411 velimus,
2997 4346 3385 4402 suavissimum
3408 4344 3657 4401 animum

2078 4445 2233 4491 tuum
2283 4452 2572 4509 moresque
2599 4439 3010 4496 sincerissimos
3036 4438 3288 4495 oblivisci
3335 4452 3654 4509 possumus.

385 4531 551 4600 ἠθῶν,
584 4532 778 4598 sane:
813 4531 899 4585 διὰ
950 4531 1126 4584 πάντα
1161 4529 1453 4600 θαυμάσιε.
1522 4531 1611 4594 Ὣς
1638 4531 1790 4585 οὐδὲν
1815 4530 1880 4584 ἃν
1912 4533 1963 4583 ἐν

2075 4526 2249 4583 frater
2287 4530 2342 4583 in
2372 4531 2632 4587 omnibus
2658 4531 3007 4597 admirande;
3042 4530 3489 4601 quandoquidem
3520 4531 3656 4586 nihil

387 4625 513 4692 ἡμῖν
556 4623 764 4691 γένοιτο
795 4623 893 4692 τῆς
931 4623 1058 4692 περὶ
1097 4622 1156 4675 σὲ
1204 4623 1426 4692 μνήμης
1464 4621 1782 4694 ἱερώτερον,
1843 4623 1875 4694 ἢ
1906 4623 1967 4678 τὸ

388 4715 546 4767 πάλιν
592 4713 1025 4784 περιπτύξασθαι
1066 4714 1162 4785 τὴν
1212 4712 1515 4785 σεϐασμίαν
1551 4731 1643 4766 σον
1680 4715 1922 4785 κεφαλήν
1947 4731 1962 4744 θ

384 4805 412 4857 ὃ
442 4805 558 4875 δοίη
583 4807 711 4859 ποτὲ
740 4804 901 4869 Θεὸς,
955 4807 1049 4858 καὶ
1112 4804 1316 4875 ἱδοιμέν
1357 4822 1443 4869 σε,
1495 4806 1589 4858 καὶ
1632 4804 1965 4877 ἀκούσαιμέν

388 4914 480 4949 σου
510 4898 607 4967 τῆς
657 4898 881 4967 ἡδίστης
924 4897 1033 4950 τῶν
1064 4896 1238 4964 λόγων
1268 4895 1455 4966 ἠχοῦς.
1515 4890 1695 4959 Ἥσας
1727 4896 1783 4950 δὲ
1819 4898 1966 4967 ἡμᾶς

388 4989 476 5040 καὶ
504 4986 584 5051 οἷς
615 4988 964 5048 ἀπέστειλας,
996 4987 1209 5041 ἅπαντα
1236 4986 1344 5058 γὰρ
1368 4986 1764 5057 ὲκομισάμεθα.
1798 4987 1965 5040 Πλέον

384 5078 441 5133 δὲ
467 5081 692 5149 ήνίασας
714 5083 861 5151 ἡμᾶς
889 5080 968 5151 τῷ
993 5078 1259 5150 λογισμῷ,
1276 5079 1374 5148 τῷ,
1394 5079 1547 5132 ποίου
1572 5079 1715 5142 τίνος
1746 5079 1964 5151 ἑταίρου

386 5169 585 5234 ζῶντος
621 5172 823 5235 ζῶντες
855 5170 1200 5242 στεροίμεθα.
1250 5169 1432 5223 Ἐλθοι
1458 5169 1521 5240 δή
1557 5187 1683 5222 ποτε
1715 5170 1807 5223 καὶ
1842 5188 1966 5223 συν-

387 5265 574 5334 τυχίας
604 5265 816 5335 καιρὸς,
848 5264 943 5317 καὶ
965 5264 1327 5332 εὒτυχήσαιμι
1354 5261 1511 5313 τοῦτο
1539 5262 1689 5332 παρὰ
1717 5260 1873 5314 Θεοῦ.

2075 4621 2127 4674 in
2163 4620 2326 4675 nobis
2358 4637 2480 4677 esse
2505 4630 2684 4694 potest
2714 4624 2792 4678 tui
2827 4622 3218 4679 recordatione
3246 4623 3517 4688 sanctius,
3551 4625 3654 4678 nisi

2075 4710 2214 4765 forte
2233 4719 2290 4765 ut
2309 4713 2506 4766 iterum
2529 4712 2841 4768 venerabile
2866 4723 3020 4768 tuum
3039 4714 3440 4784 amplectamur
3454 4723 3615 4785 caput
3639 4733 3652 4769 :

2073 4803 2218 4873 quod
2250 4805 2457 4858 utinam
2509 4805 2806 4877 aliquando
2836 4807 3056 4862 tandem
3099 4804 3245 4862 Deus
3273 4806 3564 4872 concedat,
3598 4817 3653 4862 ut

2073 4904 2128 4949 et
2164 4903 2216 4950 te
2245 4895 2551 4962 videamus,
2599 4904 2656 4952 et
2685 4899 3074 4955 suavissimam
3115 4899 3392 4956 sermonis
3431 4900 3513 4954 tui
3560 4915 3656 4955 vo-

2077 5002 2195 5039 cem
2227 4986 2554 5043 audiamus!
2587 4989 2859 5044 Caeterum
2887 4991 2960 5045 iis
2995 5007 3118 5062 qua:
3149 4992 3372 5056 misisti,
3397 5006 3652 5062 magnam

2074 5080 2234 5134 nobis
2263 5080 2598 5149 voluptatem
2621 5083 2876 5137 attulisti.
2894 5083 3227 5154 Accepimus
3259 5085 3408 5139 enim
3425 5081 3610 5138 omnia
3636 5098 3650 5112 ·

2074 5173 2167 5227 sed
2203 5173 2325 5243 plus
2375 5182 2558 5228 tamen
2616 5173 2874 5229 maeroris
2924 5189 2988 5229 ea
3034 5174 3366 5246 cogitatione
3426 5171 3650 5235 dedisti.

2075 5263 2386 5334 cuiusmodi
2418 5278 2521 5319 nos
2570 5265 2748 5321 amico
2775 5266 2900 5320 vivo
2923 5280 2990 5320 ac
3014 5266 3261 5336 spirante
3280 5266 3645 5337 privaremur.

391 5357 609 5413 Utinam
646 5359 863 5413 tandem
897 5357 1030 5412 illud
1061 5364 1276 5424 tempus
1326 5353 1602 5419 adveniat,
1635 5370 1743 5423 quo
1776 5361 1963 5409 mutua
2003 5359 2409 5413 consuetudine
2471 5358 2749 5413 frttamur!
2814 5359 3023 5413 utinam
3078 5369 3227 5414 tanta
3281 5361 3414 5414 mihi
3465 5359 3653 5414 (Ιίνιηο

388 5450 654 5507 beneﬁcio
687 5450 918 5506 felicitas
944 5448 1258 5518 contingat!

889 5564 1229 5619 ΕΠΙΣΤΟΛΗ
1276 5559 1456 5617 ΡΜΘ’.

984 5661 1037 5712 Π
1041 5659 1173 5711 v.1at
1173 5654 1339 5724 μένει
1348 5692 1363 5707 .

460 5750 593 5808 οὑδὲ
625 5751 720 5821 τὴν
759 5750 854 5816 σὴν
888 5749 1209 5821 Ἡράκλειαν
1238 5748 1465 5819 ἀνήκοον
1505 5742 1652 5818 οἶμαι
1685 5745 1963 5815 γεγονέναι

2544 5556 2877 5615 ΕΡΙΞΤΟΙΑ
2918 5559 3149 5615 CXLIX.

2704 5651 3016 5723 Pyla'meui.

2140 5743 2326 5818 Neque
2363 5753 2512 5801 tuam
2547 5744 2862 5804 Heracleam
2901 5756 3034 5820 puto
3071 5749 3136 5806 de
3165 5749 3480 5806 Alexandro
3505 5746 3654 5804 cela-
