3986 6158
477 262 609 318 ίὸίιί

1501 261 1766 316 SYNESII
1811 261 2275 318 PTOLEMAIDIS
2314 260 2625 317 EPISCOPI

3568 265 3680 318 1552

476 389 586 436 tam
617 395 762 442 esse,
825 383 916 449 qui
967 380 1109 450 apud
1167 394 1266 435 nos
1315 380 1745 450 philosophatus
1790 389 1894 441 est,
1938 381 2039 435 virt

2164 381 2257 435 τοῦ
2301 383 2432 453 παρ’
2480 384 2613 452 ἡμῖν
2645 381 3104 451 φιλοσοφήσαντας
3148 379 3502 451 Ἀλεξάνδρου,
3532 381 3689 454 ἀνδρὸς

471 474 749 542 ejusmodi
803 473 895 541 qui
954 472 1156 541 ubique
1209 486 1405 543 magna
1458 481 1539 526 est
1586 487 1709 523 cum
1768 471 1940 541 gloria
2001 481 2054 525 et

471 567 879 622 existimatione
914 574 1166 619 versatus
1204 584 1216 618 :

541 659 727 714 Mutus
757 658 908 712 homo
937 667 1036 722 est,
1067 658 1155 728 qui
1183 674 1284 710 non
1317 657 1518 711 Alcida'
1545 657 1830 710 adumverit
1861 673 1974 711 ora.

543 749 720 817 Hujus
784 748 927 803 filius
965 748 1330 803 consobrinus
1365 763 1520 802 meus
1565 748 1665 802 has
1695 747 1797 800 tibi
1841 748 2052 801 litteras

478 842 666 904 dabit,
724 841 816 910 qui
869 841 936 894 ad
1001 841 1170 910 patris
1229 841 1633 895 aemulationem
1692 855 1802 893 non
1863 839 2050 894 habitu

471 935 596 1004 ipso
619 973 633 996 ,
673 933 767 987 scd
805 935 989 988 animo
1018 948 1140 988 sese
1184 933 1439 987 contulit.
1481 932 1652 1003 Igitur
1679 931 1749 986 ad
1785 932 2052 1002 nequissi-

471 1042 590 1080 mos
623 1023 871 1079 homines
901 1024 1073 1088 vadit,
1110 1033 1171 1078 ut
1217 1021 1473 1079 Herculis
1517 1039 1671 1078 more
1724 1025 1958 1094 patriam
1981 1025 2052 1078 ab

395 1136 398 1138 ν
471 1116 539 1170 iis
575 1122 856 1186 repurget,
887 1114 1055 1186 289
1087 1129 1216 1170 vero
1247 1115 1480 1181 scilicet,
1525 1123 1579 1170 et
1633 1115 1866 1171 Hercule
1911 1131 2051 1185 Opus

471 1205 605 1269 fuit;
650 1206 745 1260 sed
799 1215 853 1261 et
900 1205 1045 1260 Iolao
1093 1207 1246 1261 socio
1307 1216 1472 1276 atque
1534 1209 1813 1278 adjutore.
1864 1206 2052 1278 Itaque

475 1297 644 1352 Deum
672 1297 891 1367 quidem
926 1299 1019 1354 ille
1050 1299 1152 1354 sibi
1185 1300 1336 1354 omni
1369 1315 1472 1369 ope
1509 1316 1634 1353 cum
1665 1301 1791 1356 vitae
1821 1300 2049 1372 integri-

470 1395 600 1452 tate,
630 1396 750 1442 tum
784 1389 953 1442 animi
990 1391 1196 1459 pietate
1224 1391 1542 1461 prapitiahit
1563 1406 1625 1445 ac
1651 1391 1852 1446 ﬂectet.
1874 1390 2049 1445 Tuam

472 1497 605 1536 vero
635 1481 712 1535 illi
735 1497 833 1550 per
859 1481 1068 1536 litteras
1099 1497 1198 1552 pro
1230 1481 1359 1536 lolai
1394 1482 1635 1536 amicitia
1665 1483 2048 1538 conciliamus.

468 1573 703 1628 Tantum
731 1588 895 1644 porro
926 1573 1073 1627 illius
1107 1573 1515 1638 consuetudini,
1545 1582 1812 1644 quantum
1847 1584 2050 1630 nostra:

470 1663 698 1718 tribues.
722 1661 879 1728 Quod
911 1663 958 1716 si
985 1663 1352 1718 adolescentis
1377 1647 1748 1720 familiaritate
1774 1681 1906 1721 usus
1933 1665 2051 1721 fue-

469 1753 568 1816 ris,
597 1753 822 1808 omnino
844 1768 930 1808 me
950 1768 1060 1807 non
1091 1753 1294 1807 malum
1328 1756 1663 1812 laudatorem
1689 1754 1860 1811 fuisse
1879 1756 2052 1813 dices.

1009 1862 1349 1920 EPISTOLA
1389 1864 1495 1921 CL.

1151 1956 1359 2010 Eidem.

533 2048 676 2104 Num
707 2057 764 2103 tu
816 2048 948 2102 mihi
997 2048 1362 2118 philosophus
1422 2051 1847 2120 perseverahis?
1902 2049 2042 2105 Nunt

467 2141 559 2196 ille
582 2180 597 2204 ,
639 2154 802 2210 quem
840 2139 1076 2208 reliqui,
1129 2137 1465 2209 Pyltrmcncs
1490 2179 1505 2203 ,
1540 2156 1732 2195 recens
1759 2141 2044 2198 absolutus

465 2231 702 2294 animus,
732 2229 1096 2298 divinumque
1126 2229 1354 2283 semen?
1382 2228 1623 2300 Tempus
1655 2231 1789 2286 illud
1826 2247 2042 2300 vereor,

461 2321 610 2390 quod
646 2321 714 2375 ab
737 2327 862 2374 ortu
898 2320 1212 2376 intercessit
1245 2339 1259 2385 ;
1293 2322 1575 2392 multoque
1608 2323 1781 2394 magis
1811 2339 2044 2380 consue-

463 2412 708 2466 tudinem
756 2410 860 2464 fori
906 2427 1131 2473 vereor,
1164 2427 1232 2466 ne
1259 2412 1649 2482 multiplicium
1684 2429 1912 2468 casuum
1937 2455 1950 2480 ,
1981 2430 2044 2469 ac

463 2502 813 2572 negotiorum
873 2503 1130 2556 tractatio
1183 2503 1596 2559 sanctissimum
1641 2507 1902 2576 templum
1961 2509 2045 2562 in-

463 2595 694 2664 quinet;
727 2608 944 2650 sacram
976 2601 1215 2649 mentem
1257 2604 1408 2648 tuam
1452 2595 1719 2665 intelligo,
1747 2612 1909 2666 quam
1945 2613 2044 2668 ego

465 2682 517 2735 in
570 2681 762 2750 paucis
812 2681 1197 2753 dignissimum
1249 2683 1344 2742 Dei
1415 2688 1871 2754 conceptaculum
1921 2705 2043 2744 esse

464 2779 720 2834 arbitror.
753 2777 971 2834 Memini
996 2795 1083 2835 me
1109 2780 1330 2848 quidem
1357 2781 1486 2835 olim
1513 2781 1568 2834 in
1591 2785 1732 2836 votis
1759 2782 2039 2844 habuisse,

463 2883 571 2921 una
603 2876 783 2924 tecum
812 2869 1174 2938 philosophiae
1215 2883 1372 2925 sacra
1403 2871 1702 2926 celebrare.
1756 2870 1862 2926 Sed
1905 2889 2042 2943 quo-

463 2958 610 3011 niam
644 2959 766 3027 plus
790 2957 934 3027 apud
963 2965 1016 3012 te
1046 2960 1236 3028 patriae
1254 2960 1496 3015 Charitas
1532 2963 1741 3031 potuit,
1783 2962 1888 3018 hoc
1917 2980 2041 3034 pre-

2161 472 2473 543 ἁπανταχοῦ
2505 473 2790 537 διαϐάντος
2825 474 2962 543 μετὰ
2997 473 3170 544 δόξης.

2160 657 2369 726 κωφὸς
2397 656 2574 723 ἀνὴρ,
2608 655 2676 720 ὃς
2711 655 2993 723 Ἠρακλεῖ
3014 657 3205 724 στόμα
3237 655 3322 724 μὴ
3351 657 3678 724 παραϐάλλῃ.

2229 749 2273 802 Τ
2276 748 2434 801 ούτου
2469 750 2598 810 παῖς
2620 786 2635 811 ,
2671 746 2800 816 ἐμὸς
2826 747 3063 816 ἀνεψιὸς,
3093 746 3338 799 ἐπιδώσει
3379 763 3455 800 σοι
3481 749 3567 817 τὴν
3587 750 3681 803 ἐπι-

2160 839 2371 911 στολὴν,
2407 841 2498 892 τὸν
2550 839 2802 910 πατρῷον
2835 837 2998 908 ζῆλον
3027 837 3374 901 ύπεισελθὼν,
3419 840 3475 891 οὺ
3508 841 3583 893 διὰ
3603 841 3681 910 τῆς

2161 929 2373 1000 στολῆς,
2404 929 2541 984 ἀλλὰ
2564 929 2652 982 διὰ
2680 929 2779 1000 τῆς
2808 929 3053 999 γνώμης.
3088 928 3366 981 Στέλλεται
3393 924 3478 981 οὖν
3503 929 3582 982 ἐπὶ
3608 945 3678 982 πο-

2159 1025 2354 1094 νηροὺς
2394 1023 2624 1094 ἄνδρας,
2655 1024 2746 1076 τὸν
2802 1021 3120 1093 Ἡράκλειον
3152 1021 3350 1092 τρόπον
3391 1020 3685 1091 ἐκκαθαίρων

2158 1113 2337 1166 αὐτῶν
2364 1113 2463 1184 τὴν
2499 1112 2750 1184 πατρίδα.
2813 1112 2946 1166 Θεοῦ
2985 1112 3042 1165 δὲ
3081 1111 3188 1165 ἔδει
3214 1111 3381 1178 δήπου
3421 1113 3506 1164 καὶ
3547 1112 3683 1183 Ἦραο

2157 1205 2348 1270 κλέους
2369 1224 2381 1236 ·
2415 1207 2475 1259 οὐ
2517 1207 2621 1277 μὴν
2644 1205 2780 1260 ἀλλὰ
2809 1206 2904 1259 καὶ
2928 1205 3102 1259 Ἰόλεω
3143 1206 3424 1275 συμμάχου
3442 1206 3526 1258 κα)⁵
3547 1223 3684 1276 παρα·

2158 1300 2379 1354 στάτου.
2428 1299 2634 1353 Οὐκοῦν
2669 1301 2761 1353 τὸν
2818 1301 2916 1369 μὲν
2956 1299 3087 1351 Θεὸν
3118 1297 3296 1367 ἐαυτῴ
3337 1301 3577 1368 ποριεῖται
3612 1298 3681 1352 τὸν

2157 1391 2343 1443 ἐνόντα
2380 1390 2612 1461 τρόπον,
2657 1390 2752 1444 καὶ
2801 1389 3118 1459 προσκλινεῖ
3165 1387 3281 1458 βίου
3326 1405 3385 1440 τε
3426 1389 3575 1459 ἀρετῇ
3610 1391 3681 1442 καὶ

2157 1481 2382 1552 γνώμης
2409 1481 2660 1552 εὐσεϐείᾳ
2683 1499 2696 1512 ·
2731 1481 2828 1553 τὴν
2860 1481 2916 1534 δέ
2948 1481 3046 1552 σὴν
3081 1481 3285 1549 φιλίαν,
3305 1481 3420 1534 ἀντὶ
3443 1481 3682 1553 τῆςἸόλεω

2159 1573 2534 1645 μνηστεύομεν
2565 1575 2725 1646 ἡμεῖς
2758 1573 2904 1645 αύτῷ
2938 1573 3023 1627 διὰ
3051 1573 3153 1643 τῆς
3189 1574 3483 1637 ἐπιστολῆς.
3513 1575 3680 1645 Συνέσῃ

2153 1667 2208 1720 δέ
2233 1668 2472 1722 τοσαῦτα
2499 1667 2668 1738 αὐτῷ,
2699 1669 2798 1722 ὅσα
2839 1668 2988 1738 ἡμῖν.
3019 1667 3140 1720 Κᾶν
3173 1667 3352 1739 χρήσῃ
3375 1669 3434 1737 τῇ
3461 1667 3590 1738 φιλίᾳ
3608 1666 3679 1720 τοῦ

2089 1763 2134 1822 Β
2159 1759 2464 1824 νεανίσκου,
2497 1760 2713 1823 πάντως
2743 1761 2887 1830 ἐρεῖς
2914 1759 2976 1812 οὺ
3004 1758 3210 1829 φαῦλον
3236 1759 3506 1830 ἐπαινέτην
3525 1759 3625 1827 ἐμὲ.

2677 1873 3021 1943 summm
3059 1869 3190 1926 PN'.

2786 1964 2871 2030 Τῷ
2902 1964 3084 2032 αὐτῷ.

2217 2051 2366 2126 Ἀρά
2413 2073 2504 2127 μοι
2555 2058 2737 2128 μενεῖς
2783 2055 2907 2128 [γρ.
2943 2059 3163 2132 μένεις]
3217 2061 3524 2131 φιλόσοφος;
3562 2054 3677 2129 ’Λρα

2149 2151 2354 2214 ἐκεῖνος
2403 2150 2462 2203 ὃν
2517 2150 2848 2204 ἀπολέλοιπα
2873 2191 2887 2216 ,
2943 2152 3298 2223 Πυλαιμένης
3327 2196 3340 2218 ,
3392 2155 3424 2224 ἠ
3473 2152 3676 2221 νεοτελὴς

2145 2241 2310 2313 ψυχὴ,
2344 2242 2404 2295 τὸ
2433 2243 2654 2314 σπέρμα
2671 2243 2733 2295 τὸ
2759 2243 2900 2296 θεῖον
2927 2260 2940 2308 ;
2989 2243 3265 2316 Φοϐοῦμαι
3303 2244 3386 2298 τὸν
3415 2245 3581 2315 χρόνον
3604 2243 3674 2295 τὸν

2146 2333 2253 2386 ἀπὸ
2277 2334 2563 2401 γενέσεως.
2595 2334 2782 2388 Πλεϊον
2810 2333 3079 2406 φοϐοῦμαι
3105 2335 3206 2408 τὴν
3228 2335 3435 2406 ὁμιλίαν
3462 2336 3548 2405 τῆς
3571 2335 3672 2402 dyo-

2149 2427 2276 2493 ρᾶς,
2322 2426 2383 2478 τὸ
2428 2426 2831 2480 ἐνειλινδείσθαι
2878 2426 3006 2499 [πρ.
3045 2427 3326 2500 ἐγκαλιν.]
3369 2430 3565 2498 συχναῖς
3594 2426 3670 2496 ἤδη

2144 2516 2334 2586 τύχαις
2363 2517 2454 2570 καὶ
2489 2518 2742 2588 πράξεσι,
2771 2519 2844 2591 μὴ
2877 2519 3082 2591 μολύνῃ
3113 2520 3211 2574 τὸν
3253 2521 3530 2589 ἁγιώτατον
3547 2516 3669 2582 νεὼν,

2144 2607 2234 2660 τὸν
2269 2609 2393 2661 νοῦν
2423 2627 2515 2662 σου
2544 2611 2635 2664 τὸν
2681 2611 2854 2682 ἱερὸν,
2903 2611 2962 2664 δν
2987 2610 3098 2679 ἐγὼ
3127 2613 3246 2682 μετ’
3274 2611 3458 2680 ὀλίγων
3485 2607 3671 2674 ἀξιώτα-

2143 2719 2233 2756 τον
2263 2703 2504 2774 ήγοῦμαι
2527 2705 2650 2777 [πρ.
2683 2707 2933 2780 ἥγημαι]
2960 2707 3120 2777 δοχέα
3148 2707 3302 2760 Θεοῦ.
3340 2707 3442 2760 Καὶ
3465 2703 3565 2759 οἶδα
3594 2703 3670 2774 μέν

2143 2813 2224 2848 τοι
2262 2798 2612 2868 συνεργιάσαι
2646 2816 2728 2852 σοι
2757 2799 2824 2852 τὰ
2866 2799 3190 2868 φιλοσοφίας
3212 2799 3370 2869 εὐχήν
3410 2815 3525 2850 ποτε
3547 2812 3667 2864 ποιη-

2145 2888 2397 2958 σάμενος.
2448 2891 2598 2942 Ἐπεὶ
2625 2890 2670 2943 δ’
2693 2885 2786 2942 οὖν
2814 2890 3078 2960 κρείττων
3104 2893 3134 2942 ό
3171 2891 3270 2960 τῆς
3298 2888 3533 2959 πατρίδος
3560 2885 3668 2954 ἔρως

2143 2982 2388 3048 ἐγένετο,
2436 2981 2691 3052 ηὐξάμην
2735 2981 2867 3034 ὅπου
2916 2982 3047 3035 ποτὲ
3091 2983 3200 3051 γῆς
3239 2983 3370 3051 εἴης,
3404 2975 3668 3048 φιλοσοᾳίαν

472 3055 636 3102 catus
666 3063 810 3113 sum,
850 3057 910 3102 ut
959 3063 1285 3119 quacunque
1316 3058 1476 3105 terrae
1521 3052 1576 3105 in
1609 3062 1764 3122 parte
1794 3052 2038 3124 degeres,

472 3155 561 3170 ιιι-ιιι
587 3141 733 3170 ..ιλιι
766 3141 819 3170 ζ...
850 3142 1249 3170 ..ιςζΙιηηηιιιερηκ
1277 3145 1625 3170 ε.........ι-,...,-
1674 3149 2032 3170 1\__-__-L_-_-

2143 3071 2471 3142 ἐργάζεσθαί
2517 3089 2574 3124 σε
2603 3072 2744 3126 κατὰ
2771 3073 3021 3143 δύναμιν.
3083 3073 3383 3144 Τοιγαροῦν
3403 3067 3665 3135 ἀσπάζομαι

461 3155 562 3212 pro
587 3141 734 3197 virili
766 3141 820 3196 in
850 3142 1250 3213 philosophiam
1277 3145 1647 3202 incumberes.
1673 3149 2037 3215 Quamobrem

2143 3165 2239 3236 τὴν
2271 3164 2429 3236 φίλην
2472 3164 2716 3236 κεφαλὴν
2739 3208 2754 3230 ,
2791 3167 2886 3220 καὶ
2936 3166 3075 3220 πάνυ
3111 3165 3367 3227 πολλάκις
3405 3161 3663 3224 ἀσπάζομαι

461 3249 678 3290 sacrum
717 3244 871 3291 tuum
923 3244 1090 3307 caput
1141 3237 1353 3304 saluto,
1399 3239 1710 3311 iterumque
1747 3258 1810 3297 ac
1840 3245 2040 3315 sat-pius

464 3325 698 3378 amicum
749 3333 912 3395 caput
946 3327 1128 3381 saluto
1152 3367 1166 3391 ,
1219 3329 1335 3384 sive
1367 3338 1558 3388 tacens
1583 3374 1598 3398 ,
1633 3333 1752 3389 sive
1783 3334 2037 3405 loquens,

465 3415 581 3471 sive
607 3416 880 3483 scribens,
911 3417 1028 3472 sive
1063 3418 1201 3472 nihil
1237 3419 1508 3476 scribens.

995 3526 1334 3583 EPISTOLA
1377 3529 1508 3585 CLI.

1153 3637 1353 3696 Eidem.

534 3728 888 3800 Pylaemenem
916 3745 1002 3784 me
1030 3738 1183 3801 puta,
1212 3731 1393 3802 ipsum
1426 3735 1667 3789 animum
1709 3738 1892 3793 animo
1918 3741 2039 3812 ipso

464 3821 771 3890 complecti.
819 3819 1028 3876 Desunt
1077 3822 1210 3876 mihi
1241 3824 1410 3879 verba
1457 3826 1658 3895 quibus
1700 3837 1911 3898 quanta
1953 3839 2038 3886 est

461 3907 760 3962 voluntatis
795 3908 964 3961 animi
997 3908 1104 3962 mei
1135 3909 1219 3964 vis
1247 3911 1586 3979 edundatur,
1622 3916 1705 3971 vel
1748 3918 1934 3987 potius
1971 3935 2038 3974 uc

464 3999 584 4069 ipse
611 3999 828 4068 quidem
870 3998 1101 4055 affectus
1145 4001 1456 4069 cujusmodi
1497 4019 1628 4077 erga
1667 4013 1720 4062 te
1763 4009 1817 4062 in
1853 4008 2036 4065 animo

465 4105 587 4145 meo
615 4090 768 4155 insit,
801 4089 1046 4145 invenio.
1081 4090 1188 4144 Sed
1213 4091 1378 4148 homo
1397 4095 1620 4164 quidam
1650 4097 1861 4153 exstitit
1887 4113 2038 4154 ama-

465 4180 730 4234 toriarum
787 4196 974 4236 rerum
1027 4182 1277 4253 peritus,
1343 4184 1499 4240 Plato
1561 4188 1839 4246 Aristonis
1889 4190 2035 4248 filius

461 4276 813 4335 Atheniensis
847 4279 902 4333 in
937 4279 1202 4334 amatoris
1246 4287 1467 4344 natura,
1502 4294 1680 4350 eoque
1708 4284 1853 4352 quod
1885 4285 2032 4340 circa

461 4365 688 4426 delicias
711 4385 838 4426 suas
860 4371 963 4427 sibi
991 4370 1240 4426 accidere
1271 4371 1454 4436 vellet,
1484 4372 1810 4430 inveniendo
1835 4378 2030 4440 solers,

2140 3255 2240 3325 τὴν
2265 3256 2425 3326 φίλην
2477 3256 2735 3327 κεφαλὴν,
2769 3257 2861 3309 καὶ
2888 3255 3080 3325 σιγῶν,
3114 3258 3211 3310 καὶ
3238 3256 3419 3323 λέγων,
3457 3252 3534 3304 καὶ
3559 3246 3664 3316 γρά-

2142 3363 2276 3414 φων,
2305 3349 2399 3401 καὶ
2427 3346 2500 3418 μὴ
2528 3348 2772 3416 γράφων.

2647 3547 3010 3600 ΕΠΙΣΤΟΛΗ.
3028 3549 3208 3600 ΡΝΑ⁹-

2775 3653 2858 3721 Τῷ
2884 3655 3064 3721 αὐτῷ.

2212 3749 2336 3803 Οἴου
2372 3766 2438 3818 με
2492 3746 2957 3818 περιπτύσσεσθαι
2991 3746 3366 3818 Πυλαιμένην,
3413 3742 3558 3812 αὐτὴν
3582 3739 3658 3808 τὴν

2137 3837 2343 3911 ψυχὴν,
2398 3841 2532 3909 αὖτῇ
2579 3842 2644 3910 τῇ
2693 3839 2858 3912 ψυχῇ.
2904 3839 3122 3906 Ἀπορῶ
3161 3839 3330 3906 λόγων
3359 3829 3435 3898 οἷς
3459 3832 3658 3902 ἐκκέοιτο

2141 3930 2262 3982 ὅσον
2301 3929 2418 3981 ἐστὶ
2451 3930 2548 3999 τῆς
2585 3929 2811 4000 γνώμης
2860 3947 2960 4001 μου
3005 3929 3067 3982 τὸ
3108 3928 3443 3999 βουλόμενον·
3498 3919 3656 3994 μᾶλλον

2132 4017 2193 4070 δὲ
2241 4019 2359 4071 οὐδὲ
2415 4018 2545 4070 αὑτό
2601 4036 2701 4088 μου
2779 4019 2839 4071 τὺ
2886 4019 3094 4082 πάθος,
3155 4020 3184 4072 ὅ
3212 4018 3263 4072 τί
3306 4016 3428 4070 ποτέ
3475 4017 3572 4067 ἐστι
3609 4007 3654 4059 τὸ

2137 4108 2264 4176 περῖ
2313 4109 2372 4160 σέ
2429 4124 2529 4178 μου
2576 4108 2676 4177 τῆς
2737 4107 2916 4178 ψυχῆς
2976 4107 3297 4178 ἐξευρίσκω.
3363 4103 3577 4174 Ἐγένετο
3611 4097 3652 4149 δέ

2135 4217 2219 4261 τις
2249 4198 2388 4270 ἀνὴρ
2425 4199 2594 4263 δεινὸς
2632 4199 2700 4253 τὰ
2739 4200 3013 4270 ἐρωτικὰ,
3063 4200 3288 4254 Πλάτων
3314 4201 3343 4252 ό
3386 4196 3652 4266 Ἀρίστωνος

2148 4289 2451 4362 Ἀθηναῖος,
2504 4291 2734 4362 εὔπορος
2765 4293 2977 4362 εὑρεῖν,
3024 4291 3245 4355 εὔκολος
3269 4293 3434 4344 είπῖν
3466 4277 3651 4357 ἐραστοῦ

2137 4383 2319 4451 φύσιν,
2347 4385 2442 4436 καὶ
2462 4384 2523 4453 δὴ
2547 4386 2641 4438 uati.
2669 4385 2696 4436 ὃ
2725 4401 2778 4436 τι
2804 4385 2950 4454 αὐτῷ
2981 4383 3234 4451 γενέσθαι
3261 4379 3458 4453 περὶτὰ
3477 4373 3652 4430 παιδικὰ

460 4463 517 4517 in
542 4461 866 4532 explicando
898 4462 1140 4518 disertus
1188 4476 1252 4516 ac
1288 4461 1486 4519 facilis.
1515 4463 1696 4531 Quare
1739 4467 1787 4522 is
1817 4482 1916 4537 pro
1949 4485 2034 4524 me

2143 4473 2417 4544 βούλει-αι’
2458 4475 2552 4526 καὶ
2581 4473 2719 4544 ὑπὲρ
2757 4473 2892 4544 ἐμοῦ
2917 4475 3096 4528 τοίνυν
3130 4470 3430 4542 ἐξευρηκὼς
3451 4484 3501 4520 τε
3523 4465 3646 4519 ἔστω.

458 4561 606 4618 istud
658 4569 712 4618 et
762 4562 1006 4618 inveniat
1051 4571 1106 4618 et
1157 4562 1324 4618 dicat.
1368 4563 1532 4617 Vellet
1574 4564 1765 4632 ἐρίων,
1815 4563 1892 4614 ait
1921 4561 2032 4626 ille,

467 4653 694 4708 Vulcani
715 4654 946 4725 quadam
971 4663 1085 4709 arte
1107 4654 1390 4724 colliquari
1410 4667 1458 4709 et
1485 4653 1799 4718 coalescere,
1846 4669 2036 4706 unum-

456 4762 554 4817 que
590 4762 658 4802 ea:
691 4745 948 4801 ambobus
973 4747 1122 4815 elﬁci.

835 4857 998 4928 390
1035 4856 1369 4914 EPISTOLA
1409 4854 1564 4912 CLII.

1133 4949 1340 5004 Eidem.

523 5041 654 5097 Tuae
683 5043 752 5099 ad
780 5057 885 5100 nos
920 5043 1116 5100 littera
1149 5041 1446 5112 quotannis
1475 5037 1780 5094 aﬂeruntur
1806 5074 1821 5100 ,
1865 5039 2024 5106 quasi

451 5133 500 5191 is
529 5135 600 5190 sit
631 5135 797 5190 etiam
833 5142 1216 5207 tempestatum
1248 5143 1568 5204 proventus.
1603 5131 1782 5200 Atque
1826 5138 1910 5184 est
1935 5129 2025 5183 ille

449 5225 672 5295 quidem
708 5227 843 5281 mihi
875 5226 1086 5283 fructus
1117 5225 1352 5281 fortasse
1383 5223 1698 5294 jucundior,
1733 5238 1896 5292 quam
1926 5223 2020 5292 qui

452 5317 723 5373 mensium
748 5318 1148 5383 vicissitudine,
1183 5326 1237 5372 et
1272 5318 1638 5387 agricolarum
1675 5315 1862 5372 labore
1893 5329 2020 5384 pro-

450 5409 644 5464 fertur.
691 5408 772 5464 Tu
823 5425 952 5465 vero
1013 5411 1201 5480 inique
1251 5408 1423 5472 facis,
1476 5409 1567 5478 qui
1622 5423 1812 5463 earum
1865 5406 2023 5462 nobis

451 5500 780 5570 voluptatem
828 5500 1139 5556 subtrahas.
1174 5499 1378 5554 Verum
1417 5499 1500 5554 fac
1543 5499 1869 5554 sententiam
1903 5513 2022 5550 mu-

452 5599 568 5651 tes,
627 5590 893 5655 nobisque
944 5591 1049 5646 hoc
1105 5593 1297 5646 saltem
1330 5605 1475 5646 anno
1510 5591 1818 5646 litterarum
1866 5587 2024 5644 uber-

454 5687 621 5732 tatem
651 5679 912 5748 praebeas.
979 5737 986 5742 _

2133 4566 2228 4620 καὶ
2273 4565 2532 4636 εἰρηκώς.
2595 4567 2862 4619 Βούλοιτ*
2891 4564 2968 4619 ἂν
3013 4561 3160 4631 οὖν,
3193 4565 3352 4636 φησὶ,
3383 4559 3648 4628 Ἡφαίστου

2131 4657 2312 4726 τέχνῃ
2337 4656 2715 4725 συντακῆναί
2735 4674 2799 4710 τε
2819 4657 2915 4710 καὶ
2943 4656 3316 4727 συμφυῆναι,
3337 4653 3426 4707 καί
3440 4651 3500 4704 ἐν
3515 4648 3648 4715 ἄμφω

2133 4748 2409 4817 γενέσθαι
2420 4788 2432 4800 .

2631 4861 2978 4916 ΕΠΙΣΤΟΔΗ
3012 4861 3104 4914 ΡΝ
3110 4861 3181 4916 B'.

2764 4951 2854 5017 Τῷ
2885 4951 3068 5018 αὐτῷ.

2198 5046 2281 5097 Δι’
2328 5043 2479 5106 ἔτους
2527 5045 2656 5114 ἡμῖν
2695 5045 3005 5110 ἀφικνεῖται
3054 5045 3216 5114 παρὰ.
3253 5041 3342 5097 σοῦ
3374 5039 3640 5111 γράμματα.

2130 5134 2322 5205 ὥσπερ
2352 5133 2458 5187 τῶν
2487 5134 2645 5206 ὡρῶν
2670 5135 2765 5188 καὶ
2791 5134 2946 5188 τοῦτο
2966 5135 3263 5205 φερουσῶν.
3308 5133 3447 5203 Ἐμοὶ
3475 5128 3556 5198 μὲν
3571 5118 3640 5175 οὖν

2133 5227 2261 5290 ἴσως
2297 5225 2510 5296 καρπὸς
2547 5225 2712 5297 ἡδίων
2744 5222 2927 5293 οὗτος,
2958 5227 2992 5298 ἢ
3041 5227 3099 5279 ὃν
3145 5224 3456 5296 ἐκτρέφουσι
3494 5212 3642 5288 μηνῦν

2125 5317 2344 5383 κύκλοι,
2376 5317 2469 5370 καὶ
2501 5318 2758 5389 γεωργοί.
2815 5319 2887 5372 Σὺ
2919 5318 2975 5371 δέ
3021 5319 3118 5372 οὐκ
3145 5317 3213 5371 ἂν
3253 5315 3426 5369 εἰκότα
3451 5306 3639 5373 meiut,

2126 5410 2224 5480 τῆς
2253 5410 2344 5462 ἐπὶ
2372 5409 2580 5475 τούτοις
2611 5413 2756 5483 ἡμᾶς
2800 5409 3134 5482 εὐφροσύνης
3162 5403 3477 5476 ἀποστερῶν.
3513 5391 3640 5450 Ἀλλὰ

2129 5499 2361 5571 μετάθου
2387 5499 2486 5572 τὴν
2501 5501 2748 5572 γνώμην,
2783 5502 2874 5556 καὶ
2899 5501 3119 5574 ποίησον
3148 5500 3278 5570 ἡμῖν
3297 5495 3355 5549 τὸ
3375 5491 3489 5562 γοῦν
3507 5483 3637 5555 τῆτες

2126 5591 2412 5662 εὐετηρίαν
2451 5592 2768 5646 ἐπιστολῶν.
