3986 6158
452 238 590 297 1555
1611 235 1992 295 Εριδτοιηιι.
2008 270 2026 280 -

2118 238 2325 296 EPIST.
2360 241 2538 300 CLIII.
3556 250 3692 308 153M

960 356 1253 410 ΕΠιΣτοΑ
1263 355 1306 407 Π
1338 353 1507 406 PNI".
2043 351 2097 411 Α

2043 351 2097 411 Δ
2639 352 2974 412 EPISTOLA
3001 356 3177 415 CLIII.

1036 447 1112 516 Τῇ
1139 448 1470 516 φιλοσόφῳ.
2036 480 2043 488 -
2574 445 2610 500 Ι

2036 480 2043 488 .
2574 445 2911 518 Philosophus
2949 450 3238 519 magistra.

513 547 689 617 Τῆτες
710 544 976 614 ὲξήνεγκα
1004 541 1098 595 δύο
1122 528 1311 611 βιϐλία
1348 540 1459 609 (9i)
1481 578 1496 605 ,
1529 538 1591 591 τὸ
1625 535 1754 606 μὲν,
1784 534 1890 588 ὑπὸ
1921 532 2015 587 τοῦ

2191 536 2338 591 Duos
2391 537 2496 592 huc
2537 554 2681 594 anno
2738 540 2912 596 libros
2959 541 3148 606 edidi,
3201 542 3435 597 alterum
3493 559 3522 598 a
3561 542 3693 614 Deo,

438 637 575 694 Θεοῦ
608 635 847 705 κινηθείς
866 650 878 662 ·
916 633 976 685 τὸ
1002 633 1080 698 δὲ,
1109 631 1216 686 ὑπὸ
1249 629 1515 700 λοιδορίας
1543 627 1865 700 ἀνθρώπων.
1906 626 2012 679 Καὶ

2120 629 2348 685 alterum
2402 631 2668 687 conviciis
2751 632 3041 691 hominum
3134 633 3423 702 impulsus.
3484 634 3694 693 Etenim

438 730 549 802 γὰρ
576 728 684 782 τῶν
714 730 772 781 ὲν
790 727 1005 790 λευκοῖς
1032 726 1164 781 ἔνιοι
1193 725 1442 796 τρίὸωσι,
1476 722 1570 777 καὶ
1598 720 1707 775 τῶν
1730 721 1787 777 ὲν
1815 720 2012 790 φαιοῖς,

2121 722 2367 776 nonnulli
2435 723 2774 793 candidum,
2823 725 3032 796 pullum
3091 725 3183 780 alii
3236 725 3495 781 amictum
3557 744 3695 799 pm-

438 820 646 890 Εφασάν
679 837 745 889 με
764 820 1099 890 παρανομεῖν
1115 819 1195 880 είς
1222 815 1564 887 φιλοσοφίαν,
1598 812 1859 866 ἐπαΐοντα
1880 808 2012 863 κάλ-

2118 811 2442 878 l‘erentium,
2512 830 2742 886 peccare
2796 832 2887 874 me
2939 816 2994 872 in
3055 816 3460 888 philosophiam
3512 819 3692 889 jacta-

438 915 561 978 λους
605 915 662 967 ὲν
686 911 896 978 λέξεσι,
952 909 1050 964 καὶ
1093 906 1331 980 ῥυθμοῦ,
1384 905 1634 976 καὶπερὶ
1684 903 1926 973 Ὀμήρου
1965 918 2012 955 τι

2123 904 2285 969 bant,
2343 906 2491 976 quod
2550 906 2605 977 in
2660 907 2843 965 verbis
2899 914 3245 965 venustatem
3297 924 3697 982 numerumque

438 1007 617 1075 λέγειν
644 1003 898 1071 ἀξιοῦντα
917 1045 931 1067 ,
960 1003 1059 1055 καὶ
1085 1001 1191 1055 τῶν
1228 1001 1291 1054 ἐν
1314 1001 1434 1061 ταῖς
1464 995 1775 1069 ῥητορείαις
1806 992 2012 1064 σχημά-

2120 1007 2508 1067 consectarer;
2537 1003 2682 1070 quod
2708 999 2775 1055 de
2800 999 3058 1064 Homero,
3083 1001 3433 1073 propriisque
3467 1004 3694 1059 oratorii

436 1116 544 1154 των
562 1116 576 1129 ·
602 1097 679 1161 ὠς
705 1097 770 1166 δὴ
800 1096 889 1149 τὸν
916 1094 1205 1164 φιλόσοφον
1234 1090 1519 1162 μισολὸγον
1549 1084 1689 1142 εἶναι
1718 1087 2010 1158 προσήκειν

2122 1091 2334 1145 artiﬁcii
2386 1091 2575 1162 ﬁguris
2625 1092 2957 1147 mentionem
3009 1092 3176 1147 ullam
3218 1091 3499 1149 facerem:
3536 1096 3696 1165 quasi

441 1190 551 1263 [γρ.
589 1187 900 1260 amoenum],
921 1186 1014 1241 καὶ
1033 1185 1168 1256 μόνα
1196 1181 1656 1256 περιεργάζεσθαι
1679 1179 1748 1234 τὰ
1765 1178 2015 1248 δαιμόνια

2118 1181 2505 1254 philosOpbum
2560 1185 2867 1239 litterarum
2927 1199 3169 1242 osorem
3208 1199 3335 1241 esse
3369 1173 3651 1256 ‘oporteat
3676 1225 3692 1251 .

441 1283 761 1352 πράγματα.
792 1280 901 1332 Καὶ
933 1277 1087 1331 αὐτοὶ
1113 1277 1209 1346 μὲν
1240 1275 1436 1344 θεωροὶ
1457 1271 1551 1328 τοῦ
1583 1271 1772 1342 νοητοῦ
1797 1270 2015 1340 γεγονὸ-

2119 1274 2349 1344 solaque
2372 1274 2682 1331 divinarum
2708 1290 2892 1335 rerum
2921 1276 3345 1347 investigatione
3368 1277 3693 1335 distentum.

435 1388 527 1435 τες
546 1389 559 1402 ’
591 1370 692 1441 by.)
725 1370 782 1423 δὲ
809 1370 873 1422 οὐ,
904 1367 1082 1437 θέμις,
1111 1366 1244 1419 διότι
1274 1365 1425 1434 νέμω
1453 1363 1585 1418 τινὰ
1613 1362 1807 1434 σχολὴν
1828 1363 1899 1414 ἐκ
1921 1360 2009 1413 τοῦ

2121 1366 2183 1420 Et
2204 1367 2280 1420 illi
2314 1368 2537 1438 quidem
2587 1367 2709 1437 eius
2751 1368 2903 1440 quod
2932 1368 3295 1439 intelligentia
3329 1373 3695 1440 comprehen-

438 1464 554 1534 βίου
581 1463 660 1532 τῷ
698 1461 792 1516 καὶ
817 1459 914 1531 τὴν
948 1457 1194 1526 γλῶτταν
1218 1454 1587 1528 καθήρασθαι,
1628 1455 1722 1507 καὶ
1755 1453 1854 1524 τὴν
1878 1452 2012 1521 γνώ-

2119 1458 2266 1514 ditur
2317 1461 2691 1530 speculatores
2740 1470 2873 1518 sunt
2917 1477 2933 1513 :
2975 1461 3107 1516 mihi
3157 1468 3337 1517 autem
3385 1462 3541 1518 nefas
3587 1472 3693 1529 est,

416 1572 546 1627 ·μην
574 1555 709 1626 ἡδίω
733 1551 1007 1623 γενέσθαι.
1068 1551 1260 1621 Ἐνῆγε
1283 1550 1392 1621 γὰρ
1421 1548 1619 1611 αὐτοὺς
1650 1549 1730 1610 εἰς
1758 1546 1819 1600 τὸ
1849 1562 1988 1601 κατα

2123 1560 2405 1622 propterea
2447 1552 2591 1623 quod
2622 1553 2719 1607 otii
2762 1552 3003 1623 aliquam
3047 1569 3078 1609 e
3109 1554 3219 1607 vita
3258 1560 3469 1622 partem
3516 1555 3697 1609 eximo

433 1647 651 1701 δικάσαι
682 1663 781 1717 μου
812 1643 945 1715 πρὸς
974 1642 1141 1713 μόνην
1174 1640 1394 1694 παιδιὰν
1424 1637 1727 1709 ἐπιτήδειον
1758 1633 1918 1702 εἶναι,
1954 1635 2007 1688 τὲ

2125 1644 2183 1696 ad
2216 1643 2456 1714 linguam
2486 1643 2917 1714 procudendam,
2963 1654 3313 1714 mentemque
3346 1645 3532 1725 aliqua
3560 1646 3699 1701 hila-

433 1742 533 1804 τὰς
557 1736 937 1809 Κυνηγετικὰς
986 1737 1052 1789 ὲκ
1085 1735 1187 1805 τῆς
1214 1735 1391 1797 οἰκίας
1432 1733 1534 1788 οὐκ
1561 1727 1659 1785 οἶδ’
1681 1731 1829 1794 ὅπως
1860 1729 2007 1801 διαρ-

2122 1735 2280 1791 ritate
2309 1736 2691 1795 recreandam.
2726 1732 2856 1794 Ideo
2882 1744 3084 1793 autem.
3110 1736 3331 1792 adducti
3364 1747 3499 1803 sunt
3527 1747 3587 1793 ut
3608 1754 3696 1796 me

437 1833 662 1902 ῥυείσας
687 1872 700 1895 ,
746 1828 1148 1898 σπουδασθῆναι
1190 1825 1553 1896 διαφερόντως
1581 1822 1685 1876 ὑπὸ
1719 1821 2011 1877 νεανίσκων

2115 1827 2181 1882 ad
2201 1828 2443 1884 ludricra
2483 1830 2753 1884 duntaxat
2781 1829 3038 1885 idoneum
3072 1844 3199 1885 esse
3227 1829 3501 1897 dicerent,
3535 1832 3684 1900 quod

435 1926 618 1989 ἐνίων,
664 1917 746 1986 οἷς
797 1919 1151 1993 Ἑλληνισμοῦ
1178 1936 1239 1971 τε
1277 1918 1370 1971 καὶ
1406 1917 1626 1988 χάριτος
1672 1913 1831 1985 ἔμελε
1855 1929 1868 1943 ·
1920 1913 2009 1968 γ.αέ

2121 1937 2241 1975 cum
2276 1921 2603 1993 Cynegetica
2631 1937 2751 1977 mea
2784 1921 2970 1978 nescio
3002 1920 3280 1992 Quomodo
3308 1922 3444 1978 meis
3468 1937 3538 1981 ex
3563 1923 3695 1979 aedi—

433 2032 554 2068 τινα
578 2013 695 2066 τῶν
708 2014 773 2066 ἐκ
799 2011 1085 2082 ποιητικῆς
1122 2007 1397 2080 ἐπιμελῶς
1446 2007 1633 2077 ἔχοντα
1655 2044 1668 2067 ,
1716 2007 1809 2059 καὶ
1834 2021 2007 2074 παρα-

2120 2012 2220 2067 bus
2263 2013 2609 2082 erupissent,
2654 2027 2911 2084 magnum
2943 2012 3212 2083 imprimis
3266 2012 3322 2068 in
3361 2013 3694 2084 quibusdam

432 2106 714 2162 δεικνύντα
740 2105 917 2175 τιετῆς
948 2102 1182 2175 ἀρχαίας
1227 2101 1410 2172 χειρός
1436 2118 1448 2131 ⁸
1506 2102 1643 2168 ὅπερ
1678 2100 1770 2151 ἐπὶ
1789 2098 2006 2152 τῶν-ἀν-

2121 2105 2561 2162 adolescentibus
2585 2106 2897 2162 excitarunt
2929 2105 3171 2161 studium
3195 2106 3303 2174 sui,
3334 2109 3426 2176 qui
3452 2106 3695 2163 Graecam

431 2200 694 2270 δριάντων
741 2198 920 2265 λέγειν
967 2195 1259 2265 εἰώθαμεν.
1339 2192 1479 2247 Ἀλλ’
1524 2193 1746 2246 ἐκείνων
1787 2193 1836 2246 oi
1888 2192 2005 2261 μὲν,

2120 2196 2428 2251 facundiam
2471 2206 2526 2253 et
2569 2198 2808 2268 leporem
2846 2198 3207 2263 adamarent;
3254 2200 3637 2272 nonnullaque
3663 2216 3694 2256 a

433 2292 671 2362 ἀμαθίας
695 2290 1007 2360 ἡγουμένης
1033 2289 1125 2343 τοῦ
1157 2288 1413 2358 θράσους,
1446 2285 1857 2358 προχειρότατοι
1878 2283 2007 2337 πάν·

2122 2290 2331 2360 poetica
2386 2304 2510 2344 cum
2555 2290 2742 2349 studio
2790 2287 3077 2360 profecta,
3110 2300 3165 2347 et
3213 2291 3453 2363 antiquae
3500 2308 3696 2350 manus

430 2398 535 2434 των
559 2382 665 2434 εἰσί
698 2382 826 2449 περὶ
852 2379 946 2432 τοῦ
975 2377 1109 2432 Θεοῦ
1140 2377 1484 2447 διαλέγεσθαι
1511 2394 1522 2406 ·
1551 2371 1634 2440 οἷς
1664 2376 1730 2430 ἀν
1757 2376 2004 2447 ἐντύχῃς.

2121 2382 2321 2452 aliquid
2360 2396 2471 2453 prae
2501 2397 2562 2437 se
2594 2381 2822 2437 ferentia
2853 2381 3150 2451 probarent
3174 2422 3189 2447 ,
3217 2383 3366 2453 quod
3403 2383 3471 2439 de
3496 2384 3695 2441 statuis

430 2473 591 2537 εὐθὺς
641 2471 848 2544 ἀκούσῃ
890 2471 1014 2525 τινὰ
1042 2471 1170 2541 «περὶ
1203 2469 1309 2524 τῶν
1346 2469 1745 2538 ἀσυλλογίστων
1769 2467 2004 2536 συλλογι-

2120 2475 2298 2531 dicere
2326 2476 2589 2530 solemus.
2629 2472 2736 2529 Sed
2785 2473 2932 2527 inter
2962 2472 3095 2529 illos
3123 2473 3239 2543 alii,
3271 2475 3489 2533 inscitia
3515 2475 3694 2530 auda-

432 2567 611 2637 σμῶν·
644 2567 736 2618 καὶ
776 2565 851 2637 μὴ
880 2565 1149 2632 δεομένων
1177 2561 1500 2617 ὲπαντλοῦσι
1530 2561 1642 2615 τῶν
1672 2560 1866 2630 λόγων,
1902 2560 2006 2630 ἰδίᾳ

2121 2566 2212 2622 ciae
2246 2574 2551 2636 praeeunte,
2592 2564 2839 2620 omnium
2889 2571 3020 2620 sunt
3050 2564 3117 2620 ad
3166 2581 3454 2624 sermones
3483 2567 3551 2622 de
3582 2564 3695 2622 Deo

425 2677 478 2712 τι
518 2658 659 2710 δοκῶ
705 2673 793 2727 μοι
843 2657 1096 2726 διαφέρον
1132 2656 1334 2718 αὐτοῖς.
1394 2653 1525 2707 Ἀπὸ
1571 2652 1679 2723 γὰρ
1712 2650 1917 2705 τούτων
1951 2652 1999 2703 ἐν

2122 2655 2484 2712 instituendos
2512 2656 2908 2725 promptissimi
2929 2674 2951 2726 ;
2972 2657 3026 2712 in
3053 2672 3193 2727 quos
3219 2658 3264 2714 si
3289 2657 3523 2723 incidas,
3554 2674 3696 2729 qua:-

424 2756 545 2815 ταῖς
597 2750 817 2804 πόλεσιν
862 2751 911 2803 οἰ
958 2747 1407 2819 δημοδιδάσκαλοι
1451 2746 1719 2815 γίνονται,
1756 2747 1785 2798 ὁ
1811 2743 1998 2798 ταὺτάι

2121 2747 2236 2802 dam
2271 2748 2457 2802 statim
2481 2747 2547 2802 de
2575 2763 2858 2818 perperam
2893 2749 3146 2817 collectis
3176 2750 3695 2806 ratiocinationibus

427 2843 547 2914 [τρο
583 2835 796 2912 ὧ1ὲστι
825 2841 918 2894 καὶ
952 2839 1013 2891 τὸ
1043 2838 1213 2909 κέρας
1237 2837 1338 2906 τῆς
1376 2835 1733 2906 Ἀμαλθείας,
1772 2829 1819 2904 ᾧ
1859 2830 2001 2889 οὗτοί

2164 2842 2300 2897 ulies
2336 2860 2350 2896 :
2382 2856 2446 2895 ac
2478 2842 2564 2897 vel
2602 2842 2749 2897 aliud
2793 2843 3086 2912 agentibus
3138 2842 3447 2898 istiusmodi
3481 2858 3696 2899 sermo—
3728 2838 3738 2845 ’

425 2954 487 3004 γε
517 2936 627 2989 δεῖν
658 2930 863 2986 οἴονται
896 2930 1153 3003 χρῆσθαι.
1219 2927 1633 2995 Ἐπιγινώτκεις
1653 2968 1667 2990 ,
1698 2924 1849 2997 οἶμαι
1871 2967 1884 2988 ,
1946 2926 1999 2979 τὸ

2120 2950 2212 2989 nes
2238 2933 2563 2998 infundunt,
2588 2933 2733 3001 quod
2760 2933 3013 3002 privatim
3050 2949 3172 2996 sua,
3197 2944 3255 2988 ut
3284 2934 3503 3004 opinor,
3531 2934 3694 2989 inter-

426 3033 588 3102 φῦλον
619 3026 774 3083 τοῦτο
797 3026 857 3078 τὸ
884 3024 1081 3095 ῥᾴδιον,
1106 3024 1134 3076 ὃ
1152 3021 1426 3077 διαϐάλλει
1447 3022 1701 3090 γενναίαν
1723 3020 1997 3075 ὑπόθεσιν.

2113 3034 2210 3081 est.
2245 3024 2321 3079 Ex
2347 3026 2416 3081 iis
2444 3026 2590 3087 enim
2620 3027 3048 3083 concinnatores
3073 3026 3127 3079 in
3154 3025 3472 3081 civitatibus
3506 3027 3638 3081 lium
3675 3052 3687 3087 ε

428 3129 572 3199 quod
606 3129 747 3180 idem
796 3133 880 3177 est
927 3135 990 3173 ac
1023 3120 1067 3174 si
1100 3119 1399 3171 Amalthea:
1445 3131 1617 3171 cornu
1655 3117 1887 3183 dixeris,
1943 3132 2054 3188 quo
2093 3119 2314 3189 quidem
2360 3118 2621 3174 utendum
2666 3134 2788 3175 esse
2843 3118 2919 3173 illi
2970 3125 3197 3188 putant”
3227 3116 3533 3187 Agnoscis,
3573 3117 3696 3188 opi-

429 3237 555 3282 nor,
610 3218 821 3271 facilem
878 3229 942 3267 ac
1008 3210 1303 3282 proclivem
1354 3207 1637 3263 hominum
1695 3208 1993 3273 nationem,
2036 3225 2157 3277 quae
2214 3226 2541 3278 generosum
2604 3210 2773 3265 animi
2846 3211 3188 3281 propositum
3264 3207 3617 3264 criminatur.

503 3305 664 3366 Οὗτοί
717 3324 784 3378 με
838 3303 1105 3375 μαθητιᾷν
1155 3301 1365 3361 ἑαυτοῖς
1405 3296 1652 3364 ἀξιοῦσι,
1701 3299 1794 3352 καί
1837 3314 1997 3366 φασιν

2177 3298 2336 3369 291
2378 3298 2442 3353 lli
2485 3316 2572 3355 me
2611 3301 2666 3355 in
2704 3317 2860 3356 suam
2901 3301 3083 3357 \euire
3109 3301 3457 3371 disciplinam
3502 3306 3692 3371 postu-

425 3400 719 3469 ἀποφανεῖν
751 3395 901 3457 ἐντὸς
933 3392 1114 3461 ὀλίγου
1139 3390 1205 3443 τὰ
1227 3389 1352 3459 περὶ
1376 3388 1513 3441 Θεοῦ
1541 3388 1994 3456 παντολμὸτατον,

2118 3392 2251 3449 lant.
2300 3391 2563 3460 brevique
2597 3393 3021 3461 repromittunt,
3064 3408 3150 3446 me
3184 3391 3239 3446 in
3285 3389 3497 3445 divinis.
3526 3390 3692 3446 rebus

425 3493 635 3565 ἡμέρας
661 3489 786 3560 ἑξῆς
818 3488 912 3542 καὶ
949 3486 1149 3546 νύκτας
1179 3478 1461 3550 ἀγορεύειν
1494 3480 1808 3547 δυνάμενον.
1844 3479 1999 3530 ’Ἑτε-

2118 3480 2534 3534 audacissimum
2565 3497 2665 3537 sua
2700 3497 2865 3551 opera
2903 3481 3149 3536 futurum
3173 3521 3186 3543 ,
3233 3489 3292 3534 ut
3320 3488 3511 3537 noctes
3543 3480 3692 3535 dein-

426 3601 508 3655 ροι
530 3585 585 3637 δὲ
613 3583 661 3635 οἰ
699 3580 915 3634 κάλλιον
957 3575 1284 3648 ᾐσθημένοι,
1318 3571 1606 3643 παραπολὺ
1653 3570 1855 3622 τούτων
1892 3570 2000 3621 εἰσὶ

2112 3584 2237 3638 ceps
2280 3586 2404 3624 cum
2448 3571 2644 3627 diebus
2696 3570 3038 3641 disputando
3077 3571 3283 3641 possim
3333 3571 3686 3647 conjungere.

425 3673 966 3745 κακοδαιμονέστεροι
1006 3666 1253 3737 σοφισταί
1274 3683 1286 3697 ⁸
1328 3666 1421 3719 καὶ
1475 3663 1747 3734 βούλοιντο
1795 3661 1892 3730 μὲν
1933 3659 1999 3713 ἂν

2114 3660 2232 3722 Alii,
2263 3659 2357 3730 qui
2386 3660 2580 3715 melius
2602 3663 2865 3723 sentiunt,
2893 3661 3052 3731 longe
3078 3670 3210 3718 sunt
3237 3664 3321 3717 his
3353 3664 3688 3721 infeliciores

425 3768 515 3823 ἐπὶ
553 3771 664 3830 τοῖς
697 3767 879 3827 αὐτοῖς
913 3763 1239 3830 εὐδοκιμεῖν
1288 3757 1402 3811 ἀλλ’
1440 3754 1726 3825 εὐτυχοῦσι
1762 3753 1824 3805 τὸ
1862 3751 1998 3823 μηδὲ

2115 3753 2386 3822 sophistae.
2426 3751 2563 3807 Nam
2600 3754 2799 3809 vellent
2840 3754 2876 3809 ii
2923 3753 3142 3824 quidem
3187 3756 3375 3810 eadem
3429 3755 3689 3810 facultate

423 3858 578 3912 τοῦτο
602 3853 876 3909 δύνασθαι.
908 3851 1017 3905 Καὶ
1039 3846 1370 3919 οἷσθάστινας
1397 3847 1454 3897 ὲν
1476 3841 1839 3912 λογιστηρίοις
1865 3841 1997 3894 ἀπο-

2108 3842 2330 3906 llorere;
2364 3842 2459 3900 sed
2501 3847 2554 3899 in
2590 3858 2658 3898 eo
2689 3843 2875 3900 felices
2900 3854 3062 3909 sunt,
3099 3845 3244 3914 quod
3282 3862 3349 3901 ne
3382 3845 3434 3900 id
3462 3846 3682 3917 quidem

422 3949 632 4012 δύντας,
661 3946 694 4019 ἢ
725 3946 939 4008 παντως
967 3941 1073 3995 ἀπὸ
1097 3942 1226 4002 μιᾶς
1252 3937 1316 4004 γέ
1346 3953 1440 3990 του
1469 3935 1752 4005 συμφορᾶς
1777 3934 1996 3985 ἀναπει-

2110 3945 2491 4005 assequuntur.
2527 3935 2684 3992 Nosti
2712 3936 2927 4006 aliquos
2950 3976 2965 4001 ,
2997 3938 3089 4007 qui
3120 3936 3172 3991 in
3204 3938 3343 3993 aulis
3368 3939 3684 3992 rationariis

425 4040 648 4103 σθέντας
686 4039 743 4091 ὲν
776 4033 1091 4108 μεσημϐρίᾳ
1121 4030 1214 4084 τοῦ
1249 4030 1363 4099 βίου
1406 4027 1736 4098 φιλοσοφεῖν,
1765 4023 1870 4076 ἀπὸ
1901 4023 1999 4092 μό-

2108 4027 2359 4095 spoliati,
2406 4036 2501 4081 aut
2541 4042 2609 4082 ex
2649 4027 2754 4081 alia
2794 4027 3031 4083 omnino
3060 4029 3370 4083 calamitate
3414 4029 3682 4100 compulsi

423 4150 513 4186 νου
540 4130 631 4185 τοῦ
655 4131 776 4192 τοὺς
809 4127 963 4188 θεοὺς
990 4122 1302 4193 ἀπομόσαι,
1335 4121 1428 4172 καὶ
1458 4116 1756 4187 κατομόσαι
1786 4115 1997 4169 Πλατω-

2107 4125 2265 4176 sunt.
2308 4126 2369 4172 ut
2412 4119 2465 4173 in
2500 4120 2625 4173 vitae
2662 4120 2821 4189 quasi
2862 4120 3093 4175 meridie
3125 4119 3681 4190 philosopharentur,

422 4223 619 4285 νικῶςο
646 4220 737 4283 οὒς
772 4218 1029 4286 φθάσειεν
1057 4213 1123 4268 ἂν
1162 4216 1194 4283 ἡ
1227 4212 1354 4266 σκιὰ
1401 4209 1748 4281 φθεγξαμένη
1793 4226 1845 4261 τι
1890 4209 1996 4262 τῶν

2110 4209 2210 4264 hoc
2256 4209 2375 4280 ipso
2420 4217 2632 4265 tantum
2659 4251 2675 4276 ,
2721 4209 2865 4280 quod
2911 4209 3196 4264 Platonico
3248 4224 3402 4265 more
3445 4210 3684 4281 juraudo

423 4312 667 4364 δεόντων.
712 4305 867 4376 Δεινὴ
911 4304 968 4357 δὲ
1000 4305 1148 4373 ὅμως
1180 4303 1212 4372 ἡ
1241 4302 1619 4372 προσποίησις.
1661 4300 1730 4351 Ἥ
1778 4315 1839 4351 τε
1888 4298 1995 4372 γὰρ

2106 4301 2266 4367 deos,
2314 4309 2575 4373 negarent
2607 4301 2813 4372 aliquid
2849 4310 2945 4356 aut
2987 4310 3299 4359 assererem
3325 4343 3340 4367 ,
3386 4309 3446 4355 ut
3489 4300 3680 4356 umbra

421 4399 608 4468 ὀφρῦς,
643 4395 805 4465 βαϐαὶ
849 4394 946 4464 τῆς
991 4391 1303 4454 ἀνατάσεως
1347 4393 1426 4454 εἰς
1466 4392 1589 4443 ὅσον
1612 4387 1798 4462 ἦρται’
1840 4392 1992 4461 καὶὴ

2106 4396 2256 4466 prius
2304 4394 2437 4450 utile
2477 4402 2644 4464 atque
2687 4402 3058 4465 opportunum
3106 4392 3312 4463 aliquid
3345 4392 3558 4448 dictura
3602 4393 3680 4446 vi-

420 4490 540 4559 xslp
570 4488 839 4558 ὑπερείδει
878 4487 936 4538 τὸ
978 4486 1202 4553 γένειον.
1235 4484 1317 4536 Τά
1351 4502 1411 4535 τε
1442 4483 1575 4537 ἄλλα
1618 4501 1994 4555 σεμνοπροσω-

2106 4484 2317 4541 deatur.
2355 4484 2487 4540 Mira
2511 4485 2867 4539 nihilominus
2892 4485 3170 4541 simulatio
3198 4494 3301 4540 est.
3325 4485 3458 4538 Nam
3489 4499 3680 4557 super-

421 4581 611 4634 ποῦσιν
648 4580 789 4648 ὑπὲρ
821 4578 916 4640 τὰς
945 4575 1310 4646 Ξενοκράτους
1335 4577 1568 4638 εἰκόνας.
1599 4576 1667 4627 Οἵ
1698 4592 1760 4644 γε
1789 4577 1880 4629 καὶ
1909 4595 1995 4630 νο-

2104 4578 2327 4641 cilium,
2377 4578 2560 4647 papae!
2605 4588 2944 4648 quantopere
2987 4578 3284 4633 sublatum.
3324 4574 3514 4630 Manus
3560 4576 3676 4645 ipsa

423 4673 664 4744 μοθετεῖν
705 4672 836 4740 ἡμῖν
874 4669 1113 4732 ἀξιοῦσιν
1170 4668 1303 4721 ἄττα
1355 4667 1505 4735 σφίσι
1553 4667 1992 4733 λυσιτελέστατα,

2105 4668 2329 4723 barbam
2375 4666 2638 4723 sull‘ulcit.
2674 4667 2733 4722 lu
2790 4667 3008 4723 caeteris
3040 4665 3365 4722 Xenocratis
3415 4666 3679 4738 imagines

422 4764 620 4835 μηδένα
654 4762 818 4832 μηδὲν
851 4760 1054 4829 ἀγαθὸν
1096 4759 1271 4812 εἰδότα
1302 4758 1534 4829 φανερὸν
1566 4755 1723 4812 εἰναι·
1759 4758 1996 4830 ἡγούμε-

2102 4763 2288 4816 νιιιιυε
2327 4762 2597 4831 gravitate
2643 4773 2925 4832 superant.
2978 4761 3080 4827 Qui
3130 4760 3352 4830 quidem
3406 4761 3568 4815 etiam
3614 4776 3676 4815 ea

418 4874 497 4908 νοι
527 4855 674 4924 σφῶν
696 4853 873 4908 αὐτῶν
897 4853 1135 4923 ἔλεγχον,
1160 4852 1309 4914 εἴτις
1334 4852 1619 4921 φιλόσοφος
1645 4850 1782 4906 εἶναι
1802 4852 1992 4918 δοκῶν,

2103 4854 2262 4909 nobis
2292 4854 2414 4923 jura
2448 4854 2801 4923 praescribere
2832 4852 3206 4915 contendunt,
3235 4869 3363 4923 quae
3395 4853 3527 4922 ipsis
3567 4853 3676 4906 uti-

418 4945 1128 5017 ὲπιστήσεταιφθέγγεσθαι.
1164 4944 1323 4997 Αὐτοὶ
1355 4943 1462 5013 γὰρ
1494 4943 1558 4997 ἂν
1589 4943 1694 4996 ὑπὸ
1725 4946 1789 5014 τῇ
1822 4961 1991 5013 προσο

2104 4948 2312 5002 Iissima
2334 4949 2441 5001 sint
2462 4964 2487 5013 λ
2512 4962 2579 5001 ne
2605 4946 2760 5016 quis.
2786 4946 2884 5016 qui
2915 4945 3041 5002 boni
3066 4945 3270 5014 aliquid
3301 4945 3469 5007 sciat,
3499 4945 3671 5015 palam

421 5041 630 5110 ποιήσει
678 5038 882 5101 λαθεῖν,
907 5039 1000 5091 καὶ
1034 5037 1181 5103 δόξαι
1206 5035 1457 5091 τᾶνδοθεν
1482 5031 1619 5089 εἶναι
1654 5037 1845 5104 σοφίας
1875 5038 1995 5091 ἀνά-

2105 5038 2237 5093 illud
2288 5038 2529 5101 haheat;
2587 5036 2671 5091 sui
2720 5037 2964 5107 ipsorum
3016 5034 3499 5105 reprehensionem
3549 5048 3672 5089 esse

418 5131 583 5185 πλεω.
628 5133 829 5201 ’Ἄμφω
863 5147 932 5198 με
958 5129 1132 5182 τούτω
1162 5126 1238 5180 τὼ
1277 5129 1407 5197 γένη
1442 5128 1884 5199 διαϐεϐλήκατον,
1920 5131 1992 5195 ὡς

2104 5128 2240 5190 rati,
2288 5126 2333 5181 si
2362 5127 2684 5195 quisquam,
2719 5123 2811 5195 qui
2846 5123 3203 5193 philosophus
3238 5138 3360 5177 esse
3392 5122 3667 5184 videatur,

420 5225 510 5277 ἐπὶ
536 5228 646 5287 τοῖς
674 5223 883 5286 οὐδενδς
918 5222 1083 5286 ἀξίοις
1114 5220 1481 5273 ἐσπουδακότα
1502 5237 1514 5250 ·
1564 5220 1625 5272 τὸ
1659 5221 1778 5290 μὲν,
1806 5222 1888 5274 ὅτι
1918 5223 1991 5293 μὴ

2101 5217 2391 5290 eloquendi
2425 5218 2495 5272 sit
2525 5231 2632 5271 non
2654 5216 2900 5286 ignarus.
2937 5213 3015 5269 Ita
3041 5214 3185 5270 enim
3223 5217 3327 5269 sub
3359 5229 3418 5269 ea
3445 5214 3670 5268 simula—

1654 5354 1832 5411 DION.
1877 5359 2151 5417 ΡΕΤΑἮΙ
2208 5357 2437 5414 NOTAE.

493 5494 600 5563 (9|)
636 5498 945 5566 A‘ccusatus
977 5497 1043 5548 ab
1077 5495 1348 5566 imperitis
1366 5503 1419 5551 et
1446 5495 1644 5565 ineptis
1673 5497 1988 5556 hominibus
2098 5502 2170 5553 De
2194 5501 2295 5553 rita
2329 5515 2425 5551 sua
2475 5497 2795 5563 inscriptum
2834 5494 3057 5566 librum
3094 5492 3260 5566 edidit
3300 5510 3311 5545 :
3363 5506 3667 5566 quem__una

420 5559 596 5639 fuerat
649 5562 935 5635 Syuesius,
989 5559 1249 5629 quml'in
1313 5559 1597 5622 tractanda
1646 5568 1988 5639 philosophia

2095 5588 2216 5623 cum
2245 5571 2434 5630 altero,
2470 5567 2553 5639 De,
2591 5559 2890 5626 insomniis,
2935 5570 2987 5618 et
3024 5561 3092 5614 De
3115 5564 3250 5616 dono
3287 5559 3564 5615 astrolabii
3598 5561 3664 5613 ad

418 5633 721 5709 (nationem
759 5650 911 5709 suam
944 5643 1229 5709 venustate
1270 5633 1752 5709 sermottistatque
1771 5633 1990 5707 (τιθέτω-
2100 5641 2383 5709 Hypatium
2418 5638 2602 5689 mittit.

421 5704 504 5755 tiae
536 5703 716 5771 lepore
752 5706 997 5757 cuuilircl
1040 5722 1049 5756 :
1087 5706 1349 5761 adversus
1380 5724 1515 5777 quos
1550 5707 1625 5762 De
1664 5700 1988 5773 Dionefscu
2153 5700 2163 5714 ’
