3986 6158
299 236 421 290 1361
1730 240 1873 298 HO.“

1964 241 2066 297 ιᾸΞ.
3409 238 3538 294 15.62

317 377 2622 411 Μ

1157 536 1784 666 SYNESII
1865 520 2640 666 HOMILUE.

841 884 1082 937 ouum
1117 886 1174 937 A‘
1212 887 1300 956 (ο).
1894 895 1935 951 Α
2558 881 2847 938 HOMILIA
2891 879 2931 934 I.

360 973 495 1045 (95‘)
515 974 591 1027 Οὐ
621 973 858 1044 Θήσομαι
883 974 980 1042 τήν
1011 977 1318 1049 πανήγυριν
1339 978 1572 1048 ἄφωνον,
1595 977 1729 1033 ἀλλὰ
1750 978 1870 1032 οὐδὲ

2041 978 2228 1053 295.
2260 978 2314 1033 lu
2344 977 2448 1034 hac
2471 992 2574 1049 ego
2595 975 2821 1046 publica
2852 971 3176 1029 celebritate
3210 969 3256 1026 si
3288 983 3394 1023 non
3417 966 3544 1021 nul-

291 1065 470 1134 μέντοι
504 1064 819 1134 πολύφωνον
839 1104 854 1129 ,
891 1068 958 1136 τῇ
993 1066 1091 1137 μὲν
1111 1071 1261 1139 φωνῇ
1292 1068 1466 1139 τιμῶν
1490 1070 1582 1122 τὸν
1609 1069 1762 1123 Θεόν·
1792 1071 1865 1140 τῷ

1971 1071 2076 1134 los,
2107 1081 2161 1124 at
2193 1085 2399 1140 paucos
2429 1084 2564 1124 sane
2592 1080 2878 1123 sermones
2907 1062 3107 1118 faciam
3129 1101 3145 1126 ,
3178 1067 3235 1118 et
3267 1075 3401 1116 voce
3424 1059 3545 1130 qui-

285 1157 341 1209 δὲ
372 1156 506 1226 ταχὺ
543 1157 961 1228 πεπαῦσθαι,τῇ
982 1158 1284 1230 πανηγύρει
1316 1160 1687 1231 χαριζόμενος.
1730 1160 1859 1215 Ἀλλ

1974 1163 2093 1217 dem
2122 1164 2239 1233 ipsa
2260 1163 2515 1218 divinum
2546 1176 2750 1215 numen
2775 1157 3114 1214 venerabor:
3139 1152 3548 1225 quamprimum

286 1248 431 1311 ὅπως
474 1247 574 1320 ἔσῃ
609 1248 1019 1320 πανηγυριστὴς
1058 1249 1207 1314 ἄξιος
1254 1251 1348 1304 τοῦ
1392 1251 1548 1317 Θεοῦ,
1588 1253 1663 1323 μὴ
1717 1253 1860 1309 πόθει

1974 1264 2152 1309 autem
2178 1268 2489 1309 sermonem
2517 1250 2850 1313 desiuendo,
2889 1246 3198 1304 celebritati
3235 1242 3548 1299 consulam.

287 1338 585 1409 τράπεζαν,
613 1339 721 1392 ἀπὸ
745 1340 843 1410 τῆς
871 1341 1135 1411 νηστίμου
1154 1340 1253 1413 τὴν
1275 1342 1528 1414 μέθυσον.
1565 1344 1766 1413 suum
1791 1344 1861 1415 τῷ

1972 1345 2079 1400 Sed
2106 1346 2182 1400 uti
2212 1344 2326 1400 Deo
2353 1344 2581 1415 dignum
2607 1350 2662 1399 te
2687 1341 3086 1398 ceiebratorem
3113 1336 3380 1408 praebeas,
3413 1348 3487 1389 ne
3514 1348 3546 1389 ε

291 1428 411 1499 Θεῷ
440 1432 692 1501 κρατῆρα
722 1432 985 1501 νήφοντος
1012 1433 1310 1504 κράματος.
1352 1435 1411 1489 '0
1439 1435 1570 1501 Θεὸς
1599 1437 1755 1508 ήμῶν
1784 1454 1865 1491 σο-

1973 1437 2149 1493 sobria
2175 1435 2370 1507 jejunii
2404 1450 2597 1491 mensa
2644 1432 2714 1490 ad
2742 1432 2951 1490 ebriam
2986 1437 3044 1487 et
3064 1429 3404 1485 viuolentam
3438 1433 3547 1481 tete

291 1518 386 1586 φία
413 1521 506 1573 καὶ
532 1520 686 1588 λόγος
712 1521 848 1576 ἐστί.
878 1523 1108 1595 Κρατὴρ
1133 1526 1161 1578 6
1185 1527 1503 1597 παρακινῶν
1530 1526 1591 1580 τὸ
1614 1528 1864 1598 φρονοῦν,

1975 1526 2243 1583 conferas:
2274 1527 2406 1597 quin
2442 1526 2628 1596 potius
2652 1531 2922 1579 craterem
2958 1521 3143 1578 sobria
3171 1520 3403 1575 mistura
3435 1516 3549 1587 ple-

287 1611 315 1661 6
339 1611 621 1680 ταράττων
642 1612 702 1664 τὸ
730 1612 1095 1684 λογιζόμενον,
1122 1614 1275 1669 οὐδὲν
1304 1618 1573 1688 προσήκει
1597 1618 1674 1689 τῷ
1702 1618 1861 1691 λόγῳ.

1972 1634 2103 1673 num
2132 1618 2242 1675 Deo
2272 1616 2575 1673 immortali
2606 1614 2835 1672 oderas.
2878 1614 3024 1668 Deus
3054 1622 3243 1668 noster
3275 1608 3546 1680 sapientia

291 1704 477 1755 Ἔστιν
500 1703 683 1765 ἄνεσις
712 1706 992 1777 πρέπουσα
1018 1707 1138 1777 Θεῷ
1160 1724 1173 1736 ·
1218 1710 1312 1762 καὶ
1344 1708 1492 1764 ἔστιν
1522 1710 1704 1774 ἄνεσις
1734 1711 1865 1781 πρέ-

1974 1719 2020 1766 et
2052 1711 2281 1767 verbum
2306 1716 2428 1777 est;
2461 1708 2720 1779 poculum
2742 1720 2895 1771 vero,
2922 1703 3068 1776 quod
3090 1709 3328 1759 mentem
3344 1716 3376 1757 e
3402 1708 3548 1757 statu

289 1811 468 1849 πουσα
499 1795 766 1867 δαίμοσιν.
814 1798 1203 1865 Ἀγυλλιὰσθε
1237 1799 1318 1865 τῷ
1349 1803 1542 1873 Κυρίῳ
1576 1803 1647 1856 ἐν
1683 1804 1861 1872 φόϐῳ.

1977 1815 2069 1857 suo
2089 1800 2352 1859 dimovet.
2373 1797 2519 1868 qtmd
2539 1796 2706 1852 animi
2736 1795 3005 1851 rationem
3038 1791 3307 1865 percellit,
3331 1804 3360 1843 a
3383 1789 3551 1847 verbo

289 1888 456 1940 Ὅταν
503 1888 702 1958 εύωχῇ,
743 1889 896 1960 φησὶ,
928 1890 1172 1960 μέμνησο
1203 1892 1297 1945 τοῦ
1335 1892 1495 1951 Θεοῦ.
1523 1894 1654 1947 Τότε
1702 1895 1810 1966 γὰρ
1838 1897 1863 1949 6

1975 1893 2201 1947 alienum
2223 1901 2329 1948 est.
2350 1890 2446 1946 Est
2464 1890 2608 1945 enim
2629 1897 2686 1943 ut
2706 1887 2813 1943 Deo
2826 1887 3160 1942 conveniens
3178 1883 3449 1955 quaedam,
3469 1882 3549 1937 sic

288 1978 454 2042 πολὺς
490 1981 570 2043 εἰς
612 1980 884 2050 ἁμαρτίαν
911 1981 1123 2046 ὄλισοος
1168 1985 1395 2052 γίνεται.
1430 1986 1596 2040 Ὅταν
1628 1987 1862 2059 εὐτροφῇ

1972 1985 2305 2043 daemonibus
2372 1984 2542 2037 altera
2593 1989 2965 2035 consentanea
3022 1977 3189 2031 animi
3252 1974 3546 2031 relaxatio.

289 2067 449 2138 σῶμα
494 2069 619 2140 περὶ
653 2071 948 2140 σάρκωσιν,
986 2072 1316 2145 ἀποστρέφει
1357 2074 1530 2147 ψυχὴν
1578 2078 1703 2146 περὶ
1733 2078 1862 2149 φρό-

1965 2076 2247 2134 Exsullale
2263 2074 2489 2129 Domino
2518 2072 2574 2126 in
2604 2069 2847 2124 timore’.
2881 2067 3019 2122 Dum
3041 2067 3309 2137 epularis,
3344 2065 3539 2135 inquit.

286 2175 458 2228 νησιν.
497 2159 791 2226 Ποτήριον
823 2161 893 2213 ἐν
925 2161 1074 2230 χειρὶ
1115 2164 1359 2228 Kvpiov,
1395 2163 1564 2217 οἴνου
1601 2162 1860 2231 ἀκράτου

1974 2169 2060 2226 Dei
2106 2165 2453 2223 memineris.
2505 2162 2796 2235 Siquidem
2821 2173 2952 2216 tuuc
2978 2159 3072 2231 qui
3104 2175 3134 2215 e
3164 2157 3321 2229 plebe
3355 2168 3460 2224 est,
3494 2156 3548 2212 in

287 2247 512 2316 πλῆρες
552 2249 944 2319 κεράσματος.
991 2252 1098 2307 Καὶ
1143 2252 1383 2306 ἔκλινεν
1411 2253 1479 2306 ἐκ
1524 2255 1739 2309 τούτου
1779 2257 1861 2321 εἰς

1975 2268 2256 2334 peccatum
2290 2256 2552 2331 proclivis
2579 2264 2689 2320 est,
2725 2270 2789 2309 ac
2823 2252 3100 2318 lubricus,
3123 2265 3436 2320 corpusque
3466 2250 3549 2317 ip-

284 2338 483 2400 fU‘f'tO,
541 2339 708 2405 πλὴν
757 2343 790 2393 ό
839 2341 1086 2408 spuria;
1123 2340 1309 2394 αὑτοῦ
1355 2342 1465 2395 οὐχ
1511 2340 1858 2408 ἑξεκενώθη.

1977 2368 2089 2410 sum
2125 2352 2254 2407 dum
2293 2365 2360 2406 ex
2388 2348 2695 2404 fecundiori
2735 2344 2996 2400 alimonia
3026 2343 3230 2412 gliscit,
3277 2351 3332 2396 et
3382 2354 3551 2394 carne

298 2428 537 2480 Ἐκεῖνον
583 2428 672 2481 πίε
704 2429 797 2482 τοῦ
848 2429 1130 2501 ποτηρίου,
1183 2430 1278 2482 καὶ
1324 2430 1553 2498 γέγονας
1597 2430 1744 2503 ἄξιος
1772 2431 1865 2484 τοῦ

1976 2447 2236 2516 repletur,
2258 2443 2476 2497 animus
2501 2456 2530 2495 a
2571 2439 2855 2510 sapientia:
2879 2437 3067 2494 studio
3096 2441 3406 2489 revocatur.
3443 2430 3550 2486 Ca-

288 2520 588 2589 συμποσίου
631 2520 725 2574 τοῦ
777 2521 1032 2592 νυμφίου.
1085 2520 1455 2592 Ἀριστοποιόν
1497 2523 1646 2575 ἐστιν
1695 2524 1862 2575 ἐκεῖνο

1974 2539 2048 2591 lix
2069 2538 2124 2590 iu
2147 2551 2307 2588 manu
2340 2533 2554 2587 Domini
2590 2532 2696 2586 vini
2724 2531 2875 2597 meti,
2896 2529 3080 2597 plenus
3099 2526 3356 2590 misto;el
3388 2523 3548 2576 incli-

285 2610 346 2663 τὺ
378 2613 655 2682 ποτήριον,
687 2613 830 2665 οἴνου
873 2612 1100 2684 πλῆρες,
1131 2613 1223 2681 ὅγε
1254 2615 1349 2667 καὶ
1397 2613 1750 2684 μντ,σοευοὲν,
1787 2615 1859 2677 εἰς

1976 2628 2109 2681 navit
2145 2642 2209 2680 ex
2240 2624 2334 2678 hoc
2360 2623 2413 2678 in
2455 2623 2588 2686 hoc;
2617 2630 2975 2675 verumtamen
3015 2619 3121 2688 [rex
3170 2615 3282 2686 ejus
3315 2630 3417 2669 non
3472 2622 3550 2667 est

287 2701 410 2755 νοῦν
436 2705 587 2773 ἡμᾶς
615 2703 754 2767 ἀξιοῖ
784 2703 1165 2773 διεγείρεσθαι,
1203 2705 1311 2757 Καὶ
1342 2704 1406 2777 δὴ
1435 2705 1609 2776 σαφὴς
1643 2705 1861 2761 αὐτόθεν

1978 2715 2244 2770 exinanita
2272 2714 2329 2772 ⁹.,
2368 2711 2443 2766 Ex
2485 2712 2589 2766 hoc
2624 2710 2801 2766 calice
2832 2710 2878 2765 si
2918 2708 3162 2772 biberis,
3216 2704 3445 2777 dignum
3500 2712 3552 2758 te

285 2794 314 2844 6
346 2793 523 2861 λόγος,
554 2794 668 2846 ἀλλ’
695 2795 756 2847 ού
788 2794 983 2848 πολλοῦ
1018 2795 1187 2849 πολλὰ
1215 2797 1385 2849 δεῖται
1420 2796 1513 2849 τοῦ
1546 2795 1657 2849 νοῦ.
1692 2798 1859 2867 Ποτή·

1980 2807 2162 2877 5p0tlsi
2214 2803 2469 2859 convivio
2506 2800 2853 2872 praestiteris.
2904 2798 3068 2853 Utilis
3112 2797 3167 2852 in
3219 2795 3414 2866 primis
3466 2800 3554 2850 est

289 2902 401 2956 ριον
427 2888 485 2938 ὲν
510 2886 636 2956 οἴνῳ
663 2887 885 2956 ἀκράτῳ
916 2887 1119 2959 πλῆρες
1160 2890 1524 2960 κερὰσματος,
1569 2890 1674 2944 Καὶ
1704 2890 1863 2944 ἔκλι-

1977 2899 2115 2953 ealix
2144 2899 2247 2952 iste
2278 2896 2407 2950 vino
2447 2896 2665 2966 plenus,
2689 2894 2782 2965 qui
2815 2892 2946 2947 dum
2972 2890 3269 2962 appetitur,
3305 2889 3551 2943 animum

285 2988 392 3028 νεν
414 2977 480 3030 ἐκ
510 2979 727 3030 τούτου
750 2979 828 3043 είς
864 2978 1058 3031 τοῦτο.
1088 2979 1150 3031 Εἰ
1177 2980 1276 3050 μὲν
1302 2981 1563 3051 ἀκράτου,
1590 2981 1707 3045 πῶς
1734 2982 1859 3054 πλῆ-

1982 2991 2038 3044 Ml
2067 3005 2131 3045 se
2176 2988 2354 3043 redire
2392 2997 2555 3057 atque
2598 2986 2832 3041 excitari
2881 2984 3164 3057 postulat;
3212 2988 3378 3051 atque
3424 2980 3556 3034 hinc

291 3084 381 3136 ρες
426 3069 767 3139 κεράσματος
791 3087 806 3138 ;
830 3066 962 3122 Είδὲ
979 3068 1058 3136 ἓν,
1099 3070 1215 3134 πῶς
1247 3071 1453 3125 ἔκλινεν
1479 3075 1543 3125 ἐκ
1572 3072 1762 3126 τούτου
1789 3075 1865 3136 εἰς

1978 3079 2259 3136 manifesta
2302 3078 2523 3150 quidem
2563 3079 2743 3134 oratio
2772 3084 2877 3133 est.
2932 3075 3041 3130 Sed
3090 3073 3450 3157 multiplicem
3489 3084 3552 3125 ea

286 3158 478 3224 “coit-:0;
515 3161 863 3215 Παντάπασιν
879 3162 1099 3225 ἀτόποις
1120 3161 1259 3215 ἔοικε
1276 3165 1344 3216 τὰ
1362 3163 1629 3235 λεγόμενα
1649 3178 1662 3192 '
1682 3166 1740 3218 οὒ
1763 3165 1860 3237 μὴν

1978 3188 2197 3228 sensum
2237 3186 2347 3227 non
2387 3171 2692 3242 postulant,
2722 3184 2846 3241 quae
2887 3164 3216 3236 multiplicia
3244 3179 3309 3218 ac
3338 3165 3552 3218 diversa

284 3250 431 3320 τάγε
448 3251 728 3322 νοούμενα.
744 3254 909 3307 Οὐδὲν
924 3253 1073 3326 μέλει
1089 3254 1164 3325 τῷ
1177 3255 1295 3323 Θεῷ
1311 3256 1635 3326 θεοφορήτου
1648 3257 1858 3322 λέξεως.

1979 3281 2095 3321 esse
2126 3264 2405 3320 videntur.
2427 3262 2579 3318 Calix
2611 3262 2665 3316 iu
2697 3263 2825 3317 vino
2854 3274 3009 3315 mero
3039 3250 3451 3327 misto'plenus,
3481 3255 3553 3306 Et

289 3339 516 3410 ι’ἰνεῦμα
545 3339 685 3395 Θεϊον
709 3341 954 3414 ὑπερορᾷ
984 3343 1334 3413 μικρολογίαν
1366 3347 1766 3417 συγγραφικήν.
1796 3347 1863 3398 Σὺ

1978 3357 2248 3412 inclinarit
2280 3371 2345 3410 ea:
2375 3354 2473 3409 hoc
2499 3354 2552 3408 in
2593 3353 2710 3407 hoc.
2746 3350 2803 3406 Si
2844 3364 2997 3406 mero
3021 3348 3236 3419 plenus,
3274 3341 3552 3417 quomodo

284 3434 343 3486 δὲ
382 3431 563 3502 βούλει
592 3431 687 3505 τὴν
717 3434 776 3486 ἐν
806 3437 870 3505 τῇ
901 3434 1166 3505 διαφωνία
1192 3435 1507 3504 συμφωνίαν
1538 3435 1858 3503 θεάσασθαις

1978 3449 2139 3502 misto
2176 3462 2298 3501 esse
2334 3444 2549 3514 potest?
2600 3452 2694 3496 aut
2738 3442 2786 3497 si
2838 3454 2981 3495 unus
3013 3446 3097 3493 est
3122 3478 3137 3503 ,
3172 3433 3447 3506 quomodo
3483 3448 3552 3487 ex

287 3526 418 3598 περὶ
439 3526 588 3579 ποίου
619 3525 899 3598 ποτηρίου,
926 3527 1120 3596 φησίν;
1152 3528 1248 3580 “Ov
1277 3529 1389 3589 τοῖς
1414 3525 1721 3597 ἀνθρώποις
1751 3528 1861 3581 θεό-

1978 3541 2078 3595 hoc
2120 3543 2174 3594 in
2227 3540 2330 3594 hoc
2374 3535 2712 3590 inclinatur?
2762 3531 2999 3587 Omnino
3025 3530 3262 3584 absurda
3300 3527 3552 3579 videntur

286 3595 379 3670 ϐεν
411 3595 751 3686 προποθέντα
766 3595 945 3686 λόγον
976 3618 1183 3688 ἔχομεν
1203 3618 1353 3689 παρὰ
1378 3617 1469 3671 τοῦ
1492 3595 1648 3683 Θεοῦ,
1672 3621 1728 3671 ὲν
1754 3620 1860 3672 Πα-

1976 3648 2098 3687 esse
2128 3646 2252 3701 qua:
2281 3628 2564 3692 dicuntur,
2592 3634 2646 3680 at
2676 3641 2787 3680 non
2822 3640 2884 3679 ea
2917 3639 3037 3693 quae
3084 3622 3187 3677 sub
3237 3621 3304 3675 iis
3347 3618 3550 3673 intelli-

285 3709 415 3779 λαιᾷ
456 3707 700 3780 Διαθήκῃ
733 3709 827 3762 καὶ
855 3708 990 3779 Νέᾳ.
1024 3707 1211 3779 Τούτῳ
1256 3708 1365 3779 γὰρ
1412 3707 1693 3779 ἀρδεύεται
1720 3707 1859 3779 ψυχὴ

1977 3734 2195 3796 guntur.
2242 3719 2403 3775 Nulla
2450 3719 2560 3774 Deo
2602 3731 2734 3772 cura
2782 3716 2952 3771 divini
2997 3730 3061 3769 ac
3110 3712 3339 3768 numine
3384 3708 3551 3765 aiilati

283 3801 365 3870 τῷ
395 3799 562 3870 ποτῷ.
597 3802 721 3854 Ὀτι
757 3801 855 3871 μὲν
897 3800 1050 3869 λόγος
1078 3799 1243 3863 ἐστὶν,
1280 3799 1516 3871 ἄκρατός
1563 3801 1708 3856 ἐστιν
1739 3801 1857 3854 ἑκά·

1977 3813 2245 3870 sermonis
2294 3818 2418 3874 est,
2465 3808 2796 3877 anxiamque
2827 3807 2880 3860 in
2932 3804 3166 3859 minutis
3201 3802 3372 3857 rebus
3412 3799 3551 3855 scri-

282 3910 463 3964 τερος.
504 3895 772 3965 Κιρνᾶται
811 3894 916 3965 γὰρ
963 3895 1058 3947 καὶ
1098 3892 1272 3953 διττὸς
1302 3891 1397 3946 ὢν.
1436 3892 1533 3945 Ἓν
1566 3891 1675 3963 γὰρ
1706 3892 1766 3945 τὸ
1807 3892 1856 3959 ἐξ

1978 3916 2192 3977 ptr-rum
2233 3901 2572 3973 diligentiam
2606 3905 2956 3968 aspernatur.
3010 3894 3093 3949 Tu
3126 3908 3291 3964 porro
3330 3891 3411 3945 vis
3440 3892 3552 3944 dis-

282 3986 491 4055 ἀμφοῖν
542 3986 950 4056 συνιστάμενον,
1002 3985 1279 4048 τελείωσις
1323 3983 1599 4053 γνώσεως.⁴
1651 3985 1714 4038 Ἦ
1764 3985 1856 4055 μὲν

1977 3997 2176 4052 cordia:
2201 3994 2364 4066 hujus
2398 3992 2755 4047 concordiam
2789 3986 3189 4060 contemplari?
3220 3986 3287 4040 de
3310 3997 3551 4056 quonam

286 4077 499 4131 Παλαιὰ
522 4078 618 4149 τὴν
645 4079 937 4149 ὑπόσχεσιν
966 4078 1142 4148 ἔσχεν·
1173 4079 1206 4148 ή
1231 4077 1286 4131 δὲ
1310 4078 1427 4132 Νὲα
1453 4077 1543 4130 τὸν
1570 4078 1860 4132 ἀπόστολον

1976 4089 2136 4144 :alice
2162 4087 2444 4158 loquitur?
2469 4088 2534 4141 ile
2550 4099 2616 4140 eo
2640 4083 2854 4141 scilicet
2882 4082 3070 4147 verbo,
3098 4079 3244 4151 quod
3279 4078 3334 4132 iu
3366 4074 3550 4130 Veteri

285 4168 547 4242 ἐξήνεγκε
572 4187 585 4200 ·
607 4170 667 4223 τὸ
688 4172 766 4236 δὲ,
797 4172 1074 4224 Ἕκλινεν
1094 4170 1162 4223 ἐκ
1190 4169 1405 4223 τούτου
1433 4171 1521 4235 είς
1544 4171 1739 4233 τοῦτο,
1768 4171 1859 4242 τὴν

1978 4198 2027 4237 te
2052 4180 2202 4237 Novo
2221 4178 2579 4236 Testamento
2596 4178 2819 4233 coalitus
2845 4192 2874 4229 a
2902 4175 3013 4229 Deo
3032 4171 3346 4228 hominibus
3372 4167 3552 4239 propi-

283 4262 536 4335 διαδοχὴν
564 4261 672 4315 τῶν
715 4263 1051 4317 διδασκάλων
1089 4263 1404 4326 αἰνίττεται,
1434 4260 1527 4315 τοῦ
1565 4262 1730 4332 νόμου
1771 4262 1857 4316 τοῦ

1974 4282 2150 4327 natum
2175 4273 2472 4340 habemus;
2506 4272 2609 4325 hoc
2626 4269 2773 4325 enim
2797 4278 2926 4340 potu
2951 4267 3167 4320 animus
3202 4269 3392 4318 noster
3421 4257 3548 4312 irri-

287 4355 588 4409 Μωσαϊκοῦ
626 4356 722 4409 καὶ
752 4355 848 4409 τοῦ
881 4353 1194 4426 Κυριακοῦο
1245 4354 1340 4408 καὶ
1373 4353 1433 4406 τὸ
1479 4357 1737 4426 ποτήριον
1783 4354 1861 4409 ἓν.

1971 4373 2142 4436 gatur.
2166 4365 2235 4418 At
2256 4379 2379 4417 cum
2406 4374 2704 4430 utrumque
2737 4361 2965 4416 verbum
2993 4359 3086 4422 sit,
3118 4354 3284 4427 296
3311 4364 3545 4409 merum.

290 4451 388 4502 Ἕν
417 4449 526 4518 γὰρ
550 4448 776 4502 ἔπνευσε
807 4449 1051 4519 Πνεῦμα,
1096 4449 1189 4501 καὶ
1227 4448 1306 4511 εἰς
1334 4448 1637 4519 προφήτην,
1666 4446 1756 4500 καὶ
1785 4448 1864 4510 είς

1972 4452 2095 4506 ideo
2116 4457 2200 4506 est
2228 4459 2545 4520 utrumque.
2586 4448 2849 4504 Miscetur
2885 4462 3018 4500 vero
3056 4459 3181 4497 cum
3205 4441 3405 4510 duplex
3439 4438 3545 4492 sit:

287 4540 606 4594 ἀπόστολον.
640 4540 749 4593 Καὶ
782 4539 923 4592 κατὰ
953 4541 1077 4604 τοὺς
1103 4539 1343 4608 ἀγαθοὺς
1382 4537 1723 4609 ζωγράφους,
1757 4538 1861 4591 πά-

1975 4555 2142 4592 unutn
2178 4539 2326 4594 enim
2348 4546 2454 4601 est,
2488 4536 2720 4606 quodex
2753 4533 3024 4589 ambobus
3052 4530 3336 4593 coalescit,
3370 4527 3549 4582 scien-

285 4633 376 4684 λαι
424 4632 522 4702 μὲν
564 4632 1006 4704 ἐσκιαγράφησεν
1030 4672 1044 4693 ,
1081 4631 1273 4685 ἔπειτα
1318 4630 1499 4700 μέντοι
1538 4630 1859 4701 διηκρίϐωσε

1977 4631 2063 4687 liae
2113 4631 2323 4685 scilicet
2372 4627 2819 4699 cognitionisque
2876 4622 3161 4696 perfectio.
3207 4618 3377 4674 Vetus
3428 4615 3551 4686 qui-

284 4720 358 4773 τὰ
387 4720 520 4793 μέλη
547 4722 645 4792 τῆς
676 4720 950 4791 γνώσεως
987 4723 1162 4791 Πλὴν
1193 4725 1226 4776 ὀ
1258 4722 1495 4792 τρυγίας
1534 4720 1719 4775 αὐτοῦ
1755 4723 1858 4775 οὐκ

1973 4722 2096 4777 dem
2130 4720 2555 4791 promissionem
2596 4718 2790 4773 habuit
2819 4732 2833 4768 :
2868 4730 3043 4771 novus
3081 4726 3214 4767 vero
3247 4725 3367 4766 etnn
3397 4706 3490 4776 qui
3519 4721 3546 4758 a

284 4812 640 4880 ἐξεκενώθη.
1903 4805 1944 4859 Ι)
1975 4812 2084 4871 De.)
2132 4815 2335 4869 missus
2376 4821 2481 4876 est,
2519 4811 2689 4867 dedit.
2740 4808 2856 4865 Hoc
2903 4814 3108 4870 autem,
3152 4802 3214 4856 Et
3275 4798 3546 4855 inclinarit

282 4924 351 4963 ea:
387 4907 483 4962 hoc
534 4910 588 4963 in
628 4909 747 4973 hoc,
779 4909 1168 4980 magistrorum
1220 4909 1630 4963 successionem
1704 4908 2002 4979 signiﬁcat,
2072 4908 2328 4965 Mosaicae
2407 4907 2692 4970 nimirum,
2737 4920 2801 4959 ac
2839 4900 3140 4956 Dominicze
3192 4898 3348 4967 legis.
3394 4892 3547 4948 Calix

284 5004 454 5056 Porro
490 5017 634 5056 unus
663 5009 750 5057 est
784 5018 796 5052 :
857 5019 1000 5058 unus
1034 5003 1177 5056 enim
1220 5001 1474 5072 idemque
1520 5001 1753 5071 spiritus
1804 5004 2128 5072 prephctam
2156 5043 2169 5063 ,
2221 5013 2385 5071 atque
2415 5017 2563 5061 eum,
2614 5000 2707 5070 qui
2746 5013 2776 5052 a
2818 4996 2929 5051 Deo
2968 4995 3174 5049 missus
3217 4999 3322 5054 est,
3373 4989 3548 5056 inspi-

282 5096 452 5149 ravit.
498 5095 563 5149 Et
606 5095 749 5165 quod
779 5095 907 5149 boni
944 5095 1178 5164 pictores
1208 5092 1437 5159 iaciunt,
1467 5093 1599 5147 olim
1639 5090 1862 5162 quidem
1903 5093 2229 5147 adumbrata
2260 5092 2590 5159 delineavit;
2641 5098 2832 5161 postea
2881 5102 3011 5142 vero
3049 5083 3296 5155 singulas
3358 5077 3549 5149 cogni-

284 5187 455 5242 tionis
482 5195 670 5257 parles
695 5188 1029 5242 elaboravit:
1064 5186 1428 5240 Verumtamen
1462 5185 1570 5253 [rex
1604 5185 1720 5254 ejus
1743 5200 1845 5238 non
1883 5194 1959 5238 est
1993 5185 2292 5239 exinanita.

396 5305 410 5335 ¹
446 5303 590 5359 Psal.
632 5322 691 5371 ιι,
724 5306 808 5359 il.
913 5307 933 5337 ¹
965 5305 1111 5361 Psal.
1167 5320 1346 5371 Lxxw,
1385 5304 1440 5358 9.

1521 5414 1697 5471 DION.
1751 5412 1928 5468 PETA
1942 5412 2028 5467 VII
2078 5412 2306 5468 ΝΟΤᾸΞ.

358 5515 495 5575 (35°)
523 5513 577 5567 ln
614 5514 714 5566 hac
745 5514 966 5584 humilia
998 5514 1236 5568 ostendit
1269 5513 1531 5584 Synesius
1574 5512 1689 5570 dies
1734 5511 1902 5568 festos
1937 5508 2021 5578 pic.
2061 5521 2111 5564 ct
2155 5511 2339 5563 sobrie
2373 5507 2751 5572 celebt'nnvlos,
2797 5516 2959 5577 atque
2994 5524 3157 5564 unum
3193 5508 3546 5581 cnnuleutqu:

283 5600 410 5638 esse
431 5586 684 5654 spiritum
722 5583 851 5635 Novi
880 5602 941 5637 ac
981 5584 1190 5638 Veteris
1231 5583 1589 5638 'l'eslauutnti.

362 5723 423 5783 (⁸)
472 5725 704 5783 Dionysio
729 5722 932 5771 Pctavio
964 5721 1259 5783 interprete.
