3986 6158
496 222 632 279 1507

1576 226 1850 285 δγδεειι
1889 226 2352 286 PTOLEMAIDIS
2390 224 2698 287 EPISCOPI

3617 224 3762 281 13:68

496 348 647 401 sunt.
670 338 805 394 citra
842 339 1008 394 ullam
1033 340 1537 412 tergiversationem
1570 349 1741 417 parati
1779 347 1843 402 ad
1872 356 2071 402 nulum

2199 365 2333 419 εεται
2355 365 2368 379 ·
2420 346 2647 419 ἱδδομον
2675 345 2774 418 μὲν
2806 344 2924 407 ἔτος
2951 343 3054 415 ήδη
3085 340 3453 415 προτεραίξασα
3496 340 3759 411 πονηρῶς

498 430 848 502 imperatoris
882 426 1172 488 fuerimus.
1204 432 1310 489 Sed
1342 434 1612 493 hactenus
1640 436 2070 510 Pentapolitana:

2199 437 2287 491 Μ’
2329 437 2521 509 ὥσπερ
2563 434 2700 502 ζῶον
2746 432 3149 495 δυσθανατοῦν,
3198 431 3431 502 ἀνέφερε
3481 431 3579 483 καὶ
3635 446 3762 482 συν-

497 539 591 578 res
622 523 738 577 heri
780 535 846 576 ac
869 521 1274 581 nudiustertius
1306 526 1362 581 in
1390 525 1765 585 Romanorum
1798 539 2071 601 potestate

2199 528 2390 602 ιθροινζε
2443 526 2540 581 τού
2607 527 2914 600 πνεύματος
2974 527 3039 580 τὸ
3104 524 3447 594 λειπόμενον.
3496 519 3765 591 Εὔφημος

499 622 844 679 manserunt,
877 615 971 684 qui
1014 614 1298 687 deinceps,
1328 621 1532 677 amissa
1565 637 1630 677 ea
1675 631 1858 694 gente,
1892 624 1948 678 in
1982 639 2070 680 re-

499 704 795 760 censendis
856 704 1198 775 praefecturis
1272 710 1391 765 suis
1448 711 1598 767 illam
1665 717 2068 784 prmterierunt.

500 796 737 852 Prorsus
781 812 928 852 nunc
961 797 1030 852 de
1075 796 1358 871 Pentapoli
1399 808 1583 856 actum
1635 810 1756 873 est;
1805 804 2075 873 funditus,

499 889 748 959 inquam,
774 888 866 943 illa
888 889 1131 944 concidit
1164 909 1177 944 :
1209 906 1331 960 quae
1359 893 1527 948 variis
1560 895 1782 964 quidem
1810 898 2077 955 erumnis

502 996 706 1035 annum
746 981 860 1052 jam
908 990 1033 1037 ante
1081 982 1380 1053 septimum
1437 983 1744 1041 conﬂictari
1791 998 2074 1058 cmperat:

502 1069 596 1127 sed
624 1070 1085 1137 quemadmodum
1110 1072 1311 1126 animal
1335 1074 1608 1143 quoddam
1636 1091 1779 1147 aegre
1805 1079 2079 1144 moriens,

504 1164 588 1218 sic
621 1162 714 1217 illa
748 1163 979 1232 spiritus
1028 1164 1112 1219 sui
1155 1165 1417 1234 reliquias
1448 1169 1679 1238 cogebat
1727 1178 1895 1239 atque
1943 1185 2081 1224 con-

504 1252 778 1307 trahebat.
820 1251 969 1307 Felix
1005 1253 1079 1308 sit
1109 1252 1303 1325 Anysii
1341 1256 1625 1310 memoria.
1648 1256 1890 1328 3001s
1932 1258 2082 1313 enim

506 1358 710 1398 annum
740 1343 808 1397 ad
855 1343 1003 1399 illius
1042 1351 1259 1414 tempus
1299 1344 1525 1415 adjecit.
1556 1362 1682 1401 cum
1716 1348 1925 1418 clypeis
1955 1348 2083 1418 qui-

506 1438 627 1491 dem
685 1435 955 1497 omnium,
1009 1434 1454 1507 Unnigardarum
1495 1453 1626 1493 vero
1671 1439 1928 1496 manibus
1984 1454 2087 1509 op-

507 1534 742 1596 portune
781 1534 1047 1581 uteretur.
1083 1526 1276 1596 Itaque
1303 1528 1556 1584 nonnihil
1581 1529 1751 1584 dilata
1795 1530 2085 1585 calamitas

507 1630 612 1675 est.
642 1618 834 1690 Neque
861 1619 1010 1674 enim
1051 1618 1321 1675 confertis
1349 1622 1528 1691 copiis
1571 1624 1853 1691 regionem
1892 1638 2089 1693 perra-

510 1711 621 1782 gati
647 1720 797 1766 sunt.
824 1710 907 1764 Ad
942 1710 1232 1765 latrocinia
1266 1727 1391 1768 sese
1420 1723 1833 1777 converterunt,
1870 1715 2085 1786 fugicn-
2119 1696 2161 1751 Β

510 1811 594 1857 tes
647 1799 987 1865 identidem,
1042 1809 1208 1872 atque
1265 1802 1650 1873 irrumpentes.
1723 1803 2086 1876 Posteaquam

511 1907 657 1948 vero
690 1901 775 1945 ter
809 1891 1080 1946 instructa
1122 1891 1241 1946 acie
1290 1892 1524 1961 prmliati
1571 1894 1867 1949 consilium
1910 1903 2090 1949 mnta-

511 1992 663 2045 runt,
716 1996 867 2037 nunc
920 1974 1147 2053 campos
1198 1982 1359 2053 longe
1416 1983 1632 2054 lateque
1676 1999 1869 2041 omnes
1917 2001 2088 2056 eques

510 2076 748 2138 obtinet,
783 2088 931 2128 nunc
961 2074 1106 2127 intra
1138 2075 1341 2130 mmnia
1369 2076 1617 2130 conclusi
1661 2077 1862 2134 milites
1896 2084 2089 2133 tenen-

513 2174 626 2226 tur,
658 2164 749 2217 alii
783 2165 893 2218 alio
920 2163 1195 2234 dissipati,
1234 2164 1380 2234 quod
1424 2166 1670 2222 Cerealis
1696 2175 1942 2237 tempore
1974 2184 2090 2223 ma-

515 2257 628 2311 lum
659 2256 895 2323 accidit;
927 2271 1028 2310 nec
1066 2256 1230 2311 utiles
1272 2257 1376 2312 sibi
1408 2272 1533 2314 esse
1565 2260 1801 2316 invicem
1833 2270 2087 2331 possunt,

515 2348 662 2417 quod
694 2364 806 2403 non
850 2347 1066 2403 collecti
1114 2349 1168 2402 in
1203 2364 1370 2402 unum
1400 2365 1464 2406 ac
1508 2353 1686 2408 coacti
1724 2352 1855 2408 sint.
1889 2351 2093 2419 Quam-

516 2444 706 2495 obrem
753 2440 998 2497 hostium
1046 2456 1135 2496 res
1177 2442 1468 2496 luculente
1507 2457 1571 2497 ac
1615 2457 1895 2515 prosperas
1938 2451 2087 2499 sunt.

517 2531 624 2598 Qul
672 2534 820 2588 enim
869 2536 1156 2607 superiore
1207 2551 1352 2590 anno
1402 2535 1599 2590 velites
1652 2544 1852 2601 erant,
1907 2543 1961 2591 et
2022 2535 2092 2591 ad

519 2623 703 2695 fugam
732 2627 997 2697 expediti,
1044 2644 1193 2683 nunc
1235 2637 1644 2699 oppugnatores
1670 2627 1888 2682 urbium
1937 2636 2089 2683 sunt.

518 2712 677 2770 Nunc
706 2725 1065 2789 posteaquam
1100 2733 1367 2789 pagorum
1399 2733 1588 2772 muros
1619 2726 1960 2784 everterunt,
1995 2733 2094 2788 op-

520 2806 647 2875 pida
694 2807 815 2877 ipsa
851 2808 1004 2878 justo
1041 2811 1287 2866 exercitu
1338 2809 1707 2865 circumdant.
1755 2808 1896 2876 Quid
1945 2810 2091 2864 enim

520 2909 630 2950 non
670 2898 779 2952 illis
822 2900 1128 2955 successit?
1174 2901 1468 2956 Ausuriani
1518 2899 1795 2955 Thracum
1845 2901 2092 2972 equitum

2185 621 2431 676 ’Δνυσίου
2462 621 2654 693 μνήμη
2706 618 2939 688 ἐνιαυτῷ
2981 616 3072 671 τὸν
3127 615 3319 687 χρόνον
3368 612 3541 683 αὐτῆς
3591 610 3765 664 πλείω

2175 712 2464 783 πεποίηκε,
2501 712 2623 775 ταῖς
2654 710 2750 781 μὲν
2781 710 3036 763 ἁπάντων
3082 705 3297 768 ἀσπίσι,
3338 704 3460 766 ταῖς
3501 701 3561 755 δὲ
3600 701 3765 754 Ούνι-

2175 802 2392 873 γαρδῶν
2442 804 2632 873 χερσὶν
2690 802 2770 864 είς
2818 799 2936 853 δέον
2991 798 3357 870 χρησάμενος.
3420 792 3766 864 Τοιγαροῦν,

2176 892 2411 964 ἀναϐολή
2446 909 2531 955 τις
2573 892 2790 961 ἐγένετο
2820 890 2914 943 τοῦ
2958 888 3149 944 κακοῦ.
3180 888 3255 941 Οὐ
3288 886 3399 957 γὰρ
3425 884 3769 955 ἐξεχύθησαν

2176 986 2285 1055 ὅλῳ
2319 983 2512 1056 πλήθει
2546 984 2689 1037 κατὰ
2715 983 2814 1054 τῆς
2841 981 3023 1054 χώρας
3047 997 3061 1010 ·
3108 981 3187 1042 εἰς
3230 978 3504 1053 λῃστήρια
3538 977 3771 1045 μετετὰ-

2182 1075 2378 1141 ξαντοο
2432 1074 2731 1145 ἀφήλλοντο
2768 1071 2864 1127 καὶ
2914 1069 3295 1142 προσήλλοντο.
3356 1066 3511 1121 Ἐπεὶ
3538 1066 3596 1118 δὲ
3646 1064 3772 1136 τρὶς

2183 1164 2656 1237 παραταξαμένοις
2698 1164 2881 1228 αὐτοῖς
2930 1161 3284 1233 μετεμέλησε,
3328 1158 3426 1213 νῦν
3462 1159 3564 1227 μὲν
3607 1158 3774 1209 ἱππο-

2183 1259 2468 1330 κρατεῐται
2501 1257 2567 1311 τὰ
2607 1256 2784 1319 πεδία,
2813 1254 2909 1307 νῦν
2946 1258 2995 1307 oi
3035 1253 3147 1326 [τσ.
3175 1252 3273 1306 νῦν
3304 1249 3386 1322 δὲ]
3434 1250 3772 1321 στρατιῶται

2182 1352 2458 1421 τειχήρεις
2484 1390 2499 1414 ,
2568 1349 2726 1412 ἄλλος
2790 1347 3056 1417 ἀλλαχόσε
3107 1343 3478 1415 διειλημμένοι
3502 1382 3519 1407 ,
3565 1342 3629 1393 τὸ
3679 1341 3774 1394 ἐπὶ

2187 1440 2487 1512 Κερεαλίου
2527 1439 2696 1492 κακὸν
2739 1438 2877 1509 (99),
2919 1437 3071 1490 οὐδὲν
3100 1435 3351 1505 ἀλλήλοις
3376 1432 3566 1501 ocello;
3592 1432 3770 1494 ὄντες,

2187 1531 2270 1585 ὅτι
2299 1530 2374 1601 μὴ
2406 1528 2829 1599 συνετάχθησαν.
2879 1525 3177 1598 Τοιγαροῦν
3214 1526 3285 1576 τὰ
3337 1524 3445 1577 τῶν
3492 1522 3773 1592 πολεμίων

2189 1622 2422 1694 λαμπρὰ
2441 1622 2492 1675 oi
2524 1621 2753 1691 πέρυσιν
2790 1618 3036 1684 εὔζωνοι,
3074 1618 3166 1671 καὶ
3194 1617 3332 1687 πρδς
3363 1616 3430 1708 ea.
3451 1618 3662 1708 (parate
3683 1616 3777 1667 εύ-

2188 1714 2433 1784 τρεπεῖς,
2479 1712 2574 1766 νῦν
2627 1711 3006 1783 πολιορκηταὶ,
3043 1709 3139 1763 νῦν
3182 1710 3253 1761 τὰ
3297 1704 3592 1779 κωμητικὰ
3642 1704 3774 1776 [γρ.

2190 1802 2436 1875 κωμικὰ]
2464 1803 2618 1873 τείχη
2655 1800 2998 1864 καθελόντες,
3032 1798 3230 1852 πλατεῖ
3260 1795 3636 1867 στρατεύματι
3678 1795 3779 1856 τὰς

2188 1898 2373 1961 πόλεις
2424 1896 2940 1968 περιστοιχίζονται.
2998 1894 3062 1946 Τί
3109 1894 3216 1963 γὰρ
3265 1892 3326 1944 ού
3377 1888 3780 1961 προύχώρησεν

2191 1992 2414 2055 αὐτοῖς
2464 1986 2822 2059 Αύσουριανοὶ
2863 1987 2989 2050 τοὺς
3025 1984 3135 2039 τῶν
3166 1982 3402 2055 Θρακῶν
3424 1982 3534 2035 τῶν
3563 1981 3783 2033 ἱππέων

2192 2083 2507 2138 ἐνεδύσαντο
2537 2081 2813 2154 θώρακας,
2853 2082 2915 2135 ού
2947 2080 3092 2135 κατὰ
3132 2080 3343 2153 χρείαν,
3379 2078 3497 2133 ἀλλ’
3538 2079 3783 2146 ἐπεγγε-

2189 2175 2388 2237 λῶντες
2412 2172 2489 2243 τῷ
2524 2174 2801 2244 σχήματι*
2836 2175 2957 2236 ταῖς
2984 2171 3372 2242 Μαρκομανῶν
3398 2170 3651 2232 ἀσπίσιν,
3687 2170 3783 2220 ἐπὶ

2191 2267 2401 2331 τούτοις
2434 2267 2737 2335 ἐχρήσαντο
2762 2280 2777 2294 ο
2818 2266 2898 2327 εις
2928 2261 3264 2335 γυμνητικὸν
3297 2260 3513 2315 ἐτέλεσε
3536 2259 3601 2314 τὸ
3643 2260 3781 2311 Ῥωο

2194 2357 2368 2429 μαίων
2399 2353 2699 2419 ὁπλιτικὸν,
2735 2354 2949 2427 ἐχθρῶν
2980 2354 3115 2425 ἐλέῳ
3147 2354 3249 2424 τὴν
3296 2353 3572 2423 σωτηρίαν
3616 2352 3785 2420 εὑρά-

2196 2466 2368 2520 μενοι.
2406 2447 2639 2517 Δακρύω
2680 2447 2809 2510 τοὺς
2854 2445 3077 2517 ἄνδρας,
3104 2445 3204 2499 οὐκ
3238 2444 3484 2508 ὀνειδίζω
3510 2445 3611 2513 τήν
3643 2459 3784 2512 συμ-

2192 2542 2384 2613 φοράν.
2414 2541 2479 2594 Τί
2508 2540 2615 2612 γὰρ
2650 2539 2716 2594 ἂν
2743 2539 3005 2610 ἐποίησαν
3035 2539 3113 2602 είς
3146 2536 3520 2591 πολυπλάσιον
3549 2536 3784 2605 πλῆθος,

2192 2633 2241 2687 οἱ
2260 2633 2399 2686 κατᾶ
2418 2631 2582 2703 μέρος
2601 2629 2709 2702 [γρ.
2723 2629 2905 2702 μένος]
2927 2631 3110 2692 αὐτοῖς
3125 2628 3341 2700 ἀθρόοις
3358 2628 3784 2698 ἐντυγχάνοντες

2194 2723 2551 2797 ούνιγάρδαι;
2576 2724 2649 2776 Τὸ
2673 2723 2771 2795 μὲν
2801 2723 2892 2777 ἐπὶ
2910 2722 2987 2793 τῷ
3007 2721 3147 2792 Θεῷ,
3178 2721 3274 2775 καὶ⁵
3302 2724 3370 2793 τῇ
3395 2719 3579 2791 ῥώμῃ,
3598 2722 3695 2774 καὶ
3712 2723 3783 2792 τῇ

2194 2815 2302 2868 τῶν
2334 2815 2513 2869 ὅπλων
2542 2813 2814 2887 ἐμπειρία
2848 2812 3128 2878 σώζονται.
3154 2812 3227 2865 Τὸ
3250 2812 3306 2865 δὲ
3332 2812 3426 2865 ἐπὶ
3449 2813 3516 2882 τῇ
3546 2827 3789 2881 στρατη-

2195 2907 2310 2979 γίᾳ,
2343 2907 2395 2960 τί
2438 2905 2503 2959 ἂν
2551 2904 2643 2958 και
2678 2905 2821 2975 μέγα
2876 2904 3044 2957 κακὸν
3091 2903 3221 2967 τοὺς
3263 2901 3555 2971 πολεμίους
3590 2901 3789 2971 είργά-

521 2986 724 3042 loricas
759 2987 1074 3054 induerunt,
1100 3006 1208 3045 non
1239 2992 1385 3062 quod
1417 2992 1484 3047 iis
1511 3006 1653 3064 opus
1682 2991 1966 3057 haberent,
1996 2993 2092 3049 sed

2201 3013 2376 3061 σαντο,
2401 2997 2522 3051 καθ’
2548 2989 2622 3049 ὧν
2650 2996 2710 3049 ού
2738 2995 2867 3068 παρ’
2889 2994 3122 3049 ἑκόντων
3140 2993 3389 3063 ἀφίενται
3412 2992 3521 3046 τῶν
3540 2991 3791 3062 ἀγόντων

522 3084 585 3130 nt
634 3087 889 3133 ornatum
944 3090 1108 3150 atque
1165 3083 1412 3138 habitum
1470 3083 1789 3139 irriderent.
1850 3082 2097 3141 Posthac

2205 3089 2399 3151 αὐτούς
2425 3105 2437 3118 '
2490 3087 2605 3141 ἀλλ’
2643 3087 2826 3140 εἴποτε
2867 3086 3155 3140 σκυλάκων
3182 3086 3339 3155 δίκην
3367 3084 3790 3147 ἁποόιάσαιντο,

524 3169 1001 3241 Marcomanorum
1034 3173 1243 3244 clypeis
1293 3175 1381 3230 usi
1414 3184 1561 3232 sunt.
1592 3175 1674 3230 Ad
1702 3176 1894 3232 velites
1935 3185 2099 3247 atque

523 3263 809 3334 expeditos
842 3262 1217 3321 Romanorum
1255 3266 1397 3339 legio
1428 3268 1651 3324 redacta
1682 3274 1790 3331 est,
1834 3267 1927 3338 qui
1973 3268 2099 3339 qui-

525 3354 649 3408 dem
680 3354 1035 3414 miseratione
1078 3357 1318 3413 hostium
1354 3358 1586 3414 salutem
1618 3359 1899 3414 consecuti
1947 3366 2096 3415 sunt.

528 3445 811 3513 Eiusmodi
865 3449 1117 3505 homines
1144 3449 1395 3521 deploro,
1444 3451 1817 3508 calamitatem
1856 3468 1966 3508 non
2004 3467 2103 3507 ex-

529 3537 754 3605 probro.
788 3538 931 3603 Quid
963 3540 1108 3593 enim
1140 3541 1407 3597 adversus
1443 3542 1617 3597 multo
1648 3543 1884 3610 maiores
1917 3545 2106 3615 copias

532 3632 775 3687 facerent
805 3630 1158 3706 Unnigardaz,
1182 3636 1310 3691 dum
1349 3636 1619 3695 confertis
1654 3639 1760 3709 ipsi
1788 3641 1841 3693 in
1874 3639 2105 3694 lacinias

530 3724 763 3794 dispersi
814 3729 1206 3783 occurrerent?
1246 3728 1436 3800 Itaque
1484 3739 1752 3800 quantum
1795 3732 1849 3785 iu
1892 3731 2005 3787 Deo
2052 3738 2105 3787 et

529 3816 731 3870 virtute
788 3827 952 3887 atque
1008 3834 1284 3874 armorum
1327 3822 1523 3891 peritia
1555 3819 1701 3885 fuit,
1751 3822 1887 3876 salvi
1943 3830 2108 3893 atque

533 3906 837 3963 incolumes
890 3917 1035 3963 sunt.
1070 3908 1345 3976 Quantum
1386 3929 1516 3968 vero
1563 3912 1630 3967 ad
1673 3913 1841 3967 duces
1889 3914 2105 3977 attinet,

532 4013 643 4067 quo
690 3999 909 4055 tandem
958 4001 1166 4072 ingenti
1191 4004 1335 4057 malo
1375 4003 1590 4060 allicere
1624 4006 1812 4061 hostes
1859 4014 2105 4075 pOSsent,

535 4090 589 4143 in
628 4104 768 4160 qttns
794 4090 886 4160 qui
916 4093 1063 4162 ipsos
1108 4091 1338 4156 ducunt,
1371 4109 1479 4149 non
1504 4094 1740 4150 libenter
1768 4109 1863 4149 eos
1908 4094 2110 4149 immit-

538 4189 679 4245 tunt,
720 4181 815 4237 sed
865 4183 911 4238 si
961 4189 1183 4252 quando
1226 4184 1537 4239 catulorum
1582 4186 1757 4240 instar
1801 4185 2106 4255 eruperint,

536 4272 613 4326 iZli
663 4278 883 4328 rursum
935 4275 1088 4344 ipsos
1139 4284 1265 4330 ante
1324 4275 1633 4346 reducunt;
1692 4268 2105 4345 att/revocant,

536 4379 699 4431 quam
731 4379 855 4421 sese
883 4380 1046 4420 cursu
1074 4380 1138 4419 ac
1167 4363 1341 4420 ferina
1367 4367 1515 4423 cazde
1541 4367 1747 4423 satiare
1786 4377 2107 4439 potuerunt.

537 4453 863 4524 Quanquam
893 4465 1131 4510 extremo
1160 4457 1324 4510 etiam
1350 4457 1567 4529 agmine
1599 4466 1748 4515 esset
1770 4475 1909 4530 opus
1938 4458 2113 4515 Unni-

537 4547 745 4617 gardis,
796 4547 1165 4619 ordinatoque
1215 4552 1488 4606 exercitu.
1538 4551 1772 4622 Oportet
1811 4552 1984 4617 enim,
2032 4552 2112 4608 uti

536 4639 771 4706 opinor,
822 4640 1145 4711 phalangis,
1181 4642 1332 4696 velut
1376 4633 1540 4697 validi
1582 4643 1871 4713 cujusdam
1924 4643 2110 4709 ensis,

538 4729 866 4798 vegetiorem
899 4730 1121 4799 quidem
1157 4741 1368 4800 partem
1401 4732 1455 4786 in
1488 4732 1689 4796 fronte,
1713 4733 2020 4804 graviorem
2056 4734 2112 4789 in

541 4819 803 4875 subsidiis
842 4820 1039 4875 locari.
1104 4819 1182 4875 Ita
1225 4822 1371 4877 enim
1431 4822 1598 4878 altius
1633 4824 1790 4896 plaga
1841 4833 2110 4897 penetrat.

540 4909 739 4976 Atque,
779 4916 841 4964 ut
881 4925 993 4964 uno
1017 4911 1185 4965 verbo
1213 4909 1418 4968 dicam.
1451 4912 1748 4967 multitudo
1785 4916 1967 4970 omnis
1991 4916 2115 4971 illo-

542 5014 663 5053 rum
710 5001 935 5069 paucior
977 5009 1062 5057 est
1101 5017 1265 5075 quam
1315 5011 1374 5057 ut
1418 5003 1615 5059 bellum
1659 5005 1804 5061 istud
1840 5011 2115 5063 sustinere

544 5090 740 5157 possit.
771 5089 925 5159 Quod
949 5108 1018 5148 ne
1040 5094 1097 5148 in
1119 5103 1307 5150 nostra
1330 5092 1552 5166 quidem
1579 5096 1803 5168 regione
1827 5098 2117 5155 commode

2205 3182 2256 3235 οί
2297 3179 2355 3234 δὲ
2406 3178 2568 3232 πάλιν
2618 3174 2791 3250 ήγξαν
2845 3176 3042 3241 αὐτούς
3072 3178 3149 3247 (l)
3174 3195 3189 3208 ’
3237 3178 3331 3230 καί⁵
3362 3174 3791 3237 ἀνεκαλέσαντο,

2207 3273 2337 3341 πρὶν
2368 3271 2697 3343 κορεσθῆναι
2736 3269 2961 3341 δρόμου,
3002 3270 3098 3323 καὶ
3125 3269 3289 3337 φόνου
3315 3266 3554 3338 θηρείου.
3590 3265 3795 3319 Καίτοι

2207 3366 2301 3419 καὶ
2328 3363 2687 3435 Ούνιγάρδαις
2728 3361 2993 3434 οὐραγίας
3040 3361 3171 3426 ἔδει,
3220 3359 3317 3414 καὶ
3355 3357 3795 3428 συντεταγμένου

2204 3456 2634 3528 στρατεύματος.
2685 3454 2831 3507 Ἔδει
2875 3453 3006 3524 γὰρ,
3048 3447 3223 3522 οἶμαι,
3254 3450 3554 3522 φάλαγγος.
3596 3448 3795 3518 ὥσπερ

2203 3546 2430 3620 ἐνεργοῦ
2452 3546 2749 3618 μαχαίρας,
2770 3545 2830 3599 τὸ
2854 3544 2951 3615 μὲν
2972 3544 3336 3615 ἀκμαιότερον
3357 3538 3793 3614 προϐεϐλῆσθαι,

2204 3638 2262 3694 τὸ
2300 3640 2356 3693 δὲ
2396 3637 2795 3710 πιὸαρώτερον
2843 3635 3262 3691 ἐπελαύνεσθαι.
3304 3635 3491 3699 Οὕτως
3533 3635 3568 3704 ή
3605 3632 3794 3704 πληγὴ

2203 3729 2490 3800 τομωτέρα
2519 3727 2747 3796 γίνεται.
2774 3727 2952 3791 Ὀλως
2982 3726 3038 3780 δὲ
3068 3726 3129 3780 τὸ
3167 3723 3371 3796 πλῆθος
3398 3723 3578 3777 αὐτῶν
3610 3722 3795 3789 ὀλίγον

2214 3822 2332 3874 ἐστὶ
2368 3820 2505 3891 πρὸς
2546 3819 2605 3873 τὸ
2650 3816 3046 3889 διαπολεμῆσαι
3092 3817 3183 3870 τὸν
3232 3816 3487 3886 πόλεμον.
3544 3816 3644 3877 ’ος
3682 3812 3794 3865 οὐδ’

2215 3912 2281 3965 ἂν
2321 3911 2378 3965 ὲν
2417 3913 2530 3975 τοῖς
2563 3909 2686 3964 καθ’
2715 3911 2863 3980 ἡμᾶς
2906 3909 3091 3972 τόποις
3131 3905 3556 3977 διαπολεμηθείη
3587 3903 3791 3966 καλῶς.

2225 4000 2364 4054 Ἀλλ’
2393 4002 2440 4054 εί
2481 4002 2657 4071 μήτις
2693 4001 2773 4064 εἰς
2793 3999 2889 4070 τὴν
2917 4000 3140 4053 ἐκείνων
3174 3998 3513 4069 Ούνιγάρδας
3543 3994 3794 4049 διαϐιϐα-

2218 4109 2359 4146 σειεν
2382 4132 2398 4151 .
2428 4092 2520 4145 ἐπὶ
2551 4092 2768 4156 τούτους
2809 4092 2891 4146 δεῖ
2936 4092 3172 4161 πλήθους
3218 4089 3564 4145 ὲκατοστύων
3615 4087 3795 4142 τεττά-

2219 4202 2325 4256 ρων
2352 4201 2367 4217 ο
2422 4185 2621 4255 μᾶλλον
2673 4185 2730 4239 δὲ
2789 4185 3055 4256 πρότερον
3102 4183 3208 4237 ἔδει
3257 4182 3509 4237 τοσούτου
3559 4180 3795 4250 πλήθους

2216 4279 2311 4330 καὶ
2346 4277 2671 4348 στρατηγοῦ,
2696 4276 2827 4349 πρὶν
2857 4278 3003 4347 ἡμᾶς
3032 4275 3275 4348 οἴχεσθαι
3310 4274 3529 4346 κομιδῇ,
3562 4275 3689 4343 πρὶν
3714 4275 3794 4335 είς

2212 4365 2466 4419 τοσοῦτον
2487 4366 2784 4437 αὐξηθῆναι
2812 4369 2923 4430 τοῖς
2948 4366 3224 4436 πολεμίοις
3255 4365 3324 4419 τὰ
3347 4365 3669 4435 πράγματα.
3701 4362 3794 4426 Εἰς

2211 4456 2282 4511 τὰ
2310 4458 2593 4511 τελευταῖα
2617 4457 2811 4522 ταῦτα,
2846 4457 2941 4511 καὶ
2961 4459 3215 4525 γυναῖκες
3240 4454 3789 4527 συνεστρατεύσαντο.

2215 4545 2387 4610 Εἶδον,
2417 4543 2557 4604 εἶδον
2584 4549 2755 4619 συχνὰ
2927 4547 3139 4619 συχνοὶ]
3171 4550 3408 4616 γυναῖκα
3454 4542 3793 4617 μαχαιροφόο

2217 4658 2312 4713 ρον
2337 4640 2496 4711 ὁμοῦ,
2532 4640 2627 4695 καὶ
2663 4641 2840 4711 βρέφη
2871 4640 3284 4712 τιθηνουμένην.
3318 4638 3414 4702 Τίς
3436 4638 3498 4690 ού
3532 4636 3686 4707 ζηλοῖ
3706 4635 3794 4688 τὸν

2219 4732 2500 4787 ἀκίνδυνον
2512 4732 2587 4803 (2)
2619 4732 2854 4804 πόλεμον
2879 4749 2894 4798 ;
2930 4732 3102 4805 ’Υπὲρ
3130 4728 3367 4802 ἐμαυτοῦ
3395 4727 3789 4799 πεφοϐημένος.

2221 4825 2360 4895 ὑπὲρ
2381 4825 2487 4880 τῶν
2512 4823 2718 4896 καιρῶν
2740 4824 2855 4895 [ΊῬ.
2872 4822 3211 4895 Καισάρων],
3236 4822 3376 4893 ὑπὲρ
3399 4822 3499 4893 τῆς
3523 4819 3794 4879 πολιτείας

2221 4916 2567 4987 αἰσχύνομαι.
2619 4917 2685 4969 Ὢ
2713 4916 2810 4971 τοῦ
2866 4916 3034 4970 παλαι
3073 4916 3364 4985 Ῥωμαίων
3410 4913 3791 4985 φρονήματοςὶ

2221 5010 2268 5064 οἱ
2307 5009 2481 5063 πάντα
2533 5007 2807 5079 πανταχοῦ
2847 5007 3135 5071 νικῶντες,
3165 5007 3215 5060 oi
3257 5006 3357 5071 τὰς
3380 5006 3644 5078 ήπείρους
3677 5021 3799 5076 τρο-

2222 5102 2404 5165 παίοις
2435 5102 2546 5173 ιη).
2569 5097 2860 5172 τροπαίας]
2890 5097 3246 5170 συνάψαντες,
3263 5098 3359 5152 νῦν
3396 5096 3511 5170 [ἵσ.
3545 5095 3617 5149 τὰ
3646 5097 3800 5166 ήπει·

1749 5230 1937 5289 DlON.
2019 5233 2299 5290 PETAVll
2358 5232 2593 5291 NOTAE.

619 5344 957 5426 {99)_1;6_é:rl
984 5350 1306 5415 Κερεαλίου
1335 5353 1544 5405 κακόν.
1584 5350 1659 5405 De
1678 5351 1890 5409 Cereali
1917 5354 2041 5411 vide
2069 5353 2097 5409 il

2230 5355 2584 5426 interpretor,
2615 5363 2673 5409 ut
2715 5363 2919 5409 tantam
2951 5356 3005 5409 in
3052 5353 3306 5426 hostibus
3339 5351 3513 5426 fuisse
3551 5348 3800 5426 fiducia-

547 5416 712 5479 epist.
744 5416 867 5470 150.

2229 5420 2399 5490 dixit,
2433 5435 2492 5479 ut
2523 5427 2639 5496 ipse
2662 5426 2825 5480 etiam
2852 5427 3129 5496 numeres,
3148 5425 3307 5496 quasi
3340 5421 3408 5475 ad
3434 5420 3799 5496 certissimam

621 5486 698 5564 ll)
731 5485 922 5539 Πάλιν
970 5484 1166 5564 ἤγειρα
1203 5491 1441 5564 αὐτούς.
1473 5492 1612 5557 Quid
1661 5494 1706 5546 si
1751 5492 1921 5557 ίῦξαν,
1954 5493 2008 5547 id
2043 5508 2097 5549 es

2230 5484 2466 5562 praedam
2494 5484 2808 5563 bellumque
2839 5495 3063 5564 periculi
3096 5484 3277 5549 omnis
3313 5508 3535 5562 expers,
3568 5506 3695 5544 cum
3726 5491 3799 5542 in-

553 5550 715 5628 Sibilo
738 5550 1074 5628 revocarunt
1097 5559 1121 5628 2
1158 5569 1246 5611 aut
1279 5550 1417 5628 ήξαν
1439 5578 1452 5619 :

628 5618 704 5687 (9)
732 5625 826 5688 Τίς
858 5627 932 5678 οὐ
956 5626 1126 5692 ζηλοῖ
1153 5628 1257 5679 τὸν
1284 5618 1630 5685 ἀκίνδυνον.
1664 5632 1757 5686 Sic
1787 5648 1908 5687 cum
1943 5634 2125 5687 locum

2229 5564 2471 5621 fantibus
2499 5566 2857 5636 porrexerint.
