3986 6158
271 289 406 346 1569

266 502 551 572 δυστήνου,
602 503 697 555 καὶ
740 501 1026 573 νομαδίτου
1074 503 1262 570 γένους
1314 505 1681 561 κινδυνεύουσι
1735 509 1856 571 ταῖς

280 592 549 664 Ἑλληνίσι
586 592 791 658 Λιϐύας
824 593 1294 665 προσαποὸαλείν,
1324 597 1418 651 καὶ
1465 597 1565 670 τὴν
1599 600 1728 669 παρ’
1757 597 1856 652 Δί’-

268 702 477 754 γυπτον
514 684 942 755 Ἀλεξάνδρειαν.
982 686 1189 740 Ἐκεῖνο
1219 685 1402 756 μεῖξον
1434 688 1514 753 είς
1543 687 1701 757 λόγον
1721 706 1859 760 χρη-

271 775 481 845 μάτων,
511 773 669 828 τοῦτο
701 773 757 827 δὲ
781 776 861 839 είς
885 774 1129 841 εὐδοξίαν
1157 775 1258 828 οὐκ
1277 774 1516 840 ἔλαττον,
1531 776 1587 830 εί
1614 795 1697 841 τις
1716 772 1859 831 οἶδεν

268 867 642 938 αἰσχύνεσθαι,
679 866 773 922 καὶ
801 866 1035 920 ποιεῖταί
1062 885 1181 921 τινα
1220 867 1375 937 λόγον
1408 867 1502 929 τοῦ
1532 869 1852 942 πρέποντος.

274 962 339 1015 Ὢ
376 960 471 1014 τοῦ
506 962 872 1032 φρονήματος,
910 961 1031 1030 μεθ’
1055 961 1181 1014 ὅσου
1205 960 1307 1031 τὴν
1327 960 1511 1032 χώραν
1533 960 1859 1033 σεσαγηνεύ·

268 1075 398 1113 κασι
429 1059 443 1112 ι
470 1056 702 1121 ,Τούτοις
735 1056 889 1111 οὐδὲν
920 1056 1044 1111 οὔτε
1075 1058 1201 1130 δρος
1235 1058 1436 1113 ἄϐατον
1460 1060 1706 1129 γέγονεν,
1733 1060 1857 1116 οὕτε

266 1148 527 1221 φρούριον
549 1146 807 1219 ἐρυμνόν*
830 1148 1009 1202 πᾶσαν
1034 1148 1334 1220 ὑπεξῆλθον
1364 1150 1472 1223 [Ζσ.
1494 1151 1712 1225 κώμην]
1748 1154 1854 1207 πᾶ-

267 1259 370 1295 σαν
401 1241 827 1313 διηρευνήσαντο
850 1255 868 1273 ·
910 1241 1093 1294 πᾶσαν
1138 1241 1357 1312 ἠλικίαν
1386 1242 1498 1314 [ἵσ.
1533 1243 1732 1317 οἰκίαν]
1762 1247 1854 1315 ὴν-

265 1334 675 1405 δραποδίσαντο.
728 1333 904 1386 Πάλαι
937 1334 1068 1387 ποτὲ
1112 1333 1221 1388 τῶν
1258 1336 1387 1407 παρ’
1420 1335 1647 1407 Ἕλλησι
1699 1337 1856 1405 λογο-

264 1426 497 1497 γράφων
549 1425 773 1490 ἀκούω,
809 1424 1163 1480 ΓΥΝΑΙΚΑΣ
1222 1427 1346 1481 ΚΑΙ
1398 1428 1720 1483 ΠΑιΔΑΡιΑ
1754 1430 1857 1500 (5),

264 1518 709 1572 ΓΝΩΡΙΣΜΔΤΑ
748 1517 885 1571 ΤΩΝ
927 1517 1340 1573 ΠΟΡΘΗΣΕΩΝ
1390 1519 1855 1576 ΥΠΕΛΕῙΠΕΤΟ.

277 1608 441 1663 Ἀλλά
473 1608 627 1679 παρά
672 1608 846 1663 ταῦτα
906 1608 1142 1679 μάλιστα
1177 1610 1370 1679 γέγονε
1402 1612 1758 1668 Πενταπόλει.
1792 1614 1858 1667 Τί

264 1700 377 1771 γὰρ
400 1700 752 1771 Αὐσουριανῷ
770 1698 989 1754 κάλλιον
1016 1700 1205 1772 κτῆμα
1227 1701 1451 1770 γυναίου
1473 1703 1568 1756 καὶ
1598 1702 1852 1775 βρέφους

266 1766 368 1846 ’λινῗ¹
401 1793 457 1844 αἱ
488 1766 595 1862 μὲν.
623 1766 807 1855 αὐτοῖς
856 1766 1119 1855 τίκτοιεν,
1127 1766 1140 1772 ’
1163 1793 1211 1845 oi
1240 1766 1354 1858 se,
1393 1793 1480 1847 ἵνα
1531 1766 1855 1864 αὺῇθέντες
1886 1766 1929 1822 Β

266 1883 667 1955 στρατεύοιντο.
697 1879 857 1938 Εὗνοι
890 1884 999 1955 γὰρ
1018 1884 1138 1938 ἀντὶ
1158 1884 1267 1938 τῶν
1282 1884 1550 1940 τεκόντων
1586 1888 1697 1950 τοῖς
1728 1885 1825 1958 θρέ
1844 1915 1856 1924 -

262 1975 401 2043 φασι
433 1974 693 2044 γίνονται.
721 1976 785 2028 Ὢ
812 1977 1056 2048 πονηρᾶς
1082 1975 1339 2040 ἀποικίας
1367 1977 1436 2048 ἢν
1458 1976 1850 2049 ἀποικίζομενῐ

269 2068 497 2133 Ἀγεται
533 2068 721 2138 νεότης
759 2068 1124 2138 αἰχμάλωτος,
1157 2068 1225 2123 τά
1268 2068 1527 2139 τάγματα
1556 2068 1665 2123 τῶν
1695 2070 1856 2123 πολε-

266 2159 407 2228 μίων
436 2159 764 2230 αὐξήσουσα.
790 2160 945 2225 Ἥξει
974 2159 1145 2230 δῆμος
1169 2159 1263 2214 ἐπὶ
1280 2159 1379 2231 τὴν
1405 2159 1731 2229 ἑνεγκοῦσαν
1757 2176 1855 2214 πο·

263 2252 472 2321 λέμιος.
532 2254 701 2323 Κερεῖ
747 2253 964 2316 νεανίας
1022 2251 1118 2323 τὴν
1174 2252 1299 2323 γῆν,
1336 2253 1405 2325 ἢν
1453 2253 1738 2325 μειράκιον
1773 2253 1855 2307 ἔτι

265 2344 410 2413 μετά
442 2344 535 2398 τοῦ
570 2344 778 2416 πατρὸς
817 2344 1192 2415 ἐξειργάσατο.
1229 2343 1345 2399 Νῦν
1375 2347 1433 2399 ὲν
1458 2344 1596 2417 ὁδῷ·
1627 2344 1856 2399 νῦνάπο

263 2438 488 2505 ἀγεται·
527 2437 621 2491 νῦν
671 2438 751 2491 ἔτι
788 2436 1057 2508 δεσμῶτις
1088 2439 1122 2507 ἡ
1170 2436 1558 2501 Πενταπόλεως
1601 2436 1850 2509 ὲφήϐεια.

275 2532 501 2603 ’Δμύνει
545 2532 602 2587 δὲ
632 2532 827 2595 οὐδεὶς,
874 2531 995 2585 οὐδὲ
1043 2530 1287 2584 δύναται.
1329 2531 1521 2586 Καίτοι
1547 2531 1680 2598 φασὶ
1720 2547 1854 2602 προ-

262 2622 552 2693 θυμεῖσθαι
579 2623 669 2675 τὸν
718 2622 1042 2693 στρατηγόν·
1082 2619 1218 2674 ἀλλά
1248 2621 1310 2674 οὐ
1345 2620 1454 2692 γάρ
1502 2622 1663 2675 ἐῶσιν
1704 2621 1853 2675 Ἀλε-

261 2713 532 2785 ξανδρέων
565 2716 613 2767 οἱ
646 2715 793 2784 κακῇ
828 2713 993 2785 μοίρᾳ.
1028 2714 1414 2777 Πεπαπόλεως
1444 2716 1504 2767 ὲν
1530 2714 1668 2783 αὐτῇ
1692 2730 1855 2784 στρα-

259 2806 607 2874 τευσάμενοι.
640 2804 706 2857 Τί
735 2804 844 2875 γὰρ
875 2805 941 2860 ἄν
972 2822 1055 2867 τις
1092 2806 1398 2858 αῑτιάσαιτο
1433 2804 1523 2858 τὸν
1562 2804 1803 2859 ἀναίτιον
1833 2824 1849 2871 ;

259 2890 307 2964 ᾧ
336 2896 433 2951 καὶ
461 2896 636 2967 γῆρας
665 2894 826 2965 βαθὺ,
864 2897 958 2949 καὶ
1000 2896 1157 2949 νόσου
1198 2895 1473 2967 καταϐολὴ
1498 2896 1852 2967 πολυχρόνιος

261 2987 364 3054 τὴν
402 2983 730 3055 συγγνώμην
781 2984 1224 3055 ὲμνηστεύσατο;
1269 2984 1462 3039 Καίτοι
1505 2987 1702 3058 ῥᾷστον
1758 2983 1847 3059 ἦν,

260 3076 313 3129 εί
343 3073 661 3144 στρατηγῶν
687 3074 1092 3145 ηὐτυχήσαμεν,
1125 3073 1474 3144 ὑπερήφανον
1514 3074 1848 3146 στράτευμα,
1878 3099 1919 3156 C

260 3166 359 3219 καὶ
381 3163 753 3234 προσκεκοφδς
795 3162 874 3233 τῷ
911 3161 1031 3233 Θεῴ
1050 3202 1063 3223 ,
1092 3162 1249 3231 δίκην
1279 3163 1532 3227 ἀσεϐείας
1561 3164 1851 3235 εἰσπράξα-

262 3258 413 3309 σθαι.
438 3256 612 3310 Ποίων
643 3256 803 3328 ἱερῶν
832 3251 996 3320 οὗτοι,
1026 3255 1195 3309 ποίων
1224 3256 1389 3310 ὁσίων
1413 3256 1732 3323 ὲφείσαντος
1774 3258 1849 3309 Οὐ

262 3345 535 3416 πολλαχοῦ
576 3346 668 3399 τοῦ
693 3346 800 3399 τῶν
830 3345 1116 3418 Βαρκαίων
1140 3344 1323 3399 πεδίου
1349 3346 1417 3399 τὰ
1443 3347 1719 3416 νεοσκαφῆ
1743 3347 1851 3400 τῶν

265 3440 569 3511 μνημάτων
607 3438 926 3509 ἀνέχωσαν;
962 3438 1037 3490 Οὐ
1076 3435 1228 3507 παρά
1258 3435 1463 3489 τούτων
1495 3439 1549 3490 αἱ
1572 3438 1849 3508 πανταχοῦ

259 3531 366 3600 τῆς
395 3530 484 3600 ὑφ’
522 3531 669 3601 ἡμᾶς
712 3529 1089 3600 Ἀμπελίτιδος
1132 3527 1420 3599 ἐκκλησίαι
1469 3527 1848 3599 πυρίκαυστοι,

261 3624 364 3676 καὶ
409 3622 659 3693 ὲρείπια;
693 3620 768 3676 Οὐ
816 3621 915 3685 τάς
961 3622 1060 3691 μὲν
1086 3618 1367 3690 τραπέζας
1419 3618 1519 3683 τὰς
1560 3618 1732 3688 ίεράς,
1776 3619 1852 3682 ὡς

264 3714 551 3785 βεϐήλους,
583 3714 676 3767 ἐπὶ
711 3712 1015 3786 κρεανομίᾳ
1049 3710 1376 3782 παρέθεντο·
1408 3710 1476 3763 τὰ
1523 3709 1579 3763 δὲ
1616 3712 1852 3781 μυστικὰ

264 3808 469 3876 σκεύη,
510 3806 579 3858 τὰ
632 3804 1118 3875 λελειτουργηκότα
1172 3805 1239 3874 τῇ
1288 3801 1651 3874 δημιουργικῇ
1697 3818 1854 3853 σπον-

260 3899 382 3970 δείᾳ
416 3899 490 3967 (6)
543 3896 756 3966 τελετῇ,
790 3895 1036 3965 δαίμοσιν
1067 3896 1148 3957 είς
1194 3894 1293 3963 τὴν
1324 3892 1590 3963 πολεμίαν
1629 3891 1852 3963 κομίζε-

262 4008 357 4047 ται
390 4008 407 4058 ;
439 3990 504 4043 Τί
553 3989 757 4043 τούτων
800 3986 1024 4040 ἀνεκτὸν
1051 3988 1130 4050 είς
1176 3986 1345 4056 ἀκοὴν
1392 3984 1565 4038 ἐλθεῖν
1595 3984 1795 4054 εὐσεϐῆ
1834 4000 1850 4049 ;

266 4082 460 4143 Ὅστις
486 4078 596 4151 γὰρ
626 4078 768 4144 ἀξιοῖ
796 4076 1013 4147 μνήμης
1040 4074 1075 4129 ἀ
1100 4076 1420 4129 κατέσεισαν
1461 4074 1713 4146 φρουρία,
1753 4074 1852 4146 τὴν

265 4170 674 4237 σκευαγωγίαν,
714 4165 782 4218 τὰ
837 4166 1041 4218 ἔπιπλα
1068 4205 1082 4229 ,
1113 4164 1212 4226 τὰς
1244 4163 1393 4234 βοῦς,
1439 4163 1537 4228 τὰς
1591 4164 1692 4228 big,
1729 4164 1851 4216 ὅσαι

261 4262 377 4316 τῶν
426 4260 774 4332 βαρϐαρικῶν
822 4260 1129 4331 λῃστηρίων
1179 4254 1319 4331 ἦσαν
1368 4257 1850 4328 ὲγκαταλείμματα

261 4356 388 4418 ταῖς
441 4351 713 4423 φάραγξιν
746 4349 1352 4421 ἐγκατακρυπτόμεναι,
1399 4350 1459 4402 ὲν
1512 4349 1852 4422 τηλικούτοις

1671 297 2124 355 CATASTASIS.
2850 346 2859 349 -

269 409 477 482 ρωτικά
511 409 768 481 τρόπαια,
806 408 882 474 ὡς
935 410 1083 483 παρὰ
1129 413 1203 467 Μ.
1237 412 1441 483 Τυρίῳ.
1489 415 1548 469 Δ.
1595 413 1726 488 κα.]
1755 416 1853 470 ὑπὸ

1962 416 2341 492 administrari
2384 425 2584 489 potest.
2622 420 2784 494 3.]
2818 422 2924 479 Sed
2945 423 3048 480 nisi
3086 422 3228 481 forte
3258 425 3535 497 quispiam

2278 158 2351 198 κ

3399 309 3536 365 1570

1958 508 2017 563 in
2064 509 2286 565 illorum
2330 524 2527 582 agmen
2574 511 2919 586 Unnigardas
2959 516 3244 582 immittat,
3296 528 3538 588 quatuor

1957 599 2224 658 adversus
2266 615 2365 657 eos
2412 606 2685 662 centuriis
2724 620 2867 678 opus
2907 616 3030 675 est;
3078 611 3161 667 vel
3195 620 3313 667 erat
3352 612 3537 683 potius

1958 698 2116 747 tanto
2166 707 2399 761 numero
2427 708 2586 764 opus,
2632 712 2698 753 ac
2731 699 2892 765 duce,
2938 710 3237 771 antequam
3286 702 3536 761 funditus

1956 784 2353 854 periissemus,
2402 797 2695 858 antequam
2739 806 2916 862 usque
2964 794 3103 849 adeo
3151 794 3391 851 hostium
3445 811 3536 854 res

1955 881 2134 931 aucte
2155 889 2220 931 ac
2251 876 2593 934 conﬁrmatas
2620 878 2878 937 fuissent.
2924 882 2982 938 in
3015 883 3123 940 hoc
3158 886 3353 942 ultimo
3390 889 3537 944 bello

1956 966 2092 1037 ipsa
2140 967 2308 1024 etiam
2355 970 2619 1028 mulieres
2680 974 2753 1029 ad
2810 976 3213 1046 expeditionem
3277 980 3538 1050 profecta:

1957 1067 2110 1114 sunt.
2143 1058 2290 1128 Vidi,
2329 1061 2578 1133 inquam,
2610 1080 2992 1136 saepenumero
3023 1070 3206 1141 gladio
3230 1073 3536 1129 accinctam

1955 1150 2267 1220 mulierem,
2320 1160 2490 1226 atque
2531 1170 2640 1209 una
2686 1156 2954 1214 infantem
3006 1174 3171 1216 suum
3218 1162 3537 1220 laetantem.

1955 1241 2093 1310 Quis
2133 1259 2395 1301 securum
2429 1245 2568 1302 adeo
2598 1248 2802 1303 bellum
2832 1265 2944 1306 non
2971 1249 3314 1308 fortunatum
3339 1263 3490 1325 putet
3511 1256 3538 1309 ?

1959 1335 2131 1392 Pudet
2173 1352 2261 1393 me
2312 1346 2368 1394 et
2418 1339 2556 1394 mihi
2612 1340 2741 1411 ipsi,
2773 1347 2832 1397 et
2886 1344 3149 1414 tempori,
3207 1354 3264 1401 et
3318 1347 3535 1417 reipub.

1958 1427 2236 1485 timuisse.
2266 1428 2314 1484 0
2335 1438 2552 1486 veteres
2580 1432 2707 1487 illos
2743 1430 3121 1490 Romanorum
3162 1437 3410 1506 spiritus,
3442 1440 3535 1509 qui

1956 1521 2160 1592 ubique
2206 1523 2391 1578 omnia
2462 1522 2741 1581 debellare
2797 1526 3090 1592 solebant,
3147 1529 3242 1599 qui
3305 1528 3538 1586 dissitas

1956 1617 2305 1697 contlnentes
2346 1616 2574 1687 tropaeis
2625 1617 2743 1673 suis
2795 1620 3227 1690 conjunxeruut,
3278 1637 3428 1679 nunc
3467 1625 3538 1679 ab

1956 1704 2161 1761 infelici
2190 1707 2552 1778 dispersaque
2574 1714 2738 1777 gente
2766 1724 2836 1764 eo
2864 1710 3074 1765 redacti
3114 1722 3265 1776 sunt,
3305 1722 3364 1768 ut
3393 1714 3538 1784 peri-

1956 1797 2142 1853 culum
2175 1798 2347 1852 sitne
2386 1808 2584 1869 praeter
2613 1798 2834 1856 Grmcas
2881 1800 3069 1865 urbes,
3110 1805 3276 1859 etiam
3323 1804 3538 1861 Africa-

1955 1905 2080 1954 nas,
2121 1890 2406 1962 ipsamque
2432 1891 2593 1957 adeo,
2621 1908 2746 1962 que
2788 1895 2845 1949 in
2891 1894 3130 1968 Egypto
3153 1907 3262 1962 est,
3296 1897 3537 1953 Alexan-

1954 1978 2135 2033 driam
2179 1980 2435 2035 amittant
2463 1981 2479 2035 l
2507 1979 2605 2038 Est
2656 1981 2792 2037 illud
2821 1983 3041 2055 quidem
3078 1985 3225 2055 quod
3270 1986 3338 2041 ad
3372 2001 3537 2056 pecu-

1955 2070 2175 2124 niarum
2215 2070 2489 2127 rationem
2537 2073 2756 2139 attinet,
2808 2074 3041 2145 majoris
3082 2077 3345 2133 momenti
3380 2095 3396 2135 :
3429 2080 3535 2137 hoc

1954 2172 2085 2214 vero
2129 2158 2198 2213 ad
2249 2159 2602 2229 splendorem
2653 2176 2719 2217 ac
2762 2162 2995 2232 gloriam
3056 2179 3168 2220 non
3216 2166 3435 2230 minus,
3487 2170 3533 2223 si

1955 2252 2079 2321 quis
2121 2252 2451 2308 erubescere
2481 2256 2646 2310 modo
2677 2257 2858 2321 novit,
2889 2270 2955 2311 ac
2997 2257 3219 2313 decoris
3262 2258 3532 2315 rationem

1955 2341 2124 2395 ullam
2160 2349 2326 2411 atque
2367 2342 2676 2400 honestatis
2721 2344 2910 2401 liabet.
2964 2343 3110 2401 Proh
3139 2346 3429 2404 audaciam
3467 2349 3536 2404 il-

1955 2431 2086 2494 lam,
2122 2446 2231 2502 qua
2266 2431 2393 2487 freti
2426 2434 2580 2489 velut
2601 2435 2816 2493 retibus
2842 2436 3155 2493 universam
3189 2439 3533 2509 provinciam

1954 2525 2190 2596 amplexi
2249 2528 2417 2583 sunt!
2446 2525 2644 2583 Nullus
2683 2529 2752 2585 iis
2796 2542 3028 2585 accessu
3092 2545 3254 2586 mons
3301 2531 3531 2593 arduus,

1952 2618 2168 2673 nullum
2223 2619 2361 2675 satis
2400 2619 2675 2673 munitum
2724 2620 3011 2675 castellum
3061 2620 3211 2676 fuit:
3252 2623 3532 2694 regionem

1951 2724 2170 2767 omnem
2217 2710 2523 2780 pervagati,
2566 2724 2784 2765 omnem
2823 2714 3158 2782 perscrutati
3207 2722 3358 2777 sunt,
3402 2722 3534 2770 ata-

1953 2807 2178 2871 temque
2198 2816 2416 2859 omnem
2449 2802 2506 2857 in
2548 2803 2875 2859 servitutem
2908 2804 3260 2876 redegerunt.
3292 2805 3433 2860 Olim
3466 2822 3533 2862 ex

1949 2891 2361 2947 historicorum
2389 2906 2622 2948 numero
2656 2893 2733 2948 ita
2770 2894 3104 2949 scribentem
3150 2894 3342 2950 nescio
3370 2911 3533 2964 quem

1951 2982 2161 3037 audio:
2194 2981 2499 3040 FEMINAS
2545 2983 2635 3039 ET
2685 2983 3059 3040 PUERULUS
3100 2985 3533 3042 EXCIDIOBUM

1953 3074 2041 3128 AC
2090 3073 2630 3131 SUBVEHSIONUM
2675 3074 3109 3133 ARGUMENTO
3155 3076 3534 3144 Βεωαρυιε.

1953 3166 2159 3221 BANT.
2225 3168 2334 3223 Sed
2385 3169 2546 3238 longe
2582 3168 2732 3222 aliud
2788 3167 3070 3240 Pentapoli
3114 3170 3361 3241 contigit.
3402 3169 3534 3236 Quae

1952 3261 2099 3315 enim
2141 3260 2460 3315 Ausuriano
2492 3262 2778 3330 possessio
2813 3261 3157 3316 commodior
3207 3262 3532 3315 muliercula

1951 3362 2009 3408 et
2043 3352 2360 3406 infantulo?
2383 3350 2456 3407 Ut
2491 3359 2548 3407 et
2593 3353 2701 3407 illa
2747 3354 2884 3422 ipsis
2918 3353 3158 3423 pariant,
3203 3359 3260 3406 et
3291 3353 3330 3406 ii
3367 3352 3531 3406 simul

1954 3451 2118 3510 atque
2147 3441 2510 3506 adoleverint,
2537 3457 2649 3497 una
2680 3441 2750 3497 ad
2781 3444 3034 3498 militiam
3064 3442 3362 3497 ducantur.
3391 3439 3531 3494 Sunt

1952 3532 2099 3587 enim
2144 3546 2274 3599 erga
2317 3531 2577 3587 nutritios
2622 3532 2811 3602 potius
2848 3546 3015 3601 quam
3050 3540 3310 3602 parentes
3344 3530 3533 3583 animo

1955 3621 2238 3690 propensi.
2260 3619 2306 3677 0
2329 3621 2586 3677 miseram
2619 3622 2767 3675 illam
2801 3636 2965 3691 quam
2989 3634 3355 3691 propagamus
3383 3620 3535 3674 colo~

1954 3713 2138 3767 niam!
2173 3711 2402 3784 Captiva
2426 3713 2688 3782 juventus
2733 3713 3058 3782 agiturque
3090 3712 3336 3767 hostium
3369 3726 3530 3767 exer-

1954 3805 2100 3860 citus
2137 3815 2354 3876 augeat.
2392 3802 2586 3859 Veniet
2622 3804 2844 3860 hostilis
2875 3804 3174 3875 aliquando
3214 3812 3410 3859 contra
3439 3819 3534 3873 pa—

1957 3900 2118 3954 triam
2170 3898 2429 3968 populus.
2464 3895 2609 3951 Eum
2660 3911 2851 3968 agrum
2895 3896 3183 3968 populabit
3227 3905 3393 3966 atque
3438 3912 3534 3951 ea-

1958 3989 2178 4047 scindet
2214 3989 2453 4060 juvenis,
2482 4003 2671 4059 quem,
2707 4003 2835 4041 cum
2884 3988 3330 4043 adolescentulus
3360 3994 3532 4050 esset,

1959 4098 2067 4136 una
2109 4096 2235 4136 cum
2292 4088 2450 4150 patre
2495 4080 2761 4134 coluerat.
2809 4077 2967 4134 Nunc
3008 4079 3066 4134 in
3094 4079 3181 4133 via
3231 4088 3311 4134 est
3342 4093 3358 4132 :
3386 4093 3534 4132 nunc

1956 4173 2250 4228 abducitur
2285 4190 2299 4226 :
2333 4185 2482 4226 nunc
2518 4171 2572 4224 in
2601 4170 2844 4225 vinculis
2887 4170 3071 4226 adhuc
3111 4169 3533 4239 Pentapolitana

1958 4266 2220 4336 pubertas
2254 4272 2369 4328 est;
2398 4279 2500 4318 nec
2532 4269 2619 4318 est
2653 4262 2799 4317 ullus
2832 4263 2925 4331 qui
2955 4262 3023 4318 iis
3056 4276 3213 4330 Opem
3247 4260 3408 4323 ferat,
3437 4266 3533 4313 aut

1957 4358 2103 4413 ferre
2126 4356 2324 4427 possit.
2346 4355 2506 4426 302
2526 4354 2710 4424 Neque
2738 4355 2884 4409 enim
2909 4353 3055 4410 istud
3079 4354 3269 4409 sinunt
3296 4351 3532 4406 Alexan-

263 4450 457 4509 κακοῖς
483 4444 833 4516 μικρολογίας
859 4442 1034 4496 αἰτίαν
1058 4442 1118 4494 οὐ
1138 4440 1698 4510 διαπέφευγε.Καίτοι
1733 4458 1853 4495 πεν-

1963 4447 2109 4502 drini
2143 4446 2240 4510 illi,
2272 4447 2363 4516 qui
2397 4444 2638 4514 pessimo
2671 4442 3034 4512 Pentapoleos
3069 4441 3182 4496 fato
3216 4441 3269 4495 in
3316 4455 3378 4495 ea
3414 4441 3531 4510 ipsa

264 4538 630 4607 τακισχιλίαις
663 4539 780 4599 ταῖς
805 4534 1073 4604 καμήλοις
1101 4532 1577 4604 ἐσκευαγώγησαν.
1607 4531 1852 4605 Ἀριθμῷ

263 4632 322 4686 δὲ
349 4629 639 4683 ἀναλύουσι
682 4625 1024 4697 τριπλασίονι
1050 4627 1115 4695 τῇ
1150 4622 1260 4676 τῶν
1293 4621 1651 4693 αἰχμαλώτων
1685 4640 1855 4694 προσ-

268 4725 436 4795 θήκῃ,
479 4720 721 4791 τοσούτῳ
752 4718 967 4782 πλείους
1011 4716 1307 4786 γινόμενοι.
1339 4714 1612 4786 Τέθνηκεν
1639 4717 1853 4787 ἀπέσϐη

267 4818 337 4869 τὰ
352 4814 758 4875 [Ιενταπόλεως·
776 4811 928 4874 τέλος
947 4810 1077 4879 ἔχει’
1093 4807 1535 4878 διακεχείρισταιε
1551 4807 1852 4863 ἀπόλωλεν·

267 4908 370 4960 οὐκ
397 4906 470 4959 ἔτ’
498 4906 613 4959 ἐστὶ
652 4902 951 4968 παντελῶς,
988 4901 1102 4955 οὗθ’
1132 4902 1282 4972 ἡμῖν,
1312 4897 1435 4952 οὔτε
1463 4898 1691 4969 βασιλεῖ.
1718 4899 1857 4954 Οὔτε

269 4999 381 5070 γὰρ
406 4998 612 5071 βασιλεῖ
645 5001 831 5070 κτῆμα
858 4995 1052 5066 γένοιτ’
1085 4994 1173 5060 ἂν,
1208 4993 1330 5047 ὃθεν
1358 4991 1511 5045 οὐδὲν
1543 4992 1846 5048 ἀποίσεται.

1961 4538 2291 4593 militarunt.
2334 4535 2478 4601 Quid
2509 4536 2654 4590 enim
2688 4543 2774 4590 est
2811 4550 2911 4587 cur
2931 4534 3225 4603 quisquam
3268 4533 3533 4586 innocen-

1951 4636 2060 4684 tem
2106 4629 2451 4692 criminetur,
2500 4626 2590 4681 cui
2630 4634 2686 4682 et
2729 4626 2924 4681 aﬂ'ecta
2978 4634 3135 4690 aetas,
3176 4633 3232 4679 ct
3270 4623 3531 4680 diuturna

1953 4721 2136 4776 morbi
2164 4720 2414 4776 accessio
2447 4718 2661 4775 veniam
2695 4717 2979 4772 obtinuit?
3019 4716 3182 4785 Atqui
3211 4715 3533 4771 facillimum

1951 4820 2093 4877 erat,
2132 4812 2297 4868 modo
2324 4812 2592 4866 bonorum
2640 4811 2840 4864 ducum
2876 4809 3034 4879 copia
3067 4817 3237 4871 esset,
3272 4807 3341 4864 ab
3376 4808 3529 4861 inso-

1953 4903 2087 4959 lenti
2135 4902 2418 4967 exercitu,
2468 4903 2673 4972 quique
2723 4899 2891 4956 Deum
2944 4898 3216 4954 olensum
3270 4898 3530 4960 haberet,

1960 4995 2261 5067 impietatis
2296 5010 2490 5067 pronas
2524 5003 2793 5066 repetere.
2823 4992 3167 5062 Quibusnam
3200 4991 3285 5049 illi
3327 4988 3535 5057 sacris,

1507 5145 1688 5203 DION.
1755 5146 2031 5204 PETAVII
2067 5146 2307 5207 NOTAE.

344 5294 425 5362 (5)
460 5292 764 5357 Γυναῖκας
812 5290 910 5346 καί
961 5285 1263 5355 παιδάρια.
1296 5283 1725 5362 __(_3_onjecturam
1782 5287 1852 5362 ad

272 5354 442 5434 huius
478 5364 583 5417 1οοί
604 5354 1061 5434 emendationem
1093 5354 1201 5412 nun
1247 5354 1852 5434 adbibu_isscmos,_ni_si

272 5426 522 5491 ea'furet
567 5431 860 5503 ejusmodi,
923 5429 1187 5503 eitivis_nt
1235 5426 1457 5503 probari
1493 5427 1688 5494 possit.
1714 5427 1855 5493 Quis

273 5506 425 5561 enim
478 5498 613 5557 non'
649 5502 796 5556 videt
855 5516 1039 5554 vocem
1088 5499 1232 5552 illam
1273 5498 1535 5564 γυναῖκας
1566 5511 1689 5548 cum
1728 5513 1851 5549 παι-

273 5576 442 5644 δάρια
459 5588 583 5644 esse
615 5570 1110 5644 copulandamiut
1144 5570 1198 5644 in
1229 5566 1402 5621 cladis
1430 5565 1692 5644 indicium
1733 5582 1853 5644 mu:

277 5633 449 5701 lieres
476 5633 823 5716 duntaxatct
850 5640 1062 5716 pueruli
1105 5639 1586 5716 relinquerentur:
1626 5633 1678 5688 id
1697 5637 1848 5716 .quod

287 5712 576 5782 sequentia
609 5710 833 5767 omnino
851 5704 1212 5771 convincunt,
1239 5704 1363 5762 cum
1395 5709 1469 5761 ait
1509 5704 1851 5762 Ausuriauos

1955 5303 2025 5343 ne
2054 5290 2313 5344 mulieres
2336 5288 2564 5366 quidem
2614 5302 2677 5342 ac
2704 5287 2963 5366 puerulos
3013 5280 3534 5366 reliquissefom

1955 5373 2056 5440 pro
2081 5374 2148 5414 eo
2207 5354 2505 5440 quod-erat
2554 5354 2737 5440 antea,
2768 5354 3533 5440 vovaixufquasiliistorjiam

1957 5423 2105 5481 illam
2168 5423 2367 5483 mulier
2422 5430 2668 5497 quaedam
2718 5427 3026 5496 scripserit)
3070 5423 3534 5479 substituenduna

1957 5504 2088 5551 nuto
2125 5499 2401 5551 γυναῖκες.
2437 5506 2498 5550 ut
2526 5496 2845 5549 ὑπελείπετο
2878 5496 2946 5551 ad
2992 5495 3343 5551 γνωρίσματα
3388 5492 3529 5547 refe-

1955 5504 2088 5567 puto
2125 5499 2401 5565 γυναίκες,
2437 5506 2498 5550 ut
2526 5499 2845 5549 ὑπελείπετο
2878 5499 2946 5551 ad
2992 5499 3343 5564 γνωρίσματα
3388 5499 3529 5547 refe-

1961 5574 2134 5628 ratur,
2167 5567 2369 5635 alioqui
2400 5567 2576 5622 active
2610 5575 2876 5621 sumetur.
3027 5633 3063 5635 ᾉ
3345 5629 3360 5635 _

2031 5634 2220 5717 (4)_Tﬁ
2246 5629 2637 5717 ὅήμιριτργικῇ
2667 5635 2981 5717 σπονδεῖα.
3026 5629 3401 5717 Expptigenda
3425 5644 3532 5687 τοι

1958 5704 2171 5777 τελετῇ,
2198 5704 2330 5777 quae
2356 5704 2627 5777 glossema
2650 5706 2793 5777 sapit
2815 5705 2969 5763 vocis
2998 5704 3307 5767 σπονδείας.
