3986 6158
559 293 698 350 15ῖό

1689 282 1958 340 SYNESII
1999 283 2455 339 PTULEMAIDlS
2501 284 2808 340 El’lSCOPI

3607 292 3706 347 1576

558 413 774 469 cictatis
805 417 1070 475 amantes,
1115 408 1372 463 obaudivi
1405 415 1632 463 vocatus
1679 421 1707 460 a
1735 407 1905 470 vobis,
1931 416 1984 460 et
2003 420 2121 476 gau.

2241 404 2426 475 μαθὼν
2458 407 2542 474 ἐφ’
2571 400 2650 468 οἷς
2673 407 2726 459 αἱ
2749 406 2928 468 πόλεις
2959 407 3456 478 συνδεδραμήκατον.
3489 409 3706 481 Προῦργον

557 504 662 558 deo
699 501 844 572 quod
875 499 1162 554 didicerim
1189 513 1296 568 qua
1334 499 1402 553 de
1433 511 1595 554 causa
1638 497 1800 551 urbcs
1827 511 2128 552 concurre-

559 596 674 648 rint
711 594 853 646 inter
886 606 966 646 se.
1002 589 1138 644 Nam
1184 603 1364 659 operae
1409 589 1639 659 pretium
1691 589 1840 657 ipsas
1886 586 2128 641 facturas

558 683 790 754 Opinor,
839 684 883 735 si
925 690 978 736 et
1029 696 1175 735 nunc
1219 689 1273 735 et
1311 681 1366 734 in
1412 689 1688 749 posterum
1732 695 1860 749 erga
1903 693 1999 733 eos
2035 678 2128 746 qui

557 775 704 828 ultro
745 772 1003 827 beneﬁcia
1041 773 1098 827 in
1135 773 1283 842 ipsas
1313 771 1682 832 contulerunt,
1732 780 1898 839 grata:
1935 775 1990 822 et
2020 769 2128 822 sint

556 875 609 920 et
645 863 956 919 videantur.
991 863 1361 929 Quamobrem
1395 877 1716 917 communes
1752 860 1936 932 populi
1966 875 2128 915 voces

558 956 923 1025 suscepimus,
955 963 1008 1010 et
1048 957 1093 1009 si
1129 955 1400 1026 quispiam
1435 954 1689 1025 privatim
1723 968 2004 1009 sermones
2031 953 2128 1035 hae

559 1048 694 1112 buit,
736 1063 926 1102 omnes
964 1050 1149 1116 utique
1189 1047 1443 1102 laudibus
1470 1049 1659 1102 extuli.
1710 1047 2001 1100 Enimvero
2032 1061 2129 1115 par

555 1147 640 1193 est
668 1154 754 1193 me
788 1154 911 1192 esse
951 1155 1016 1193 ex
1055 1155 1243 1193 eorum
1273 1155 1502 1195 numero
1533 1140 1623 1209 qui
1655 1139 1788 1194 bene
1819 1140 1980 1192 dictis
2009 1154 2130 1192 cer-

557 1239 692 1283 tant.
735 1227 876 1294 Quin
906 1231 1069 1284 etiam
1115 1230 1229 1284 haec
1261 1229 1326 1283 ad
1367 1246 1451 1284 me
1492 1231 1665 1300 magis
1693 1245 1857 1298 quam
1887 1228 1954 1282 ad
1992 1229 2127 1283 alios

557 1322 807 1381 attinent,
835 1334 956 1390 qua:
986 1322 1298 1374 communia
1335 1328 1463 1376 sunt
1490 1340 1502 1374 :
1534 1330 1586 1374 et
1621 1321 1851 1389 gratiam
1887 1335 1983 1388 pro
2014 1322 2127 1374 sin-

553 1411 718 1482 gulis,
757 1426 854 1481 pro
888 1411 1004 1466 cive
1030 1421 1083 1466 et
1118 1411 1356 1474 civitate,
1395 1412 1510 1481 ipse
1539 1426 1658 1465 meo
1689 1406 1906 1464 nomine
1932 1410 2128 1464 debere

557 1504 626 1558 iis
659 1504 751 1574 qui
789 1503 1020 1573 benigne
1051 1503 1298 1562 fecerint.
1352 1504 1628 1559 existimo.
1669 1503 1868 1567 Quidni
1901 1503 2042 1556 enim
2081 1503 2126 1557 is

557 1611 721 1665 quem
756 1609 856 1664 pro
879 1593 1262 1648 communibus
1298 1593 1457 1647 bonis
1485 1607 1673 1663 preces
1705 1591 1932 1646 fundere
1965 1607 2127 1662 opor-

556 1696 652 1752 tet,
687 1687 761 1740 illi
795 1687 1025 1756 gratiam
1059 1684 1277 1750 debeat,
1305 1685 1395 1755 qui
1433 1686 1550 1755 ipsa
1574 1697 1685 1739 tum
1717 1685 1982 1747 exercitu,
2011 1694 2124 1738 tum

557 1780 662 1832 alia
698 1793 828 1833 cura
879 1791 944 1830 ac
991 1776 1360 1832 sollicitudine
1409 1776 1665 1832 auxerit?
1697 1775 1799 1843 Qui
1847 1791 1978 1831 vero
2016 1792 2123 1832 non

559 1870 760 1938 quovis
793 1869 1000 1923 honore
1049 1867 1316 1922 aﬂicerem
1366 1883 1490 1922 eum
1523 1869 1612 1923 cui
1658 1879 1718 1922 ut
1748 1870 1859 1922 voti
1902 1883 2127 1938 compos

557 1960 725 2015 forem
760 1959 1051 2016 sudoribus
1079 1957 1342 2029 perfecit?
1383 1959 1642 2030 Equidem
1674 1975 1703 2013 a
1737 1959 1844 2014 Deo
1889 1961 2019 2030 petii
2069 1971 2128 2016 ut

557 2051 697 2106 male
737 2050 976 2119 perirent
1004 2050 1129 2103 mali
1161 2057 1214 2102 et
1253 2050 1578 2107 exsecrandi
1612 2050 1852 2106 barbari.
1881 2049 1993 2105 lloc
2028 2068 2125 2106 au-

557 2149 662 2197 tem
702 2141 891 2212 Anysii
934 2156 1131 2196 manus
1163 2141 1256 2197 Dei
1302 2143 1501 2198 virtute
1546 2144 1908 2214 perfecerunt.
1939 2145 2016 2202 Ex
2059 2147 2125 2202 iis

555 2241 704 2288 certe
736 2232 1037 2302 equitibus,
1074 2233 1166 2302 qui
1193 2247 1357 2303 supra
1398 2233 1546 2290 mille
1590 2251 1764 2306 nuper
1803 2237 2123 2308 impressio-

554 2341 677 2380 nem
715 2325 978 2389 fecerant,
1034 2343 1103 2382 ne
1146 2329 1394 2398 quintam
1444 2328 1662 2398 quidem
1715 2331 1957 2384 relictam
2005 2347 2124 2387 esse

555 2425 761 2486 partem
810 2419 960 2472 aiunt
1003 2425 1113 2472 tam
1153 2419 1228 2472 illi
1271 2419 1372 2488 ipsi
1411 2420 1503 2490 qui
1549 2419 1837 2476 inferiores
1881 2421 2120 2488 fuerunt,

553 2524 716 2578 quam
743 2511 837 2580 qui
895 2519 1203 2580 prostratos
1241 2523 1722 2579 enumeraverunt,
1755 2521 1809 2567 et
1835 2515 2012 2568 adhuc
2037 2530 2124 2569 su-

557 2601 810 2669 perstites
864 2613 1035 2656 sunt:
1069 2604 1232 2671 idque
1276 2605 1482 2674 peregit
1533 2620 1641 2658 non
1697 2606 1910 2675 magnis
1950 2607 2124 2675 copiis

553 2691 840 2760 pra-fectus
889 2701 1052 2762 atque
1102 2696 1454 2748 instructus:
1509 2695 1710 2764 quippe
1758 2695 2121 2764 quadraginta

553 2790 762 2836 tantum
795 2784 897 2837 viri
933 2801 1056 2838 cum
1100 2786 1219 2854 ipso
1251 2787 1468 2840 stabant
1502 2787 1555 2838 in
1593 2786 1731 2841 acie.
1756 2787 1919 2856 Atqui
1955 2789 2022 2842 de
2055 2789 2123 2845 iis

553 2873 796 2941 proh-rio
827 2875 954 2927 mali
1003 2877 1136 2930 nihil
1169 2874 1345 2930 dicam
1383 2887 1492 2930 tam
1528 2877 1804 2946 equitibus
1830 2893 1992 2948 quam
2029 2895 2122 2948 pe-

550 2960 777 3025 ditibus,
807 2963 1006 3031 quibus
1036 2964 1369 3018 frumentum
1396 2966 1608 3020 damus.
1653 2965 1847 3020 Verum
1894 2969 1981 3022 hic
2019 2986 2086 3038 pu
2106 3002 2118 3010 -

2231 494 2340 566 γάρ
2373 496 2562 559 αὐταῖς
2601 497 2780 566 οῐομαι
2821 497 2914 549 καὶ
2959 497 3051 549 νῦν
3089 499 3178 551 καὶ
3222 499 3503 569 ἐσύστερον,
3540 502 3586 563 ἐς
3617 509 3708 566 τοὺς

2231 587 2578 658 ὑπάρξαντας
2607 588 2781 660 ἔργων
2807 588 3025 656 ἀγαθῶν
3045 590 3381 660 εὐχαρίστους
3406 592 3488 643 καὶ
3512 589 3623 645 εἶναι
3644 599 3708 646 καὶ

2231 679 2537 746 φαίνεσθαι.
2572 681 2681 743 Τάς
2712 698 2770 733 τε
2804 679 2894 734 οὖν
2929 681 3106 743 κοινάς
3134 681 3454 751 ὑπεδεξάμην
3478 682 3554 734 τοῦ
3581 684 3708 753 δῆμον

2232 769 2446 838 φωνάς,
2501 770 2595 824 καὶ
2626 772 2773 834 ὅστις
2829 772 2932 842 ἰδίᾳ
2961 771 3112 839 λόγον
3143 771 3355 835 διέθετο,
3393 775 3571 837 πάντας
3611 777 3708 844 ὁμοῦ

2229 863 2341 924 τοῖς
2375 861 2614 927 ἐπαίνοις
2648 862 2906 932 ἐπῄνεσα.
2952 863 3111 915 Ἀλλὰ
3143 863 3280 932 κάμὲ
3307 864 3382 916 δεῖ
3402 865 3611 931 γενέσθαι
3633 867 3709 919 τῶν

2230 953 2614 1020 εύλογούντων,
2663 956 2829 1025 κάμοὶ
2876 955 3140 1024 προσήκει
3202 953 3388 1024 μᾶλλον
3421 955 3606 1024 ἐτέρων,
3643 957 3713 1008 καὶ

2229 1043 2298 1096 τά
2325 1044 2498 1110 κοινὰ,
2546 1048 2638 1100 καὶ
2666 1047 2766 1118 τὴν
2807 1047 2945 1118 ὑπὲρ
2979 1046 3204 1099 ἑκάστου
3232 1047 3399 1115 χάριν,
3431 1047 3511 1098 καὶ
3536 1045 3708 1109 ἰδιώτου,

2229 1137 2322 1188 καὶ
2338 1136 2542 1200 πόλεως
2561 1139 2722 1201 αὐτὸς
2749 1139 2983 1207 ὀφείλειν
3003 1143 3110 1203 τοῖς
3130 1136 3187 1194 εὖ
3207 1157 3258 1192 τι
3289 1142 3542 1209 ποιήσασιν
3557 1141 3708 1208 οἴομαι.

2236 1227 2329 1278 Ὃν
2355 1227 2461 1298 γάρ
2496 1227 2632 1298 ὑπὲρ
2658 1229 2766 1284 τῶν
2798 1229 2990 1282 κοινῶν
3017 1230 3234 1298 ἀγαθῶν
3264 1229 3496 1292 εὔξασθαι
3520 1230 3602 1295 δεῖ,
3627 1230 3711 1292 πῶς

2228 1318 2327 1371 οὐκ
2373 1319 2596 1390 ὀφλήσει
2646 1322 2802 1391 χάριν
2849 1321 2927 1392 τῷ
2972 1323 3059 1376 διὰ
3087 1323 3365 1394 στρατείας
3401 1322 3522 1374 αὐτὰ
3543 1323 3709 1391 καὶτῆς

2229 1411 2392 1480 ἄλλης
2428 1413 2744 1481 ἐπιμελείας
2790 1414 3116 1484 αὑξήσαντι;
3167 1415 3286 1478 Πῶς
3322 1415 3374 1466 δὲ
3399 1415 3452 1466 ού
3481 1413 3554 1467 διὰ
3580 1414 3710 1483 πάσης

2229 1501 2359 1556 οἴσω
2379 1504 2543 1574 τιμῆς
2571 1503 2680 1568 τὸν,
2705 1505 2790 1557 ἵνα
2813 1505 2958 1576 τύχω
2975 1505 3076 1574 τῆς
3096 1505 3275 1576 εὐχῆς,
3301 1505 3465 1576 ἱδρῶτι
3484 1504 3711 1572 διαπραξάο

2233 1609 2424 1662 μενον;
2452 1594 2670 1657 Κακοὺς
2685 1596 2872 1658 κακῶς
2896 1595 3292 1649 ἀπολωλεκέναι
3319 1597 3432 1658 τοὺς
3449 1595 3712 1664 καταράτους

2232 1683 2558 1755 βαρϐάρους,
2593 1685 2704 1754 ἐγὼ
2733 1687 2832 1756 μὲν
2863 1687 3042 1758 ᾔτησα
3065 1688 3160 1741 τὸν
3185 1687 3330 1742 Θεόν.
3357 1689 3414 1740 Αἰ
3447 1689 3496 1740 δὲ
3529 1686 3713 1740 Ἀνυσίον

2229 1777 2409 1846 χεῖρες
2447 1775 2587 1828 κατὰ
2618 1775 2750 1828 Θεὸν
2797 1776 3202 1847 ἐξειργάσαντο.
3246 1776 3360 1828 Τῶν
3387 1777 3442 1843 γε
3467 1793 3536 1826 τοι
3575 1773 3714 1844 πρώην

2226 1865 2655 1936 εἰσϐεϐληκότων
2723 1867 2964 1929 ἱππέων,
3030 1868 3172 1940 ὑπὲρ
3231 1868 3418 1937 χιλίους
3466 1868 3605 1919 ὄντων
3651 1864 3715 1916 τὸν

2225 1957 2476 2029 ἀριθμὸν,
2523 1959 2644 2011 οὐδὲ
2690 1959 3083 2031 πεμπτημόρια
3113 1959 3369 2021 λείπεται,
3415 1959 3552 2026 φασιν
3580 1957 3618 2007 oi

2226 2051 2506 2116 πονθότες,
2554 2051 2709 2105 αὐτοὶ
2742 2045 2889 2105 οὗτοι
2916 2049 3050 2116 ζῶσι
3081 2053 3212 2112 τοὺς
3244 2050 3560 2110 πεπτωκότας
3587 2047 3716 2116 διαρι-

2225 2143 2553 2214 θμήσαντες.
2585 2144 2697 2197 Καὶ
2739 2143 2914 2197 ταῦτα
2947 2145 3008 2196 οὐ
3044 2142 3242 2196 πολλοῦ
3279 2141 3628 2212 στρατεύματος
3655 2135 3716 2199 ἐξ·

2222 2232 2524 2303 ηγουμένου
2576 2232 2899 2301 εἴργασται·
2950 2233 3064 2286 ἀλλ’
3127 2232 3311 2302 ἄνδρες
3349 2228 3481 2299 αύτῷ
3521 2241 3715 2297 συμπαρ-

2227 2323 2513 2377 ετάττοντο
2530 2322 2960 2392 τεσσαράκοντα.
2979 2321 3155 2389 Κάγὼ
3179 2321 3272 2390 μὲν
3293 2319 3432 2372 οὐδὲν
3461 2317 3552 2386 ἐρῶ
3567 2313 3715 2381 φαῦλον

2224 2411 2306 2478 οἷς
2329 2415 2637 2486 σιτοδοῦμεν
2671 2415 2881 2468 ἱππέων
2911 2431 2971 2466 τε
3000 2415 3096 2466 καὶ
3138 2412 3330 2478 πεζῶν.
3359 2409 3530 2463 Οὑτοσὶ
3551 2408 3597 2458 δὲ
3616 2405 3714 2459 03v-

2226 2505 2503 2576 νιγάρδαις
2528 2507 2638 2559 δεῖν
2674 2505 2844 2558 οἴεται
2877 2505 3010 2576 πρὸς
3042 2505 3259 2558 ἅπαντα
3286 2502 3528 2574 χρῆσθαι·
3557 2499 3654 2557 τοὺς
3674 2494 3713 2545 δὲ

2224 2597 2450 2660 πολλοὺς
2489 2596 2729 2660 τούτους,
2758 2596 2878 2650 οὐδὲ
2919 2597 3028 2649 τῶν
3060 2596 3353 2666 ἀλλοτρίων
3383 2593 3536 2664 ἔργων
3560 2586 3715 2655 ἔπηῖἀ’

2223 2705 2350 2757 γετο
2389 2689 2602 2750 θεατάς.
2636 2684 2793 2742 Οὗτοι
2836 2687 3104 2758 χωροῦσιν
3148 2685 3307 2740 αὑτοῦ
3343 2684 3488 2754 μόνον
3513 2680 3568 2732 τά
3593 2692 3712 2745 στρα-

2223 2783 2532 2851 τηγήματα.
2579 2781 2796 2832 Τούτων
2843 2781 2960 2832 ἐστὶ
2998 2780 3218 2851 λοχίτης
3244 2778 3334 2831 καὶ
3373 2773 3594 2844 λοχαγός⁸
3621 2766 3710 2821 τοὺ·

2223 2891 2330 2926 των
2361 2874 2476 2925 ἐστὶ
2503 2872 2906 2943 συστρατιώτης
2937 2873 3033 2924 καὶ
3063 2871 3388 2942 στρατηγός·
3423 2865 3541 2937 μετὰ
3558 2861 3715 2915 τούτων

2222 2965 2403 3036 τρέχει
2455 2963 2542 3016 διὰ
2583 2964 2680 3032 τῆς
2734 2963 2915 3034 χώρας
2970 2962 3173 3032 δρόμον
3227 2960 3450 3014 ἔνοπλον.
3491 2953 3611 3024 Ταχὺ
3643 2949 3716 3020 μὶν

551 3059 630 3103 tat
664 3050 1103 3122 Unnigardarum
1139 3069 1302 3124 opera
1353 3056 1418 3109 ad
1449 3058 1631 3109 omnia
1664 3073 1788 3112 esse
1827 3059 2116 3118 utendum:

2224 3056 2536 3126 ἁπανταχοῦ
2566 3057 2808 3124 γίνεται·
2842 3056 2968 3124 νικᾷ
3000 3054 3054 3106 δὲ
3083 3054 3221 3106 ὅπου
3255 3053 3344 3106 καὶ
3375 3050 3569 3118 γένοιτο.
3598 3040 3716 3097 οὗτοι

552 3141 688 3195 istos
717 3157 867 3208 vero,
921 3159 1156 3212 quorum
1200 3145 1378 3213 major
1414 3156 1498 3200 est
1538 3161 1820 3210 numerus,
1875 3165 1944 3203 ne
1991 3151 2124 3205 alie-

553 3248 744 3288 norum
775 3233 996 3303 quidem
1027 3249 1252 3304 operum
1283 3245 1620 3305 spectatores
1652 3238 1888 3294 induxit.
1953 3239 2124 3294 Unnio

517 3364 522 3368 .
551 3323 736 3393 gardte
769 3324 944 3395 ipsius
975 3326 1148 3381 solius
1185 3326 1350 3397 306
1383 3327 1576 3381 bellica
1620 3336 1742 3383 acta
1795 3337 1850 3384 et
1889 3332 2122 3387 consilia

553 3417 795 3485 capiunt.
844 3418 1043 3471 Eorum
1079 3425 1164 3474 est
1200 3419 1596 3488 manipularius
1636 3428 1690 3476 et
1734 3420 1980 3478 cohortis
2024 3420 2125 3476 du-

550 3514 711 3560 ctor:
752 3509 1068 3563 eorumdem
1099 3510 1402 3565 commilito
1431 3519 1485 3566 et
1517 3511 1813 3582 imperator
1841 3533 1854 3570 :
1887 3529 2012 3569 cum
2039 3514 2124 3569 his

551 3601 792 3654 exctirrit
837 3617 932 3671 per
972 3617 1250 3673 campum,
1300 3618 1466 3661 cursu
1511 3603 1562 3657 in
1620 3606 1790 3661 armis
1848 3605 2119 3660 confecto.

549 3692 810 3748 Celeriter
854 3693 1056 3764 ubique
1096 3695 1338 3749 locorum
1373 3706 1500 3751 est:
1549 3697 1719 3751 vincit
1768 3709 1947 3753 autem
1982 3713 2122 3768 quo—

554 3799 766 3852 cunque
803 3785 1061 3840 adluerit.
1119 3785 1275 3851 Quod
1329 3787 1374 3842 si
1411 3787 1465 3841 hi
1513 3787 1698 3855 plures
1732 3797 1938 3853 essent,
1988 3797 2121 3858 puta

553 3884 746 3946 prmter
782 3891 876 3932 eos
911 3893 1051 3946 quos
1084 3878 1365 3944 habemus,
1397 3880 1643 3943 ducenti,
1679 3879 1775 3936 Dei
1813 3881 1986 3936 fretus
2017 3895 2121 3950 ope

549 3965 726 4020 audeo
754 3980 1070 4020 asseverare
1097 3965 1242 4022 hunc
1277 3967 1583 4022 animosum
1609 3968 1867 4036 juvenem
1899 3969 1954 4024 in
1996 3969 2121 4024 bar-

551 4060 808 4113 barorum
847 4066 1046 4112 terram
1084 4059 1284 4113 bellum
1336 4061 1718 4130 traiecturum.
1765 4059 1945 4127 Quare
1972 4063 2122 4135 Any-

551 4150 633 4204 sio
664 4148 789 4203 duci
825 4148 1094 4206 ducentos
1138 4151 1481 4222 Unnigardas
1523 4167 1837 4222 poscemus,
1872 4154 1919 4209 si
1968 4157 2120 4224 cogi-

551 4245 728 4292 temus
755 4244 810 4290 et
837 4237 1068 4293 velimus
1109 4240 1549 4309 consanguineos
1580 4254 1610 4294 a
1643 4241 2002 4298 barbarorum
2033 4257 2117 4298 re-

555 4330 712 4399 gione
753 4344 1038 4384 revocare.
1083 4327 1300 4384 Utinam
1337 4345 1552 4400 possem
1588 4331 1774 4388 videre
1816 4333 2116 4403 spoliorum

552 4435 803 4476 acervum
851 4432 905 4477 et
951 4423 1186 4491 praedam
1233 4423 1628 4491 mancipiorum
1677 4423 2114 4489 barbaricorum,

548 4519 709 4580 atque
737 4526 860 4566 eum
892 4511 983 4580 qui
1012 4527 1186 4582 nuper
1227 4511 1486 4567 dominus
1515 4522 1653 4575 erat,
1697 4514 1939 4568 vicissim
1994 4514 2117 4569 aliis

547 4602 915 4657 servientem!
957 4601 1080 4656 llaec
1105 4601 1304 4658 nudius
1334 4603 1553 4672 quidem
1591 4603 1786 4658 tertius
1821 4614 2009 4674 optare
2041 4605 2118 4658 fa-

544 4691 647 4744 cile
673 4698 789 4744 erat
821 4709 833 4745 :
867 4707 1014 4746 nunc
1033 4707 1164 4747 vero
1188 4693 1350 4746 etiam
1381 4707 1605 4762 sperare
1621 4694 1808 4748 eadem
1841 4695 2114 4765 integrum

544 4791 648 4836 est.
692 4781 824 4836 Nam
857 4797 976 4852 qua:
1005 4783 1181 4837 oculis
1204 4783 1448 4852 subjecta
1485 4783 1644 4838 ﬁdem
1671 4783 1902 4849 faciunt,
1921 4802 2113 4840 eorum

543 4887 664 4942 qua:
692 4880 1078 4938 exspectantur
1116 4873 1340 4941 pignora
1378 4872 1521 4927 facta
1549 4881 1712 4941 sunt;
1743 4884 2114 4930 verumtamen

543 4961 608 5014 ad
628 4961 740 5014 haec
764 4962 1055 5017 obtinenda
1089 4963 1296 5033 Anysio
1317 4963 1674 5018 ducentorum
1704 4964 1959 5034 praefecto
1975 4982 2114 5036 opus

541 5060 645 5106 est.
679 5051 777 5107 llic
806 5051 1136 5124 Unnigardis
1167 5056 1350 5108 utendi
1387 5065 1439 5108 et
1471 5054 1706 5110 indolem
1744 5056 1907 5111 habet
1934 5065 1988 5111 et
2021 5073 2115 5112 ar-

544 5151 649 5196 tem
685 5159 698 5196 :
739 5149 794 5195 ct
827 5141 969 5196 idem
1014 5151 1192 5212 potest
1242 5145 1388 5198 viros
1423 5160 1730 5212 exarmare,
1773 5155 2111 5211 excastrare,

541 5242 596 5287 et
634 5243 692 5286 ut
743 5233 895 5288 lubet
942 5250 1149 5304 regere.
1189 5235 1513 5308 Uimigardae
1550 5252 1674 5292 cum
1728 5238 1953 5309 Anysio,
2005 5238 2113 5295 Bo-

545 5338 720 5378 tnana:
752 5331 879 5378 sunt
911 5339 1128 5388 manus,
1163 5323 1405 5381 Romana
1435 5328 1652 5382 militia.
1682 5327 1801 5384 Jam
1836 5330 1956 5385 sine
1984 5330 2110 5393 isto,

542 5417 924 5488 quadragenos
952 5419 1115 5474 etiam
1146 5430 1439 5489 praesentes
1477 5421 1701 5477 laudare
1729 5422 1947 5492 quidem
1984 5438 2112 5492 pos-

541 5522 663 5561 sum
701 5509 770 5562 ob
809 5508 976 5563 robur
1008 5526 1021 5562 :
1064 5511 1156 5565 sed
1193 5527 1290 5580 pro
1339 5512 1579 5583 ipsorum
1610 5515 1795 5568 animo
1841 5516 2112 5584 spondere

538 5596 724 5650 nolim.
763 5596 980 5652 Relatio
1033 5599 1330 5657 adornetur
1359 5619 1480 5672 qua:
1531 5605 1597 5660 de
1631 5604 1838 5675 Anysio
1871 5613 2008 5671 oret,
2055 5613 2109 5660 et

537 5684 741 5741 milites
768 5695 821 5741 et
845 5689 1059 5756 tempus
1091 5700 1282 5760 poscat
1317 5700 1543 5748 strenuo
1587 5695 1719 5751 huic
1750 5695 1887 5751 viro.
1939 5695 2102 5771 At_in

2225 3147 2440 3210 πλείους
2471 3149 2517 3200 εἰ
2543 3148 2803 3215 γένοιντο,
2839 3146 2976 3216 πρὸς
3006 3140 3086 3208 οἷς
3129 3145 3322 3215 ἔχομεν
3349 3142 3590 3202 διακόσιοι,
3614 3133 3715 3206 μετὰ

2224 3240 2319 3293 τοῦ
2339 3240 2474 3292 Θεοῦ
2493 3239 2708 3310 θαρρῶν
2728 3239 3121 3308 ἀποφαίνομαι,
3148 3238 3354 3292 τουτονὶ
3369 3236 3448 3288 τὸν
3467 3232 3641 3287 νεανίαν
3657 3229 3713 3289 εἰς

2224 3334 2321 3404 τὴν
2348 3333 2569 3385 ἐκείνων
2591 3331 2926 3386 διαϐιϐάσειν
2951 3332 3041 3384 τὸν
3066 3332 3324 3402 πόλεμον.
3361 3327 3562 3395 ’Δνυσίῳ
3590 3337 3712 3391 στρα-

2225 3423 2376 3494 τηγῷ
2401 3424 2706 3486 διακοσίους
2727 3424 3095 3494 Οὖννιγάρδας
3129 3425 3417 3493 αἰτήσομεν
3450 3422 3490 3472 εξ
3513 3416 3713 3487 μέλλομεν

2225 3515 2512 3581 ἐπανάξειν
2532 3515 2638 3569 ἀπὸ
2655 3515 2754 3586 τῆς
2779 3515 3053 3586 βαρϐάρου
3076 3519 3203 3577 τοὺς
3238 3515 3513 3582 συγγενεῖς·
3541 3507 3639 3560 Εἴθε
3655 3519 3714 3571 τε·

2225 3607 2302 3658 νοί
2311 3623 2416 3676 μην
2437 3605 2690 3677 λαφύρων
2715 3607 2842 3660 ἰδεῖν
2869 3606 3058 3677 νομὴν,
3083 3605 3422 3678 ἀνδραπόδων
3442 3594 3714 3672 βαρϐαρικῶν

2223 3697 2313 3750 τὸν
2356 3695 2492 3758 τέως
2544 3695 2808 3766 δεσπότην
2851 3694 3289 3749 ἀντιδουλεύοντα
3327 3691 3530 3744 ῐΤαῦτα
3572 3682 3714 3754 πρώην

2226 3787 2323 3857 μὲν
2364 3785 2621 3851 εὔξασθαι
2653 3788 2781 3858 ῥᾷον
2818 3782 2918 3857 ἦν·
2952 3785 3046 3838 νῦν
3087 3785 3148 3838 δὲ
3185 3785 3328 3864 ἔστιν
3357 3781 3481 3837 αὐτὰ
3508 3779 3584 3833 καὶ
3607 3771 3714 3827 ἐλπί-

2225 3897 2334 3932 σαι.
2362 3879 2441 3932 Τὰ
2467 3879 2574 3950 γὰρ
2597 3881 2652 3933 ὲν
2679 3879 2974 3949 ὀφθαλμοῖς
2996 3881 3186 3946 πιστὰ,
3207 3879 3311 3933 τῶν
3337 3866 3714 3946 προσδοκωμένων

2221 3970 2454 4040 ἐνέχυρα
2506 3971 2715 4038 γέγονε.
2753 3971 2894 4042 Πρὸς
2939 3967 3032 4025 οὖν
3079 3971 3254 4024 ταῦτα
3296 3965 3518 4022 Ἀνυσίου
3554 3963 3618 4014 δεῖ
3641 3955 3715 4009 τῶν

2219 4061 2506 4115 διακοσίων
2532 4062 2858 4132 ἡγουμένου.
2888 4057 3057 4126 Οὗτος
3086 4061 3464 4131 Ούννιγάρδαις
3481 4047 3714 4123 κεχρῆσθαι

2221 4155 2316 4208 καὶ
2368 4154 2528 4224 φύσιν
2577 4154 2816 4226 ἔχεικαὶ
2866 4156 3083 4226 τέχνην.
3139 4156 3368 4209 Δύναται
3417 4153 3527 4214 τοὺς
3571 4145 3715 4213 ἄνδρας

2219 4243 2596 4310 ἐξοπλίζεσθαι
2619 4245 2714 4297 καὶ
2745 4245 3240 4317 μεταχειρίζεσθαι.
3269 4241 3590 4311 υύννιγάρδαι
3615 4232 3713 4302 μετὰ

2225 4329 2476 4390 Ἀνυσίου
2516 4335 2821 4405 Ῥωμαϊκαὶ
2875 4338 3057 4406 χεῖρές
3107 4340 3266 4390 εἰσιν.
3319 4338 3467 4388 ’Ἄνευ
3505 4332 3553 4384 δὲ
3576 4328 3712 4382 τούτου

2221 4424 2314 4476 καὶ
2335 4426 2466 4488 ’τοὺς
2512 4427 2922 4496 τεσσαράκοντα
2951 4428 3077 4490 τοὺς
3127 4427 3391 4498 παρόντας
3420 4423 3623 4476 ἐπαινεῖν
3646 4417 3713 4484 μὲν

2219 4515 2327 4585 ἔχω
2352 4516 2449 4585 τῆς
2481 4515 2690 4586 ῥώμης.
2720 4515 3094 4585 ἐγγυήσασθαι
3122 4516 3181 4568 δὲ
3204 4516 3302 4585 τῆς
3334 4514 3538 4584 γνώμης
3559 4509 3608 4560 οὐ
3629 4499 3714 4572 βού-

2219 4607 2400 4676 λομαι.
2488 4607 2760 4678 Ἀναφορά
2831 4607 3130 4660 στελλέσθω
3211 4609 3336 4678 περὶ
3393 4603 3561 4657 τούτου
3622 4607 3714 4661 πρε-

2220 4696 2520 4760 σϐεύουσα¹,
2559 4696 2896 4768 στρατιώτας
2928 4699 3023 4752 καὶ
3071 4701 3258 4771 χρόνον
3307 4695 3515 4751 αἰτοῦσα
3541 4688 3604 4759 τῷ
3625 4700 3711 4752 γεν-

2219 4787 2371 4859 ναίῳ.
2416 4788 2527 4842 Καὶ
2585 4787 2730 4842 τᾶλλ’
2783 4790 2964 4852 ὁποῖος
3017 4789 3191 4861 mp;
3243 4789 3331 4843 τὸν
3359 4787 3443 4840 ἐπὶ
3472 4771 3711 4852 εἰρήνηςᾶ

2217 4879 2472 4949 πόλεμον,
2517 4880 2608 4933 τὸν
2645 4879 2841 4950 μικροῦ
2887 4880 2977 4933 τοῦ
3030 4879 3360 4952 βαρϐαρικοῦ
3388 4871 3711 4946 χαλεπώτερσνσ

2215 4972 2306 5025 τὸν
2359 4973 2434 5024 ὲκ·
2479 4969 2580 5042 τῆς
2641 4973 3038 5042 στρατιωτικῆς
3100 4973 3325 5039 ἀταξίας
3377 4970 3463 5023 καὶ
3506 4965 3590 5032 τῆς
3633 4955 3714 5009 τῶν

2213 5059 2522 5129 ταξιάρχων
2573 5059 2904 5126 πλεονεξίας,
2953 5062 3051 5132 οὐχ
3091 5055 3245 5124 οὗτος
3287 5063 3314 5113 ὁ
3357 5056 3548 5116 παύσας
3575 5046 3710 5105 ἑστίν;

2227 5151 2342 5219 Ἐφ’
2379 5147 2440 5204 οἶ)
2474 5151 2635 5220 μόνου
2685 5167 2748 5219 γε
2774 5151 2884 5204 τῶν
2934 5153 3142 5207 πολλῶν
3191 5149 3497 5224 στρατηγῶν
3550 5139 3713 5202 ἱδιιὶιτης

2213 5242 2561 5313 ἠδικημένος,
2618 5243 2802 5312 μεῖζον
2843 5245 3174 5313 στρατιώτου
3213 5243 3512 5313 φθέγγεται.
3542 5234 3649 5286 Τίνα
3672 5225 3712 5277 δὲ

2213 5333 2388 5397 ἔξεστι
2443 5332 2627 5386 καλεῖν
2675 5333 3047 5405 ἁδωρότατονς
3083 5337 3156 5390 Οὐ
3185 5335 3275 5388 τὸν
3306 5328 3617 5403 ὑπερορῶντα
3648 5318 3713 5371 καὶ

2210 5424 2317 5478 τῶν
2348 5424 2456 5478 ἀπὸ
2487 5424 2583 5478 τοῦ
2609 5427 2775 5498 νόμου
2822 5426 3063 5496 κερδῶν;
3101 5428 3158 5482 '0
3207 5424 3452 5492 θεοσεϐὴς
3480 5420 3530 5473 δὲ
3562 5415 3629 5477 τίς
3666 5408 3713 5462 ἂν

2210 5517 2418 5584 γένοιτο
2471 5515 2704 5586 μᾶλλον,
2751 5517 2784 5589 ἦ
2824 5518 2968 5582 ὅστις
3003 5519 3238 5582 ἅπαντος
3291 5516 3442 5587 ἔργου
3475 5509 3555 5564 καὶ
3593 5503 3713 5566 λόγου

2212 5605 2395 5658 θεόθεν
2441 5607 2700 5677 ἄρχεται;
2749 5609 2865 5662 ἀνθ’
2912 5604 2987 5662 ῶν
3046 5611 3294 5663 ἁπάντων
3332 5605 3492 5669 ἔξεστι
3531 5598 3586 5666 δὴ
3613 5592 3712 5645 πᾶσι

2211 5697 2442 5754 κάνθάδε
2491 5699 2887 5772 προσεύξασθαι
2941 5701 3116 5772 γῆρας
3148 5697 3292 5770 αὐτῷ
3327 5697 3453 5770 βαθὺ
3480 5691 3562 5747 καὶ
3589 5688 3708 5738 λιπσ-
