3986 6158
321 194 458 257 i573

1417 193 1506 249 DE
1541 191 1732 250 DONO
1756 191 2175 250 ASTROLABII
2215 188 2469 254 SERMAO.

3426 201 3447 252 i
3463 199 3565 255 3578

322 308 417 381 ρδν
463 305 828 377 παραμένειν,
876 304 986 367 τοῖς
1025 304 1292 372 ὲνιαυτοῖς
1339 308 1748 380 συμπροϊούσης
1791 305 1889 383 τῆς

2000 311 2203 366 caeteris
2236 312 2453 382 qualem
2482 326 2542 368 se
2574 311 2844 384 prmbuit?
2890 313 3096 381 Bellum
3132 314 3285 387 pacis
3325 323 3567 384 tempore

320 397 539 469 ἀρετῆς.

1940 450 1945 457 .
1998 413 2273 467 exortum.
2300 412 2356 461 et
2381 405 2487 463 hoc
2516 406 2809 463 barbarico
2841 408 3003 478 paulo
3051 409 3335 466 molestius
3372 427 3438 467 ex
3468 415 3568 466 mi-

322 497 481 552 litum
527 496 805 552 incondita
845 494 1296 562 tumultuatione,
1339 495 1590 561 deliciis,
1660 504 1825 566 atque
1882 500 2114 555 avaritia
2155 501 2561 575 insolentiaque
2595 506 2815 562 ducum
2863 506 3188 571 excitatum,
3250 523 3432 565 nonne
3477 488 3589 567 hic

321 594 407 643 cst
450 587 545 656 qui
581 587 921 657 compescuit
965 594 1019 643 et
1055 585 1369 659 oppressit?
1420 585 1537 642 Sub
1582 603 1693 658 quo
1733 588 1852 644 solo
1883 604 1914 644 e
1954 591 2143 665 multis
2187 592 2446 661 ducibus,
2469 570 2746 665 vprivatus
2791 595 2994 666 injuria
3037 570 3267 653 aft‘ectus
3339 570 3623 679 liberiusi

322 687 378 735 et
427 680 592 737 altius
648 680 873 744 clamat,
924 694 1089 751 quam
1128 680 1330 735 miles?
1376 680 1551 746 Quem
1600 695 1768 751 porro
1836 681 1964 738 licet
2001 683 2240 740 alienum
2279 700 2312 740 a
2343 686 2670 743 muneribus
2695 687 3056 759 accipiendis,
3098 697 3152 744 et
3180 688 3568 743 abhorrentem
3609 719 3621 747 ι

281 800 289 806 υ
322 770 487 833 dona,
512 770 744 825 vocare!
763 768 956 827 Nonne
987 785 1113 826 eum
1143 770 1236 839 qui
1265 770 1499 841 despicit
1536 771 1706 825 etiam
1751 771 1902 827 lucra
1937 789 2062 844 quae
2086 777 2205 846 lege
2237 778 2573 833 obveniunt?
2596 778 2930 850 Religiosior
2960 794 3089 834 vero
3151 779 3406 850 quisnam
3474 793 3571 847 po-
3655 793 3688 811 ν

323 864 433 919 tius
456 861 597 919 foret
631 880 795 935 quam
850 866 898 920 is
928 866 1023 936 qui
1060 865 1245 920 omnia
1285 863 1428 920 facta
1455 872 1511 920 et
1542 865 1690 920 dicta
1726 879 1755 918 a
1807 865 1917 922 Deo
1955 869 2215 926 orditur?
2276 871 2384 928 Pro
2431 873 2519 930 his
2565 883 2714 930 certe
2763 874 3023 930 omnibus
3067 873 3150 928 fas
3213 880 3298 928 est
3342 876 3571 926 cunctos

323 955 622 1010 etiamnum
644 955 812 1012 Deum
832 958 1067 1028 precari,
1089 965 1149 1013 ut
1178 968 1437 1016 senectus
1466 958 1647 1028 ipsum
1675 967 1936 1029 provecta
1974 971 2028 1018 et
2072 963 2265 1022 viridis
2295 973 2534 1035 maneat,
2568 966 2692 1037 ejus
2719 968 2922 1023 virtute
2988 966 3153 1023 simul
3216 979 3342 1020 cum
3408 962 3571 1033 annis

325 1062 672 1118 progressum
695 1047 947 1105 faciente.

359 1257 3517 1299 Μ

636 1560 673 1597 \

888 1426 1619 1544 ΣΥΝΕΣΙΟΥ
1709 1428 2012 1546 ΤΟΥ
2128 1429 3011 1547 ΚΥΡΗΝΑΙΟΥ

1662 1694 1674 1709 ,
1690 1642 1869 1697 ΠΡΟΣ
1892 1642 2231 1731 HAIONiON

1211 1800 1407 1856 ΥΠΕΡ
1440 1801 1571 1856 ΊῸΥ
1596 1800 1837 1855 ΔΩΡΟΥ
1869 1801 2675 1857 ΑΣΤΡΟΑΑΒΙΟΥΛΟΓΟΣ.

1252 2064 1825 2243 SYNESII
1965 2127 2650 2309 CYRENEI

1743 2361 1826 2406 AD
1864 2360 2158 2408 PEONIUII

1311 2507 1568 2569 SEBMO
1610 2507 1708 2568 DE
1747 2507 1952 2569 ΠΟΝο
1996 2507 2453 2571 ASTROLABII
2479 2506 2586 2589 (1).

427 2821 651 2878 Δκούων
686 2838 779 2877 σου
804 2822 993 2896 πρώην
1021 2822 1163 2895 ὑπὲρ
1188 2823 1503 2892 φιλοσοφίας
1534 2824 1903 2893 ἀγανακτοῦν·

2079 2825 2242 2896 307
2274 2823 2410 2879 Cum
2435 2839 2543 2878 non
2574 2823 2647 2877 ita
2675 2822 2882 2895 pridem
2919 2831 2972 2879 te
3012 2822 3374 2896 philosophia
3402 2824 3578 2879 vicem

325 2932 438 2979 τος,
471 2917 520 2968 εί
552 2913 719 2986 μηδὲν
751 2915 904 2968 ἔσται
956 2912 1130 2982 πέρας
1161 2912 1465 2984 ἀνθρώποις
1497 2915 1596 2984 τῆς
1623 2917 1703 2979 εἰς
1731 2915 1898 2987 αὐτὴν

328 3006 601 3073 ἀσεϐείας,
635 3007 728 3060 καί
754 3006 872 3077 ἅμα
917 3007 1000 3060 ὅτι
1032 3005 1242 3077 χαλεπῇ
1272 3005 1448 3076 χρῷτο
1480 3005 1618 3079 τύχῃ
1657 3006 1750 3061 καὶ
1780 3006 1900 3060 λίαν

330 3098 635 3168 ἀγνώμονι,
681 3099 745 3168 ἢν
793 3099 840 3151 ot
889 3098 985 3169 μὲν
1034 3096 1517 3168 προσποιούμενοι,
1566 3097 1652 3150 διὰ
1703 3099 1901 3169 συχνῆς

328 3189 609 3261 τερατείας
660 3187 1031 3257 εὐδοκιμοῦσιν
1075 3188 1229 3259 παρά
1277 3204 1334 3240 τε
1367 3188 1654 3252 δυνάσταις
1700 3190 1795 3242 καὶ
1842 3190 1900 3242 ἐν

329 3281 440 3342 τοῖς
468 3278 755 3348 πλήθεσιν·
785 3280 834 3332 οἱ
858 3278 915 3332 δὲ
945 3278 1298 3350 ἀληθεύοντες
1320 3278 1694 3341 ἀπιστοῦνται,
1725 3279 1818 3333 καὶ
1844 3280 1901 3332 ὲν

331 3370 512 3442 Καρὸς
539 3369 701 3441 μοίρᾳ
729 3369 1017 3440 τιμῶνται,
1045 3370 1144 3439 τῆς
1178 3370 1274 3439 μὲν
1300 3369 1474 3440 ὁρμῆς
1500 3370 1723 3439 ἠγάμην
1746 3386 1758 3398 ·
1791 3370 1900 3423 ἀπὸ
1930 3406 1941 3421 .

331 3462 441 3532 γὰρ
482 3463 622 3516 πάνυ
654 3463 906 3531 γενναίας
929 3463 1173 3532 προῆκτο
1207 3461 1441 3531 φύσεως*
1473 3461 1532 3513 οὐ
1565 3461 1670 3531 μὴν
1694 3462 1898 3529 ἀγανα-

331 3556 475 3607 κτεῖν
502 3570 622 3606 τινα
648 3552 828 3624 οἴομαι
853 3553 981 3619 δεῖν,
1011 3554 1137 3607 ὅταν
1159 3553 1218 3606 τὸ
1251 3551 1389 3606 κατά
1419 3550 1574 3615 λόγον
1607 3551 1896 3622 συμϐαίνῃ.

334 3644 564 3713 Εΰλογον
613 3645 671 3698 δὲ
722 3647 894 3715 δήπου
941 3645 1234 3715 τυγχάνειν
1288 3643 1539 3708 ἕκαστον,
1590 3635 1665 3696 ὧν
1717 3645 1901 3712 τυχεῖν

331 3736 685 3798 ἐσπούδακεν,
728 3737 822 3789 καὶ
864 3736 991 3811 περὶ
1018 3736 1055 3790 ἀ
1088 3734 1606 3806 πεπραγμάτευται·
1649 3734 1743 3787 καὶ
1767 3734 1902 3786 ἀπο-

330 3827 616 3897 τυγχάνειν
659 3825 725 3880 αὖ
760 3826 920 3880 πάλιν
954 3826 1198 3891 ἐκείνων,
1233 3820 1307 3881 ὧν
1336 3824 1460 3879 οὔτε
1506 3824 1723 3896 ὠρέχθη
1749 3825 1898 3889 ποτὲ,

331 3916 456 3973 οὔτε
497 3917 813 3989 ἐπεμελήθη
840 3919 988 3981 ὅπως
1014 3917 1080 3972 ἂν
1109 3916 1257 3988 αὐτῷ
1287 3916 1666 3989 παραγένοιτο.
1697 3915 1758 3967 Et
1789 3915 1900 3968 τοί-

331 4030 422 4067 νυν
448 4015 477 4066 ὁ
507 4015 605 4084 μὲν
632 4014 945 4085 ἐφρόντισεν
973 4014 1067 4068 τοῦ
1096 4013 1349 4083 γενέσθαι
1388 4014 1568 4083 σοφὸς,
1598 4016 1627 4068 ὁ
1656 4013 1713 4068 δὲ
1743 4014 1901 4084 μόνον

329 4103 424 4159 τοῦ
450 4105 617 4170 δόξαι,
646 4106 905 4178 ἑκάτερος
932 4106 992 4158 τὸ
1017 4105 1293 4177 προσῆκον
1316 4105 1548 4176 ἔχουσιν,
1573 4106 1601 4157 ὁ
1624 4106 1720 4175 μὲν
1749 4104 1844 4170 ὢν,
1873 4107 1902 4158 ὁ

329 4197 385 4251 δὲ
414 4195 552 4251 εἶναι
580 4196 767 4251 δοκῶν.
808 4197 876 4250 Ἢ
906 4198 1055 4251 δεινά
1083 4199 1133 4266 γ’
1160 4195 1226 4249 ἂν
1256 4196 1478 4250 πάθοιεν
1510 4197 1603 4251 καὶ
1632 4196 1900 4251 δικαιότε-

333 4303 425 4358 ρον
465 4288 843 4356 ἀγανακτοῖεν,
882 4287 932 4339 οἱ
966 4285 1057 4339 διὰ
1082 4287 1180 4355 τῆς
1210 4286 1309 4338 οὐκ
1338 4283 1525 4356 οὔσης,
1551 4285 1685 4338 ἀλλά
1713 4302 1901 4354 φαινο-

335 4375 503 4447 μένης
552 4376 899 4445 φιλοσοφίας,
955 4375 1111 4441 δόξαν
1158 4373 1503 4447 θηρώμενοι,
1555 4374 1603 4425 εί
1639 4376 1751 4436 τοῖς
1805 4374 1903 4442 μὲν

333 4445 590 4538 ἑκάτερον
612 4466 843 4537 ὑπάρξει
874 4464 1104 4536 θατέρου
1129 4445 1504 4535 φροντίσασιν,
1522 4464 1670 4533 σφίσι
1691 4463 1748 4515 δὲ
1769 4463 1903 4534 μηδ-

334 4557 537 4629 έτερον.
577 4554 766 4610 Καίτοι
817 4557 878 4608 τὸ
918 4557 1114 4628 ῥᾷστον
1161 4556 1222 4608 οὑ
1279 4555 1345 4606 δι’
1388 4554 1667 4618 ἐλάττονος
1710 4556 1904 4624 ἐπιμε-

334 4643 483 4706 λείας
530 4642 1038 4714 έπιτετηδεύκασιν,
1089 4642 1369 4711 ἀπατῆσαι
1397 4643 1523 4704 τοὺς
1551 4642 1652 4694 οὐκ
1693 4642 1905 4705 εἰδότας

337 4735 466 4805 περ)⁵
496 4727 571 4788 ὧν
596 4733 930 4787 ἀπατῶνται.
973 4728 1130 4786 Οὗτοι
1164 4733 1260 4803 μὲν
1300 4728 1391 4785 οὖν
1422 4732 1591 4784 ἔστων
1633 4731 1902 4802 λαμπροὶ,

336 4827 432 4880 καὶ
464 4828 575 4888 τοῖς
605 4825 853 4897 θεάτροις
891 4822 1324 4894 στεφανούσθων,
1372 4824 1420 4875 εί
1463 4823 1761 4893 βούλονται.
1795 4824 1905 4893 Τῆς

337 4916 444 4987 γὰρ
497 4916 756 4987 ἀληθείας
811 4916 1348 4987 παραχωρήσαντες,
1400 4914 1662 4984 ὀνόματος
1726 4914 1903 4985 ἡμφι-

339 5011 633 5081 σϐητησαν.
682 5011 841 5079 Ἡμῖν
880 5008 935 5061 δὲ
983 5006 1463 5078 ὀλιγωρουμένοις·
1515 5005 1698 5076 ἐπειδὴ
1738 5006 1802 5058 σύ
1840 5023 1906 5078 με

339 5099 515 5170 βούλει
547 5104 656 5164 τοῖς
703 5103 766 5153 ὲκ
795 5099 889 5153 τοῦ
935 5098 1160 5152 σπανίου
1193 5098 1385 5166 γένους
1410 5096 1780 5167 συναριθμεῖν,
1814 5098 1908 5150 καὶ

337 5192 437 5262 οὐχ
481 5192 678 5260 ἥκιστα
717 5192 783 5246 δι’
830 5191 928 5261 ἐμὲ
961 5191 1058 5260 τὴν
1080 5189 1397 5258 φιλοσοφίας
1422 5187 1590 5258 τύχην
1616 5187 1908 5259 ἐδυσχέρα-

343 5305 466 5351 νας·
517 5289 645 5358 ἡμῖν
695 5280 784 5338 οὗν
833 5282 1223 5354 ἀμελουμένοις
1277 5280 1381 5332 ὑπο
1440 5279 1548 5332 τῶν
1605 5278 1908 5350 ἀνθρώπων

342 5378 650 5447 ἀγαπητέον
680 5377 777 5446 τὴν
806 5375 980 5440 τάξιν,
1007 5376 1083 5438 εἰς
1111 5372 1174 5442 ἢν
1198 5373 1287 5441 ὑφ’
1315 5370 1531 5431 ἑαυτῶν,
1561 5369 1867 5441 ἐτάχθημεν
1892 5388 1906 5403 ’

414 5583 490 5655 (1)
529 5585 830 5651 lnterprete
859 5578 987 5635 ch.
1027 5579 1271 5634 Morclln.

553 5680 817 5733 ΡΑτκοι..
861 5676 973 5735 Gn.
1027 5676 1129 5734 LX
1145 5676 1243 5735 Vl.

2003 2916 2244 2986 graviter
2282 2914 2446 2980 ferre,
2491 2926 2545 2971 et
2592 2917 2854 2986 conqueri
2904 2917 3171 2983 audirem,
3217 2917 3359 2987 quod
3411 2918 3577 2973 tinem

2003 3007 2212 3061 nullum
2245 3014 2341 3061 aut
2366 3007 2585 3062 modum
2614 3006 2863 3063 facerent
2890 3007 3141 3064 homines
3171 3008 3337 3078 impie
3358 3024 3419 3064 se
3443 3023 3577 3078 erga

2001 3113 2120 3154 eam
2149 3099 2375 3170 gerendi
2409 3118 2423 3154 :
2456 3107 2572 3153 tum
2601 3084 2745 3169 quod
2778 3106 2888 3152 tam
2939 3098 3086 3154 tristi
3119 3105 3174 3153 et
3207 3098 3419 3154 difﬁcili
3459 3099 3578 3155 for-

2002 3199 2136 3246 tuna
2161 3198 2429 3257 uteretur,
2463 3199 2685 3262 tamque
2733 3190 2923 3261 iuiqua
2955 3182 3119 3261 atque
3152 3191 3366 3262 ingrata
3401 3209 3416 3245 :
3448 3205 3576 3245 cum

1997 3283 2097 3352 qui
2146 3282 2286 3338 hanc
2319 3284 2630 3339 simulatam
2674 3282 2956 3347 affectant,
2984 3284 3055 3338 ob
3087 3268 3314 3338 crebras
3359 3283 3577 3352 praesti-

2001 3372 2141 3442 gias,
2193 3373 2539 3429 celebrentur
2588 3375 2881 3445 magnique
2932 3373 3084 3437 ﬁant,
3125 3382 3232 3427 tam
3277 3373 3423 3443 apud
3459 3388 3579 3441 pro-

2001 3475 2156 3516 ceres
2214 3475 2281 3515 ac
2345 3471 2633 3531 potentes,
2696 3478 2860 3533 quam
2925 3464 2981 3516 in
3051 3462 3286 3532 populo;
3349 3462 3447 3517 sed
3509 3462 3597 3515 iis:

2001 3552 2097 3622 qui
2148 3567 2274 3608 vere
2324 3567 2443 3607 eam
2492 3552 2870 3623 proﬁteantur,
2910 3551 3040 3607 tides
3095 3542 3577 3617 non-adhibeatur,

2004 3659 2105 3700 nec
2164 3644 2337 3714 pluris
2401 3659 2564 3714 quam
2615 3644 2785 3699 Cares
2830 3644 3166 3698 aestimentur
3215 3661 3228 3697 :
3279 3643 3581 3697 admiratus

2004 3751 2126 3792 sum
2147 3735 2274 3805 jure
2303 3736 2466 3790 istum
2498 3731 2666 3790 aniini
2698 3736 2781 3790 tui
2828 3734 3122 3804 impetum;
3151 3733 3198 3789 is
3219 3735 3364 3790 enim
3398 3740 3579 3788 motus

2004 3844 2032 3880 a
2073 3841 2341 3898 generosa
2385 3826 2545 3897 plane
2588 3835 2785 3882 natura
2841 3825 2961 3880 fuit.
3016 3822 3401 3880 Verumtamen
3451 3840 3580 3880 suc-

2003 3932 2231 3973 censere
2261 3930 2596 3988 quemquam
2629 3924 2884 3988 oportere
2909 3931 3020 3971 non
3044 3916 3323 3980 existimo,
3348 3917 3395 3972 si
3419 3916 3574 3986 quid,
3666 3957 3675 3966 .

2005 4016 2066 4061 ut
2094 4009 2235 4063 ratio
2269 4009 2395 4073 fert,
2427 4005 2666 4061 eveniat.
2694 4005 2813 4060 Jam
2842 4020 2976 4061 vero
3029 4006 3230 4061 rationi
3283 4017 3581 4062 consentao

2005 4115 2170 4154 neum
2204 4106 2288 4155 est
2322 4113 2771 4169 unumquemque
2812 4112 2877 4153 ea
2912 4097 3174 4168 consequi
3224 4114 3347 4168 quae
3375 4106 3435 4152 ut
3477 4100 3579 4154 ob-

2006 4192 2207 4246 tineret
2262 4190 2585 4257 elaboravit,
2621 4199 2676 4245 et
2716 4189 2773 4244 in
2831 4190 3036 4258 quibus
3085 4200 3386 4262 occupatus
3420 4191 3575 4246 fuit:

2005 4292 2059 4339 ct
2087 4293 2277 4338 contra
2306 4297 2416 4338 non
2441 4282 2661 4352 assequi
2698 4295 2763 4336 ea
2786 4296 2908 4352 quae
2957 4295 3134 4351 neque
3185 4282 3449 4352 appetivit
3473 4298 3579 4336 un-

2004 4389 2189 4444 quam,
2225 4389 2424 4443 neque.
2457 4380 2519 4426 ut
2548 4372 2655 4426 sibi
2688 4372 2967 4436 adessent,
2991 4384 3141 4425 cura)
3171 4370 3381 4424 habuit.
3426 4368 3581 4435 Quo-

2007 4468 2154 4521 niam
2186 4480 2319 4537 ergo
2365 4465 2506 4520 alius
2558 4464 2662 4518 hoc
2714 4462 2926 4520 studuit
2983 4462 3205 4533 egitque
3240 4470 3300 4516 ut
3357 4463 3583 4531 sapiens

2005 4565 2176 4624 esset,
2206 4558 2349 4613 alius
2379 4566 2558 4611 autem
2594 4563 2654 4610 ut
2685 4555 2733 4611 is
2766 4553 3043 4608 videretur
3075 4561 3323 4620 tantum;
3352 4561 3583 4622 uterque

1957 4691 1967 4701 .
2005 4658 2157 4704 certe
2187 4649 2241 4704 id
2272 4647 2439 4703 habet
2467 4646 2613 4717 quod
2652 4647 2702 4701 ei
2733 4645 3033 4715 competit;
3070 4648 3195 4699 cum’
3227 4643 3319 4698 hic
3359 4645 3579 4714 quidem

2007 4756 2067 4797 re
2100 4756 2227 4797 vera
2257 4748 2360 4807 est,
2388 4740 2479 4795 ille
2512 4738 2728 4795 videtur
2758 4753 2898 4794 esse.
2932 4736 3136 4804 Quidni
3179 4753 3313 4793 vero
3343 4739 3421 4793 illi
3454 4754 3584 4809 gra-

2008 4833 2129 4889 vius
2157 4833 2548 4904 amigerentur,
2580 4838 2633 4887 et
2652 4830 2856 4902 justius
2911 4822 3351 4900 indignarentur,
3390 4831 3483 4899 qui
3512 4846 3599 4885 ex‘

2008 4940 2072 4978 ea
2103 4939 2224 4993 quae
2250 4938 2443 4993 reapse
2474 4936 2582 4976 non
2607 4929 2693 4977 est
2720 4920 3090 4992 philosophia,
3124 4920 3219 4975 sed
3249 4921 3370 4990 ejus
3398 4921 3576 4975 solum

2009 5013 2245 5083 speciem
2284 5016 2393 5081 prae
2441 5028 2501 5068 se
2560 5011 2699 5075 fert,
2743 5011 2973 5081 gloriam
3034 5018 3401 5079 aucupantur,
3430 5011 3475 5066 si
3511 5011 3579 5065 iis

2007 5102 2229 5173 quidem
2260 5113 2552 5170 utrumque
2608 5105 2884 5169 suppetat,
2910 5097 3002 5168 qui
3039 5097 3106 5152 de
3152 5097 3326 5151 altero
3364 5104 3577 5152 tantum

2010 5193 2228 5250 solliciti
2264 5193 2490 5246 fuerunt
2531 5209 2544 5245 :
2577 5189 2712 5259 ipsis
2745 5196 2928 5243 autem
2960 5194 3216 5242 neutrum
3243 5186 3579 5242 succurrat?

2010 5297 2192 5341 tamen
2215 5285 2318 5340 etsi
2348 5284 2396 5340 ci
2429 5283 2575 5354 quod
2609 5281 2930 5336 facillimum
2959 5287 3044 5335 est
3073 5295 3183 5334 non
3214 5279 3425 5333 minore
3446 5294 3581 5333 cura

2013 5374 2343 5437 studucrint,
2379 5382 2540 5442 atque
2570 5369 2942 5435 incubuerint,
2978 5384 3174 5439 nempe
3211 5376 3272 5422 ut
3303 5368 3581 5438 decipiant

3188 5661 3257 5721 5U
