3986 6158
380 182 512 239 1581

1510 181 1599 237 DE
1624 181 1808 241 ΒΟΝο
1846 180 2261 241 ASTBOLABII
2294 181 2546 243 SWO.

3497 184 3637 243 £58!

379 301 584 351 tueret.
627 291 706 349 Ita
747 292 971 349 sociata
1016 293 1147 349 olim
1194 291 1545 365 philosophia
1584 300 1640 350 et
1682 293 1868 350 civilis
1907 293 2314 351 administratio
2347 292 2520 358 fuere.
2562 300 2618 351 et
2655 292 2748 350 ubi
2796 293 2878 352 sic
2938 296 3275 362 convehere,
3309 301 3491 352 tantas
3545 311 3636 353 res

379 385 775 455 pmstiterunt.

456 471 669 548 Ὠσπερ
703 475 762 529 δὲ
799 474 868 529 τὰ
897 475 1035 531 ἄλλα
1065 475 1133 530 τὰ
1177 475 1317 532 καλὰ
1351 475 1447 531 καὶ
1492 477 1688 548 σεμνὰ,
1723 476 1847 530 καθ’
1882 467 1957 532 ὧν

2132 465 2327 532 Porro,
2369 463 2513 523 sicut
2541 464 2662 522 aliae
2697 481 2787 523 res
2823 465 3069 523 honesta:
3099 474 3154 523 et
3183 482 3404 538 graves,
3437 470 3637 527 adver-

382 567 636 622 ἁπάντων
662 566 692 618 ὁ
723 566 913 638 χρόνος
942 567 1316 622 ἐνεανιεύσατο
1341 583 1354 597 ·
1388 568 1483 622 καὶ
1505 567 1663 621 τοῦτο
1700 566 1957 622 κατιόντα

379 655 472 709 τὸν
504 655 619 725 βίον
652 655 885 709 ἀπέλιπε
936 656 998 710 τὸ
1035 657 1208 712 διττὸν
1252 653 1411 722 εἶδος,
1444 659 1536 712 καὶ
1576 655 1954 729 κατεχωρισθη

381 747 535 819 παρὰ
554 746 646 800 τὸν
669 746 915 819 ὕστερον.
947 748 1248 820 Τοιγαροῦν
1267 749 1388 804 οὐδὲ
1416 751 1564 816 ἄξιον
1589 750 1783 813 εἰπεῖν,
1809 748 1957 812 ὅπως

347 825 355 832 ’
380 839 494 911 ἔχει
512 843 622 903 τοῖς
642 840 947 912 ἀνθρώποις
965 841 1033 895 τὰ
1058 842 1375 913 πράγματα.
1399 841 1493 912 Μὴ
1517 841 1626 913 γὰρ
1644 842 1778 895 διότι
1798 839 1959 894 τοῦτο

381 932 476 986 καὶ
528 927 699 985 τᾶλλα
747 933 892 1003 ἡμᾶς
929 933 1280 987 ἀπολέλοιπεν
1323 933 1538 1001 ἀγαθάς
1581 933 1668 995 Ὡς
1705 924 1858 986 οὐδὲν
1889 929 1957 986 ἂν

381 1024 589 1091 γένοιτο
620 1023 809 1075 πόλεσι
836 1022 1154 1093 δυστύχημα
1178 1022 1382 1092 μεῖζον,
1404 1022 1501 1075 τοῦ
1524 1021 1584 1074 τὸ
1611 1022 1709 1092 μὲν
1739 1020 1958 1092 ἰσχυρόν

378 1111 606 1182 ἀνόητον
637 1110 802 1180 ἔχειν,
827 1110 888 1164 τὺ
914 1112 960 1165 δ’
986 1112 1219 1181 ἔμφρον,
1266 1111 1545 1167 ἀδύνατον.
1592 1111 1730 1165 Ἀλλ’
1773 1112 1958 1175 ἔοικας

380 1201 489 1272 γὰρ
532 1201 694 1263 αὐτὸς
735 1201 921 1273 ἄρξειν
954 1201 1061 1274 [τον.
1115 1200 1318 1274 ἄρξων]
1365 1203 1662 1271 ἐπανάγειν
1696 1205 1827 1274 ἡμῖν
1864 1204 1957 1257 τὸν

384 1293 719 1363 συνδυασμδν
763 1293 975 1347 τοῦτον.
1013 1293 1094 1348 Τά
1125 1311 1186 1347 τε
1228 1294 1338 1364 γὰρ
1371 1294 1524 1348 κοινὰ
1575 1296 1832 1366 πράττειν
1865 1312 1957 1348 πι-

382 1385 546 1457 στεύῃ
570 1384 679 1456 [γρ.
703 1384 1008 1459 πιστεύῃς].
1041 1386 1137 1439 καὶ
1157 1385 1473 1455 φιλοσοφίαν
1497 1387 1596 1440 οἴει
1624 1387 1733 1440 δεῖν
1761 1388 1956 1457 ἐπιτη-

376 1473 577 1529 δεύειν.
621 1473 777 1528 ἢάλλ’
800 1473 994 1542 οὕτως,
1010 1477 1086 1541 ὡς
1111 1476 1298 1546 ἀγῶνα
1336 1475 1498 1531 καλὸν
1518 1477 1659 1548 ὑπέρ
1685 1494 1745 1530 τε
1774 1479 1806 1548 ἡ
1816 1476 1955 1548 μῶν,

379 1566 523 1637 ὑπέρ
566 1584 626 1620 τε
670 1566 898 1622 Μουσῶν
947 1567 1212 1641 ἀγωνίζῃ,
1255 1568 1348 1622 τοῦ
1394 1569 1469 1640 μή
1506 1585 1628 1621 τινα
1673 1568 1841 1631 αὑτὰς
1882 1568 1958 1632 ὠς

379 1657 696 1729 ἀπράκτως
746 1659 838 1712 καὶ
880 1660 1105 1729 ἄχειρας
1155 1660 1361 1731 ἀγορᾶς
1413 1676 1475 1712 τε
1520 1660 1616 1713 καὶ
1667 1658 1958 1730 στρατείας

376 1747 722 1812 ἀπελαύνειν,
753 1748 848 1815 ατε
899 1749 1066 1821 μηδὲν
1111 1751 1210 1820 μὲν
1255 1750 1447 1820 ὄφελος
1491 1749 1657 1814 οὔσας
1686 1753 1743 1813 ἐς
1774 1750 1875 1814 τὰς
1899 1752 1958 1805 ὲν

2060 573 2157 615 sus
2191 573 2331 629 quas
2361 558 2650 615 universas
2680 565 2901 629 tempus
2932 558 3043 612 vim
3098 560 3432 629 petulantem
3478 546 3685 639 εχει-οξ

2059 648 2176 702 cuit
2236 665 2252 703 :
2315 648 2391 703 ita
2427 649 2531 704 hoc
2568 649 2735 704 etiam
2774 647 2976 717 duplex
3028 661 3201 718 genus
3248 648 3633 708 succedentem

2058 739 2343 794 hominum
2365 747 2583 794 aetatem
2634 738 2905 802 destituit,
2955 747 3009 793 et
3046 753 3075 791 a
3132 739 3371 807 posteris
3406 739 3512 795 fuit
3545 758 3634 798 se-

2052 830 2332 900 junctum.
2365 828 2626 885 lndenam
2670 846 2804 902 ergo
2843 845 2915 885 ne
2962 830 3074 885 dici
3135 831 3358 901 quidem
3407 832 3639 893 honeste

2059 927 2246 991 queat,
2270 936 2380 991 quo
2412 921 2576 976 modo
2604 936 2691 976 res
2721 921 2978 975 humana:
3000 935 3058 975 se
3083 921 3340 977 habeant.
3380 922 3637 993 Nunquid

2058 1025 2188 1065 vero
2239 1026 2307 1067 ex
2363 1026 2429 1067 eo
2490 1014 2637 1083 quod
2686 1012 2804 1065 haec
2853 1019 2909 1066 et.
2963 1012 3069 1066 alia
3116 1028 3219 1069 nos
3274 1015 3639 1071 deseruerunt

2056 1106 2245 1160 bona?
2286 1102 2448 1159 Nulla
2490 1102 2762 1173 siquidem
2800 1104 3036 1160 urbibus
3081 1106 3403 1176 contingere
3456 1120 3637 1179 potest

2057 1198 2279 1267 gravior
2314 1197 2625 1261 calamitas,
2656 1210 2822 1266 quam
2863 1195 2909 1251 si
2951 1196 3119 1251 robur
3153 1198 3391 1253 habt-ant
3440 1204 3639 1256 mentis

2058 1292 2217 1360 inops
2265 1296 2318 1343 et
2354 1287 2700 1358 prudentiam
2750 1289 2871 1343 sine
2923 1287 3155 1343 viribus.
3208 1294 3278 1345 At
3322 1291 3472 1346 enim
3523 1293 3640 1362 ips'c

2058 1381 2165 1436 hoc
2188 1395 2483 1452 aggressus
2517 1379 2741 1444 videris,
2773 1387 2834 1433 ut
2862 1381 3117 1450 copulam
3160 1382 3300 1437 hanc
3323 1383 3392 1437 ad
3419 1398 3523 1440 nos
3553 1399 3642 1440 rc-

2058 1489 2245 1529 voces.
2278 1471 2413 1526 Nam
2444 1479 2501 1527 et
2548 1472 2767 1541 publica
2798 1472 3015 1543 negotia
3049 1473 3146 1528 tibi
3192 1475 3636 1549 committuntur,

2058 1572 2114 1618 et
2160 1563 2521 1634 philosophia:
2571 1578 2796 1634 operam
2853 1562 3094 1617 dandam
3145 1580 3273 1621 esse
3322 1567 3636 1624 existimas.

2058 1655 2175 1711 Hac
2213 1671 2395 1729 perge,
2439 1664 2617 1712 macte
2655 1656 2861 1722 animo,
2910 1662 2970 1711 ut
3026 1657 3321 1727 pulchrum
3357 1671 3636 1716 certamen

2060 1765 2161 1821 pro
2198 1750 2361 1806 nobis
2399 1762 2479 1807 et-
2509 1764 2608 1820 pro
2643 1748 2812 1805 Musis
2846 1738 3118 1813 decertes,
3165 1766 3235 1806 ne
3276 1751 3404 1821 quis
3444 1752 3640 1807 hasut

380 1837 631 1910 ὑπαίθρῳ
678 1840 936 1911 πράξεις,
984 1841 1200 1911 κομψὰς
1243 1841 1300 1894 δὲ
1338 1841 1646 1913 παιδαρίοις
1679 1841 1956 1913 προσαθύ-

2061 1857 2254 1908 vanas,
2286 1841 2597 1897 ineliicaees
2640 1848 2694 1896 et
2741 1855 2987 1907 maneas,
3024 1840 3147 1896 fore
3203 1842 3511 1913 niilitiaque
3539 1858 3632 1900 ex.

385 1944 496 1996 ρειν
533 1945 592 1982 τε
619 1929 711 1982 καὶ
752 1930 1181 1999 στωμύλλεσθαι.
1215 1931 1325 1984 Καὶ
1368 1933 1517 2002 ἡμᾶς
1563 1948 1645 1986 σοι
1689 1933 1957 2004 προσήκει

374 2021 538 2089 ,χεῖρα
565 2019 782 2092 ὀρέγειν
828 2020 1125 2087 ἑκάστους,
1165 2023 1263 2093 ὅση
1292 2021 1541 2093 δύναμις.
1573 2023 1729 2078 Οὕτω
1753 2022 1861 2094 γὰρ
1894 2025 1960 2079 ἂν

382 2109 448 2163 σύ
493 2127 552 2164 τε
600 2111 1042 2182 ἀπειργασμένος
1075 2115 1194 2183 εἴης
1228 2114 1327 2183 οὐχ
1355 2114 1617 2185 ἡμιτελὴς
1649 2115 1809 2183 σοφὸς
1840 2113 1960 2166 οὐδὲ

380 2200 623 2266 κολοϐὸς,
653 2202 745 2256 ἐπὶ
787 2204 956 2273 μόνης
990 2203 1282 2276 ὀχούμενος
1318 2204 1419 2273 τῆς
1453 2208 1690 2277 φυσικῆς
1725 2206 1959 2276 ὑποσχέε-

383 2309 518 2358 σεως
543 2312 558 2326 ο
589 2296 656 2367 τῇ
696 2312 756 2349 τε
791 2295 1034 2367 πολιτεία
1064 2295 1247 2360 καλῶς
1275 2295 1340 2351 ἂν
1382 2296 1493 2368 ἔχοι
1522 2297 1673 2366 παρὰ
1708 2296 1960 2349 τοιούτων

380 2385 837 2455 ἐπιτροπεύεσθαι
857 2429 872 2453 ,
908 2386 1002 2440 καὶ
1040 2388 1203 2457 ἡμεῖς
1240 2386 1564 2458 όνησόμεθα,
1590 2387 1755 2458 τιμὴν
1784 2386 1842 2453 ἐξ
1868 2388 1963 2440 ἀνι

382 2474 615 2545 θρώπων
643 2476 929 2547 φιλοσοφίᾳ
954 2476 1390 2548 μνηστεύσαντες
1425 2477 1564 2548 μετά
1584 2477 1676 2530 τοῦ
1702 2477 1881 2548 μένειν
1904 2480 1960 2530 ὲν

380 2565 538 2634 ήθεσι
573 2566 891 2638 πρέπουσιν.
929 2569 1141 2620 Γένοιτο
1178 2567 1289 2638 γὰρ
1334 2567 1398 2621 ἂν
1433 2566 1604 2631 οὕτως
1656 2568 1804 2631 εἰκὸς
1836 2569 1961 2623 τού-

381 2659 596 2711 ναντίον
642 2657 720 2728 τῷ
760 2658 941 2731 μικρῷ
988 2660 1223 2733 πρόσθεν
1270 2660 1471 2726 εἰκότι,
1519 2661 1607 2713 ὅτε
1638 2663 1705 2733 τῇ
1735 2662 1833 2732 μὲν
1864 2662 1957 2715 τοῦ

381 2748 623 2820 πλήθους
652 2749 863 2822 ἀμαθία
910 2752 971 2806 τὸ
1004 2753 1314 2821 σοφιστικὸν
1362 2752 1527 2822 φῦλον
1554 2752 1813 2823 ἐλέγομεν
1840 2755 1961 2806 ὲπι-

377 2842 627 2897 τίθεσθαι
647 2860 659 2871 ⁸
691 2845 755 2898 ὲκ
783 2843 840 2897 δὲ
866 2843 1076 2910 τούτου,
1113 2843 1429 2916 συμϐαίνειν
1456 2843 1581 2907 τοὺς
1622 2843 1839 2914 ἀληθεῖς
1874 2861 1960 2913 φι-

378 2937 635 3006 λοσοφίας
683 2938 1050 3006 συντρόφους,
1101 2937 1323 2993 ἔλαττον
1368 2936 1512 3008 ἔχειν
1537 2937 1617 3000 εἰς
1652 2935 1808 3001 δόξαν
1850 2936 1959 2990 τῶν

377 3028 786 3097 ὖποόολιμαίων
814 3030 910 3081 καὶ
946 3028 1409 3099 παρεγγράπτων.
1459 3026 1597 3080 Ἀλλ’
1625 3028 1753 3081 ὅταν
1782 3029 1832 3081 ot
1862 3027 1959 3092 τὰς

378 3119 556 3189 ἀρχὰς
593 3119 873 3190 ἄρχοντες,
922 3121 1014 3172 καὶ
1057 3118 1147 3173 διὰ
1185 3119 1367 3191 χειρὸς
1398 3117 1612 3188 ἔχοντες
1638 3118 1705 3170 τὰ
1731 3117 1837 3171 τῶν
1868 3119 1960 3171 πό-

383 3208 518 3262 λεων
557 3210 876 3283 πράγματα,
917 3210 992 3282 μή
1019 3210 1110 3264 τοῦ
1151 3210 1389 3282 πλήθους
1418 3205 1577 3276 ὦσιν,
1610 3210 1723 3263 ἀλλ’
1762 3209 1958 3281 ἔχωσιν

382 3300 529 3364 νοῦν,
560 3303 697 3372 ταχὺ
741 3302 1131 3376 διαγνώσονται
1170 3300 1257 3354 τὸν
1291 3301 1445 3355 νόθον
1485 3317 1544 3354 τε
1581 3301 1674 3355 καὶ
1714 3300 1803 3354 τὸν
1825 3302 1959 3371 γνή-

383 3409 529 3469 σιρνο
566 3395 661 3449 καὶ
706 3395 807 3449 ούκ
832 3392 906 3448 ἐτ’
949 3392 1013 3446 ἂν
1044 3392 1295 3465 χαλεπῶς
1333 3394 1361 3445 ὁ
1408 3391 1574 3462 δῆμος
1604 3392 1704 3461 τὴν
1743 3390 1958 3461 ἀπάτην

384 3484 956 3554 μεταδιδάσκοιτο.“’ού
996 3485 1105 3556 γὰρ
1156 3484 1329 3538 εἰπεῖν
1362 3502 1415 3538 τι
1452 3484 1532 3537 δεῖ
1567 3483 1704 3555 πρὸς
1738 3483 1954 3546 αὐτοὺς,

380 3573 494 3627 ἀλλ’
532 3575 766 3647 ἀφανείᾳ
812 3575 1109 3646 διαγράψαι
1151 3575 1276 3640 τοὺς
1310 3574 1615 3647 κιϐδήλους.
1653 3574 1763 3627 Καὶ
1797 3573 1957 3643 φύσις

379 3666 498 3718 ἐστὶ
534 3665 623 3720 διὰ
652 3667 752 3737 τῆς
796 3667 905 3720 τῶν
955 3667 1276 3739 ἀρχομένων
1325 3664 1777 3735 συγκαταθέσεως
1823 3664 1955 3719 θαυ-

382 3756 648 3827 μάζεσθαι
674 3757 734 3810 τὸ
760 3757 1090 3829 ἡγούμενονο
1121 3759 1243 3812 ἐπεὶ
1279 3759 1372 3811 καὶ
1403 3756 1496 3810 νῦν
1524 3757 1622 3826 οὐχ
1657 3757 1855 3827 ἥκιστα
1890 3757 1954 3828 τῇ

381 3847 490 3900 τῶν
530 3848 868 3919 πραγμάτων
910 3850 1110 3922 ἀτοπία
1165 3850 1224 3903 τὸ
1278 3849 1483 3920 πλῆθος
1528 3848 1792 3918 ἑπόμενον
1831 3848 1957 3913 τοὺς

383 3937 784 4008 ἁκερσεκόμας,
830 3939 928 3991 καὶ
964 3938 1173 4002 πάντας
1214 3940 1341 4001 τοὺς
1380 3938 1714 4009 τολμῶντας,
1768 3954 1959 4008 περιτο

381 4029 508 4092 τοὺς
535 4028 599 4102 δή
624 4046 775 4094 τινας
797 4031 1028 4101 ἥγηνται
1048 4045 1061 4059 ·
1090 4029 1159 4083 τά
1188 4047 1246 4083 τε
1279 4029 1412 4084 ἄλλα
1443 4028 1806 4100 ποικιλώτερα
1825 4028 1954 4100 γένη

380 4119 489 4172 τῶν
515 4121 783 4189 σοφιστῶν
815 4123 1092 4196 μονονουχὶ
1117 4120 1366 4176 σέϐονταί
1387 4139 1447 4175 τε
1475 4121 1570 4175 καὶ
1600 4121 1839 4186 ἅζονται,
1863 4121 1957 4174 καὶ

385 4209 618 4279 μάλιστα
660 4211 840 4264 αὐτῶν
871 4211 987 4265 ὅσοι
1025 4210 1265 4282 βαίνουσι
1300 4209 1539 4282 κορύνῃ,
1579 4209 1674 4263 καὶ
1718 4208 1824 4281 πρὸ
1861 4208 1955 4262 τοῦ

382 4302 713 4370 φθέγξασθαι
753 4304 1146 4375 χρέμπτονται.
1191 4301 1401 4358 Οὐκοῦν
1436 4303 1527 4355 καὶ⁵
1561 4300 1850 4373 βοηθήσεις
1888 4305 1956 4371 τῇ

380 4395 518 4465 τύχῃ
550 4395 895 4464 φιλοσοφίας,
926 4395 1041 4450 ἀλλ’
1079 4395 1140 4448 οὐ
1179 4393 1581 4465 κατηγορήσεις
1611 4392 1783 4463 αὐτῆς
1805 4392 1958 4445 οὐδὲν

2060 1933 2251 2003 agitet,
2282 1947 2347 1987 ac
2380 1933 2425 1987 si
2472 1931 2610 1986 nihil
2644 1932 3019 1988 conducerent
3058 1933 3128 1987 ad
3153 1933 3329 1989 serias
3364 1936 3635 2001 actiones,

2059 2040 2182 2096 quae
2208 2023 2312 2080 sub
2334 2030 2525 2094 aperto
2553 2024 2693 2080 caelo
2722 2032 3010 2094 geruntur,
3037 2025 3189 2079 scitae
3213 2034 3395 2082 autem
3426 2026 3540 2081 sint
3565 2028 3634 2081 ad

2058 2116 2288 2173 delicias
2323 2124 2379 2171 et
2428 2115 2641 2170 ludicra
2677 2115 2934 2186 puerilia,
2965 2123 3131 2184 atque
3170 2132 3346 2190 nugas
3377 2116 3635 2174 effutien-

2059 2208 2180 2263 das.
2211 2206 2322 2262 Nos
2351 2207 2518 2261 etiam
2549 2207 2651 2261 tibi
2671 2220 2894 2262 manum
2921 2206 3328 2276 opitulatricem
3358 2210 3637 2280 porrigere

2062 2316 2160 2371 par
2189 2310 2274 2357 est
2296 2300 2573 2369 singulos,
2599 2307 2870 2369 quantum
2901 2302 3141 2369 quisque
3170 2300 3378 2355 conniti
3408 2302 3633 2371 poterit.

2061 2389 2156 2447 Sic
2180 2392 2324 2446 enim
2357 2391 2648 2447 absolutus
2682 2390 2904 2460 sapiens
2942 2390 3147 2455 fueris,
3178 2406 3290 2447 non
3323 2391 3634 2459 inchoatus,

2061 2498 2240 2553 neque
2273 2482 2633 2554 imperfectus
2660 2489 2715 2537 et
2745 2481 2993 2546 mutilus,
3026 2487 3085 2535 ut
3132 2482 3226 2552 qui
3260 2497 3325 2539 eo
3359 2484 3478 2538 solo
3518 2498 3638 2540 eve-
3700 2482 3703 2485 ’

2059 2572 2231 2638 hitur,
2256 2571 2404 2641 quod
2447 2586 2477 2625 a
2512 2579 2712 2625 natura
2753 2571 3084 2641 suggeritur.
3119 2570 3184 2624 Et
3255 2586 3382 2626 cum
3440 2573 3634 2643 repub.

2057 2677 2278 2733 quoque
2321 2661 2582 2732 praeclare
2628 2670 2855 2732 agatur,
2887 2677 3017 2717 cum
3048 2663 3186 2718 tales
3235 2663 3404 2734 hujus
3443 2679 3633 2721 curam

2060 2761 2292 2821 gerant:
2334 2752 2492 2807 nobis
2533 2751 2640 2805 hoc
2668 2751 2722 2804 in
2786 2750 2989 2805 bonum
3026 2759 3219 2818 vertet,
3253 2754 3514 2809 honorem
3567 2755 3639 2809 ab

2062 2843 2377 2898 hominibus
2414 2843 2778 2915 philosophiae
2829 2843 3228 2914 despondisse,
3276 2845 3349 2901 iis
3389 2848 3638 2903 moribus

2060 2935 2467 3004 perseverando
2493 2935 2585 3005 qui
2614 2935 2800 2990 decori
2838 2944 2988 2990 sunt.
3020 2934 3156 2989 Nam
3211 2936 3286 2991 ita
3340 2937 3641 2995 verisimile

2060 3028 2291 3083 exsistet
2319 3027 2662 3082 contrarium
2702 3025 2752 3082 ei
2785 3026 3092 3090 verisimili,
3125 3027 3272 3096 quod
3318 3028 3482 3099 paulo
3511 3039 3638 3087 ante

2062 3110 2535 3187 expositum‘l‘uit,
2570 3131 2697 3170 cum
2732 3116 3103 3173 multitudinis
3139 3117 3369 3173 inscitiae
3400 3126 3456 3173 et
3487 3121 3639 3175 rudi-

2062 3210 2156 3262 tati
2184 3215 2400 3277 gentem
2423 3207 2799 3278 sephistarum
2848 3207 3012 3278 310
3051 3208 3303 3264 insidiari
3353 3208 3635 3269 diximus:

2059 3295 2205 3351 unde
2236 3295 2527 3350 usuveniat
2569 3305 2627 3351 ut
2658 3296 2773 3351 veri
2820 3297 3180 3366 philowphite
3210 3299 3417 3353 alumni
3453 3301 3638 3358 minus

2061 3386 2404 3441 honorentur
2466 3403 2630 3457 quam
2691 3388 2962 3443 subdititii
3014 3397 3069 3443 et
3135 3390 3447 3459 ascriptitii.
3498 3389 3634 3447 Cum

2059 3487 2239 3532 autem
2277 3478 2314 3530 ii
2348 3478 2442 3548 qui
2479 3479 2832 3548 magistratus
2864 3487 3083 3550 gerunt,
3113 3488 3168 3535 et
3217 3480 3503 3536 civitatum
3533 3498 3632 3537 ne-

2058 3570 2205 3638 gotia
2234 3574 2497 3633 tractant,
2523 3585 2630 3625 non
2668 3572 2888 3640 quidam
2913 3572 3126 3642 evulgo
3155 3570 3381 3638 fuerint,
3417 3575 3511 3629 sed
3547 3575 3634 3629 in-

2063 3659 2376 3729 telligentes
2421 3660 2696 3727 homines,
2733 3660 3025 3716 confestim
3062 3662 3137 3715 illi
3161 3663 3477 3719 discernent
3505 3680 3634 3736 spu-

2063 3750 2204 3805 rinm
2240 3765 2270 3804 a
2298 3767 2429 3806 vero
2452 3759 2506 3807 et
2536 3753 2816 3823 legitimo:
2845 3767 3023 3824 neque
3048 3753 3163 3825 jam
3190 3755 3408 3812 dimcile
3431 3760 3634 3828 popqu

2058 3854 2203 3901 esset
2240 3859 2481 3900 errorem
2534 3861 2694 3901 suum
2730 3845 3035 3902 dediscere.
3101 3845 3220 3903 Non
3254 3849 3400 3904 enim
3452 3851 3636 3908 dicere

2060 3937 2146 3993 bis
2180 3938 2478 4009 quidquam
2513 3945 2746 4009 oportet,
2783 3953 2976 3992 verum
3009 3939 3365 4009 ignobilitatis
3392 3950 3519 3997 nota
3553 3942 3636 3997 in-

2058 4027 2262 4084 ducere
2292 4028 2575 4099 improbos
2607 4038 2661 4081 et
2693 4029 3054 4085 adulterinos.
3090 4029 3154 4084 Et
3185 4038 3381 4086 natura
3407 4048 3634 4107 compa-

2059 4127 2238 4174 ratum
2271 4127 2376 4185 est,
2418 4129 2477 4175 ut
2512 4121 2559 4176 is
2600 4120 2691 4192 qui
2719 4120 3034 4192 praeﬁcitur.
3060 4138 3126 4178 ex
3160 4124 3320 4194 plena
3350 4125 3458 4181 sibi
3505 4127 3637 4183 sub-

2059 4213 2297 4267 ditorum
2321 4213 2664 4281 assensione,
2690 4213 2743 4268 in
2774 4212 3191 4269 admirationem
3222 4217 3424 4272 veniat.
3451 4217 3636 4284 Quan-

2059 4304 2354 4375 doquidem
2410 4305 2711 4359 etiamnum
2778 4304 3019 4359 maxime
3075 4320 3260 4360 rerum
3308 4307 3635 4363 absurditati

2058 4395 2255 4464 vulgus
2289 4391 2597 4459 adluerens,
2637 4393 2895 4460 cirratos,
2923 4396 3171 4452 intonsos
3201 4405 3256 4452 et
3283 4412 3475 4454 omnes
3532 4414 3635 4454 au-

382 4485 694 4557 ἀδικούσης.
721 4487 793 4538 Τὸ
820 4488 927 4558 γὰρ
948 4485 1092 4549 εἰκὸς
1116 4486 1288 4558 ἐφάνη
1318 4484 1621 4555 γινόμενον,
1653 4482 1682 4537 ὃ
1709 4484 1774 4536 σὺ
1799 4501 1958 4556 μετα-

2063 4484 2335 4548 daciores,
2366 4484 2574 4555 primos
2607 4493 2662 4540 et
2701 4486 2932 4542 eximios
2978 4486 3248 4556 quosdam
3304 4490 3456 4546 viros
3511 4506 3634 4547 esse

385 4577 568 4647 θήσεις
602 4580 694 4631 ἐπὶ
718 4579 777 4632 τὸ
819 4580 1095 4651 προσῆκον
1121 4580 1214 4632 καὶ
1251 4579 1480 4650 βέλτιον,
1498 4579 1626 4633 ὅταν
1648 4576 1958 4652 ἐρρωμενέ-

384 4671 575 4741 στερόν
606 4688 698 4724 σου
726 4670 793 4725 τὰ
810 4671 1127 4742 φιλοσοφίας
1147 4672 1474 4742 ἁνθάψηται.
1521 4673 1672 4726 Ἐπεὶ
1708 4671 1840 4742 μηδὲ
1862 4669 1956 4723 νῦν

384 4765 625 4835 ἀγεννῶς
650 4764 877 4837 ἐνῆρξας
894 4765 993 4835 τῆς
1028 4763 1498 4835 συμμαχίας,τοὺς
1534 4763 1700 4826 κύνας
1732 4760 1958 4815 ἀνθυλα-

384 4852 612 4922 κτήσας,
631 4854 725 4906 καὶ
744 4852 839 4924 τὴν
856 4852 1139 4906 Δεκέλειαν
1160 4850 1315 4923 ήμῶν
1334 4851 1697 4923 ἀποτειχίζειν
1714 4850 1957 4905 ἐπιλαϐό-

388 4960 568 5013 μενος.
595 4944 898 5015 Πυθὸμενός
914 4961 973 4997 τε
994 4938 1087 4998 οὖν
1102 4942 1228 5014 περὶ
1248 4942 1340 4994 σοῦ
1360 4942 1507 5012 παρὰ
1525 4942 1631 4996 τῶν
1651 4940 1945 5013 προλαϐόν-

386 5055 493 5092 των
516 5037 719 5109 ἐπίτὴν
750 5036 847 5109 σὴν
878 5036 1182 5107 συνήθειαν.
1215 5036 1307 5089 καὶ
1324 5034 1483 5097 αὐτὸς
1548 5032 1573 5089 .’
1588 5034 1768 5102 ὀλίγου
1796 5049 1952 5087 κατα·
1998 5032 2005 5041 ί

386 5136 580 5205 νοήσας
609 5130 718 5203 ἐρῶ
750 5132 876 5188 τοὺς
915 5129 1338 5200 ἀστρονομικοὺς
1384 5125 1684 5197 σπινθῆρας
1739 5126 1957 5189 ἐνόντας

388 5239 480 5282 σου
511 5228 579 5297 τῇ
607 5224 753 5295 ψυχῇ
789 5221 1011 5282 τούτους
1043 5219 1257 5289 ἐξάψαι,
1288 5219 1380 5272 καὶ
1412 5217 1506 5270 ἐπὶ
1539 5218 1681 5288 μέγα
1710 5213 1841 5288 ἆραι
1870 5216 1959 5271 διὰ

384 5318 493 5371 τῶν
533 5316 763 5370 ἐνόντων
795 5312 1231 5381 ἐπιϐαλλόμενος.
1280 5307 1635 5381 Ἀστρονομία
1672 5308 1780 5377 γὰρ
1817 5307 1952 5379 αὐτή

385 5423 445 5459 τε
478 5403 816 5478 ὐπέρσεμνός
862 5404 1010 5458 ἐστιν
1050 5400 1352 5473 ἐπιστήμη,
1401 5399 1493 5454 καὶ
1537 5399 1654 5470 τάχ’
1685 5397 1953 5453 ἀναϐιϐαο

391 5497 522 5568 σμὸς
550 5497 642 5551 ἐπί
662 5514 714 5551 τι
736 5495 1104 5569 πρεσϐύτερον
1131 5491 1325 5563 γένοιτ’
1355 5491 1439 5547 ἄν·
1465 5491 1532 5561 ἢν
1555 5488 1665 5558 ἐγὼ
1691 5488 1956 5561 προσεχὲς

388 5593 624 5664 ἠγοῦμαι
654 5590 946 5661 πορθμεῖον
977 5593 1075 5659 τῆς
1108 5589 1417 5660 ἀπορρήτου
1443 5583 1750 5653 θεολογίας.
1785 5581 1957 5654 Ὕλην

2063 4586 2270 4632 censet.
2298 4574 2528 4646 Reliqua
2580 4584 2785 4640 autem,
2840 4577 3015 4647 magis
3066 4576 3220 4631 varia
3267 4589 3322 4635 et
3355 4581 3628 4637 callidior:

2064 4667 2433 4738 sophistarum
2463 4682 2661 4737 genera
2700 4674 2911 4722 tantum
2945 4682 3054 4722 non
3091 4669 3241 4723 omni
3265 4670 3414 4725 cultu
3443 4679 3497 4725 et
3542 4688 3636 4728 ve-

2063 4760 2348 4814 neratione
2391 4768 2963 4830 prosequunturgeos
3024 4763 3325 4830 praesertim
3375 4762 3469 4831 qui
3509 4778 3633 4817 cum

2062 4852 2216 4907 clava
2248 4859 2341 4905 aut
2369 4851 2616 4921 scipione
2666 4849 2946 4913 incedunt,
3002 4856 3055 4905 et
3100 4860 3263 4920 sputa
3302 4861 3428 4906 ante
3471 4869 3634 4921 quam

2064 4943 2228 4997 verba
2272 4941 2529 4995 fundunt.
2568 4940 2750 5008 Quare
2790 4950 2844 4995 ct
2877 4940 3076 5010 iniqua:
3109 4942 3268 5004 sorti,
3316 4958 3420 5011 qua
3456 4943 3635 5012 philo-

2063 5036 2253 5104 scphia
2284 5036 2473 5097 utitur,
2505 5048 2818 5095 succurres,
2842 5048 3018 5105 neque
3050 5033 3195 5088 illam
3230 5034 3636 5104 eriminaberis,

2062 5142 2184 5196 qua:
2207 5126 2458 5197 injuriam
2487 5141 2595 5181 non
2625 5124 2777 5179 facit.
2824 5124 2959 5179 Nam
2989 5139 3098 5195 quo
3151 5139 3368 5194 aequum
3418 5136 3473 5180 et
3502 5140 3636 5180 ron-

2060 5226 2384 5274 sentancum
2411 5225 2516 5281 est,
2552 5217 2605 5272 id
2638 5219 2892 5288 apparuit
2927 5217 3061 5273 ﬁeri.
3101 5216 3212 5272 Hoc
3243 5226 3298 5271 tu
3333 5217 3637 5275 transferes

2060 5309 2211 5365 adid
2262 5307 2408 5381 quod
2465 5308 2638 5379 magis
2689 5309 2950 5364 decorum
3011 5318 3067 5365 et
3122 5309 3477 5380 prestantius
3527 5313 3636 5375 est,

2062 5397 2286 5471 quando
2341 5398 2613 5453 valentius
2662 5408 2717 5453 et
2766 5397 3088 5470 ﬂagrantius
3149 5405 3203 5454 te
3259 5397 3638 5470 philosophica

2063 5485 2477 5556 corripuerint:
2516 5501 2639 5541 eum
2673 5502 2743 5542 ne
2771 5502 2920 5543 nunc
2949 5486 3170 5558 quidem
3225 5488 3462 5561 segniter
3507 5500 3637 5559 pro-

2066 5578 2450 5651 pugnationem
2487 5579 2714 5638 adortus
2742 5579 2859 5637 sis:
2902 5581 3100 5654 quippe
3140 5581 3232 5654 qui
3282 5581 3514 5638 canibus
3555 5580 3633 5637 la-
