3908 6114
362 386 500 443 1585

1446 398 1535 455 ne
1565 398 1750 461 nono
1775 360 2194 463 asrnomnu
2232 406 2486 470 senae.

3440 376 3613 466 ἰεεθ

358 495 550 595 λιςγους
579 495 795 595 τέμνειν
823 500 1107 595 frontium,
1158 509 1587 580 συγγενεστέραν
1640 512 1932 584 ἡγούμενοι

2040 527 2089 574 et
2136 534 2270 576 cura
2309 523 2731 589 statuissemus,
2767 523 3207 588 elaboravimus,
3253 531 3308 579 et
3349 522 3615 595 scriptum

356 586 454 658 τὴν
474 588 723 644 ὁπωσοῦν
750 589 936 662 κοίλην
960 595 1027 665 τῇ
1049 593 1232 648 τέλεον
1262 602 1524 672 σφαιρικῇ
1548 617 1563 631 ο
1595 601 1936 675 ὑπεμὸολαίᾳ

358 678 421 733 τὸ
448 680 648 745 πλάτος
680 682 1058 754 ὲκοιλάναμεν,
1106 686 1176 747 τά
1206 703 1265 740 τε
1297 687 1433 743 ἄλλα
1477 692 1898 764 ἐπεμελήθημεν
1917 734 1931 760 ,

358 770 508 835 ὅπως
541 771 606 826 ἂν
631 774 665 843 ἡ
697 776 970 842 φαντασία
998 776 1088 830 τοῦ
1119 779 1353 848 ὀργάνου
1387 782 1483 852 τῆς
1509 784 1770 854 ἀληθείας
1803 786 1938 839 ὑποο

363 865 648 937 μιμνήσκῃ
673 867 766 920 τὸν
790 865 972 921 ἔννουν
1000 871 1217 941 θεατήν.
1255 872 1366 925 Καὶ
1393 870 1502 945 γάρ
1533 878 1647 939 τοῖς
1675 875 1735 941 ἒξ
1770 876 1934 947 μεγέ-

361 957 509 1009 θεσιν
558 957 686 1020 τοὺς
735 956 1091 1029 διαφέροντας
1134 960 1371 1032 ἀστέρας
1417 964 1787 1037 ὲνετάξαμεν,
1841 966 1936 1020 καὶ

359 1049 485 1110 τοὺς
505 1047 642 1117 πρὸς
662 1048 921 1120 ἀλλήλους
941 1051 1117 1104 αὐτῶν
1137 1056 1546 1124 σχηματισμοὺς
1569 1057 1934 1127 ἐτηρήσαμεν.

369 1138 489 1191 Τῶν
517 1139 576 1191 δὲ
602 1137 818 1194 κύκλων
847 1143 974 1206 τοὺς
1004 1144 1103 1213 μὲν
1138 1144 1571 1216 ⁸ιιέριηγόιγομιεν,
1603 1148 1732 1211 τοὺς
1769 1147 1825 1201 δὲ
1856 1148 1938 1201 δι-

362 1232 644 1303 ηγάγομεν
670 1251 681 1262 ·
710 1233 956 1297 ἅπαντας
977 1236 1033 1289 δὲ
1059 1237 1326 1308 ὲτέμομεν
1346 1240 1627 1309 μοιρικῶς,
1651 1240 1746 1304 τὰς
1773 1241 1938 1296 πέντε

367 1325 641 1395 μοιριαίας
683 1327 948 1397 γραμμὰς
1010 1329 1229 1394 μείζους
1283 1329 1393 1382 τῶν
1448 1332 1734 1402 μοιριαίων
1782 1332 1941 1402 ποιή-

366 1432 593 1474 σαντες·
646 1417 727 1470 ὅτι
775 1418 869 1470 καλ⁵
913 1417 1013 1483 τάς
1064 1420 1379 1492 ἐπιγραφὰς
1402 1420 1510 1474 τῶν
1541 1422 1937 1493 ἀριθμῶνςκαιΐ

364 1507 531 1568 αὑτὰς
562 1509 1014 1580 παρηυξήσαμεν,
1067 1512 1161 1565 καὶ
1201 1514 1259 1565 ὲν
1304 1512 1530 1583 ἀργύρῳ
1569 1512 1663 1566 τοῦ
1713 1513 1942 1583 μέλανος

363 1599 601 1668 ἔμφασιν
621 1599 825 1670 βιϐλίου
848 1599 1128 1665 ποιοῦντος
1148 1602 1209 1655 τὸ
1230 1604 1610 1674 ὑποκείμενον.
1633 1603 1940 1675 Τέτμηνται

360 1691 419 1742 δὲ
444 1692 541 1762 οὐχ
570 1691 903 1762 ὁμοστοίχως
940 1692 1177 1757 ἅπαντες
1196 1735 1211 1759 ,
1255 1692 1369 1748 οὗθ’
1396 1696 1607 1758 ἑαυτοῖς
1639 1691 1751 1747 οὔτ’
1779 1693 1941 1765 ἀλλή-

362 1782 475 1847 λοις
496 1800 510 1814 ο
542 1784 656 1837 ἀλλ’
677 1784 726 1836 oi
752 1785 849 1853 μὲν
874 1784 955 1846 είς
985 1785 1107 1848 ῐσας
1135 1785 1327 1856 τομὰς,
1351 1787 1398 1839 oi
1424 1786 1481 1839 δὲ
1511 1786 1816 1857 ἀνωμάλως
1843 1786 1940 1857 μὲν

2039 609 2348 676 edidimus,
2384 613 2671 682 quodcum
2710 614 2866 685 copia
2905 615 3217 669 necessaria
3243 654 3257 677 ,
3299 621 3412 668 tum
3439 616 3619 670 varie~

2044 699 2569 756 tatetbeorematum
2605 703 2930 769 stipavimus
2951 742 2965 766 ,
3006 708 3060 756 ct
3097 701 3165 755 ad
3196 702 3475 755 materiam
3508 711 3616 753 trao

2039 783 2243 841 ducere
2302 789 2702 858 disputationes
2768 791 3120 856 studuimus,
3183 791 3616 861 pulcherrimum

2037 875 2240 931 tabulae
2274 878 2460 933 mundi
2489 879 2847 935 simulacrum
2875 880 3070 935 moliti.
3103 878 3239 934 Cum
3273 894 3401 934 vero
3429 878 3618 933 eadem

2042 967 2300 1023 tractatio
2359 979 2414 1025 et
2465 972 2685 1041 planam
2732 971 3119 1042 superﬁciem,
3167 979 3220 1026 et
3280 972 3622 1042 aequabiliter

2038 1070 2230 1111 cavam
2283 1058 2338 1112 in
2394 1046 2637 1117 rationes
2680 1070 2860 1117 certas
2904 1076 3094 1116 secare
3140 1061 3452 1124 concedat,
3491 1061 3621 1133 quia

2038 1146 2301 1216 majorem
2363 1152 2748 1220 cognationem
2788 1151 2991 1207 habere
3041 1151 3380 1208 ducebamus
3433 1152 3622 1222 quale-

2042 1253 2262 1308 cunque
2307 1254 2502 1295 cavum
2566 1257 2692 1296 cum
2749 1257 2981 1313 corpore
3039 1241 3283 1313 perfecte
3341 1242 3617 1313 globoso:

2040 1329 2250 1386 idcirco
2298 1334 2458 1401 plana
2505 1334 2688 1388 tabula
2726 1349 2921 1389 cavum
2972 1332 3332 1404 deprimendo
3388 1332 3622 1404 perfeci-

2039 1436 2163 1476 mus
2203 1440 2216 1476 :
2267 1430 2381 1476 tum
2421 1423 2526 1478 alia
2585 1426 3014 1494 exquisivimus,
3051 1440 3161 1497 quo
3189 1425 3376 1495 organi
3412 1424 3622 1494 species

2041 1524 2293 1581 sagacem
2339 1520 2704 1582 spectatorem
2746 1514 2814 1569 de
2848 1515 3080 1570 veritate
3128 1514 3436 1570 admoneat.
3482 1513 3618 1568 Nam

2039 1609 2095 1656 et
2123 1602 2311 1657 stellas
2344 1602 2488 1667 illas,
2517 1620 2750 1674 quarum
2787 1621 2917 1661 sena
2957 1605 3396 1676 magnitudinum
3425 1605 3622 1661 discri-

2041 1691 2190 1746 mina
2234 1702 2393 1759 sunt,
2430 1694 2623 1750 ordine
2658 1696 3031 1763 inseruimus,
3068 1706 3122 1752 et
3158 1696 3351 1750 barum
3397 1697 3537 1752 inter
3563 1711 3623 1752 se

2045 1781 2513 1840 conformationes
2583 1786 2941 1840 servavimus.
3011 1782 3089 1840 De
3147 1785 3372 1841 circulis
3439 1795 3619 1841 autem

363 1876 457 1928 καὶ
503 1875 704 1939 ἀνίσως
738 1874 881 1928 κατά
909 1876 1009 1945 τὴν
1036 1875 1312 1947 αἴσθησιν,
1360 1876 1438 1948 τῷ
1464 1877 1610 1948 λόγῳ
1638 1878 1695 1931 δὲ
1723 1876 1936 1948 ὁμαλῶς

2045 1871 2310 1945 quosdam
2347 1874 2556 1928 circum
2605 1875 2784 1942 alios,
2823 1874 3094 1946 quosdam
3139 1890 3236 1945 per
3283 1875 3419 1931 alios
3463 1874 3624 1929 duxi-

360 1985 421 2021 τε
468 1970 561 2021 καὶ
592 1963 683 2020 ἶσα
716 1967 827 2039 [γρ.
861 1966 1035 2038 ictuc].
1070 1968 1242 2022 τοῦτο
1288 1968 1398 2040 γὰρ
1447 1969 1555 2023 ἔδει
1591 1968 1935 2038 συμϐαίνειν,

362 2058 431 2112 ἵν’
456 2058 766 2130 ὁμολογήσῃ
797 2058 864 2112 τά
898 2058 1225 2130 διαφέροντα
1255 2061 1530 2130 σχήματα.
1562 2060 1640 2111 Δι’
1666 2060 1734 2129 ήν
1759 2059 1938 2113 αἰτίαν

361 2148 455 2201 κα)⁸
485 2150 533 2201 oi
561 2149 648 2202 διὰ
677 2150 785 2202 τῶν
820 2150 998 2202 πόλων
1030 2167 1089 2204 τε
1117 2150 1210 2203 καὶ
1242 2149 1350 2203 τῶν
1377 2148 1659 2220 τροπικῶν
1693 2148 1936 2220 σημείων

359 2239 694 2309 γραφόμενοι
725 2238 968 2310 μέγιστοι
1013 2240 1199 2295 κύκλοι
1219 2282 1241 2305 ,
1282 2240 1361 2310 τῷ
1388 2240 1531 2312 λόγῳ
1562 2240 1812 2311 μένοντες
1841 2239 1938 2295 κύρ

360 2330 497 2397 κλοι,
533 2331 819 2399 γεγόνασιν
847 2330 1055 2385 εὐθεῖαι
1088 2335 1154 2404 τῇ
1203 2331 1491 2402 μεταθέσει
1520 2330 1613 2385 τοῦ
1643 2330 1933 2402 θεωρήμα-

359 2438 451 2485 τος
473 2438 486 2452 ·
532 2422 561 2476 δ
590 2440 649 2475 τε
686 2424 1071 2494 Ἀνταρκτικδς
1113 2423 1313 2494 μείζων
1343 2424 1660 2476 ὲντέτακται
1699 2422 1806 2476 τῶν
1841 2438 1938 2492 με·

359 2511 580 2578 γίστων,
604 2514 699 2567 καὶ
727 2514 794 2566 τά
826 2514 963 2586 πρὸς
992 2513 1251 2584 ἀλλήλους
1277 2515 1620 2584 διαστήματα
1645 2512 1755 2567 τῶν
1776 2511 1937 2566 ἀστέ-

362 2620 471 2668 ρων
503 2603 838 2675 ὲμεγεθύνθή
880 2605 1000 2658 κατ’
1033 2606 1209 2660 ἐκεῖνο
1249 2606 1350 2675 τῆς
1393 2604 1773 2671 ὲξαπλώσεως.
1811 2603 1934 2657 Τῶν

359 2694 415 2746 δὲ
446 2696 881 2767 ἐπιγραμμάτων
921 2696 957 2751 ἂ
986 2697 1075 2751 διὰ
1102 2697 1305 2769 χρυσοῦ
1338 2697 1559 2768 στερεοῦ
1586 2698 1707 2758 ταῖς
1741 2688 1959 2766 σχολα-’

360 2784 582 2848 ζούσαις
625 2786 871 2857 ἀστέρων
916 2788 1157 2859 χώραις,
1205 2789 1346 2842 κατά
1402 2788 1493 2841 τὸν
1547 2784 1934 2857 ’Δνταρκτικὸν

361 2875 559 2928 κύκλον
588 2876 987 2947 ὲγκολάψαντες
1015 2878 1377 2950 ὲνεθήκαμεν,
1410 2880 1472 2932 τὸ
1502 2880 1600 2949 μὶν
1618 2877 1851 2947 ὕστερον
1876 2874 1939 2931 τδ

359 2966 711 3036 τετράστιχον
768 2969 991 3038 ἀρχαῖόν
1039 2971 1219 3036 ἐστιν,
1266 2969 1647 3042 ἀπλουστέρως
1691 2968 1811 3040 έχον
1859 2968 1939 3031 είς

361 3058 722 3129 ἀστρονομίαν
745 3060 1017 3131 ἐγκώμιον
1041 3078 1054 3092 ·

2041 1980 2203 2020 mus:
2236 1966 2525 2023 universos
2549 1975 2731 2023 autem
2763 1967 2817 2022 in
2847 1976 3033 2038 partes
3055 1966 3362 2034 secuimus;
3393 1977 3445 2021 et
3468 1967 3623 2037 quin-

2041 2061 2221 2110 tarum
2249 2065 2402 2113 certe
2429 2059 2662 2128 partium
2693 2059 2865 2114 lineas
2887 2059 3209 2130 grandiores
3231 2074 3393 2129 quam
3431 2059 3620 2128 singu-

2040 2145 2220 2200 larum
2258 2148 2497 2217 partium
2534 2146 2763 2206 fecimus
2795 2168 2809 2203 :
2848 2159 3137 2219 propterea
3170 2150 3319 2222 quod
3357 2165 3623 2205 numero~

2040 2250 2163 2290 rum
2202 2237 2368 2292 etiam
2410 2237 2801 2309 inscriptiones
2839 2239 2994 2315 juxta
3040 2238 3138 2293 bas
3182 2239 3620 2308 exsculpsimus,

2039 2333 2205 2396 atque
2234 2328 2291 2381 in
2311 2334 2573 2398 argento,
2616 2329 2673 2382 in
2713 2344 2822 2399 quo
2854 2336 3031 2383 atrum
3073 2328 3196 2383 libri
3241 2329 3477 2399 speciem
3512 2343 3623 2398 pra:

2041 2433 2101 2475 se
2128 2416 2255 2483 fert,
2289 2418 2342 2473 id
2365 2420 2508 2490 quod
2536 2420 2748 2475 litteras
2776 2422 2999 2492 excipit.
3031 2422 3262 2478 Dissecti
3284 2428 3465 2475 autem
3495 2428 3623 2474 sunt

2040 2523 2152 2565 non
2199 2509 2318 2580 pari
2375 2510 2520 2564 serie
2567 2510 2844 2575 universi,
2877 2519 2986 2566 tam
3035 2513 3139 2583 ipsi
3188 2528 3285 2583 per
3331 2527 3392 2568 se
3455 2526 3619 2581 quam

2004 2607 2296 2671 respectu
2348 2601 2491 2655 inter
2526 2616 2641 2655 se:
2694 2603 2789 2658 sed
2836 2604 2925 2658 alii
2987 2604 3209 2674 quidem
3255 2604 3308 2656 in
3350 2602 3623 2657 scctiones

2038 2692 2318 2763 mquales,
2373 2691 2466 2745 alii
2532 2706 2662 2746 vero
2721 2693 3118 2763 inaequabiliter
3168 2700 3222 2749 et
3284 2692 3623 2762 inaequaliter

2044 2798 2241 2846 sensu,
2278 2783 2492 2838 ratione
2525 2791 2709 2839 autem
2747 2793 2802 2841 et
2840 2785 3180 2856 aequabiliter
3214 2793 3268 2839 et
3314 2784 3619 2854 aequaliter.

2043 2872 2104 2933 ιιι
2149 2874 2297 2929 enim
2357 2874 2610 2932 accidere
2664 2884 2906 2948 Oportet,
2964 2886 3023 2931 ut
3083 2884 3454 2929 consentanea
3510 2873 3623 2927 siut

2047 2966 2279 3020 diversae
2326 2965 2529 3037 ﬁgurae.
2558 2966 2677 3034 Qua
2730 2967 2798 3023 de
2849 2982 3016 3023 causa
3047 2976 3101 3021 et
3142 2967 3220 3020 illi
3261 2966 3482 3021 maximi
3521 2966 3624 3018 cir-

2053 3056 2282 3133 culi'qui
2321 3073 2415 3127 per
2438 3060 2593 3128 polos
2623 3066 2678 3114 et
2706 3067 2907 3130 puncta
2939 3059 3148 3129 tropica
3197 3057 3618 3119 describuntur,

362 3168 485 3207 cum
520 3155 851 3210 circulorum
878 3157 1143 3211 rationem
1177 3157 1471 3223 retineant,
1496 3157 1830 3212 theoremate
1850 3158 2083 3214 mutato,
2114 3162 2276 3206 rectae
2296 3151 2457 3208 lineae
2485 3151 2614 3208 facti
2645 3164 2775 3209 sunt
2802 3169 2815 3205 :
2842 3153 3295 3222 Anlarcticusquc
3325 3155 3401 3208 ita
3438 3153 3622 3205 inser-

364 3253 453 3298 tus
481 3253 587 3311 est,
627 3254 685 3300 ut
719 3246 893 3316 major
915 3249 988 3304 sit
1009 3264 1173 3318 quam
1205 3249 1282 3303 illi
1307 3248 1534 3302 maximi
1577 3266 1592 3303 :
1621 3255 1733 3301 tum
1774 3245 2055 3301 intervalla
2082 3245 2285 3313 quibus
2322 3246 2493 3301 stella:
2537 3246 2679 3300 inter
2706 3261 2766 3301 se
2790 3245 3031 3309 distant,
3073 3244 3281 3312 majora
3311 3243 3450 3297 facta
3489 3253 3618 3295 sunt

364 3336 419 3390 in
459 3338 548 3391 illa
579 3340 976 3408 explanationis
1008 3343 1237 3398 ratione.
1282 3341 1356 3397 De
1394 3341 1809 3412 epigrammatis
1846 3347 2062 3402 autem,
2093 3354 2217 3409 qua:
2255 3355 2320 3396 ex
2364 3341 2543 3396 solido
2568 3354 2704 3395 auro
2734 3341 2788 3394 in
2816 3341 3056 3393 vacuisa
3094 3339 3270 3393 stellis
3312 3336 3482 3400 locis,
3516 3334 3623 3389 sub

363 3431 569 3483 circulo
601 3432 918 3488 Antarctico
947 3442 1174 3490 exarata
1213 3434 1568 3504 apposuimus
1594 3452 1606 3488 :
1644 3433 1711 3488 de
1738 3432 1844 3493 his,
1877 3434 2123 3501 inquam,
2155 3431 2385 3485 alterum
2427 3432 2703 3502 posterius
2735 3440 2789 3486 et
2820 3437 3057 3500 quatuor
3085 3424 3618 3489 versuurn,idvetus

364 3529 466 3587 est,
509 3522 655 3590 quod
693 3525 1045 3580 astronomiae
1071 3523 1286 3580 laudem
1318 3523 1587 3588 continet,
1628 3519 1982 3591 simplicioris
2010 3518 2301 3589 cujusdam
2334 3519 2499 3574 modi.

367 3653 485 3712 076’
513 3658 599 3713 ὅτι
641 3660 855 3727 θνατὸς
897 3659 1044 3728 ἐγὼ,
1087 3661 1183 3715 καί
1231 3658 1525 3732 ἐφάμερος
1548 3675 1561 3689 ο
1596 3658 1780 3800 [acup
1793 3654 1936 3779 δίαν

1630 3744 1746 3780 αστ
1784 3744 1826 3779 ω

2114 3652 2245 3708 Sum
2273 3655 2515 3709 mortalis
2537 3653 2713 3721 homo,
2737 3654 2857 3709 vita:
2878 3668 3087 3724 quoque
3099 3650 3395 3723 perbrevis:
3421 3661 3475 3705 at
3501 3665 3619 3702 cunt

1630 3742 1867 3794 αστρων

448 3797 690 3872 Ἰχνζεύω
715 3799 975 3867 πυκινὰς
1009 3800 1417 3872 ἁμφιὸρόμονυς
1448 3786 1672 3872 ἕλικάς,
1728 3786 1758 3872 ,⁷
1800 3862 1826 3872 -

2046 3857 2086 3872 m
2113 3789 2274 3841 Astra
2297 3787 2587 3872 globosque
2606 3788 2715 3872 poli
2752 3788 3005 3872 scquderc
3034 3788 3134 3872 [ενι
3160 3786 3407 3872 quintus;

358 3870 479 3941 Οὐκ
498 3862 583 3941 ἔτ’
607 3870 880 3941 έπιψαύω
901 3862 1074 3941 γαίης
1092 3862 1298 3931 hodi},
1319 3862 1479 3941 ἀλζῑὰ
1507 3869 1641 3941 παρῘ
1674 3862 1834 3930 αὺτῷ

434 3937 579 4005 Ζηνὶ
614 3937 963 4009 διοτρεφέὠς
998 3937 1341 4010 πίμπλαμαι
1376 3937 1727 4009 ἀμϐροσίης.

362 4071 437 4123 Τὸ
465 4070 522 4124 δὲ
552 4071 854 4142 ἡγούμενον
893 4070 1059 4126 αὐτοῦ
1088 4072 1150 4126 τὸ
1176 4073 1517 4143 ὀκτάστιχον,
1566 4071 1794 4144 ἐποιήθη
1841 4072 1940 4143 μὲν

362 4161 453 4228 ὕφ’
505 4156 566 4216 οῦ
606 4163 666 4214 τὸ
709 4163 888 4234 ἔργον,
937 4163 1108 4234 ἐμοῦ·
1163 4165 1539 4236 σπερματικὴν
1582 4163 1640 4218 δὲ
1688 4165 1802 4234 ἔχει
1846 4163 1942 4217 καὶ

363 4252 657 4323 καθολικὴν
703 4255 980 4325 περίνοιαν
1024 4255 1133 4309 τῶν
1180 4257 1560 4327 ὲνορωμένων,
1607 4257 1725 4326 μετ’
1761 4255 1942 4324 ἰσχύος

362 4343 800 4414 ἀπηγγελμένον,
828 4347 922 4399 καὶ
954 4346 1392 4417 ἐπιστημονικῶς
1421 4347 1622 4417 μᾶλλον
1647 4346 1680 4417 ἢ
1703 4345 1942 4416 ἀκριϐῶς

366 4436 478 4505 [γρ.
514 4435 722 4509 ἁϐρῶς]
768 4437 1144 4508 συγκείμενον.
1180 4440 1245 4492 Ὃ
1273 4437 1579 4506 διαλέγεται
1611 4438 1747 4508 πρὸς
1785 4438 1943 4508 μόνον

365 4526 454 4579 τὸν
481 4527 833 4598 ἀστρονόμον,
865 4528 919 4582 τί
960 4528 1026 4583 ἂν
1059 4528 1243 4582 ὄναιτο
1271 4529 1367 4582 τοῦ
1403 4530 1656 4600 ὀργάνου.
1695 4529 1805 4592 Τὰς
1834 4529 1942 4598 γὰρ

366 4617 570 4687 ἔποχάς
614 4619 952 4689 ὑπισχνεῖται
993 4619 1101 4673 τῶν
1145 4620 1392 4690 ἀστέρων
1430 4636 1442 4648 ·
1496 4619 1612 4673 ἀλλ’
1655 4619 1769 4674 οὗτι
1811 4621 1943 4692 φησὶ

366 4707 503 4777 πρὸς
549 4709 639 4762 τὸν
702 4709 1002 4774 ζωδιακὸν,
1058 4710 1194 4764 ἀλλὰ
1252 4710 1387 4781 πρὸς
1451 4709 1543 4762 τὸν
1608 4711 1938 4782 ἰσημερινόν.

379 4801 579 4872 Ἐφάνη
609 4803 717 4874 γὰρ
766 4803 855 4856 διά
896 4803 1003 4855 τῶν
1042 4803 1387 4872 γραμμάτων
1440 4801 1502 4855 τὸ
1535 4801 1758 4865 ἐκείνως
1804 4803 1943 4856 ἑλεῖν

365 4891 644 4945 ἀδύνατον.
708 4892 818 4945 Καὶ
859 4893 958 4956 τὰς
999 4891 1255 4956 λοξὼσεις
1302 4894 1466 4962 φησὶν
1515 4892 1789 4960 δίδοσθαι,
1834 4894 1943 4948 τῶν

369 4980 550 5052 μερῶν
593 4980 685 5033 τοῦ
739 4980 1003 5044 ζωδιακοῦ
1069 4981 1309 5051 δηλονότι
1359 4981 1495 5051 πρὸς
1539 4982 1606 5035 τὰ
1657 4982 1796 5054 μέρη
1848 4982 1941 5036 τοῦ

2046 3857 2178 3912 Tum
2210 3858 2428 3927 pedibus
2454 3875 2556 3912 non
2580 3857 2727 3912 calce
2760 3863 2971 3912 solum:
3001 3860 3089 3913 sed
3113 3858 3304 3911 celsior
3336 3860 3444 3909 alto

2110 3927 2279 3983 Adsto
2302 3927 2423 3983 Jovi
2443 3967 2457 3994 ,
2493 3938 2647 3997 atque
2673 3929 2816 3982 alma
2844 3929 3090 3998 perfruar
3115 3928 3402 3982 anwrosiu.

2040 4086 2203 4157 313
2233 4086 2482 4141 Alterum
2507 4101 2636 4141 vero
2661 4085 2854 4141 ordine
2883 4084 3058 4156 prius,
3095 4082 3242 4154 quod
3269 4090 3396 4138 octo
3425 4097 3620 4136 versus

2042 4177 2240 4241 habet,
2276 4177 2638 4248 compositum
2689 4186 2775 4232 est
2817 4177 2885 4231 ab
2936 4190 3001 4230 eo
3041 4190 3071 4229 a
3114 4190 3225 4245 quo
3270 4181 3327 4228 et
3369 4189 3545 4243 opus,
3591 4189 3619 4225 a

2043 4282 2128 4321 me
2160 4267 2395 4322 scilicet.
2429 4266 2690 4337 Sparsam
2718 4275 2900 4322 autem
2942 4265 3189 4320 continet
3223 4273 3279 4321 et
3305 4265 3618 4334 generalem

2041 4357 2543 4413 considerationem
2576 4373 2766 4414 eorum
2796 4374 2916 4429 qua:
2943 4364 3282 4421 cernuntur,
3310 4354 3619 4426 profertur-

2043 4464 2151 4518 que
2185 4464 2306 4503 cum
2344 4450 2429 4516 vi,
2464 4466 2588 4503 cum
2621 4451 2696 4504 ita
2733 4449 2934 4503 factum
2962 4450 3064 4513 sit,
3102 4457 3162 4503 ut
3190 4447 3458 4502 doctrinae
3495 4446 3649 4514 plus,

2015 4550 2206 4608 “quam
2265 4539 2549 4609 elegantiae
2602 4539 2822 4593 babcat.
2881 4539 3111 4592 Enarrat
3156 4537 3359 4608 quippe
3408 4544 3645 4591 tantum‘

2043 4640 2381 4692 astronomo,
2409 4629 2541 4700 quid
2568 4629 2781 4686 fructus
2802 4630 2870 4684 ab
2892 4644 3096 4701 organo
3119 4629 3401 4698 percipere
3424 4626 3619 4697 possit.

2043 4722 2179 4776 Nam
2209 4731 2263 4778 et
2296 4723 2415 4777 loca
2448 4725 2720 4793 promittit
2756 4723 3032 4784 siderum,
3067 4738 3176 4777 non
3204 4728 3391 4776 tamen
3437 4718 3620 4788 Signi-

2044 4811 2148 4867 feri
2192 4824 2484 4884 respectu,
2532 4814 2630 4868 sed
2681 4812 3154 4882 Aiquinoctialis:
3205 4812 3310 4866 hoc
3353 4811 3497 4865 enim
3555 4810 3623 4864 de

2045 4907 2390 4975 expositione
2418 4906 2624 4974 scripta
2656 4905 2769 4975 jam
2812 4906 2987 4975 patuit
3015 4944 3029 4969 ,
3062 4903 3178 4959 ﬁeri
3216 4917 3325 4959 non
3357 4918 3521 4973 posse
3564 4910 3622 4955 ut

2046 4996 2139 5053 illo
2183 4996 2346 5049 modo
2377 4994 2879 5064 deprehendantur.
2918 4991 3058 5047 Tum
3095 4992 3502 5062 obliquationes
3545 4990 3623 5042 ait

370 5071 682 5142 ίσημερινοῦ
708 5088 722 5102 ·
765 5073 858 5124 ἐπὶ
898 5073 1031 5125 πᾶσι
1070 5072 1168 5135 τὰς
1213 5072 1606 5142 συναναφοράς,
1642 5073 1787 5127 τοῦτ’
1826 5072 1936 5127 ἔστι

2045 5087 2251 5142 cliictas
2295 5088 2459 5149 θέεις,
2506 5088 2744 5156 partium
2796 5087 3011 5141 scilicet
3064 5085 3286 5141 Zodiaci
3331 5084 3397 5139 ad
3438 5091 3621 5154 partes

366 5167 482 5228 ταῖς
511 5166 704 5228 πόσαις
735 5164 826 5217 τοῦ
869 5163 1130 5228 ζωδιακοῦ
1176 5164 1386 5235 μοίραις
1424 5167 1478 5218 αί
1509 5165 1669 5219 πόσαι
1695 5164 1788 5218 τοῦ
1823 5168 1942 5237 ἰση-

370 5256 590 5327 μερινοῦ
622 5258 714 5312 τὸν
745 5258 907 5310 αὐτὸν
935 5258 1246 5327 ἰσημερινὸν
1279 5257 1662 5329 διεξέρχονται.
1696 5260 1853 5312 Ἐστι
1884 5260 1941 5313 δὲ

358 5338 525 5400 ῖιόδε·
594 5349 888 5420 γεγράφθαι
946 5348 1004 5400 δὲ
1049 5347 1155 5401 τῶν
1204 5346 1429 5420 ὕστερον
1477 5351 1939 5422 ἀναγνωσομένων

367 5437 548 5496 εἵνεκα
576 5457 590 5472 ·
623 5438 743 5492 ἐπεὶ
774 5442 854 5494 σοί
882 5456 945 5509 γε
970 5440 1072 5493 κάν
1099 5438 1174 5509 τῷ
1205 5439 1394 5493 πίνακι
1419 5441 1667 5512 κείμενον
1691 5443 1932 5514 ἐξαρκεῖ.

2048 5177 2476 5253 Ᾱῖίιυίηοςιὶτιιίε
2498 5218 2511 5240 ,
2541 5189 2593 5233 ct
2632 5178 2685 5231 in
2719 5178 2950 5247 singulis
2987 5190 3108 5246 quae
3134 5192 3258 5231 cum
3292 5177 3402 5231 illis
3430 5192 3537 5229 una
3563 5191 3621 5228 se

2043 5271 2374 5341 proferunt:
2423 5271 2476 5324 id
2525 5282 2645 5337 est,
2694 5286 2819 5323 cum
2867 5282 2999 5339 quot
3056 5269 3307 5339 partibus
3361 5266 3619 5329 Zodiaci,

2043 5369 2175 5430 quot
2215 5360 2645 5430 [Equinoctialis
2696 5376 2790 5430 per
2829 5361 2980 5414 illmn
3017 5360 3196 5429 ipsum
3232 5358 3618 5429 [Equinoctia-

2041 5451 2144 5506 lem
2172 5459 2477 5506 transeunt.
2506 5451 2604 5507 Est
2646 5461 2824 5507 autem
2855 5451 3205 5522 Epigramma
3245 5451 3391 5522 quod
3440 5459 3621 5521 poste-

369 5544 552 5582 rormn
598 5544 766 5585 causa
819 5530 921 5584 hoc
971 5531 1090 5610 loco
1139 5531 1437 5600 ascriptum
1487 5540 1572 5586 est
1603 5576 1616 5598 ,
1667 5536 1760 5603 qui
1818 5539 1927 5593 sint
1964 5540 2154 5598 lecturi
2193 5566 2203 5599 :
2252 5561 2378 5598 nam
2416 5544 2515 5599 tibi
2548 5543 2766 5613 quidem
2799 5545 2934 5600 satis
2963 5560 3077 5609 est,
3150 5547 3203 5599 in
3252 5545 3435 5600 tabula
3500 5561 3622 5601 esse

368 5623 624 5678 incisum.

378 5712 647 5794 ἸΙ-σοφίη
665 5716 872 5794 στζίξωι·
893 5712 1067 5794 εὗρεν
1086 5717 1149 5794 ξς
1165 5718 1442 5794 ρύρᾳνόν.
1461 5718 1527 5773 Ὤ
1540 5721 1692 5794 μέγα
1707 5725 1898 5794 θαῦμα
1916 5727 1934 5777 .'

437 5784 543 5836 Καὶ
576 5784 714 5843 νόος
744 5784 811 5842 ἐξ
841 5785 1036 5840 αὐτῶν
1074 5783 1255 5854 ἦλθε-ι’
1281 5783 1670 5858 ἑπουρανῗωῶη.

2046 5723 2245 5776 Invenit
2279 5723 2462 5791 sap/ria
2494 5724 2560 5775 ad
2589 5722 2742 5777 cwlos
2769 5722 2968 5776 aditum
3009 5739 3025 5776 :
3071 5739 3100 5775 0
3137 5726 3217 5778 eia
3258 5729 3392 5780 inim
3416 5729 3435 5779 .’

2119 5792 2182 5846 Ut
2222 5811 2364 5848 ruens
2397 5795 2656 5848 reditibus
2694 5794 2823 5847 venit
2855 5794 2916 5847 ab
2950 5796 3198 5849 a'tlzeriis.
