3908 6114
268 209 407 264 tm
1720 192 2089 263 coortum.
2827 249 2838 257 .
3394 202 3521 260 Hii?

267 324 399 380 dine
447 336 625 379 annos
659 322 730 378 55
777 321 1093 393 exegisset,
1140 338 1264 380 ara
1307 325 1529 380 tandem
1564 325 1807 397 vulgaris
1852 325 1996 390 M9,
2044 325 2173 380 vita;
2217 339 2331 379 sum
2377 338 2600 379 cursum
2650 321 2884 379 feliciter
2923 323 3348 380 consummavit.
3398 324 3532 395 Ejus

270 412 596 467 memoriam
633 411 889 467 recolunt
913 411 1090 467 Graeci
1115 412 1202 469 die
1225 413 1258 468 8
1283 413 1435 478 Maii,
1461 412 1638 470 Latini
1672 431 1803 471 vero
1830 416 1895 471 l9
1917 415 2072 471 Julii.
2098 415 2230 483 Quae
2260 423 2442 471 autem
2466 415 2524 470 in
2549 427 2736 470 eremo
2764 413 3031 484 praeclare
3056 413 3230 484 gessit
3250 429 3315 469 ac
3344 413 3534 471 docuit

271 510 504 559 sanctus
535 503 731 570 abbas,
765 503 1018 559 studiose
1047 505 1269 577 collegit
1292 506 1605 578 litterisque
1638 509 1923 564 mandavit
1946 511 2145 567 beatus
2176 507 2501 564 Theodorus
2536 507 2779 571 Studita,
2817 506 3052 577 ejusque
3085 506 3530 563 lucubrationem

270 608 334 648 cx
367 601 688 662 pervetusto
717 594 913 651 codice
949 596 1311 668 Seguieriano
1338 600 1675 671 descriptam
1714 601 1937 657 edidere
1976 600 2336 673 bagiographi
2370 600 2718 656 Bollandiani
2749 601 2867 670 (in),
2901 598 3248 671 eruditisque
3284 600 3531 655 animad-

271 686 627 742 versionibns
654 688 1027 745 illustrarunt.

342 778 431 834 Ill.
465 778 657 836 Graeca
696 783 905 850 pariter
939 800 1000 840 ac
1036 784 1283 841 Romana
1327 788 1598 858 sapientia
1641 788 1815 846 fuisse
1860 789 2245 847 admirandum
2289 804 2545 860 magnum
2594 789 2914 855 Arsenium,
2951 792 3190 861 testatur
3241 786 3385 841 idem
3437 786 3531 857 qui

271 872 392 941 ejus
421 880 543 926 acta
571 873 628 926 in
659 875 871 932 litteras
904 877 1093 931 retulit
1129 877 1344 934 Studita
1368 880 1472 948 (η),
1517 880 1805 953 Ἐλληνικῇ

1986 881 2005 934 ί
2036 882 2322 951 Ῥωμαῖκῇ
2344 880 2506 951 σοφίᾳ
2530 878 2960 949 θαυμαζόμενος.
2977 874 3171 947 Neque
3194 876 3353 931 aliter
3384 875 3529 946 Apo-

273 962 627 1034 phthegmata
660 964 910 1032 Patrum,
936 976 997 1022 ut
1023 970 1280 1039 superius
1308 971 1569 1028 vidimus.
1609 972 1754 1039 Quin
1788 973 1977 1039 etiam,
2009 973 2056 1028 si
2095 972 2401 1043 Niceplioro
2430 971 2569 1026 ﬁdes
2599 968 2697 1041 (ο),
2728 988 2747 1022 ι
2778 969 2948 1024 libros
2972 982 3196 1040 quoque
3218 967 3533 1037 Complures

275 1057 367 1113 ille
388 1057 585 1116 beatus
614 1074 781 1117 senex
813 1061 1106 1132 reliquisse
1141 1066 1401 1132 traditur,
1437 1081 1580 1137 quos
1611 1066 1818 1122 ltistori:

1989 1086 1995 1121 ε
2027 1067 2095 1123 de
2122 1083 2188 1122 co
2220 1076 2327 1131 est,
2367 1063 2536 1122 refert
2565 1083 2578 1119 :
2616 1083 2635 1117 ι
2674 1064 2770 1118 καὶ
2804 1064 2998 1132 λόγους
3036 1060 3324 1121 πλείστους
3362 1076 3532 1115 κατα-

276 1150 562 1218 λελοιπὼς,
591 1154 685 1219 οὓς
722 1157 755 1226 ἠ
793 1155 915 1209 κατ’
952 1157 1115 1212 αὐτὸν
1153 1160 1363 1230 ἱστορία
1399 1160 1671 1225 διέξεισιν.
1698 1160 1819 1217 Veri

1990 1177 2047 1215 na
2085 1170 2295 1216 tantum
2327 1159 2394 1215 ad
2425 1173 2529 1213 nos
2553 1155 2803 1228 pervenit
2830 1153 3017 1227 Magni
3053 1153 3264 1209 Arsenii
3292 1155 3533 1209 doctrina

274 1253 326 1298 et
353 1247 652 1302 exhortatio
683 1250 749 1328 ad
786 1251 1112 1315 monachos,
1148 1257 1210 1304 ut
1238 1251 1475 1314 videtur,
1506 1266 1671 1321 quam
1696 1253 1908 1322 primus
1938 1251 2142 1322 publici
2167 1250 2314 1321 juris
2351 1248 2481 1303 fecit
2516 1245 2882 1302 Combeﬁsius
2923 1245 3024 1316 (p),
3055 1242 3226 1298 multa
3253 1243 3533 1312 majestate

275 1341 324 1387 et
350 1333 620 1400 claritate,
653 1336 792 1390 brevi
822 1337 955 1392 adeo
990 1336 1266 1392 uerborum
1296 1338 1594 1406 complexu,
1630 1353 1959 1409 expressam.
1988 1339 2069 1393 Ita
2108 1336 2330 1409 quidem
2357 1335 2425 1391 de
2452 1333 2772 1403 huiusmodi
2812 1334 3084 1405 opusculo
3109 1340 3296 1390 censet
3335 1332 3534 1388 doctus

274 1422 454 1479 editor
493 1424 599 1495 (q);
634 1426 867 1495 ejusque
894 1427 1189 1501 sententia:
1218 1426 1525 1483 subscribit
1552 1424 1887 1486 Guillelmus
1913 1428 2129 1484 Caveus
2161 1420 2256 1499 (τ’).
2296 1424 2439 1481 Huic
2469 1433 2652 1482 autem
2683 1422 3008 1482 Arsenianae
3029 1425 3327 1490 Doctrina,
3350 1426 3531 1495 magni

275 1533 411 1573 sane
442 1518 730 1585 faciendaa,
755 1535 878 1590 quae
908 1526 1173 1590 praeterea
1208 1518 1277 1575 de
1317 1520 1468 1576 illius
1503 1520 1682 1598 sancti
1725 1521 1943 1577 abbatis
1976 1522 2149 1592 gestis
2190 1519 2465 1589 dictisque
2493 1518 2770 1573 habentur
2804 1519 2860 1573 in
2893 1517 3388 1591 Apophthegmatis
3429 1518 3533 1572 Pa—

278 1620 423 1665 trum
458 1611 823 1669 Cotelerianis
856 1628 920 1669 ac
950 1612 1314 1680 Possinianis,
1351 1612 1675 1686 adiecimus.
1706 1615 1863 1683 Quod
1908 1623 2183 1686 superest,
2218 1608 2630 1672 admonendum
2675 1623 2955 1687 putamus,
2990 1613 3059 1672 de
3088 1624 3283 1673 nostro
3321 1615 3533 1673 beatis—

274 1703 420 1758 simo
452 1719 584 1760 sene
617 1705 724 1759 tria
753 1705 1105 1774 tetrasticha,
1132 1713 1187 1761 et
1217 1705 1383 1778 digna
1400 1707 1624 1778 quidem
1656 1724 1781 1781 qua:
1815 1709 2094 1779 legantur,
2120 1706 2478 1766 contexuisse
2505 1702 2773 1764 Joannem
2803 1705 3152 1763 Geometram
3179 1707 3269 1779 (ε),
3292 1715 3534 1780 suntque

274 1813 490 1854 numm.
523 1796 578 1865 9,
610 1797 678 1855 ιθ
703 1804 754 1856 et
794 1798 882 1853 11.

341 1945 440 2016 (m)
477 1946 727 2004 Bolland.
785 1949 910 2007 Act.
973 1948 1102 2016 SS.,
1153 1950 1267 2009 Jul.
1322 1960 1458 2009 tom.
1511 1952 1603 2020 ιν,
1644 1952 1851 2024 p.617
1957 1963 2090 2025 seq.

273 2032 582 2094 seqq.“-_
680 2087 695 2094 _
755 2089 770 2094 _
1209 2090 1225 2094 _
1271 2093 1297 2094 ί
1644 2022 1659 2024 “

1644 2022 1659 2024 ‘
2034 2022 2111 2094 (ιι)
2148 2024 2230 2094 td.
2264 2023 2402 2094 ibid.
2434 2037 2559 2094 pag.
2583 2022 2710 2087 sta,
2735 2024 2842 2080 col.
2874 2024 2926 2094 ι.

372 2083 426 2175 ’3?
467 2083 799 2175 Edita-.1:
819 2105 869 2175 ς’
894 2106 1019 2175 P38.-
1047 2091 1173 2175 (ἓὲβν
1204 2090 1245 2171 5.
1267 2093 1322 2147 ⁵ο
1478 2161 1547 2175 η-
1688 2163 1785 2175 .-
2033 2083 2103 2175 (ἦ
2145 2093 2281 2175 .08“!-
2315 2083 3287 2175 “318"-latet-{torndapaﬁ-QE--.

349 2154 414 2224 (ο
465 2154 696 2226 Nicepb.
730 2158 873 2215 Hist.
894 2154 1033 2214 'ecEl.
1067 2154 1166 2215 lib.
1191 2154 1291 2227 in,
1321 2175 1443 2232 cap.
1477 2161 1571 2227 25,
1617 2163 1723 2219 sub
1755 2163 1851 2218 ﬁn.

349 2172 427 2297 (p5
467 2225 717 2284 Combef.
755 2230 981 2285 Auctar.
1029 2232 1248 2285 novitas
1270 2240 1416 2301 part.
1464 2246 1500 2297 ι,
1544 2246 1705 2303 pagg.
1746 2232 1846 2288 301

2034 2154 2298 2246 (5)10an.
2352 2160 2542 2219 Geom.
2592 2154 2798 2217 Parad.
2834 2154 3065 2219 ratas}.
3117 2162 3170 2216 in
3219 2162 3364 2222 Bibl.
3410 2163 3529 2224 PP.

1986 2231 2169 2297 paria,
2203 2240 2334 2288 tom.
2365 2231 2511 2299 XlV,
2544 2247 2672 2303 pag.
2703 2231 2830 2287 M9.
2927 2279 2937 2288 .

701 2269 717 2284 .
755 2245 981 2285 auctar.
1029 2245 1248 2285 nomo:
1270 2245 1416 2301 part.
1464 2246 1500 2297 ι,
1544 2246 1705 2304 pagg.
1746 2245 1846 2288 ῦυι
1963 2245 2169 2297 Paria,
2203 2245 2244 2288 tt

1393 2271 1416 2287 π.
1464 2246 1500 2297 ι,
1544 2246 1705 2304 pagg.
1746 2245 1846 2288 ουι
1963 2245 2169 2297 Paria,
2203 2245 2334 2288 tom.
2370 2245 2511 2299 Juv,
2544 2247 2672 2303 pag.
2703 2245 2830 2287 nu.
2927 2279 2936 2288 .

1046 2434 1462 2452 m—u-u—J

870 2601 1216 2718 ΤΟΥ
1308 2573 1899 2720 ΟΣΙΟΥ
2044 2605 2931 2723 ΑΡΣΕΝΙΟΥΑ

1638 2837 1775 2894 ΤΟΥ
1823 2838 2056 2893 ΜΕΓΑΛ
2064 2840 2154 2892 ΟΥ

1080 2996 1747 3087 ΔΙΔΑΣΚΑΛΙΑ
1819 3001 2014 3084 ΚΑΙ
2089 3001 2742 3089 ΠΑΡΑΙΝΕΣΙΣ

705 3377 1249 3491 MAGNI
1358 3375 2332 3510 SANCTIQUE
2447 3374 3128 3491 ARSENII

1016 3635 1627 3727 DOCT‘RINA
1715 3635 1870 3725 ET
1957 3635 2802 3729 ΕΧΗΟΒΤΑΤΙΟ.

1468 2439 1709 2453 ’κη-Α...

1713 2445 1814 2453 --ι-..ο
1854 2443 1887 2453 -

293 2435 1383 2470 Μ

3028 2448 3510 2479 mra—ma

1603 2448 1814 2453 .____
1855 2448 3097 2461 _______________________
3252 2469 3298 2478 μ’

339 3994 425 4047 A'.
470 3987 714 4058 Ἀδελφοί
746 3984 838 4039 καὶ
892 3984 1163 4056 ῐΙατὲρες,
1221 3977 1418 4039 παντὸς
1468 3975 1791 4048 πράγματος
1819 3969 1865 4047 ᾧ

2035 3979 2075 4035 Ι.
2130 3976 2353 4033 Fratres
2395 3992 2461 4033 ac
2503 3977 2716 4045 Patres,
2781 3978 3050 4050 quidquid
3091 3979 3311 4035 tandem
3346 3977 3546 4052 aliquis

259 4088 330 4141 ἄν
352 4101 446 4147 τις
506 4077 829 4151 ἐπιχειροίη,
872 4075 1019 4130 αἰτία
1054 4092 1139 4138 τις
1165 4071 1487 4145 προηγεῖται
1521 4070 1616 4123 καὶ
1646 4068 1802 4123 σκοπί

2003 4070 2180 4143 ιεεοιίἰ
2220 4069 2593 4140 aggrediatur,
2624 4069 2768 4125 ratio
2801 4069 2986 4140 aliqua
3022 4069 3260 4140 ﬁnisque
3288 4070 3546 4141 proprius

261 4177 394 4231 καθ’
431 4174 496 4228 ὃν
522 4173 840 4243 πράττεται.
869 4168 1056 4222 Αίτίαν
1074 4167 1129 4220 δὲ
1154 4162 1421 4235 τῆςήμῶν
1449 4163 1513 4215 ὲκ
1536 4159 1632 4214 τοῦ
1661 4161 1804 4232 κόσμ

2002 4170 2176 4218 ιιιεεεει
2199 4165 2427 4219 neCesse
2453 4170 2558 4229 est,
2597 4177 2708 4234 quo
2758 4178 2817 4218 se
2858 4163 3013 4234 operi
3048 4163 3321 4233 accingat.
3349 4161 3545 4218 Ratio-

259 4264 483 4335 φυγῆς,
520 4260 777 4329 οὐδεμίαν
811 4257 976 4327 ἄλλην
1006 4256 1255 4323 εἴποιμεν
1272 4250 1409 4322 am
1443 4250 1543 4320 τὴν
1565 4250 1665 4322 τῆς
1689 4250 1800 4320 ψυχ

2004 4271 2096 4311 lem
2128 4271 2258 4312 vero
2300 4270 2364 4311 ac
2407 4269 2655 4325 causam,
2705 4270 2804 4311 cur
2845 4271 2876 4311 a
2922 4256 3123 4313 saeculo
3157 4254 3342 4326 fugam
3385 4253 3547 4311 nobis

260 4357 577 4423 κάθαρσιν,
615 4352 706 4406 καὶ
726 4350 823 4421 τὴν
853 4349 1058 4403 ἐκεῖθεν
1089 4347 1360 4417 ἑπομένην
1383 4345 1554 4414 αὐτῆς
1574 4348 1803 4417 σωτηρία

2000 4350 2269 4405 neundam
2333 4349 2645 4415 duximus,
2711 4348 2918 4404 nullam
2981 4348 3144 4403 aliam
3217 4348 3543 4413 dixerimus,

258 4447 655 4504 Emub‘cwréov
713 4437 807 4496 οὖν
862 4443 992 4512 ἡμῖν
1050 4441 1150 4508 ὅση
1185 4437 1412 4507 δύναμις
1452 4438 1678 4499 ἑαυτοὺς
1712 4437 1801 4490 ex):

2005 4457 2139 4511 nam
2188 4449 2249 4496 ut
2297 4441 2540 4495 animum
2591 4439 2977 4504 emundantes,
3015 4455 3139 4512 qua
3186 4440 3318 4495 huic
3360 4454 3548 4496 comes

258 4524 490 4611 05.93!"-
533 4536 629 4589 καὶ
686 4534 884 4605 μᾶλλον
929 4532 1017 4585 τὸν
1051 4531 1202 4594 ἐντὸς
1254 4528 1559 4600 ἄνθρωπον,
1590 4526 1719 4581 ἔνθα
1752 4527 1801 4581 δε)

2008 4540 2059 4588 st
2088 4533 2486 4597 emundationi,
2517 4533 2746 4589 salutem
2770 4547 3198 4601 consequamur.
3220 4531 3546 4589 Adhibenda

258 4630 525 4697 πόλεμος
556 4622 776 4694 μείζων,
834 4622 927 4675 καὶ
966 4622 999 4692 ἡ
1045 4620 1170 4691 νίκη
1219 4618 1635 4689 δυσχερεστέρα.
1680 4619 1801 4672 Πολί

2005 4625 2142 4696 gitur
2195 4624 2356 4680 nobis
2415 4639 2516 4695 pro
2562 4624 2707 4679 virili
2769 4623 3075 4695 diligentia,
3122 4631 3183 4680 ut
3239 4640 3339 4681 nos
3395 4625 3548 4695 ipsos

259 4722 383 4792 γάρ
413 4719 588 4779 εἰσιν,
617 4714 666 4767 οἳ
722 4714 848 4785 περὶ
891 4712 989 4783 μὲν
1031 4709 1323 4783 μολυσμῶν
1381 4710 1604 4782 σαρκὸς,
1653 4711 1745 4764 καὶ
1773 4728 1802 4762 τ

1998 4716 2356 4781 emundemns,
2389 4716 2691 4786 praesertim
2723 4730 2850 4770 vero
2888 4715 3205 4772 interiorem
3236 4712 3541 4777 hominem,

152 4835 169 4851 ι
258 4812 392 4866 κατ’
424 4800 719 4875 ἐνέργειαν
763 4804 1056 4874 ἁμαρτίας,
1096 4801 1226 4855 πολὺ
1277 4802 1339 4855 τὸ
1376 4801 1689 4872 ὲγκρατὲςὲ

2002 4823 2143 4864 ιθηοε
2177 4821 2341 4878 quem
2374 4816 2428 4861 et
2464 4806 2683 4876 gravior
2706 4805 2975 4860 incumbit
3004 4805 3129 4861 belli
3164 4805 3358 4870 moles,
3383 4813 3437 4860 et
3470 4806 3545 4858 vi-

259 4904 472 4968 ξαντο,
524 4895 800 4968 νηστείαις
856 4896 1188 4965 ἐχρήσαντο,
1241 4894 1330 4946 καὶ
1379 4894 1728 4964 ἀγρυπνίαις,
1779 4911 1802 4944 a

2010 4901 2151 4955 toria
2179 4899 2461 4955 difﬁcilior
2501 4905 2605 4955 est.
2642 4896 2780 4952 Sunt
2816 4898 2961 4953 enim
3008 4896 3185 4961 multi,
3221 4897 3313 4967 qui
3354 4913 3547 4952 emun-

258 4995 470 5055 ἄλλαις
494 4988 654 5049 ὅσαις
680 4985 1075 5049 κακοπαθείαις
1092 5001 1106 5015 ⁸
1131 4984 1259 5054 περὶ
1282 4985 1336 5037 δὲ
1355 4980 1447 5037 τοῦ
1476 4984 1615 5037 κατὰ
1637 4983 1801 5037 διάνοι

2014 4992 2172 5047 andis
2197 4991 2511 5046 carnalibus
2544 4990 2823 5054 sordibus,
2849 5004 2914 5043 ac
2945 4997 3171 5058 peccato
3208 4989 3353 5058 quod
3384 5004 3549 5059 opere

268 5077 604 5155 μολυσμοῦ,
641 5078 736 5131 καὶ
781 5078 882 5146 τῆς
941 5076 1186 5141 ἐντελοῦς
1251 5076 1587 5148 καθάρσεως,
1627 5076 1797 5142 οὐδὲν,

2004 5092 2292 5149 .raestatur,
2317 5080 2678 5144 eliminando,
2706 5081 3064 5136 continentia:
3107 5082 3405 5151 plurimum
3452 5096 3547 5136 cx-

257 5179 435 5246 ὀλίγα
471 5170 758 5235 παντελῶς
788 5171 1130 5241 ἐφρόντισαν·
1167 5169 1405 5239 καίτοιγε
1437 5168 1528 5223 τοῦ
1558 5168 1800 5241 παραγγέ

2003 5176 2293 5238 libuerunt,
2329 5174 2648 5245 jejuniaque
2695 5182 2751 5228 ct
2795 5173 3008 5244 vigilias
3059 5173 3447 5238 adhibuerunt,
3485 5187 3546 5227 ac

261 5283 453 5341 ματος
490 5262 559 5316 οὐ
591 5261 718 5333 περὶ
748 5261 1066 5332 καθάρσεως
1105 5258 1198 5312 τοῦ
1235 5260 1332 5329 τῆς
1372 5258 1570 5329 σαρκὸς
1594 5258 1804 5330 μολυσμ

2006 5268 2202 5338 eliquis
2262 5275 2487 5322 strenue
2546 5264 2794 5335 corporis
2863 5263 3306 5319 aﬁlictationibns
3370 5263 3549 5319 iuncti

260 5331 464 5432 μόνον,
493 5353 639 5407 ἀλλὰ
668 5331 765 5406 καὶ
806 5331 931 5423 περὶ
956 5352 1049 5406 τοῦ
1075 5350 1379 5421 πνεύματος
1407 5350 1639 5421 ἔχοντος.
1663 5351 1734 5403 Οὐ
1768 5368 1803 5421 μ

2008 5331 2138 5421 unt;
2175 5354 2242 5409 ad
2281 5353 2449 5407 animi
2492 5331 2673 5407 autem
2704 5352 2898 5408 sordes
2929 5353 3071 5423 quod
3128 5355 3342 5419 attinet,
3373 5354 3549 5422 perfe-

258 5451 411 5506 ἁλλὰ
443 5446 554 5501 καὶ
581 5443 675 5497 τοῦ
711 5445 965 5515 πορνείαν
1003 5444 1100 5515 μὲν
1134 5443 1228 5496 καὶ
1274 5442 1369 5510 τὴν
1404 5441 1570 5513 ἄλλην
1614 5443 1801 5511 ὲκερυγε

2012 5456 2231 5516 tamque
2257 5445 2723 5508 emnndationem,
2757 5445 2895 5498 nihil
2936 5454 3030 5500 aut
3072 5460 3262 5515 parum
3292 5444 3423 5514 quid
3451 5444 3547 5500 ad—

254 5536 665 5614 ἠδυπάθειαν,
710 5534 924 5596 πολλοῖς
981 5533 1215 5603 ἐμέλησε
1252 5549 1266 5562 ’
1334 5530 1471 5584 ὥστε
1532 5530 1712 5601 μέντοι
1764 5549 1794 5581 τ

2009 5536 2200 5590 nodum
2256 5543 2621 5602 curaverunt;
2675 5549 2988 5606 quanquam
3036 5550 3146 5590 non
3198 5536 3252 5591 in
3298 5551 3363 5592 eo
3392 5536 3552 5592 nobis

258 5626 687 5708 κρυφιωτέρων
723 5625 928 5693 παθῶν,
982 5620 1092 5680 οἷον
1142 5625 1333 5695 φθόνου
1356 5667 1368 5691 ,
1403 5623 1726 5692 φιλοδοξίας,
1759 5626 1801 5676 οί

2010 5625 2080 5677 ita
2110 5621 2378 5694 professio
2412 5631 2516 5690 cst,
2552 5633 2610 5679 ut
2637 5626 2819 5680 carnis
2853 5624 3258 5692 duntaxat,sed
3295 5636 3353 5680 ut
3386 5626 3546 5683 etiam
