3908 6114
412 187 555 246 ιειο

1615 177 1673 232 S.
1721 173 1812 230 AR
1821 170 1999 229 SEMl
2036 170 2366 227 EREMITE

3538 171 3671 228 1620

408 302 643 379 spiritus
673 298 1051 361 emundationi
1082 295 1424 353 studeamus.
1452 290 1618 362 Atqui
1645 288 1836 344 multis
1860 302 1996 349 sane

2102 303 2256 350 σεως.
2290 286 2586 358 χρημάτων
2626 284 2827 357 ἔρωτος
2854 301 2866 315 ο
2913 283 3009 339 καὶ
3036 283 3132 338 τοῦ
3165 284 3377 339 πάντων
3407 284 3669 356 χείρονος,

407 409 475 452 ea
500 393 732 451 incessit
766 406 920 458 cura,
951 399 1010 445 ut
1038 385 1433 451 scortationem
1475 396 1541 437 ac
1573 380 1829 444 carnales
1861 379 1990 434 relis

410 501 548 565 quas
587 484 843 543 libidines
893 480 1235 549 affectusque
1261 476 1554 546 diligenter
1602 466 1903 527 caverent:
1934 478 1995 525 ut

411 561 594 645 autem
623 573 926 628 occultiora
957 568 1088 625 vitia
1119 568 1391 630 eluereut,
1430 574 1561 634 puta
1595 561 1836 625 invidiae,
1871 563 1992 614 ina-

407 666 499 720 nis
533 665 743 736 gloriae,
775 678 933 718 vana:
968 678 1084 718 sua:
1113 657 1395 730 opinionis
1423 664 1478 710 et
1501 654 1806 725 jactantiaa,
1839 666 1992 705 amo-

407 756 489 829 ris
526 755 909 827 pecuniarum,
951 753 1314 821 omniumque
1359 748 1621 803 vitiorum
1679 740 1989 807 deterrimi,

382 848 701 917 'superbiaz,
732 861 904 918 seque
932 846 1131 900 borum
1173 840 1424 897 molestia
1471 840 1794 901 liberarent,
1833 831 1991 904 pauci

408 939 702 995 admodum
748 952 1040 994 curavere.
1075 934 1215 990 Hinc
1260 933 1319 987 fit
1354 940 1417 987 ut
1463 929 1694 987 dimidio
1741 924 1993 981 mutilam

2097 375 2504 448 ὑπερηφανείας
2529 390 2542 403 ⁸
2599 374 2801 428 τούτων
2834 375 3095 444 ἐκφυγεῖν
3131 372 3233 437 τὰς
3272 373 3547 444 ὀχλήσεις,
3577 374 3671 427 ὀλίν

2098 484 2186 535 γοι
2236 466 2432 537 κομιδῇ
2491 463 2915 536 πεφροντήκασι.
2954 466 3222 538 Ταὺτητσι
3273 466 3366 535 τὴν
3409 465 3675 535 κάθαρσιν

2097 559 2157 626 ἐξ
2186 557 2441 630 ἡμισείας
2475 557 2688 628 ἔχουσιν
2716 553 2860 612 οὗτοι
2883 574 2897 585 ·
2927 558 3126 628 μᾶλλον
3155 558 3234 621 δὲ,
3258 557 3335 627 τῷ
3354 544 3567 610 πλείονι
3589 558 3674 611 καὶ

2098 650 2420 721 κυριωτέρῳ
2480 651 2639 720 μέρει
2672 649 2974 720 ἀκάθαρτοι
3029 651 3370 720 μεμενήκασι
3394 665 3410 677 ·
3444 651 3545 702 καὶ
3570 644 3675 704 οἷον

2098 740 2416 812 ἀνδριάντες
2453 741 2612 802 εἰσιν,
2641 739 2689 792 οῖ
2723 739 2921 804 ἔξωθεν
2958 741 3055 810 μὲν
3097 740 3175 809 τῷ
3204 740 3387 810 χρυσῷ
3425 740 3676 804 πολλάκις

2099 832 2135 904 ἢ
2159 832 2254 885 καὶ
2281 830 2473 901 χαλκῷ
2513 831 2809 895 στίλϐουσι,
2836 831 2906 883 τά
2933 831 2989 882 δὲ
3017 830 3188 892 ἔνδον,
3218 830 3565 902 ἀκαθαρσίας
3590 833 3678 885 καὶ

2102 921 2233 991 ὑλης
2267 921 2448 990 πάσης
2478 919 2644 990 άλλης
2677 920 3035 1005 πεπλήρωται
3054 918 3419 988 φαυλοτάτης.

404 1030 466 1089 hi
498 1031 941 1100 emundationem
970 1029 1288 1094 obtineant;
1320 1025 1460 1105 quin
1495 1023 1608 1077 imo
1645 1019 1842 1090 majori
1885 1015 2194 1089 petierit]ue
2228 1010 2382 1083 Ρθτιθ
2448 1013 2715 1077 immundi
2782 1021 3141 1083 ιιενεθνενίιηι
3172 1031 3187 1079 ;
3258 1022 3506 1084 ευιιιίιειθ
3573 1025 3677 1072 ειν

405 1127 519 1196 tuis
554 1123 788 1190 similes,
822 1122 962 1188 foris
1000 1121 1221 1193 quidem
1262 1118 1466 1189 saepius
1502 1130 1642 1181 auro
1691 1120 1790 1169 aut
1860 1109 2025 1165 etiam
2065 1123 2170 1162 a're
2213 1106 2573 1176 fulgentibus,
2644 1121 2767 1169 cum
2820 1108 2970 1162 intus
3016 1107 3369 1169 immunditia
3424 1111 3677 1181 omnique

404 1216 511 1273 alia
550 1211 821 1268 vilissima
853 1209 1087 1263 materia
1118 1207 1389 1262 infercita:
1417 1205 1547 1259 sint.

478 1306 544 1377 ιι.
586 1304 682 1359 llis
718 1318 820 1358 nos
854 1303 1039 1371 itaque
1071 1299 1241 1355 etiam
1283 1297 1537 1354 obscuris
1566 1292 1720 1349 vitiis
1751 1305 1817 1347 ac
1856 1287 1990 1344 affe-

368 1399 588 1461 ,ctibus
628 1395 893 1466 majorem
943 1393 999 1447 in
1054 1389 1278 1445 modum
1328 1385 1618 1444 emundari
1648 1384 1991 1445 studeamus.

408 1490 553 1558 Quin
597 1502 667 1543 ne
707 1487 814 1541 hoc
852 1499 1070 1555 quoque
1117 1496 1220 1537 nos
1262 1480 1451 1541 lateat,
1504 1477 1724 1537 fratres,
1776 1474 1988 1549 hostem

407 1590 664 1639 nostrum
697 1577 974 1633 diabolum
1018 1573 1206 1628 multis
1246 1572 1527 1640 variisque
1583 1566 1854 1622 machinis
1887 1564 1993 1618 hoc

2167 1277 2239 1332 B'.
2274 1279 2492 1334 Τούτων
2521 1274 2613 1335 οὖν
2643 1277 2737 1333 καὶ
2778 1280 2979 1352 μᾶλλον
3007 1284 3166 1359 ἡμεῖς
3188 1285 3294 1345 τῶν
3329 1288 3545 1360 ἀδήλων
3582 1308 3677 1345 πα·

2096 1368 2203 1422 θῶν
2240 1370 2669 1452 ἐκκαθαίρεσθαι
2702 1374 3112 1444 σπουδάσωμεν.
3173 1378 3285 1430 Καὶ
3330 1380 3493 1433 τοῦτο
3524 1384 3579 1435 δὲ
3605 1384 3674 1455 μὴ

2093 1461 2402 1517 λανθανέτω
2462 1466 2632 1535 ἡμᾶς,
2690 1465 2934 1534 ἀδελφοὶ,
2969 1466 3117 1529 ὅπως
3157 1468 3185 1520 ὁ
3219 1467 3527 1540 ἐχθραίνων
3552 1474 3677 1543 ἡμῖν

2093 1553 2359 1621 διάϐολος,
2389 1555 2610 1620 πολλαῖς
2652 1557 2745 1617 καὶ
2783 1557 3059 1622 ποικίλαις
3096 1561 3215 1623 ταῖς
3249 1566 3521 1632 μηχαναῖς
3546 1565 3672 1635 χρώ-

409 1673 593 1748 moliri
622 1680 682 1728 ut
716 1670 944 1726 seducet
982 1667 1224 1736 bonique
1255 1680 1319 1720 ac
1350 1661 1567 1718 honesti
1603 1659 1787 1730 specie
1818 1657 1870 1710 in
1908 1655 1991 1710 fo-

2102 1664 2258 1716 μενος
2283 1646 2559 1720 ἐξαπατᾷν
2588 1651 2869 1719 πειρᾶται,
2907 1651 3003 1704 καὶ
3031 1651 3302 1722 προφάσει
3333 1654 3431 1707 τοῦ
3459 1656 3672 1725 ἀγαθοῦ,

408 1742 568 1822 veam
599 1763 867 1818 malorum
909 1776 973 1814 ac
1003 1758 1233 1813 exitium
1276 1755 1478 1809 trahat.
1520 1751 1677 1813 Puta,
1702 1742 1992 1818 hospitali-

410 1866 578 1915 tatem
629 1855 813 1910 colere
856 1851 1135 1913 admonet,
1180 1855 1236 1902 et
1273 1853 1335 1900 ut
1381 1845 1742 1900 adventantes
1791 1841 1994 1896 fratres

411 1950 520 2005 laeti
550 1946 940 2017 suscipiamus,
963 1941 1292 2012 quibuscum
1318 1936 1435 2007 pari
1463 1949 1651 1990 mensa
1678 1933 1863 1988 cibum
1893 1948 1994 2002 po-

411 2050 643 2110 tumque
676 2050 984 2107 sumamus.
1017 2030 1194 2100 Hujus
1221 2029 1389 2087 ratio,
1419 2026 1708 2081 charitatis
1747 2024 1991 2091 bonum;

411 2138 642 2201 tumque
681 2127 819 2187 adeo
867 2122 1072 2179 sensim
1119 2122 1393 2189 obrepens
1425 2132 1489 2171 ac
1515 2116 1775 2185 illiciens.
1800 2129 1864 2169 eo
1895 2127 1992 2170 oc-

412 2222 559 2278 culte
590 2209 757 2275 trahit
788 2224 849 2271 ut
882 2214 1060 2270 ventri
1089 2213 1432 2277 serviamus;
1473 2209 1708 2279 indeque
1748 2206 1995 2262 libidini-

410 2313 518 2368 bus
560 2325 626 2365 ac
670 2307 1044 2379 voluptatibus
1088 2303 1567 2375 impudicitiisque
1613 2300 1683 2354 ad
1730 2313 1992 2355 nauseam

414 2417 591 2479 usque
625 2400 1000 2471 inquinamur.
1030 2397 1167 2452 Aliis
1202 2410 1399 2451 rursus
1428 2395 1832 2463 eleemosynam
1868 2405 1996 2447 sua-

413 2493 553 2556 dens
580 2508 645 2547 ac
675 2488 1091 2560 benignitatem,
1124 2489 1290 2558 inque
1315 2501 1520 2557 egenos
1552 2481 1993 2545 beneficentiam,

414 2600 514 2655 per
539 2599 660 2638 eam
682 2583 1033 2637 occasionem
1062 2579 1420 2649 pecuniarum
1448 2589 1692 2630 amorem
1719 2572 1993 2638 accendit,

415 2675 561 2743 et'ut
591 2675 835 2731 avaritiae
865 2682 1038 2728 oestro
1069 2655 1382 2725 insaniant.
1407 2669 1545 2722 Aliis
1580 2666 1811 2720 aliorum
1843 2664 1996 2718 utili-
2041 2719 2047 2724 ,

416 2773 612 2828 tatem,
665 2764 735 2818 iis
786 2761 1072 2832 capiendis
1120 2773 1304 2814 escam
1355 2757 1766 2817 subseminans,
1806 2763 1999 2808 auctor

419 2856 522 2923 fuit
574 2863 635 2913 ut
683 2854 1037 2914 solitudinem
1088 2850 1246 2920 quasi
1296 2849 1544 2902 inutilem
1603 2847 1835 2915 ejusque
1884 2845 1996 2898 otia

417 2948 755 3007 desererent,
784 2953 838 2998 et
884 2950 944 2995 ιιι
988 2941 1336 3010 saecularium
1374 2939 1537 3007 vulgo
1568 2936 1844 3007 colloquia
1889 2934 1996 2987 mi-

2094 1741 2209 1803 τοῖς
2240 1743 2496 1811 πονηροῖς
2531 1742 2825 1812 ἐμπίπτειν
2848 1744 3284 1814 παρασκευάζει.
3318 1743 3450 1801 Οἷον
3483 1749 3675 1817 φιλοξεη

2078 1822 2214 1909 ,νίαν
2238 1830 2647 1899 ὑποτιθέμενος,
2674 1833 2767 1885 καὶ
2794 1833 2894 1904 τὴν
2921 1833 3031 1888 τῶν
3062 1837 3525 1906 παραὸαλλόντων
3544 1841 3676 1893 ἀδελ-

2096 1920 2211 1988 φῶν
2253 1919 2565 1993 ἀκολούθως
2598 1921 3021 1994 φιλοφροσύνην,
3054 1927 3357 1982 συνεσθίειν
3393 1930 3572 1993 αὑτοῖς
3592 1933 3674 1984 καὶ

2098 2011 2383 2081 συμπίνειν
2409 2012 2840 2083 παρασκευάζει.
2873 2014 3033 2086 Kal!)
3062 2004 3232 2083 αἰτία,
3258 2017 3320 2074 τὸ
3344 2019 3445 2090 τῆς
3471 2021 3675 2091 ἀγάπης

2096 2102 2261 2172 me;
2279 2119 2292 2132 ·
2325 2098 2428 2155 εἷθ’
2456 2102 2629 2171 οὑτως
2654 2105 3014 2159 ὑποκλέπτων
3057 2107 3249 2179 ἠρέμα
3275 2109 3381 2169 καὶ
3408 2111 3671 2178 ὑποσπῶν,

2097 2196 2177 2259 είς
2226 2194 2288 2247 τὸ
2342 2197 2407 2266 τῇ
2443 2197 2644 2266 γαστρὶ
2696 2196 2967 2251 δουλεύειν
3015 2200 3167 2269 ἡμᾶς
3209 2199 3393 2270 λάθρα
3428 2204 3670 2256 εἳλκυσε·

2096 2284 2391 2340 κάντεῦθεν
2416 2285 2744 2355 ἐμπαθείαις
2758 2288 2854 2340 καὶ
2878 2288 3096 2359 ἡδοναῖς
3120 2293 3201 2354 εἰς
3222 2292 3388 2363 κόρον
3414 2294 3670 2363 ἐμόλυνεν.

2100 2372 2316 2437 Ἀλλοις
2350 2374 2512 2430 πάλιν
2549 2375 2923 2448 ἐλεημοσύνην
2963 2377 3281 2433 ὑποϐάλλων
3322 2384 3424 2435 καὶ
3462 2385 3675 2455 χρηστόη

2098 2482 2258 2536 τητα,
2291 2465 2386 2519 καὶ
2406 2467 2505 2533 τὴν
2539 2468 2671 2539 περὶ
2699 2468 2827 2532 τοὺς
2850 2468 3088 2541 πένητας
3132 2472 3411 2539 εὐποιίαν,
3445 2476 3671 2530 ἐντεῦθεν

2099 2555 2278 2628 ἔρωτα
2305 2557 2601 2628 χρημάτων
2634 2558 2818 2624 αὑτοῖς
2838 2561 3025 2632 ἐνῆκε,
3046 2564 3141 2617 καὶ
3164 2566 3299 2636 πρὸς
3326 2567 3673 2638 φιλαργυρίαν

2100 2646 2384 2718 ἐξέμηνεν.
2418 2649 2660 2719 Ἐτέροις
2707 2649 2808 2722 τὴν
2838 2651 2949 2704 τῶν
2972 2653 3184 2709 πολλῶν
3214 2655 3490 2724 ὠφέλειαν
3514 2661 3586 2721 εἰς
3606 2657 3675 2711 δέ·

2098 2738 2231 2809 λεαρ
2267 2740 2636 2811 ὑποσπείρων,
2667 2742 2767 2814 τὴν
2816 2744 3048 2815 ἡσυχίαν
3091 2745 3167 2809 ὡς
3216 2747 3473 2817 ἄκαρπον
3504 2749 3672 2802 ἀπολι-

2100 2833 2220 2883 πεῖν
2262 2832 2645 2901 παρεσκεύασε
2671 2854 2683 2865 ·
2711 2836 2808 2889 καὶ
2836 2837 3054 2900 πολλοῖς
3089 2838 3187 2908 μὲν
3246 2839 3366 2893 τῶν
3410 2841 3669 2912 κοσμικῶν

2098 2922 2308 2993 ὁμιλεῖν
2335 2938 2349 2952 ⁸
2403 2922 2517 2983 ἐστι
2566 2923 2611 2976 δ’
2656 2925 2744 2978 ὅτε
2776 2928 2871 2991 καὶ
2899 2927 3035 2998 πρὸς
3058 2932 3329 2996 γυναῖκας
3367 2933 3670 3002 ἀφυλάκτως

419 3042 677 3103 soerent;
712 3035 1045 3103 quandoque
1078 3034 1244 3086 etiam
1276 3031 1475 3091 suasit,
1501 3035 1559 3082 nt
1590 3036 1644 3084 et
1680 3044 1805 3082 cum
1836 3026 1994 3081 femi-

2102 3016 2255 3069 τοῦτο
2284 3019 2458 3071 ποιεῖν
2494 3018 2801 3083 ἀνέπεισεν,
2832 3020 3023 3093 ὡςῆδη
3059 3024 3196 3095 πρὸς
3224 3026 3495 3081 ἀπάθειαν
3531 3026 3671 3096 ἐφθα-

417 3129 527 3192 nis,
559 3127 708 3181 velut
755 3126 867 3194 jam
899 3133 1138 3199 arrepta
1183 3119 1696 3191 imperturbationis
1747 3133 1895 3180 arce,
1941 3116 1995 3169 id

419 3221 597 3289 ipsum
639 3218 917 3272 incautius
966 3220 1336 3285 praestarent:
1386 3213 1554 3282 inque
1597 3225 1722 3266 eum
1776 3208 1998 3263 modum

419 3310 751 3367 libidinosas
780 3324 844 3375 ac
878 3306 1252 3376 voluptatibus
1289 3304 1505 3360 deditos
1529 3303 1763 3358 miseros
1793 3300 1996 3356 effecit.
2016 3322 2033 3335 ε

418 3403 573 3457 Alios
602 3401 752 3457 omni
791 3400 1187 3471 cogitationem
1228 3404 1366 3465 aestu
1414 3396 1620 3451 liberos
1660 3395 1870 3461 sineris,
1906 3408 2001 3449 ea-

420 3509 529 3563 que
560 3493 775 3547 ratione
809 3491 1041 3557 elidens,
1070 3488 1217 3560 quod
1248 3488 1466 3543 cunctis
1490 3486 1642 3565 vitiis
1685 3485 1999 3555 superiores

420 3586 761 3648 viderentur,
791 3584 845 3638 in
873 3582 1191 3653 superbiam
1223 3578 1438 3641 extulit.
1462 3579 1654 3648 sicque
1686 3577 1847 3643 facile
1875 3590 2001 3647 pro-

419 3678 638 3733 stravit.
670 3676 1009 3747 Quandoque
1041 3690 1172 3731 vero
1215 3675 1406 3739 etiam,
1433 3670 1623 3725 dando
1665 3669 1794 3726 belli
1840 3668 2003 3723 indu-

417 3771 536 3824 cias
577 3784 868 3841 pugnaque
901 3768 1208 3832 abstinens,
1241 3780 1369 3835 erga
1406 3778 1504 3819 eos
1537 3763 1775 3817 maxime
1803 3762 1895 3831 qui
1932 3761 1998 3815 ad

420 3862 547 3915 vita!
579 3860 849 3931 religiosae
874 3874 1081 3930 agones
1113 3873 1172 3913 se
1196 3872 1372 3927 nuper
1393 3857 1699 3920 exuissent,
1735 3853 1819 3908 sui
1849 3868 2004 3909 secu-

422 3964 516 4019 ros
569 3964 713 4011 esse,
742 3964 844 4004 nec
901 3963 1035 4005 cura
1092 3947 1364 4002 sollicitos
1418 3945 1681 4001 seductor
1741 3940 1997 4005 induxit;

422 4041 665 4109 hincque
687 4041 821 4095 adeo
853 4040 907 4094 in
934 4039 1224 4109 segnitiem
1257 4037 1570 4108 impellens,
1589 4042 1756 4103 atque
1780 4033 2001 4088 labores

424 4133 718 4207 neglectim
751 4133 953 4193 habere
1000 4131 1232 4197 faciens,
1262 4137 1488 4200 repente
1528 4127 1758 4182 adortus
1794 4127 1870 4181 uti
1904 4124 2002 4180 de-

422 4222 562 4277 biles
592 4229 758 4290 atque
795 4221 1058 4281 inermes,
1090 4217 1580 4277 innumerabilium
1605 4215 1998 4285 cogitationum

423 4317 618 4364 :estum
664 4308 777 4364 illis
813 4308 1111 4362 commovit
1151 4314 1321 4375 atque
1364 4302 1588 4358 miscuit
1620 4300 2002 4357 conturbavit-

423 4414 534 4467 que
570 4417 583 4454 :
616 4399 751 4471 quin
792 4405 847 4453 et
897 4397 1099 4477 saepius
1144 4396 1422 4468 profundo
1475 4395 1738 4469 vitiorum
1789 4395 1998 4452 mersit.

422 4487 564 4542 Aliis
591 4503 786 4551 rursus
817 4487 993 4543 suasit
1021 4494 1080 4541 ut
1106 4487 1210 4543 sibi
1243 4486 1371 4557 ipsi,
1396 4495 1657 4555 tanquam
1681 4486 1795 4555 jam
1826 4483 2003 4555 majo-

423 4593 541 4632 rem
580 4579 801 4632 modum
833 4579 1137 4645 consecuti,
1169 4580 1532 4645 confiderent,
1562 4586 1616 4633 et
1664 4587 1722 4632 ut
1765 4577 1999 4637 aliorum

423 4668 664 4737 creditas
691 4669 1057 4739 cogitationes
1093 4670 1432 4740 acciperent,
1470 4670 1812 4738 affectusque
1840 4676 1896 4724 et
1934 4667 2002 4722 li-

425 4759 641 4815 bidines
682 4768 847 4831 atque
893 4761 1081 4831 prtelia
1126 4760 1444 4831 detegentes
1478 4761 1782 4815 audirent:
1820 4759 2001 4829 quod-

426 4863 534 4915 que
577 4848 810 4904 necdum
861 4865 995 4904 suos
1045 4849 1148 4919 ipsi
1189 4848 1419 4907 affectus
1454 4857 1617 4919 atque
1657 4849 1786 4904 vitia
1831 4848 2005 4919 probe

426 4934 713 5007 eluissent,
746 4955 872 4995 cum
930 4926 1247 4995 auditorum
1306 4940 1628 4994 memoriam
1686 4938 2004 5008 formasque

427 5029 722 5085 libidinose
767 5032 950 5084 animo
993 5030 1228 5102 primum
1279 5029 1529 5091 immisit,
1561 5036 1786 5100 tumque
1837 5031 2000 5083 etiam

428 5119 497 5173 ad
526 5135 751 5174 carnem
782 5121 1132 5190 polluendam
1165 5120 1468 5175 miserabili
1502 5137 1597 5174 eos
1626 5121 1772 5175 exitu
1809 5118 2004 5188 praeci-

429 5207 644 5278 pitavit.
680 5206 815 5263 Cum
854 5210 1020 5281 igitur
1050 5210 1131 5265 sic
1164 5210 1301 5264 varii
1343 5224 1407 5264 ac
1447 5209 1799 5281 multiplices,
1834 5225 2004 5280 quos-

429 5312 537 5365 que
561 5313 704 5369 aegre
729 5299 1133 5370 deprehendas,
1153 5303 1263 5355 sint
1287 5303 1574 5357 tentatoris
1596 5302 1861 5369 assultus,
1889 5315 2004 5354 ma-

432 5402 538 5459 gna
561 5406 779 5463 quoque
815 5392 974 5447 nobis
1007 5409 1149 5463 opus
1179 5393 1287 5448 erit
1317 5395 1573 5449 cautione
1604 5409 1669 5446 ac
1696 5392 2001 5463 vigilantia,

433 5478 727 5548 animoque
761 5483 889 5538 boni
921 5500 1052 5539 cura
1084 5488 1293 5541 intento
1324 5508 1334 5542 :
1371 5495 1430 5540 ut
1455 5502 1519 5541 eo
1547 5488 1887 5551 illustrante,
1917 5484 2004 5540 his

436 5582 557 5652 quae
601 5581 729 5646 sunt
771 5576 932 5659 mala,
970 5586 1031 5632 ut
1082 5579 1264 5644 bonis,
1297 5579 1679 5651 imprudentes
1724 5595 1831 5639 non
1879 5586 2004 5632 ula—

2101 3108 2243 3172 κόσι,
2274 3110 2370 3161 καὶ
2398 3109 2540 3162 οὑτω
2570 3109 2883 3181 φιληδόνους
2913 3114 3007 3167 καὶ
3027 3116 3295 3186 ἐμπαθεῖς
3315 3120 3445 3181 τοὺς
3476 3118 3669 3185 ἀθλίους

2102 3198 2402 3263 ἀπέδειξεν.
2441 3201 2668 3266 ’Ἄλλους
2696 3204 3086 3275 ἀνενοχλήτους
3132 3207 3323 3272 ἐάσας,
3358 3210 3449 3262 καὶ
3475 3207 3547 3279 τῷ
3583 3225 3666 3279 μηο

2101 3291 2212 3344 δενὶ
2240 3291 2348 3345 τῶν
2375 3291 2561 3346 παθῶν
2592 3293 2834 3358 ἀλωτοὺς
2860 3290 2998 3350 εἶναι
3022 3300 3565 3370 παρακρουσάμενος,
3596 3302 3665 3362 είς

2102 3382 2478 3455 ὑπερηφανίαν
2506 3385 2703 3456 ἐπῆρε,
2762 3387 2859 3439 καὶ
2902 3385 3047 3441 οὑτω
3092 3389 3293 3460 ῥᾳδίως
3334 3392 3661 3461 κατήνεγκεν.

2106 3476 2261 3528 Ἔστι
2287 3476 2343 3527 δὲ
2366 3473 2460 3538 οὓς
2490 3475 2697 3529 καὶτοῦ
2737 3478 2993 3549 πολεμεῖν
3032 3480 3433 3551 ἀποσχόμενος,
3459 3484 3547 3535 καὶ

2102 3567 2255 3641 λιστα
2298 3566 2424 3635 τοὺς
2480 3567 2614 3638 πρὸς
2648 3568 2776 3631 τοὺς
2831 3570 3164 3640 ἀσκητικοὺς
3201 3572 3422 3640 ἀγῶνας
3464 3572 3665 3640 ἔναγχος

2101 3655 2568 3727 ἀποδυσαμένους,
2604 3657 2780 3721 ἀδεῶς¹
2814 3657 2962 3729 ἔχειν
2989 3660 3188 3724 αὐτοὺς
3229 3662 3319 3714 καὶ
3374 3663 3665 3733 ἀμερίμνως

2101 3750 2381 3820 ἠπάτησεν
2405 3767 2420 3782 ο
2449 3748 2509 3814 ἐξ
2545 3743 2718 3822 οὗπερ
2747 3751 2826 3815 είς
2871 3752 3147 3824 ῥᾳθυμίαν
3173 3753 3452 3824 ἐμὸαλὼν,
3479 3755 3568 3808 καὶ
3591 3753 3666 3807 πό-

2101 3861 2207 3896 νων
2229 3842 2499 3913 ἀμελῆσαι
2534 3844 2988 3915 παρασκευάσας,
3019 3846 3215 3918 ἀθρόον
3242 3848 3318 3909 ὡς
3348 3848 3666 3919 εὐχειρώτους

2101 3935 2327 3989 ἐπέθετο
2357 3937 2452 3990 καὶ
2476 3936 2718 4004 ἀόπλοις,
2747 3938 2843 3992 καὶ
2864 3936 3007 3999 οὑτω
3031 3939 3240 4009 μυρίων
3269 3940 3432 3994 σάλον
3456 3939 3556 3992 τῶν
3584 3938 3667 3992 λο-

2101 4027 2317 4097 γισμῶν
2367 4027 2599 4081 διέσεισέ
2622 4045 2679 4080 τε
2710 4027 2805 4082 καὶ
2828 4029 3178 4101 συνετάραξε·
3212 4029 3476 4094 πολλάκις
3504 4029 3664 4099 μέντοι

2100 4118 2195 4171 καὶ
2255 4116 2334 4189 τῷ
2381 4116 2490 4171 τῶν
2527 4118 2714 4172 παθῶν
2759 4117 2907 4190 βυθῷ
2959 4120 3389 4177 κατεόἀπτισεν.
3442 4121 3663 4187 Ἑτέρως

2101 4205 2278 4274 αὖθις,
2342 4208 2567 4281 θαρρεῖν,
2606 4212 2816 4275 ἑαυτοῖς
2868 4210 3175 4276 ἀνέπεισεν,
3229 4213 3305 4276 ὡς
3345 4213 3539 4285 μέτρου
3579 4212 3661 4281 ἤδη

2112 4301 2351 4372 μείζονος
2384 4302 2727 4372 ἐφικομένοις
2749 4320 2762 4335 ·
2797 4303 3148 4359 πιστεύεσθαί
3178 4322 3239 4357 τε
3263 4307 3363 4359 καὶ
3395 4307 3560 4361 ἄλλων
3589 4304 3663 4355 λο-

2109 4396 2360 4465 γισμοὺς,
2394 4395 2487 4449 καὶ
2518 4395 2707 4449 παθῶν
2740 4397 2833 4450 καὶ
2872 4396 3125 4465 πολέμων
3168 4398 3548 4471 ἐξαγορεύσεις
3575 4396 3662 4447 ὑπ·

2109 4483 2298 4537 ἔϐαλεν
2326 4501 2339 4514 °
2374 4477 2455 4548 οἷς
2484 4486 2652 4556 μήπω
2678 4486 2745 4539 τὰ
2785 4486 2961 4553 οἰκεῖα
2997 4487 3144 4559 πάθη
3195 4489 3380 4552 καλῶς
3428 4486 3662 4555 ἀπονιψα-

2111 4571 2314 4642 μὲνοις,
2378 4573 2592 4644 πρῶτον
2654 4576 2754 4645 μὲν
2817 4575 3153 4647 ὑπομνήσεις
3193 4578 3291 4633 καλ⁴
3334 4575 3660 4636 διατυπιὶισεις

2107 4663 2214 4715 τῶν
2266 4658 2341 4717 ὧν
2392 4664 2696 4735 ἀκηκόασιν
2732 4666 2996 4736 ἐμπαθῶς
3050 4668 3281 4737 ἐνῆκενο
3341 4670 3529 4725 ἔπειτα
3581 4666 3659 4719 καὶ

2108 4753 2259 4822 πρὸς,
2286 4752 2595 4829 μολυσμοὺς
2636 4755 2837 4826 σαρκὸς
2890 4756 3093 4821 ἀθλίως
3141 4760 3498 4829 κατήνεγκεν.
3532 4754 3659 4810 Ἐπεὶ

2110 4841 2203 4897 οὖν
2224 4843 2386 4897 αἰτοῦ
2424 4844 2777 4915 πειράζοντος
2807 4846 3107 4919 προσϐολαὶ
3135 4850 3379 4902 ποικίλαι
3405 4844 3660 4909 οὑτωςκαὶ

2108 4935 2406 4998 πολυειδεῖς
2433 4937 2527 4990 καὶ
2554 4936 2919 5008 δυσφώρατοι,
2950 4939 3153 5009 πολλῆς
3195 4941 3291 4995 καὶ
3340 4941 3469 5012 ἡμῖν
3504 4938 3658 5007 δεήσει

2107 5026 2208 5095 τῆς
2239 5025 2488 5094 φυλακῆς
2526 5029 2621 5081 καὶ
2673 5027 2906 5097 νήψεως,
2958 5029 3052 5082 καὶ
3086 5030 3184 5099 τῆς
3222 5030 3361 5100 πρὸς
3399 5030 3456 5082 τὸ
3482 5024 3658 5095 ἀγαθὸν

2111 5118 2411 5189 προσοχῆς’
2438 5118 2526 5171 ἵνα
2560 5119 2690 5188 παρ’
2733 5118 2898 5172 αὑτοῦ
2926 5119 3307 5191 φωτιζόμενοι,
3335 5120 3411 5192 μὴ
3437 5118 3658 5186 λάθωμεν

2108 5208 2185 5271 ὡς
2214 5208 2394 5262 καλῶν
2423 5210 2529 5261 τῶν
2560 5209 2811 5280 πονηρῶν
2840 5211 3152 5281 χρώμενοι·
3203 5214 3278 5284 μὴ
3318 5213 3376 5265 δὲ
3416 5213 3520 5273 τοῖς
3552 5206 3660 5278 ἕλω

2106 5298 2287 5369 ϐεροῖς
2304 5300 2723 5370 περιπίπτοντες
2749 5300 2957 5370 ἀδήλως
2978 5319 2990 5331 ·
3033 5302 3169 5356 ἀλλά
3198 5302 3551 5376 γρηγορῶμεν
3579 5295 3660 5351 καὶ

2106 5392 2363 5461 νήφωμεν
2388 5393 2848 5461 περισκοποῦντες
2880 5393 3066 5459 πόθεν,
3121 5397 3217 5449 καὶ
3259 5397 3404 5461 πότε,
3436 5394 3527 5447 καὶ
3561 5391 3660 5452 πῶς

2105 5484 2206 5544 τὰς
2253 5483 2559 5551 προσεολὰς
2620 5486 2825 5548 ἐκεῖνος
2882 5488 3153 5539 ποιεῖται·
3199 5489 3295 5543 καὶ
3342 5486 3526 5559 μηδενὶ
3554 5481 3660 5557 μηδ’

2107 5577 2242 5640 ὅλως
2279 5577 2345 5629 δι’
2376 5577 2702 5646 ἀπροσεξίαν
2739 5578 3190 5651 προσπίπτωμεν.
