3908 6114
285 165 420 224 1621

1403 179 1497 236 AD
1525 179 1845 239 NOMICUM
1877 179 2376 237 TENTATOBEM.

3402 179 3541 234 1622

280 299 442 355 mur;
471 300 572 342 nec
606 286 662 342 in
694 289 880 354 noxia,
903 293 1068 347 caecis
1110 291 1280 348 animi
1324 295 1601 360 sensibus,
1634 295 1988 384 incidamus:
2020 296 2114 353 sed
2140 295 2432 368 vigilemus
2456 307 2522 350 ac
2593 292 2765 351 sobrii
2830 293 3028 360 almus,
3095 292 3288 351 sedulo
3355 293 3544 354 cousi-

279 377 539 448 derantes
561 381 729 449 unde,
760 386 982 454 quando
1013 394 1068 441 et
1100 390 1378 458 quomodo
1407 391 1499 446 ille
1526 391 1808 448 adoriatur
1836 377 2060 464 :Iinque
2101 392 2254 448 nullo
2296 405 2551 463 prorsus,
2612 405 2712 462 per
2741 390 3048 465 praesentia:
3097 389 3263 445 animi
3337 387 3540 444 absen-

281 466 418 524 tiam
447 485 514 530 ac
543 475 856 530 socordiam
889 475 1252 537 offendamus.
1303 469 1313 478 ’

278 683 3532 724 w

773 877 1261 972 ARSENII
1336 865 1832 974 ABBATIS
1912 881 3026 994 APOPHTHEGMATA.

1059 1225 1190 1281 Vide
1215 1225 1434 1295 hujusce
1462 1226 1787 1300 Patrologiw
1811 1227 2009 1285 Gram
2049 1237 2176 1284 (om.
2213 1225 2376 1296 LXV,
2409 1227 2510 1284 col.
2535 1225 2607 1282 87
2651 1242 2763 1298 sqq.

289 1409 3512 1451 Ἦ

1091 1601 1845 1722 ΑΡΣΕΝΙΟΥ
1947 1601 2732 1772 ΜΟΝΑΧΟΥ

959 1854 1134 1941 ΕΙΣ
1249 1855 1468 1940 TON
1586 1845 2219 1943 ΠΕΙΡΑΣΤΗΝ
2304 1855 2878 1948 ΝΟΜΙΚΟΝΣ·

1233 2219 1814 2340 ARSENII
1933 2219 2589 2341 MONACHI

842 2453 1010 2544 AD
1155 2433 1833 2548 NOMlCUM

1965 2459 2972 2578 TENTATOBEM.

650 2679 682 2705 ο
1056 2648 1198 2720 Ang.
1234 2647 1340 2704 Mai
1369 2647 1600 2706 Classici
1627 2661 1893 2738 auctores,
1929 2660 1966 2708 t.
2013 2653 2079 2721 Χ,
2113 2669 2168 2725 p.
2213 2655 2341 2711 555.
2391 2653 2764 2712 Romael858.

351 2956 458 3010 Ἴδε
480 2953 676 3029 βρόχον
703 2956 824 3011 ἀντὶ
851 2956 1066 3028 βρόχου,
1099 2953 1143 3012 ὦ
1167 2961 1378 3030 νομικὲ,
1400 2962 1605 3030 παγίδα
1639 2963 1754 3019 ἀνθ’
1779 2957 1847 3036 ἦς

2017 2963 2098 3020 En
2128 2964 2385 3036 laqueum
2419 2979 2518 3036 pro
2546 2963 2767 3036 laqueo,
2802 2935 3040 3031 n‘omice,
3071 2973 3124 3022 et
3152 2969 3404 3038 pedicam
3439 2985 3534 3039 pe-

279 3050 514 3121 ἒστησας
537 3049 766 3118 παγίδος
784 3067 796 3079 ο
822 3048 900 3102 ἴδε
919 3051 1036 3112 πῶς
1060 3053 1432 3123 ἐμπέπτωκας
1461 3057 1540 3119 είς
1569 3055 1627 3110 ὃν
1643 3055 1861 3128 ῶρυξας

281 3139 474 3210 βόθρον
504 3139 644 3194 κατά
663 3139 902 3211 Χριστοῦ
925 3155 944 3174 ο
966 3141 1085 3196 ὅθεν
1103 3143 1132 3194 ό
1161 3145 1253 3209 σός
1279 3163 1339 3198 σε
1372 3145 1534 3216 νόμος
1572 3147 1694 3202 ἀντὶ
1723 3149 1862 3220 Χρι-

283 3229 410 3284 στοῦ
437 3229 784 3302 ἑξελεγχέτω,
828 3232 1059 3304 πότερον
1107 3234 1183 3299 ὡς
1217 3236 1358 3308 Θεῷ,
1392 3239 1426 3308 ἢ
1469 3237 1544 3302 ὡς
1591 3238 1737 3320 φιλῶ
1765 3241 1861 3294 ἀν-

283 3321 486 3393 θρώπῳ
527 3322 594 3376 τὰ
627 3324 728 3393 τῆς
772 3323 968 3394 πείρας
1009 3326 1340 3396 ὲφήπλωσας
1381 3327 1596 3399 ἄθεσμα
1633 3329 1859 3398 δίκτυα;

283 3417 334 3467 εἰ
357 3415 454 3484 μὲν
481 3415 541 3468 τὸ
569 3415 803 3486 πρῶτον,
833 3417 1236 3487 μεματαίωσαν
1269 3417 1401 3482 Θεὸς
1417 3419 1526 3490 γάρ
1548 3420 1861 3489 πειραστῶν

282 3506 517 3570 δικτύοις
545 3507 793 3578 οὐδαμῶς
829 3508 1122 3580 ζωγρεῖται
1141 3525 1156 3540 ·
1200 3510 1400 3579 μᾶλλον
1429 3511 1486 3564 δὲ
1519 3512 1614 3565 καὶ
1641 3513 1862 3584 ἀγαπᾷν

284 3598 519 3666 ὀφείλεις
543 3597 602 3663 ἐξ
623 3599 751 3670 ὅλης
779 3599 1038 3665 διανοίας,
1081 3602 1174 3654 καὶ
1201 3601 1401 3673 ψυχῆς,
1433 3605 1530 3656 καὶ
1571 3605 1750 3676 ἰσχύος
1771 3623 1782 3636 ·
1813 3605 1862 3658 εί

285 3690 342 3742 δὲ
368 3689 430 3742 τὸ
452 3689 726 3762 δεύτερον,
770 3693 798 3745 ό
846 3692 922 3755 ὡς
961 3692 1184 3746 σεαυτὸν
1221 3695 1312 3746 τὸν
1352 3695 1579 3765 πλησίον
1621 3697 1860 3767 ἀγαπᾷν,

287 3781 438 3852 παρά
461 3782 555 3836 τοῦ
588 3783 753 3852 νόμου
809 3783 1216 3854 δεδιδαγμένος,
1277 3785 1528 3856 οὐδαμῶς
1577 3787 1863 3859 πειράζειν

284 3872 494 3937 δίκαιος
514 3867 749 3945 ἂνείηςο
798 3873 921 3928 οὔτε
965 3875 1072 3949 γὰρ
1123 3874 1190 3928 ἂν
1235 3877 1512 3953 πειράσειὲ
1537 3896 1620 3942 τις
1649 3880 1861 3945 ἑαυτὸν,

285 3962 412 4018 οὔτε
441 3968 497 4019 ἐν
541 3965 684 4036 λόγῳ
729 3965 1091 4035 παγιδεῦσαι,
1139 3969 1232 4022 καὶ
1276 3968 1488 4042 θανάτῳ
1530 3971 1864 4043 παραδοῦναι

287 4059 561 4130 ζητήσειε.
599 4059 722 4124 Πῶς
746 4055 838 4114 οὖν
869 4058 1092 4114 σεαυτὸν
1113 4061 1202 4115 διὰ
1225 4061 1332 4116 τῶν
1345 4060 1495 4117 ἷιατά
1521 4063 1614 4134 τοῐξ
1639 4064 1866 4136 πλησίον

289 4150 500 4220 βρόχων
551 4150 900 4218 καταπνίγων
946 4149 1046 4202 οὐκ
1097 4151 1356 4222 αἰσθάνῃ;
1399 4153 1506 4206 οὐδ’
1539 4155 1738 4214 ἐννοεῖς
1784 4153 1864 4206 ὅτι

287 4243 404 4303 τοῖς
437 4241 694 4312 πονηροῖς
721 4241 958 4310 γείτοσιν
983 4241 1388 4296 ἑπταπλασίονα
1422 4244 1500 4304 εἰς
1541 4242 1633 4296 τὸν
1668 4243 1865 4297 κόλπον

1963 3055 2100 3126 dicae
2121 3055 2714 3129 oppositam.Videsne
2745 3066 2798 3114 te
2825 3059 2880 3113 in
2914 3059 3066 3113 illam
3096 3060 3268 3130 ipsam
3303 3059 3539 3122 foveam,
3624 3118 3630 3124 ,

1962 3163 2124 3218 quam
2155 3147 2377 3204 Christo
2415 3147 2686 3218 fodieras,
2715 3147 3000 3220 delapsum
3042 3151 3204 3207 esse?
3235 3150 3417 3217 Quare
3458 3151 3543 3204 lex

1963 3245 2058 3294 tua
2098 3239 2306 3296 Christi
2337 3240 2460 3296 loco
2487 3240 2542 3296 in
2567 3249 2621 3298 te
2655 3241 2920 3312 inquirat,
2957 3249 3019 3296 ut
3061 3243 3327 3308 sciamus,
3357 3249 3542 3296 utrum

1963 3335 2024 3382 ut
2065 3327 2178 3384 Deo
2219 3345 2288 3384 an
2336 3345 2488 3386 mero
2541 3331 2748 3386 homini
2803 3332 3043 3401 perﬁdae
3084 3331 3208 3386 illas
3266 3333 3540 3385 struxeris

1963 3417 2218 3472 insidias.
2251 3416 2308 3472 Si
2338 3427 2398 3471 ut
2430 3417 2562 3483 Deo,
2593 3435 2726 3476 sane
2757 3419 3058 3474 frustratus
3089 3435 3184 3484 cs;
3223 3419 3367 3474 Deus
3392 3423 3536 3474 enim

1964 3505 2344 3561 insidiantium
2395 3507 2538 3564 dolis
2581 3509 2973 3564 circumveniri
3027 3509 3252 3577 nequit;
3304 3525 3464 3578 quem
3511 3525 3541 3562 a

1964 3594 2179 3651 fortiori
2213 3611 2280 3651 ex
2309 3603 2424 3652 tota
2467 3606 2674 3664 mente,
2718 3613 2783 3653 ex
2823 3606 2938 3652 toto
2973 3597 3178 3662 animo,
3225 3599 3357 3656 totis
3413 3601 3543 3653 viri-

1963 3687 2066 3743 bus
2109 3687 2338 3758 diligere
2379 3688 2546 3744 debes
2577 3706 2590 3742 :
2618 3689 2666 3744 si
2699 3696 2759 3744 ut
2785 3703 2938 3745 mero
2978 3688 3210 3756 homini,
3236 3701 3546 3746 tentameno

1967 3786 2082 3834 tum
2115 3779 2170 3834 id
2207 3794 2315 3834 non
2347 3779 2530 3836 minus
2573 3780 2840 3852 injustum
2884 3781 3010 3846 erit,
3038 3781 3309 3852 siquidem
3355 3783 3544 3854 proxi-

1965 3886 2113 3924 mum
2165 3872 2310 3927 sicut
2352 3878 2405 3927 te
2449 3871 2630 3942 ipsum
2683 3887 2870 3928 amare
2911 3873 2998 3928 lex
3027 3873 3202 3943 jubet.
3249 3873 3316 3930 Et
3355 3889 3543 3930 revera

1965 3963 2091 4035 quis
2145 3962 2364 4018 tandem
2413 3965 2658 4034 seipsum
2715 3972 2933 4020 tentare
2989 3963 3196 4022 dolosis
3249 3965 3544 4024 verborum

1967 4056 2292 4127 ambagibus
2345 4056 2616 4122 voluerit,
2651 4065 2710 4112 ut
2759 4057 3112 4128 postmodum
3161 4057 3322 4114 morti
3371 4069 3544 4116 semet

1967 4148 2184 4204 tradat?
2217 4153 2414 4203 Annon
2444 4148 2596 4204 vides
2619 4155 2693 4215 te,
2718 4147 2846 4204 dum
2870 4150 3122 4218 proximo
3159 4159 3252 4205 tuo
3283 4152 3542 4222 laqueum

1968 4242 2166 4306 nectis,
2199 4241 2389 4296 eodem
2438 4241 2710 4312 supplicio
2747 4242 3201 4313 circumstringi?
3229 4242 3429 4300 Nonne
3457 4245 3542 4298 vi-

289 4330 360 4383 τά
379 4331 526 4386 δεινά
580 4333 928 4398 ἀποδίδοται;
975 4333 1135 4386 Ἀλλά
1192 4333 1426 4405 Χριστὸς
1462 4337 1530 4406 τῇ
1563 4336 1740 4406 οἰκείᾳ
1773 4353 1865 4407 μα·

1967 4331 2064 4389 des
2110 4333 2324 4390 vicinos
2356 4311 2636 4389 maleficos
2677 4334 3084 4405 septemplicem
3133 4334 3390 4390 maleﬁcii
3432 4351 3546 4406 pce-

289 4422 568 4496 κροθυμίᾳ
598 4425 692 4478 καὶ
735 4425 1054 4496 ἀνεξικακίᾳ
1101 4423 1418 4497 χρώμενος,
1460 4425 1636 4498 ὀρθῶς
1675 4427 1773 4496 μὲν
1805 4427 1866 4480 οὐ

289 4517 574 4586 πράττειν,
621 4516 744 4570 οὐδὲ
786 4516 1135 4580 διανοεῖσθαι,
1178 4517 1354 4588 ὀρθῶς
1397 4517 1452 4570 δὲ
1494 4517 1866 4588 ἀποκριθῆναί

292 4623 479 4675 φησιν,
513 4605 642 4670 ἴσως
675 4607 780 4662 κᾶν
827 4609 953 4672 τοὺς
1006 4609 1206 4679 ἑαυτῆς
1256 4609 1448 4678 λόγους
1485 4609 1870 4680 ὲπαισχυνθεὶς

292 4697 616 4767 παλινῳδίαν
655 4698 763 4752 ἀπὸ
784 4699 882 4768 τῆς
925 4700 983 4753 ὲν
1025 4699 1202 4772 πλάνῃ
1239 4700 1602 4771 ματαιότητος
1648 4700 1864 4771 ᾅσειεν’

298 4785 504 4853 «Οὕτω,
535 4790 689 4860 φησι,
722 4790 886 4854 ποίει,
920 4791 1014 4844 καὶ
1037 4791 1174 4862 ζήσῃ
1205 4807 1217 4821 ο
1243 4810 1260 4844 ι
1301 4790 1443 4844 οὕτω
1463 4791 1640 4844 πάντα
1671 4791 1762 4844 τὸν
1809 4792 1868 4844 ὲν

291 4877 542 4948 κινδύνῳ,
571 4880 661 4932 τὸν
690 4881 746 4933 ὲν
785 4882 1018 4954 ἀνάγκῃ,
1053 4881 1143 4934 τὸν
1191 4883 1247 4934 ὲν
1275 4881 1591 4952 περιστάσει
1637 4879 1866 4936 σεαυτοῦ

293 4970 518 5041 πλησίον
547 4971 660 5043 ἔχε.
705 4973 764 5026 '0
795 4973 852 5026 δὲ
883 4974 1017 5044 μήτε
1047 4972 1106 5037 ἑξ
1135 4973 1303 5044 αὐτῆς
1339 4973 1438 5042 τῆς
1470 4973 1528 5026 ὲν
1553 4973 1700 5044 νόμῳ
1726 4975 1867 5027 ἐντο-

289 5063 412 5134 λῆς,
453 5067 588 5136 μήτε
635 5068 698 5118 ἐκ
731 5065 832 5134 τῆς
873 5064 966 5119 τοῦ
1005 5066 1258 5134 Σωτῆρος
1288 5063 1607 5135 προτροπῆς
1648 5063 1864 5135 ὠφελη-

293 5155 436 5220 Οεὶς,
481 5157 616 5227 μηδὲ
649 5155 753 5210 ὑπὸ
799 5155 892 5208 τοῦ
927 5155 1122 5208 οἰκείου
1155 5155 1455 5218 συνειδότος
1488 5153 1864 5225 ἁπελεγχθεὶς,

293 5236 378 5300 οἷα
405 5246 462 5300 δέ.
499 5264 582 5311 τις
615 5247 738 5316 ὄφις
783 5247 1016 5318 πονηρὸς
1049 5249 1218 5318 μικρᾷ
1258 5250 1322 5318 τῇ
1355 5246 1443 5300 διὰ
1472 5247 1638 5314 νόμον
1683 5246 1864 5317 πληγῇ

293 5340 390 5408 τὴν
419 5337 603 5408 κὰραν
631 5338 896 5408 ἀλγήσας,
929 5337 1028 5407 τὴν
1057 5337 1260 5392 ἰοϐόλον
1289 5337 1536 5406 γλῶτταν
1572 5339 1731 5403 κινεῖ,
1773 5337 1867 5390 καὶ

292 5431 388 5500 τὴν
429 5428 806 5500 Οανατηφόρον
853 5429 1030 5481 πᾶσαν
1071 5429 1152 5491 εἰς
1201 5428 1508 5498 τούμφανὲς
1564 5429 1869 5498 ἀπογυμνοῖ

294 5519 511 5572 κακίαν.
541 5518 723 5571 Θέλων
745 5518 872 5588 γὰρ,
899 5518 1050 5588 φησὶ,
1081 5517 1324 5572 δικαιοῦν
1353 5517 1558 5583 ἑαυτὸν,
1589 5521 1866 5572 τουτέστιν
1900 5588 1910 5595 _

296 5610 487 5663 ἑαυτὸν
527 5610 666 5681 ὑπὲρ
706 5611 946 5674 ἅπαντας
989 5610 1224 5681 νομίζων
1263 5610 1488 5677 δίκαιον,
1537 5609 1626 5664 καὶ
1663 5609 1865 5681 μηδέκα

1971 4439 2096 4478 nam
2139 4425 2302 4481 dare?
2327 4424 2568 4480 Econtra
2607 4423 2862 4482 Christus
2900 4439 3001 4498 pro
3031 4441 3094 4480 ea
3120 4441 3228 4496 qua
3263 4435 3347 4482 est
3373 4427 3545 4482 animi

1974 4517 2398 4573 mansuetudine
2429 4533 2493 4572 ac
2527 4517 2813 4587 patientia,
2861 4518 3070 4574 omissa
3121 4519 3262 4575 bene
3309 4517 3545 4575 faciendi

1969 4609 2359 4679 cogitandique
2409 4608 2766 4674 necessitate,
2804 4608 3080 4668 sermonis
3126 4611 3548 4680 congruentiam

1969 4695 2350 4763 commendat,
2379 4704 2584 4750 metum
2635 4694 2924 4752 eximendo
2955 4711 3024 4751 ne
3061 4694 3358 4766 aliquando
3391 4695 3544 4752 falsi-

1969 4785 2140 4856 loquii
2197 4787 2644 4842 retractationem
2703 4788 3137 4860 experiamuru
3169 4785 3298 4853 Sic,
3343 4789 3544 4857 inquit,

1970 4877 2157 4944 facito,
2188 4885 2243 4934 et
2270 4879 2439 4936 vives.
2469 4901 2488 4932 ι
2527 4878 2621 4934 Sic
2647 4889 2703 4934 tu
2743 4895 2960 4936 onmem
2997 4881 3194 4936 habeto
3233 4882 3541 4958 proximum

1971 4970 2026 5026 in
2091 4971 2368 5042 periculis,
2417 4971 2472 5026 in
2517 4973 2973 5039 necessitatibus,
3017 4973 3072 5027 in
3123 4973 3543 5044 quibuscunquc

1971 5058 2136 5114 rebus
2169 5059 2552 5114 constitutum.
2581 5059 2684 5126 Qui
2719 5070 2898 5119 autem
2928 5075 3106 5130 neque
3127 5077 3195 5116 ex
3223 5061 3358 5132 legis
3385 5077 3540 5116 man-

1970 5149 2140 5216 datis,
2183 5165 2359 5221 neque
2381 5165 2447 5205 ex
2483 5149 2786 5207 Salvator-is
2825 5151 2998 5220 ipsius
3029 5153 3340 5223 praeceptis,
3367 5169 3543 5224 neque

1969 5243 2041 5298 ab
2083 5243 2201 5316 ipsa
2233 5243 2574 5298 conscientia
2609 5243 2932 5312 redargutus
2973 5245 3270 5316 resipiscit,
3303 5247 3372 5313 is,
3400 5248 3548 5308 sicut,

1971 5347 2199 5404 serpens
2233 5349 2564 5396 venenosus.
2597 5334 2725 5388 dum
2753 5341 2920 5403 caput
2950 5336 3070 5406 ejus
3112 5337 3248 5407 legis
3293 5337 3577 5407 plectitur.

1969 5425 2311 5490 verberibus,
2356 5425 2601 5494 linguam
2643 5433 2826 5480 movet
2875 5435 3198 5486 venenatam
3235 5435 3288 5482 et
3327 5443 3544 5482 onlnem

1970 5515 2234 5570 malitiam
2271 5517 2464 5570 mortis
2490 5515 2808 5586 genitricem
2841 5515 2906 5574 in.
2929 5517 3106 5573 lucem
3135 5518 3340 5588 prodit.
3373 5517 3536 5574 Nam-

1971 5623 2074 5681 que
2122 5609 2362 5678 seipsum
2409 5609 2521 5662 vult
2567 5609 2890 5679 justiticare,
2931 5626 2987 5668 se
3015 5611 3268 5668 omnibus
3325 5612 3538 5667 caeteris
