3908 6114
403 115 541 170 1625

1351 107 1408 163 S.
1442 103 1742 169 ARSENII,
1773 104 1862 159 AD
1901 101 2213 158 NOMlCl'M
2246 97 2714 157 TENTATOREM

3524 87 3673 143 1623

397 228 687 299 iustiorem
743 234 1058 290 autumans,
1106 232 1314 277 tantum
1359 223 1513 276 abest
1560 229 1617 299 ut
1658 221 1750 290 qui
1792 234 1976 290 parem

2089 217 2353 289 μηδαμῶς
2375 214 2551 286 ἐαυτῷ
2572 215 2706 277 ἴσον,
2730 210 2769 281 ἢ
2793 209 2887 264 καὶ
2914 206 3143 277 πλησίον
3165 201 3331 258 αὑτοῦ
3354 201 3673 275 τνγχὰκινο

400 318 610 380 credat,
633 326 691 370 ut
720 316 906 370 eadem
938 323 1117 368 motus
1148 311 1403 385 superbia
1430 331 1441 365 :
1476 331 1494 362 ι
1522 310 1657 378 Quis
1691 319 1774 365 est
1796 310 1981 380 proxi-

402 422 526 463 mus
548 406 743 462 meus?
764 424 783 455 ι
818 410 988 473 roget.
1019 403 1085 455 At
1110 418 1290 457 nonne
1309 409 1393 455 est
1421 401 1517 455 tibi
1541 409 1712 471 pater,
1739 416 1772 455 ο
1793 401 1976 461 homo.

401 512 586 555 nonne
629 505 823 557 mater,
880 497 1080 557 lratcr,
1122 494 1372 557 amicus,
1407 504 1698 562 cognatus,
1739 493 1977 555 vicinus,

402 589 599 652 amnis,
637 602 796 641 nemo
829 586 1064 655 denique
1099 586 1154 639 in
1189 594 1301 638 tota
1346 586 1569 639 civitate
1615 584 1693 637 tui
1740 584 1982 639 similis?

402 676 583 734 Probl
612 676 913 732 fatuitatem
940 691 1089 731 vana:
1110 674 1713 731 mentisindieatricem
1741 673 1981 728 hominis

400 767 495 838 qui
548 768 800 822 humanae
832 781 890 823 se
932 776 1141 821 natura:
1178 768 1524 837 superiorem
1565 765 1776 820 credit!
1810 765 1979 832 Quem

402 876 528 916 eum
564 860 818 915 Salvator
850 861 931 916 sic
975 860 1177 916 stolide
1215 859 1621 935 superbientem
1666 859 1894 920 videret,
1924 859 1979 912 in

402 958 640 1006 mentem
686 952 806 1019 ejus
841 951 1051 1005 indocit
1112 951 1253 1006 alios
1310 951 1403 1020 qui
1446 960 1667 1017 natura,
1703 952 1839 1005 alios
1886 951 1981 1019 qui

402 1041 683 1098 voluntate
718 1042 766 1097 ei
803 1042 1099 1113 propinqui
1152 1050 1316 1105 sunt,
1367 1041 1618 1097 addendo
1659 1057 1724 1095 ca
1761 1057 1883 1111 quae
1925 1042 1980 1094 in

402 1135 664 1208 parabola
726 1133 782 1189 in
840 1149 954 1189 rem
1014 1142 1533 1189 commemorantur.
1590 1133 1860 1187 Adamum
1923 1139 1982 1186 ut

401 1242 751 1281 communem
799 1227 1042 1282 omnium
1089 1240 1354 1296 proavum
1402 1225 1458 1279 in
1512 1226 1747 1280 medium
1803 1224 1979 1288 aﬂert,

401 1320 607 1390 quippe
654 1335 720 1374 ex
756 1335 866 1389 quo
914 1334 1109 1374 omnes
1162 1317 1361 1373 fratres
1396 1325 1448 1373 et
1498 1318 1736 1389 proximi
1787 1318 1899 1374 sint
1930 1326 1983 1373 et

403 1410 634 1467 habendi
664 1418 718 1466 et
759 1411 1114 1477 nominandi;
1148 1409 1275 1466 dein
1308 1409 1507 1465 fratres
1549 1417 1603 1466 et
1650 1410 1983 1480 propinquos

402 1517 499 1557 eos
521 1509 802 1571 nuncupat
833 1502 924 1572 qui
950 1511 1140 1556 mutuo
1171 1515 1235 1554 ac
1265 1498 1583 1556 voluntario
1614 1489 1984 1554 beneﬁcentia:

404 1594 628 1648 vinculo
653 1591 1177 1663 junguntur,eoqne
1209 1589 1382 1661 magis
1420 1590 1565 1659 quod
1610 1605 1716 1645 non
1760 1599 1979 1657 natura,
2022 1586 2059 1642 Β

405 1688 500 1739 sed
540 1684 706 1739 libera
754 1685 1033 1740 voluntate
1082 1686 1399 1739 societatem
1435 1678 1580 1739 inter
1617 1699 1677 1739 se
1725 1683 1983 1738 inierunt.

410 1796 429 1824 ι
458 1775 632 1831 Homo
681 1775 1027 1832 descendit.»
1068 1773 1234 1831 Vidcs
1282 1776 1621 1845 parabolam,
1666 1783 1721 1829 et
1765 1791 1891 1843 cum
1924 1792 1987 1832 ea

404 1868 686 1924 Christum
735 1869 827 1940 qui
881 1867 1179 1939 legiSpei-iti
1233 1868 1475 1921 animum
1509 1869 1574 1922 ad
1626 1869 1845 1924 saniora
1900 1884 1987 1924 re-

404 1960 595 2027 ducit;
638 1959 807 2016 tvides
868 1960 1146 2015 Christum
1200 1976 1266 2015 ex
1310 1960 1519 2014 Adamo
1575 1961 1987 2030 procedentem,

402 2068 619 2123 nosque
673 2067 867 2107 omnes
925 2052 1245 2108 edocentcm
1301 2052 1467 2123 quod,
1516 2053 1563 2107 si
1608 2053 1675 2107 de
1724 2053 1988 2107 virtutum

406 2143 625 2214 fastigio
659 2143 728 2199 ad
766 2144 1025 2205 vitiorum
1073 2145 1328 2217 abyssum
1365 2145 1697 2211 delabimur,
1723 2160 1754 2201 a
1784 2144 1991 2207 dolosis

405 2233 745 2304 decipiemur
792 2236 1165 2306 prtedonibus,
1218 2249 1270 2292 et
1327 2239 1431 2293 nisi
1485 2238 1818 2308 quantocius
1866 2239 1992 2295 inde

407 2342 787 2397 eiucrgamus,
832 2331 992 2384 morti
1045 2331 1214 2385 animi
1271 2341 1491 2385 retenta:
1545 2333 1847 2385 trademur.
1900 2330 1991 2385 Sic

408 2414 576 2487 igitur
636 2420 931 2491 legisperiti
994 2438 1178 2479 mores
1238 2424 1618 2492 corriguntur,
1674 2425 1792 2494 ipse
1844 2424 1989 2479 enim

405 2511 711 2566 secundum
758 2519 1089 2580 pmceptum
1134 2532 1152 2565 ι
1179 2512 1353 2585 Dilige
1388 2516 1699 2586 proximum
1749 2523 1935 2583 tuum,
1966 2535 1985 2569 ι

408 2612 482 2667 et,
524 2621 544 2656 ι
575 2602 713 2659 0dio
742 2604 885 2660 habe
915 2605 1197 2660 inimicum
1229 2614 1405 2669 tuum,
1445 2627 1464 2659 ι
1510 2616 1764 2662 naturam
1797 2609 1852 2662 in
1882 2609 1992 2664 duo

407 2693 703 2750 dividendo
724 2711 941 2751 onmem
970 2696 1331 2767 alienigenam
1359 2713 1454 2765 pro
1479 2699 1632 2753 hoste
1659 2699 1841 2753 habet.
1881 2697 1992 2754 Lex

404 2785 551 2840 enim
574 2785 820 2857 quaedam
846 2787 1093 2842 hostilem
1113 2789 1167 2840 in
1190 2788 1521 2858 alienigenas
1542 2805 1726 2858 gerere
1747 2790 1991 2843 animum

402 2879 579 2947 jubet,
612 2896 720 2934 non
764 2887 874 2933 tam
923 2881 1146 2934 odio—
1178 2880 1488 2933 communis
1536 2881 1683 2934 enim
1731 2880 1989 2941 onmibus

408 2977 603 3024 natura
624 3000 723 3033 -—,
750 2972 844 3025 sed
873 2973 1000 3041 quia
1028 2988 1152 3026 cum
1188 2973 1295 3026 illis
1326 2982 1697 3026 commeantes
1729 2988 1835 3026 non
1860 2987 1987 3029 raro

407 3077 597 3117 corum
660 3064 1023 3118 idololatrian)
1077 3065 1566 3132 amplectebantur.
1619 3063 1738 3119 Non
1794 3080 1988 3122 omnes

409 3172 574 3227 porro
599 3155 818 3211 Judaos
843 3156 948 3211 sibi
987 3157 1329 3227 propinquos
1357 3157 1601 3226 putabat,
1625 3158 1720 3214 sed
1748 3174 1843 3215 eos
1866 3167 1987 3214 tan-

410 3255 525 3301 tum
550 3246 644 3318 qui
666 3246 719 3300 in
737 3246 1035 3301 virtutibus
1052 3245 1375 3303 exercendis
1393 3262 1516 3301 cum
1540 3248 1661 3317 ipso
1678 3249 1984 3305 certabant.

411 3338 520 3394 Sed
546 3339 799 3395 nomicus
824 3346 1030 3403 noster,
1051 3338 1134 3393 sui
1155 3338 1369 3408 plenus,
1394 3339 1650 3393 omnibus
1676 3339 1989 3409 praecellere

409 3441 586 3497 ratus,
619 3429 890 3487 neminem
921 3446 981 3486 re
1023 3436 1117 3484 aut
1152 3430 1371 3484 nomine
1422 3428 1715 3498 semetipso
1762 3429 1985 3500 dignum

413 3525 803 3581 arbitrabatur.
828 3521 1010 3590 Quare
1042 3522 1300 3578 Christus
1328 3521 1514 3585 istius,
1536 3529 1590 3576 et
1616 3520 1862 3576 omnium
1892 3520 1987 3590 qui

411 3616 605 3674 eadem
663 3616 869 3674 misera
920 3613 1237 3670 conditione
1295 3611 1478 3668 aﬂlicti
1519 3621 1701 3675 erant,
1735 3613 1984 3667 morbum

412 3716 730 3775 sanaturus,
765 3708 1061 3763 universim
1093 3723 1111 3757 ι
1135 3707 1311 3760 Homo
1344 3705 1565 3775 quidam
1592 3723 1611 3755 ι
1640 3704 1851 3768 (licens,
1877 3720 1985 3759 non

411 3799 561 3854 hunc
579 3805 673 3851 aut
694 3796 872 3861 illum,
899 3805 1106 3849 natura:
1124 3794 1377 3848 humana:
1403 3792 1727 3863 participem
1752 3793 1985 3865 proximi

411 3890 856 3948 denominatione
900 3886 1299 3957 designandum
1346 3901 1469 3942 esse
1500 3885 1701 3949 innuit,
1730 3894 1784 3938 et
1813 3885 1984 3956 legem

411 4001 532 4055 qua:
549 4004 567 4037 ι
593 3985 729 4036 Ama
746 3979 1078 4051 proximum,
1106 3998 1123 4030 ι
1145 3987 1248 4042 et,r
1271 3977 1411 4032 0dio
1430 3978 1629 4032 habeto
1646 3975 1980 4040 inimicum,»

410 4087 670 4146 tanquam
703 4069 1079 4143 imperfectam
1113 4069 1376 4139 praeterit,
1407 4084 1562 4123 suam
1598 4067 1985 4125 substituendo

411 4183 574 4239 quam
612 4165 739 4219 alibi
771 4178 991 4237 quoque
1028 4160 1395 4224 commendat,
1430 4180 1448 4211 ι
1475 4161 1691 4230 Diligite
1730 4160 1985 4228 inimicos

2091 312 2153 364 Ὢ
2182 309 2359 380 δεινῆς
2381 302 2757 377 ὑπερηφανίας
2791 301 2804 354 l
2846 298 2984 353 ιΚαὶ
3009 298 3092 359 τίς
3120 295 3221 366 μοὺ
3249 292 3671 364 ἒστιπλησίον,ο

2087 403 2249 473 carpi;
2274 402 2383 455 Καὶ
2415 400 2533 471 μεθ’
2566 398 2749 468 ἕτερα·
2781 390 2927 462 *Αρα
2956 393 3019 446 οὑ
3050 393 3232 461 πατήρ
3252 390 3335 444 σοί
3370 390 3540 454 ἐστιν,
3574 388 3674 442 ἀ)-

2088 492 2294 563 θρωπε,
2344 491 2406 543 οὑ
2454 490 2656 560 μήτηρ,
2697 486 2796 539 οὑκ
2828 481 3075 551 ἀδελφὸς,
3119 481 3180 532 οὑ
3212 481 3405 549 φίλος,
3434 479 3495 531 οὑ
3532 493 3673 546 συγ-

2087 583 2269 653 γενὴς,
2300 582 2362 634 οὑ
2399 580 2615 651 γείτων,
2650 579 2750 631 οὑκ
2780 574 3136 646 ἀγχιστεὺων,
3183 572 3306 627 οὑδέ
3351 588 3436 634 τις
3459 568 3574 623 τῶν
3615 571 3674 622 ὲν

2086 677 2151 746 τῇ
2182 674 2333 730 πόλει
2362 673 2582 743 ἓτεροςς
2616 669 2720 723 Φεῦ
2774 668 2873 737 τῆς
2918 668 3149 737 οἰήσεως
3193 664 3288 717 καὶ
3323 663 3425 731 τῆς
3471 659 3674 722 ἀλαζο-

2087 766 2263 829 νείαςί
2325 764 2499 828 οὑτως
2569 761 2762 817 ἑαυτὸν
2821 759 3121 830 ὑπέρτερον
3166 757 3265 825 τῆς
3318 752 3673 825 ἀνθρωπίνης

2088 862 2304 931 ἡγεῖται
2343 858 2577 927 φύσεως.
2611 857 2703 911 Διὸ
2736 855 2829 909 καὶ
2863 856 2892 907 ὁ
2918 852 3112 921 Σωτὴρ
3144 849 3314 911 οὑτως
3348 846 3471 900 ἰδὼν
3500 848 3672 915 ἀνοη-

2086 952 2362 1015 ταίνοντα,
2393 954 2488 1003 καὶ
2533 950 2641 1002 τῶν
2679 950 2735 1001 ὲν
2785 946 2943 1016 φύσει
2988 944 3399 1013 ὑπομιμνήσκει
3434 938 3673 1009 πλησια-

2089 1045 2310 1109 ζόντων,
2347 1044 2445 1097 καὶ
2483 1042 2591 1095 τῶν
2627 1043 2683 1094 ἐν
2714 1038 3052 1111 προαιρέσει,
3084 1036 3178 1091 καὶ
3223 1034 3331 1088 τῶν
3357 1033 3535 1088 ἄλλων
3562 1032 3674 1083 τῶν

2089 1139 2146 1193 ὲν
2178 1137 2245 1207 τῇ
2293 1134 2577 1207 παραϐολῇ
2629 1129 3113 1203 δηλωθησομένων,
3172 1128 3260 1183 ἵνα
3304 1125 3519 1195 πατέρα
3571 1124 3671 1193 μὲν

2090 1228 2266 1283 κοινὸν
2309 1227 2399 1281 τὸν
2430 1226 2755 1298 προπάτορα
2799 1224 2958 1294 ήμῶν
3004 1222 3175 1291 Ἀδὰμ
3222 1219 3450 1289 ἐπιγνῷ,
3504 1216 3567 1283 ἐξ
3609 1209 3670 1269 οὑ

2092 1325 2293 1385 πάντες
2321 1320 2416 1375 ἄνθ
2427 1337 2597 1392 ρωποι
2634 1316 2880 1387 ἀλλήλων
2911 1315 3148 1382 ἀδελφοὶ,
3179 1312 3275 1366 καὶ
3303 1310 3556 1381 πλησίον,
3582 1309 3672 1363 διὰ

2088 1417 2187 1486 τὴν
2227 1416 2286 1467 ὲν
2325 1413 2519 1483 ἐκείνῳ
2551 1408 2853 1472 κοινωνίαν,
2881 1405 3160 1460 καλεῖσθαι
3203 1402 3344 1466 ἄξιοι
3366 1417 3379 1430 ·
3420 1398 3540 1454 εἶτα
3575 1401 3669 1454 καὶ

2090 1510 2219 1570 τοὺς
2248 1504 2391 1569 κατὰ
2425 1502 2743 1573 προαίρεσιν
2781 1498 3042 1569 ἀλλήλους
3068 1496 3401 1564 εὐεργετεῖν,
3450 1492 3547 1545 καὶ
3578 1490 3669 1542 ὑπ’

2091 1598 2334 1669 ἀλλήλων
2367 1592 2768 1666 εὑεργετεῖσθαι
2790 1589 3094 1651 ἐθέλοντας,
3126 1585 3388 1653 ἀδελφοὺς
3409 1583 3505 1635 καὶ
3532 1581 3669 1651 πλη-

2091 1690 2203 1742 σίον
2233 1687 2508 1741 καλέσειεν
2533 1702 2545 1714 ·
2568 1684 2619 1736 οἳ
2651 1684 2741 1736 καὶ
2762 1680 2853 1734 τοῦ
2877 1677 3102 1748 πλησίον
3134 1676 3238 1728 εἰσί
3264 1673 3665 1745 πλησιαίτεροι.

2089 1781 2321 1851 ἐπείπερ
2357 1779 2417 1832 οὑ
2464 1777 2624 1847 φύσει
2671 1776 2853 1847 μόνον,
2904 1769 3042 1825 ἀλλὰ
3077 1768 3170 1821 καὶ
3222 1766 3546 1838 προαιρέσει
3578 1763 3667 1816 τὸν

2092 1871 2226 1943 πρὸς
2258 1870 2519 1941 ἀλλήλους
2563 1866 2745 1936 ἔχουσι
2771 1861 3135 1932 πλησιασμόν.
3171 1878 3189 1909 ι
3223 1856 3546 1927 Ἀνθρωπος
3586 1871 3668 1917 τις

2090 1962 2429 2017 κατέϐαινεν.
2463 1980 2481 2011 ι
2518 1958 2657 2028 Ὅρα
2687 1954 3025 2026 παραϐολὴν,
3062 1951 3156 2006 καὶ
3183 1949 3280 2021 τὴν
3316 1947 3412 2001 τοῦ
3437 1944 3667 2016 νομικοὺ

2091 2054 2434 2124 ἒσιραλμένην
2458 2050 2695 2104 διάνοιαν
2720 2046 3130 2119 διορθουμένην,
3155 2042 3250 2096 καὶ
3280 2041 3378 2111 τήν
3399 2039 3457 2105 ἐξ
3497 2038 3668 2107 Ἀδὰμ

2091 2146 2196 2209 ἕως
2232 2140 2473 2216 Χριστοῦ
2503 2139 2837 2199 κατάστασιν
2872 2130 3351 2201 ὑπαινιττομένην,
3387 2129 3483 2180 καὶ
3511 2128 3667 2199 ἡμῶν

2092 2236 2321 2288 ἕκαστον
2342 2231 2723 2291 διδάσκουσαν,
2753 2227 2899 2288 ὅπως
2942 2225 3071 2277 ὅταν
3104 2220 3162 2286 ἐξ
3196 2220 3363 2289 ὕψους
3391 2216 3667 2277 πολιτείας

2092 2325 2349 2399 ἐναρέτου
2379 2326 2455 2386 είς
2495 2321 2655 2393 βάθος
2695 2317 2932 2389 ἀνομιῶν
2963 2314 3190 2377 ἑαυτοὺς
3221 2311 3665 2378 κατενέγκωμεν,

2094 2420 2196 2475 ὑπὸ
2224 2415 2434 2490 λῃστῶν
2460 2411 2877 2487 τιτρωσκόμεθα
2910 2407 3136 2478 νοητῶν,
3167 2407 3260 2458 καὶ
3287 2406 3335 2457 εί
3368 2404 3441 2475 μὴ
3476 2402 3667 2456 θᾶττον

2092 2510 2467 2581 ἀνανήψαντες
2508 2506 2716 2560 ἐκεῖθεν
2767 2500 3180 2571 ἀνακληθῶμεν,
3223 2496 3300 2566 τῷ
3339 2496 3441 2565 τῆς
3490 2494 3665 2564 Ψδχῆς

2092 2605 2293 2675 αἰωνίῳ
2311 2596 2834 2668 καθυποδαλλόμεθα
2848 2593 3081 2663 θανάτῳ·
3101 2591 3196 2645 καὶ
3214 2590 3315 2642 τι»
3325 2588 3421 2658 μὲν
3442 2583 3666 2656 νομικὸν

2092 2696 2264 2757 οὑτως
2288 2692 2608 2763 διορθοῦται,
2642 2688 2803 2749 αὑτὸς
2832 2686 2939 2758 γὰρ
2971 2683 3112 2736 κατᾶ
3138 2683 3249 2745 τὸν,
3287 2698 3303 2730 ι
3328 2678 3662 2748 Ἀγαπήσεις

2090 2786 2181 2839 τὸν
2210 2783 2435 2853 πλησίον
2471 2797 2586 2845 σου,
2616 2798 2634 2831 ι
2660 2778 2775 2841 καὶ,
2815 2795 2832 2826 ι
2856 2774 3121 2845 Μισήσεις
3148 2770 3238 2822 τὸν
3262 2768 3454 2838 ἐχθρᾶν
3490 2783 3607 2829 σου,
3639 2783 3655 2815 ι

2092 2876 2383 2931 κελεύοντα
2412 2873 2593 2942 νόμον,
2625 2868 2746 2940 διχῆ
2771 2866 2868 2937 τὴν
2895 2864 3054 2934 φύσιν
3077 2860 3325 2934 διαιρῶν,
3350 2858 3544 2929 ἐχθρὸν
3570 2856 3663 2928 μὲν

2092 2968 2309 3033 ἑαυτοῦ,
2339 2968 2519 3021 πάντα
2550 2963 2832 3034 ἄνθρωπον
2861 2960 3074 3029 ἡγεῖται
3113 2952 3402 3021 ἀλλοεθνῆ-
3433 2950 3533 3003 καὶ
3560 2947 3661 3016 γὰρ

2089 3065 2152 3134 δή
2183 3062 2277 3114 καὶ
2303 3055 2371 3131 ἦν
2404 3056 2565 3129 νόμος
2606 3056 2787 3117 αὑτοῖς
2818 3050 3102 3125 ἐχθρωδῶς
3140 3045 3277 3118 πρὸς
3304 3043 3514 3104 πάντας
3543 3041 3661 3134 τοὺς

2090 3156 2149 3221 ἐξ
2187 3154 2355 3208 ὲθνῶν
2389 3148 2726 3214 διακεῖσθαι,
2774 3147 2834 3199 οὑ
2876 3144 3021 3215 μίσει
3053 3141 3131 3211 τῷ
3163 3140 3299 3211 πρὸς
3338 3139 3438 3207 τὴν
3482 3133 3659 3202 κοινὴν

2090 3247 2271 3317 φύσιν,
2323 3243 2459 3297 ἀλλά
2483 3241 2569 3294 διὰ
2608 3238 2670 3292 τδ
2716 3235 3029 3296 πλειστάκις
3061 3231 3257 3293 αὑτοὺς
3292 3231 3357 3282 ὲκ
3400 3228 3499 3297 τῆς
3527 3225 3658 3296 πρὶς

2089 3316 2157 3393 τά
2192 3338 2320 3408 ἔθνη
2361 3333 2686 3395 οἰκειώσεως
2723 3330 2801 3392 είς
2844 3326 2940 3397 τὴν
2965 3325 3186 3381 ἐκείνων
3223 3316 3657 3388 είδωλολατρείαν

2089 3431 2360 3485 ἐκκλίνειν
2381 3445 2394 3456 ·
2438 3423 2724 3486 Ἰουδαίους
2751 3421 2806 3473 δὲ
2844 3418 3068 3489 πλησίον
3099 3414 3293 3468 ἑαυτοῦ
3334 3413 3538 3482 ἡγεῖτο,
3568 3405 3657 3460 καὶ

2087 3523 2211 3579 οὑδὲ
2232 3521 2453 3581 τούτους
2477 3516 2708 3577 πάντας,
2738 3509 2851 3563 ἀλλ’
2876 3510 2928 3562 εἴ
2954 3523 3097 3569 τινες
3120 3504 3184 3557 ἂν
3216 3500 3492 3574 εὑρεθεῖεν
3516 3494 3657 3563 αὑτῷ

2086 3616 2186 3687 τὴν
2231 3612 2430 3682 ἀρετὴν
2484 3603 2790 3677 ἐφάμιλλοι.
2850 3598 3154 3670 Οἱηματίας
3202 3594 3258 3647 δέ
3306 3610 3388 3655 τις
3434 3591 3531 3649 ῶν,
3570 3587 3656 3640 καὶ

2086 3708 2261 3763 δοκῶν
2319 3704 2536 3757 πάντων
2578 3700 2646 3769 τῇ
2688 3697 2857 3768 ἀρετῇ
2909 3690 3220 3761 ὑπερέχειν,
3268 3684 3459 3738 ο-Σδένα
3511 3680 3655 3750 ἠξίου

2088 3798 2315 3870 πλησίον
2355 3791 2522 3848 αὑτοῦ
2556 3790 2589 3862 ἢ
2631 3784 2773 3842 εἶναι
2817 3788 2852 3855 ἣ
2882 3781 3166 3851 λέγεσθαι·
3210 3777 3324 3830 ἀλλ’
3363 3778 3390 3829 ὁ
3429 3771 3653 3844 Χριστὶς

2087 3892 2183 3964 τὴν
2209 3886 2373 3943 αὑτοῦ
2406 3884 2501 3939 καὶ
2521 3882 2630 3936 τῶν
2662 3879 2733 3933 τὰ
2764 3878 2854 3931 ῐσα
2883 3873 3032 3943 αὑτῷ
3065 3870 3364 3927 νοσούντων
3388 3865 3656 3935 ἀγνωσίαν

2086 3953 2425 4049 ἐπανορθῶν,
2450 3972 2671 4043 ὀνόματι
2695 3967 2857 4039 κοινῷ
2886 3966 2993 4037 τῷ,
3034 3960 3389 4031 (Ἄνθρωπός
3420 3973 3524 4020 τις,
3549 3974 3566 4006 ι
3600 3953 3652 4006 οὑ

2086 4075 2233 4129 τόνδε
2265 4072 2489 4145 ἢτόνδε,
2511 4066 2648 4125 ἀλλά
2677 4064 2857 4119 πάντα
2885 4062 2975 4117 τὸν
3000 4058 3345 4131 ἀνθρωπίνης
3371 4050 3654 4145 μετέχοντα

2088 4143 2301 4238 φύσεως
2329 4164 2556 4237 πλησίον
2576 4163 2684 4215 δεῖν
2711 4157 2992 4213 καλεῖσθαι
3014 4153 3253 4208 διδάσκει
3273 4167 3287 4180 ·
3332 4147 3428 4201 καὶ
3471 4143 3652 4238 ἐχθρδν

410 4234 647 4324 νοω-οε,
690 4234 990 4314 benefacite
1036 4255 1102 4310 iis
1153 4254 1246 4323 qui
1281 4253 1515 4307 oderunt
1564 4269 1680 4317 vos,
1723 4259 1985 4315 etorate

2094 4263 2213 4336 μηδ’
2231 4255 2509 4314 ὁντιναοῦν
2536 4252 2731 4307 εἰδέναι
2748 4248 3086 4318 θεσμοθετεῖ,
3104 4244 3197 4298 τὸν
3225 4240 3560 4311 μὲνζλέγοντα
3574 4234 3651 4286 νό-

412 4370 512 4425 pro
537 4349 993 4425 persequentibus
1018 4362 1137 4399 vos.
1170 4365 1188 4397 ι
1222 4343 1424 4400 Omnes
1461 4344 1777 4415 hujnsmodi
1810 4344 1982 4400 Judaai

414 4447 668 4502 inimicos
689 4443 1006 4503 credebant,
1036 4439 1315 4510 proximos
1333 4446 1513 4492 autem
1535 4437 1625 4506 qui
1650 4439 1983 4492 contrarium

414 4536 709 4593 faciebant.
739 4532 856 4588 Tali
917 4531 1080 4586 modo
1112 4531 1278 4600 igitur
1315 4529 1687 4599 legisperitum
1735 4537 1908 4584 tentat
1932 4537 1986 4583 et

415 4646 511 4700 per
546 4626 861 4699 parabolam
907 4638 973 4679 eo
1013 4622 1232 4699 redigit,
1266 4629 1339 4674 ut.
1367 4620 1452 4674 vel
1497 4620 1700 4675 imitus
1753 4620 1988 4674 fateatur

414 4723 584 4791 legem
617 4730 741 4772 esse
767 4712 1141 4784 imperfectam
1175 4726 1280 4779 qua
1310 4710 1552 4779 prmeipit
1584 4711 1766 4764 odisse
1805 4709 1987 4763 inimi-

414 4826 538 4868 cum
586 4816 643 4865 et
692 4808 917 4877 diligere
966 4803 1310 4875 proximum;
1360 4802 1653 4872 perlectam
1712 4810 1890 4855 autem
1935 4809 1989 4856 et

415 4900 761 4975 perficiendis
810 4898 879 4953 iis
921 4897 1013 4969 qui
1058 4912 1176 4951 eam
1218 4903 1543 4965 sequuntur,
1588 4894 1837 4948 idoneam
1868 4910 1986 4948 eam

415 5011 580 5066 quam
609 4992 688 5048 illi
717 4990 1023 5056 substituit,
1046 4995 1098 5043 et
1119 5004 1238 5058 quze
1260 4987 1419 5042 docet
1442 5002 1633 5041 omnes
1657 4984 1985 5055 diligendos,

419 5086 693 5143 neminem
734 5097 833 5153 pro
879 5082 1040 5135 hoste
1071 5079 1380 5135 habendum
1423 5094 1567 5139 esse,
1610 5094 1707 5147 pro
1742 5077 1989 5147 proximo

420 5190 599 5237 autem
617 5180 927 5249 quicunque
947 5174 1149 5228 auxilio
1170 5172 1398 5242 indiget,
1425 5170 1539 5225 sive
1570 5170 1842 5236 ethnicus,
1874 5168 1988 5222 sive

417 5273 658 5328 Judmus.
682 5270 775 5323 Sic
798 5270 963 5338 igitur
987 5268 1325 5322 sacerdotem
1346 5278 1405 5317 ac
1426 5263 1642 5316 levitam
1671 5261 1761 5331 qui
1786 5261 1988 5315 nullam

420 5366 466 5414 ei
499 5364 595 5434 qui
626 5362 770 5415 inter
802 5360 1045 5413 latrones
1094 5356 1370 5410 ceciderat
1416 5369 1573 5424 opem
1622 5354 1814 5417 tnlcre,
1847 5354 1989 5407 velut

425 5471 530 5506 non
562 5455 862 5521 proximos,
892 5452 1000 5503 imo
1042 5458 1101 5503 ut
1141 5449 1497 5518 alienigenas,
1529 5454 1586 5499 ttt
1621 5444 1853 5500 sicarios
1899 5444 1992 5500 de-

424 5552 709 5600 monstrat.
742 5543 1065 5613 Quicunque
1105 5542 1244 5595 enim
1281 5555 1501 5593 manum
1551 5554 1656 5593 non
1688 5537 1916 5606 porrigit
1944 5538 1990 5590 ei

2091 4324 2210 4423 μον,
2223 4370 2238 4401 ι
2264 4345 2589 4415 Ἀγαπήσεις
2610 4342 2698 4395 τὸν
2718 4338 2939 4409 πλησίον
2959 4353 3073 4407 σου,
3088 4353 3105 4384 ι
3134 4335 3274 4395 κα“ι,‹
3287 4331 3435 4398 Mter,
3445 4343 3553 4388 σεις
3572 4324 3651 4376 τὸν

2087 4418 2279 4511 ἐχθρόν
2310 4454 2459 4499 eoo,»
2483 4433 2557 4497 ὡς
2584 4430 2751 4499 ἀτελῆ
2784 4426 3017 4499 παριὼν,
3035 4427 3124 4479 τὸν
3153 4424 3207 4476 δὲ
3234 4418 3427 4475 ἑαυτοῦ
3455 4430 3651 4471 συνεισ-

2089 4533 2269 4603 φέρων
2294 4568 2308 4592 ,
2337 4528 2395 4581 ὃν
2449 4525 2544 4580 καὶ
2582 4521 2815 4592 ἀλλαχοῦ
2869 4519 3048 4588 τίθησι
3098 4516 3272 4582 λέγων
3305 4530 3318 4542 ·
3347 4532 3365 4563 ‹
3388 4510 3646 4577 ’Δγαπὶτε

2086 4625 2209 4685 τοὺς
2257 4618 2486 4690 ἒχθροὺς
2536 4614 2710 4685 ὑμῶν,
2761 4609 2939 4674 καλῶς
2998 4610 3199 4661 ποιεῖτε
3250 4607 3364 4667 τοῖς
3417 4614 3648 4671 μισουσιν

2089 4716 2253 4785 ὑμᾶς,
2283 4715 2375 4765 καὶ
2410 4706 2774 4780 προσεύχεσθε
2803 4696 2944 4773 ὑπὲρ
2973 4702 3081 4754 τῶν
3119 4697 3534 4775 ἐπηρεαζόντων
3569 4692 3650 4745 καί

2088 4804 2386 4860 διωκόντων
2408 4802 2606 4871 ὑμᾶς’)
2632 4797 2788 4869 δῆλον
2816 4794 2926 4865 γὰρ
2957 4794 3038 4845 ὅτι
3072 4792 3197 4853 τοὺς
3228 4788 3502 4849 τοιούτους
3529 4786 3646 4837 πάν-

2088 4914 2185 4958 τας
2223 4892 2447 4965 ἐχθροὺς
2495 4889 2724 4963 ἡγοῦντο
2783 4885 3048 4940 Ἰουδαῖοι·
3109 4882 3235 4943 τοὺς
3299 4879 3355 4931 δὲ
3407 4874 3651 4930 τάναντία

2092 4989 2404 5048 πο;οὖντας,
2442 4983 2688 5053 πλησίον.
2714 4979 2879 5035 Ὅθεν
2909 4976 3051 5031 οὕτω
3089 4976 3180 5030 τὸν
3220 4973 3443 5043 νομικὸν
3472 4967 3649 5023 ἐκπιέ-

2092 5081 2195 5143 ζει,
2236 5077 2328 5131 καὶ
2354 5075 2614 5143 κατάγχει
2636 5075 2704 5142 τῇ
2730 5070 2830 5138 τῆς
2855 5068 3169 5139 παραϐολῆς
3190 5064 3439 5134 δυνάμει,
3466 5062 3539 5124 ὡς
3569 5059 3667 5129 καί,

2090 5173 2290 5225 ἄκοντα
2334 5164 2733 5235 ἀνομολογῆσαι
2765 5160 2927 5231 ἀτελῆ
2958 5160 3055 5230 μὲν
3090 5155 3253 5223 εἶναι,
3283 5158 3378 5210 καὶ
3416 5153 3651 5208 ἀτελέσιν

2091 5259 2341 5331 εἰρῆσθαι
2390 5257 2502 5321 τὸν,
2563 5256 2738 5325 μισεῖν
2777 5252 2866 5305 τὸν
2922 5250 3135 5321 ἐχθρὸν,
3200 5252 3421 5319 ἀγαπᾷν
3468 5247 3526 5299 δὲ
3570 5246 3653 5297 τἰν

2095 5353 2340 5425 πλησίον,
2396 5347 2685 5403 κελεύοντα
2729 5345 2917 5414 νόμον·
2968 5342 3303 5395 τελειοτατον
3335 5343 3390 5395 δὲ
3441 5339 3534 5393 καὶ
3572 5355 3650 5390 τε·

2095 5445 2394 5508 λειοποιὸν,
2439 5441 2496 5494 ὃν
2549 5440 2709 5502 αὑτὸς
2770 5437 3116 5507 θεσμοθετεῐ·
3164 5436 3387 5505 ἀγαπᾷν
3448 5434 3652 5489 πάντως

2100 5537 2283 5599 ἁπλῶς
2316 5534 2600 5602 διδάσκων,
2637 5532 2729 5585 καὶ
2775 5529 2997 5602 μηδένα,
3021 5529 3146 5582 ἔνθα
3184 5528 3289 5598 χρὴ
3334 5523 3649 5597 εὐεργετεῖν,
