4126 6362
293 461 699 469 AW“
710 454 1000 468 ψ
1007 457 1054 464 1-
1061 454 1314 463 ὡ-ΦΜ
3257 451 3478 461 ψ.

1396 608 1537 648 ΑΚΝ.
1583 607 1807 646 υοιιικι
1854 606 2079 648 MXXX“
2102 605 2397 646 ~19X‘XV.

783 789 1868 1001 JOANNES

1982 788 2629 997 PAPA
2706 799 2964 1000 ΙΙ.

1852 1129 2133 1143 —

1478 1285 1670 1336 Notitia
1720 1302 1779 1338 ex
1809 1284 1938 1338 libro
1970 1284 2291 1355 Ponti/icali.

279 1462 412 1526 (Quae
434 1464 484 1512 in
506 1463 722 1514 editione
740 1461 889 1512 Mansi
912 1460 971 1510 ad
1008 1462 1276 1521 marginem
1300 1474 1325 1509 e
1356 1464 1563 1520 regione
1588 1468 1755 1511 textus
1778 1472 1940 1514 notata
1966 1471 2125 1525 erant,
2167 1476 2255 1513 nos
2277 1464 2333 1513 ad
2376 1464 2558 1514 calcem
2580 1465 2908 1514 columnarum
2928 1470 3224 1528 nostrarum,
3247 1465 3398 1517 cilTris
3434 1481 3492 1517 su

1340 1548 1609 1608 perioribus
1633 1550 1914 1609 pra'missis,
1937 1550 2303 1612 exscripsimus.
2328 1549 2482 1610 Eutr.)

342 1850 570 1905 Joannes
601 1859 626 1887 ι
658 1850 745 1920 qui
776 1861 831 1905 et
860 1850 1171 1916 Mercurius,
1207 1852 1420 1905 natione
1444 1850 1734 1914 Romanus,
1772 1867 1849 1905 ex
1870 1855 1919 1913 Α
1946 1851 2078 1904 alios
2103 1850 2300 1905 calices
2330 1860 2612 1918 argenteos
2636 1848 2690 1911 εὶ,
2716 1849 2973 1920 scyphum
3004 1849 3078 1918 (ιι)
3112 1861 3422 1917 pensantem
3459 1854 3525 1905 li-

280 1948 425 2008 patre
459 1940 699 2008 Projecto
730 1939 797 1993 de
825 1937 989 1994 Caelio
1016 1952 1216 2008 monte,
1255 1941 1390 1994 sedit
1443 1955 1609 1993 annos
1654 1940 1786 1993 duos
1815 1941 1839 1979 ι)

280 2032 544 2088 nienses]
574 2032 689 2087 dies
721 2033 774 2088 6.
805 2033 929 2087 Fuit
959 2043 1139 2088 autem
1187 2016 1519 2105 temporibus
1550 2035 1840 2089 Athalarici

281 2122 419 2190 regis
447 2131 500 2175 et
522 2122 805 2177 Justiniani
832 2124 1070 2192 Augusti.
1102 2124 1297 2179 Eodem
1323 2135 1563 2191 tempore
1609 2126 1691 2178 vir
1718 2125 1845 2178 reli-

279 2210 457 2279 giosus
487 2220 511 2250 ο
536 2214 806 2280 Augustus
836 2211 1167 2267 Justinianus
1208 2229 1419 2268 summo
1465 2229 1651 2268 amore
1693 2214 1846 2267 Chri-

283 2302 465 2356 stiana:
486 2302 760 2373 religionis
790 2303 934 2357 misit
964 2304 1120 2359 fidem
1143 2319 1292 2360 suam
1326 2306 1577 2375 scriptam
1614 2302 1639 2341 ά
1667 2306 1848 2359 chiro-

282 2393 482 2463 grapho
508 2394 724 2464 proprio
753 2394 817 2447 ad
847 2394 1027 2449 sedem
1059 2396 1404 2464 apostolicam
1451 2411 1543 2464 per
1569 2396 1851 2464 episcopos

285 2488 564 2558 HYPatium
594 2495 651 2543 et
688 2486 1038 2542 Demetrium.
1073 2489 1203 2558 Ipsis
1227 2488 1416 2544 diebus
1457 2488 1649 2543 obtulit
1693 2486 1852 2542 Chri-

286 2580 641 2633 stianissimus
666 2579 958 2648 imperator
1000 2580 1063 2633 Β.
1098 2581 1257 2635 Petro
1299 2581 1544 2650 apostolo
1592 2581 1849 2651 scyphum

288 2685 500 2727 aureum
546 2672 930 2727 circumdatum
987 2674 1215 2743 gemmis
1245 2672 1473 2743 prasinis
1518 2684 1572 2729 et
1614 2674 1768 2741 albis,
1800 2684 1853 2729 et

1951 1942 2076 1997 bras
2097 1942 2149 2009 5,
2167 1942 2365 1997 calices
2389 1943 2463 2011 (b)
2482 1951 2760 2009 argenteos
2789 1941 3026 2011 singulos
3044 1953 3328 2012 pensantes
3357 1944 3523 2001 libras

1952 2034 2007 2099 6,
2038 2043 2091 2088 et
2116 2033 2249 2086 alios
2269 2033 2462 2087 calices
2493 2044 2775 2100 augenteos
2804 2033 2859 2099 9.,
2896 2043 3185 2101 pensantes
3229 2034 3389 2089 libras
3415 2035 3517 2101 l5;

1955 2125 2165 2194 palliola
2194 2124 2265 2196 (ε)
2296 2139 2425 2179 vero
2445 2139 2575 2177 auro
2593 2133 2733 2178 texta
2755 2123 2809 2177 4.
2856 2125 2952 2179 Hic
2982 2124 3107 2179 fecit
3134 2126 3524 2181 ordinationem

1955 2218 2006 2269 in
2039 2217 2169 2271 urbe
2202 2218 2384 2269 Roma:
2417 2231 2573 2269 unam
2605 2231 2698 2285 per
2721 2231 2956 2271 mensem
2982 2217 3348 2284 Decembrem,
3378 2234 3525 2289 pres-

1958 2309 2175 2379 byteros
2210 2309 2295 2374 15,
2329 2309 2610 2377 episcopos
2634 2323 2729 2378 per
2756 2309 2965 2363 diversa
2985 2310 3095 2363 loca
3128 2326 3274 2364 num.
3306 2311 3395 2366 21.
3426 2313 3527 2380 Qui

1956 2401 2115 2454 etiam
2154 2401 2395 2469 sepultus
2436 2409 2520 2455 est
2556 2400 2608 2454 in
2665 2400 2882 2453 basilica
2917 2401 2976 2453 Β.
3018 2399 3157 2454 I'etri
3186 2402 3431 2470 apostoli,
3477 2418 3527 2457 vt

1957 2490 2205 2545 calendas
2240 2491 2408 2545 Julias
2438 2491 2539 2561 (ά),
2573 2499 2694 2560 post
2721 2492 3051 2546 consulatum
3089 2494 3276 2548 iterum
3302 2494 3530 2565 Lampa-

1957 2582 2051 2636 dii.
2086 2582 2153 2636 Et
2180 2582 2415 2636 cessavit
2438 2584 2779 2651 episcopatus
2802 2582 2920 2637 dics
2948 2596 3055 2639 sex.

369 2906 397 2931 οι
420 2896 652 2948 Joannes
667 2900 1018 2961 cognomento
1043 2892 1355 2955 Mercurius,
1374 2890 1667 2955 Romanus,
1692 2904 1853 2956 anno,
1891 2891 1936 2951 Β
1967 2886 2299 2961 Gothorum,
2317 2886 2589 2961 corruptis
2612 2886 2846 2961 moribus
2875 2884 3204 2961 adulscens,
3258 2900 3532 2959 postquam

290 2974 346 3019 ut
375 2972 584 3018 constat
613 2979 675 3018 ex
702 2972 883 3016 vetere
926 2962 1270 3029 inscriptione
1302 2962 1439 3027 apud
1469 2961 1718 3015 Sanctqu
1753 2961 1852 3013 Pe-

293 3048 430 3089 trum
471 3037 534 3087 atl
598 3032 852 3091 Vincula,
913 3040 1033 3097 post
1089 3031 1427 3085 consulatum
1482 3030 1756 3091 Lampadii
1804 3038 1857 3083 et

292 3105 514 3169 Orestis,
541 3104 630 3171 qui
655 3114 738 3155 est
768 3103 861 3156 l3]
906 3101 1105 3155 Christi
1136 3101 1269 3163 nati,
1301 3101 1638 3168 imperatoris
1690 3098 1856 3171 Justie

295 3175 438 3230 niani
461 3172 513 3237 5,
544 3170 598 3227 et
629 3173 919 3227 Athalarici
952 3172 1089 3240 regis
1117 3171 1284 3226 Italiae
1302 3171 1354 3235 6,
1380 3172 1517 3225 circa
1544 3170 1700 3224 finem
1730 3170 1855 3221 anni

295 3245 438 3299 illius
457 3246 659 3297 electus
689 3253 772 3297 est
802 3243 1067 3295 Romanus
1099 3241 1357 3309 pontifex.
1403 3240 1569 3309 llujus
1605 3242 1859 3308 tempori-

296 3318 397 3369 bus
422 3313 750 3367 Amalzuricus
779 3329 867 3366 rex
898 3314 1268 3377 Hispaniarum
1304 3311 1551 3371 Arianus,
1579 3323 1858 3379 propterea

294 3385 433 3454 quod
464 3383 744 3438 Cl0tildem
778 3383 942 3454 filiam
967 3381 1214 3454 Clodovei
1249 3382 1567 3454 catholicam
1616 3381 1719 3454 sibi
1749 3396 1859 3454 ma-

298 3451 551 3509 trimonio
605 3454 863 3521 junctam,
892 3452 964 3506 ob
1006 3452 1367 3507 diversitatem
1400 3451 1673 3521 religionis
1727 3451 1863 3504 male

297 3520 890 3586 tractas‘set,"’occiditur
919 3538 947 3576 a
994 3522 1340 3577 Childeberto
1385 3530 1574 3590 quarto
1602 3520 1862 3575 Cloduvei

300 3595 434 3657 ﬁlio,
464 3594 622 3648 fratre
650 3593 912 3652 Clotildis.
937 3592 1002 3647 ad
1025 3608 1180 3661 quem
1212 3591 1323 3659 ipsa
1347 3592 1619 3645 sudarium
1652 3591 1864 3657 proprio

298 3666 558 3733 sanguine
586 3663 835 3717 infectum
859 3664 1098 3717 miserat.
1127 3663 1407 3716 Interfecto
1434 3661 1733 3716 Amalarico
1756 3661 1864 3733 regi

297 3732 501 3789 Ariano
527 3733 763 3787 Theudis
788 3749 882 3788 rex
912 3733 1142 3787 Arianus
1170 3732 1451 3793 successit,
1469 3733 1577 3800 qui,
1604 3746 1730 3798 pace
1760 3732 1865 3783 Ec—

300 3806 479 3859 clesia:
500 3804 595 3858 Dei
627 3818 903 3867 concessa,
937 3803 1288 3858 conveniendi
1319 3818 1380 3855 ac
1408 3804 1476 3856 de
1517 3802 1619 3855 fide
1668 3800 1864 3854 decer-

302 3875 463 3930 nendi
498 3874 763 3928 licentiam
793 3873 1058 3943 episcopis
1102 3874 1372 3941 Hispaniae
1402 3872 1640 3925 indulsit.
1662 3871 1871 3943 iOrige-

303 3946 459 3999 nistaa-
485 3945 678 4011 smpius
705 3942 939 3997 damnati
978 3959 1191 3998 rursum
1224 3944 1605 3997 iuvalescentes
1622 3982 1637 4005 ,
1662 3942 1866 3994 'corru-

305 4016 517 4084 ptisque
544 4013 817 4084 monachis
859 4014 1174 4078 Palaestinis,
1220 4023 1386 4067 totum
1408 4012 1576 4067 ferme
1598 4012 1870 4067 Orientem

306 4085 699 4153 depascentes,
751 4083 940 4138 edictas
993 4086 1371 4152 imperatorum
1425 4099 1529 4136 non
1588 4090 1875 4150 potuerunt

256 4188 265 4203 ι
305 4155 571 4221 exstingui
615 4170 630 4207 :
672 4152 806 4208 adeo
836 4164 894 4208 ut
928 4154 1116 4207 horum
1160 4167 1315 4207 causa
1369 4154 1611 4220 quintum
1642 4166 1876 4206 meome-

306 4225 484 4279 nicum
515 4224 799 4278 concilium
824 4239 1147 4292 congregare
1172 4237 1306 4291 opus
1333 4222 1511 4276 fuerit.
1538 4221 1869 4275 Justiniauus

306 4298 600 4360 imperatur
616 4291 1043 4361 coniurationem
1067 4303 1120 4346 et
1142 4292 1457 4345 seditionem
1495 4291 1871 4361 Constantino-

309 4366 417 4432 poli
441 4376 623 4417 contra
647 4360 938 4417 se'motam
965 4364 1106 4416 iflam
1132 4378 1285 4428 quam
1322 4361 1611 4432 Procopius
1640 4360 1734 4416 lib.
1766 4377 1782 4415 1
1807 4361 1872 4415 de

312 4435 462 4488 Bello
495 4435 705 4487 Persico
732 4433 1009 4499 describit,
1045 4432 1272 4486 feliciter
1294 4432 1507 4486 sedavit
1535 4441 1589 4486 et
1610 4445 1877 4500 compres-

309 4505 402 4556 sit.
438 4503 519 4556 Ab
545 4505 811 4572 episc0pis
843 4519 905 4557 ex
941 4504 1146 4556 visione
1176 4502 1401 4570 quadam
1449 4503 1726 4572 victoriam
1758 4502 1875 4570 pol-

312 4570 600 4628 licentibus
632 4570 954 4635 admonitus,
995 4572 1338 4626 Vaudalicum
1367 4573 1561 4626 bellum
1610 4570 1702 4625 diu
1730 4574 1876 4640 cogi-

312 4653 481 4695 tatqu
531 4644 666 4697 du-‘e
696 4643 952 4697 Belisario
980 4643 1267 4704 inchoavit,
1299 4654 1471 4710 natque
1512 4642 1686 4709 spatio
1716 4642 1873 4695 trium

310 4713 596 4771 mensium.
652 4727 780 4781 rege
819 4712 1163 4767 barbarorum
1218 4699 1487 4767 G'elim'ere
1532 4699 1617 4765 bis
1671 4710 1874 4781 fugato,

310 4783 589 4850 copiisque
616 4796 799 4836 eorum
831 4783 1078 4849 devictis,
1115 4782 1491 4850 Carthaginem
1519 4784 1875 4850 recuperavit,

312 4862 588 4919 tetamque
632 4852 862 4906 Africam
908 4868 935 4904 a
984 4852 1276 4923 tyrannide
1328 4852 1613 4923 nonaginta
1645 4852 1877 4920 quinque

312 4935 598 4983 annorum,
622 4924 815 4989 quibus
838 4936 994 4991 reges
1017 4921 1207 4976 ‘Ariani
1238 4931 1289 4975 et
1322 4921 1531 4975 barbari
1555 4935 1672 4975 eam
1702 4934 1879 4991 posse-

312 4996 530 5062 derant,
579 4992 821 5046 liheravit
867 4990 1178 5062 (Proc0pius
1211 4992 1338 5044 fibra
1385 4993 1552 5062 prima
1584 4992 1647 5044 de
1697 4990 1874 5060 xEdif.

311 5060 557 5130 Justin.).
584 5061 855 5131 Pugnabat
880 5060 1195 5116 miraculose
1224 5077 1320 5129 pro
1353 5060 1674 5129 imperatore
1694 5076 1725 5115 c
1744 5064 1876 5115 Itho-

315 5132 424 5184 lico
457 5131 616 5195 Deus,
644 5134 733 5201 qui
764 5148 857 5199 pro
891 5133 995 5186 fide
1028 5133 1285 5186 Catholica
1314 5131 1646 5186 defendenda
1683 5139 1737 5185 et
1768 5147 1881 5184 am-

314 5200 529 5269 plianda
558 5200 895 5271 summopere
923 5202 1193 5267 laborans,
1224 5201 1608 5271 catholicorum
1639 5210 1694 5254 et
1715 5201 1880 5271 Seve-

314 5272 615 5340 rianorum,
639 5270 783 5340 quos
805 5272 975 5326 adhuc
1004 5273 1055 5325 in
1085 5272 1303 5325 Oriente
1324 5286 1442 5326 esse
1473 5270 1698 5337 sciebat,
1734 5270 1878 5323 illam

314 5339 669 5410 collationem
688 5340 797 5395 fieri
828 5342 1229 5410 curavit,quam
1262 5341 1395 5395 infra
1422 5354 1522 5395 suo
1551 5342 1665 5395 loco
1682 5340 1878 5395 editam

314 5408 409 5462 hic
435 5410 771 5475 exhibemus,
795 5413 989 5481 quique
1016 5408 1173 5465 missa
1198 5412 1455 5481 legatione
1482 5409 1878 5481 adgARomanutn

318 5481 848 5547 pontificem,contra
877 5479 1163 5535 monachos
1192 5479 1516 5547 A‘émmetas,
1540 5479 1885 5535 Nesmrianos

317 5558 380 5603 et
405 5549 759 5620 Drigenistas,
791 5550 1141 5604 orthodoxam
1190 5552 1347 5605 ﬁdem
1390 5565 1753 5620 propugnans,
1787 5567 1883 5605 au-

316 5619 570 5701 ctoritate
598 5620 742 5701 sedis
791 5620 1115 5701 apostolicre
1141 5620 1365 5701 delip‘iri.
1392 5619 1635 5689 rogavit,
1671 5632 1878 5701 utrum,
1915 5642 1962 5701 ι)

316 5688 465 5771 quod
500 5691 789 5771 negabatur
818 5692 884 5743 ab
936 5690 1219 5771 haereticis,
1244 5688 1484 5771 Christus
1509 5706 1648 5743 unus
1677 5691 1745 5745 de
1769 5690 1885 5744 Tri-

320 5766 495 5812 nitate
522 5767 666 5813 esset
689 5776 702 5821 ;
735 5768 911 5813 utrum
938 5766 987 5813 in
1017 5774 1177 5813 carne
1220 5767 1373 5812 natus
1401 5774 1462 5813 ac
1488 5774 1675 5825 passus
1706 5770 1878 5823 esset;

321 5837 381 5881 et
409 5843 474 5881 an
507 5828 664 5883 Maria
690 5828 779 5883 Dei
806 5831 1028 5898 genitrix
1062 5830 1162 5883 dici
1188 5838 1383 5897 posset.
1418 5829 1749 5885 Athalaricus
1790 5846 1878 5885 rex

611 5921 877 5981 Ρηιιοι..
927 5922 1143 5982 LXVI.

1968 2959 2124 3026 hujus
2156 2958 2421 3026 pontificis
2449 2958 2652 3009 monitu
2715 2958 3036 3009 simttniacos
3067 2957 3324 3010 bonorum
3358 2957 3535 3016 eccle-

1960 3028 2297 3082 siaStieorum
2326 3036 2599 3094 emptores
2640 3027 3004 3093 percelluisset
3038 3029 3211 3080 edicto
3263 3029 3354 3081 illo
3391 3031 3531 3093 quod

1962 3113 2273 3153 marmoreae
2323 3097 2515 3150 tabula:
2562 3097 2874 3162 inscriptum
2907 3137 2922 3160 ,
2983 3106 3108 3149 ante
3154 3098 3335 3152 Sancti
3392 3100 3536 3155 Petri

1961 3169 2153 3221 atrium
2184 3168 2389 3221 cunctis
2417 3180 2577 3235 persp
2599 3182 2755 3218 cuum
2780 3166 2974 3232 apponi
3007 3179 3307 3235 curaverat,
3341 3180 3533 3224 oetam

1963 3253 2102 3292 anno
2129 3239 2277 3307 regni
2301 3236 2404 3295 sui,
2431 3238 2516 3303 qui
2550 3245 2665 3290 erat
2685 3239 2857 3290 :etatis
2887 3235 3051 3307 ipsius
3070 3241 3307 3295 decimus
3329 3251 3533 3307 sextus,

1963 3306 2203 3363 mortuus
2222 3316 2323 3362 est.
2356 3307 2661 3362 Tlteodatus
2711 3322 2837 3361 vero
2880 3306 3198 3366 Theodorici
3250 3324 3311 3363 ex
3354 3306 3541 3367 sorore

1962 3379 2302 3432 Amalafreda
2352 3392 2542 3446 nepos,
2607 3379 2954 3442 provectioris
2983 3382 3177 3445 relatis,
3230 3379 3537 3435 Latinarum

1968 3448 2265 3503 litterarum
2296 3459 2343 3501 et
2376 3448 2779 3518 Platonicmum
2805 3448 3109 3515 dogmatqu
3156 3450 3284 3507 satis
3317 3452 3541 3518 peritus,

1966 3519 2044 3573 rei
2074 3516 2493 3589 autemibellica‘.
2529 3531 2747 3586 prorsus
2778 3518 3013 3589 ignarus,
3050 3516 3399 3589 pecuniisque
3449 3516 3539 3576 ac;

1968 3588 2304 3643 cumulandis
2332 3588 2541 3642 enixius
2574 3589 2824 3652 intentus,
2854 3587 3173 3659 subrogatus
3201 3601 3282 3645 est
3311 3587 3544 3645 ’Athala-

1968 3660 2104 3721 rico,
2136 3674 2295 3712 suasu
2327 3660 2685 3713 Amalasuntte
2712 3660 2898 3712 matris
2924 3661 3240 3727 Atlialarici,
3276 3676 3436 3727 quam
3462 3663 3545 3715 in-

1969 3729 2338 3799 gratissimus,
2392 3727 2517 3781 dum
2566 3744 2731 3793 regno
2771 3730 3120 3799 potitusiest,
3172 3734 3223 3786 iu
3262 3745 3537 3787 carcerem

1969 3798 2220 3869 conjecit,
2248 3809 2300 3852 et
2352 3800 2509 3866 paulo
2540 3809 2657 3868 post
2703 3798 2900 3869 oecidét
2946 3798 3258 3869 (Procopius
3281 3800 3345 3856 de
3396 3801 3546 3856 Bello

1970 3866 2302 3939 Gothorum).
2331 3869 2450 3939 Hcce
2486 3866 2605 3923 cum
2635 3866 2966 3923 Jusﬁnianus
3003 3866 3321 3939 accepisset,
3351 3872 3547 3927 adver—

1972 3953 2067 3992 sus
2120 3937 2347 4010 Gothum
2405 3938 2601 4010 bellum
2640 3953 2863 4010 parare.
2896 3949 2948 3992 et
2979 3937 3216 3997 Francos
3242 3942 3351 4010 jam
3396 3953 3539 4006 ante,

1972 4011 2190 4064 vivente
2212 4008 2383 4063 adhuc
2412 4009 2740 4072 Athalarico,
2783 4010 3078 4066 concitatos
3110 4008 3293 4067 contra
3322 4015 3541 4067 eosdem

1974 4094 2314 4133 commovere
2344 4080 2527 4145 cmpit.
2564 4081 2690 4134 Ssv.
2722 4080 2923 4135 Burrus.

2048 4148 2075 4187 δ
2098 4150 2289 4203 Tribus
2329 4150 2483 4203 annis
2510 4164 2702 4202 munus
2732 4149 3063 4219 pontificium
3113 4152 3543 4206 administratum

1982 4218 2200 4291 fuissea
2226 4219 2431 4272 Joanne
2490 4218 2743 4291 secundo
2765 4228 2972 4274 constat
3003 4236 3067 4275 ex
3102 4223 3248 4276 obitu
3301 4222 3548 4291 ejusdem

1974 4300 2029 4343 et
2054 4306 2119 4342 ex
2146 4289 2210 4342 iis
2240 4304 2358 4356 qua:
2386 4304 2543 4355 supra
2574 4288 2624 4342 iu
2655 4290 2915 4358 principio
2947 4293 3113 4346 verbo
3134 4288 3385 4353 Joannes,
3410 4304 3464 4346 et
3492 4293 3546 4347 in

1978 4364 2082 4413 fine
2113 4368 2356 4412 notarum
2380 4360 2443 4411 ad
2458 4359 2887 4415 vitamBonil‘acii
2918 4360 3174 4417 diximus.
3198 4363 3321 4417 Sev.
3347 4362 3551 4417 BINIUS.

2050 4439 2072 4467 ε
2102 4429 2229 4483 Vide
2250 4444 2366 4498 qua:
2393 4429 2461 4484 de
2493 4430 2593 4483 hac
2621 4429 2883 4497 legatione
2914 4430 3047 4485 infra
3082 4435 3133 4485 in
3182 4433 3321 4487 notis
3350 4434 3545 4487 concil.

1978 4500 2200 4554 Rvmani
2248 4502 2348 4552 sub
2393 4501 2619 4563 Joanne,
2668 4515 2732 4555 ex
2766 4500 2961 4554 Baron.
3016 4518 3138 4557 ann.
3205 4503 3328 4567 555,
3361 4503 3556 4558 dicturi

1977 4585 2183 4625 sumus.
2212 4570 2338 4623 Sev.
2368 4569 2566 4623 Brutus.
3020 4618 3026 4622 .

2047 4637 2074 4676 ἀ
2099 4640 2345 4710 lntelligit
2375 4639 2517 4691 illam
2544 4639 2663 4693 ﬁdei
2684 4639 3075 4710 professionem
3109 4659 3225 4710 quae
3249 4644 3557 4697 continetur

1979 4712 2033 4764 in
2061 4710 2284 4781 epistola
2323 4708 2609 4781 Justiuiaui
2634 4710 2698 4762 ad
2721 4708 2981 4781 Joannem
3017 4708 3201 4781 papam
3230 4729 3243 4775 ;
3290 4728 3397 4766 non
3425 4728 3557 4767 vero

1981 4780 2109 4851 illud
2134 4779 2394 4848 prolixius
2422 4780 2657 4851 edictum
2684 4780 2779 4851 cui
2801 4781 2851 4851 in
2881 4779 3111 4837 Suriana
3144 4783 3381 4836 editione
3413 4797 3557 4851 prte-

1981 4850 2084 4904 fixa
2113 4851 2375 4917 reperitur
2396 4849 2657 4920 ejusmodi
2680 4850 2955 4920 inscriptio
2985 4854 3238 4905 mendosa
3264 4870 3276 4905 :
3313 4849 3559 4907 Edictum

1982 4921 2201 4988 piissimi
2230 4920 2550 4989 imperatoris
2579 4918 2865 4975 Iustiniani
2889 4922 3011 4990 ﬁdei
3040 4924 3410 4990 confessionem
3435 4940 3560 4978 con-

1982 4992 2164 5054 tinens,
2198 4998 2249 5061 et
2265 4990 2622 5061 refutationem
2654 4990 2915 5061 [zwrescon
2954 5009 3065 5061 qua:
3113 4996 3449 5047 adversantur
3471 5012 3556 5047 oa-

1983 5061 2185 5113 thalij
2212 5056 2599 5132 Dei'Ecclcsiaz,
2633 5056 2825 5132 Joanm‘
2853 5056 3001 5132 papa:
3037 5062 3256 5114 secundo
3291 5068 3555 5117 transmis-

1982 5146 2114 5196 sam,
2134 5138 2201 5202 Ant
2226 5141 2361 5202 patet
2387 5130 2440 5183 in
2470 5132 2572 5202 vita
2607 5130 2861 5200 ejusdem'
2884 5130 3033 5199 popa:
3063 5148 3125 5185 ea:
3153 5132 3285 5185 libro
3334 5132 3556 5202 Pontiﬁ-

1985 5202 2103 5253 cali.
2133 5199 2276 5271 Hanc
2307 5201 2706 5271 inscriptionem
2751 5205 3060 5256 mendosam
3100 5216 3221 5256 esse
3270 5202 3400 5268 dixi,
3433 5199 3558 5271 quia

1984 5280 2194 5341 {antistat
2245 5270 2372 5323 illud
2400 5270 2654 5334 edictum,
2688 5272 2774 5325 vel
2810 5275 2985 5339 potius
3023 5272 3288 5339 libellum,
3318 5270 3559 5341 tempore

1986 5338 2166 5409 Vigilii
2196 5341 2555 5410 conscriptum
2577 5354 2718 5403 esse,
2742 5338 2898 5409 quem
2928 5342 3185 5397 adversus
3209 5338 3307 5395 tria
3332 5338 3560 5410 capitula

1985 5408 2303 5465 Theodorus
2332 5408 2986 5481 Cresariensisepiscopus
3016 5413 3083 5467 ab
3104 5414 3219 5481 ipso
3240 5408 3564 5481 imperatore

1987 5481 2314 5551 edicuravit,
2345 5489 2400 5533 nt
2428 5489 2649 5534 testatur
2679 5480 2956 5536 Liberatus
2980 5485 3032 5536 in
3065 5482 3297 5535 ltreviar.
3322 5480 3442 5551 cap.
3468 5482 3561 5537 ει.

1994 5549 2126 5622 Vide
2152 5565 2279 5622 (iure
2300 5551 2435 5604 infra
2463 5551 2767 5622 notabimus
2795 5551 2893 5605 sub
2929 5554 3140 5622 Vigilio.
3166 5553 3295 5605 Sev.
3333 5549 3531 5607 cuius.

2064 5619 2137 5691 (α)
2166 5620 2305 5691 βοά.
2338 5636 2437 5673 tus.
2473 5619 2736 5685 Vallicel.,
2770 5619 3084 5691 argenteum.

2059 5690 2132 5759 (ὁ)
2165 5690 2219 5743 In
2247 5691 2437 5744 eodem
2468 5690 2588 5745 cod.
2623 5690 2923 5746 calices...“
2952 5704 2999 5746 et
3023 5696 3151 5747 alios
3178 5693 3394 5747 desunt.

2064 5761 2138 5889 ἕο)
2170 5760 2310 5813 Idem
2338 5762 2482 5825 cod.,
2517 5761 2687 5841 pallea
2724 5760 2955 5815 oloutrea
2985 5780 3113 5816 auro
3145 5774 3284 5817 texta
3321 5761 3343 5814 I
3361 5762 3399 5812 γ

2087 5831 2141 5889 d)
2177 5828 2316 5885 Idem
2347 5831 2489 5889 cod..
2514 5828 2722 5884 Junms.

2087 5831 2141 5900 d)
2177 5828 2316 5885 Idem
2347 5831 2463 5884 cod.
2476 5872 2489 5899 ,
2514 5828 2722 5884 Junius.

3066 5918 3095 5977 1
