4126 6362
524 347 3785 413 -ηεε-επ-επ-ΜΜ

1345 489 2145 672 gemens

2218 487 2754 601 ΡΔΡΕ
2827 486 2970 597 II

1596 756 1665 803 ιλ
1796 701 2562 817 EPISTOL/E.

1817 884 1905 946 (Ex
1936 882 2084 929 Mausi
2111 878 2307 930 Collect.
2329 878 2522 937 concil.)

795 1116 1143 1175 ‘EPISTOLA
1185 1109 1600 1168 ATIHLARICI
1630 1104 1833 1160 REGls

1142 1245 1207 1281 AD
1245 1240 1502 1280 ΙΟᾹΧΝΕΜ.

611 1373 843 1427 Contine!
885 1367 1320 1434 conﬁrmationem
1350 1357 1774 1413 senatusconsulti
1804 1354 2044 1405 adversus

1080 1436 1397 1491 Simoniacos
1426 1432 1569 1483 editi.

617 1574 805 1629 Joanui
839 1585 987 1640 papa:
1016 1567 1351 1622 Athalaricus
1385 1579 1496 1616 teat.

614 1707 672 1762 Si
693 1704 921 1774 antiquis
940 1700 1267 1772 principibus
1285 1698 1519 1751 studium
1540 1693 1795 1759 fuitleges
1812 1691 2115 1759 exquirere,

466 1834 477 1845 -
542 1812 604 1855 ut
638 1798 867 1868 subjecti
896 1793 1074 1865 pepuli
1111 1789 1413 1847 delectabili
1454 1785 1841 1855 tranquillitate
1872 1781 2117 1836 frueren-

548 1903 654 1959 tur,
689 1890 857 1945 multo
878 1885 1226 1957 praestantius
1267 1890 1352 1936 est
1381 1880 1504 1934 talia
1533 1878 1825 1932 decernere
1853 1888 1974 1942 qua:
2004 1887 2125 1942 pos-

550 1984 657 2038 sint
692 1981 861 2036 sacris
901 1977 1097 2047 regulis
1122 1973 1444 2031 convenire.
1491 1968 1682 2025 Absint
1711 1967 1852 2022 enim
1879 1980 1907 2018 a
1943 1972 2126 2018 nostro

550 2074 749 2129 smculo
774 2071 1031 2125 damnosa
1071 2064 1410 2135 compendia.
1443 2061 1581 2117 Illud
1608 2068 1811 2115 tantum
1842 2070 2125 2127 possumus

531 2174 737 2221 ‘verutn
780 2165 984 2218 lucrum
1027 2160 1248 2225 dicere,
1289 2155 1428 2227 quod
1467 2160 1679 2209 constat
1720 2150 1901 2207 divina
1928 2148 2125 2219 judicia

552 2274 657 2323 non
685 2257 893 2325 punire.
928 2253 1106 2322 Nuper
1139 2248 1401 2318 siquidem
1431 2245 1499 2301 ad
1529 2258 1627 2300 nos
1652 2242 1906 2298 defensor
1938 2238 2125 2294 Eccle-

554 2352 650 2403 sia:
679 2346 932 2402 Romana:
972 2343 1135 2399 ﬂebili
1174 2339 1493 2409 allegatione
1522 2334 1801 2406 pervenit,
1846 2346 1969 2386 cum
1998 2342 2129 2398 apo-

2139 1081 2185 1137 Α
2217 1078 2365 1131 dum.
2398 1076 2540 1127 Alios
2589 1090 2719 1127 vero
2765 1074 3133 1141 patriarchas,
3188 1074 3401 1141 quando
3444 1075 3492 1126 in
3537 1075 3788 1127 comitatu

2221 1176 2402 1220 nostro
2430 1165 2497 1219 de
2527 1177 2710 1218 eorum
2744 1163 3078 1216 ordinatione
3111 1170 3396 1227 Irat-tatur,
3448 1163 3499 1215 in
3546 1164 3793 1231 supradi:

2222 1258 2319 1311 etis
2364 1254 2756 1308 conditionibus
2800 1263 2958 1322 atque
3007 1253 3249 1316 personis
3296 1253 3431 1306 intra
3480 1251 3585 1306 duo
3616 1253 3783 1305 millia

2219 1346 2512 1402 solidorum
2539 1346 2786 1413 jubemus
2818 1344 3122 1413 expendere
3153 1361 3165 1395 :
3199 1347 3251 1397 in
3281 1343 3583 1397 civitatibus
3611 1332 3791 1397 aute'm

2222 1439 2336 1491 suis
2365 1437 2689 1491 tenuissima
2716 1435 2855 1501 plebi
2884 1450 2987 1487 non
3018 1416 3245 1503 amplius
3281 1450 3439 1502 quam
3470 1434 3791 1504 quingentos

2223 1527 2422 1583 solidos
2453 1542 2525 1581 se
2568 1525 2939 1579 distributuros
2984 1539 3107 1579 esse
3148 1532 3494 1593 cognoscant.
3544 1523 3796 1592 Reliquos

2223 1621 2542 1689 accipientes
2570 1628 2619 1672 ct
2651 1616 2809 1671 edicti
2844 1618 3120 1685 prtesentis
3136 1627 3185 1669 et
3211 1617 3659 1670 senatusconsulti
3689 1631 3791 1667 nu-

2227 1730 2322 1780 per
2356 1713 2516 1765 habiti
2547 1726 2701 1779 pmna
2730 1710 3080 1776 constringat,
3119 1717 3171 1761 et
3201 1708 3390 1762 dantes
3416 1722 3679 1761 canonum
3708 1721 3794 1761 se-

2224 1808 2420 1859 veritas
2450 1812 2821 1875 persequatur.

2301 1897 2407 1951 Vos
2458 1905 2662 1958 autem,
2708 1894 2798 1963 qui
2853 1892 3270 1961 patriarcharum
3326 1890 3529 1944 honore
3574 1890 3795 1960 reliquis

2229 1987 2522 2057 prmsidetis
2560 1985 2830 2047 Ecclesiis,
2884 1981 3133 2050 quoniam
3179 1981 3486 2035 constitutio
3514 1988 3693 2032 nostra
3727 1978 3796 2031 ab

2229 2080 2409 2134 illicita
2465 2074 2823 2146 promissione
2872 2071 3151 2137 liberavit,
3200 2080 3364 2125 restat
3394 2080 3451 2124 ut
3496 2068 3632 2125 bona
3680 2064 3799 2126 imi-

2230 2179 2402 2223 tantes
2427 2167 2704 2234 exempla,
2755 2166 2870 2219 sine
2914 2165 3090 2234 aliquo
3136 2163 3490 2217 Ecclesiarum
3523 2162 3801 2231 dispendio

2228 2263 2418 2330 dignos
2476 2261 2752 2329 majestate
2798 2258 3081 2327 pontiﬁces
3125 2255 3380 2310 olferatis.
3432 2254 3673 2323 Iniquum
3719 2265 3800 2308 est

2226 2354 2375 2407 enim
2403 2359 2461 2405 ut
2489 2350 2665 2405 locum
2711 2350 2847 2419 apud
2882 2362 2976 2401 vos
3006 2347 3197 2400 haheat
3224 2345 3475 2407 amb‘tus,
3508 2359 3664 2406 quem
3706 2356 3803 2396 nos

554 2440 761 2496 “diu”
788 2437 902 2493 δθάί
929 2443 1201 2505 [meram
1227 2433 1468 2490 ³η¹ίείθ³ο
1498 2426 1756 2497 αυοεάθω
1788 2422 1987 2479 nefaria
2015 2435 2126 2474 ma‘
2158 2450 2203 2509 Β
2230 2443 2377 2497 laicis
2403 2442 2581 2497 divina
2604 2441 3032 2495 consideratione
3058 2437 3443 2507 praiclusimus.
3466 2436 3804 2504 Quapropter

554 2532 860 2587 chinatione
900 2527 1274 2584 necessitatem
1305 2521 1561 2589 temporis
1586 2526 1878 2587 aucupatos
1901 2555 1917 2581 ,
1951 2515 2021 2569 ita
2036 2514 2122 2567 fa-

554 2626 787 2681 cultates
815 2636 1102 2690 pauperum
1132 2617 1356 2673 extortis
1384 2612 1826 2684 promissionibus
1857 2610 2129 2678 ingravas-

557 2734 639 2785 se,
687 2727 745 2770 ut
788 2712 950 2783 (quod
989 2712 1133 2766 dictu
1164 2708 1313 2764 nefas
1358 2705 1462 2775 est)
1486 2705 1651 2759 etiam
1680 2716 1830 2757 sacra
1861 2714 1985 2753 vasa
2013 2713 2130 2752 em-

558 2806 725 2875 ptioni
750 2803 974 2875 publica:
1005 2799 1308 2854 viderentur
1330 2795 1593 2864 exposita.
1614 2790 1732 2846 Hoc
1756 2798 2012 2859 quantum
2037 2786 2134 2841 fuit

558 2898 775 2953 crudele
798 2892 1078 2960 committi,
1101 2897 1304 2944 tantum
1329 2887 1634 2957 religiosum
1652 2892 1735 2939 est
1759 2881 1998 2937 adhibita
2022 2879 2136 2950 pie-

561 2997 669 3063 tate
716 2999 982 3041 resecare.
1026 2986 1198 3051 Atque
1240 2980 1360 3034 ideo
1391 2983 1644 3032 sanctitas
1677 2983 1854 3029 vestra
1885 2973 2137 3026 statuisse

562 3094 660 3137 nos
702 3076 952 3149 praesenti
981 3073 1290 3130 deﬁnitione
1333 3081 1656 3141 cognoscat,
1689 3066 1829 3138 quod
1868 3068 2029 3120 etiam
2070 3064 2135 3117 ad

562 3171 843 3225 universos
870 3165 1205 3239 patriarchas
1235 3173 1394 3233 atque
1424 3160 1860 3230 metropolitanas
1883 3156 2139 3210 ecclesias

558 3263 805 3318 volumus
844 3259 1148 3331 pertinere,
1190 3264 1307 3309 uta
1338 3264 1575 3322 tempore
1620 3250 1947 3305 sanctissimi
1989 3262 2138 3316 papa:

552 3353 842 3419 aBoniiacii,
870 3366 992 3405 cum
1030 3350 1098 3404 de
1130 3348 1325 3402 talibus
1356 3343 1699 3414 prohibendis
1739 3340 2007 3409 suffragiis
2036 3339 2140 3393 Pa-

562 3459 678 3502 tres
705 3443 994 3512 conscripti
1018 3439 1536 3496 seuatusconsuitum
1563 3435 1853 3489 nobilitatis
1888 3447 1999 3486 sua:
2031 3445 2139 3485 me-

552 3552 744 3593 «mores
766 3535 1140 3591 condiderunt.

637 3628 949 3699 Quicunque
976 3626 1029 3681 in
1070 3625 1380 3695 episcopatu
1410 3617 1701 3675 obtinendo
1725 3656 1745 3684 ,
1776 3618 1889 3671 sive
1916 3630 2011 3684 per
2037 3629 2097 3669 se
2124 3655 2138 3678 ,

552 3723 683 3778 «sive
714 3736 809 3791 per
833 3719 994 3776 aliam
1023 3728 1391 3789 quamcunque
1423 3725 1704 3782 personam
1726 3750 1740 3774 ,
1772 3707 1969 3779 aliquid
2015 3721 2139 3776 pro-

2234 2543 2483 2603 parentes
2512 2533 2666 2587 nobis
2695 2528 2836 2603 [nos]
2867 2529 3213 2585 servientium
3244 2542 3585 2597 quascunque
3612 2540 3799 2595 perso-

2235 2640 2328 2678 nas
2351 2626 2525 2694 aliqua
2570 2622 2805 2691 suffragii
2842 2622 3130 2675 crediderit
3174 2620 3461 2673 ambitione
3492 2631 3806 2686 promoven-

2235 2715 2382 2779 dum,
2424 2723 2479 2767 et
2514 2713 2692 2781 ipsum
2724 2710 2955 2765 reddere
3000 2719 3214 2779 accepta
3245 2708 3555 2774 deﬁnimus,
3584 2714 3639 2760 e’t
3668 2706 3805 2775 quod

2240 2815 2322 2858 est
2370 2804 2664 2857 canonihus
2706 2809 2985 2862 statutum,
3035 2817 3153 2854 eum
3202 2800 3372 2852 modis
3400 2798 3646 2851 omnibus
3690 2808 3807 2849 esse

2241 2909 2539 2963 passurum.
2570 2893 2626 2947 Si
2657 2893 2775 2961 quis
2804 2906 2935 2945 vero
2975 2907 3093 2960 qua:
3131 2890 3337 2945 dederit
3364 2898 3453 2943 aut
3481 2888 3806 2953 promiserit,

2239 2987 2428 3041 eodem
2458 2986 2773 3055 superstite,
2808 2984 3047 3038 timuerit
3083 2983 3373 3051 publicare,
3405 2981 3472 3033 ab
3505 2977 3809 3032 literedibus

2238 3079 2321 3133 vel
2340 3078 2739 3149 prohmredibus
2757 3076 2874 3145 ejus
2892 3075 3124 3128 Ecc'esia
3144 3082 3367 3141 repetat,
3386 3071 3537 3138 cujus
3562 3067 3813 3136 suffragio

2241 3170 2466 3223 antistes
2482 3164 3179 3236 deprehenditurordinatus
3201 3179 3214 3216 :
3236 3174 3357 3215 nota
3373 3162 3603 3215 infantia:
3622 3160 3815 3213 nihilo-

2242 3264 2416 3315 minus
2444 3260 2758 3328 superstites
2801 3258 3064 3318 inurente,
3092 3255 3326 3322 reliquos
3361 3266 3571 3322 quoque
3598 3251 3813 3306 ordines

2241 3351 2341 3405 sub
2358 3349 2543 3404 eadem
2558 3347 2679 3401 ﬁeri
2696 3347 3037 3401 distinctione
3055 3340 3431 3418 [districtione]
3451 3342 3808 3412 praecipimus.

2313 3440 2461 3508 Quod
2508 3441 2549 3492 si
2593 3440 2815 3493 forsitan
2846 3437 3050 3491 dolosm
3098 3434 3506 3488 machinationis
3555 3436 3809 3494 invento.

2240 3533 2590 3590 sacramentis
2622 3545 2851 3600 persona
2881 3527 3333 3582 intercedentibus
3361 3516 3525 3579 fuerit
3558 3524 3812 3594 obligata,

2242 3636 2301 3680 ut
2328 3624 2475 3678 salvo
2503 3631 2643 3677 statu
2675 3620 2866 3673 animae
2894 3619 3231 3675 commissam
3269 3616 3601 3685 iniquitatem
3644 3629 3813 3684 neque

2241 3715 2538 3786 approbare
2569 3712 2754 3782 possit,
2788 3725 2960 3779 neque
2991 3708 3182 3762 audeat
3208 3721 3459 3762 accusare
3494 3723 3506 3759 :
3541 3706 3729 3760 damus
3756 3705 3817 3757 li-

572 3815 784 3871 misisse
821 3813 1142 3876 declaratur,
1188 3818 1245 3863 ut
1291 3804 1639 3863 exsecrabilis
1678 3812 1983 3858 contractus
2008 3814 2141 3889 cun-
2171 3829 2216 3889 c
2248 3808 2476 3865 centiam
2506 3805 2828 3875 quibuslibet
2854 3801 3094 3856 ιιοηρειίε
3116 3799 3360 3870 personis
3387 3800 3439 3852 in
3463 3798 3687 3867 singulis
3703 3800 3819 3864 qui-

555 3907 671 3975 vctis
699 3906 902 3960 viribus
928 3911 1215 3958 exueretur
1246 3898 1570 3972 [eiierretun
1597 3896 1668 3951 al.
1706 3888 2059 3960 efﬁceretur].
2090 3890 2146 3945 Si

559 3998 695 4069 tquis
726 4006 904 4052 autem
931 3997 985 4050 in
1018 3994 1119 4049 hoc
1145 3992 1349 4047 scelere
1388 3986 1807 4055 deprehenditur
1838 3984 2004 4040 fuisse
2032 3997 2148 4037 ver-

574 4101 743 4157 satus,
786 4089 983 4144 nullam
1030 4085 1381 4155 relinquimus
1415 4097 1633 4137 vocem:
1669 4093 1854 4134 verum
1897 4077 2060 4132 etiam
2105 4076 2150 4129 si

563 4194 668 4236 .uut
695 4180 1081 4248 repetendum,
1114 4187 1204 4232 aut
1250 4174 1392 4246 quod
1439 4182 1716 4242 acceptum
1747 4179 1850 4237 εει,
1884 4183 1988 4222 non
2029 4165 2153 4229 red-

564 4274 808 4329 .dendum
834 4286 953 4327 esse
974 4268 1297 4333 crediderit,
1337 4266 1601 4334 sacrilegii
1632 4279 1756 4318 reus
1788 4260 2030 4331 protinus
2057 4258 2153 4311 ha-

582 4365 791 4429 beatur,
822 4372 1038 4431 accepta
1062 4359 1345 4416 restituens
1376 4355 1743 4426 compulsione
1770 4351 1967 4421 judicis
2008 4366 2154 4405 com-

574 4454 836 4525 .petentis.
1136 4516 1139 4519 Α

655 4546 973 4603 ,Ιιιειὶεεὶιιιω
995 4542 1371 4613 quidemieges
1384 4547 1443 4594 ut
1464 4536 1617 4593 bonis
1638 4534 1908 4603 aperiunt,
1927 4533 1997 4587 ita
2019 4533 2155 4588 elau-

576 4643 717 4695 dunt
740 4637 892 4693 malis
915 4636 1151 4691 moribus
1173 4633 1438 4688 actionem
1469 4646 1482 4683 :
1516 4635 1797 4698 propterea
1828 4624 2081 4695 quidquid
2105 4623 2159 4677 in

580 4734 681 4788 illo
723 4742 940 4788 senatus
982 4730 1254 4785 decretum
1288 4734 1371 4780 est
1411 4722 1692 4787 consulto,
1732 4718 2073 4789 praecipimus
2104 4716 2157 4770 in

587 4843 683 4886 eos
712 4825 885 4881 modis
914 4821 1162 4878 omnibus
1216 4816 1506 4882 custodiri,
1550 4814 1639 4883 qui
1684 4827 1743 4867 se
1783 4807 2160 4881 quoquomodo

590 4934 686 4988 per
701 4917 1041 4987 interpositae
1058 4925 1398 4984 quascunque
1418 4921 1671 4977 personas
1692 4906 1931 4960 scelestis
1951 4911 2162 4959 contra-

587 5011 763 5065 ctibus
794 5008 1147 5064 miscuerunt.

662 5102 729 5158 Et
776 5100 899 5172 quia
938 5100 1119 5154 omnia
1164 5100 1317 5154 dt‘Ccl.
1355 5098 1455 5153 sub
1496 5094 1701 5149 ratione
1746 5088 2034 5155 moderari,
2063 5101 2164 5141 nec

2253 3904 2456 3971 basque
2475 3898 2777 3954 civitatibus
2803 3894 2940 3963 apud
2967 3892 3172 3961 judices
3198 3898 3563 3959 competentes
3591 3888 3691 3943 hoc
3709 3887 3816 3940 cri-

2255 4009 2376 4049 men
2403 3992 2634 4055 deferre,
2658 3999 2712 4044 et
2735 3985 2985 4056 quidquid
3009 4000 3073 4039 ex
3108 3998 3171 4038 ea
3194 3982 3429 4053 potuerit
3454 3980 3821 4050 reprobatione

2255 4084 2448 4153 colligi,
2482 4092 2540 4137 ut
2560 4080 2999 4151 approbationem
3031 4070 3457 4147 [approbatione]
3486 4073 3820 4140 insequentes

2254 4175 2555 4229 animemus
2580 4189 2592 4223 :
2619 4172 2826 4224 tentiam
2851 4179 3054 4237 partem
3074 4164 3321 4235 judicatus
3340 4163 3414 4217 rei
3437 4162 3522 4217 ille
3547 4160 3821 4230 percipiat,

2256 4266 2343 4337 qui
2374 4265 2477 4319 tale
2505 4263 2709 4317 facinus
2732 4260 2962 4315 voluerit
2986 4259 3287 4329 publicare;
3320 4256 3521 4323 reliqua
3546 4267 3675 4307 vero
3696 4249 3826 4313 ipsis

2259 4357 2500 4413 ecclesiis
2535 4354 2815 4422 proﬁciant
2841 4367 2958 4418 qum
2988 4348 3233 4403 videntur
3261 4353 3466 4400 extorta
3489 4384 3504 4408 ,
3535 4352 3625 4397 aut
3656 4344 3705 4395 in
3755 4342 3826 4393 [ac

2260 4451 2405 4505 brica
2428 4462 2631 4510 earum,
2658 4446 2815 4499 autin
2835 4444 3131 4501 ministerio
3159 4438 3502 4493 nihilominus
3536 4436 3827 4503 profutura.

2260 4541 2424 4595 Decet
2459 4540 2606 4594 enim
2637 4537 2702 4591 ad
2750 4550 2875 4589 usus
2925 4535 3093 4587 bonos
3138 4541 3477 4590 convertere,
3519 4542 3635 4591 quae
3666 4525 3831 4578 voluit

2262 4632 2581 4702 perversitas
2611 4628 2822 4681 inimice
2862 4624 3128 4679 fraudare.
3183 4622 3431 4687 Quiescat
3474 4618 3633 4685 igitur
3675 4617 3831 4670 maii-

2264 4723 2536 4795 gnantium
2564 4734 2722 4789 prava
2753 4710 3034 4786 cupiditas.
3080 4716 3195 4779 Quo
3225 4711 3446 4793 tendunt
3472 4708 3564 4778 qui
3609 4723 3637 4761 a
3686 4708 3833 4760 fonte

2265 4811 2509 4884 prteclusi
2535 4810 2699 4865 sunt?
2742 4807 3026 4862 ltecolatur
3057 4814 3117 4859 ct
3152 4784 3659 4857 timeatur'Simonis
3690 4797 3834 4865 justa

2264 4904 2554 4963 damnatio,
2589 4900 2679 4969 qui
2706 4898 2988 4953 emendum
3010 4894 3238 4950 credidit
3264 4892 3424 4946 totius
3454 4888 3714 4958 largitatis
3742 4902 3837 4940 au-

2258 5012 2487 5053 ειοτθιιι.
2720 5042 2723 5045 λ

2338 5090 2500 5142 Orate
2532 5085 2691 5154 igitur
2718 5097 2813 5150 pro
2840 5080 3015 5141 nobis,
3040 5077 3211 5132 edicta
3243 5084 3421 5128 nostra
3452 5071 3838 5130 custodientes,

594 5201 817 5266 possunt
836 5192 938 5247 dici
959 5191 1098 5260 justa
1127 5206 1245 5260 qu;e
1264 5189 1428 5244 nimia
1456 5195 1576 5241 sunt
1606 5202 1620 5237 :
1645 5197 1764 5238 eum
1793 5181 1861 5237 de
1886 5178 2160 5248 apostolici
2191 5197 2246 5258 ι)
2269 5182 2388 5250 quia
2419 5178 2612 5232 divinis
2640 5178 2874 5230 noscitur
2916 5171 3204 5228 convenire
3249 5167 3538 5238 mysteriis.
3585 5164 3690 5221 Sed
3740 5176 3847 5233 quo

592 5283 996 5340 consecratione
1027 5279 1287 5349 pontiﬁcis
1320 5277 1544 5333 intentio
1572 5274 1798 5329 fortasse
1844 5269 2166 5341 prazvcnerit

594 5372 972 5449 [pervenerit],
1023 5383 1076 5428 ct
1112 5372 1174 5427 ad
1205 5371 1457 5441 palatium
1487 5375 1729 5422 nostrum
1765 5363 2018 5432 producta
2049 5361 2166 5415 fue-

593 5468 664 5520 rit
684 5462 959 5521 altercatio
988 5463 1324 5531 pepulerum,
1354 5466 1700 5528 suggerentes
1729 5453 1881 5507 nobis
1910 5454 2044 5506 intra
2067 5451 2167 5504 tria

597 5557 760 5611 millia
792 5555 1089 5611 solidorum
1133 5567 1254 5607 cum
1286 5552 1600 5606 collectione
1628 5546 1932 5600 chartarum
1977 5557 2168 5597 cense-

598 5664 716 5702 mus
742 5648 1006 5716 accipere,
1036 5661 1065 5698 a
1095 5642 1282 5713 quibus
1308 5651 1481 5695 tamen
1515 5653 1705 5692 omnes
1730 5636 2004 5689 inidoneus
2033 5632 2166 5705 [ido-

600 5737 750 5809 neos]
780 5738 855 5791 rei
890 5736 1052 5805 ipsius”
1081 5733 1507 5788 consideratione
1537 5741 1877 5784 rcmovemus
1910 5742 1924 5780 :
1955 5728 2077 5796 quia
2104 5726 2170 5780 de

599 5832 957 5890 meimiastico
1004 5840 1221 5882 munere
1255 5825 1569 5895 pauperibus
1599 5831 1679 5878 est
1703 5822 1874 5893 potius
1897 5821 2177 5876 consulen-

2270 5270 2477 5327 facilius
2506 5266 2761 5338 principis
2782 5272 2963 5318 votum
2995 5262 3365 5316 universorum
3398 5257 3663 5312 mentibus
3694 5255 3847 5309 inno-

2272 5372 2455 5427 tescat,
2488 5363 2585 5414 hoc
2611 5361 2840 5424 senatui,
2874 5358 2973 5408 boc
3012 5352 3221 5422 populis
3247 5366 3337 5420 per
3360 5348 3667 5420 praefectum
3697 5344 3846 5399 urbis

2273 5452 2607 5522 praecipimus
2629 5447 2881 5512 iutimari,
2904 5455 2959 5499 ut
2979 5444 3298 5513 generalitas
3321 5458 3436 5513 agn
3460 5450 3573 5493 scat
3601 5452 3699 5492 nos
3721 5437 3845 5491 illos

2276 5546 2523 5615 prosequi
2551 5543 2641 5611 qui
2678 5539 2938 5608 majestati
2970 5539 3169 5592 divinae
3210 5536 3382 5605 potius
3419 5532 3726 5586 viderentur
3751 5530 3847 5581 ad-

2278 5638 2436 5694 versi.
2472 5637 2577 5691 Vos
2604 5648 2811 5703 quoque
2840 5633 2941 5686 hoc
2976 5629 3260 5695 universis,
3293 5641 3427 5697 quos
3472 5625 3579 5678 Deo
3619 5623 3847 5699 propitio

2281 5729 2485 5797 regitis,
2519 5725 2783 5795 episeopis
2811 5723 3078 5787 intimate;
3110 5735 3281 5789 neque
3307 5721 3375 5773 sit
3398 5720 3603 5771 alienus
3635 5731 3661 5767 a
3689 5696 3847 5774 culpa

2285 5822 2373 5891 qui
2403 5820 2574 5891 patuit
2603 5831 2925 5888 cognoscere
2950 5815 3250 5870 constituta.
