4126 6362
367 398 432 451 15
1468 399 1746 456 ἸΟἈΝΝιδ
1787 400 1931 456 PAF.

2034 401 2066 454 ιι
2112 401 2485 463 Eptsrom;
3562 422 3633 492 tt

754 507 806 560 Ἐ
816 506 1095 561 PLSTOLA
1138 507 1532 563 CASSIODORI

856 617 921 653 ΔΙ)
959 614 1196 654 JOANNEM
1247 612 1443 654 PAPAM.

363 690 490 745 Cum
535 709 565 742 α
608 707 723 756 rege
764 692 1034 759 praefectus
1075 692 1299 759 praetorii
1329 692 1631 743 constitutus
1663 702 1809 754 esset,
1850 706 1942 755 pro

424 762 559 815 bono
583 762 822 832 regimine
852 777 1021 829 preces
1045 761 1300 832 pontiﬁcis
1326 763 1395 813 ad
1422 760 1582 814 Deum
1605 762 1869 831 implorat.

430 850 847 921 Supplicandum
884 850 1028 904 vobis
1054 860 1154 913 est,
1195 849 1505 904 beatissime
1547 860 1729 919 pater,
1762 859 1819 903 ut
1847 852 1939 903 he-

363 941 529 996 titiam
566 959 723 1013 quam
749 958 842 1011 per
873 958 989 1007 vos,
1019 943 1126 997 Deo
1151 942 1426 1012 largiente,
1457 944 1812 1013 percepimus,
1845 961 1939 999 cu-

361 1034 549 1090 slodiri
573 1034 726 1089 nobis
748 1035 941 1088 vestris
962 1035 1292 1090 orationibus
1318 1037 1630 1090 sentiamus.
1651 1035 1941 1101 Quiseuim

361 1124 566 1179 dubitet
596 1126 1001 1195 prosperitatent
1037 1136 1275 1179 nostram
1313 1126 1504 1179 vestris
1533 1126 1739 1180 meritis
1767 1127 1941 1196 appli-

358 1218 605 1285 candam,
629 1218 842 1289 quando
866 1218 1124 1273 honorem
1152 1218 1521 1289 adipiscimur,
1546 1219 1635 1289 qui
1660 1235 1688 1273 a
1717 1220 1942 1275 Domino

358 1309 503 1379 diligi
534 1326 638 1364 non
678 1326 981 1376 meremur;
1029 1321 1078 1363 et
1132 1312 1525 1380 permutatiOne
1556 1312 1759 1366 efﬁcaci
1803 1313 1942 1366 bona

361 1402 668 1472 recipimus,
697 1403 823 1457 dum
863 1403 983 1456 talia
1009 1419 1113 1456 non
1146 1402 1405 1473 agamus?
1443 1402 1837 1458 Ecclesiasticis
1861 1404 1937 1458 si-

359 1494 572 1563 quidem
595 1493 813 1563 jejuniis
842 1492 1011 1547 fames
1043 1503 1123 1547 est
1158 1493 1373 1548 exclusa
1408 1493 1696 1562 popularis,
1729 1495 1939 1550 decoris

360 1586 609 1658 lacrymis
631 1587 845 1640 tristitia
878 1585 1015 1640 fteda
1040 1586 1317 1650 discessit;
1353 1596 1407 1640 et
1437 1601 1530 1655 per
1558 1597 1776 1640 sant-tos
1798 1588 1939 1643 viros

358 1681 709 1735 acceleratum
741 1691 822 1735 est
848 1722 864 1745 ,
898 1696 965 1735 ne
1007 1681 1306 1736 traheretur
1337 1681 1533 1736 diutius
1562 1682 1704 1753 quod
1750 1699 1938 1753 grava-

358 1771 467 1826 bat.
498 1773 565 1827 Et
595 1772 714 1827 ideo
759 1772 998 1827 salutans
1041 1773 1377 1828 olﬁcio~itate
1422 1789 1527 1844 qua
1574 1775 1789 1844 dignum
1828 1786 1931 1842 est,

1967 515 2017 572 Α
2046 510 2204 565 homo
2229 524 2437 569 constat
2462 532 2524 570 ex
2550 517 2823 585 dualitate,
2854 521 2926 576 ita
2949 522 3069 577 boui
3096 527 3259 591 patris
3280 537 3367 581 est
3395 538 3620 601 utraque

2048 601 2318 659 relevere.
2355 604 2587 661 Primum
2617 612 2889 677 penuriam
2918 615 3130 682 quidem
3161 622 3437 687 temporis,
3460 637 3618 688 quam

2046 691 2236 748 delicta
2267 708 2675 764 promerentur,
2726 704 3055 759 orationibus
3098 708 3298 763 sanctis
3347 726 3616 767 atnovere.

2046 781 2101 837 Si
2131 783 2255 851 quid
2288 794 2465 840 tamen
2497 789 2659 857 (quod
2686 792 2845 862 absit)
2876 796 3167 864 acciderit,
3199 808 3325 854 tunc
3364 802 3498 857 bene
3526 820 3621 858 nec

2045 876 2268 931 cessitas
2288 879 2619 949 excluditur,
2648 888 2861 953 quando
2884 899 3071 943 contra
3095 905 3212 946 eam
3240 896 3341 949 sub
3369 896 3615 952 ubertate

2047 976 2322 1023 tractatur.

2114 1058 2325 1115 Monete
2353 1076 2437 1117 me
2459 1080 2578 1133 qua:
2602 1077 2724 1120 sunt
2753 1071 2980 1137 gerenda
3011 1074 3265 1140 sollirite;
3296 1078 3432 1133 bene
3459 1095 3623 1150 agere

2045 1151 2125 1205 vel
2145 1164 2432 1221 correptus
2460 1166 2654 1223 empto
2686 1176 2697 1208 :
2730 1159 2849 1227 quia
2881 1161 3145 1218 difﬁcilius
3182 1177 3326 1220 errat
3355 1171 3470 1224 ovis
3501 1188 3620 1241 quae

2045 1258 2203 1299 voces
2234 1245 2503 1301 desiderat
2539 1250 2726 1316 audire
2768 1257 3018 1323 pastoris,
3053 1272 3150 1313 nec
3188 1259 3342 1314 facile
3386 1263 3622 1318 eflicitur

2041 1336 2268 1393 vitiosus
2291 1339 2375 1393 cui
2402 1340 2706 1397 admonitor
2733 1344 2933 1399 insistit
2958 1349 3223 1404 assiduus.
3251 1352 3378 1407 Sum
3402 1355 3616 1422 quidem

2037 1426 2200 1494 judex
2246 1430 2529 1498 palatinus,
2565 1434 2659 1488 sed
2689 1445 2868 1491 vester
2903 1454 3005 1491 non
3037 1440 3273 1496 desinam
3305 1459 3425 1500 esse
3455 1446 3620 1502 disci.

2044 1519 2245 1588 palus.-
2295 1538 2414 1578 nam
2461 1533 2585 1580 tunc
2626 1527 2723 1581 ista
2769 1541 2913 1586 recte
2958 1533 3211 1599 gerimus.
3263 1536 3308 1589 si
3355 1551 3387 1591 a
3433 1541 3621 1607 vestris

2042 1614 2241 1683 regulis
2285 1615 2504 1672 minime
2550 1619 2908 1674 discedamus.
2959 1623 3063 1677 Sed
3108 1641 3227 1679 cum
3274 1643 3359 1681 me
3404 1645 3433 1683 a
3469 1632 3621 1686 vobis

2040 1704 2341 1761 desiderem
2387 1718 2441 1763 et
2475 1712 2683 1765 moneri
2708 1713 2973 1780 consiliis,
3004 1727 3059 1769 et
3093 1719 3426 1773 orationibus
3468 1723 3621 1794 adju-

2040 1796 2175 1862 vari,
2201 1798 2310 1865 jam
2338 1800 2486 1854 vobis
2510 1811 2596 1856 est
2620 1805 3017 1871 applicandum,
3050 1807 3093 1861 si
3125 1809 3176 1862 in
3210 1825 3295 1864 me
3326 1812 3484 1867 fuerit
3512 1817 3616 1870 ali-

358 1879 549 1934 precor
577 1867 815 1922 vivacius
845 1868 1009 1923 oretis
1049 1883 1145 1935 pro
1186 1867 1358 1922 salute
1386 1867 1721 1935 regnantium
1755 1884 1768 1921 :
1808 1884 1931 1934 qua-

2043 1900 2123 1943 ter
2151 1907 2310 1961 quam
2347 1895 2632 1963 aptabatur
2670 1897 2962 1954 inventum.
3007 1899 3176 1956 Sedes
3217 1904 3305 1959 illa
3345 1916 3455 1962 toto
3483 1913 3614 1964 orbo

358 1967 513 2012 tenus
534 1972 719 2013 eorum
750 1959 911 2012 vitam
938 1958 1459 2041 cmlestigprinceps
1490 1958 1645 2014 faciat
1667 1974 1787 2015 esse
1815 1959 1931 2014 ιυη.

353 2062 591 2117 gmvam,
627 2048 879 2102 Romana:
909 2050 1213 2118 reipublica:
1247 2053 1427 2106 hostes
1457 2051 1768 2118 imtninuat,
1796 2063 1931 2106 teut-

357 2152 487 2206 pora
521 2138 806 2206 tranquilla
836 2140 1129 2204 concedat;
1163 2140 1354 2195 deinde
1383 2141 1526 2209 quod
1549 2149 1704 2196 ornat
1726 2157 1931 2210 pacem,

357 2231 715 2284 neceSsariam
753 2232 906 2283 nobis
930 2232 1137 2297 capiam
1179 2232 1246 2286 de
1286 2233 1628 2287 abundantia:
1669 2250 1779 2288 sua:
1804 2234 1935 2289 hor-

348 2322 463 2376 «reis
489 2321 773 2391 largiatur;
806 2321 1044 2391 mihique
1065 2320 1177 2377 ﬁlio
1215 2334 1391 2378 vestro
1415 2324 1776 2395 intelligentia:
1805 2341 1932 2381 sen-

352 2427 448 2468 sus
474 2414 703 2483 aperiat,
742 2424 798 2467 ut
824 2429 941 2484 qum
969 2429 1091 2469 vere
1121 2422 1246 2469 sunt
1272 2409 1425 2471 utilia
1462 2432 1676 2487 sequar,
1711 2434 1829 2488 qua:
1854 2419 1935 2474 vi-

349 2505 513 2560 tanda
536 2506 830 2577 refugiam;
864 2507 1012 2577 vigor
1055 2507 1146 2563 ille
1170 2509 1506 2565 rationabilis
1546 2512 1740 2566 anima:
1780 2513 1935 2568 nobis

354 2601 635 2654 consilium
663 2610 909 2670 prmstet;
945 2601 1110 2655 facies
1135 2603 1374 2658 veritatis
1402 2604 1661 2669 albescat,
1690 2621 1756 2659 ne
1782 2620 1935 2659 men-

356 2701 465 2748 tem
512 2702 747 2748 nostram
792 2694 1055 2750 inuubilet
1098 2694 1270 2765 caligo
1310 2711 1567 2765 corporea
1602 2714 1615 2750 :
1648 2712 1934 2769 sequamur

354 2784 493 2851 quod
521 2786 665 2841 intus
685 2795 787 2851 est,
826 2802 891 2842 ne
918 2786 1045 2842 foris
1067 2803 1093 2839 a
1120 2788 1274 2843 nobis
1301 2789 1498 2854 simus;
1533 2790 1763 2845 instruat
1789 2792 1931 2860 quod

348 2876 422 2930 de
448 2891 573 2931 vera
595 2878 856 2949 sapientia
888 2881 1048 2947 sapit,
1082 2881 1347 2937 illuminet
1370 2882 1512 2949 quod
1544 2883 1756 2938 caelesti
1777 2884 1935 2939 clari-

356 2975 463 3021 tate
489 2967 796 3037 resplendet
821 2986 833 3021 :
868 2969 1024 3023 talem
1054 2970 1284 3039 denique
1308 2971 1543 3039 judicem
1574 2973 1808 3042 excipiat
1835 2989 1933 3049 pu-

352 3060 527 3116 blicus
553 3070 726 3126 actus,
752 3062 963 3130 qualem
995 3062 1159 3117 ﬁlium
1187 3063 1448 3119 catholica
1477 3065 1638 3118 mittit
1664 3050 1929 3120 Ecclesia.

356 3154 412 3207 ln
439 3154 548 3208 suis
573 3168 669 3208 nos
696 3154 856 3209 etiam
888 3156 1199 3209 muneribus
1231 3155 1395 3209 virtu~s
1417 3166 1600 3210 sancta
1632 3156 1891 3210 custodiat
1916 3175 1928 3210 :

354 3246 475 3315 quia
505 3245 775 3316 graviores
806 3246 1021 3301 insidias
1053 3249 1255 3317 antiqui
1298 3248 1593 3302 adversarii
1636 3260 1761 3304 tunc
1799 3251 1925 3303 sub-
1952 3267 2000 3328 ρ

357 3338 512 3399 imus,
540 3337 752 3406 quando
778 3336 895 3407 ejus
923 3336 1063 3392 dona
1094 3340 1429 3406 suscipimus.

426 3426 598 3482 Nolite
620 3428 673 3481 in
702 3443 786 3481 tne
811 3436 1011 3482 tantum
1041 3428 1265 3497 rejicere
1285 3431 1517 3484 civitatis
1547 3432 1688 3485 illius
1718 3449 1922 3499 curam,

352 3536 472 3583 qua:
508 3520 681 3589 potius
714 3530 887 3574 vestra
932 3519 1087 3575 laude
1113 3536 1299 3576 secura
1345 3531 1447 3577 est.
1498 3522 1604 3577 Vos
1634 3525 1775 3578 enim
1804 3539 1927 3591 spe-

354 3614 619 3671 culatores
668 3612 969 3666 Christiano
1014 3613 1207 3681 papula
1238 3614 1534 3682 prmsidetis
1561 3656 1576 3681 ,
1624 3632 1722 3670 vos
1766 3619 1927 3685 patris

355 3705 571 3759 nomine
616 3706 858 3758 universa
905 3703 1142 3773 diligitis.
1174 3705 1448 3760 Securitas
1477 3721 1606 3777 ergo
1653 3708 1822 3775 plebis
1859 3709 1927 3763 ad

354 3805 583 3850 vestram
615 3794 833 3864 respicit
876 3795 1070 3851 famam
1095 3841 1108 3864 ,
1143 3796 1229 3852 cui
1259 3798 1513 3853 divinitus
1540 3808 1623 3854 est
1646 3802 1930 3857 commissa

354 3887 614 3942 custodia.
643 3888 979 3958 Quapmpter
1010 3903 1106 3942 nos
1131 3888 1288 3944 decet
1314 3891 1585 3945 custodire
1607 3893 1805 3962 aliqua,
1833 3893 1928 3948 sed

355 3994 461 4033 non
490 3979 688 4033 omnia.
722 3981 942 4035 l’a~citis
968 3980 1181 4052 quidem
1207 3981 1557 4051 spiritualiter
1580 3986 1925 4039 commissum

357 4071 507 4125 vobis
526 4086 770 4141 gregem;
803 4083 979 4128 tamen
1008 4088 1105 4128 nee
1126 4074 1225 4128 ista
1250 4075 1474 4141 potestis
1500 4076 1785 4145 negligere,
1810 4092 1928 4147 qua

355 4164 595 4232 corporis
620 4164 867 4219 videntur
896 4166 1245 4221 substantiam
1275 4168 1551 4221 continere
1585 4187 1598 4221 :
1628 4184 1746 4223 nam
1780 4173 1920 4224 sicut

429 4288 454 4318 ι
496 4279 641 4333 Hane
669 4280 888 4336 Joannis
927 4295 1074 4349 rapte
1116 4289 1171 4334 et
1217 4280 1605 4350 prrecedentem
1645 4282 1925 4337 Justiniaui

358 4351 692 4417 imperatoris
714 4351 996 4418 epistolam
1023 4392 1038 4415 ,
1073 4351 1475 4406 llothomannus
1510 4352 1924 4420 jurisc0nsu'.tus

359 4422 495 4474 libro
526 4420 698 4489 primo
734 4421 908 4489 capite
937 4421 1109 4487 primo
1152 4422 1413 4489 Respons.
1447 4423 1806 4478 atuicabilium
1829 4468 1844 4490 ,
1873 4437 1926 4480 et

357 4506 475 4543 cum
504 4506 568 4545 eo
596 4493 776 4565 plures
820 4491 908 4565 alii
955 4503 1238 4565 novatores
1280 4493 1488 4561 leguleii
1524 4493 1758 4565 haeretici
1797 4512 1922 4565 ger-

358 4575 542 4614 manas
572 4577 692 4617 esse
733 4563 893 4627 impie
920 4571 975 4616 et
1002 4563 1251 4629 imperite
1298 4574 1515 4629 negant.
1552 4564 1625 4617 De
1654 4565 1752 4619 hac
1780 4563 1921 4620 enim

356 4631 579 4703 epistola
626 4632 859 4686 Joannes
907 4632 1150 4688 scribens
1193 4634 1484 4688 illustribus
1530 4635 1657 4688 viris
1695 4637 1924 4703 Avieno,

354 4700 621 4767 Senatori,
644 4702 876 4766 Liberio,
907 4714 1012 4757 etc.
1044 4720 1058 4757 :
1091 4703 1441 4767 Justiniauus,
1472 4704 1674 4774 inquit,
1706 4700 1929 4773 impera;

356 4782 454 4834 tor,
487 4781 541 4844 ut
565 4789 627 4826 ea:
649 4774 875 4842 epistola:
902 4774 1009 4844 ejus
1036 4785 1203 4827 tenore
1227 4776 1550 4843 cognovistis,
1575 4776 1636 4825 de
1664 4775 1743 4829 his
1770 4778 1932 4834 tribus

354 4843 711 4912 questionibus
730 4853 845 4895 orta
867 4843 1143 4898 certamina
1161 4845 1319 4911 fuisse
1336 4847 1573 4912 signavit.
1603 4844 1785 4899 Utrum
1800 4864 1930 4901 unus

354 4927 416 4984 ea:
434 4913 661 4984 trinitate
681 4911 913 4967 Christus
935 4926 980 4967 et
1004 4914 1142 4968 Deus
1159 4923 1329 4967 noster
1352 4911 1452 4967 dici
1473 4917 1648 4980 possit,
1673 4928 1775 4971 etc.
1801 4918 1930 4984 Qua:

353 4983 398 5035 si
431 4982 657 5051 leguleio
698 4985 938 5037 novatori
973 4987 1352 5047 innotuissent,
1398 4986 1717 5049 erubuisset.
1744 4982 1927 5053 credo,

353 5052 674 5125 aliter‘loqui
723 5053 1064 5125 vel_sentire.
1113 5055 1459 5109 Doctissimus
1510 5052 1930 5125 jurisconsultus

353 5122 920 5195 Cujacius'secundam
970 5125 1249 5195 epistolam
1291 5122 1533 5189 Joannis,
1587 5142 1743 5195 quam
1792 5128 1930 5185 infra

353 5193 915 5267 subjungo,_adep_tus,
947 5193 1016 5252 ex‘
1041 5196 1232 5251 eadem
1262 5197 1529 5267 cognovit,
1559 5193 1729 5253 dictas
1759 5198 1929 5253 Justi-

354 5262 499 5315 niani
532 5276 586 5317 et
630 5263 854 5319 Joannis
898 5267 1153 5334 epistolas
1198 5262 1457 5336 genuinas
1496 5281 1650 5328 esse,
1699 5284 1929 5338 vereque

351 5345 655 5402 germanas,
687 5344 901 5388 secutus
935 5338 1032 5389 hac
1055 5340 1106 5390 in
1140 5352 1198 5391 re
1230 5338 1549 5392 sententiam
1587 5338 1927 5396 disertissimi

352 5402 700 5478 _Alriati,‘qui
731 5404 799 5478 de
842 5405 923 5459 his
968 5407 1105 5460 libro
1138 5413 1311 5476 primo
1359 5406 1628 5477 Parergon
1674 5424 1791 5478 cap.
1826 5411 1923 5473 55,

352 5469 727 5547 hmcscribit:
762 5474 900 5547 Siunt
937 5485 988 5529 et
1031 5469 1445 5547 qui'suspectans
1488 5469 1669 5531 bibent
1708 5469 1927 5535 Joannis

351 5544 606 5609 pontiﬁcis
628 5546 889 5612 epistolam
919 5544 1148 5611 quw'sub
1178 5544 1325 5601 titulo
1350 5549 1413 5602 de
1439 5547 1692 5602 Trinitate
1720 5552 1769 5602 in
1800 5549 1925 5604 Jus-

350 5612 532 5688 tiniani
561 5616 733 5688 codice
773 5616 872 5669 sita
900 5628 995 5681 est,
1028 5620 1300 5688 dicuntque
1337 5620 1390 5671 in
1419 5621 1641 5682 antiquis
1671 5622 1925 5674 codicibus

351 5696 452 5757 non
480 5684 692 5737 inveniri
721 5702 738 5738 :
767 5688 931 5754 quod,
964 5700 1017 5740 ut
1045 5684 1280 5749 arbitror,
1314 5690 1429 5740 ideo
1463 5689 1681 5757 faciant,
1715 5703 1766 5742 ut
1806 5692 1926 5745 illos

349 5751 591 5821 adjuvent
612 5757 699 5823 qui
720 5751 973 5823 pontiﬁcis
998 5758 1213 5810 Romani
1230 5751 1583 5812 auctoritatem
1603 5751 1922 5825 deprimunt:

348 5836 462 5898 qua;
488 5828 690 5898 nomine
714 5827 841 5898 alios
862 5843 1062 5898 quoque
1087 5836 1320 5879 auctores
1344 5829 1402 5898 ab
1425 5829 1486 5880 iis
1508 5831 1807 5898 deprat'atos
1831 5836 1923 5883 tle-

348 5844 462 5888 qua:
488 5844 690 5877 ιιοηιιηε
714 5844 841 5885 01106
862 5844 961 5894 quo
1004 5844 1062 5878 ue
1087 5844 1320 5879 mutares
1344 5844 1402 5877 HD
1425 5844 1486 5880 ηε
1508 5844 1807 5898 αερναιοαιοδ
1831 5844 1923 5883 (Ie-

340 5890 614 5953 .nrehendi.
648 5905 698 5948 ut
729 5896 940 5948 Othonis
966 5844 1313 5970 ’i‘risingensis
1338 5896 1595 5968 chronica,
1619 5910 1665 5954 et
1687 5899 1923 5971 Ligurini

1958 4611 2007 4671 D

2047 1984 2307 2040 mirabilis
2332 1991 2579 2057 proprios
2600 1998 2740 2058 tegat
2765 1991 3046 2049 alit-ctione
3071 1998 3327 2064 cultores,
3350 2014 3469 2068 quas
3494 2000 3619 2057 licet

2033 2078 2302 2145 generalis
2349 2082 2550 2135 mundo
2594 2084 2662 2136 sit
2708 2085 2963 2152 praestita,
3016 2088 3169 2142 nobis
3218 2089 3412 2162 [vobis]
3454 2095 3613 2148 eti.un

2032 2170 2381 2237 cognoscitur
2410 2182 2465 2226 et
2496 2173 2736 2228 localiter
2762 2176 3033 2233 attributa.

2127 2259 2395 2315 Tenemus
2452 2263 2647 2333 aliquid
2707 2274 3011 2322 sanctorum
3071 2271 3434 2340 apostolorum
3491 2290 3617 2344 pro-

2037 2351 2230 2419 prium,
2271 2352 2316 2406 si
2361 2356 2592 2422 peccatis
2636 2355 2994 2414 dividentibus
3040 2375 3144 2416 non
3192 2363 3444 2419 reddatur
3485 2368 3617 2423 alie-

2030 2459 2203 2509 num,
2228 2444 2445 2514 quando
2473 2447 2842 2504 confessiones
2866 2450 2991 2505 illas
3020 2468 3153 2523 quas
3183 2454 3363 2510 videre
3394 2461 3612 2513 univer-

2034 2533 2165 2588 sitas
2204 2534 2433 2604 appetit,
2467 2536 2634 2591 Roma
2680 2540 2904 2594 feliciter
2941 2542 2992 2597 in
3024 2544 3136 2597 suis
3180 2545 3374 2601 ﬁnibus
3419 2548 3555 2604 habe
3586 2570 3618 2605 θ

2036 2628 2347 2694 promeruit.
2406 2628 2548 2684 Nihil
2580 2647 2709 2702 ergo
2742 2633 3011 2700 timemus,
3059 2638 3250 2693 talibus
3280 2643 3536 2709 patronis,
3568 2661 3616 2698 ει

2032 2719 2205 2771 oratio
2250 2733 2355 2772 non
2405 2719 2629 2774 desistat
2674 2721 2951 2779 antistitis.
3007 2725 3242 2781 Arduum
3291 2732 3503 2798 quidem
3534 2743 3618 2785 est

2035 2802 2318 2863 multorum
2358 2810 2645 2868 desideriis
2682 2815 3023 2881 satisfacere;
3055 2820 3150 2874 sed
3181 2821 3326 2874 novit
3357 2821 3619 2878 Dlviuitas

2033 2917 2220 2971 magna
2262 2914 2515 2970 prtestare
2548 2922 2562 2958 :
2596 2907 2709 2975 ipsa
2738 2908 2990 2963 retundat
3024 2910 3264 2977 invidos;
3315 2914 3428 2980 ipsa
3459 2914 3618 2969 nobis

2033 2990 2191 3047 faciat
2230 2995 2377 3049 cives
2408 2996 2611 3051 caelesti
2641 2999 2968 3066 aspiratione
2992 3001 3347 3068 gratissimos,
3392 3013 3446 3058 et
3488 3018 3621 3071 sup-

2035 3084 2406 3150 plicationibus
2432 3088 2621 3140 vestris
2652 3096 2891 3156 tempora
2924 3091 3140 3155 tribuat,
3169 3093 3359 3159 quibus
3383 3106 3615 3162 superna

2032 3176 2197 3242 gratia
2228 3176 2550 3244 prmdioetur
2584 3176 2809 3231 indulta.

2176 3328 2506 3385 EPISTOLA
2532 3337 2555 3365 "
2599 3329 2969 3388 JUSTINIANI
2999 3334 3454 3393 IMPERATORIS

2542 3482 2606 3519 AD
2632 3481 2866 3521 teauxeu
2914 3485 3101 3533 raras,

2037 3603 2199 3669 Quam
2237 3602 2491 3685 Hypatius
2509 3612 2563 3685 et
2590 3602 2873 3685 Demetrius
2918 3610 3142 3679 episcopi
3164 3614 3416 3685 legatione
3447 3617 3606 3685 impe—

2279 3675 2471 3726 ratoria
2498 3678 2760 3745 fungentes
2799 3676 3019 3732 liontam
3056 3675 3353 3739 attulerunt.

2111 3804 2290 3859 Victor
2317 3804 2669 3870 Justinianus,
2701 3809 2845 3877 pius,
2864 3808 3011 3875 felix,
3040 3812 3293 3882 inclytus,
3319 3817 3616 3887 triumpha-

2036 3906 2149 3963 tor,
2175 3912 2387 3967 semper
2418 3900 2688 3967 Augustus
2710 3944 2723 3965 ,
2750 3899 2940 3954 Joanni
2970 3904 3310 3960 sanctissimo
3345 3907 3613 3976 archiepi-

2036 4002 2199 4056 scopo
2220 3989 2371 4040 almte
2404 3989 2551 4042 urbis
2580 3988 2769 4045 Roma
2792 4002 2844 4047 et
2874 3994 3192 4061 patriarcha:

2107 4078 2410 4132 Reddentes
2431 4077 2690 4134 honorem
2717 4084 3026 4149 apostolica:
3051 4086 3163 4141 sedi
3190 4097 3245 4141 et
3272 4098 3464 4143 vestrae
3489 4105 3611 4145 san-

2025 4169 2215 4236 ctitati,
2247 4167 2388 4238 quod
2420 4183 2636 4239 semper
2688 4171 2843 4225 nobis
2886 4173 2944 4227 in
2989 4184 3112 4230 voto
3145 4177 3241 4231 fuit
3274 4188 3328 4233 et
3358 4190 3440 4233 est
3481 4182 3562 4251 (ut
3594 4186 3608 4213 ι

2036 4289 2196 4348 poetae
2218 4280 2444 4361 carmina
2471 4286 2726 4361 quaedam.
2763 4283 2954 4361 Egoin
2985 4291 3206 4360 antiquis
3234 4294 3469 4361 plurimis
3497 4312 3608 4351 eam

2032 4364 2230 4432 ess'are
2265 4352 2393 4413 scio,
2424 4368 2512 4433 nec
2558 4354 2665 4433 ulla
2706 4352 2992 4433 suspicione
3018 4352 3243 4415 convelli.
3262 4380 3429 4432 posse.
3461 4367 3613 4433 Quod

2033 4423 2077 4475 si
2108 4437 2239 4502 unus
2268 4431 2356 4502 aut
2392 4423 2524 4502 alter
2550 4426 2713 4502 codex
2742 4423 2846 4480 non
2882 4427 3088 4496 habeat,
3118 4433 3172 4485 id
3207 4423 3509 4502 scriptorum
3536 4441 3613 4494 in-

2031 4492 2187 4546 curia:
2216 4492 2561 4575 tribuendum,
2592 4498 2678 4575 qui
2698 4492 3141 4575 eam_quandoqne
3172 4492 3451 4567 omiserint,
3474 4492 3612 4575 quod

2031 4580 2132 4616 non
2162 4566 2381 4644 multum
2402 4562 2480 4644 ad
2511 4566 2706 4644 legalis
2747 4562 2975 4644 scientia:
3011 4562 3275 4627 materiam
3320 4562 3614 4644 pertineret,

2034 4650 2134 4685 non
2165 4642 2335 4722 tam'en
2357 4634 2474 4713 ideo
2503 4633 2844 4722 haesitantium
2871 4651 2966 4722 est,
2989 4646 3111 4709 quin
3134 4633 3384 4722 genuinus
3405 4633 3609 4715 qorma:

2035 4719 2226 4775 nitique
2250 4702 2472 4775 Joannis
2495 4710 2557 4756 sit
2583 4706 2732 4772 fetus.
2763 4710 2895 4763 δεῖν.
2926 4702 3158 4767 Βιὲιυε.Ψ
3416 4702 3433 4775 ’κ

2104 4772 2672 4853 Epis_to_la_lustinian_i
2700 4780 2766 4832 ad
2801 4782 3103 4853 pontiﬁcem
3132 4785 3327 4853 scripta
3359 4774 3441 4842 est
3467 4805 3612 4845 anno

2036 4843 2241 4927 Domini
2268 4844 2397 4927 5_55,
2426 4846 2526 4927 sub
2548 4856 2613 4927 te}
2632 4848 2702 4915 tio
2726 4843 3016 4927 consulatu
3032 4843 3281 4927 ejusdem
3298 4843 3608 4927 Justiniani,

2032 4914 2343 4987 quandoab
2378 4915 2565 4987 eodem
2599 4914 2920 4987 imperatore
2948 4914 3108 4977 missa
3142 4938 3222 4979 est
3264 4926 3485 4984 Romam
3528 4914 3608 4986 le:

2032 4983 2300 5065 eatinhde
2328 5000 2430 5065 qua
2456 4986 2592 5065 infra
2623 4983 2846 5065 itt'nutis
2869 4995 3083 5048 concilii
3111 4996 3353 5053 Romani.
3386 4983 3608 5056 Etiamsi

2031 5054 2173 5107 enim
2193 5053 2288 5129 hic
2317 5053 2432 5110 sine
2456 5055 2546 5111 die
2569 5065 2620 5111 et
2652 5061 2874 5116 consule
2904 5064 3131 5129 epistola
3159 5053 3608 5127 Joannisintest‘a

2034 5126 2349 5209 reperiatur,
2382 5134 2559 5181 tamen
2589 5130 2723 5181 infra
2762 5132 2815 5185 in
2845 5126 3073 5209 quadam
3109 5126 3333 5209 épistola
3374 5126 3608 5209 impera-

2032 5194 2166 5248 toris
2192 5194 2256 5268 ad
2292 5200 2583 5268 Agapetum
2619 5194 2877 5268 expressa
2916 5194 3284 5263 habetur'data
3313 5194 3415 5264 sub
3446 5194 3605 5266 t'crtio

2027 5267 2309 5350 consulatu
2339 5266 2640 5350 Ju’stiniani.
2672 5266 2890 5326 Accedit
2917 5275 3057 5350 quod
3087 5276 3325 5350 ejusdem
3364 5281 3606 5350 epistolas

2033 5336 2355 5421 mentionem
2393 5336 2576 5421 fecerit
2607 5340 2899 5421 imperator
2936 5336 2991 5398 in
3036 5336 3415 5421 constitutione
3442 5366 3603 5421 quam

2030 5405 2247 5483 scripsit
2288 5410 2353 5460 ad
2407 5405 2764 5483 Epiphaniam
2807 5405 3475 5483 Constantitmpolitauum'
3501 5405 3603 5475 sub

2030 5478 2310 5556 consula-tu
2343 5482 2636 5556 st_t_o_terl_io
2659 5522 2673 5543 ,
2722 5497 2794 5535 vn
2838 5484 3090 5556 calendas
3133 5478 3329 5556 Aprilis
3365 5490 3603 5553 prtedicti

2032 5545 2159 5627 anui
2209 5546 2341 5627 555..
2382 5548 2615 5614 Epistula
2639 5553 3067 5627 autemAJoannis
3097 5545 3244 5627 papae
3277 5545 3494 5614 reddita
3519 5545 3601 5618 est

2026 5615 2094 5693 ad
2129 5617 2704 5693 i_psutn_iinpet'atoretn
2751 5625 2852 5675 sob
2880 5615 3387 5682 consula'tu'Pauliui
3410 5672 3423 5693 ,
3459 5615 3600 5686 att—no

2029 5683 2227 5739 Christi
2268 5689 2368 5742 554
2390 5683 2420 5753 ,“
2453 5691 2665 5759 quando
2697 5693 2851 5761 legati
2880 5694 3161 5750 Justiuiani
3194 5699 3357 5752 ltouta
3393 5683 3601 5758 dimissi

2102 5836 2117 5866 ¹
2163 5835 2241 5889 Ex
2274 5853 2325 5910 v.
2358 5854 2406 5892 c.
2456 5842 2663 5909 corrige
2690 5842 2891 5896 sublata
2923 5847 3227 5910 parenthesi
3259 5868 3267 5899 :
3306 5864 3357 5904 ut
3385 5863 3432 5905 et
3458 5853 3601 5907 decet

2032 5916 2243 5975 patrem,
2275 5908 2577 5964 honorantes
2608 5908 2822 5967 uestram
2850 5908 3225 5976 beatitudinem.
