4126 6362
510 299 577 357 15
1868 291 2094 349 JOANNI

2199 289 2379 346 PAPIE
2420 289 2478 345 ll-
3701 289 3762 342 i6

512 420 666 475 decet
716 416 974 489 patrem),
1016 416 1341 472 honorantes
1393 421 1621 470 vestram
1657 408 2043 469 beatitudinem
2065 456 2078 475 .
2114 415 2155 473 Α
2186 412 2475 481 apostolica
2508 418 2698 466 vestrrc
2725 411 3019 466 sanctitatis
3052 412 3180 467 sede
3206 413 3245 477 π,
3275 412 3401 466 nihil
3431 412 3636 482 reititus
3663 414 3761 469 im-

509 510 688 565 emnia
717 523 838 579 qum
858 508 922 562 ad
953 507 1297 563 ecclesiarum
1321 517 1514 562 statum
1544 506 1829 576 pertinent,
1863 504 2082 559 festina-

512 600 686 654 vimus
716 597 1073 672 [festinamus]
1123 599 1187 652 ad
1229 598 1469 652 notitiam
1500 595 1713 651 deferre
1742 603 1935 651 vestra:
1964 609 2088 649 san-

474 716 479 721 ·
513 693 713 748 ctitatis
739 710 751 746 :
781 693 1033 763 quoniam
1075 707 1288 761 semper
1327 690 1481 745 nobis
1528 690 1626 744 fuit
1679 703 1927 759 magnum
1972 695 2085 741 stn-

513 786 697 850 ditnn,
749 786 1008 839 unitatem
1055 793 1249 838 vestrae
1291 780 1598 852 apostolica:
1639 779 1780 835 sedis
1809 789 1861 833 et
1889 786 2085 834 statum

514 887 819 933 sanctarum
871 876 963 931 Dei
1008 876 1362 931 Ecclesiarum
1414 874 1721 933 custodire;
1784 887 1902 942 quae
1952 871 2087 944 [qui]

517 967 776 1023 hactenus
804 967 1033 1030 obtinet,
1065 976 1117 1020 et
1148 965 1473 1019 incommote
1498 973 1803 1034 permanet,
1838 962 1983 1017 nulla
2008 963 2087 1015 in-

519 1057 825 1113 tercedente
876 1057 1274 1111 contrarietate.
1336 1056 1517 1124 Itaque
1555 1070 1740 1110 omnes
1780 1054 2088 1109 sacerdotes

518 1148 754 1203 universi
789 1147 1066 1203 orientalis
1104 1155 1302 1201 tractus
1334 1159 1387 1201 et
1408 1146 1672 1215 subjicere
1702 1155 1757 1201 et
1790 1146 1937 1200 unire
1973 1146 2087 1200 sedi

517 1249 709 1293 vestra:
754 1239 1050 1293 sanctitatis
1098 1239 1525 1309 properavimus.
1580 1238 1636 1292 lu
1687 1237 1935 1305 pra-senti
1963 1252 2089 1303 ergo

516 1344 636 1397 qua:
661 1328 792 1400 [hic]
819 1344 848 1381 c
871 1339 1082 1382 'mmota
1111 1338 1254 1396 sunt,
1285 1331 1524 1397 quamvis
1552 1327 1823 1381 manifesta
1856 1334 1910 1381 ct
1940 1327 2090 1381 indu-

518 1419 680 1471 bitata
711 1420 840 1484 sint,
874 1431 927 1473 et
950 1419 1239 1473 secundum
1271 1418 1581 1488 apostolica:
1604 1429 1792 1472 vestra:
1829 1419 1972 1473 sedis
1998 1418 2093 1471 do-

516 1511 741 1564 ctrinam
763 1510 831 1564 ab
859 1510 1109 1564 omnibus
1153 1524 1362 1579 semper
1386 1509 1750 1563 sacerdotibus
1786 1509 1939 1564 ﬁrme
1962 1510 2091 1581 [ler-

516 1600 625 1672 me]
647 1602 909 1656 custodita
933 1610 987 1657 et
1020 1601 1302 1670 prmdicata
1322 1643 1336 1665 ,
1371 1602 1731 1656 necessarium
1768 1603 2016 1655 duximus
2040 1612 2094 1654 ut

516 1694 582 1747 ad
605 1692 847 1747 notitiam
879 1702 1073 1747 vestra:
1102 1694 1399 1747 sanctitatis
1433 1694 1770 1762 perveniant.
1819 1693 1924 1748 Nec
1951 1695 2091 1747 enim

2194 512 2456 559 mutantes
2507 503 2573 558 de
2604 504 2968 559 ecclesiastico
3019 512 3187 569 statu,
3222 503 3309 572 qui
3348 505 3601 559 hactenus
3626 505 3765 560 obti-

2193 597 2309 649 nuit
2352 604 2513 663 atquc
2570 595 2804 660 obtinet,
2857 611 2963 649 uno
3015 610 3280 649 consensu
3328 598 3652 649 cunlitentur
3710 608 3763 652 et

2192 686 2527 756 gloriﬁcant,
2582 687 2932 757 prmdicantes
2965 688 3243 741 Dominum
3294 698 3531 741 nostrum
3585 688 3763 744 losum

2190 777 2462 833 Christum
2493 778 2819 847 unigenitum
2867 778 3056 832 Filium
3089 788 3141 832 et
3189 778 3421 833 Verbum
3462 778 3555 832 Dei
3582 791 3635 835 et
3664 780 3769 835 Do-

2192 870 2392 923 minum
2420 881 2656 924 nostrum
2686 878 2807 923 ante
2838 869 3027 923 saecula
3060 878 3115 923 et
3150 872 3268 923 sine
3303 880 3543 938 tempore
3573 868 3640 923 de
3669 870 3765 923 Pa-

2194 972 2272 1015 tre
2302 971 2481 1015 natum
2505 1005 2519 1026 ,
2565 963 2615 1015 iu
2660 962 2861 1015 ultimis
2894 962 3080 1016 diebus
3110 961 3454 1016 descendisse
3494 964 3561 1017 de
3589 962 3763 1027 cmlis,

2192 1063 2240 1106 et
2276 1052 2609 1107 iucarnatum
2642 1054 2707 1107 de
2738 1053 2935 1121 Spiritu
2973 1066 3186 1117 sancto,
3221 1063 3273 1107 et
3304 1068 3368 1107 ex
3397 1063 3580 1107 sancta
3609 1064 3768 1124 atque

2192 1142 2426 1211 gloriosa
2456 1142 2670 1212 Virgine
2702 1142 2795 1196 Dei
2840 1143 3107 1197 Cenitricc
3139 1143 3303 1197 Maria
3329 1156 3540 1212 natum,
3592 1153 3647 1199 et
3674 1146 3767 1200 ho-

2196 1237 2394 1289 minem
2429 1235 2643 1296 l'actnm,
2677 1245 2729 1289 et
2774 1236 3113 1299 cruciﬁxum,
3156 1252 3315 1289 unum
3348 1251 3471 1292 esse
3496 1248 3693 1292 sanctae
3715 1248 3769 1292 et

2194 1326 2663 1381 conSahstautialis
2687 1326 2980 1391 Trinitatis,
3026 1336 3079 1380 ct
3106 1327 3498 1380 coadorandum
3527 1339 3574 1382 et
3607 1328 3769 1399 glori-

2195 1420 2459 1472 ﬁcandnm
2495 1418 2635 1472 Patri
2661 1429 2712 1473 et
2737 1429 2921 1473 Sztllth
2964 1419 3206 1487 Sp'ritui.
3264 1421 3370 1474 Nec
3413 1421 3554 1474 enim
3608 1421 3769 1475 alium

2199 1508 2291 1562 Dei
2342 1509 2572 1562 Verbum
2630 1519 2681 1563 et
2712 1510 2871 1563 alium
2922 1508 3191 1564 Christum
3222 1512 3628 1577 cognoscimus;
3676 1513 3769 1566 sed

2197 1613 2355 1650 unum
2383 1608 2541 1667 atque
2572 1599 2817 1653 eumdem
2857 1600 3025 1667 ipsum
3072 1600 3579 1655 consubstantialem
3628 1601 3770 1656 Patri

2197 1689 2487 1743 secundum
2538 1690 2906 1755 divinitatem,
2973 1700 3026 1745 et
3062 1693 3569 1746 consubstantialem
3619 1693 3771 1748 nobis

516 1784 750 1852 patimur
777 1784 1066 1854 quidquam
1095 1785 1234 1853 quod
1259 1785 1322 1837 ad
1363 1785 1718 1838 Ecclesiarum
1749 1793 1940 1838 statum
1976 1801 2092 1853 per-
2126 1802 2167 1859 Β
2195 1780 2443 1835 eumdem
2469 1781 2639 1850 ipsum
2672 1782 2964 1835 secundum
3000 1782 3379 1837 lunnanitatem
3403 1827 3417 1849 ,
3468 1785 3769 1853 passibilem

517 1874 683 1938 tinet,
716 1874 963 1943 quamvis
993 1873 1327 1928 manifestum
1351 1884 1404 1927 et
1430 1874 1780 1928 indubitatum
1804 1874 1902 1937 sit,
1948 1874 2087 1943 quod

522 1973 805 2029 movetur,
861 1974 1039 2018 utnon
1070 1966 1230 2018 etiam
1247 1974 1437 2019 vestra!
1470 1966 1765 2019 innotescat
1802 1965 2085 2029 sanctitati,

515 2052 830 2125 qum[quia]
858 2062 1016 2122 (aput
1034 2065 1113 2109 est
1141 2058 1376 2108 omnium
1389 2066 1689 2109 sanctarum
1713 2055 2093 2109 Ecclesiarum.

520 2147 623 2203 Per
644 2151 823 2201 omnia
851 2148 992 2201 enim
1018 2149 1097 2219 (ut
1118 2148 1316 2202 dictqu
1340 2151 1442 2216 est)
1463 2163 1809 2215 properamus
1834 2148 2091 2201 honorem

520 2239 968 2291 etauctoritatem
1014 2252 1260 2290 crescere
1298 2245 1491 2291 vestrae
1537 2237 1698 2291 sedis.
1760 2236 2093 2289 Manifestum

518 2327 680 2398 igitur
722 2326 949 2382 facimus
978 2337 1168 2381 vestra:
1198 2330 1500 2391 sanctitati,
1528 2327 1665 2392 quod
1697 2324 2093 2394 pauri’quidam

518 2416 762 2472 inﬁdeles
783 2417 1013 2472 etalieni
1044 2428 1245 2470 sanctm
1270 2417 1365 2471 Dei
1414 2414 1571 2487 [sedi]
1624 2416 1901 2469 catholicae
1938 2426 2097 2483 atque

520 2508 827 2577 apostolicae
862 2508 1112 2561 Ecclesia:
1137 2507 1508 2562 contradicere
1537 2506 1755 2561 Judaice
1788 2518 1945 2575 atque
1968 2522 2097 2576 apa-

519 2599 711 2655 statice
738 2600 850 2653 ausi
886 2597 1030 2670 [visi]
1068 2609 1190 2653 sunt
1227 2599 1483 2653 adversus
1511 2614 1571 2653 ei
1604 2614 1721 2668 quae
1750 2600 1817 2653 ab
1847 2599 2095 2652 omnibus

521 2691 892 2746 sacerdotibus
921 2689 1214 2745 secundum
1246 2699 1477 2743 vestram
1521 2688 1815 2743 doctrinam
1851 2698 1996 2743 recte
2021 2700 2096 2741 te-

522 2792 733 2846 nentur,
758 2790 813 2836 et
840 2781 1234 2851 gloriﬁcantur,
1287 2790 1445 2849 atque
1489 2780 1882 2848 praedicantur;
1926 2780 2096 2834 dene-

521 2881 711 2943 gantes
741 2871 1024 2925 Dominum
1070 2881 1308 2925 nostrum
1339 2869 1521 2923 Jesutn
1559 2869 1826 2923 Christum
1861 2869 2098 2939 unigeni-

520 2977 632 3021 tum
666 2965 856 3019 Filium
888 2963 983 3017 Dei
1006 2974 1060 3018 et
1096 2964 1375 3018 Dominum
1401 2958 1643 3017 n’osuum
1670 2962 2003 3015 incarnatum
2030 2961 2096 3015 de

519 3069 709 3115 sancto
736 3059 955 3127 Spiritu,
988 3071 1041 3113 et
1070 3073 1133 3111 ex
1162 3066 1347 3111 sancta
1374 3064 1534 3123 atque
1548 3053 1933 3123 gloriosissima
1958 3068 2097 3108 sem-

2195 1885 2379 1933 carue,
2407 1871 2652 1925 eumdem
2673 1872 2841 1939 ipsum
2872 1873 3247 1941 impassibilem
3278 1873 3495 1927 deitate.
3530 1874 3597 1928 Ut
3627 1874 3770 1927 enim

2192 1972 2273 2015 est
2298 1963 2349 2015 in
2379 1963 2657 2018 divinitate
2685 1964 2985 2033 perfectus,
3021 1965 3092 2018 ita
3119 1965 3255 2019 idem
3295 1966 3407 2034 ipse
3433 1974 3485 2020 et
3527 1967 3769 2021 humani-

2196 2064 2301 2106 tate
2332 2054 2597 2121 perlectus
2626 2065 2747 2109 est:
2789 2056 2838 2108 iu
2872 2071 2973 2108 una
3001 2056 3142 2109 enim
3187 2056 3483 2110 substantia
3514 2057 3769 2112 deitatem

2194 2145 2518 2211 Suscipimus
2546 2154 2599 2198 ct
2626 2144 2965 2210 conﬁtemur,
2999 2148 3136 2216 quod
3168 2146 3339 2203 Grmci
3370 2150 3553 2202 dicunt
3584 2150 3769 2219 ὅμοοῦ-

2197 2250 2311 2288 σΑον
2341 2236 2382 2287 ¹.
2434 2234 2501 2287 Ει
2527 2236 2776 2302 quoniam
2805 2238 3102 2305 unigenitus
3131 2238 3313 2304 Elius,
3339 2248 3392 2294 et
3423 2239 3653 2294 Verbqu
3680 2243 3770 2295 Dei

2196 2335 2319 2380 ante
2350 2326 2541 2379 scecula
2586 2335 2640 2381 et
2667 2328 2783 2381 sine
2836 2337 3075 2397 tempore
3104 2329 3170 2384 de
3202 2331 3356 2385 Patre
3396 2340 3568 2396 natus,
3631 2333 3769 2386 idem

2198 2420 2311 2487 ipse
2339 2428 2391 2472 et
2418 2418 2468 2471 in
2502 2419 2698 2472 ultimis
2724 2420 2913 2474 diebus
2942 2421 3275 2477 descendens
3317 2423 3383 2477 de
3422 2424 3569 2479 cretis
3602 2425 3772 2478 incar-

2199 2525 2349 2563 na'us
2380 2511 2444 2562 de
2476 2510 2676 2577 Spiritu
2703 2519 2919 2580 sancto,
2962 2523 3015 2566 et
3043 2528 3105 2567 ex
3137 2522 3317 2567 sancta
3350 2524 3508 2584 atque
3542 2515 3771 2582 gloriosa

2197 2615 2410 2669 semper
2439 2600 2650 2669 Virgine
2690 2609 2744 2655 et
2778 2601 2869 2655 Dei
2895 2602 3166 2658 Geuitrice
3189 2604 3345 2657 Maria
3370 2646 3383 2669 ,
3419 2605 3577 2659 homo
3606 2606 3773 2659 factus

2199 2694 2455 2747 Dominus
2496 2705 2679 2747 noster
2706 2692 2861 2748 Jesus
2886 2694 3126 2748 Christus
3154 2696 3365 2764 proprie
3398 2706 3451 2749 et
3484 2711 3611 2751 vere
3636 2697 3774 2751 Deus

2197 2792 2313 2851 est;
2359 2782 2479 2836 idco
2507 2793 2558 2836 ut
2589 2794 2823 2837 sanctam
2849 2793 3007 2854 atque
3037 2786 3322 2853 gloriosam
3360 2785 3629 2855 Virginem
3662 2787 3771 2839 Ma-

2197 2877 2328 2928 riam
2357 2874 2569 2944 proprie
2597 2883 2651 2929 et
2673 2890 2803 2930 vere
2834 2875 2926 2930 Dei
2961 2876 3182 2929 Matrem
3216 2892 3335 2931 esse
3362 2878 3620 2941 dicimus;
3668 2893 3775 2930 non

2196 2967 2319 3035 quia
2370 2967 2509 3021 Dens
2566 2965 2794 3020 Verbum
2857 2968 3171 3037 principium
3204 2984 3269 3022 ex
3306 2970 3416 3033 ipsa
3465 2968 3771 3038 sumpserit,

2198 3056 2290 3110 sed
2311 3056 2513 3125 quiain
2546 3056 2746 3111 ultimis
2772 3057 2960 3112 diebus
3005 3059 3282 3113 descendit
3310 3060 3377 3114 de
3405 3060 3575 3124 cmlis,
3625 3071 3677 3113 et
3704 3073 3775 3113 ex

513 3155 619 3220 per
650 3149 865 3219 Virgine
915 3149 1007 3202 Dei
1046 3147 1316 3202 Cenitrice
1356 3144 1519 3199 Maria
1574 3144 1841 3197 hominem
1900 3144 2092 3197 factum
2123 3179 2166 3239 C
2199 3144 2309 3214 ipsa
2338 3148 2681 3213 incarnatus,
2713 3157 2766 3198 et
2797 3148 2956 3199 homo
2982 3148 3180 3211 factus,
3207 3156 3259 3198 et
3287 3158 3441 3200 natus
3467 3157 3569 3215 est,
3619 3161 3775 3215 quem

522 3248 683 3309 atque
706 3237 1016 3292 cruciﬁxum
1041 3278 1054 3300 ,
1083 3251 1245 3290 unum
1275 3250 1397 3291 esse
1434 3243 1631 3287 sanctae
1660 3244 1714 3287 et
1742 3235 2095 3287 consubstan-

525 3330 667 3385 tialis
690 3328 986 3393 Trinitatis,
1009 3339 1062 3383 et
1084 3327 1477 3382 coadorandmu
1505 3332 1557 3378 et
1581 3323 2088 3393 congloriﬁcandnm

525 3421 671 3477 Patri
717 3431 770 3476 et
810 3419 1029 3489 Spiritui
1062 3428 1277 3484 sancto,
1305 3415 1810 3471 consubstantialem
1839 3414 1981 3469 Patri
2011 3430 2093 3469 se-

523 3513 755 3570 cundum
777 3512 1124 3578 divinitatem,
1149 3521 1202 3567 et
1230 3509 1736 3566 consubstantialem
1762 3509 1916 3563 nobis
1947 3523 2097 3563 eum-

526 3607 648 3662 dem
675 3605 845 3674 ipsum
865 3606 1154 3660 secundum
1172 3603 1574 3663 humanitatem,
1597 3601 1897 3670 passibilem
1912 3615 2094 3664 carne,

526 3696 879 3764 eutndemque
900 3696 1070 3765 ipsum
1100 3696 1479 3765 impassibilem
1503 3696 1722 3750 deitate.
1778 3693 2100 3749 Recusantes

526 3791 670 3844 enim
702 3788 978 3842 Dominum
1009 3787 1449 3843 nostrum-lesum
1474 3786 2099 3855 Christum-unigenitum

532 3880 725 3935 Filium
770 3877 862 3932 Dei
889 3887 943 3932 et
990 3876 1272 3932 Dominum
1320 3887 1559 3932 nostrum
1613 3877 1763 3932 fateri
1793 3893 1953 3932 unum
1984 3891 2104 3931 esse

532 3980 730 4024 sanctae
752 3978 805 4024 et
820 3969 1290 4022 consulistantialis
1302 3969 1599 4034 Trinitatis,
1616 3968 1861 4023 videntur
1876 3968 2104 4023 Nestorii

530 4059 727 4114 malam
756 4056 905 4127 sequi
928 4038 1224 4111 doctrinam
1244 4100 1259 4124 ,
1291 4056 1584 4111 secundum
1613 4062 1836 4126 gratiam
1880 4057 2105 4113 dicentis

531 4164 693 4205 unum
720 4148 912 4204 Filium
944 4148 1069 4213 Dei,
1117 4156 1172 4203 et
1195 4148 1360 4203 alium
1387 4149 1617 4204 dicentis
1641 4150 1736 4204 Dei
1771 4149 2021 4218 Verbum,
2052 4161 2106 4204 et

530 4243 689 4298 alium
716 4239 1007 4296 Christum.
1037 4239 1235 4294 Omnes
1285 4256 1412 4294 veru
1442 4240 1753 4296 sacerdotes
1798 4249 1999 4296 sancta:
2028 4256 2111 4296 ca-

533 4335 743 4390 tholicae
766 4346 926 4404 atque
952 4332 1260 4403 apostolica:
1286 4333 1538 4387 Ecclesia:
1556 4374 1570 4397 ,
1591 4344 1645 4387 et
1674 4333 2107 4388 reverendissimi

531 4424 962 4481 archimandritze
998 4433 1301 4479 sanctorum
1343 4428 1791 4479 monasreriorum
1822 4435 2106 4495 sequentes

490 4500 493 4503 ﬁ
533 4519 867 4572 sanctitatem
890 4524 1119 4572 vestram
1140 4557 1155 4581 ,
1178 4524 1233 4569 et
1251 4515 1613 4571 custodientes
1637 4524 1831 4570 statum
1853 4525 1906 4570 et
1933 4517 2106 4571 unita-

535 4617 974 4667 tem-sanctarum
1004 4607 1095 4662 Dei
1147 4606 1533 4674 Ecelesiarum,
1574 4622 1731 4678 quam
1781 4607 1979 4663 habent
2030 4610 2097 4664 ab

2197 3236 2515 3289 conﬁtemur
2541 3243 2596 3289 et
2637 3235 2905 3288 credimus
2950 3236 3114 3302 (sicut
3160 3236 3355 3287 dictum
3406 3237 3524 3303 est)
3555 3237 3775 3287 consul».

2197 3326 2499 3379 stantalem
2531 3339 2651 3378 esse
2687 3324 2829 3377 Patri
2858 3325 3150 3378 secundum
3178 3324 3454 3386 deitatem,
3476 3333 3530 3377 et
3557 3325 3781 3377 consul»

2197 3421 2499 3475 Stantialem
2534 3421 2689 3475 nobis
2728 3418 2976 3474 eumdem
3005 3420 3174 3488 ipsum
3213 3419 3503 3471 secundum
3538 3419 3781 3470 Immani-

2201 3521 2361 3566 tatem
2395 3528 2409 3576 ;
2441 3511 2680 3581 ejusdem
2712 3511 2964 3565 miracula
2993 3521 3046 3565 et
3077 3511 3383 3577 passiones,
3414 3526 3549 3578 quas
3587 3520 3779 3578 sponte

2208 3604 2263 3659 in
2293 3619 2454 3659 carne
2485 3606 2735 3659 sustinuit
2760 3604 2801 3671 ³,
2827 3614 3197 3675 agnoscentes.
3240 3604 3571 3672 Suscipimus
3599 3615 3777 3657 autem

2204 3704 2387 3749 sancta
2410 3704 2638 3765 quatuor
2665 3696 2915 3759 concilia,
2952 3695 2999 3749 id
3027 3704 3109 3749 est
3139 3704 3495 3749 trecentorum
3515 3695 3696 3749 decem
3722 3706 3778 3750 et

2205 3796 2327 3843 octo
2350 3798 2657 3841 sanctorum
2685 3788 2902 3841 Patrum
2932 3788 3019 3856 qui
3052 3787 3104 3840 in
3135 3786 3343 3840 Nicmna
3389 3786 3517 3840 urbe
3558 3800 3783 3854 congre—

2205 3880 2313 3952 gati
2341 3890 2493 3941 sunt;
2521 3890 2573 3934 et
2598 3888 2812 3935 centum
2834 3879 3217 3949 quinquaginta
3238 3888 3542 3933 sanctorum
3565 3878 3778 3931 Patrum

2204 3972 2320 4045 (qui
2355 3974 2406 4025 in
2436 3971 2532 4025 hac
2579 3972 2723 4041 regia
2755 3971 2885 4025 urbe
2913 3981 3279 4025 convenerunt
3307 3988 3321 4034 ;
3370 3979 3426 4025 et
3473 3979 3776 4024 sanctorum

2213 4064 2427 4119 Patrum
2457 4066 2505 4135 ‘)
2544 4065 2631 4134 qui
2660 4067 2709 4118 in
2742 4065 2948 4131 Epheso
2980 4065 3150 4133 primo
3179 4065 3481 4133 congregati
3508 4074 3630 4117 sunt
3662 4079 3677 4123 ;
3729 4073 3784 4116 et

2210 4166 2515 4211 sanctorum
2550 4155 2766 4209 Patrum
2798 4156 2882 4222 qui
2935 4158 2986 4208 in
3014 4155 3350 4210 Chalcedone
3396 4163 3782 4217 convenerunt,

2210 4248 2348 4301 sicut
2389 4256 2566 4301 vestra
2595 4245 2887 4314 apostolica
2926 4247 3085 4300 sedes
3112 4246 3268 4299 docet
3303 4254 3463 4314 atque
3509 4244 3778 4312 praedicat.

2211 4339 2409 4393 Omnes
2437 4353 2564 4407 ergo
2596 4335 2866 4409 [namque]
2912 4338 3216 4391 sacerdotes
3255 4346 3541 4405 sequentes
3586 4334 3785 4388 doctri-

2213 4446 2333 4484 nam
2357 4430 2664 4497 apostolica:
2686 4430 2828 4483 sedis
2855 4437 3047 4484 veitra:
3075 4430 3146 4481 ita
3174 4429 3399 4482 credunt
3434 4437 3488 4483 et
3527 4426 3785 4480 conﬁten-

2215 4529 2302 4574 tur
2331 4532 2383 4575 et
2409 4520 2877 4589 przetlicant,un.'e
2900 4521 3304 4588 properavimus
3327 4520 3427 4573 hoc
3454 4519 3519 4571 ad
3540 4517 3784 4571 notitiam

2206 4611 2417 4667 deferte
2462 4620 2657 4666 vestra:
2703 4613 2999 4667 sanctitatis
3028 4626 3123 4682 per
3166 4612 3451 4681 Hypatium
3498 4620 3552 4664 et
3584 4611 3779 4665 Deme-

536 4790 808 4866 fuerunt_,_
832 4802 1210 4866 acceptamque
1242 4802 1369 4866 ante
1396 4803 1601 4866 sacram
1626 4788 1680 4844 in
1706 4789 1887 4866 codice
1908 4791 2082 4866 [JuSti-
2114 4796 2163 4855 D
2188 4796 2443 4866 rograplto
2472 4796 2679 4866 proprio
2709 4796 2777 4848 ad
2804 4798 2973 4849 sedem
3011 4795 3350 4866 apostolicam
3388 4810 3476 4862 per
3509 4794 3778 4863 episcapos

537 4861 894 4915 niaueo'libro
916 4858 1142 4930 septimo
1175 4861 1273 4914 sub
1304 4860 1457 4914 titulo
1491 4858 1561 4915 De
1590 4875 1796 4914 summa
1827 4862 2089 4917 Trinitate

536 4944 585 4983 et
618 4931 718 4986 ﬁde
737 4932 995 4986 catholica
1023 4930 1249 4986 fortasse
1276 4930 1521 5001 intexuit.
1559 4932 1706 4985 Unde
1732 4946 1888 5000 quam
1914 4933 2096 5001 inepte

538 5001 937 5055 llothomannus
983 5000 1347 5071 olijectamin
1395 5008 1635 5071 tempore
1679 5000 2093 5070 discrepantiam

538 5073 861 5140 pratendat,
892 5070 1061 5141 atque
1077 5086 1139 5126 ex
1163 5086 1225 5126 ea
1248 5080 1524 5139 utramque
1545 5070 1819 5141 epistolam
1847 5074 2096 5141 supposi-

539 5138 707 5196 titiam
738 5157 856 5197 csse
886 5138 1121 5211 coi’iigat,
1174 5156 1329 5196 nemo
1368 5138 1474 5195 non
1519 5138 1782 5211 intelligit.
1829 5138 1981 5207 Queri
2022 5144 2098 5198 ait

542 5221 733 5278 praeter
759 5210 1039 5283 morientet
1066 5210 1565 5283 stylutnlustiniaui
1595 5210 1933 5283 imperatoris
1953 5227 2094 5280 esse,

539 5283 830 5337 Romanam
856 5279 1150 5336 Ecclesiam
1187 5280 1366 5335 sedem
1405 5279 1747 5348 apostolicam
1792 5279 2092 5347 nominare,

537 5352 871 5407 mendacium
894 5365 1040 5422 esse
1067 5360 1211 5420 patet
1239 5365 1303 5406 ex
1333 5351 1570 5417 epistolis
1610 5351 1893 5406 Justiniani
1916 5393 1931 5417 ,
1962 5369 2095 5422 QII‘IS

535 5423 746 5491 scripsit
769 5423 832 5475 ad
867 5421 1199 5476 Hormisdam
1230 5432 1281 5474 et
1307 5421 1594 5489 Agapetum
1623 5423 1921 5489 pontiﬁces.
1954 5423 2093 5477 Nihil

536 5492 703 5562 igitur
746 5491 1077 5561 praetendere
1118 5491 1573 5562 potest‘impostor
1602 5491 1885 5546 ltmreticus
1910 5533 1924 5555 ,
1953 5494 2092 5561 quod

536 5565 909 5617 auctoritatem
942 5563 1125 5615 harum
1158 5563 1501 5629 epistofarum
1532 5561 1789 5614 diminuat
1819 5571 1976 5628 atque
1998 5564 2092 5614 0b-

536 5642 734 5687 scnret.
785 5631 1050 5687 Professio
1101 5631 1221 5686 ﬁdei
1266 5646 1383 5700 qua:
1427 5632 1730 5685 continetur
1776 5633 1825 5684 iu
1867 5632 2089 5699 epistula

536 5702 818 5757 Justiniani
863 5704 926 5757 ad
959 5703 1258 5769 pontiﬁcem
1292 5701 1483 5768 scripta
1528 5702 1614 5755 illa
1644 5712 1722 5755 est
1762 5702 1827 5754 de
1868 5717 1968 5769 qua
1998 5717 2093 5753 au-

537 5782 653 5831 ctcr
694 5773 1013 5833 Pontilicalis
1041 5774 1115 5829 ait
1146 5791 1156 5825 :
1192 5770 1331 5827 Misit
1359 5771 1509 5843 ﬁdem
1537 5789 1679 5825 suam
1722 5774 1957 5842 scriptam
1984 5772 2091 5826 citi-

2202 4864 2485 4935 ll}]putiunt
2525 4877 2572 4919 et
2621 4864 2955 4919 Demetrium.
2986 4865 3140 4920 Unde
3173 4866 3360 4920 falsum
3406 4878 3526 4935 esse
3556 4874 3779 4935 constat

2197 4933 2336 5004 quoii
2365 4937 2595 4989 edictum
2632 4936 2915 4989 Justiniani
2955 4937 3216 4989 adversus
3243 4937 3341 4989 tria
3373 4933 3614 5004 capitula
3646 4943 3784 4988 tem-

2200 5020 2328 5074 pore
2373 5006 2542 5073 Vigilii
2575 5022 2722 5073 papa:
2752 5008 3116 5072 conscriptum
3169 5005 3233 5057 ad
3283 5005 3545 5059 Joannem
3595 5003 3782 5074 (prout

2199 5072 2253 5130 in
2277 5072 2667 5145 antiquioribus
2689 5075 3011 5130 editionibus
3036 5074 3287 5129 mendosa
3310 5074 3584 5145 inscriptio
3603 5072 3779 5145 eidem

2202 5141 2422 5214 praeﬁxa
2466 5145 2647 5214 habet)
2700 5146 3070 5201 transmis~um
3117 5144 3294 5199 fuerit.
3340 5141 3783 5214 VideAquzedix't

2201 5212 2359 5283 supra
2388 5217 2439 5269 in
2471 5218 2608 5270 notis
2631 5212 2701 5270 ad
2732 5216 2905 5269 Vitam
2935 5214 3175 5276 Joannis.
3208 5215 3383 5267 verbis
3411 5232 3425 5267 :
3460 5212 3784 5283 Misit/idem

2186 5281 2376 5349 ,auitm,
2412 5297 2552 5350 etc.;
2600 5287 2722 5340 item
2764 5299 2883 5355 qua:
2926 5284 3062 5339 infra
3106 5285 3406 5339 notavimus
3435 5283 3535 5337 sub
3571 5281 3783 5351 Vigilio.

2225 5359 2333 5409 inv.
2367 5359 2559 5409 BINIUS.

2205 5357 2783 5491 δΕίνἏῐῗΙΙῗιιιῗέἐιοιίωιη
2809 5433 2999 5478 vestrre
3025 5423 3323 5478 sanctitatis
3351 5423 3559 5479 sedem.

2272 5498 2291 5527 ⁸
2333 5498 2441 5549 Καθ’
2467 5497 2750 5550 ὑπόστασιν
2774 5495 3135 5565 ὁμολογοῦμεν.

2274 5565 2293 5594 ³
2333 5566 2603 5633 Suscepit,
2637 5573 3047 5633 c0guoscentes.

2270 5700 2778 5825 ‘I‘Ansuli‘sriuclttsa
2804 5703 2855 5756 in
2903 5701 3117 5757 Labbeo
3143 5700 3342 5757 omissa
3373 5696 3619 5768 suppleta
3643 5706 3770 5754 sunt

2347 5788 2455 5825 οη».
2488 5786 2517 5824 e
2562 5783 2618 5825 tt.

2203 5786 2267 5826 ΘΧ
2300 5783 2455 5829 ltum.
2488 5783 2618 5825 (ΜΗ.
