4126 6362
322 377 399 442 t.-
1161 467 1166 471 .
1731 379 2109 442 erasmus.
2404 357 2411 367 “
3379 447 3382 450 ,
3502 389 3566 441 is

323 505 486 560 trium
514 501 854 561 beatissimos
883 507 1165 576 episcopos
1186 549 1199 569 ,
1227 515 1282 559 ut
1312 520 1410 560 nec
1443 515 1672 558 vestram
1701 503 1894 556 saneti-
1923 503 1975 562 Α
2003 503 2195 571 religio
2227 522 2240 556 :
2277 522 2394 557 uani
2424 520 2543 559 cum
2567 515 2837 559 auctorem
2864 505 2982 560 vitm
3003 506 3078 561 vei
3107 503 3321 558 luminis
3346 518 3571 573 utraque

319 606 480 650 talem
513 597 744 664 lateant,
777 613 895 667 quae
949 613 978 651 a
1025 597 1342 667 quibusdam
1393 596 1573 665 paucis
1622 593 1896 674 monachis

319 688 459 742 male
487 699 540 744 et
561 688 788 744 Judaice'
820 689 1110 744 secundum
1155 687 1387 742 Nestorii
1432 685 1704 756 perfidiam
1733 685 1897 738 dene-

319 791 436 851 gata
466 791 608 836 sunt.
639 782 873 838 Petimus
902 797 1028 850 ergo
1049 795 1286 838 vestrum
1319 793 1597 850 paternum
1620 779 1893 842 affectum,

321 884 380 929 ut
405 876 596 931 vestris
626 877 691 930 ad
715 891 812 930 nos
841 876 1118 930 destinatis
1164 875 1387 941 litteris,
1419 885 1472 928 et
1511 873 1579 927 ad
1621 872 1899 926 sanctissi—

322 983 466 1023 mum
495 969 806 1039 episcopum
848 968 1003 1037 hujus
1039 969 1192 1022 almae
1215 968 1396 1032 urbis,
1448 976 1500 1020 ct
1544 963 1896 1031 patriarcham

323 1060 548 1115 fratrem
581 1070 818 1115 vestrum
865 1060 1153 1130 (quoniam
1191 1070 1244 1114 et
1265 1059 1378 1127 ipse
1403 1074 1496 1127 per
1523 1055 1740 1112 eosdem
1769 1054 1900 1108 scri-

320 1155 428 1220 psit
461 1150 526 1206 ad
554 1159 787 1206 vestram
818 1152 1155 1206 sanctitatem
1181 1193 1195 1215 ,
1246 1149 1506 1203 festinans
1547 1149 1596 1201 in
1654 1145 1900 1202 erunibus

316 1245 470 1314 sequi
499 1246 680 1299 sedem
711 1244 1056 1313 apostolicam
1079 1240 1420 1297 beatitudinis
1451 1247 1642 1294 vestra:
1660 1238 1699 1308 ),
1732 1235 1902 1290 mani-

321 1336 518 1390 festum
544 1335 702 1389 nobis
733 1334 962 1397 faciatis,
989 1332 1128 1402 quod
1154 1347 1342 1384 omnes
1365 1331 1454 1399 qui
1480 1329 1728 1397 praedicta
1757 1333 1902 1381 recte

319 1429 644 1483 confitentur
683 1426 907 1496 suscipit
946 1438 1119 1479 vestra
1154 1423 1442 1485 sanctitas,
1485 1428 1539 1474 ct
1587 1432 1770 1472 eorum
1813 1416 1899 1485 qui

321 1519 544 1575 Judaice
585 1519 698 1572 ausi
730 1528 855 1572 sunt
883 1527 1081 1572 rectam
1105 1517 1368 1584 denegare
1396 1512 1549 1567 fidem
1584 1510 1904 1565 condemnat

323 1613 595 1683 perfidiam
629 1630 642 1666 :
677 1613 794 1682 plus
817 1612 957 1666 enim
1003 1611 1074 1664 ita
1103 1619 1153 1664 et
1188 1609 1328 1662 circa
1362 1622 1454 1661 vos
1486 1604 1721 1658 omnium
1751 1617 1905 1656 amor

322 1717 377 1761 ct
403 1715 593 1761 vestra:
623 1705 766 1760 sedis
793 1715 997 1760 crescet
1021 1701 1308 1756 auctoritas
1334 1717 1347 1752 :
1381 1709 1434 1753 et
1464 1712 1579 1767 qua:
1601 1696 1668 1750 ad
1699 1711 1792 1748 vos
1818 1704 1902 1748 est

323 1799 498 1852 unitas
524 1807 825 1850 sanctarum
869 1795 1225 1849 Ecclesiarum
1266 1790 1528 1844 inturbata
1563 1786 1898 1849 servabitur,

2001 597 2320 662 respiciant,
2378 608 2520 652 recte
2551 611 2603 652 et
2636 599 2882 654 tenebras
2912 607 3189 667 respuunt.
3237 605 3293 651 et
3328 598 3573 652 nesciunt

1999 689 2278 757 suhjacere
2308 691 2560 745 defectni.
2596 691 2952 759 Quamobrem
2973 731 2988 755 ,
3019 690 3398 758 gloriosis~itne
3431 690 3576 758 prin-

2001 782 2201 851 cipum,
2231 786 2367 838 votis
2390 784 2635 839 omnibus
2680 785 2989 840 exorabitur
3019 785 3193 839 divina
3224 783 3481 853 potentia,
3519 793 3575 838 ut

1954 914 1956 917 τ
2003 875 2252 942 pietatem
2277 887 2506 930 vestram
2539 877 2590 929 in
2624 877 2724 931 hoc
2747 877 2938 931 ardore
2971 876 3120 939 fidei,
3180 876 3230 930 in
3263 875 3362 930 hac
3409 875 3576 928 devo-

2003 967 2148 1022 tione
2189 969 2418 1033 mentis,
2470 970 2521 1023 in
2546 969 2651 1022 hoc
2684 971 2905 1039 integra:
2935 970 3211 1040 religionis
3250 969 3427 1025 studio
3459 970 3578 1026 sine

1996 1048 2214 1113 defectu
2240 1059 2323 1113 sui
2351 1059 2402 1113 in
2429 1061 2666 1129 longiora
2692 1071 2926 1130 tempora
2947 1071 3250 1116 conservet.
3296 1062 3406 1115 lloc
3434 1061 3576 1115 enim

2003 1159 2056 1204 et
2083 1152 2288 1206 sanctis
2309 1151 2578 1205 credimus
2610 1152 2862 1207 Ecclesiis
2887 1153 3179 1222 expedire;
3219 1156 3475 1221 scriptum
3499 1163 3582 1206 est

2002 1241 2144 1295 enim
2177 1242 2390 1297 :Labiis
2424 1244 2554 1315 regit
2599 1260 2690 1298 rex
2743 1243 3000 1315 (Apocal.
3029 1247 3200 1314 xm):
3246 1254 3303 1298 et
3339 1246 3528 1300 iterum
3565 1263 3579 1298 :

2006 1331 2106 1386 Cor
2128 1335 2258 1403 regis
2280 1335 2330 1386 in
2363 1349 2518 1386 manu
2553 1331 2648 1387 Dei
2678 1343 2772 1397 est,
2805 1345 2853 1389 et
2883 1334 2968 1387 ubi
2993 1336 3206 1388 voluerit
3229 1335 3494 1389 inclinabit
3519 1335 3584 1388 if-

2003 1424 2093 1477 Iud
2125 1424 2305 1495 (Prov.
2337 1424 2479 1495 xxi):
2532 1426 2632 1479 hoc
2661 1434 2743 1480 est
2779 1426 2920 1479 enim
2962 1424 3102 1495 quod
3142 1437 3377 1481 vestrum
3411 1427 3586 1480 firmat

2007 1517 2311 1585 imperium,
2345 1516 2447 1572 hoc
2491 1515 2631 1586 quod
2661 1526 2836 1572 vestra
2886 1532 3049 1586 regna
3083 1527 3386 1588 conservat.
3449 1519 3581 1572 Nam

2009 1624 2106 1676 pax
2137 1607 2416 1674 Ecclesim,
2442 1609 2714 1678 religionis
2737 1609 2938 1675 unitas,
2961 1616 3233 1664 auctorem
3263 1609 3384 1664 facti
3417 1610 3468 1663 in
3491 1625 3584 1664 su—

2007 1704 2169 1756 blime
2195 1713 2506 1772 provectum
2560 1713 2704 1772 grata
2748 1703 2851 1757 sibi
2903 1703 3285 1773 tranquillitate
3329 1701 3582 1758 custodit.

2009 1793 2188 1864 Neque
2211 1794 2352 1848 enim
2387 1809 2545 1864 parva
2588 1795 2636 1849 ei
2684 1793 2996 1849 vicissitudo
3046 1809 3078 1848 a
3127 1793 3362 1863 potentia
3407 1793 3586 1848 divina

325 1889 543 1958 quando
571 1904 664 1958 per
699 1903 794 1941 vos
825 1886 1110 1941 didicerint
1140 1897 1326 1938 omnes
1353 1880 1646 1936 beatissimi
1674 1877 1906 1948 episcOpi
1938 1878 1984 1938 Β
2014 1885 2293 1950 tribuitur,
2325 1901 2417 1955 per
2463 1901 2620 1955 quem
2661 1885 2821 1940 nullis
2852 1885 2996 1956 rugis
3045 1886 3280 1941 Ecc'esia
3309 1886 3476 1940 divisa
3505 1899 3589 1941 se-

324 1993 509 2034 eorum
545 1993 665 2046 qua:
699 1977 763 2030 ad
791 1992 885 2031 vos
924 1975 1087 2030 relata
1118 1983 1241 2028 sunt
1270 1972 1535 2026 sinceram
1563 1979 1753 2024 vestra:
1781 1982 1905 2021 san-

322 2069 520 2127 ctitatis
546 2068 862 2122 doctrinam.
898 2068 1131 2122 Petimus
1157 2078 1332 2120 autem
1357 2074 1588 2118 vestram
1622 2057 1906 2115 beatitudi-

327 2173 451 2212 nem
478 2173 634 2213 orare
658 2172 752 2226 pro
782 2157 956 2220 nobis,
1008 2167 1060 2210 et
1109 2155 1202 2210 Dei
1246 2153 1400 2208 nobis
1422 2151 1702 2220 acquirere
1729 2150 1907 2220 provi-

323 2248 582 2303 dentiam.
619 2247 745 2302 Item
777 2247 1078 2316 subscriptio
1109 2246 1152 2299 ⁸.
1202 2245 1380 2300 Deitas
1405 2255 1455 2298 te
1497 2253 1781 2298 conservet
1814 2258 1910 2311 per

325 2340 522 2394 multos
552 2353 742 2401 annos,
766 2349 953 2391 sancte
981 2351 1042 2391 ac
1068 2335 1465 2406 religiosissime
1497 2342 1644 2403 pater
1673 2335 1720 2386 ί.

512 2515 835 2571 EPISTULA
868 2515 1012 2587 (olim
1045 2515 1111 2587 11)
1151 2513 1431 2569 JOANNIS
1465 2513 1663 2567 PAPAS
1693 2513 1732 2566 Il

883 2644 950 2682 AD
997 2641 1356 2682 JL‘STlNIANUM.

331 2761 536 2817 Laudat
576 2761 814 2816 catholici
849 2762 1171 2828 imperatoris
1204 2759 1460 2832 egregiam
1501 2757 1739 2832 pietatem
1774 2756 1911 2810 debi-

404 2844 608 2901 tumque
633 2833 795 2899 ipsius
829 2827 1087 2901 religionis
1106 2872 1120 2892 ,
1167 2827 1268 2900 quo
1293 2827 1460 2883 sedem
1490 2827 1848 2901 apostolicam,
1881 2843 1912 2878 a

436 2921 501 2956 ua
524 2897 810 2974 requirebat
838 2897 1188 2971 evangelicam'
1202 2902 1482 2974 veritatem,
1499 2897 1912 2974 prosequebatur.

436 2921 501 2956 ua
526 2921 810 2974 requireoat
838 2921 1174 2971 evangeucam
1202 2921 1912 2966 υειίυιιεηι,ριύδειιαινυαιυῖ,

400 2921 904 3046 ἳίοςαιᾼιιςιιεειιημ,
939 2983 992 3025 ut
1029 2989 1156 3046 quos
1179 2989 1207 3022 a
1237 2980 1372 3046 recto
1395 2969 1517 3046 ﬁdei
1539 2967 1808 3046 ⁸εαιΙιοιὸεαι
1831 2967 1917 3046 iti-

403 3038 520 3097 nefe
547 3038 780 3098 aberrare
799 3045 980 3106 sciret,
1014 3045 1148 3094 omni
1180 3042 1350 3094 studio
1375 3038 1602 3091 adhibio
1634 3045 1913 3101 revocaret,

401 3124 451 3168 et
481 3116 608 3169 inter
639 3115 768 3167 alios
798 3115 934 3182 ipsos
963 3114 1152 3183 lr'gatas
1182 3131 1211 3165 a
1239 3109 1499 3165 monachis
1525 3107 1786 3162 Acwmetis
1815 3107 1917 3160 fio-

405 3201 544 3239 mam
568 3186 769 3238 missos.

407 3341 807 3396 Gloriosissimo
823 3350 876 3395 et
898 3338 1318 3393 clementissimo
1348 3337 1456 3392 filio
1480 3336 1779 3391 .lustiniano
1808 3334 1913 3388 Au-

334 3441 520 3500 gusto,
577 3431 808 3487 Joannes
837 3431 1124 3498 episcopus
1152 3428 1298 3484 urbis
1342 3427 1521 3480 Bomaa
1566 3428 1789 3480 salutem
1821 3425 1916 3478 do-

335 3530 430 3574 nat
452 3521 494 3574 ³.

410 3633 551 3687 Inter
589 3631 761 3686 claras
813 3631 1088 3700 sapientia:
1142 3645 1204 3685 ac
1255 3629 1676 3684 mansuetudinis
1723 3640 1916 3683 vestrae

336 3723 548 3793 laudes,
579 3722 1036 3778 Christianissime
1059 3723 1376 3793 principum,
1412 3720 1625 3790 puriore
1655 3722 1771 3776 luce
1802 3729 1915 3774 tan-

335 3829 497 3884 quam
527 3814 738 3883 aliquod
767 3813 913 3866 sidus
940 3811 1158 3866 irradiat
1182 3856 1194 3877 ,
1221 3813 1360 3881 quod
1390 3827 1573 3865 amore
1600 3811 1744 3876 fidei,
1775 3813 1914 3881 quod

335 3906 613 3962 charitatis
666 3906 885 3970 studio,
933 3906 1106 3961 edocti
1163 3905 1545 3960 ecclesiasties
1592 3905 1913 3973 disciplinis,

339 3996 593 4052 Romana:
619 3997 760 4052 sedis
796 3997 1150 4052 reverentiam
1179 3999 1504 4051 conservatis
1524 4037 1540 4062 ,
1570 4006 1623 4050 et
1645 3997 1694 4050 ei
1727 4008 1914 4050 cuncta

336 4087 619 4158 subjicitis,
670 4099 726 4143 et
770 4089 836 4143 ad
883 4090 997 4156 ejus
1046 4089 1306 4144 deducitis
1338 4089 1617 4154 unitatem,
1671 4089 1735 4143 ad
1767 4089 1918 4158 cujus

337 4188 635 4246 auctorem,
665 4179 766 4233 hoc
795 4190 878 4235 est
907 4182 1270 4249 apo:tolorum
1295 4181 1542 4247 primum,
1584 4179 1808 4234 Domino
1835 4181 1917 4233 Ιοο

336 4279 533 4339 quente
558 4281 880 4340 praeceptum
903 4281 984 4324 est
1018 4289 1029 4322 :
1063 4269 1221 4324 Pasce
1254 4287 1366 4323 oves
1399 4287 1536 4323 meas
1563 4269 1743 4341 (Joan.
1780 4273 1914 4341 xxi),

337 4377 498 4430 quam
530 4376 650 4417 esse
696 4363 932 4416 omnium
983 4378 1107 4418 vere
1140 4363 1498 4417 Ecclesiarum
1538 4373 1692 4432 caput
1730 4373 1784 4418 et
1818 4363 1918 4417 Pa-

338 4462 481 4507 trum
513 4454 706 4524 regulae
743 4463 798 4508 et
829 4456 1120 4523 principum
1146 4465 1337 4508 statuta
1368 4455 1662 4522 declarant,
1722 4467 1774 4510 et
1807 4458 1918 4524 pie-

343 4546 465 4600 tatis
494 4556 687 4601 vestra:
727 4547 1156 4602 reverendissimi
1203 4557 1463 4602 testantur
1503 4547 1710 4602 affatus.
1767 4549 1922 4603 Patet

2008 1979 2267 2040 cernitur,
2317 1975 2474 2030 nullis
2504 1976 2718 2048 insertis
2749 1977 2971 2055 maculis
2992 1977 3228 2032 variatur
3255 1994 3271 2032 :
3327 1978 3586 2046 scriptum

2009 2081 2089 2122 est
2110 2069 2250 2122 enim
2277 2068 2424 2137 quia,
2451 2085 2569 2122 cum
2593 2085 2684 2122 rem
2694 2072 2870 2139 justus
2896 2069 3078 2125 sederit
3100 2084 3251 2140 super
3273 2069 3463 2134 sedem,
3483 2086 3588 2123 non

2012 2159 2358 2213 adversabitur
2387 2161 2430 2213 ei
2452 2159 2723 2230 quidquam
2755 2158 3036 2231 malignum
3066 2160 3250 2231 (Prov.
3285 2161 3398 2230 xx).
3455 2161 3588 2215 Pro-

2014 2252 2138 2308 inde
2186 2253 2490 2308 serenitatis
2519 2263 2710 2308 vestrze
2749 2252 2926 2322 apices
2959 2268 3051 2320 per
3087 2253 3370 2325 Hypatium
3421 2261 3580 2324 atque

2018 2345 2346 2400 Demetrium
2385 2346 2754 2400 sanctissimos
2783 2348 2964 2414 viros,
3017 2346 3208 2402 fratres
3235 2355 3290 2403 et
3315 2349 3593 2416 coepisco-

2013 2451 2110 2506 pos
2142 2451 2314 2500 meos,
2351 2437 2649 2493 reverentia
2679 2449 2936 2494 consueta
2967 2439 3300 2507 suscepimus
3329 2453 3592 2510 :quorum

2014 2532 2174 2584 etiam
2209 2532 2471 2586 relatione
2509 2533 2872 2602 comperimus
2893 2574 2907 2598 ,
2931 2533 3071 2603 quod
3099 2531 3345 2588 fidelibus
3386 2513 3594 2603 populis

2019 2622 2372 2690 proposuistis
2393 2623 2624 2678 edictum
2656 2633 2682 2661 ι
2712 2639 2899 2679 amore
2927 2624 3074 2690 fidei,
3102 2639 3200 2694 pro
3229 2623 3594 2679 submovenda

2019 2712 2388 2766 lia-reticorum
2412 2714 2705 2769 intentione
2724 2758 2739 2782 ,
2785 2715 3077 2771 secundum
3104 2715 3456 2782 apostolicam
3493 2714 3593 2769 do‘-

2017 2812 2268 2865 ctr.nam,
2299 2803 2519 2858 fratrum
2543 2814 2598 2858 et
2625 2805 3066 2876 coepiscoporum
3097 2815 3400 2860 nostrorum
3431 2804 3596 2866 inter-

2021 2900 2265 2947 veniente
2286 2909 2551 2950 c0usen~u
2582 2897 2607 2934 ιι
2642 2915 2656 2950 :
2707 2900 2846 2966 quod
2898 2901 3019 2968 quia
3062 2899 3369 2968 apostolicae
3398 2899 3596 2954 doctri-

2020 2999 2101 3036 nae
2125 2987 2396 3048 romenit,
2423 2997 2602 3041 nostra
2633 2991 2951 3044 auctoritate
2981 2991 3380 3045 confirmamus.
3459 3025 3462 3027 -

2093 3072 2284 3128 Toxlus
2311 3085 2480 3128 autent
2524 3078 2754 3148 epistola:
2786 3078 2901 3132 tatis
2931 3087 3004 3132 est
3036 3096 3054 3134 :
3097 3079 3400 3136 Reddentes
3431 3081 3597 3136 hono-

2024 3178 2136 3218 rent
2159 3165 2466 3232 apostolica:
2493 3168 2624 3223 sedi.
2661 3177 2714 3221 ut
2739 3185 2898 3237 supra
2923 3169 3229 3240 prazcedenti
3252 3173 3491 3242 epistola.

1946 3240 1992 3302 C
2097 3253 2286 3322 Liquet
2316 3255 2499 3325 igitur,
2526 3257 2816 3326 imperator
2841 3260 3246 3328 gloriosissime,
3272 3240 3328 3316 ut
3355 3263 3600 3320 lectionis

2029 3355 2180 3400 tenor
2213 3355 2269 3400 et
2296 3347 2593 3417 legatorqu
2619 3360 2918 3404 vestrorum
2947 3352 3135 3406 refatio
3165 3352 3410 3422 patefecit
3431 3355 3598 3427 [patea-

2026 3434 2214 3507 facis],
2250 3452 2346 3492 vos
2395 3439 2701 3508 apostolicis
2742 3441 3131 3497 eruditionibus
3167 3442 3423 3510 studere,
3477 3461 3598 3500 cum

2021 3532 2088 3584 de
2112 3531 2383 3598 religionis
2409 3533 2683 3586 catholica:
2715 3534 2817 3588 fide
2844 3550 2906 3588 ea
2942 3535 3133 3602 sathis
3152 3576 3167 3601 ,
3217 3550 3280 3590 ea
3306 3537 3600 3606 scripsistis

2023 3621 2275 3695 [scribitis
2307 3636 2358 3678 et
2382 3623 2716 3696 publicatis],
2753 3640 2814 3680 ea
2847 3627 3143 3696 prozulistis
3165 3667 3177 3688 ,
3207 3641 3269 3682 ea
3303 3629 3513 3696 populis
3535 3628 3599 3682 fi-

2021 3722 2228 3777 dclibus
2256 3722 2587 3790 publicastis,
2610 3739 2728 3793 qua;
2763 3724 2921 3795 (sicut
2949 3725 3204 3794 diximus)
3235 3738 3286 3778 et
3309 3725 3601 3794 scdisapo-

2022 3813 2225 3867 stolica:
2258 3812 2277 3843 ³
2308 3813 2546 3868 doctrina
2569 3855 2583 3880 ,
2631 3823 2681 3869 et
2711 3825 3016 3869 sanctorum
3048 3815 3263 3869 Patrum
3291 3815 3598 3870 veneranda

2023 3906 2262 3960 decernit
2301 3907 2624 3970 auctoritas,
2665 3913 2720 3960 et
2761 3921 2858 3960 nos
2901 3907 3283 3961 confirmamus
3321 3907 3374 3960 in
3423 3906 3600 3964 omni-

2023 3999 2142 4052 bus.
2172 4002 2541 4067 Opportunum
2569 4007 2651 4053 est
2679 4013 2805 4068 ergo
2834 4013 2962 4052 voce
3005 3999 3348 4068 proclamare
3367 3999 3602 4068 prophe-

2023 4091 2122 4144 tica
2154 4106 2168 4141 :
2209 4088 2323 4142 Τιὺὶ
2354 4091 2572 4142 abundet
2601 4089 2782 4142 cretum
2807 4089 3057 4158 desuper,
3087 4097 3143 4142 et.
3161 4087 3429 4153 effundant
3458 4105 3601 4142 mon-

2023 4189 2093 4234 tes
2129 4181 2521 4246 iucunditatem,
2580 4190 2626 4234 et
2653 4181 2808 4234 colles
2849 4180 3029 4234 latitia
3069 4179 3380 4233 lwtabuntur
3425 4180 3600 4250 (Psal.

2024 4274 2170 4338 xcv).
2225 4271 2351 4325 llaec
2387 4271 2547 4340 igitur
2598 4271 2650 4325 in
2683 4271 2878 4325 tabulis
2906 4271 3085 4326 cordis
3125 4271 3352 4326 fideliter
3404 4273 3603 4328 scribe-

2025 4377 2106 4426 re,
2162 4366 2274 4416 haec
2304 4374 2358 4416 ut
2390 4363 2616 4432 pupillas
2667 4364 2944 4418 oculorum
2990 4363 3238 4419 convenit
3271 4363 3559 4420 observare
3590 4381 3605 4419 :

2024 4468 2198 4523 neque
2243 4454 2386 4508 enim
2426 4455 2705 4524 quisquam
2748 4461 2847 4509 est.-
2879 4456 2933 4507 in
2988 4469 3094 4522 quo
3147 4453 3342 4508 Christi
3370 4452 3606 4508 charitas

2025 4546 2212 4611 fervet,
2247 4547 2336 4616 qui
2366 4554 2696 4609 tamreetae,
2731 4554 2837 4598 tam
2867 4559 3007 4599 vera:
3029 4543 3387 4599 confessionis
3413 4555 3607 4598 vestrae

339 4635 503 4704 igitur
534 4637 586 4691 in
614 4637 1054 4706 vobisimpletum
1079 4639 1190 4693 fore
1219 4637 1357 4708 quod
1376 4639 1662 4708 Scriptum
1691 4639 1914 4708 loquun-
1942 4631 1996 4690 D
2021 4635 2143 4690 fidei
2181 4634 2480 4704 refragatur
2527 4635 2724 4690 existat
2750 4651 2765 4688 :
2798 4649 2920 4688 cum
2965 4633 3244 4689 evidenter
3279 4633 3605 4703 impietatem

341 4737 429 4781 tur
462 4745 476 4782 :
530 4726 633 4783 Per
667 4745 744 4782 me
778 4745 918 4797 reges
952 4738 1164 4796 regnant
1197 4771 1211 4796 ,
1263 4739 1309 4783 et
1337 4739 1564 4797 potentes
1584 4729 1808 4783 scribunt
1824 4733 1917 4802 ju-

335 4818 733 4889 stitiam(Prov.
767 4818 904 4889 vni).
956 4820 1094 4874 Nihil
1124 4830 1204 4874 est
1228 4821 1368 4875 enim
1396 4821 1536 4891 quod
1569 4821 1766 4875 lumine
1801 4822 1914 4875 cla-

337 4911 483 4966 riore
509 4910 835 4981 prtefulgeat,
866 4927 1024 4981 quam
1061 4921 1201 4966 ret-ta
1233 4912 1361 4966 fides
1384 4913 1434 4966 in
1469 4913 1705 4982 principe
1737 4929 1751 4977 ;
1781 4911 1915 4966 nihil

337 5003 583 5073 estquod
613 5005 681 5057 ita
715 5012 940 5073 nequeat
991 5005 1204 5059 occasui
1235 5005 1538 5074 subjacerc,
1587 5019 1746 5076 quam
1796 5020 1922 5062 vera

412 5166 439 5193 λ
480 5156 727 5224 lntelligit
769 5156 893 5212 illud
936 5156 1074 5224 apud
1115 5158 1358 5213 Cantium
1403 5167 1623 5211 exstans
1653 5157 1908 5224 edictum,

334 5226 870 5297 quoiEutycbetem,
925 5227 1265 5291 Nestorium,
1315 5243 1606 5294 eorumque
1650 5229 1910 5283 sectarios

335 5296 660 5352 condemnat
689 5311 752 5351 ea
783 5298 1078 5352 intentione
1112 5298 1796 5353 utomnemcalumniandi
1819 5315 1913 5354 oc-

335 5368 610 5421 casionem
634 5367 739 5420 illis
759 5367 975 5432 adimat,
1000 5384 1088 5434 ne,
1112 5369 1156 5422 si
1182 5369 1476 5422 Nestorium
1502 5368 1905 5432 condemnaret,

335 5452 372 5508 ι
403 5437 728 5508 Nestoriauis
752 5443 829 5503 (ut
863 5439 1170 5508 plerumque
1217 5438 1395 5508 fiebat)
1429 5437 1790 5508 Eutychianus
1823 5443 1905 5494 vel

335 5505 717 5576 ApollinatiSta
749 5505 1140 5571 nominaretur;
1169 5518 1352 5563 contra
1379 5505 1546 5564 vero.
1562 5510 1605 5562 si
1643 5508 1906 5573 Eutyehe-

337 5588 448 5632 tem
475 5578 875 5642 condemnaret,
906 5578 971 5631 ab
993 5579 1231 5646 ejusdem
1253 5579 1608 5634 sectatoribus
1635 5578 1906 5633 Nestoriu-

334 5660 441 5704 ritis
470 5649 848 5714 appellaretur.
882 5649 1008 5703 Ssv.
1043 5647 1240 5700 Btsws.

413 5720 440 5756 δ
471 5719 578 5771 Hoc
606 5719 722 5772 loco
759 5719 1006 5788 intelligis
1031 5717 1383 5772 Justinianum
1426 5719 1794 5786 imperatorem
1821 5736 1888 5773 ex

336 5789 628 5845 sententia.
664 5789 1032 5855 episcoporum
1082 5799 1268 5841 cuncta
1324 5788 1390 5841 de
1431 5788 1532 5840 fide
1576 5789 1745 5842 edicta
1777 5799 1888 5842 sta-

341 5861 510 5917 tuisse
546 5870 598 5915 Ct
635 5862 1015 5930 prouitilgasse,
1050 5860 1324 5931 ipszunqne
1357 5858 1607 5914 Romana:
1637 5857 1888 5915 Ecclesia:

2019 4729 2252 4785 Nestorii
2297 4727 2716 4799 Eutychetisque
2755 4736 2810 4782 et
2831 4726 3071 4782 omnium
3104 4727 3477 4783 haereticorum
3509 4725 3607 4780 da-

2021 4832 2288 4889 mnantes,
2320 4837 2478 4877 unam
2510 4836 2692 4877 veram
2721 4820 3040 4876 catholicam
3082 4819 3241 4874 fidem
3295 4818 3504 4874 Domini
3551 4826 3608 4874 et

2023 4914 2119 4969 Dei
2141 4913 2307 4969 nostri
2335 4913 2627 4970 Salvatoris
2661 4912 2788 4968 Jesu
2819 4911 3015 4968 Christi
3057 4909 3367 4982 magisterio
3394 4909 3606 4965 institu-

2033 5015 2184 5075 tam,
2217 5016 2273 5063 et
2325 5005 2650 5077 propheticis
2679 5004 3092 5076 apostolicisque
3137 5003 3606 5074 pmdicationibus

2020 5162 2330 5231 episcopum
2358 5161 2502 5215 velut
2529 5159 2839 5230 primarium
2871 5158 3149 5231 catholica:
3181 5157 3435 5216 Ecclesiae
3463 5161 3604 5214 anti-
3661 5203 3664 5205 .

2019 5233 2197 5286 stitem
2217 5230 2582 5295 consuluisse,
2615 5246 2742 5285 num
2770 5231 2949 5286 omnia
2981 5230 3087 5299 pie,
3117 5241 3301 5285 sancte
3341 5239 3396 5285 et
3418 5231 3602 5283 ortho-

2017 5301 2173 5426 goxae
2225 5301 2348 5357 fidei
2395 5301 2781 5356 convenienter
2832 5301 3120 5356 constituta
3176 5301 3418 5355 fuissent.
3468 5301 3598 5355 Scr.

2061 5387 2217 5426 Istus.

2083 5389 2109 5425 Ν
2203 5410 2217 5425 .

2061 5387 2217 5494 Ιιωὲι
2243 5442 2347 5494 alia
2374 5458 2551 5511 ntanu,
2582 5440 2847 5499 Divinitas
2868 5450 2920 5498 te
2940 5449 3143 5496 servet.

2085 5513 2334 5566 "Datum
2363 5527 2456 5566 vtn
2488 5513 2560 5566 id.
2587 5511 2751 5566 Junii.
3383 5563 3385 5565 .

2082 5583 2103 5614 ³
2143 5583 2198 5636 In
2227 5597 2278 5636 v.
2309 5597 2358 5636 c.
2391 5583 2572 5636 titulus
2603 5581 2752 5637 hisce
2775 5582 2951 5638 verbis
2979 5579 3279 5648 concipitur
3309 5576 3597 5632 :Comtan-

2008 5655 2115 5708 tino
2136 5653 2432 5707 Iustiniano
2459 5652 2528 5706 P.
2556 5650 2620 5706 F.
2648 5658 2876 5724 Augusto
2916 5666 2972 5707 III
3004 5647 3203 5706 consuli
3221 5647 3451 5704 Joannes
3481 5653 3591 5720 epi-

2061 5741 2207 5780 011118.

2003 5741 2296 5852 4“algida
2319 5792 2605 5866 apostolica
2630 5791 2802 5848 docet.
