4126 6362
585 364 651 421 to
1912 351 2187 412 soauuts
2219 351 2417 409 mea
2458 355 2497 411 tt
3759 361 3825 414 ιο

580 478 777 549 ubique
823 479 1100 541 diffusam,
1152 485 1209 533 et
1251 486 1555 532 sanctorum
1611 488 1705 542 per
1752 480 1914 526 totum
1966 470 2147 523 orhem
2180 466 2489 532 ASpiritus
2541 478 2608 520 su
2637 483 2847 536 semper
2880 468 3183 534 vobiscum,
3226 468 3463 537 piissime
3493 467 3585 524 fili.
3633 471 3822 536 Amen,

578 570 1005 626 confessionibus
1034 570 1373 633 roboratam,
1422 567 1633 619 Patrum
1682 572 1839 629 atque
1874 562 2149 615 doctorum

581 664 861 718 sententiis
904 662 1221 725 adunatam,
1256 671 1310 713 et
1342 671 1539 713 nostra:
1572 656 1829 711 doctrina:
1868 663 2148 708 consenta-

586 769 737 806 neam
768 755 1083 808 inconcusse
1129 763 1286 823 atque
1329 750 1707 805 inviolabiliter
1744 750 1933 802 devota
1966 747 2075 801 Deo
2102 757 2153 799 et

590 844 672 911 pia
703 855 878 899 mente
926 846 1176 900 servatis.
1228 844 1334 897 Soli
1362 844 1559 896 etenim
1593 840 2014 909 professionibus
2060 852 2153 890 no-

587 936 716 991 stris
738 935 1086 990 adversantur
1108 978 1122 999 ,
1155 936 1221 989 de
1245 935 1433 1003 quibus
1469 934 1646 986 divina
1680 931 1950 999 Scriptura
1987 930 2155 995 loqui-

587 1025 922 1091 tur,dicrns:
952 1025 1239 1079 Posuerunt
1261 1026 1577 1077 mendacium
1599 1038 1738 1093 spem
1760 1038 1925 1085 suam,
1948 1030 1995 1073 et
2018 1037 2158 1072 men-

588 1118 742 1172 datio
770 1120 959 1189 operiri
984 1129 1305 1189 speraverant
1332 1116 1463 1186 (lsa.
1490 1116 1675 1185 xxvtu)
1703 1133 1717 1179 ;
1748 1128 1800 1169 ct
1833 1116 2043 1180 iterum,
2063 1115 2152 1181 qui

588 1209 875 1265 secundum
896 1212 1199 1277 prophetam
1216 1211 1399 1264 dicunt
1425 1209 1649 1262 Domino
1677 1224 1687 1257 :
1719 1206 1912 1259 Recede
1934 1223 1963 1257 a
1989 1206 2155 1267 nobis,

591 1304 699 1357 nias
726 1313 838 1356 tuas
889 1304 1019 1355 scire
1059 1304 1292 1356 nolumus
1321 1301 1529 1369 (Jemn.
1557 1302 1721 1369 κων).
1770 1300 1989 1367 PrOpter
2017 1297 2156 1368 quod

591 1394 843 1449 Salomon
873 1396 1000 1450 dicit
1034 1415 1043 1446 :
1100 1395 1201 1449 Per
1229 1396 1430 1449 semitas
1462 1395 1683 1464 prppria:
1723 1396 1936 1448 cnltttra’
1963 1409 2158 1446 errave-

589 1496 729 1552 runt,
761 1488 1005 1559 colligunt
1038 1498 1204 1541 autent
1236 1488 1469 1540 manibus
1496 1488 1816 1555 infructuosa
1846 1485 2024 1555 (Prov.
2059 1486 2153 1554 tv).

592 1581 715 1637 llrc
741 1591 822 1637 est
853 1585 1011 1652 igitur
1045 1598 1167 1636 vera
1193 1595 1367 1635 vestra
1403 1581 1555 1643 fides,
1589 1584 1698 1634 hzrc
1727 1592 1872 1634 certa
1923 1581 2110 1647 religio
2140 1597 2153 1633 :

590 1675 693 1727 hoc
734 1674 899 1728 beatw
928 1674 1310 1728 recordatiotiis
1327 1674 1421 1743 (ut
1446 1673 1696 1741 diximus)
1750 1674 1931 1727 l‘atres
1971 1688 2156 1726 Omnes

593 1768 949 1834 praesulesque
978 1767 1226 1819 ltetnanze
1261 1766 1459 1820 Eeclesi
1480 1784 1527 1829 ιι,
1558 1781 1690 1833 quos
1716 1766 1765 1817 itt
1796 1765 2045 1817 omnibus
2072 1778 2155 1818 se-

592 1860 828 1928 quimur,
861 1860 963 1913 hoe
988 1859 1143 1913 sides
1190 1859 1478 1926 apostolica
1527 1858 1830 1927 pr.rdiea~it
1879 1858 2153 1915 hactenus.
2188 1831 2236 1891 Β

591 1961 647 2006 et
670 1952 983 2006 inconcusse
1013 1950 1296 2004 rustodivit
1322 1968 1333 2001 :
1366 1948 1487 2003 huic
1515 1948 1859 2015 confessioni,
1898 1950 2015 2002 huic
2040 1949 2157 2002 tidei

592 2043 828 2111 quisquis
858 2042 1220 2095 contradictor
1266 2042 1529 2096 exstiterit
1554 2083 1568 2107 ,
1613 2042 1840 2095 alienum
1869 2040 2101 2109 seipsum
2129 2055 2157 2094 a

592 2143 769 2187 sancta
786 2134 1180 2197 communione,
1197 2134 1424 2187 alienum
1439 2133 1505 2185 ab
1521 2132 2054 2201 Eeclesiajudicabitt
2073 2147 2160 2187 ssc

592 2224 873 2279 catholica.
930 2224 1035 2279 Nos
1063 2224 1204 2279 enim
1231 2225 1428 2295 Cyrum
1452 2239 1571 2279 cum
1611 2224 1924 2290 sequacibus
1972 2224 2080 2277 suis
2106 2223 2157 2276 in

596 2316 836 2370 ltomana
867 2316 1165 2369 invenimus
1186 2316 1422 2377 civitate,
1459 2317 1545 2381 qui
1570 2314 1634 2367 de
1658 2311 1950 2366 Cumitensi
1983 2312 2158 2383 [Aete-

580 2403 844 2477 metensi]
867 2404 1191 2459 monasterio
1215 2404 1311 2457 fuit
1343 2423 1354 2456 :
1384 2420 1514 2472 quos
1545 2403 1853 2474 apostolicis
1894 2403 2158 2457 suasioni-

594 2496 691 2549 bus
718 2495 784 2548 ad
815 2505 1009 2549 rvctam
1061 2494 1247 2560 fidem,
1291 2505 1343 2547 et
1396 2494 1538 2548 velut
1564 2508 1691 2547 oves
1736 2508 1853 2562 qua:
1894 2496 2160 2562 perierant

578 2596 833 2639 errantes
859 2586 921 2638 ad
954 2585 1093 2639 ovile
1136 2585 1505 2639 contendimus
1537 2599 1785 2639 revocare
1811 2583 2169 2647 dominicum,

598 2686 957 2745 utagnoscant
983 2678 1272 2731 secundum
1303 2677 1615 2745 pr0pltetam
1644 2675 1837 2744 lingua:
1865 2675 2158 2729 balbutien-

595 2779 677 2823 tes
704 2769 991 2838 ιιηιυίσίμιω
1019 2770 1083 2822 ad
1117 2784 1299 2839 pacem
1332 2779 1472 2822 sunt.
1520 2768 1598 2821 Ad
1629 2784 1731 2821 nou
1760 2768 2043 2822 credentes
2068 2783 2161 2820 au-

580 2874 702 2916 .tem
743 2877 838 2928 per
890 2876 986 2915 nos
1026 2862 1228 2928 primus
1268 2861 1631 2929 apostolorum
1687 2860 1833 2914 Isaia:
1894 2859 2163 2929 prophetas

586 2952 802 3025 {Isaias
824 2950 1110 3024 propheta]
1152 2953 1370 3007 verbum
1400 2952 1570 3006 dicit:
1629 2951 1828 3023 Pergite
1870 2953 1923 3005 in
1968 2954 2162 3005 tantine

596 3046 735 3117 ignis
754 3047 923 3110 rastri,
950 3055 997 3099 et
1015 3048 1237 3115 ﬂamma?
1256 3062 1410 3116 quam
1440 3046 1737 3100 accendistis
1765 3045 1901 3115 (lsa.
1936 3045 2010 3115 1.).
2057 3046 2163 3102 Sed

588 3137 915 3192 obduratum
936 3148 1021 3193 est
1062 3154 1155 3193 cor
1179 3153 1364 3193 eorum
1397 3141 1482 3207 (ut
1525 3140 1780 3205 scriptum
1811 3142 1919 3206 est)
1971 3149 2026 3192 ut
2057 3154 2161 3193 non

598 3229 954 3298 intelligerent
983 3239 1074 3285 :et
1100 3230 1326 3297 pastoris
1357 3245 1539 3284 vocem
1570 3244 1719 3293 oves,
1750 3245 1868 3298 quae
1899 3245 2030 3282 mese
2058 3244 2162 3283 non
2192 3200 2241 3265 ε

597 3328 773 3385 erant,
806 3319 991 3374 audire
1014 3323 1233 3376 minime
1253 3321 1547 3375 voluerunt.
1582 3321 1634 3373 lu
1664 3318 1853 3387 quibus
1876 3320 2169 3374 observan-

598 3423 681 3467 tes
707 3428 767 3466 ea
800 3427 916 3482 qua:
942 3414 1009 3466 ab
1032 3412 1264 3482 ipsorum
1287 3423 1409 3466 sunt
1429 3422 1623 3466 statuta
1654 3410 1921 3482 pontifice,
1950 3425 2051 3464 eos
2071 3412 2168 3464 mi-

599 3506 746 3559 nime
772 3505 822 3559 itt
857 3513 1035 3559 nostra
1068 3505 1445 3561 communione
1473 3505 1801 3574 recepimus,
1846 3512 1901 3557 et
1934 3503 2004 3557 ab
2024 3504 2166 3557 omni

606 3596 841 3651 Εεειθςίει
874 3596 1144 3652 catholica
1172 3613 1291 3652 esse
1310 3597 1565 3667 jnssimus
1594 3597 1825 3660 alienos;
1857 3595 1955 3649 nisi
1986 3610 2170 3651 errore

602 3690 879 3753 damnato,
902 3688 1197 3743 doctrinam
1227 3696 1461 3742 nostram
1485 3687 1798 3756 quantocius
1823 3688 1969 3757 sequi
1992 3689 2169 3742 habita

607 3781 833 3851 regulari
866 3779 1196 3847 professione
1226 3780 1571 3848 signaverint.
1621 3776 1852 3845 AEquum
1876 3778 2069 3847 quippe
2090 3788 2173 3832 est

607 3871 770 3939 utqui
794 3872 989 3924 nostris
1012 3869 1228 3924 minime
1254 3870 1609 3926 obedientiam
1639 3870 2043 3924 accommodant
2064 3881 2173 3925 sta-

607 3963 753 4025 tutis,
785 3964 852 4016 ab
875 3962 1123 4017 Eeelesiis
1154 3961 1451 4016 habeantur
1470 3972 1733 4019 extorres.
1781 3963 1884 4019 Sed
1913 3966 2032 4032 quia
2057 3977 2176 4033 gre-

609 4054 773 4109 mium
803 4068 957 4108 suum
988 4067 1257 4121 nunquam
1291 4052 1637 4107 redeuntibus
1672 4055 1871 4109 claudit
1910 4056 2171 4120 Ecclesia,

610 4145 836 4199 obsecro
862 4145 1200 4198 clementiam
1225 4154 1453 4197 vesmm
1489 4153 1545 4196 ut
1576 4144 1619 4197 si
1643 4185 1659 4209 ,
1692 4146 1906 4214 proprio
1931 4146 2175 4216 deposito

609 4250 815 4300 errore,
850 4242 904 4288 et
935 4249 1091 4301 prava
1117 4234 1413 4289 intentione
1437 4236 1679 4303 depulsa,
1708 4236 1777 4290 ad
1796 4240 2049 4291 unitatem
2075 4238 2176 4291 Ec-

608 4323 795 4377 clesite
813 4324 1003 4378 reverti
1030 4325 1411 4389 voluerint,.in
1460 4334 1635 4379 vestra
1664 4329 2040 4383 communione
2085 4342 2176 4383 re-

608 4416 780 4483 ceptis
812 4413 1190 4484 indignationis
1230 4424 1423 4469 vestrae
1465 4415 1786 4470 removeatis
1835 4420 2068 4482 aculeos,
2124 4426 2179 4473 et

614 4504 766 4555 nobis
792 4501 1244 4557 intercedentibus
1272 4502 1483 4574 benigni
1529 4484 1688 4556 animi
1718 4506 1943 4573 gratiam
1972 4508 2174 4562 condo—

613 4594 768 4645 netis.
818 4592 982 4646 Deum
1010 4600 1184 4646 autem
1232 4605 1287 4648 et
1331 4595 1660 4648 Salvatorem
1715 4605 1954 4650 nostrum
1995 4597 2177 4653 Jesum

612 4683 880 4737 Christum
904 4698 1221 4744 exoramus,
1271 4693 1531 4752 quatenus
1575 4685 1828 4755 longzevis
1865 4697 1919 4741 et
1948 4689 2183 4757 paciﬁcis

617 4789 711 4829 vos
739 4773 985 4844 dignetur
1005 4773 1275 4828 custodire
1304 4775 1634 4841 temperibus
1674 4777 1725 4829 in
1758 4779 1856 4832 hac
1881 4793 2007 4834 vera
2050 4780 2180 4835 reli-

619 4864 778 4930 gione
817 4874 872 4920 et
899 4864 1101 4920 unitate
1144 4874 1198 4918 et
1243 4870 1587 4920 veneratione
1638 4862 1948 4937 apostolica;
1990 4871 2177 4935 sedis;

617 4956 770 5027 cujus
800 4958 1175 5026 principatum,
1207 4968 1259 5009 ut
1292 4958 1727 5015 ChrFSIiaoissimi
1754 4971 1808 5015 et
1846 4962 1936 5030 pii,
1967 4978 2187 5019 conser-

618 5049 753 5102 vatis
776 5050 827 5102 in
853 5047 1118 5102 omnibus.
1152 5047 1435 5110 Prteterea,
1481 5052 1823 5106 serenissime
1864 5054 2184 5124 principum,

621 5140 898 5194 laudamus
943 5141 1236 5208 legatorum
1279 5151 1573 5195 vestrorum
1603 5158 1857 5210 pe:sonas
1885 5146 2099 5215 'Hypatii
2133 5159 2189 5206 et

622 5232 875 5286 Demetrii
912 5230 1131 5283 fratrum
1167 5241 1220 5284 et
1256 5231 1689 5299 coepiscoporum
1713 5245 2193 5308 nostrorum,quos

619 5321 915 5376 eiementia:
933 5331 1121 5374 vestra:
1150 5330 1329 5389 gratos
1349 5322 1459 5376 fore
1479 5324 1590 5391 ipsa
1604 5326 1956 5380 manifestavit
1974 5328 2184 5384 electio.

624 5408 752 5467 Nam
797 5422 957 5477 tantte
984 5427 1158 5466 causae
1183 5413 1385 5481 pondus
1417 5431 1519 5467 non
1551 5417 1649 5469 nisi
1683 5417 1930 5485 perfectis
1963 5420 2013 5473 in
2036 5420 2189 5475 Chri-

622 5514 706 5560 sto
732 5506 989 5575 potuisset
1024 5506 1263 5574 injnngi;
1308 5516 1465 5559 tanta:
1496 5524 1624 5561 vero
1653 5510 1881 5578 pietatis,
1920 5521 2078 5565 tanta:
2108 5529 2191 5566 re-

624 5597 878 5650 verentia:
907 5595 1091 5662 plenos
1115 5596 1327 5657 aﬂattts,
1352 5597 1447 5649 nisi
1480 5613 1573 5663 per
1596 5609 1834 5653 amantes
1866 5601 2083 5657 minine
2112 5603 2192 5656 di-

627 5685 922 5755 guaremtni
946 5687 1232 5742 destinare.
1261 5687 1438 5743 Critia
1466 5690 1671 5745 Domini
1696 5695 1863 5745 nostri
1890 5693 2015 5750 Jesu
2036 5695 2191 5749 Chri-

625 5780 712 5844 sti,
742 5791 796 5835 et
823 5779 1060 5834 charitas
1114 5780 1203 5835 Dei
1233 5780 1428 5843 Patris,
1459 5788 1512 5833 et
1560 5784 1972 5837 communicatio
2020 5788 2190 5844 sancti

2258 562 2390 617 Item
2414 564 2753 635 subscriptio:
2792 564 3138 634 Omnipotens
3171 563 3308 617 Deus
3342 579 3557 632 rt'gnum
3592 574 3822 618 vestrum

2257 665 2310 708 et
2350 654 2576 708 salutem
2617 663 2845 708 vestram
2892 666 3141 723 perpetua
3175 654 3503 724 protectione
3540 655 3821 719 custodiat,

2255 746 2640 817 glorio-issime
2666 757 2720 801 et
2743 746 3161 800 clementissime
3199 744 3270 799 fili
3303 748 3592 812 imperator
3647 742 3825 814 Augu-

2255 848 2359 893 ste.
2390 838 2515 891 Data
2546 838 2730 891 Roma:
2761 844 2849 888 vut
2880 834 3131 889 kalendas
3155 834 3374 903 Aprilis,
3398 833 3613 888 domino
3642 851 3689 887 nt
3713 847 3825 887 Stro

2262 932 2561 986 .lustiniano
2606 931 2665 985 P.
2694 930 2752 985 Ρ.
2787 931 3024 999 Angusto
3054 945 3103 981 tv
3152 938 3203 982 et
3233 928 3454 983 Paulino
3483 928 3609 983 viris
3638 928 3823 982 claris—

2256 1024 2405 1077 simis
2434 1021 2945 1094 consulibus[Anno
2981 1018 3183 1074 Christi
3212 1018 3360 1089 5341.

2449 1134 2771 1189 EPISTOLA
2808 1135 2954 1204 (olim
2994 1132 3080 1202 Ill)
3123 1132 3400 1187 JUANMS
3442 1131 3639 1186 ΡΑΡιΕ

2832 1246 2896 1282 ΔΙ)
2934 1244 3255 1283 SENATOIIES.

2259 1341 2439 1395 Fidem
2467 1344 2528 1394 de
2548 1341 2741 1397 Christi
2771 1343 3035 1395 divinitate
3069 1352 3113 1396 et
3147 1343 3497 1396 incarnatione
3526 1340 3824 1407 conﬁrmat:

2328 1420 2602 1466 Acazmetas
2634 1416 2905 1466 monachos
2930 1411 3156 1465 Nestor-ii
3185 1425 3453 1466 sectatores
3473 1414 3704 1466 vitandos
3722 1413 3829 1466 ess's

2328 1495 2512 1537 νκοηρι.

2327 1578 2559 1631 Joannes
2586 1577 2870 1645 episcopus
2894 1577 3183 1639 ltomanus,
3219 1576 3509 1629 illustribus
3534 1590 3595 1629 ac
3625 1576 3827 1638 magni-

2259 1674 2369 1725 ficis
2414 1672 2540 1726 viris
2578 1673 2799 1733 Avieno,
2840 1670 3101 1732 Senatori,
3151 1668 3380 1729 Liberio,
3423 1668 3700 1732 Severino,
3747 1666 3826 1720 Fi-

2259 1764 2387 1826 deli,
2420 1764 2596 1828 Avito,
2627 1762 2885 1831 Opilioni,
2916 1761 3128 1826 Joanni,
3162 1761 3406 1822 Silverio,
3441 1759 3827 1822 Clementiano,

2262 1865 2313 1909 et
2341 1854 2602 1923 Ampelio.
3649 1898 3669 1912 .

2330 1951 2467 2004 Ulim
2508 1948 2743 2018 quidem,
2785 1948 3020 2001 illustres
3061 1956 3113 1997 et
3153 1944 3415 2013 magnifici
3456 1943 3581 2009 filii,
3620 1942 3683 1996 ad
3730 1942 3828 1996 hoc

2261 2040 2537 2095 sententiae
2562 2056 2693 2094 mezc
2716 2054 2922 2093 summa
2947 2038 3277 2098 constiterat,
3310 2047 3366 2090 ut
3394 2044 3513 2089 ante
3535 2028 3826 2103 jussionein

2260 2144 2488 2187 vestram
2507 2170 2527 2193 ,η
2563 2140 2838 2199 postquam
2879 2129 3115 2198 epistola:
3160 2130 3242 2182 vel
3282 2127 3541 2195 dogmatis
3592 2138 3826 2180 tenorem

2259 2240 2447 2283 cuncta
2480 2228 2734 2291 l-jcclesia,
2765 2226 2863 2279 hoc
2900 2234 2981 2279 est
3018 2222 3351 2279 sacerdotum
3385 2231 3615 2283 senatus,
3648 2227 3704 2274 et
3736 2233 3829 2287 po-

2261 2320 2367 2389 puli
2409 2317 2646 2387 probavit
2677 2330 2946 2381 assensus,
2982 2315 3078 2369 sub
3114 2314 3343 2384 paginali
3380 2312 3611 2380 alloquio
3641 2310 3829 2364 vestris

2260 2415 2420 2467 etiam
2467 2410 2713 2465 sensibus
2766 2407 3052 2462 inlimanda
3104 2406 3424 2473 dirigerent;
3479 2405 3571 2457 sed
3620 2400 3827 2455 consilii

2260 2503 2502 2558 Ordinem
2551 2502 2640 2554 illa
2693 2515 2779 2554 res
2830 2501 3010 2565 vertit,
3061 2497 3180 2567 quia
3216 2506 3270 2551 et
3313 2495 3542 2564 dogmati
3588 2508 3680 2563 per
3716 2493 3830 2547 dies

2261 2594 2499 2655 siniulos
2532 2592 2726 2645 divina:
2755 2590 3042 2657 Scriptura:
3081 2588 3399 2649 subduntur,
3433 2594 3485 2639 ct
3523 2583 3833 2652 imperfecta

2262 2685 2512 2738 destinari
2544 2698 2647 2736 non
2682 2690 2943 2749 poterant,
2971 2691 3023 2732 et
3048 2694 3107 2732 ea
3131 2693 3249 2747 qua:
3276 2692 3369 2746 per
3396 2679 3593 2744 legatos
3621 2673 3825 2727 directa

2263 2787 2411 2842 sunt,
2468 2775 2619 2844 prius,
2652 2788 2755 2827 non
2806 2781 3050 2842 poterant
3090 2772 3142 2824 in
3191 2769 3583 2835 exeniplarihus
3634 2765 3831 2833 scripta

2265 2869 2572 2925 transmitti.
2627 2867 2876 2921 Novimus
2912 2865 3106 2919 etenim
3139 2863 3300 2932 quod,
3335 2861 3557 2915 Domino
3586 2859 3835 2922 docente,

2268 2973 2587 3031 prmeeptum
2627 2970 2727 3025 est,
2767 2958 2905 3026 quod
2947 2969 3125 3026 pastor
3164 2955 3388 3025 diligens
3425 2966 3638 3024 gregem
3692 2950 3837 3005 salu-

2267 3056 2378 3109 bria
2413 3054 2553 3107 ultro
2592 3068 2695 3105 non
2736 3050 2960 3104 desistat
3001 3048 3242 3117 ingerere
3273 3064 3285 3098 :
3315 3045 3438 3114 quia
3478 3059 3565 3098 res
3608 3056 3727 3111 quae
3768 3040 3839 3093 ad

2268 3147 2490 3200 salutem
2522 3145 2713 3196 aninue
2744 3141 2988 3210 pertinet,
3022 3139 3268 3191 omnibus
3299 3150 3515 3191 necesse
3544 3144 3627 3187 est
3662 3134 3838 3186 Sensi-

2272 3240 2367 3291 bus
2414 3234 2669 3289 iutimari.
2732 3232 2980 3291 Proinde.
3033 3230 3264 3283 illustres
3308 3237 3356 3281 et
3409 3225 3672 3293 magniﬁci
3721 3223 3843 3288 fitii,

2267 3329 2383 3398 qnia
2412 3326 2677 3381 festinatio
2702 3339 2806 3377 non
2831 3320 3046 3389 pertulit
3069 3320 3369 3388 portitores,
3405 3327 3460 3370 ut
3488 3331 3550 3371 ea
3588 3313 3749 3369 scribi
3787 3324 3845 3371 et

2268 3418 2421 3487 dirigi
2461 3415 2789 3483 potuissent,
2820 3408 3169 3466 incontinenti
3202 3418 3399 3472 tamen,
3431 3406 3475 3460 si
3506 3406 3677 3459 dictus
3706 3404 3847 3458 divi-

2272 3524 2371 3565 nus
2420 3510 2567 3563 favor
2614 3503 2872 3566 arriserit,
2926 3512 3028 3556 tam
3086 3499 3329 3569 epismlze
3376 3512 3532 3565 quam
3580 3495 3848 3563 dogmatis

2270 3602 2594 3671 exemplaria
2632 3597 3035 3653 destinabimus.
3090 3592 3241 3647 Nunc
3280 3602 3476 3655 tamen,
3520 3604 3585 3643 ne
3625 3588 3746 3658 Quid
3777 3586 3848 3641 de

2272 3698 2466 3752 vestris
2487 3693 2730 3749 sensibus
2756 3690 3081 3758 relinquatur
3102 3685 3428 3754 ambiguum,
3453 3680 3577 3752 quid
3603 3678 3848 3749 epistoin

2274 3798 2426 3842 tenor
2453 3784 2672 3844 habeat,
2704 3779 2842 3850 quod
2888 3787 3062 3831 textus
3099 3774 3360 3843 dogmatis
3398 3773 3687 3837 contineat,
3722 3770 3848 3823 bre-

2275 3880 2409 3936 viter
2448 3877 2719 3931 insinuare
2759 3870 2962 3926 curavi.
3009 3868 3332 3923 Ju5tinianus
3375 3865 3637 3933 siquidem
3682 3862 3851 3930 impe-

2276 3980 2420 4021 rator
2452 3967 2589 4020 filius
2627 3972 2831 4024 noster,
2860 3968 2919 4013 ut
2959 3958 3075 4027 ejus
3114 3956 3353 4022 epistola:
3385 3964 3571 4008 tenore
3601 3950 3852 4020 cognovi—

2274 4061 2391 4119 stis.
2415 4058 2482 4112 de
2507 4057 2591 4109 his
2621 4054 2786 4107 tribus
2816 4047 3198 4120 questionibus
3226 4054 3343 4099 orta
3368 4043 3659 4099 certamina
3685 4039 3855 4095 fuisse

2276 4152 2523 4221 signavit,
2558 4157 2731 4201 utrum
2774 4158 2910 4197 unus
2951 4158 3015 4197 ex
3045 4140 3303 4196 Trinitate
3331 4138 3578 4192 Christus
3616 4145 3671 4188 et
3712 4134 3856 4189 Deus

2276 4253 2459 4298 noster
2500 4239 2602 4295 diei
2651 4236 2818 4307 possit
2850 4255 2860 4287 :
2892 4235 2991 4288 hoc
3034 4245 3117 4288 est
3158 4250 3258 4287 una
3298 4232 3364 4287 de
3405 4231 3573 4285 tribus
3611 4225 3857 4297 personis

2276 4346 2473 4391 sanctte
2499 4333 2773 4388 Trinitatis
2801 4338 2981 4385 sancta
3013 4342 3255 4398 persona.
3322 4328 3401 4377 An
3435 4324 3573 4379 Deus
3604 4319 3854 4376 Christus

2279 4444 2438 4484 carne
2484 4427 2763 4497 pertulerit
2810 4420 3119 4490 impassibili
3161 4418 3378 4473 deitale.
3433 4414 3513 4469 An
3553 4412 3765 4480 proprie
3800 4418 3859 4465 et

2282 4518 2541 4573 veraciter
2568 4517 2732 4569 Mater
2759 4512 2964 4566 Domini
2995 4511 3085 4563 Dei
3118 4509 3283 4564 nostri
3308 4505 3503 4561 Christi
3529 4503 3690 4557 Maria
3717 4516 3858 4555 sem-

2287 4627 2377 4677 per
2403 4611 2551 4675 virgo
2577 4606 2769 4661 debeat
2799 4602 3074 4671 appellari.
3102 4598 3453 4653 Probavimus
3482 4596 3535 4650 in
3568 4594 3650 4647 his
3676 4591 3860 4646 catho-

2288 4702 2443 4753 lcam
2483 4692 2819 4765 imperatoris
2860 4692 3045 4761 fidem,
3082 4699 3132 4744 et
3174 4689 3244 4743 ita
3285 4702 3406 4743 esse
3443 4683 3769 4755 propheticis
3805 4690 3863 4736 et

2287 4791 2593 4862 apostolicis
2628 4786 2710 4841 vel
2743 4786 2956 4840 Patrum
2996 4783 3262 4850 exemplis
3302 4780 3578 4836 evidenter
3619 4774 3861 4832 ostendi-

2290 4896 2407 4937 mus
2435 4899 2446 4934 :
2482 4895 2640 4935 unum
2672 4877 2814 4932 enim
2845 4892 2905 4928 ex
2937 4884 3115 4928 sancta
3134 4872 3394 4927 Trinitate
3417 4869 3686 4924 Christum
3716 4878 3859 4930 esse,

2291 4974 2389 5027 hoc
2424 4981 2505 5027 est
2550 4984 2708 5024 unam
2754 4968 2821 5021 de
2870 4966 3039 5020 tribus
3079 4974 3275 5018 sancta:
3315 4961 3591 5017 Trinitatis
3620 4956 3865 5028 personis

2294 5070 2528 5117 sanctam
2572 5075 2693 5115 esse
2734 5072 3033 5128 personam,
3076 5056 3189 5108 sive
3236 5051 3651 5114 subsistentiam,
3702 5062 3863 5116 quam

2295 5152 2464 5208 δι’ωεί
2501 5153 2794 5208 ὑπόστασιν
2824 5149 3029 5215 dicunt,
3074 5148 3125 5199 in
3167 5146 3250 5199 his
3288 5142 3550 5210 exemplis
3588 5138 3865 5195 evidenter

2295 5242 2640 5297 ostendimus.

2368 5332 2420 5385 ln
2453 5331 2588 5383 lihro
2613 5326 2838 5383 Genesis
2869 5340 2961 5393 per
2987 5325 3163 5378 Mosen
3195 5320 3427 5377 Trinitas
3457 5322 3569 5389 ipsa
3598 5320 3679 5375 sic
3700 5317 3862 5373 dicit;

2304 5422 2601 5478 EcceAdam
2624 5423 2786 5489 [artus
2807 5428 2877 5471 est
2898 5427 3136 5485 tanquam
3156 5431 3284 5468 unus
3306 5431 3367 5467 ex
3389 5413 3531 5466 nobis
3553 5410 3755 5480 (Cenes.
3779 5411 3863 5477 tt).

2304 5519 2369 5570 lit
2412 5518 2537 5572 item
2584 5516 2691 5569 Vas
2750 5514 3028 5569 electionis
3074 5511 3269 5566 Paulus
3319 5509 3382 5563 ad
3441 5507 3744 5564 Corinthios
3794 5504 3863 5559 ita

2298 5612 2572 5666 evidenter
2601 5607 2862 5677 expressit
2886 5624 2898 5659 :
2930 5606 3072 5662 Unus
3093 5605 3231 5659 Deus
3257 5603 3428 5665 Pater,
3451 5618 3515 5656 ea:
3540 5618 3640 5672 quo
3671 5599 3864 5663 omnia,

2298 5714 2343 5756 et
2376 5719 2464 5756 nos
2493 5703 2546 5755 in
2567 5702 2712 5772 ipso;
2752 5711 2798 5754 et
2824 5716 2954 5753 unus
2983 5698 3226 5752 Dominus
3254 5706 3419 5749 nrster
3438 5692 3591 5748 Iesus
3614 5691 3863 5754 Christus,

2301 5810 2385 5861 per
2407 5809 2547 5863 qurm
2573 5793 2757 5859 tntn’a,
2783 5801 2825 5845 et
2850 5806 2939 5846 nos
2962 5807 3049 5860 per
3076 5790 3237 5859 ipsum
3263 5788 3309 5857 (Ι
3339 5785 3456 5839 Cor.
3489 5787 3624 5856 Vill).
