4126 6362
348 360 410 416 si
858 324 865 335 ’
1788 348 2163 408 ειηετοιιέε.
2934 314 2937 317 ’
3539 356 3607 410 2-2

430 472 494 526 Et
524 472 575 524 in
607 470 850 542 symbolo
883 472 1072 543 synodi
1100 466 1327 528 Nicaeum
1361 490 1373 526 :
1406 470 1669 525 Credimus
1690 470 1741 521 in
1767 485 1922 521 unum
1957 468 2003 526 A
2107 468 2180 521 Ex
2229 469 2364 524 libro
2393 468 2559 525 Exodi
2590 485 2683 540 per
2713 471 2929 543 Moysen
2959 472 3215 528 Dominus
3247 474 3453 529 loeutus
3482 487 3561 530 est
3590 496 3602 531 :

348 562 509 616 Deum
554 560 761 616 Patrem
806 565 1224 633 omnipotentem,
1270 573 1317 617 et
1361 563 1415 616 in
1453 577 1611 615 unum
1652 557 1926 613 Dominum

344 662 575 707 nostrum
602 652 691 708 Jrs
713 672 778 706 .m
812 654 1068 708 Christum
1100 655 1431 725 unigenitum.

417 747 546 802 Item
581 761 797 801 sanctus
826 747 1169 817 Augustinus,
1203 749 1355 815 cujus
1383 745 1700 807 doctrinam,
1733 755 1924 796 secun-

342 841 467 895 dum
502 858 889 909 prmcessorum
932 855 1170 896 meorum
1214 845 1433 902 statuta,
1474 836 1709 888 Romana
1750 830 1925 899 sequi-

341 942 428 986 tnr
455 945 509 987 et
533 942 711 986 Servat
744 933 996 993 Ecclesia,
1035 932 1087 985 in
1120 932 1255 985 libro
1283 926 1566 982 undet-imo
1598 924 1666 979 de
1691 922 1922 979 Civitate

343 1024 434 1078 Dei
457 1023 614 1078 dicit:
634 1023 897 1078 Credimus
922 1035 968 1078 et
992 1036 1232 1090 tenemus,
1257 1033 1306 1077 et
1327 1023 1543 1093 ﬁdeliter
1563 1022 1923 1094 pradicamus,

338 1116 474 1181 quod
505 1115 661 1171 Pater
689 1119 916 1188 genuerit
949 1116 1187 1184 Verbum,
1224 1116 1321 1170 hcc
1357 1129 1429 1170 est
1461 1115 1800 1183 Sapientiam,
1835 1129 1924 1181 per

337 1222 488 1272 quam
504 1210 641 1275 facta
658 1216 777 1260 sunt
796 1211 985 1272 omnia,
1007 1225 1137 1261 unus
1160 1225 1337 1270 unum,
1356 1219 1572 1261 (eternus
1592 1215 1916 1266 cowternum,

336 1315 565 1353 summus
606 1302 761 1353 bonus
799 1303 1059 1371 mqualiter
1083 1300 1299 1364 bonum;
1323 1310 1367 1353 et
1390 1300 1523 1369 quod
1541 1299 1767 1369 Spiritus
1802 1313 1921 1350 san-

336 1400 447 1444 ctus
473 1391 626 1444 simul
653 1404 699 1444 et
724 1391 892 1445 Patris
923 1404 965 1444 et
992 1390 1116 1446 Filii
1136 1392 1199 1446 sit
1229 1391 1475 1460 Spiritus,
1499 1401 1544 1444 et
1567 1391 1673 1456 ipse
1701 1386 1920 1442 consub-

333 1484 608 1548 stantialis,
632 1496 678 1536 et
701 1496 982 1538 cowternus
1004 1486 1268 1548 ambobus,
1293 1492 1443 1550 atque
1463 1484 1557 1535 hoc
1580 1491 1739 1534 totum
1768 1480 1918 1533 trini-

333 1587 414 1629 tas
450 1576 517 1630 sit
540 1587 744 1645 prapttr
771 1579 1130 1648 praprietatem
1162 1591 1516 1646 personarum,
1542 1583 1592 1626 et
1622 1589 1750 1625 unus
1780 1569 1919 1625 Deus

335 1680 542 1741 propter
569 1670 893 1739 inseparabil.
912 1688 960 1724 in
992 1671 1257 1737 unitatem,
1286 1670 1417 1722 sicut
1444 1686 1577 1721 unus
1608 1668 1919 1736 omnipotens

334 1769 542 1829 prapter
578 1761 970 1829 inseparabi.’em
1008 1760 1425 1828 omnipotentiam
1468 1775 1489 1812 :
1529 1760 1600 1810 ita
1643 1768 1832 1819 tamen,
1864 1767 1916 1809 ut

2034 555 2099 610 Et
2135 559 2363 613 videbitis
2393 562 2544 615 vitam
2572 571 2787 615 vestram
2818 563 2871 616 in
2901 564 3042 635 ligno
3073 567 3371 633 pendentem
3402 563 3603 634 (Exod.

2033 650 2199 720 xxw).
2251 650 2415 705 Deum
2466 663 2641 708 autem
2690 669 2809 709 esse
2852 656 3011 710 vitam
3041 656 3300 711 Dominus
3329 665 3510 712 noster
3550 660 3602 714 in

2032 736 2321 809 Evangelio
2369 740 2589 796 Joannis
2642 744 2893 813 praedicat
2938 744 3125 800 dicens
3166 763 3176 796 :
3221 743 3333 816 Ego
3360 762 3474 799 sum
3503 749 3605 813 via,

2028 829 2230 894 veritas,
2262 838 2309 884 et
2341 832 2440 883 vita
2470 830 2650 903 (Joan.
2688 833 2822 905 xw).

2102 919 2234 977 Item
2282 922 2542 992 propheta
2587 924 2716 978 dicit
2748 943 2759 977 :
2794 924 2856 979 Si
2882 925 3035 996 dﬂigi!
3066 927 3214 979 honto
3244 924 3404 980 Deum
3433 937 3615 981 suun!

2025 1013 2147 1083 quia
2175 1030 2259 1068 vos
2288 1015 2519 1083 omnistis
2548 1030 2626 1068 me
2655 1013 2835 1084 (Zach.
2873 1016 2991 1084 xu).

2098 1106 2353 1176 Princeps
2402 1122 2613 1177 quoque
2661 1109 3024 1176 apostolorum
3084 1110 3267 1164 beatus
3312 1111 3502 1165 Petrus
3556 1113 3605 1163 in

2024 1199 2243 1254 Actibus
2284 1200 2353 1254 ita
2386 1198 2544 1265 dicit,
2573 1198 2699 1254 dum
2742 1200 3042 1269 impietales
3070 1200 3375 1255 Iud-morum
3418 1215 3607 1270 argue-

2024 1301 2104 1344 ret
2134 1306 2147 1342 :
2183 1289 2281 1343 Vos
2309 1300 2476 1343 autem
2503 1291 2664 1343 virum
2690 1288 2998 1343 homicidam
3021 1308 3052 1358 p
3083 1290 3211 1342 tistis
3236 1292 3420 1342 d'mitti
3445 1290 3605 1353 vobis,

2022 1396 2276 1437 auctorem
2303 1402 2416 1439 vero
2444 1386 2556 1438 vita:
2583 1385 2862 1455 peremistis
2891 1386 3028 1445 (Act.
3060 1385 3160 1455 tu).

2095 1476 2224 1530 Item
2254 1476 2361 1530 Vas
2392 1476 2564 1531 elect'n
2591 1477 2673 1530 nis
2702 1488 2751 1529 et
2784 1476 2982 1530 Doctor
3009 1476 3243 1545 gen‘inm
3292 1477 3368 1529 sie
3415 1477 3606 1546 pra-di-

2022 1578 2106 1622 cat
2141 1590 2153 1623 :
2187 1567 2248 1623 Si
2273 1569 2407 1621 enim
2430 1569 2796 1639 cognovissent,
2830 1584 3089 1636 nunquam
3118 1565 3395 1621 Dominum
3428 1570 3606 1638 gloria

2018 1658 2387 1730 cruciﬁxissent
2418 1659 2478 1727 (l
2521 1656 2641 1712 Cor.
2686 1659 2752 1727 I).
2796 1657 3053 1712 Dominus
3100 1667 3275 1711 autem
3306 1659 3491 1727 gloria:
3520 1670 3601 1713 est

2023 1751 2183 1807 Deus.
2214 1752 2303 1807 Sic
2330 1751 2779 1822 Psalmographus
2803 1759 2927 1805 ante
2954 1750 3196 1820 prtedixit
3224 1767 3235 1803 :
3264 1750 3389 1816 Quis
3412 1761 3485 1805 est
3512 1753 3605 1806 ists

331 1865 445 1903 cum
466 1852 527 1903 de
547 1852 761 1923 singulis
783 1853 1049 1919 quaeritur,
1076 1852 1420 1918 unusquisque
1440 1865 1612 1901 eorum
1642 1860 1688 1901 et
1714 1846 1848 1901 Deus
1871 1858 1916 1901 rt
1952 1843 1994 1902 Β
2021 1860 2110 1899 rex
2139 1845 2318 1916 gloria:
2347 1844 2518 1916 (Psal.
2553 1843 2702 1913 xxttt)
2724 1844 2746 1897 ?

330 1944 646 2012 omnipotens
665 1961 773 1997 esse
797 1946 1183 2014 respondeatur.

404 2031 656 2101 Ejusdem
699 2036 751 2087 in
784 2036 918 2088 libro
946 2033 1182 2088 secundo
1207 2045 1391 2087 contra
1421 2032 1765 2086 Maximinum
1800 2050 1810 2084 :
1847 2033 1908 2086 Et

333 2120 491 2176 Pater
518 2122 654 2177 Deus
682 2134 771 2185 est,
808 2133 852 2176 et
884 2122 1050 2177 Filius
1086 2123 1220 2176 Deus
1250 2131 1340 2187 est,
1373 2131 1423 2175 et
1453 2121 1678 2193 Spiritus
1707 2133 1910 2175 sanctus

332 2214 469 2268 Deus
498 2225 592 2277 est.
618 2228 662 2267 et
684 2215 738 2267 hi
766 2216 920 2267 simul
948 2223 1046 2268 tres
1076 2229 1206 2267 unus
1230 2212 1370 2267 Deus
1394 2222 1485 2273 est,
1516 2228 1607 2266 nec
1633 2212 1784 2283 hujus
1815 2215 1909 2265 tri-

328 2306 506 2360 nitatis
538 2308 683 2359 tertia
714 2323 833 2375 pars
863 2316 935 2359 est
968 2322 1123 2371 unus,
1160 2321 1251 2358 nec
1281 2307 1449 2376 major
1479 2320 1600 2374 pars
1629 2303 1733 2358 duo
1760 2321 1911 2373 quam

329 2414 461 2452 unus
485 2408 580 2453 est.

398 2490 454 2544 In
483 2490 619 2545 libro
655 2489 825 2544 sancti
853 2488 1133 2559 Augustini
1163 2489 1374 2544 decimo
1414 2488 1599 2557 quinto
1635 2488 1701 2542 de
1730 2487 1908 2542 Trini.

329 2591 436 2637 tate
466 2600 479 2635 :
507 2582 722 2636 Ratione
754 2582 906 2635 etiam
942 2581 1145 2636 reddita
1183 2580 1580 2651 intelligentibus
1632 2580 1800 2649 palam
1835 2587 1907 2632 est

330 2677 613 2731 substantia
643 2677 889 2740 veritatis,
926 2691 1027 2728 non
1062 2675 1228 2728 solum
1255 2673 1461 2726 Patrem
1487 2672 1627 2727 Filio
1666 2690 1766 2727 non
1808 2690 1913 2727 esse

328 2772 604 2841 majorem,
654 2786 742 2823 nec
781 2767 955 2821 ambos
984 2767 1138 2820 simul
1166 2766 1363 2836 aliquid
1404 2782 1511 2820 esse
1550 2769 1720 2836 majus
1757 2780 1910 2831 quam

328 2862 581 2929 Spiritum
600 2870 847 2926 sanctum,
868 2870 953 2912 aut
975 2858 1224 2929 quoslibet
1246 2860 1374 2912 duos
1402 2859 1453 2911 in
1479 2858 1657 2911 eadem
1685 2857 1914 2911 trinitate

328 2951 490 3022 majus
518 2967 625 3005 esse
648 2951 1029 3022 aliquid_quam
1070 2965 1249 3013 unum,
1282 2958 1370 3001 aut
1412 2964 1582 3001 omnes
1618 2947 1772 3001 simul
1812 2958 1913 3001 tres

327 3018 494 3115 majus
515 3043 709 3113 aliquid
734 3018 1019 3111 esse.quam
1046 3040 1295 3111 singulos.

353 3161 362 3168 -
398 3136 689 3207 Gregorius
718 3134 1089 3190 Nazianzenus
1126 3149 1192 3187 ex
1232 3148 1482 3187 sermone
1514 3132 1582 3188 de
1614 3132 1911 3202 Epiphania

2089 1938 2215 1990 Item
2260 1936 2310 1989 in
2353 1937 2575 1990 Aetibus
2618 1936 2981 2006 apostatarum
3020 1952 3033 1987 :
3069 1935 3324 1987 Attendite
3375 1933 3512 1987 vobis
3554 1944 3602 1986 et

2014 2030 2248 2082 universo
2285 2029 2452 2099 gregi,
2494 2030 2547 2080 in
2586 2044 2685 2097 quo
2721 2044 2805 2081 vos
2836 2026 3064 2095 Spiritus
3103 2038 3306 2080 sanctus
3344 2025 3604 2079 constituit

2013 2123 2279 2192 episcopos
2322 2139 2491 2192 regere
2529 2121 2806 2175 Ecclesium
2841 2121 2955 2189 Dei,
2989 2136 3143 2189 quam
3179 2120 3442 2190 acquisirit
3479 2137 3603 2173 san-

2016 2213 2168 2280 tuine
2212 2230 2304 2267 suo
2336 2214 2474 2283 (Act.
2512 2211 2635 2282 xx).

2086 2303 2381 2373 Cyprianus
2412 2306 2694 2375 cpiscopus
2736 2315 2788 2358 et
2815 2322 2862 2356 m
2904 2316 3017 2375 rtyr
3063 2306 3113 2358 in
3156 2304 3383 2371 epistola
3415 2304 3481 2359 de
3511 2321 3601 2374 ps-

2016 2395 2199 2449 tTentia
2232 2412 2245 2448 :
2273 2393 2548 2449 Iudicatur
2573 2393 2759 2468 judica
2783 2412 2928 2460 urus,
2959 2406 3005 2449 et
3036 2395 3130 2450 Dei
3160 2412 3323 2449 sermo
3358 2399 3424 2449 ad
3461 2399 3601 2452 victi-

2015 2504 2152 2541 mant
2183 2496 2351 2542 tacens
2379 2489 2603 2541 ducitur.

2087 2577 2378 2648 Gregorius
2410 2579 2775 2633 Nazianzenus
2809 2598 2820 2631 :
2856 2577 2920 2632 Et
2949 2579 3263 2652 indiguimus
3297 2581 3404 2635 Deo
3436 2582 3600 2633 incar-

2016 2680 2135 2724 nato
2163 2681 2209 2723 et
2241 2670 2565 2738 ntorti/ica‘o,
2598 2678 2651 2722 ut
2678 2687 2770 2722 nos
2800 2669 3044 2725 vivamus.

2108 2762 2186 2817 Ex
2215 2762 2352 2817 libro
2384 2762 2553 2816 sancti
2588 2761 2872 2829 Augustini
2900 2762 2967 2816 de
2996 2762 3271 2817 Cltaritatc
3301 2781 3313 2816 :
3351 2761 3447 2815 llte
3468 2764 3621 2816 enim

2015 2854 2102 2921 qui
2132 2854 2261 2907 venit
2298 2869 2389 2921 per
2424 2853 2589 2905 crucis
2627 2852 2776 2906 irrisi-
2800 2869 2887 2906 nes
2933 2854 3102 2907 carnis
3132 2855 3377 2923 perimere
3424 2869 3603 2905 corru-

2018 2945 2265 3014 ptionem,
2297 2953 2345 2997 et
2372 2960 2425 2997 te
2450 2953 2670 2997 ustatem
2698 2943 2888 2996 vinculi
2916 2944 3092 2997 mortis
3122 2953 3309 2998 nostrte
3336 2960 3442 2998 sua:
3466 2961 3602 2997 mor-

2018 3040 2082 3089 t's
2123 3036 2343 3089 novitate
2379 3035 2670 3099 dissolvere,
2714 3036 2956 3088 mandato
3002 3051 3133 3089 novo
3177 3038 3295 3105 fecit
3326 3024 3603 3091 ﬁhominem

2019 3143 2200 3181 norunt
2234 3142 2252 3179 :
2279 3143 2358 3180 res
2388 3128 2520 3179 enim
2548 3136 2686 3180 vetus
2715 3137 2844 3193 erat,
2880 3138 2933 3181 ut
2959 3129 3109 3181 homo
3138 3140 3436 3193 moreretur,
3467 3128 3603 3199 qucd

328 3228 537 3282 Domini
575 3246 587 3279 :
628 3227 755 3281 Cum
788 3225 993 3279 omnino
1022 3240 1124 3277 uno
1152 3222 1348 3277 lumine
1385 3223 1730 3293 illustramur,
1760 3222 1913 3276 simul
1941 3230 1986 3293 ο
2023 3238 2084 3275 ne
2107 3237 2301 3291 semper
2322 3220 2507 3274 valeret
2535 3220 2585 3272 in
2611 3220 2830 3282 homine,
2853 3236 2931 3273 res
2958 3237 3082 3274 nova
3108 3223 3242 3289 facta
3265 3230 3357 3285 est,
3388 3232 3438 3272 ut
3465 3221 3604 3274 Deus

326 3330 373 3373 et
402 3320 593 3382 tribus;
629 3319 787 3370 tribus
813 3318 1013 3385 quidem
1042 3314 1322 3369 secundum
1363 3314 1759 3385 uniuscujusque
1797 3332 1916 3384 pro-

327 3412 587 3480 prietates,
614 3412 718 3465 sire
740 3410 1070 3474 substantias,
1092 3411 1224 3463 sicut
1255 3412 1419 3480 placet
1446 3409 1699 3477 aliquibus
1722 3409 1910 3474 dicere,

326 3504 429 3558 sive
462 3520 703 3572 personas
733 3517 754 3556 :
789 3501 922 3555 nihil
944 3501 1076 3554 enim
1106 3517 1199 3571 pro
1227 3500 1589 3554 vocabulorum
1628 3501 1917 3553 diversitate

326 3597 673 3651 dissidentium
720 3608 816 3661 est,
856 3611 972 3648 cum
1011 3596 1079 3645 ad
1125 3594 1357 3646 eumdem
1399 3609 1601 3646 sensum
1650 3593 1914 3645 nominans

326 3688 593 3741 diversitas
621 3695 852 3754 provocet
878 3695 922 3738 et
951 3682 1283 3736 intellectum.
1335 3681 1505 3735 Unum
1534 3691 1704 3736 autem
1734 3698 1916 3735 secun-

325 3785 450 3834 dum
486 3780 823 3834 substantiam
859 3778 935 3832 vel
963 3777 1165 3831 deitatis
1208 3778 1442 3829 ratione:
1483 3776 1731 3828 dividitur
1766 3793 1909 3846 ergo,

327 3881 383 3926 ut
418 3872 489 3925 ita
528 3872 718 3937 dicam,
760 3869 1154 3934 indivisibiliter,
1199 3872 1529 3939 conjungitur
1570 3868 1910 3933 divisibiliter,

328 3978 431 4014 una
455 3972 528 4016 est
558 3962 609 4015 in
638 3964 798 4013 tribus
826 3961 1010 4013 deitas.

399 4054 525 4108 Item
567 4069 632 4108 ex
672 4052 895 4122 epistola
934 4051 1177 4122 Gregorii
1208 4052 1436 4121 Nysseni
1469 4051 1533 4105 ad
1566 4052 1867 4107 Ablamium
1897 4071 1907 4103 :

329 4146 572 4201 .Estimet
609 4145 716 4199 hazc
764 4160 918 4215 apera
963 4157 1137 4198 utrum
1183 4146 1272 4197 uni
1314 4145 1641 4215 assignentur
1686 4162 1914 4213 persona:

326 4256 520 4298 eorum.
542 4256 693 4309 quam
715 4237 897 4309 {Forte
916 4239 1022 4309 qui]
1055 4238 1105 4290 in
1138 4248 1315 4290 sancta
1340 4236 1586 4291 Trinitate
1612 4238 1909 4304 creduntur,

326 4347 391 4383 an
415 4346 502 4399 per
531 4340 629 4383 tres
661 4340 737 4381 tat
772 4330 965 4382 rirtutis
995 4328 1222 4394 e/fectus.

396 4422 526 4477 item
567 4437 632 4475 ex
674 4423 895 4487 epistofa
929 4419 1099 4473 Procli
1146 4418 1210 4471 ad
1246 4416 1618 4472 Occidentales
1672 4437 1682 4471 :
1742 4419 1912 4488 Super

324 4512 434 4566 han:
462 4513 611 4565 etiam
641 4512 940 4578 conﬁtemur
971 4526 1125 4563 unum
1154 4526 1217 4563 ea:
1241 4508 1489 4564 Trinitafe
1515 4511 1738 4564 increata
1762 4523 1914 4579 atque

325 4604 571 4673 ineffabili
597 4604 761 4658 Deum
794 4603 1011 4658 Verbum
1042 4606 1233 4673 factum
1261 4603 1535 4656 hominem.

396 4719 650 4790 Ejusdem
683 4735 699 4776 ς
733 4718 869 4784 Quid
902 4717 1038 4771 enim
1077 4733 1169 4770 nos
1207 4718 1435 4785 sapimus
1464 4726 1612 4786 atque
1638 4719 1902 4786 sentimus,

322 4815 443 4885 quia
466 4814 516 4866 in
540 4813 655 4882 ipsa
677 4812 847 4865 divina
873 4819 1079 4874 natura,
1104 4825 1206 4877 qua
1229 4810 1533 4876 coniunctus
1560 4818 1607 4862 et
1636 4812 1808 4863 unitus
1834 4821 1905 4865 est

325 4903 494 4959 Ftlius
521 4903 665 4957 Patri
693 4911 965 4972 sanctoque
991 4899 1233 4970 Spiritui,
1263 4916 1365 4953 non
1396 4899 1616 4954 dicimus
1645 4918 1757 4954 eum
1797 4904 1905 4956 dei-

324 5008 428 5051 tate
457 5013 664 5068 passum
702 4996 882 5065 fuisse,
912 4993 1001 5048 sed
1029 5009 1201 5052 carne.
1230 5008 1385 5058 quam
1415 5009 1507 5061 pro
1539 4994 1681 5047 nobis
1709 5011 1906 5047 assunt-

324 5090 424 5155 psit
458 5104 521 5142 ex.
546 5088 712 5141 nobis.
765 5086 910 5140 Unus
949 5087 1105 5156 igitur
1146 5101 1207 5138 ea:
1232 5083 1485 5138 Trinitate
1521 5087 1795 5156 cruciﬁxus
1835 5098 1909 5142 est

320 5197 475 5234 carne
501 5197 602 5250 qua
622 5181 787 5251 factus
817 5189 928 5245 est;
961 5195 1063 5231 non
1088 5186 1252 5231 tamen
1278 5177 1482 5244 deitate,
1512 5194 1615 5247 qua
1640 5180 1811 5233 unitus
1838 5192 1910 5234 est

327 5270 475 5324 Patri
518 5280 565 5325 et
589 5271 810 5340 Spiritui
842 5279 1037 5335 sancto,
1063 5284 1335 5339 perpessus
1359 5278 1456 5329 est.
1490 5285 1552 5322 ne
1574 5278 1618 5321 et
1649 5270 1763 5323 illos
1793 5288 1908 5322 cru-

323 5362 503 5427 ciﬁxos
527 5361 717 5430 pariter
747 5376 1059 5414 asseramus.

397 5451 522 5506 llaec
552 5451 710 5521 igitur
737 5466 799 5505 ex
834 5449 1080 5519 plurimis
1112 5463 1279 5517 pauca
1310 5448 1653 5517 digessimus.

395 5541 562 5597 Deum
594 5557 720 5597 vero
754 5555 914 5595 carne
944 5554 1160 5608 passum
1193 5539 1279 5593 hic
1311 5539 1657 5594 nihilominus
1690 5540 1908 5595 robore.

321 5647 444 5687 mus
480 5633 764 5703 exemplis.

2022 3323 2335 3369 moreretur:
2370 3314 2459 3366 sed
2490 3314 2609 3381 quia
2647 3314 2697 3365 in
2737 3330 2891 3367 carne
2930 3323 3156 3367 mortuus
3186 3324 3278 3380 est,
3307 3331 3407 3367 non
3440 3317 3489 3367 in
3523 3318 3603 3367 di-

2018 3407 2245 3460 vinitate.

2088 3503 2319 3575 Cyrillus
2346 3501 2577 3572 capitulo
2601 3516 2669 3554 xit
2696 3520 2709 3554 :
2740 3500 2802 3556 Si
2831 3501 2944 3570 quis
2966 3517 3064 3554 non
3089 3517 3115 3551 ο
3148 3501 3350 3569 n/itetur
3385 3501 3464 3555 γε,
3479 3504 3598 3554 bum

2019 3613 2228 3672 passum
2256 3612 2408 3649 carne
2436 3596 2511 3665 (ct
2534 3594 2845 3649 crucifixum
2873 3609 3036 3649 carne
3063 3593 3125 3663 ‘),
3151 3602 3196 3647 et
3220 3603 3422 3647 mortem
3447 3610 3599 3647 carne

2016 3699 2268 3762 gustasse,
2311 3692 2598 3757 [actumque
2636 3686 3027 3756 primogenitum
3059 3700 3121 3737 ea:
3160 3686 3394 3748 mortuis,
3422 3701 3601 3738 secun-

2017 3782 2139 3835 dum
2170 3779 2307 3851 quod
2334 3779 2433 3830 vita
2466 3788 2513 3830 et
2544 3777 2805 3846 viviﬁcans
2833 3784 2905 3829 est
2936 3784 2984 3828 et
3019 3773 3172 3841 Deus,
3206 3774 3479 3828 anathema
3507 3774 3594 3840 sit.

2087 3870 2144 3925 In
2190 3868 2413 3940 epistola
2458 3868 2651 3923 Leonis
2700 3866 2766 3920 ad
2810 3866 3121 3921 iuvenalem
3161 3882 3174 3917 :
3217 3863 3400 3918 Verum
3444 3864 3600 3933 igitur

2015 3961 2391 4032 generationem
2431 3974 2561 4011 crux
2598 3973 2713 4011 vera
2751 3957 3042 4025 conﬁrmat,
3074 3956 3318 4026 quoniam
3359 3957 3408 4007 in
3449 3970 3602 4009 carne

2016 4061 2189 4106 nostra
2220 4051 2467 4117 nascitur,
2494 4049 2582 4119 qui
2609 4050 2661 4101 in
2694 4056 2869 4101 nostra
2894 4062 3043 4100 carne
3068 4045 3405 4116 cruciﬁgitur.

2087 4143 2336 4213 Ejusdem
2367 4157 2435 4196 ex
2464 4141 2694 4210 epistola
2733 4139 2798 4193 ad
2832 4139 3143 4193 Flavianum
3195 4155 3206 4189 :
3258 4135 3599 4205 [inpassibilis

2016 4232 2155 4288 Deus
2196 4249 2295 4287 non
2332 4231 2637 4301 dedignatus
2677 4241 2749 4283 est
2778 4230 2927 4283 homo
2972 4244 3077 4283 esse
3103 4229 3379 4297 passibilis,
3412 4238 3459 4281 et
3499 4229 3597 4282 im-

2014 4326 2245 4381 mortalis
2296 4328 2471 4378 mortis
2518 4323 2711 4395 legibus
2758 4324 3037 4394 subjacere.
3113 4324 3188 4376 Ex
3240 4321 3339 4376 hac
3385 4338 3599 4394 quoque

2016 4431 2165 4492 parte
2209 4420 2356 4489 plora
2399 4435 2462 4473 ex
2506 4417 2770 4488 dogmatis
2810 4417 3097 4471 lectioaum
3142 4416 3385 4485 poteritis
3424 4431 3591 4486 agno.

2016 4530 2103 4572 SCC
2111 4531 2167 4567 ΓΟ
2178 4554 2187 4564 .

1934 4598 1985 4659 Ῐ)
2086 4613 2383 4687 ϐιρτίυεηη
2414 4627 2542 4666 vero
2571 4619 2808 4669 sanctam
2837 4624 3047 4677 semper
3076 4609 3342 4677 Virginem
3371 4607 3594 4661 Mariam

2018 4707 2231 4776 prOprie
2260 4715 2313 4760 et
2342 4705 2600 4759 veraciter
2636 4703 2728 4756 Dei
2760 4702 3121 4767 Genitricem,
3142 4700 3471 4769 Matremque
3499 4699 3595 4756 Dei

2019 4798 2175 4855 Verbi
2204 4814 2267 4852 ex
2307 4813 2370 4852 ea
2402 4794 2689 4856 incantati,
2721 4794 2788 4847 ab
2817 4793 3123 4848 hominibus
3158 4791 3440 4845 catholicis
3469 4806 3597 4844 con-

2016 4890 2152 4944 fiteri
2201 4896 2345 4943 recte
2392 4903 2510 4941 esse
2556 4886 2810 4939 docemus
2851 4885 3066 4954 proprie
3112 4893 3171 4938 et
3208 4882 3498 4945 veraciter;
3541 4889 3598 4936 et

2013 4985 2152 5039 idem
2192 4983 2304 5050 ipse
2342 4982 2542 5035 ultimis
2575 4980 2904 5049 temporibus
2943 4979 3273 5043 incarnatus,
3314 4994 3378 5033 ex
3409 4987 3596 5035 sancta

2013 5087 2067 5132 et
2095 5076 2323 5148 gloriosa
2356 5074 2569 5142 Virgine
2597 5081 2766 5127 matre
2797 5071 2939 5125 nasci
2970 5071 3217 5140 dignatus
3245 5080 3348 5124 est.

2086 5170 2369 5237 Propterea
2426 5180 2575 5233 ergo,
2631 5163 2755 5232 quia
2812 5162 3025 5231 proprie
3072 5170 3130 5216 et
3178 5160 3446 5217 veraciter
3499 5162 3592 5216 Det

2012 5262 2180 5317 Filius
2216 5277 2279 5313 ex
2311 5275 2371 5314 ea
2410 5260 2716 5312 incarnatus
2745 5265 2858 5321 est,
2897 5256 3018 5310 ideo
3055 5255 3272 5325 proprie
3307 5263 3363 5310 et
3388 5256 3594 5310 veraci-

2015 5366 2095 5408 ter
2129 5354 2346 5407 Matrem
2383 5352 2472 5404 Dei
2505 5365 2569 5405 ex
2603 5363 2663 5404 ea
2712 5349 2967 5403 imarnati
2999 5356 3054 5403 et
3081 5350 3189 5403 nati
3220 5362 3341 5404 esse
3368 5346 3591 5402 conﬁte-

2013 5460 2162 5508 mur;
2205 5455 2257 5498 et
2302 5457 2369 5497 ne
2392 5439 2647 5495 Dominus
2673 5438 2829 5494 Jesus
2869 5454 2963 5506 per
3007 5438 3470 5494 honorificentiam
3503 5435 3589 5490 vel

2009 5537 2231 5606 gratiam
2265 5532 2359 5586 Dei
2392 5547 2584 5585 nomen
2624 5528 2896 5598 accepisse
2931 5529 3199 5593 credatur,
3232 5527 3366 5582 sicut
3400 5526 3594 5579 Nesto-

2012 5633 2121 5684 rius
2148 5625 2311 5683 sentit
2337 5624 2574 5677 insulsus
2605 5638 2617 5673 :
2652 5620 2918 5676 veraciter
2944 5630 3123 5674 autem
3164 5617 3282 5673 ideo
3316 5631 3385 5673 ne
3415 5619 3585 5685 phan-

390 5794 421 5829 ⁸
461 5789 675 5845 Ansulis
719 5789 922 5845 inclusa
970 5787 1211 5858 suppleta
1240 5797 1359 5843 sunt
1400 5802 1462 5843 ex
1507 5787 1741 5844 editione
1773 5787 2030 5858 Romana,
2075 5798 2129 5845 ut
2154 5798 2275 5857 pete
2306 5781 2601 5842 inLabbso
2632 5780 2925 5837 oscitanter
2950 5789 3165 5849 omissa.
