4126 6362
495 250 564 307 9;
1823 235 2098 293 JO.\NSIS

2204 236 2340 293 iPzE
2380 237 2429 291 If
3692 234 3753 291 Ἡ

496 372 688 432 tasma,
711 374 801 419 aut
822 365 1001 435 aliquo
1022 362 1179 416 modo
1200 375 1301 415 non
1324 373 1505 415 veram
1535 357 1831 426 sumpsisse
1856 368 2069 409 carnem
2100 353 2149 409 Α
2180 365 2297 404 esse
2338 364 2642 404 Commune.
2685 349 2831 417 Quod
2867 349 2987 404 ideo
3020 350 3173 415 ﬁtcin,
3204 366 3271 404 ne
3303 364 3424 405 rens
3450 359 3645 404 sneutn
3679 352 3759 402 iu-

498 457 749 512 credatur
778 471 840 511 ex
870 454 1110 525 Virgine,
1143 454 1283 510 sicut
1308 452 1533 507 asseruit
1563 450 1756 518 impius
1788 447 2074 511 Eutychrs.

496 549 598 605 Cui
630 548 705 603 rei
738 549 1080 619 probamenta
1112 563 1174 601 es
1206 546 1420 599 Patrum
1472 542 1845 597 traditionibus
1886 553 2078 593 conse-

500 649 728 709 quenter
774 648 989 694 sanctns
1022 639 1343 708 Augustinus
1378 637 1428 689 in
1462 637 1597 689 libro
1624 634 1795 702 primo
1826 634 1960 702 (cap.
1990 630 2077 700 15)

499 731 991 789 Priedestinationi‘s
1014 750 1029 787 :
1056 730 1454 785 Prwdestinatus
1483 738 1554 781 est
1584 744 1702 799 ergo
1724 725 1890 792 Jcsus,
1918 735 1972 778 ut
1999 727 2081 795 fu-

499 838 647 879 turus
688 826 964 878 secundum
1006 840 1211 876 carnem
1252 823 1390 889 ﬁlius
1428 820 1591 873 Dauid
1630 830 1775 885 esset,
1808 820 1861 873 in
1900 820 2083 872 virtute

500 928 672 971 autem
697 916 864 970 Filius
893 916 985 970 Dei
1014 913 1173 968 sintut
1196 926 1241 968 et
1273 915 1410 982 ﬁlius
1436 912 1655 966 hominis
1681 923 1885 983 prapter
1910 927 2081 964 susce-

504 1018 647 1078 ptum
670 1007 943 1069 hominem,
970 1016 1014 1057 et
1044 1005 1210 1058 Filius
1235 1002 1330 1056 Dei
1356 1012 1562 1073 prapter
1588 1001 1943 1067 suscipientem
1966 1005 2082 1056 uni-

503 1100 730 1167 genitum
758 1096 963 1149 Domini
987 1096 1193 1165 prOprie
1221 1103 1267 1149 et
1293 1096 1537 1148 veraciter
1564 1094 1832 1147 diceretur.

580 1190 834 1258 Leporius
866 1191 919 1243 in
947 1190 1167 1258 cpistoia
1196 1203 1352 1257 quam
1378 1187 1624 1241 Aurelius
1650 1188 1934 1257 episcopus
1955 1188 2087 1242 Car-

504 1278 857 1349 tbaginensis.
904 1289 953 1332 cl
985 1280 1169 1333 beatus
1194 1278 1541 1348 Augustinus,
1579 1287 1633 1334 et
1680 1280 1915 1349 synodus
1947 1279 2084 1332 Afri-

506 1384 637 1423 cana
671 1370 901 1423 ﬁrmavit
927 1386 940 1423 :
977 1369 1222 1422 Nascitur
1250 1387 1367 1439 ergo
1406 1371 1547 1423 nobis
1569 1372 1773 1439 praprie
1801 1371 1863 1424 de
1886 1371 2088 1440 Spiritu

507 1474 680 1517 sancto
710 1473 755 1517 et
783 1450 954 1515 Maria
984 1478 1180 1530 semper
1204 1463 1394 1533 virgine
1416 1461 1550 1516 Deus
1570 1461 1722 1516 homo
1741 1460 1891 1516 Jesus
1918 1462 2086 1517 Filius

514 1551 629 1607 Dei.

582 1642 825 1697 Gelasius
878 1658 943 1697 ex
994 1642 1129 1698 libro
1178 1643 1435 1698 adversus
1486 1644 1786 1699 Nestorium
1835 1654 1889 1701 et
1928 1647 2090 1717 Euty-

510 1735 703 1791 chem:
752 1754 768 1785 ι
809 1734 1097 1807 Pr0pterea-
1121 1736 1346 1802 quodex
1384 1746 1430 1790 te
1458 1739 1684 1790 nascitur
1708 1748 1960 1802 sanctum,
2003 1715 2089 1791 vo-
2121 1715 2166 1774 Β

512 1824 711 1878 eabitur
740 1822 911 1878 Filius
946 1824 1035 1878 Dei
1063 1824 1279 1897 (Matth.
1309 1828 1369 1895 1).
1406 1845 1423 1877 ι
1464 1826 1543 1880 Ex
1563 1838 1609 1880 te
1638 1829 1880 1891 nascitur,
1909 1830 2000 1892 ait,
2037 1841 2089 1883 ut

513 1919 874 1988 praprietatent
905 1917 967 1971 de
998 1928 1161 1971 matre
1207 1920 1509 1972 sumendam
1561 1931 1747 1974 nostra:
1785 1923 2090 1977 conditionis

512 2012 833 2079 exprimeret.
886 2011 980 2065 His
1028 2011 1188 2080 igitur
1216 2011 1501 2066 evidenter
1523 2024 1795 2068 ostensum
1830 2026 1932 2080 eSt,
1965 2014 2088 2069 illu~

512 2114 652 2156 strcs
695 2114 749 2155 et
795 2102 1059 2171 magniﬁci
1106 2102 1219 2167 ﬁlii,
1268 2103 1394 2172 quid
1440 2106 1735 2172 speraverit
1778 2106 2088 2175 imperator,

512 2192 639 2262 quid
676 2193 912 2245 Romana
948 2204 1200 2261 sequatur
1229 2201 1285 2248 et
1312 2195 1451 2249 colat
1484 2196 1748 2252 Ecclesia.
1798 2197 1972 2267 Atque
1998 2200 2095 2268 igi-

511 2294 603 2337 tur
625 2282 892 2337 Christum
926 2284 1204 2338 Dominum
1235 2296 1473 2340 nostrum
1505 2303 1665 2341 unum
1696 2303 1836 2355 esse,
1868 2298 1925 2343 ut
1951 2304 2093 2358 saepe

512 2377 769 2441 divinius,
800 2386 999 2432 sanctae
1027 2378 1304 2432 Trinitatis
1333 2394 1401 2433 ex
1428 2380 1629 2433 duabus
1654 2381 1859 2436 naturis
1889 2397 2092 2451 Cogno—

512 2471 790 2534 scendum,
816 2471 915 2525 hoc
941 2482 1021 2527 est
1046 2471 1095 2524 in
1125 2471 1320 2526 deitate
1342 2483 1395 2526 et
1421 2471 1748 2529 humanitate
1777 2476 2089 2543 pcrfeCtutn,

517 2579 622 2616 non
659 2575 814 2617 antea
846 2562 1109 2617 existente
1155 2579 1346 2631 carne,
1392 2573 1445 2619 et
1487 2575 1668 2634 postea
1720 2568 1863 2621 unita
1898 2568 2090 2634 Verbo,

515 2657 607 2711 sed
650 2658 704 2710 in
744 2656 858 2726 ipso
896 2657 1006 2711 Deo
1045 2656 1219 2713 Verbo
1254 2659 1462 2713 initium
1506 2669 1563 2714 ut
1603 2672 1745 2715 esset
1784 2662 2090 2732 accipiens:

516 2748 642 2802 inde
686 2748 963 2803 enimvero
1012 2764 1074 2802 es
1123 2759 1364 2805 materno
1408 2767 1631 2821 corpore
1693 2769 1820 2810 caro
1871 2756 2095 2825 sumpsit

514 2838 748 2908 initium,
784 2840 930 2893 salva
959 2840 1281 2909 proprietate
1310 2843 1392 2897 vel
1432 2843 1653 2899 veritate
1689 2847 1963 2915 utriusque
1998 2862 2094 2900 na-

518 2942 673 2995 turtc,
706 2933 805 2985 hoc
842 2938 923 2986 est
954 2931 1245 2986 divinitatis
1287 2941 1446 3001 atque
1480 2935 1853 3001 humanitatis,
1888 2937 1987 2992 Dei
2008 2938 2097 2992 Fi-

517 3024 641 3078 lium
686 3025 964 3079 Dominum
1017 3037 1257 3080 nostrum
1299 3025 1479 3081 Iesum
1523 3025 1793 3083 Christum
1842 3030 2092 3086 catholici

2186 441 2387 503 veniar,
2420 440 2461 493 si
2498 440 2611 493 hsce
2640 438 2705 493 ad
2746 455 2837 493 ves
2865 457 2973 492 ram
3017 441 3269 505 minime,
3320 440 3760 494 Christianissimi

2186 530 2312 591 ﬁlii.
2370 530 2611 584 notitiam
2664 530 3022 597 pertulissem.
3081 530 3405 584 Incolumem
3440 528 3763 598 magnitudi-

2186 638 2304 676 nem
2362 632 2590 678 vestram
2642 622 2780 677 Deus
2828 633 3009 677 noster
3060 624 3347 686 Custodiat,
3391 622 3592 676 domini
3638 622 3761 688 lilii,

2186 716 2373 771 merito
2419 715 2647 767 illustres
2686 723 2844 783 atque
2883 714 3169 783 magnifici.

2391 824 2713 880 LPISTOLA
2750 826 2891 896 (olim
2935 824 3027 894 IV)
3052 825 3334 880 JOANNIS
3364 824 3565 880 PAPE

2641 955 2670 990 Λ
2683 953 2708 987 ἵ)
2748 951 3022 990 EPISCOPOS
3060 952 3268 991 GALLI/8

2188 1046 2623 1101 Contumeliosum
2653 1046 2839 1101 Gallia:
2868 1049 3158 1118 episcopum
3188 1050 3484 1118 episwpatu
3516 1051 3764 1115 privatum

2256 1120 2307 1169 in
2333 1120 2692 1173 monasterium
2739 1119 2929 1186 redegit
2960 1122 3027 1170 ad
3067 1120 3411 1186 paenitentiam
3434 1138 3451 1171 .'
3483 1119 3763 1173 Ecclesium

2255 1190 2366 1259 ejus
2391 1200 2563 1242 sancto
2580 1188 2740 1243 Ctesat
2754 1190 2802 1241 io
2828 1190 3105 1242 Arelatensi
3126 1191 3359 1261 episcopo
3374 1192 3761 1246 commendavit.

2261 1299 2635 1353 Dilectissimis
2702 1300 2951 1353 fratribus
3012 1302 3277 1355 universis
3343 1301 3607 1370 episcopis
3672 1317 3765 1371 per

2190 1390 2386 1445 Gallias
2411 1391 2714 1445 constitutis
2744 1391 2978 1445 Joannes

2262 1483 2495 1536 Iunctuit
2525 1482 2677 1537 nobis
2706 1499 2733 1534 ιι
2778 1482 3109 1536 fraternitate
3139 1494 3315 1537 vestra
3346 1484 3507 1537 missa
3545 1483 3760 1547 relatio,

2191 1581 2241 1632 in
2268 1594 2368 1646 qua
2392 1574 2731 1629 Contumelio
2765 1590 2825 1627 us
2857 1575 3034 1628 multis
3059 1574 3252 1642 legitur
3274 1574 3589 1628 criminibus
3614 1577 3765 1629 invo-

2192 1673 2354 1725 lutns.
2390 1668 2454 1721 Et
2482 1667 2600 1737 quia
2639 1665 2938 1734 hnjusmodi
2974 1680 3201 1734 persona
3240 1666 3407 1719 βιοτῆς
3454 1680 3557 1719 ηοη
3590 1674 3766 1734 potest

2198 1764 2460 1816 inha'rt-re
2518 1759 2790 1829 ntys:eriis
2819 1798 2835 1823 ,
2878 1758 2945 1811 ah
2995 1757 3254 1811 hodierno
3298 1758 3380 1811 vel
3425 1757 3599 1812 ofﬁcio
3644 1750 3764 1811 etn'n

2195 1862 2374 1907 nostra
2406 1863 2587 1906 censet
2620 1864 2896 1904 removere
2919 1851 3246 1915 auctoritas,
3273 1860 3330 1903 ut
3357 1850 3409 1903 in
3441 1851 3768 1904 monasterio

2194 1945 2515 1999 constitutus
2565 1939 2748 1995 delicti
2795 1940 3005 1994 veniam
3065 1956 3095 1993 a
3150 1940 3374 1994 Domino
3426 1949 3607 2007 petere
3661 1956 3765 1994 non

2193 2036 2421 2091 omittat.
2458 2034 2601 2089 Nihil
2632 2042 2713 2087 est
2760 2032 2901 2087 enim
2932 2032 3263 2101 impossibile
3304 2035 3420 2098 ejus
3468 2032 3765 2087 clementia

2193 2128 2285 2197 qui
2324 2135 2503 2197 potest
2553 2134 2744 2179 cuncta
2774 2125 3019 2179 relaxare
3056 2139 3175 2193 qua:
3217 2123 3350 2176 facta
3378 2134 3523 2178 sunt.
3567 2124 3669 2179 Sed
3702 2139 3769 2179 ne

2194 2218 2310 2285 ejus
2351 2216 2589 2272 Ecclesia
2620 2214 2873 2269 destituta
2911 2213 3175 2280 videatur,
3204 2214 3254 2267 in
3282 2214 3396 2283 ejus
3441 2216 3561 2269 loco
3587 2216 3770 2268 visita-

2201 2321 2367 2362 mrem
2398 2307 2511 2361 dari
2562 2305 2811 2375 prtesenti
2841 2305 3157 2358 auctoritate
3178 2304 3513 2359 decernimus
3537 2346 3552 2369 ,
3600 2306 3697 2375 qui
3736 2321 3771 2359 a

2197 2416 2256 2454 se
2286 2402 2357 2452 ita
2385 2399 2592 2452 noverit
2622 2397 2799 2449 omnia
2828 2395 3148 2460 exhibenda,
3175 2405 3229 2448 ut
3253 2396 3378 2450 nihil
3402 2397 3467 2451 de
3493 2396 3771 2453 ordinibus

2196 2493 2535 2554 clericorum,
2559 2488 2688 2542 nihil
2715 2488 2783 2541 de
2804 2486 3163 2541 ecclesiastica
3192 2486 3443 2541 facultate
3462 2496 3775 2556 prtesumat,

2197 2585 2291 2639 sed
2318 2600 2379 2639 ea
2409 2598 2525 2651 niue
2552 2582 2616 2635 ad
2648 2588 2990 2634 sacrosancta
3030 2580 3283 2648 mySIeria
3317 2580 3583 2647 pertinent
3617 2592 3774 2634 exse-

2198 2686 2415 2747 quatur.
2446 2674 2765 2729 Przedictum
2792 2680 2968 2725 autem
2994 2669 3473 2731 Contumeliosum,
3499 2686 3553 2723 ιιι
3584 2672 3777 2726 habeat

2200 2768 2494 2841 pmnitendi
2546 2765 2849 2828 licentiam,
2902 2764 3205 2831 petitorium
3240 2760 3367 2815 dare
3400 2763 3548 2815 vobis
3588 2776 3778 2816 cense-

2204 2876 2343 2925 mus,
2375 2858 2462 2913 nhi
2494 2872 2732 2911 errorem
2788 2870 2941 2909 suum
2973 2853 3248 2908 evidenter
3279 2853 3515 2923 allegatis
3546 2853 3645 2907 sub
3689 2852 3780 2906 die

2204 2952 2516 3022 proﬁteatur
2547 2959 2598 3003 et
2619 2948 2859 3002 consule.
2894 2945 3147 3000 Dominus
3172 2936 3268 2998 vos'
3291 2943 3582 2997 incolomes
3600 2952 3782 2995 custo-

2206 3043 2336 3106 diat,
2368 3040 2558 3093 fratres
2587 3037 2875 3091 carissimi.
2913 3038 3043 3089 Data
3074 3051 3145 3088 vn
3177 3036 3293 3088 idus
3320 3035 3547 3102 Aprilis,
3599 3030 3783 3093 Flavio

520 3119 858 3184 conﬁtemur,
892 3120 1034 3172 omni
1069 3119 1290 3187 posthac
1321 3122 1751 3174 commutationis
1780 3123 2094 3179 confusione

2206 3135 2423 3188 Paulino
2447 3132 2662 3200 juniore
2686 3129 2801 3182 viro
2824 3127 3121 3193 clarissimo
3147 3125 3366 3180 consule
3383 3124 3559 3195 [Anno
3581 3123 3782 3178 Christi

518 3214 795 3268 submota.
834 3213 1015 3283 Neque
1055 3214 1196 3269 enim
1226 3227 1441 3268 naturas
1485 3217 1534 3267 in
1574 3230 1636 3267 eo
1666 3215 1818 3269 aliter
1848 3218 2093 3285 agnosci-

523 3320 673 3371 mus,
721 3307 823 3360 n'si
871 3305 1223 3359 differentiam
1281 3305 1632 3374 intelligentes
1681 3316 1734 3360 et
1780 3306 2097 3363 conﬁtentes

520 3397 813 3450 divinitatis
844 3406 1001 3467 atque
1025 3397 1387 3452 humanitatis.
1422 3398 1525 3452 Sed
1560 3414 1657 3453 nec
1684 3399 1816 3453 duas
1846 3415 2097 3467 personas

524 3490 578 3541 in
609 3488 819 3542 (Ihrism
851 3488 1191 3558 intelligimus
1219 3505 1313 3557 per
1338 3487 1389 3543 id
1417 3490 1555 3558 quod
1587 3491 1818 3547 dicimus
1846 3493 1976 3547 duas
2006 3508 2098 3545 na—

523 3588 691 3643 turas,
737 3591 794 3633 ut
832 3582 1166 3634 atlunationis
1210 3582 1525 3636 divisionem
1574 3584 1749 3638 facere
1788 3584 2095 3649 videamur;

524 3679 581 3724 et
617 3669 706 3738 sit,
750 3670 890 3739 quod
938 3671 1094 3735 absit,
1141 3673 1499 3740 quateruitas,
1544 3688 1647 3727 non
1690 3674 1918 3737 trinitas,
1963 3674 2101 3727 sicut

524 3762 800 3819 Nestorius
830 3767 991 3819 sentit
1033 3766 1283 3829 insanus;
1327 3781 1424 3820 nec
1462 3768 1837 3821 confundimus
1885 3768 2097 3822 easdem

527 3857 701 3910 unitas
734 3865 968 3925 naturas,
1001 3872 1121 3911 cum
1152 3873 1308 3911 unam
1342 3873 1621 3927 personam
1652 3860 1847 3914 ChtiSti
1880 3860 2102 3913 conﬁte-

530 3962 667 4011 mur,
703 3958 759 4001 ut
790 3947 1052 4018 Eutychos
1092 3949 1281 4017 impios
1320 3950 1509 4004 credit.
1542 3950 1766 4004 Turnum
1795 3966 1924 4005 vero
1952 3966 2102 4019 papa:

530 4039 744 4103 Leonis,
777 4054 1065 4107 omnesque
1107 4041 1381 4110 epistolas,
1414 4057 1511 4097 nec
1540 4058 1643 4095 non
1674 4051 1726 4095 et
1756 4051 1983 4110 quatuor
2011 4054 2104 4109 sy-

527 4130 718 4195 nodos,
748 4131 1036 4195 Nicaznam,
1069 4142 1122 4185 et
1146 4132 1810 4201 Constantinopolitanam,
1843 4141 1898 4187 et
1927 4132 2103 4201 Ephe-

528 4222 696 4275 sinam
744 4220 988 4291 primam,
1031 4232 1084 4277 et
1129 4222 1638 4288 Chalcedonensem,
1691 4223 1830 4278 sicut
1864 4224 2113 4279 Romana.

532 4314 787 4368 hactenus
822 4315 1055 4383 suscepit
1092 4325 1143 4368 et
1185 4326 1467 4370 veneratur
1504 4315 1763 4380 Beclesia,
1806 4316 2102 4384 sequimur,

531 4404 902 4473 amplectimur
947 4415 1106 4475 atque
1134 4422 1431 4460 servamus.
1484 4406 1594 4460 lloc
1623 4416 1703 4461 est
1732 4408 1871 4460 enim
1906 4417 2104 4460 nostra:

534 4497 661 4551 ﬁdei
703 4496 1116 4562 ﬁrmamentum,
1150 4497 1263 4552 hate
1306 4499 1428 4552 ﬁdei
1476 4508 1674 4552 nostra:
1717 4507 1858 4564 petra
1912 4497 2103 4551 firmis-

531 4587 687 4643 sima.
743 4586 865 4642 Haac
911 4600 1115 4653 autem,
1164 4588 1397 4643 illustres
1449 4598 1502 4643 et
1554 4588 1728 4657 magni
1772 4588 1884 4652 filii,
1942 4602 2107 4656 agens

533 4678 734 4741 gratias
796 4676 1135 4733 sollicitudini
1204 4689 1395 4733 vestra:
1453 4678 1699 4733 intimare
1757 4679 2104 4733 curavimus:

537 4771 747 4839 plenius
778 4780 950 4824 tamen
988 4772 1207 4826 directis
1236 4771 1629 4839 exemplaribus
1659 4771 1899 4840 poteritis
1940 4786 2107 4840 agno-

536 4879 709 4918 scere.
743 4863 1045 4917 Acmmetas
1074 4878 1222 4927 vero,
1262 4864 1349 4933 qtti
1380 4877 1438 4916 se
1465 4862 1754 4917 monachos
1782 4863 1984 4927 dicunt,
2017 4862 2107 4932 qui

535 4953 837 5008 Nestoriani
864 4954 1136 5009 evidenter
1162 4961 1538 5022 apparuerunt,
1568 4954 1802 5006 liomana
1829 4954 1990 5006 etiam
2019 4970 2112 5007 eos

538 5052 755 5099 t‘amnat
786 5045 1050 5110 Ecclesia;
1091 5060 1119 5098 a
1150 5045 1341 5113 quibus
1372 5060 1467 5098 vos
1495 5055 1708 5113 prepter
1736 5060 1995 5100 canoncm
2020 5048 2107 5116 qui

540 5154 662 5190 cum
714 5138 1187 5192 excommunicatis
1234 5135 1594 5189 Christianum
1668 5151 1763 5190 nec
1822 5137 1963 5205 loqui
2018 5153 2114 5193 nec

542 5230 939 5284 communicare
986 5227 1277 5297 permittit,
1320 5227 1585 5299 diligentia
1635 5229 1882 5296 pastorali
1932 5229 2116 5282 admo-

541 5339 673 5379 nere
731 5339 836 5376 non
885 5322 1092 5386 desino,
1138 5329 1194 5375 ut
1222 5335 1404 5375 eorum
1435 5321 1593 5374 etiam
1625 5322 1919 5390 simplicem
1951 5323 2116 5376 collo-

547 5417 819 5470 cutionem
858 5412 1056 5481 vitetis,
1105 5414 1341 5484 nihilque
1380 5413 1531 5469 vobis
1573 5430 1693 5470 cum
1725 5417 1801 5468 eis
1847 5416 2122 5471 a-stimetis

631 5576 838 5643 cllnjps
873 5572 1113 5643 epistolae
1166 5574 1217 5627 in
1256 5574 1442 5629 codice
1487 5576 1749 5631 Lirinensi
1811 5576 2113 5643 hnjusmodi

552 5658 631 5699 est
658 5642 933 5721 iusqriptio
968 5662 979 5693 :
1016 5642 1336 5715 Pm'ccptum
1365 5644 1765 5721 Joannis‘papw
1807 5642 1896 5721 ad;
1911 5647 2115 5721 presby-

552 5728 700 5781 teros,
727 5716 965 5769 diaconos
984 5758 1000 5787 ,
1022 5726 1067 5770 et
1098 5728 1331 5772 cunctum
1364 5719 1551 5772 clerum
1589 5718 1829 5791 (ingemit
1854 5716 2113 5773 Ecclesia'.

2202 3221 2325 3291 55H

2416 3328 2750 3390 EPISTULA
2791 3332 2937 3401 (olim
2970 3330 3031 3401 ι’)
3062 3328 3337 3385 JOANNIS
3369 3325 3569 3381 ΡΑΡᾹῦ

2198 3468 2266 3509 ΔΙ)
2298 3462 2655 3505 PﬂESD‘i’TEROS
2697 3464 2766 3501 ΕΤ
2805 3460 3057 3499 ΒΙιΟυΝΟΞ
3093 3456 3474 3498 CONTUlIBLIOSI
3521 3454 3781 3494 EPISCOPI.

2271 3566 2509 3619 Joannes
2550 3559 2917 3632 presbyteris,
2966 3556 3278 3610 diaconibus
3330 3567 3376 3607 et
3408 3561 3598 3606 cuncto
3636 3552 3785 3606 clero

2208 3657 2465 3711 Ecclesia:
2496 3654 2548 3707 in
2581 3667 2683 3720 qua
2715 3650 2815 3703 fuit
2844 3647 3267 3701 Contumeliosus
3298 3644 3599 3712 episcopus.

2274 3769 2521 3825 Pervenit
2549 3777 2573 3803 η
2605 3765 2671 3819 ad
2699 3780 2796 3818 nos
2818 3778 2848 3816 a
2878 3762 3129 3816 fratribus
3154 3770 3207 3814 et
3227 3760 3557 3827 coepiscopis
3584 3756 3786 3811 nostris

2204 3863 2364 3915 missa
2414 3859 2599 3914 relatio
2631 3858 2719 3910 ubi
2751 3854 3187 3909 Contumeliosus
3213 3851 3280 3905 de
3317 3849 3630 3904 criminibus
3674 3848 3787 3903 suis

2205 3955 2480 4008 confessus
2508 3950 2701 4020 legitur
2723 3959 2880 4017 atque
2911 3946 3205 3999 convictus.
3234 3944 3300 3997 Et
3328 3944 3449 4011 quia
3477 3940 3784 4010 hnjusmodi

2205 4045 2499 4099 sceleribus
2521 4042 2821 4109 implicatus
2844 4037 3127 4092 sacerdotii
3154 4052 3257 4089 non
3281 4045 3452 4103 potest
3478 4032 3774 4087 ministeria

2202 4138 2311 4205 jam
2343 4145 2570 4188 tractare
2590 4172 2604 4195 ,
2633 4130 2934 4186 necessaria
2965 4127 3116 4181 vobis
3142 4126 3331 4180 solatia
3357 4123 3631 4178 credimus
3658 4123 3788 4176 visi-

2208 4227 2398 4281 tatoris
2446 4225 2768 4293 adjnngere;
2800 4231 2854 4275 et
2884 4219 3004 4275 ideo
3034 4219 3085 4271 in
3119 4217 3355 4271 Ecclesia
3398 4216 3514 4283 ejus
3546 4215 3789 4268 visitatu-

2211 4336 2322 4374 rem
2355 4320 2467 4373 dari
2500 4325 2683 4371 nostra
2715 4314 2952 4369 decrevit
2980 4312 3301 4378 auctoritas,
3333 4320 3387 4361 ut
3420 4307 3651 4361 Ecclesia
3689 4320 3788 4359 sue

2214 4411 2413 4480 privata
2465 4408 2692 4477 praesule
2741 4407 2935 4458 summi
2994 4412 3219 4471 nequeat
3272 4398 3533 4469 pontiﬁcis
3580 4395 3790 4450 solatiis

2212 4501 2453 4568 indigere
2482 4516 2495 4552 :
2526 4497 2610 4552 cui
2636 4511 2729 4549 vos
2754 4498 2803 4548 in
2828 4495 3075 4549 omnibus
3110 4507 3296 4559 parere
3322 4490 3689 4550 decernimus,
3720 4485 3786 4539 ad

2214 4607 2273 4647 ea
2306 4588 2673 4645 tantummodo
2703 4604 2822 4657 qua:
2853 4586 3020 4639 sacris
3068 4595 3189 4638 sunt
3227 4570 3457 4652 gerenda
3487 4578 3787 4649 mysteriis,

2214 4686 2283 4738 ita
2316 4694 2488 4737 tamen
2532 4690 2593 4735 ut
2619 4680 2753 4734 nihil
2784 4681 2850 4733 de
2891 4674 3251 4747 ecclesiastica
3296 4672 3545 4727 facultate
3590 4682 3793 4738 pracsu-

2214 4786 2354 4839 mat,
2385 4787 2436 4828 et
2469 4773 2645 4827 clerus
2687 4772 2739 4825 iu
2767 4787 2831 4824 eo
2859 4784 2963 4839 quo
2988 4783 3129 4823 nunc
3157 4775 3237 4821 cst
3261 4765 3448 4819 ordine
3468 4763 3790 4819 constitutus

2218 4864 2380 4920 nullis
2432 4863 2686 4931 gradibus
2739 4866 3150 4929 promoveatur,
3190 4856 3361 4910 donec
3401 4850 3671 4922 preprium
3703 4863 3793 4903 sa-

2220 4955 2493 5011 cerdotem
2520 4956 2687 5024 possit
2718 4952 2932 5007 habt-rc.
2958 4950 3181 5004 Omnem
3215 4962 3343 5001 vero
3374 4948 3510 4999 hanc
3531 4943 3794 4996 sollicitu-

2220 5048 2401 5103 dinem
2432 5046 2666 5101 Czesario
2712 5043 2862 5097 fratri
2889 5050 2940 5095 et
2975 5040 3293 5108 coepiscopo
3331 5046 3512 5091 nostro
3556 5032 3794 5103 iniungi-

2223 5154 2340 5193 mus
2370 5179 2383 5199 ,
2439 5136 2504 5190 ad
2558 5135 2709 5205 cujus
2764 5146 2947 5187 curam
2998 5137 3187 5183 cuncta
3235 5142 3354 5196 quae
3416 5138 3637 5179 necesse
3689 5123 3798 5175 sint

2224 5229 2489 5298 pertinere
2516 5223 2845 5279 censuimus.
2878 5220 3131 5274 Dominus
3154 5231 3249 5271 vos
3279 5217 3577 5271 incolumes
3611 5225 3797 5267 custo-

2224 5323 2354 5386 diat,
2383 5320 2545 5374 dilect
2572 5317 2714 5373 ssimi
2745 5315 2856 5368 ﬁlii.
2895 5313 3020 5366 Data
3044 5326 3113 5363 vn
3146 5309 3264 5363 idus
3311 5310 3507 5378 Aprilis
3530 5349 3543 5372 ,
3570 5306 3797 5360 Paulino

2226 5414 2440 5483 juniore
2484 5414 2597 5465 virc
2632 5407 2927 5463 clarissimo
2968 5404 3187 5457 consule
3219 5402 3398 5476 [Anno
3419 5398 3615 5455 Citriin
3646 5396 3798 5454 55H.

2222 5576 2337 5641 Quo
2368 5572 2563 5627 indicto
2589 5568 2873 5641 didicimus
2902 5581 3007 5635 quo
3047 5565 3098 5617 in
3154 5567 3271 5620 loco
3303 5561 3588 5634 epismpns
3640 5560 3798 5615 fuerit

2218 5643 2667 5699 Contumeliosus.
2695 5640 2806 5694 Jac.
2841 5640 3158 5693 Stuuoxons.
