4126 6362
277 347 349 403 es
992 398 995 401 ν
1713 350 2089 409 Et'lSTOL/E.
3461 363 3531 415 es
3556 440 3559 445 ⁴

498 461 825 518 EPISTULA
850 463 993 534 (olim
1026 462 1113 529 Vl)
1142 463 1417 519 JOANNIS
1446 463 1525 519 PA
1537 462 1641 517 P:E

668 596 734 635 AD
763 595 1033 635 CESARIUM
1064 593 1463 643 ΑῐιειΑτεκεειι,

277 693 407 749 Cum
437 693 674 765 subjectis
702 693 977 765 ι’(ιηοηὶζηιδ
998 692 1059 743 ab
1089 708 1150 765 eo
1174 693 1339 765 missis
1364 692 1428 744 ad
1458 690 1847 765 examinandum

618 780 826 816 causam
865 762 1230 816 Contumeliosi
1260 764 1504 830 episcopi.

353 875 709 930 Dilectissimo
737 875 887 930 fratri
919 874 1155 930 Caesario
1178 874 1433 931 Joannes.

351 994 640 1048 Cbaritatis
679 1003 781 1046 tuae
823 993 1029 1047 litteras
1056 993 1236 1046 animo
1264 992 1445 1047 libenti
1483 991 1849 1063 suscepimus,

278 1086 329 1138 in
399 1085 589 1154 quibus
635 1099 923 1153 corporeas
981 1084 1331 1139 necessitates
1375 1083 1644 1154 allegans,
1689 1082 1848 1138 etiam

275 1194 397 1248 quae
432 1178 636 1232 sacrius
670 1177 683 1207 ¹
729 1176 816 1232 ille
845 1176 934 1247 qui
966 1178 1143 1245 lapsus
1182 1185 1265 1231 est
1308 1175 1528 1242 fecerit,
1584 1174 1847 1229 indicasti.

279 1270 529 1324 Dolemus
558 1270 625 1324 de
656 1269 944 1323 amissione
976 1267 1275 1339 pontiﬁcis,
1304 1266 1534 1336 rigorem
1563 1274 1736 1322 tamen
1761 1282 1853 1321 ca-

275 1377 476 1416 nonum
503 1375 719 1415 servare
740 1374 960 1415 necesse
982 1368 1084 1415 est.
1114 1361 1288 1429 Atque
1310 1358 1430 1414 ideo
1451 1360 1759 1428 praedictum
1782 1359 1851 1414 ab

274 1455 616 1523 episcopatus
655 1454 842 1509 ordine
873 1464 1055 1508 nostra
1083 1452 1361 1523 suspendit
1402 1453 1707 1507 auctoritas.
1740 1451 1851 1507 Ne-

273 1561 377 1616 que
404 1548 546 1601 enim
596 1546 674 1602 fas
704 1554 789 1601 est
838 1547 1099 1615 pollutum
1134 1545 1448 1600 criminibus
1487 1545 1654 1600 sacris
1688 1544 1850 1600 mini-

275 1639 456 1693 steriis
506 1639 797 1693 deservire.
848 1638 953 1694 Sed
1003 1649 1056 1694 te
1099 1638 1379 1693 ordinante
1425 1638 1477 1692 in
1528 1637 1855 1692 monasterio

277 1726 578 1796 dirigatur,
606 1728 695 1781 ubi
735 1727 1052 1783 delictorum
1082 1744 1289 1784 memor
1334 1728 1387 1782 in
1426 1727 1733 1798 pmnitentia
1774 1729 1855 1806 la-_

1886 464 2101 524 Aenim
2161 463 2355 517 lmlitia:
2404 464 2693 532 spiritualis
2748 482 2883 522 unus
2934 469 3035 524 fuit
3076 469 3330 539 affectus,
3375 487 3530 542 agere

1954 555 2151 622 gratias
2195 555 2543 620 omnipotenti
2583 555 2724 623 Deo,
2759 557 2910 625 cujus
2954 561 3122 627 gratia
3155 549 3530 630 peccatoribus

1951 646 2067 697 sine
2090 645 2295 698 meritis
2321 660 2541 713 operum
2575 649 2750 712 datur,
2780 649 3147 705 etantidotum
3178 652 3299 707 fidei
3330 653 3530 707 saluta-

1952 734 2028 789 ris
2057 750 2223 803 nuper
2253 737 2611 791 reconciliatis
2643 738 2909 794 haereticis
2939 741 3230 799 obtinetur.
3422 799 3440 815 ,

2026 826 2435 882 Deﬁnitionibus
2481 839 2657 883 autem
2712 832 2912 888 Niczeni
2958 835 3167 891 concilii
3205 839 3409 906 publica
3453 839 3531 895 lc-

1953 920 2131 973 ctione
2150 920 2489 987 transcursis,
2522 923 2661 977 inter
2688 924 2796 978 alia
2825 926 2891 981 de
2932 928 3122 997 quibus
3149 931 3390 987 nancisci
3428 933 3525 990 de-

1953 1008 2106 1074 buit,
2163 1008 2522 1078 disputatione
2574 1013 2772 1081 requiri
2813 1014 2924 1083 jam
2967 1027 3204 1086 cmperat
3254 1021 3527 1089 quomodo

1950 1103 2273 1157 Arianorum
2319 1104 2627 1159 sacerdotes
2670 1105 2735 1159 ad
2767 1107 3081 1164 catholicam
3128 1111 3281 1165 tidem
3324 1114 3527 1182 suscipi

1960 1204 2250 1264 oporteat,
2300 1206 2551 1250 utrumne
2582 1198 2633 1250 in
2683 1200 2793 1253 suis
2837 1199 3157 1269 honoribus,
3186 1219 3254 1258 an
3296 1206 3353 1261 in
3392 1206 3529 1262 laica

1952 1288 2361 1354 communione,
2394 1289 2472 1342 sic
2517 1289 2765 1343 omnibus
2807 1292 2958 1345 nobis
2999 1295 3320 1351 unanimiter
3351 1297 3528 1353 subito

1951 1378 2150 1447 placuit
2171 1380 2430 1434 sciscitari
2458 1382 2707 1450 primitus
2730 1383 3072 1439 beatitudinis
3094 1395 3284 1442 vestra:
3311 1398 3527 1443 senten-

1953 1470 2105 1528 tiam.
2132 1470 2315 1526 Putest
2346 1474 2487 1526 enim
2510 1472 2665 1528 sedes
2693 1475 3005 1542 apostolica,
3040 1488 3293 1547 quantum
3344 1495 3528 1549 spera-

1954 1575 2114 1628 mus,
2168 1563 2272 1617 tale
2317 1564 2471 1617 nobis
2522 1564 2974 1633 interrogantibus
3016 1568 3145 1623 dare
3174 1585 3524 1641 responsum,

1951 1654 2111 1721 quale
2162 1669 2262 1709 nos
2290 1655 2587 1723 approbare
2630 1657 2969 1713 concorditer
3007 1660 3279 1730 explorata
3330 1663 3528 1718 veritas

1951 1741 2131 1799 faciat.
2158 1743 2233 1797 Ex
2257 1747 2495 1799 omnium
2515 1746 2728 1814 quidem
2752 1746 3073 1818 collegarum
3099 1751 3271 1806 tacitis
3291 1753 3526 1808 motibus

272 1833 485 1890 crymas
509 1820 781 1905 ellundere
804 1837 910 1875 non
939 1822 1179 1887 omittat,
1202 1831 1260 1876 ut
1285 1822 1353 1875 ab
1377 1836 1443 1876 eo
1472 1824 1564 1892 qui
1603 1822 1847 1877 omnibus

1953 1835 2150 1889 nemini
2180 1835 2391 1905 placere
2417 1838 2684 1892 sensimus
2705 1848 2763 1893 ut
2789 1839 2841 1893 in
2891 1841 3001 1895 suis
3026 1842 3314 1897 honoribus
3336 1844 3519 1897 Ariani

273 1909 557 1963 miseretur
587 1896 810 1964 Domino
836 1919 1020 1965 nostro
1044 1911 1167 1965 Jesu
1183 1911 1402 1965 Christo
1425 1912 1843 1967 misericordiam

272 2000 446 2055 valeat
470 2001 785 2068 promereri.
814 2001 872 2055 ln
902 2003 1055 2071 cujus
1087 2003 1260 2058 locum
1289 2003 1617 2059 visitatorem
1650 2006 1855 2060 consti-

274 2090 441 2153 tuite,
494 2090 666 2146 donec
714 2093 983 2162 pr0prium
1024 2094 1264 2150 Ecclesia
1316 2111 1436 2165 qua:
1472 2107 1721 2152 evacuata
1768 2106 1850 2153 est

272 2180 391 2249 ejus
420 2183 722 2237 sacerdotio
749 2200 958 2241 merere
983 2187 1156 2241 valeat
1197 2189 1555 2243 sacerdotem.
1597 2190 1853 2246 Commu-

274 2271 431 2326 nibus
460 2281 638 2326 tamen
673 2274 919 2343 precibus
946 2291 1170 2333 exorare
1202 2278 1364 2334 Deum
1409 2288 1653 2335 nostrum
1685 2281 1848 2336 debe-

274 2376 427 2430 mus,
486 2372 543 2416 ut
593 2378 753 2433 puros
803 2374 1024 2421 cunctos
1066 2376 1280 2437 priestet
1311 2371 1601 2428 antistites.
1656 2373 1711 2429 Si
1756 2376 1848 2445 qui

273 2459 453 2505 tamen
479 2454 818 2521 pontificatus
838 2456 1179 2514 immemores
1197 2460 1509 2518 criminibus
1532 2478 1591 2519 se
1607 2464 1847 2521 fortassis

277 2542 632 2605 involverint.
682 2557 735 2600 et
777 2562 962 2604 eorum
1003 2566 1259 2619 personas
1288 2556 1475 2626 vulgus
1514 2570 1843 2627 cognoscat:

276 2634 480 2690 facilius
507 2637 647 2691 enim
676 2655 702 2691 a
737 2639 949 2696 delictis
971 2654 1196 2709 cavent,
1230 2645 1403 2701 sinon
1449 2649 1662 2703 videant
1688 2653 1847 2706 etiam

277 2724 581 2783 hominibus
628 2740 834 2785 secreta
863 2746 981 2788 esse
1020 2750 1138 2804 qua:
1170 2734 1413 2791 fecerint.
1457 2738 1585 2805 Quae
1618 2757 1744 2797 vero
1782 2744 1849 2801 de

278 2815 362 2870 his
393 2832 625 2874 canones
670 2824 1015 2893 praecipiunt,
1068 2827 1250 2882 subter
1271 2830 1593 2899 adjecitnus,
1627 2845 1683 2888 ut
1731 2852 1849 2906 qua:

276 2910 513 2963 facienda
542 2920 668 2965 sunt
699 2914 912 2982 possitis
938 2930 1249 2985 agnoscere.
1284 2920 1419 2973 Dens
1447 2934 1497 2976 te
1528 2924 1850 2982 incolumem

275 3001 561 3065 custodiat,
586 3003 747 3059 frater
773 3008 1046 3060 carissime
1073 3008 1249 3078 [Anno
1274 3012 1470 3066 Christi
1499 3014 1644 3085 554].

384 3134 711 3193 EPISTULA
738 3142 1227 3202 AFRICANORUM
1272 3149 1743 3207 EPISCOPORUM

313 3266 377 3305 AD
402 3267 635 3309 JOANNEM
663 3272 826 3323 DATA,
852 3273 945 3312 SED
977 3276 1039 3313 All
1065 3278 1300 3318 ACAPETO
1334 3281 1453 3320 ειυς
1489 3281 1813 3325 SUCCESSORE

930 3346 1188 3385 ACCEPTA.

435 3414 739 3486 Pontiﬁcem
769 3422 832 3474 de
860 3422 1029 3476 dubiis
1059 3426 1363 3494 quibusdam
1393 3431 1685 3485 consulunt.

355 3522 571 3580 Domino
608 3528 920 3585 beatissimo
957 3543 1009 3587 et
1036 3535 1333 3591 honorabili
1385 3549 1575 3595 sancto
1607 3541 1757 3597 fratri
1797 3555 1851 3600 et

274 3618 641 3673 consacerdoti
697 3620 926 3688 Juanni,
986 3623 1320 3696 Reparatus,
1379 3631 1847 3707 Florentinianus,

276 3706 562 3776 Datianus,
610 3722 664 3767 et
701 3719 880 3770 caueri
912 3717 1017 3772 217
1046 3721 1284 3788 episcOpi
1308 3763 1323 3787 ,
1367 3726 1458 3793 qui
1490 3725 1543 3779 in
1587 3706 1848 3785 universis

275 3799 519 3854 conciliis
541 3804 679 3871 apud
720 3805 1069 3864 Justinianam
1100 3810 1570 3885 Carthaginensem
1604 3818 1849 3890 [Cartha-

275 3889 473 3965 ginem]
504 3894 715 3951 fuimus.

346 3984 609 4054 Optimam
637 3994 1075 4051 consuetudinem
1100 4000 1351 4067 prteteriti
1378 4007 1654 4075 temporis,
1685 4024 1844 4078 quam

276 4074 508 4130 violenta
557 4081 836 4149 captivitas
892 4101 984 4154 per
1031 4104 1200 4145 annos
1242 4103 1490 4163 centum,
1544 4074 1846 4157 dolentibus

276 4167 479 4219 cunctis
502 4209 516 4231 ,
568 4170 857 4228 abstulerat
883 4217 897 4243 ,
948 4177 1140 4233 iterum
1170 4195 1388 4239 servare
1416 4190 1695 4255 cupientes
1715 4231 1731 4255 ,
1777 4193 1844 4247 ad

276 4254 631 4314 universalem
685 4264 847 4319 totius
876 4267 1065 4323 Africa:
1113 4273 1375 4342 synodum
1402 4254 1525 4331 fidei
1561 4254 1845 4337 devotione

275 4348 644 4414 convenimus,
672 4351 724 4405 in
754 4355 843 4407 illa
874 4355 1189 4415 Justiniante
1228 4361 1664 4436 Carthaginensis
1696 4370 1847 4445 [Car-

277 4434 525 4506 thaginis]
579 4439 795 4496 basilica
847 4454 1277 4520 congregationis
1334 4434 1530 4515 noslrte
1584 4434 1847 4531 primitias

276 4526 503 4624 [lamina
532 4546 930 4605 consecrantes,
966 4543 1104 4597 unde
1132 4556 1343 4602 nostros
1382 4561 1561 4615 patres
1589 4565 1846 4624 tyrannus

276 4615 574 4714 llnnericus
595 4627 893 4692 expulerat.
931 4631 1054 4688 Hzec
1083 4635 1300 4693 basilica
1342 4641 1522 4697 Fausti
1559 4615 1696 4714 apud
1748 4665 1846 4705 nos

274 4708 488 4775 dicitur,
530 4716 710 4771 multis
733 4734 1025 4791 martyrum
1055 4731 1372 4799 corporibus
1414 4708 1686 4807 insignita,
1717 4758 1851 4811 quo-

279 4816 394 4853 rum
432 4804 567 4861 Deus
595 4813 866 4868 exaudivit
894 4819 1162 4876 orationes
1182 4863 1197 4886 ,
1223 4832 1281 4877 ut
1304 4824 1457 4882 daret
1493 4804 1646 4897 hujus
1790 4836 1850 4888 [i-

277 4889 489 4945 duciam
522 4900 908 4959 sacerdotibus.
948 4906 1018 4961 lbi
1050 4909 1211 4979 igitur
1238 4924 1495 4983 quantum
1537 4889 1728 4991 singuli
1771 4926 1849 4980 la-

275 4989 641 5084 crymantibus
689 4997 894 5061 gaudiis
947 4998 1076 5055 ﬂere
1131 5006 1445 5078 potuerint,
1510 4989 1845 5084 cogitandum

275 5075 451 5140 potius
494 5078 804 5137 beatitudini
850 5097 1043 5145 vestra:
1091 5075 1462 5153 dimittimus:
1498 5102 1550 5155 in
1575 5075 1847 5163 Vomnibns

352 5210 366 5284 ξ
398 5209 513 5284 {Ioc
533 5224 629 5280 est,
655 5222 1006 5279 exsccratius.
1034 5227 1202 5284 llaun.

349 5278 641 5371 :C‘izta‘ntur
689 5292 786 5370 ista
839 5278 977 5371 inv.
1006 5278 1429 5371 crevitnepistola
1479 5308 1582 5363 217
1629 5311 1843 5370 Patrum

276 5352 465 5426 synodi
494 5352 925 5425 Carthaginensis
950 5352 1245 5426 anna7534‘.‘

347 5420 366 5449 ³
393 5422 591 5481 Sancto
616 5420 816 5498 Spiritu
841 5420 1069 5493 fervens.

1955 1925 2332 1993 suscipiantur.
2363 1926 2737 1982 Verumtamen
2770 1933 3059 1984 convenire
3084 1929 3331 1985 charitati
3354 1933 3529 1987 credi-

1953 2015 2153 2081 dimus,
2183 2025 2242 2070 ut
2263 2016 2389 2084 quid
2413 2018 2605 2072 habeat
2624 2033 2815 2073 sensus
2838 2030 3022 2075 noster
3053 2020 3104 2074 in
3133 2021 3395 2091 publicam
3428 2037 3530 2076 no-

1954 2107 2125 2161 titiam
2174 2123 2332 2163 nemo
2358 2109 2714 2178 perduceret,
2753 2112 2854 2167 nisi
2886 2113 3033 2183 prius
3066 2114 3151 2168 vel
3197 2115 3529 2170 consuetudo

1952 2197 2106 2252 nobis
2136 2238 2153 2265 ,
2185 2199 2269 2253 vel
2314 2199 2563 2255 diffinitio
2606 2202 2858 2257 Romanae
2890 2204 3147 2259 Ecclesiae
3185 2204 3527 2274 proderetur.

1953 2289 2064 2344 Hac
2107 2289 2265 2359 igitur
2294 2300 2491 2345 nostra:
2537 2292 2868 2348 salutationis
2911 2294 3134 2363 epistola
3188 2311 3285 2365 per
3338 2295 3529 2351 fratres

1951 2382 2359 2438 consacerdotes
2382 2394 2593 2440 nostros
2618 2382 2801 2440 Caium
2826 2395 2880 2441 et
2906 2387 3142 2452 Petrum,
3166 2397 3219 2443 et
3241 2403 3335 2458 per
3355 2388 3523 2443 filium

1954 2483 2201 2529 nostrum
2256 2474 2561 2530 Liberatum
2608 2477 2892 2532 diaconum
2937 2479 3189 2533 continuo
3238 2479 3528 2534 destinavi-

1952 2581 2090 2632 mus,
2122 2576 2175 2621 et
2201 2569 2220 2597 ¹
2245 2568 2617 2622 auctoritatem
2639 2578 2834 2624 vestra:
2859 2570 3201 2625 beatitudinis
3228 2579 3283 2624 et
3301 2571 3527 2640 gratiam

1952 2658 2145 2713 debitis
2167 2658 2438 2728 obsequiis
2462 2659 2783 2714 honorantes
2808 2677 2821 2714 :
2849 2660 2970 2714 talis
2992 2661 3185 2729 quippe
3205 2675 3283 2731 es,
3313 2663 3523 2730 qualem

1953 2758 2135 2803 sancta
2194 2748 2350 2803 sedes
2396 2749 2541 2804 Petri
2591 2750 2894 2805 merebatur
2938 2751 3136 2807 habere
3182 2751 3482 2821 pontificem
3509 2792 3526 2816 ,

1952 2842 2145 2911 dignus
2174 2841 2535 2907 veneratione,
2566 2843 2755 2911 plenus
2779 2844 3063 2899 dilectione
3088 2884 3103 2910 ,
3139 2844 3362 2914 loquens
3386 2845 3529 2898 veri-

1955 2943 2113 2987 tatem
2137 2934 2253 2987 sine
2280 2935 2580 3002 mendacio,
2614 2935 2743 2989 nihil
2775 2935 2972 2991 faciens
3003 2948 3331 3006 arroganter.
3376 2936 3528 2991 Unde

1952 3025 2114 3079 etiam
2143 3024 2309 3077 libera
2333 3024 2567 3078 Charitas
2595 3026 2854 3079 universae
2880 3027 3229 3081 fraternitatis
3252 3028 3527 3095 requiren-

1953 3116 2076 3171 dum
2111 3117 2315 3185 putavit
2355 3116 2635 3169 consilium
2672 3126 2839 3171 tuum.
2891 3116 3249 3185 Respondeat,
3276 3118 3524 3181 obsecro,

1877 3227 1921 3288 ρ
1957 3222 2109 3261 mens
2157 3206 2247 3260 illa
2298 3215 2483 3261 sancto
2535 3208 2756 3277 Spiritui
2800 3208 3110 3263 ’,εει-κῆρυξ
3158 3209 3439 3264 alfabiliter
3474 3220 3528 3264 et

1955 3297 2214 3352 veraciter
2246 3296 2286 3351 ⁸.
2314 3296 2429 3352 Νοη
2461 3298 2632 3352 solum
2659 3298 2799 3353 enim
2832 3300 2899 3353 de
2928 3300 3314 3366 sacerdo:ibus,
3338 3300 3431 3355 sed
3458 3301 3528 3356 de

1955 3392 2082 3459 ipsis
2132 3406 2344 3460 quoque
2398 3392 2629 3459 parvulis
2666 3392 2802 3461 apud
2850 3406 2943 3447 eos
2985 3392 3297 3462 haptizatis,
3346 3401 3522 3447 utrum

1952 3484 2162 3539 soleant
2188 3483 2272 3538 vel
2313 3484 2541 3539 debeant
2570 3486 2636 3540 ad
2662 3485 2995 3554 clericatum,
3030 3487 3072 3539 si
3104 3484 3383 3555 petierint,
3433 3501 3528 3555 ap-

1953 3574 2141 3643 plicari
2170 3574 2519 3629 consulimus.
2546 3574 2721 3629 Multis
2751 3576 2892 3629 enim
2919 3575 3101 3630 facere
3126 3575 3252 3629 istas
3280 3575 3527 3645 frequen-

1952 3675 2033 3719 ter
2064 3666 2350 3735 petitiones
2374 3667 2719 3720 concedimus
2738 3708 2752 3731 ,
2786 3682 2884 3721 nec
2912 3682 3169 3736 negamus
3188 3709 3204 3734 ,
3233 3668 3404 3722 donec
3431 3656 3539 3723 ha?

1950 3756 2061 3810 bito
2113 3756 2392 3811 vobiscum
2423 3757 2765 3825 diligentiore
2815 3768 3077 3826 tractatu,
3112 3760 3302 3828 legatio
3345 3768 3526 3813 nostra

1951 3856 2268 3901 revertatur.
2314 3845 2444 3899 Illud
2475 3847 2636 3901 etiam
2670 3847 2981 3902 beatitudini
3013 3859 3114 3903 tute
3143 3850 3411 3904 credimus
3440 3850 3526 3902 in-

1952 3938 2245 3990 limandum
2275 3979 2288 4001 ,
2338 3936 2531 3991 fratres
2581 3937 2882 4007 aliquantos
2920 3954 2984 3994 ex
3024 3949 3208 3995 nostro
3252 3940 3527 4010 collegio,

1949 4029 2148 4085 relictis
2174 4030 2291 4085 sine
2317 4044 2473 4084 causa
2500 4032 2743 4100 plebibus
2771 4033 2905 4099 suis,
2937 4032 3001 4086 ad
3032 4035 3412 4088 transmarinas
3435 4049 3529 4087 na-

1950 4120 2132 4190 vigare
2158 4122 2354 4189 saepius
2380 4122 2648 4190 regiones.
2691 4122 2799 4177 llos
2830 4123 3028 4178 diutius
3066 4124 3301 4178 Ecclesia
3334 4126 3527 4179 tolera-

1951 4213 2056 4279 vit,
2088 4222 2401 4268 accusantes
2433 4214 2791 4287 [excusantes]
2823 4232 2918 4271 eos
2960 4218 3265 4271 violentiam
3318 4228 3527 4288 tempo-

1951 4302 2026 4355 ris
2058 4302 2206 4356 mali.
2238 4303 2475 4358 Petimus
2500 4320 2639 4359 nunc
2661 4316 2718 4359 ut
2740 4308 3041 4377 quicunque
3071 4308 3294 4363 forsitan
3319 4311 3530 4378 episcoc

1950 4406 2077 4460 pus,
2132 4403 2222 4448 aut
2270 4394 2567 4465 presbyter,
2615 4396 2730 4451 sive
2762 4398 3046 4464 diaconus,
3104 4410 3195 4452 aut
3247 4399 3528 4468 cujuslibet

1952 4481 2222 4537 inferioris
2247 4483 2454 4538 ordinis
2489 4485 2718 4541 clericus
2750 4488 2867 4540 sine
2893 4497 3072 4541 nostra
3101 4475 3326 4557 epistola
3367 4504 3527 4544 vene-

1875 4599 1927 4660 D
1951 4576 2050 4639 rit,
2081 4582 2134 4628 et
2164 4589 2267 4629 non
2309 4575 2685 4645 approbaverit
2730 4592 2788 4632 se
2823 4594 2916 4649 pro
2946 4578 3174 4633 utilitate
3221 4589 3526 4634 sanctarum

1951 4664 2309 4720 Ecclesiarum
2347 4666 2512 4723 fuisse
2538 4669 2830 4735 directum,
2861 4670 3051 4723 similis
3083 4670 3338 4725 hmrctico
3377 4672 3523 4739 judi-

1957 4767 2135 4810 cetur:
2177 4771 2349 4827 neque
2396 4770 2568 4827 vestra
2595 4762 2969 4815 communione
2998 4762 3189 4833 dignus
3219 4764 3430 4828 existat,
3466 4775 3527 4818 ut

1958 4845 2009 4899 in
2041 4845 2293 4901 omnibus
2321 4856 2376 4903 et
2418 4864 2514 4918 per
2542 4851 2719 4904 omnia
2760 4852 3101 4906 beatitudinis
3132 4862 3321 4908 vestrm
3369 4854 3529 4909 disci-

1958 4935 2099 5003 plina
2144 4936 2407 4993 laudetur.
2443 4938 2512 4992 Et
2541 4940 2644 4994 alia
2685 4958 2840 4995 manu
2879 4958 2898 4996 :
2931 4943 3177 5012 Vegetem
3220 4942 3528 5016 [Vegetumj

1956 5032 2036 5092 te,
2088 5027 2368 5097 nostrique
2406 5046 2696 5086 memorem
2728 5042 2944 5101 praestet
2980 5035 3317 5104 omnipotens
3352 5036 3527 5104 Deus,

1955 5116 2171 5175 domine
2204 5121 2367 5175 frater

2029 5251 2049 5282 "
2074 5252 2128 5306 In
2162 5254 2256 5307 illo
2285 5271 2333 5307 v.
2371 5270 2421 5309 c.
2468 5256 2579 5310 lucc
2606 5256 2911 5311 inseruntur
2942 5276 2956 5313 :
2993 5258 3166 5316 Potest
3213 5263 3345 5317 enim
3386 5265 3530 5318 sedes

1955 5324 2236 5405 apostolica
2273 5335 2518 5393 quantum
2556 5343 2816 5397 speramus
2847 5328 2949 5383 tale
2999 5332 3145 5387 nobis
3172 5335 3530 5405 interroganti-

1957 5392 2047 5446 bus
2079 5394 2201 5447 dare
2229 5392 2542 5466 responsum,
2568 5392 2671 5454 etc.
2698 5410 2751 5453 ut
2783 5414 2961 5469 supra.
