4126 6362
577 297 644 350 27
1687 284 1772 338 AD
1812 278 2098 338 SCRIPTA
2137 276 2413 332 JOANNIS
2460 273 2658 329 PAPE
2699 273 2738 327 ll
3779 272 3845 327 ξε

1877 483 2529 590 APPENDIX
3141 565 3144 568 .

1321 671 1475 756 AD
1525 665 2011 754 SCRIPTA
2068 659 2557 747 JOANNIS
2607 654 2924 738 PAP/E
2977 655 3090 735 II.

589 439 824 452 *ν

734 902 1067 958 EPISTULA
1105 903 1119 932 ι
1156 902 1298 968 (olim
1335 901 1375 968 ι)
1416 899 1694 954 .toAN-xts
1734 897 1932 952 l‘APiE
1976 900 2012 950 η

1011 1010 1076 1047 AD
1120 1007 1385 1046 νλιιῐιυωι
1427 1007 1735 1047 ειιιδεοῐιυη.

586 1086 741 1140 Docet
760 1085 1016 1139 Christum
1040 1083 1332 1145 Dominum,
1367 1084 1644 1136 secundum
1672 1084 1873 1136 deitatis
1898 1092 2157 1148 naturam,

658 1153 806 1240 Patri
831 1155 1096 1223 (aqualem,
1130 1155 1408 1209 secundum
1439 1170 1552 1206 vero
1586 1155 1870 1208 humanam
1897 1166 2158 1217 naturam,

654 1243 901 1279 minorem
931 1242 1056 1279 €388.

623 1317 1088 1374 Reverendissimo
1120 1315 1265 1370 lratri
1303 1314 1514 1370 Valerio
1563 1317 1820 1384 ep'seopo
1851 1316 2114 1370 Joannes.

656 1412 864 1479 Scripta
909 1420 1011 1463 ture
1059 1408 1358 1461 sanctitatis
1407 1406 1726 1479 suscipiens,
1758 1405 1909 1479 plena
1947 1421 2008 1459 ea
2041 1405 2162 1479 lidci

587 1477 791 1554 regula,
820 1496 921 1554 qua
948 1481 1234 1554 plurimum
1271 1479 1458 1547 polles,
1488 1477 1693 1554 inveni,
1726 1490 1780 1530 et
1801 1478 1920 1554 _l)eo
1964 1478 2162 1554 gratias

595 1548 750 1607 reiult
779 1552 917 1619 quod
940 1551 1117 1603 anima
1157 1560 1210 1602 et
1247 1564 1474 1614 corpore
1506 1559 1557 1602 te
1587 1548 1724 1604 bene
1765 1549 1945 1615 vigere
1974 1550 2159 1599 didici.

589 1623 731 1677 Sane
756 1639 816 1674 ea
849 1636 972 1690 qua:
998 1620 1310 1683 significasti
1346 1619 1619 1690 quosdam
1659 1620 1837 1672 dicere
1867 1619 2006 1690 quod
2057 1634 2161 1672 non

589 1696 659 1749 sit
684 1689 1101 1758 Filius’a-qualis
1135 1691 1296 1752 l‘atri,
1330 1701 1383 1743 et
1429 1689 1569 1758 quod
1611 1689 1660 1742 in
1701 1689 1988 1758 Evangelia
2033 1691 2166 1743 seri-

587 1775 735 1832 ptttm
772 1764 841 1816 sit
869 1781 878 1814 :
913 1763 1065 1815 Pater
1084 1764 1248 1829 major
1281 1779 1357 1815 me
1386 1771 1457 1814 est
1490 1759 1670 1828 (Joan.
1703 1761 1810 1828 xw)
1837 1800 1851 1821 ,
1884 1761 2024 1832 scias
2057 1775 2160 1814 non

589 1830 738 1889 recte
769 1833 1064 1896 inielligere
1084 1833 1216 1885 tali-es
1246 1834 1364 1885 lidei
1391 1832 1624 1898 regulas,
1651 1846 1748 1884 nee
1772 1840 1972 1884 rectam
2005 1830 2162 1883 [idem

591 1921 756 1972 penes
787 1920 844 1958 se
869 1904 1085 1957 habere.
1130 1903 1324 1956 Paulus
1374 1902 1650 1970 apostolus
1677 1906 1695 1931 ¹
1732 1918 1835 1954 non
1868 1902 2158 1955 secundum

591 1976 808 2032 dedatis
834 1985 1077 2028 naturam
1105 1973 1375 2027 Christum
1401 1981 1637 2026 eventum
1672 1973 1928 2036 insinuat,
1958 1973 2049 2025 sed
2081 1987 2158 2024 se.

591 2049 824 2101 eundum
862 2047 1106 2097 bumanrc
1130 2056 1329 2096 uatune
1355 2045 1702 2097 substantiam
1730 2043 1976 2097 eamdem
2011 2058 2164 2096 crea-

594 2125 710 2170 tum
744 2117 996 2178 allirtuat,
1031 2117 1148 2182 ipso
1193 2116 1438 2182 Ephesiis
1488 2115 1861 2167 eonscribente
1886 2130 1899 2165 :
1928 2111 2163 2166 Renova-

595 2189 743 2248 mini,
783 2187 950 2253 inquit
973 2187 1153 2254 spiritu
1199 2186 1378 2237 mentis
1419 2195 1628 2249 vestrm,
1664 2196 1710 2238 et
1741 2185 1938 2237 induite
1979 2200 2164 2237 novum

598 2260 873 2321 hominem,
895 2258 981 2326 qui
1010 2257 1282 2309 secundum
1307 2255 1468 2308 Deum
1496 2266 1694 2308 creatus
1715 2265 1789 2309 est
1813 2256 1862 2308 in
1887 2255 2092 2327 justitia
2117 2266 2163 2307 et
2196 2266 2244 2325 Β

593 2330 859 2382 sanctitate
881 2327 1101 2380 veritatis
1135 2327 1348 2398 (Ephes.
1384 2328 1480 2393 Iv).
1517 2327 1577 2378 Et
1599 2327 1662 2378 atl
1695 2326 1972 2379 llebrtcns:
2013 2326 2076 2377 In
2098 2342 2164 2398 eo

594 2401 728 2452 enim
758 2401 807 2452 in
831 2415 931 2467 quo
963 2396 1152 2463 passus
1171 2407 1240 2449 est
1263 2399 1350 2450 ille
1371 2407 1418 2450 et
1447 2407 1688 2459 tenta'us,
1721 2399 1870 2450 etiam
1903 2407 2062 2462 potest
2087 2396 2165 2447 his

595 2471 681 2538 qui
712 2479 966 2522 tentantur
982 2469 1224 2520 auritiari
1252 2467 1428 2536 (Hebr.
1453 2471 1532 2537 tt).
1562 2468 1732 2531 Unde,
1754 2468 1943 2521 fratres
1974 2467 2164 2529 sancti,

601 2539 899 2594 vocationis
921 2539 1152 2592 ecelestis
1173 2539 1482 2605 participes,
1511 2541 1847 2592 considerate
1869 2539 2167 2604 apostolum

523 2642 526 2646 ~
600 2620 653 2666 et
683 2611 982 2678 pontilitfetn
1006 2626 1104 2662 cun
1129 2610 1354 2663 es~ioni4
1379 2609 1790 2666 nostrmJesum.
1823 2611 2041 2678 lideleur
2061 2609 2170 2678 exi-

597 2677 826 2737 stentetn
849 2679 1002 2746 eiqui
1032 2685 1230 2733 creavit
1257 2695 1398 2734 eum.
1433 2681 1495 2733 Et
1521 2681 1582 2733 ad
1605 2681 1990 2734 Culnssenses:
2021 2677 2172 2732 Nurc

603 2761 775 2805 autem
819 2753 1051 2819 deponite
1078 2763 1123 2802 et
1145 2766 1230 2803 vos
1259 2753 1512 2813 universa,
1552 2752 1701 2814 iram,
1747 2752 2166 2820 indignationem,

601 2822 870 2883 malitiam,
901 2820 1215 2885 blasphemia
1237 2838 1291 2883 u,
1346 2824 1618 2888 turpiaque
1651 2838 1714 2875 ex
1759 2837 1845 2873 ore
1878 2831 2040 2874 restro
2073 2836 2171 2871 non

604 2893 899 2961 procedant.
924 2891 1099 2944 Nolite
1126 2893 1322 2944 mentiri
1340 2895 1566 2954 invicem,
1595 2893 1930 2962 exspoliantes
1943 2909 2025 2944 vos
2044 2900 2172 2943 vete-

603 2980 707 3018 rem
724 2963 974 3016 hominem
992 2978 1106 3014 cum
1127 2963 1321 3015 actibus
1343 2963 1468 3029 suis,
1484 2974 1528 3017 et
1550 2964 1815 3016 induentes
1837 2978 2038 3025 novum,
2061 2977 2174 3014 eum

602 3037 690 3104 qui
715 3045 986 3088 renovatur
1015 3036 1066 3084 in
1098 3033 1410 3096 amitionem
1463 3034 1741 3085 secundum
1770 3035 1837 3085 im
1877 3035 2042 3103 ginem
2070 3033 2177 3102 ejus

601 3106 691 3178 qui
718 3106 903 3158 creat-it
933 3121 1050 3178 eum
1075 3105 1295 3178 (liotoss.
1330 3104 1428 3178 tit).
1464 3104 1708 3171 Nunquid
1739 3106 1826 3172 qui
1865 3105 2175 3178 universam

603 3175 926 3238 creaturam,
956 3175 1210 3235 visibilia,
1245 3176 1458 3242 pr0pria
1502 3182 1782 3241 petestatts
1831 3175 2023 3227 virtute
2057 3188 2179 3240 pro-

604 3248 808 3302 creavit
837 3260 899 3299 ac
927 3245 1071 3307 fecit,
1104 3246 1341 3317 seipsum
1364 3255 1517 3317 antea
1547 3245 1989 3317 relpostmodutu
2016 3243 2177 3317 (quad

604 3317 787 3371 dicere
809 3317 979 3382 nefas)
1010 3318 1236 3378 creavit,
1263 3315 1346 3368 vel
1377 3316 1551 3368 facere
1577 3315 1783 3384 potuit?
1817 3315 1978 3369 Filius
2001 3315 2175 3368 minor

606 3386 629 3419 ⁸
654 3398 734 3441 est
761 3387 916 3440 Patre
947 3387 997 3440 in
1027 3386 1286 3453 assumpti
1321 3387 1554 3439 lmmiuis
1591 3387 1778 3449 forma,
1805 3387 2029 3455 a-qualis
2055 3400 2183 3440 vero

607 3457 748 3513 Patri
771 3470 852 3512 est
881 3459 932 3511 in
963 3458 1179 3512 deitatis
1204 3467 1407 3510 natura:
1437 3457 1757 3516 substantia.
1781 3462 1972 3511 eodem
2001 3468 2183 3525 prate-

607 3538 782 3582 stanle
809 3546 820 3579 :
869 3526 976 3598 Ego
1006 3537 1052 3580 et
1085 3527 1240 3599 Pater
1265 3543 1424 3580 unum
1453 3544 1626 3599 sumus
1669 3527 1843 3597 (Joan.
1879 3529 1953 3599 χ).
1985 3531 2043 3581 Et
2081 3530 2178 3580 ite-

610 3615 726 3669 rum
753 3617 765 3652 :
801 3600 900 3665 Qui
919 3596 1005 3650 me
1030 3598 1183 3662 videt,
1233 3599 1366 3651 ridet
1393 3608 1440 3650 et
1468 3596 1684 3669 Putrem
1719 3596 1922 3669 (Joan.'
1954 3599 2082 3668 xlv).
2121 3599 2182 3650 lit

611 3644 988 3734 iteriiin'ipui
1007 3644 1936 3741 ὠῖἷᾶξιζᾚᾶἑίὲίρἇιῖἓίιιῆῖὀᾶἷτ.
1955 3644 2082 3738 "iiii;
2210 3644 2254 3704 C

613 3741 805 3795 iterum
833 3758 845 3792 :
885 3741 950 3793 L't
983 3741 1084 3794 sint
1113 3740 1164 3792 in
1195 3741 1338 3793 nobis
1395 3757 1578 3805 untnn,
1629 3740 1772 3796 sicut?
1801 3752 1846 3794 et
1888 3759 1977 3794 nos
2011 3758 2188 3793 sumus

609 3827 766 3882 unum
795 3809 972 3882 (Joan.
1009 3811 1085 3877 v).
1132 3811 1198 3865 Et
1244 3812 1436 3865 iterum
1465 3830 1475 3863 :
1509 3811 1587 3865 Tu
1627 3815 1677 3866 iu
1704 3829 1802 3876 me,
1830 3822 1875 3866 et
1909 3829 2001 3882 ego
2026 3813 2185 3882 ineis

610 3881 788 3949 (Joan.
824 3881 974 3950 xui).
1007 3883 1070 3935 Et
1104 3883 1326 3936 iterum:
1365 3882 1551 3935 Omnia
1578 3895 1664 3936 tua
1693 3901 1801 3936 mea
1830 3881 1964 3935 sunt.
2003 3885 2062 3934 lit
2089 3881 2185 3933 ite-

610 3968 726 4023 rum
762 3969 776 4004 :
821 3951 931 4023 Ego
962 3956 1012 4005 in
1046 3950 1218 4016 Patre,
1255 3963 1298 4005 et
1337 3953 1489 4006 Pater
1517 3955 1569 4007 in
1619 3971 1695 4007 me
1743 3954 1917 4022 (Joan.
1958 3951 2083 4023 MV).
2123 3952 2186 4004 Et

611 4022 801 4076 iterum
824 4040 836 4073 :
868 4022 1020 4076 l’ater
1042 4025 1094 4076 in
1118 4041 1195 4076 me
1215 4041 1422 4078 manens
1449 4027 1571 4092 facit
1601 4041 1756 4092 opera
1782 4024 1908 4078 lucc.
1943 4024 2005 4076 Et
2024 4022 2186 4075 Joan-

613 4109 710 4164 nes
751 4096 1076 4162 evangelista
1108 4097 1182 4147 ait
1230 4093 1339 4148 :ln
1371 4097 1623 4164 principio
1671 4104 1780 4148 erat
1848 4095 2088 4157 Verbum,
2139 4102 2182 4144 et

618 4161 836 4217 Verbum
857 4161 966 4218 erat
983 4167 1122 4234 apud
1145 4166 1323 4230 Deum,
1339 4161 1382 4218 et
1408 4161 1656 4219 Denserat
1681 4166 1900 4218 Verbum
1923 4165 2101 4233 (Joan.
2123 4165 2183 4230 t);

611 4245 665 4288 el
697 4236 887 4288 iterum
921 4237 1036 4304 ipse
1065 4239 1127 4288 ad
1159 4237 1418 4289 Parthos:
1454 4236 1580 4290 Tres
1607 4249 1742 4301 sunt,
1779 4237 1966 4305 inquit,
1999 4238 2086 4305 qui
2110 4247 2186 4287 te-

612 4308 906 4358 stimonium
945 4307 1203 4376 perhibent
1233 4310 1285 4360 in
1328 4317 1491 4376 terra,
1518 4310 1756 4371 spiritus,
1789 4324 1946 4376 aqua,
1995 4319 2037 4359 et
2068 4323 2188 4358 san-

613 4376 728 4450 guis
755 4389 847 4450 ;‘et
869 4375 970 4430 tres
993 4394 1151 4430 unum
1180 4389 1317 4450 sunt.
1354 4375 1553 4450 Ettres
1582 4389 1696 4432 sunt
1723 4381 1810 4450 qui
1837 4375 2188 4450 testimonium

615 4447 878 4513 perhibent
921 4450 974 4501 in
999 4451 1144 4511 cmlo,
1179 4447 1355 4511 Pater,
1408 4447 1648 4510 Verbum,
1680 4447 1983 4518 rt'Spiritus
2013 4463 2031 4502 .'
2059 4460 2106 4500 et
2136 4449 2188 4500 hi

616 4526 715 4570 tres
743 4534 900 4570 unum
926 4529 1040 4572 sunt
1072 4518 1254 4587 (Joan.
1289 4519 1366 4587 v).
1394 4519 1500 4571 Nos
1527 4518 1702 4588 itaque
1735 4521 1786 4574 in
1812 4530 1995 4572 natura
2021 4519 2189 4571 dexta-

613 4589 702 4650 tis,
725 4593 843 4657 quia
868 4605 1027 4642 unum
1056 4600 1179 4641 sunt
1211 4591 1367 4644 l'ater
1397 4599 1451 4643 et
1485 4590 1668 4655 Filius,
1714 4607 1812 4644 nec
1847 4589 2188 4642 Patremere-

612 4658 786 4729 diums
807 4658 982 4728 aliquo
1005 4669 1246 4725 tempore
1267 4673 1491 4727 prteces-
1506 4661 1630 4722 isse,
1664 4677 1729 4715 ne
1752 4660 1922 4729 major
1939 4662 2000 4712 sit
2023 4659 2185 4723 Filio;

613 4743 714 4783 nec
739 4728 928 4783 Fdium
962 4741 1146 4799 postea
1182 4743 1362 4784 natum
1395 4746 1538 4797 eSse,
1575 4743 1631 4784 nt
1657 4728 1857 4786 deitate
1891 4732 2061 4784 Patris
2092 4747 2190 4783 ml-

615 4811 856 4870 noretur.
888 4801 943 4854 Si
966 4803 1186 4870 aqualis
1209 4802 1228 4831 "
1257 4801 1396 4854 Patri
1423 4801 1586 4855 Filius
1620 4820 1722 4855 non
1752 4815 1854 4865 est,
1895 4818 1988 4855 cur
2022 4803 2089 4853 ita
2121 4801 2188 4854 de

614 4869 709 4940 illo
734 4867 968 4926 Joannes
996 4867 1321 4940 evangelism
1357 4883 1579 4926 testatus
1607 4883 1690 4926 est
1715 4891 1726 4926 :
1757 4873 2058 4939 Propterea,
2111 4888 2189 4923 tn-

613 4939 758 5013 qnit,
794 4939 1215 5011 persequebantur
1247 4941 1420 4996 Judwi
1469 4941 1647 4996 Jrsum
1679 4954 1722 4997 et
1749 4946 2034 5013 qua-rebant
2074 4958 2190 4994 eum

1132 424 2374 450 ________________________._

2192 896 2238 950 Α
2267 891 2402 957 quod
2427 888 2543 940 etin
2570 885 2776 938 Christo
2827 885 2972 957 Jesu,
3003 886 3085 953 qui
3117 902 3248 957 rum
3280 885 3327 934 in
3362 885 3527 948 [arma
3578 883 3670 935 Dei
3722 895 3847 938 esset

2267 954 2590 1021 constitutus,
2645 972 2746 1007 non
2785 956 3019 1021 rapinam
3049 954 3322 1006 arbitratus
3347 962 3417 1007 est
3450 971 3561 1007 esse
3596 970 3652 1007 se
3676 972 3847 1018 renua-

2267 1032 2363 1082 lem
2416 1027 2554 1086 Deo.
2613 1027 2702 1079 sed
2761 1026 3078 1094 semetipsum
3131 1026 3426 1085 exinanivit,
3462 1029 3677 1091 formam
3717 1026 3845 1080 servi

2268 1099 2521 1159 accipiens
2575 1094 2839 1165 (Philipp.
2872 1099 2952 1161 tt).
2999 1096 3060 1149 Et
3099 1094 3151 1148 in
3186 1097 3509 1166 Salomone:
3547 1096 3647 1158 Qui
3671 1109 3845 1166 genuit

2274 1186 2351 1222 me
2365 1170 2602 1237 requievit
2625 1168 2676 1219 in
2705 1169 3028 1220 tabernaculo
3053 1182 3179 1218 meo.
3198 1166 3264 1237 Et
3287 1165 3704 1220 Eeelesiastieo':
3727 1168 3844 1220 Sic-

2270 1251 2323 1292 ut
2352 1236 2516 1292 e;tab
2555 1239 2719 1300 initio,
2749 1239 2817 1290 ita
2841 1254 2996 1306 usque
3025 1237 3076 1288 in
3099 1236 3364 1296 swculum,
3403 1253 3562 1303 neque
3590 1237 3846 1306 adjectum

2267 1321 2339 1362 est
2383 1311 2452 1376 ei,
2507 1325 2668 1379 neque
2707 1310 2962 1361 minuetur
3007 1309 3103 1360 illi.
3160 1307 3279 1370 Ipse
3325 1319 3396 1360 est
3428 1309 3560 1379 enim
3607 1307 3846 1361 dominus

2267 1391 2513 1434 creatura!
2559 1377 2687 1443 sure,
2716 1381 2802 1443 qui
2826 1380 2954 1431 nihil
2977 1380 3114 1449 eguit
3139 1381 3201 1430 ab
3225 1379 3398 1443 aliquo
3427 1377 3650 1442 (Eccles.
3677 1389 3844 1440 xxiv).

2269 1451 2334 1504 Et
2365 1453 2415 1504 in
2445 1453 2649 1518 psalmo
2682 1465 2823 1503 Lxxtt
2851 1467 2861 1500 :
2893 1449 3029 1514 Quid
3049 1451 3182 1500 enim
3212 1451 3334 1501 mihi
3355 1458 3428 1502 est
3461 1449 3511 1500 in
3539 1450 3663 1502 calo
3687 1449 3710 1502 ?
3737 1460 3782 1502 et
3815 1467 3846 1502 α

2269 1533 2316 1573 te
2336 1524 2456 1589 quid
2492 1521 2628 1574 volui
2665 1536 2818 1586 super
2863 1531 3052 1573 trram
3081 1521 3104 1572 ἶ)
3136 1521 3257 1573 ll:ee
3286 1522 3462 1572 omnia
3505 1519 3693 1572 Filium
3739 1535 3846 1573 nun

2267 1593 2572 1646 interiorem
2615 1602 2800 1644 natura
2827 1591 3213 1652 demonstrant,
3247 1591 3336 1644 sed
3392 1599 3448 1644 et
3493 1591 3844 1658 a-qualitatcm

2269 1663 2812 1717 deitatisannuutiant
2839 1679 2851 1712 :
2879 1663 3126 1728 quoniam
3145 1663 3233 1728 qui
3267 1671 3490 1729 utraque
3517 1665 3722 1713 loeutus
3743 1671 3846 1723 Esi,

2268 1750 2450 1786 verum
2473 1735 2503 1785 tl
2536 1736 2634 1793 xit,
2665 1733 2785 1798 quia
2810 1731 3021 1785 Veritas
3041 1734 3252 1786 mentiri
3279 1747 3381 1783 non
3413 1733 3600 1798 potuit.
3617 1730 3835 1797 Taliter,

2267 1805 2288 1835 '
2322 1805 2484 1857 frater
2521 1803 2830 1864 carissime.
2873 1817 3086 1864 semper
3130 1817 3249 1868 age,
3290 1811 3622 1868 ca-terosque
3663 1818 3849 1855 omnes

2266 1890 2424 1944 agere
2447 1890 2625 1934 mone,
2661 1885 2718 1926 ut
2743 1873 2944 1926 abolito
2983 1875 3082 1928 boc
3109 1874 3196 1944 qui
3250 1883 3404 1924 natus
3448 1873 3849 1944 videbatur-er-

2268 1942 2410 2008 rore,
2446 1945 2497 1998 in
2528 1945 2736 1998 laudem
2769 1952 2822 1997 et
2857 1945 3087 2011 gloriam
3131 1943 3223 1996 Di-i
3276 1957 3370 2009 per
3395 1953 3563 1995 totum
3589 1942 3847 1995 mundum

2271 2033 2370 2069 una
2417 2015 2548 2069 lides
2587 2017 2677 2079 sit,
2704 2023 2758 2068 et
2787 2028 2890 2067 una
2916 2013 3210 2081 cadi-mque
3231 2013 3499 2066 confessio
3525 2028 3540 2075 ;
3571 2022 3623 2064 ut
3668 2013 3720 2064 in
3753 2029 3845 2065 uo-

2268 2087 2401 2139 mine
2425 2085 2551 2139 Jesu
2573 2101 2720 2139 omne
2745 2101 2878 2155 genu
2913 2085 3150 2150 ﬂectatur
3181 2083 3458 2138 coalestium
3477 2125 3492 2149 ,
3542 2086 3849 2155 terrestrium

2267 2167 2312 2209 et
2337 2156 2679 2225 infernorum,
2709 2153 2761 2208 et
2784 2159 2947 2208 omnis
2970 2157 3147 2222 lingua
3173 2156 3479 2225 conﬁteatur
3499 2155 3620 2224 quia
3670 2153 3850 2207 Domi-

2271 2244 2365 2326 t't‘us
2382 2223 2787 2326 Jesusfilzristus
2900 2227 3064 2326 gloria
3087 2236 3156 2308 est
3191 2225 3299 2326 geni.
3321 2223 3730 2326 l’p.tri:lt‘i{hilip.
3756 2226 3846 2326 si);

2273 2299 2400 2351 Data
2425 2299 2580 2352 nouis
2609 2297 2894 2364 ‘AuguSIi,
2925 2296 3226 2350 .Iustiniano
3251 2305 3304 2351 et
3344 2296 3651 2350 Athalarico
3680 2295 3698 2326 τ
3722 2295 3850 2348 viris

2269 2369 2583 2422 clarissimis
2610 2368 2921 2422 consulibus
2951 2368 2993 2418 ³.

2587 2484 2902 2540 CANONES
2929 2483 3164 2538 JOANNI
3201 2481 3530 2536 ASCRIPTI.

2282 2598 2348 2649 lli
2374 2597 2505 2649 tituli
2539 2611 2792 2648 canonum
2821 2603 2845 2631 ³
2885 2611 3010 2663 quos
3049 2593 3188 2646 nobis
3226 2592 3614 2663 suprascriptus
3649 2601 3855 2645 sanctus

2343 2679 2389 2722 et
2415 2670 2632 2719 domnus
2658 2682 2799 2718 meus
2829 2662 3055 2718 Joannes
3088 2681 3219 2735 papa
3244 2665 3378 2716 sedis
3417 2662 3712 2732 apostolicae
3739 2677 3856 2715 cum

2347 2735 2562 2807 prtefuta
2588 2737 2891 2790 auctoritate
2926 2737 3134 2788 direxit.

2350 2831 2427 2884 Ex
2477 2829 2701 2895 epistola
2753 2827 2930 2884 Siricii
2987 2843 3135 2897 papa:
3190 2829 3336 2880 urbis
3402 2825 3583 2879 Romae
3643 2824 3860 2897 Emerio

2278 2898 2590 3025 {Himerio}
2635 2901 2888 2968 episcopo
2929 2894 3318 2953 Tarraconensi
3369 2897 3508 2950 inter
3545 2905 3740 2950 caetera
3791 2894 3858 2950 2d

2301 2988 2488 3025 neum.
2526 2971 2758 3025 Capitula
2807 2987 2897 3024 vn.
2960 2970 3022 3022 Et
3061 2971 3181 3025 auia
3237 2969 3518 3025 aliquanti.
3564 2967 3627 3019 de
3674 2965 3858 3025 quibus

2301 2988 2489 3037 neum,
2526 2965 2758 3038 Caipilillﬂ
2807 2965 2897 3024 vit.
2960 2970 3022 3022 Et
3061 2971 3181 3040 quia
3237 2969 3518 3036 aliquanti.
3552 2967 3627 3040 de
3674 2965 3860 3035 quibus

2283 3043 2561 3108 loquimur,
2603 3050 2650 3094 et
2692 3051 2780 3093 tua
2809 3041 3051 3093 sanctitas
3076 3038 3308 3105 retulit,
3339 3038 3661 3108 ignoratione
3690 3040 3861 3108 lapsos

2280 3107 2384 3166 esse
2415 3129 2468 3166 se
2498 3113 2685 3177 deﬂent
2705 3153 2720 3175 ,
2747 3112 2800 3164 id
2820 3121 2913 3169 est.
2940 3121 2994 3164 ut
3019 3113 3086 3163 ad
3131 3127 3312 3164 uxores
3337 3107 3571 3178 proprias
3595 3107 3860 3168 redierint,

2281 3183 2359 3235 his
2391 3198 2448 3234 ea
2475 3183 2761 3234 conditione
2782 3181 3180 3234 misericordiam
3201 3180 3416 3232 dicimus
3436 3195 3534 3231 non
3552 3178 3858 3246 negantiam,

2284 3265 2339 3307 ut
2365 3255 2474 3307 sine
2503 3251 2609 3306 ullo
2639 3252 2842 3304 hortaris
2864 3260 3155 3317 augmento,
3191 3251 3239 3301 in
3263 3250 3358 3300 hoc
3384 3264 3481 3315 quo
3503 3248 3684 3300 detecti
3715 3259 3857 3307 sunt.

2283 3325 2508 3392 quandiu
2539 3322 2850 3382 advixeriut,
2900 3322 3060 3390 oﬁ'icio
3089 3329 3433 3392 perseverent,
3469 3319 3709 3392 sitamen
3749 3327 3865 3392 post

2286 3388 2393 3447 hau:
2444 3395 2753 3446 continentes
2799 3408 2852 3444 se
2896 3388 3180 3443 studuerint
3226 3389 3480 3443 eahibere.
3514 3388 3560 3440 li
3606 3403 3722 3441 vero
3774 3389 3866 3457 qui

2287 3466 2453 3518 illiciti
2485 3465 2736 3533 privilegii
2784 3465 3107 3516 excusatione
3137 3461 3366 3514 nituntur
3395 3470 3445 3512 ut
3491 3459 3587 3533 sibi
3631 3468 3866 3533 arserant

2288 3537 2433 3588 reteri
2461 3527 2555 3587 hoc
2584 3527 2694 3602 lege
2731 3549 3021 3585 concessum
3041 3573 3053 3592 .
3099 3533 3323 3584 innuerint
3366 3547 3419 3584 se
3451 3529 3514 3582 ab
3544 3531 3683 3602 omni
3703 3527 3865 3602 eccle-

2289 3607 2494 3658 siastico
2551 3599 2783 3668 honore,
2838 3619 2937 3669 quo
2982 3601 3180 3670 indigni
3218 3611 3365 3666 sunt,
3414 3599 3710 3667 apostolica:
3731 3601 3868 3652 sedis

2289 3677 2592 3729 auctoritate
2620 3675 2878 3744 dejectos;
2907 3689 2996 3728 nec
3035 3689 3260 3742 unquam
3288 3688 3435 3744 posse
3471 3670 3764 3744 veneranda
3778 3681 3870 3744 rat-

2289 3757 2502 3798 tractare
2523 3741 2783 3815 mysteria,
2806 3745 2985 3810 quibus
3003 3761 3054 3796 se
3082 3745 3200 3815 ipsi,
3227 3741 3347 3796 dum
3368 3742 3594 3815 obscenis
3611 3741 3869 3815 cupidita-

2289 3819 2425 3869 tibus
2473 3811 2696 3876 inhiant,
2729 3816 3070 3884 privat-erunt.
3108 3813 3171 3866 Et
3197 3815 3316 3883 quia
3343 3811 3572 3879 exempla
3609 3813 3868 3884 pirteterita

2290 3903 2467 3939 cavere
2518 3903 2609 3939 nos
2642 3883 2953 3956 pra’monent
2980 3887 3032 3937 in
3082 3885 3286 3954 futuro,
3327 3884 3531 3952 quilibet
3569 3883 3866 3956 episcopus,

2291 3959 2552 4024 presbyter
2605 3952 2758 4025 atque
2795 3952 3090 4016 diaconus,‘
3119 3956 3253 4022 quod
3283 3971 3384 4007 non
3420 3962 3652 4021 optamus
3676 3992 3692 4016 ,
3723 3952 3872 4005 dein-

2289 4044 2406 4092 ceps
2437 4029 2588 4093 fuerit
2613 4029 2730 4080 talis
2755 4027 3006 4087 inventus,
3025 4028 3137 4095 join
3158 4043 3292 4078 nunc
3317 4025 3412 4077 sibi
3439 4038 3754 4095 omnem‘per
3777 4039 3872 4076 nos

2289 4099 2622 4169 indulgentia:
2676 4099 2874 4150 aditum
2925 4093 3176 4166 intelligat
3203 4097 3510 4169 obseratum.
3555 4093 3690 4160 Quia
3731 4093 3871 4162 [erro

2291 4168 2490 4222 necesse
2519 4180 2588 4222 est
2643 4171 2946 4222 excidantur
2989 4169 3199 4220 vulnera
3238 4181 3350 4234 qua:
3381 4168 3718 4234 [ornentorum
3768 4179 3872 4215 non

2289 4240 2534 4292 :euserint
2567 4241 2888 4292 medicinam.

2367 4311 2443 4364 Ex
2475 4311 2773 4366 eanonihus
2803 4309 3178 4378 Apostolorum
3213 4323 3328 4374 cap.
3365 4322 3490 4360 xxv.
3535 4335 3610 4378 7—
3648 4306 3693 4373 (‘
3719 4304 3870 4378 Quod

2290 4383 2602 4449 episcopus,
2634 4391 2726 4432 aut
2755 4377 3060 4449 presbyter,
3089 4391 3178 4432 aut
3201 4379 3478 4435 diaconus.
3505 4377 3546 4430 si
3572 4391 3668 4444 pro
3689 4377 3874 4428 crimi-

2293 4453 2448 4505 nibus
2474 4452 2711 4505 damnati
2762 4451 2991 4509 fuerint.
3019 4451 3237 4503 minime
3258 4449 3633 4502 communione
3661 4461 3876 4512 priven-

2291 4522 2424 4589 tur.)
2450 4550 2519 4562 ο·-
2543 4521 2850 4591 EpiscOpus,
2880 4522 3140 4589 presbyter
3159 4530 3244 4573 aut
3267 4519 3534 4591 diaconus,
3561 4517 3644 4585 qui
3685 4516 3738 4568 in
3765 4517 3876 4584 for-

2291 4594 2546 4646 nicatione
2591 4589 2681 4644 aut
2735 4593 2962 4662 perjurio
3010 4601 3189 4655 captus
3229 4601 3340 4652 est,
3389 4589 3673 4662 deponatur
3705 4628 3719 4650 ,
3760 4601 3874 4662 non

2292 4676 2460 4715 lmneu
2483 4656 2838 4716 communione
2863 4663 3108 4729 privetur;
3131 4662 3250 4714 dicit
3273 4662 3414 4729 enirn
3429 4659 3734 4729 Speripturo:
3758 4656 3874 4710 Non

2292 4733 2581 4790 vindicabit
2613 4728 2868 4786 Dominus
2897 4732 2976 4785 bis
3000 4732 3048 4784 in
3083 4735 3310 4798 idipsum
3344 4728 3579 4801 (Notium
3611 4730 3674 4801 ι).

2364 4805 2439 4857 Ex
2467 4804 2764 4856 canouibns
2789 4793 3173 4869 suprascriptis
3196 4817 3313 4868 cap.
3342 4793 3485 4855 satis.
3517 4825 3587 4840 -—
3612 4797 3764 4866 Quod
3793 4793 3878 4850 ol-

2294 4874 2470 4928 licium
2531 4873 2814 4941 pristinum
2846 4875 3082 4926 damnati
3125 4889 3219 4938 pro
3247 4872 3565 4926 criminibus
3616 4881 3876 4941 usurpare

2297 4961 2402 4998 non
2431 4939 2684 4998 debeant.
2710 4974 2779 4982 —
2807 4943 2867 4998 Si
2909 4945 3021 5010 quis
3047 4949 3336 5012 episcopus,
3365 4943 3625 5010 presbyter
3651 4951 3736 4991 aut
3764 4939 3878 4990 dia-

613 5012 865 5087 o_ccidere,
891 5016 1011 5083 quia
1066 5032 1166 5067 non
1207 5014 1370 5087 solum
1425 5013 1646 5066 soli-ebat
1694 5012 1978 5087 sabbatum,
2023 5014 2116 5087 sed,
2139 5023 2186 5066 et
2214 5025 2264 5087 υ
2294 5031 2478 5087 conus,
2511 5015 2775 5079 depositus
2813 5016 2954 5086 juste
2992 5032 3144 5081 super
3175 5016 3322 5087 certis
3363 5013 3877 5087 cri_m_iuibus,_attsus

617 5078 822 5152 P_atrem
852 5078 997 5137 suum
1028 5087 1224 5139 dicebat
1252 5085 1434 5146 Deum,
1468 5087 1715 5151 aqualem
1763 5102 1814 5137 se
1840 5085 2030 5152 fat-iens
2080 5082 2186 5136 Deo

615 5150 792 5223 (latin.
819 5157 894 5224 v).
931 5157 994 5209 Et
1029 5156 1224 5210 Paulus
1251 5150 1531 5226 apostolus
1557 5171 1570 5207 :
1603 5154 1716 5207 Hoc
1743 5150 1921 5208 sentite
1943 5156 1995 5205 in
2025 5156 2184 5219 vobis,

691 5282 716 5308 η
749 5274 880 5340 Quae
905 5272 970 5326 de
1001 5272 1101 5327 liae
1129 5287 1287 5327 causa
1337 5273 1710 5338 subjiciuntur,
1754 5287 1858 5325 non
1888 5271 2065 5325 omnia
2113 5286 2182 5325 ex

616 5359 747 5408 uno,
779 5344 872 5397 sed
899 5359 965 5397 ex
995 5345 1222 5397 diversis
1248 5344 1520 5398 codicibus
1560 5345 1871 5412 deprompta
1913 5354 2039 5396 sunt
2071 5358 2086 5396 :
2119 5359 2184 5396 ex

616 5415 922 5468 Corbeiensi
973 5414 1265 5479 nimirum,
1316 5414 1612 5468 Pitbmauis
1643 5417 1872 5476 duobus,
1916 5414 2186 5467 Lirinensi

616 5497 671 5538 et
701 5485 852 5548 aliis;
906 5485 1000 5538 sed
1045 5485 1374 5551 potissimum
1430 5501 1494 5538 ex
1538 5487 1849 5547 litieiueusi,
1907 5486 1993 5552 qui
2041 5486 2189 5552 plura

615 5557 822 5609 cmteris
848 5555 1177 5609 continebat.
1205 5554 1320 5608 Jac.
1348 5554 1672 5613 SIRMONDUS.

693 5633 702 5657 '
742 5625 886 5696 llane
917 5626 1267 5696 adulterinum
1303 5631 1464 5678 multa
1489 5631 1734 5696 probant.

685 5700 704 5729 '
741 5695 966 5749 ιιιιηοίιιςς
993 5701 1111 5748 adv.
1139 5693 1604 5751 Varimadnm'sen
1641 5695 1961 5750 Marivadum
1988 5710 2103 5763 cap.
2127 5693 2179 5745 4.

688 5767 706 5798 ⁸
733 5768 876 5820 Idem
909 5768 1131 5820 ilililt'llls
1164 5781 1276 5834 cap.

2295 5086 2450 5154 fuerit
2483 5096 2762 5154 attrectare
2791 5081 3128 5138 ministerium
3169 5086 3362 5137 dudum
3400 5082 3496 5135 sibi
3522 5081 3846 5135 commissum

2294 5153 2375 5209 hic
2398 5157 2462 5210 ab
2491 5153 2730 5211 Ecclesia
2756 5157 2851 5209 sibi
2873 5157 3219 5210 abscindatur.

2363 5269 2384 5300 ⁸⁵
2406 5270 2550 5324 Idem
2583 5285 2704 5339 cap.
2735 5271 2787 5325 6.

2366 5343 2384 5372 ³
2413 5343 2471 5394 S.
2503 5341 2610 5396 Leo
2635 5341 2797 5409 epist.
2835 5342 2918 5395 15.

2367 5413 2387 5442 ⁸
2418 5412 2595 5465 Pridie
2626 5427 2816 5464 ntmas.

2367 5483 2386 5512 ⁷
2419 5481 2573 5534 Falsa
2617 5484 2898 5535 consulum
2928 5481 3221 5535 adnotatio.

2369 5556 2387 5582 ⁸
2418 5554 2571 5606 Anno
2597 5553 2792 5606 CbriSti
2824 5553 2950 5605 553.

2367 5700 2381 5716 '
2408 5695 2623 5748 Ansulis
2658 5697 2879 5759 inclusa,
2911 5712 3024 5764 qnzr
3045 5694 3263 5749 deerant
3291 5696 3340 5749 in
3367 5694 3608 5762 Labbco,
3631 5692 3872 5762 supplets

2303 5776 2426 5818 sunt
2455 5782 2516 5819 ex
2549 5767 2669 5820 Cod.
2703 5768 2800 5822 576
2840 5765 3206 5821 l'alal.'Vatie.
