4126 6362
582 350 644 406 3t
1863 331 2221 400 AGM’ETUS
2261 343 2437 399 eam
2477 343 2516 397 ι.
3779 322 3862 394 52"

581 482 767 536 pacem
813 476 866 522 el
918 467 1343 535 qualemcunque
1395 475 1595 532 partem
1645 463 1841 536 habere
1880 461 2146 536 desidere.
2180 461 2227 519 Δ
2257 462 2418 536 etiam
2449 476 2704 536 nuncper
2726 471 2947 515 mortem
2972 476 3258 536 corporum
3285 459 3590 536 saetrrdoles
3619 459 3851 517 Domini

585 533 650 593 Et
679 537 776 591 hoc
800 533 1078 606 diligenter
1099 533 1471 606 attendendum
1496 545 1598 592 est,
1615 533 1752 606 quod
1777 534 1842 606 si,
1860 533 2151 606 secundum

583 609 725 676 quod
757 603 916 674 supra
951 607 1200 675 scriptum
1245 618 1342 663 est.
1391 605 1462 658 illi
1509 605 1693 676 clerici
1722 603 1807 665 qui
1861 604 1924 655 ad
1956 618 2153 676 uxores

581 673 749 747 propr
770 673 836 732 as,
856 673 1098 740 redeuni,
1129 679 1191 730 ad
1224 678 1482 743 integrum
1518 675 1584 727 ah
1610 675 1786 727 officio
1809 673 2146 747 suspenditu-

583 743 701 812 iur,
735 759 790 801 et
832 748 875 801 si
905 749 1062 802 etiam
1092 748 1307 816 diganti,
1347 755 1446 816 aut
1495 748 1917 816 in'ernuptarum
1955 743 2150 816 mariti.

583 819 672 887 qui
704 820 882 886 utique
924 835 1032 872 rem
1085 813 1279 872 licitan
1337 815 1554 874 faciunt.
1589 815 1764 887 clerici
1811 824 1984 887 tamen
2012 813 2156 865 ordi-

584 884 700 942 tiari
723 884 825 942 non
858 898 1096 956 possunt,
1123 901 1209 940 aut
1245 888 1286 942 si
1319 887 1548 940 ordinati
1571 886 1783 947 fuerint,
1813 884 2152 956 dejieiunlur,

587 968 612 994 ιι
645 959 711 1014 de
733 954 921 1025 quibus
946 969 998 1012 et
1024 959 1244 1011 Faustus
1289 957 1569 1025 episcopus
1599 966 1813 1008 sanctus
1857 959 1906 1006 in
1934 954 2152 1021 epistola

584 1043 676 1081 sua
708 1031 840 1082 dixit
873 1048 883 1080 :
915 1028 1088 1082 Perdit
1118 1030 1334 1098 gratiam
1365 1027 1665 1098 consecrati,
1711 1027 1796 1094 qui
1841 1025 2007 1098 adhuc
2042 1025 2154 1092 oﬂi-

589 1101 724 1151 cium
756 1096 1134 1175 t'ult_excrcere_
1170 1100 1380 1175 mariti;
1430 1113 1551 1151 cum
1603 1097 1716 1175 haec
1764 1098 1831 1148 ita
1880 1096 2009 1175 sint,
2053 1112 2152 1175 qua

590 1170 916 1224 Conscientia
959 1172 1232 1239 quisquam
1264 1169 1444 1222 dicere
1493 1168 1708 1239 poterit,
1754 1165 1892 1235 quod
1951 1165 2154 1239 iilequi

588 1239 902 1293 adulterium
950 1236 1277 1294 commiserit
1334 1239 1524 1292 iterum
1574 1238 1637 1290 ad
1682 1237 1936 1290 honorem
1985 1236 2171 1290 revlire'

589 1312 793 1377 possit?
823 1311 930 1364 Hoc
974 1313 1091 1364 luco
1137 1312 1178 1364 si
1210 1311 1402 1374 aliquis
1443 1309 1602 1363 fuerit
1640 1310 1726 1376 qui
1777 1306 1914 1359 dicat
1951 1324 1962 1359 :
2018 1307 2156 1374 Ergo

588 1396 749 1450 negas
803 1381 1223 1435 misericordiam
1279 1382 1368 1433 Dei
1394 1380 1481 1443 qui
1538 1377 1902 1450 dixit:_t\’o_lo
1945 1389 2155 1450 mortem

586 1447 887 1516 peccatoris,
911 1453 997 1505 sed
1026 1461 1078 1504 ut
1108 1460 1427 1503 convrrtatur
1453 1461 1496 1503 et
1528 1452 1655 1503 vivat
1686 1447 1895 1516 (Ezech.
1936 1448 2156 1515 xxxvi)?

585 1530 638 1590 et
665 1521 794 1574 illud
829 1539 840 1573 :
878 1520 1124 1590 Nunquid
1146 1522 1230 1588 qui
1257 1524 1391 1574 cadit
1420 1538 1520 1574 non
1569 1520 1773 1584 adiiciet
1821 1528 1872 1570 ut
1928 1527 2156 1584 resurgat

585 1589 758 1659 (Psal.
795 1593 922 1660 xu)?
956 1589 1166 1645 ctillud
1199 1609 1212 1644 :
1247 1591 1490 1646 Peccator
1531 1592 1581 1643 in
1604 1605 1900 1660 quacunque
1929 1590 2010 1641 die
2036 1605 2157 1641 con-

585 1676 754 1714 versus
785 1664 958 1730 fuerit,
987 1679 1153 1715 omnes
1191 1663 1479 1724 iniquitates
1510 1663 1650 1715 illius
1676 1661 1913 1712 oblivioni
1953 1661 2158 1713 traden-

597 1740 680 1783 tur
706 1731 918 1797 (Ezeclt.
953 1735 1158 1800 χχχιιι).
1186 1733 1263 1785 Ad
1295 1736 1404 1784 lure
1431 1733 1592 1786 libera
1618 1749 1742 1784 voce
1772 1747 1812 1784 rt
1831 1731 2160 1798 spondereet

524 1846 526 1849 .
589 1817 877 1868 possumus
905 1815 955 1855 et
979 1804 1232 1857 debemus
1263 1821 1276 1855 :
1308 1804 1457 1856 Absit
1487 1819 1514 1856 a
1541 1807 1624 1856 uol
1650 1803 1692 1856 is
1717 1814 1773 1854 ut
1800 1803 1864 1854 de
1889 1802 2002 1854 istis
2032 1817 2150 1854 sen-

588 1872 768 1925 tentiis
806 1873 1081 1926 videamur
1124 1875 1204 1926 vel
1253 1875 1438 1928 leviter
1479 1874 1740 1926 dubitare.
1779 1871 2153 1926 Delinitissime

588 1943 728 1994 enim
759 1943 1029 1996 credimus
1057 1944 1196 2012 quod
1247 1946 1334 2009 qui
1377 1959 1543 2010 usque
1584 1945 1645 1995 ad
1693 1946 1848 1995 linem
1881 1943 2001 1995 vitae
2043 1959 2153 1997 sure

588 2014 956 2083 pmuitentiam
988 2014 1174 2083 egerit,
1225 2031 1327 2067 non
1371 2017 1540 2068 soimn
1594 2014 1971 2080 indulgentiam
2016 2015 2155 2066 acci-

587 2082 716 2149 piat,
736 2084 828 2138 sed
861 2082 1113 2139 etiamm
1146 2087 1356 2150 praenua
1384 2097 1577 2138 aeterna
1609 2086 1901 2150 perveniat.
1935 2083 2156 2149 Propter

586 2154 818 2221 regulam
846 2163 1021 2210 tamen
1051 2157 1482 2216 ecc'esiasticam,
1505 2166 1552 2208 et
1579 2165 1795 2222 propter
1821 2156 1999 2220 antiqn
2038 2169 2155 2208 rum

588 2224 798 2277 Patrum
830 2235 1046 2286 statuta.
1089 2243 1202 2292 qua:
1246 2225 1383 2279 absit
1433 2243 1458 2276 ιι
1501 2225 1651 2279 nobis
1681 2235 1732 2278 ιιι
1766 2224 2158 2292 reprehendere

583 2303 674 2346 aut
704 2295 975 2350 discutere
998 2299 1305 2356 audeamus.
1343 2313 1462 2350 eota
1492 2312 1645 2360 quem
1679 2295 1943 2348 credimus
1975 2296 2038 2346 ad
2074 2295 2152 2347 vi-

588 2377 694 2434 tam
727 2375 979 2419 mternam
1029 2375 1149 2434 post
1196 2379 1365 2420 actam
1419 2366 1780 2429 paenitentiam
1830 2365 2034 2428 venire,
2089 2365 2156 2418 ad

583 2433 838 2489 honorem
895 2433 1176 2490 clericatus
1230 2437 1520 2490 secnndum
1594 2446 1857 2490 tantorum
1939 2437 2153 2488 Patrum

585 2515 847 2574 prmcepta
877 2512 1121 2559 novimus
1153 2523 1255 2560 non
1286 2507 1480 2560 debere
1518 2507 1732 2560 reverti.
1772 2507 1824 2559 lu
1859 2517 2056 2557 tantum
2100 2516 2158 2560 ut

584 2579 638 2628 in
668 2577 963 2630 canonibus
990 2581 1242 2640 scriptum
1288 2579 1358 2632 sit
1391 2593 1404 2631 :
1454 2576 1534 2629 Ne
1560 2575 1696 2630 ullus
1735 2593 1956 2644 unquam
2000 2579 2156 2645 paeni-

583 2655 689 2698 tens
721 2647 930 2700 clericus
961 2649 1240 2702 ordinetur.
1275 2650 1337 2702 Et
1368 2650 1409 2700 si
1436 2649 1520 2702 ille
1548 2648 1634 2716 qui
1663 2649 1801 2700 ultro
1830 2648 1958 2715 petit
1989 2647 2155 2714 pceni-

587 2718 828 2781 tentiam,
859 2720 1100 2786 quamvis
1133 2720 1363 2786 perlecte
1391 2729 1533 2785 agat,
1569 2733 1672 2772 non
1704 2726 1874 2785 potest
1915 2725 2006 2768 aut
2046 2717 2158 2787 epi-

587 2802 806 2860 scoiius.
840 2798 946 2860 aut
994 2791 1268 2860 prediyter
1309 2790 1564 2851 ordinari,
1602 2790 1668 2840 ita
1718 2798 1792 2851 ut,
1825 2787 2158 2860 etiamsiper

587 2857 939 2925 ignorantiam
967 2857 1242 2913 ordiuaius
1287 2861 1466 2925 fuerit,
1507 2870 1559 2912 et
1595 2868 1779 2926 postea
1820 2858 2154 2912 convincitur

587 2928 726 2991 ponii
754 2932 950 2982 entiam
985 2931 1275 2997 acet-pisse,
1321 2929 1644 2998 dejiciatur:
1696 2929 1783 2982 ille
1823 2931 1912 2994 qui
1962 2928 2158 2982 invitus

585 3001 650 3050 ad
683 3000 1044 3065 ptenitentiant
1077 3001 1329 3068 agendam
1357 2999 1406 3051 in
1433 2999 1808 3052 monasterium
1835 2998 2080 3066 mittitur,
2105 3009 2158 3054 et

585 3069 766 3138 utique
791 3072 878 3138 qui
918 3072 1056 3124 aliud
1108 3087 1262 3139 quam
1313 3071 1573 3137 pmnitens
1614 3069 1869 3121 dicendus
1918 3082 2020 3131 cst,
2053 3086 2156 3137 qua

585 3143 910 3193 coascientia
939 3144 1003 3193 ad
1027 3142 1382 3195 sacerdotium
1409 3143 1580 3195 redire
1613 3141 1971 3207 permittitur?
1993 3140 2158 3194 Nemo

2257 534 2483 586 debeant
2533 532 2834 596 vindicare;
2891 535 2982 586 sed
3037 535 3154 602 quia
3211 531 3401 586 melius
3432 542 3513 584 est
3561 539 3619 584 ut
3664 549 3854 587 unus—

2255 604 2480 671 quisque
2512 618 2674 669 parvo
2703 611 2962 666 tempore,
2990 604 3158 656 donec
3200 603 3326 655 vivit
3359 603 3410 655 in
3449 603 3548 655 hoe
3593 603 3842 663 mundo,

2256 675 2630 726 verecundiam
2654 675 2734 724 vel
2757 675 3120 727 enn'usionem
3149 674 3438 737 sustineat,
3463 687 3619 740 quam
3647 683 3850 740 postea

2260 743 2326 795 ad
2377 745 2634 810 supplicia
2688 755 2882 797 a‘tcrua
2919 745 3230 811 perveniat;
3265 755 3318 797 et
3372 745 3540 797 multo
3571 746 3619 797 ei
3649 743 3853 800 utilius

2255 825 2335 866 est
2367 825 2583 883 propter
2610 814 2834 868 aliorum
2858 816 3179 883 exemplum.
3211 815 3444 882 quandiu
3470 814 3618 878 vivit,
3646 830 3846 868 remo-

2259 895 2338 936 tus
2368 885 2432 936 ab
2462 885 2661 937 honore
2688 885 3048 949 pmnitentiam
3079 893 3218 952 agat,
3245 894 3297 936 et
3326 884 3617 939 remedium
3647 885 3758 938 sibi
3785 885 3845 939 in

2258 955 2344 1009 die
2373 957 2704 1008 necessitatis
2735 958 2997 1023 acquirat.
3028 957 3346 1024 Quicunque
3393 956 3640 1022 parvitati
3696 972 3850 1009 mea:

2259 1024 2309 1077 in
2363 1027 2458 1078 hac
2507 1041 2666 1080 causa
2724 1027 2951 1080 voluerit
3000 1041 3263 1079 onerosus
3293 1028 3558 1087 existere,
3608 1026 3761 1080 aliud
3795 1028 3850 1080 ei

2260 1110 2571 1163 responsum
2601 1097 2728 1150 dare
2759 1113 2862 1150 non
2894 1098 3150 1154 delibero.
3179 1097 3278 1150 uisi
3311 1096 3448 1164 q'md
3479 1097 3852 1165 suprascripti

2258 1181 2488 1220 canones
2527 1166 2804 1220 continere
2835 1168 3098 1221 videntur.
3151 1166 3175 1204 ι’
3211 1168 3319 1219 lloc
3373 1167 3494 1220 ideo
3525 1167 3666 1230 dico,
3710 1169 3850 1235 quia

2259 1235 2382 1288 dum
2417 1238 2520 1290 cito
2561 1237 2780 1290 crimina
2823 1237 3065 1306 capitalia
3107 1238 3561 1291 comiuitteutibus
3593 1238 3853 1308 indulge-

2259 1321 2396 1368 mus,
2449 1308 2683 1370 plurimi,
2717 1308 2804 1376 qui
2853 1323 2951 1369 nec
3007 1309 3168 1362 Deum
3203 1319 3467 1372 metuunt,
3512 1323 3613 1362 nec
3643 1323 3854 1362 sensus

2259 1377 2554 1443 disciplinae
2585 1379 2961 1432 ecclesiastica:
3006 1388 3384 1446 expavescunt,
3432 1383 3550 1432 sine
3599 1378 3708 1431 ttllo
3745 1394 3851 1446 pu-

2259 1447 2388 1501 dore
2410 1464 2470 1500 ae
2494 1450 2809 1516 reverentia,
2842 1465 2935 1517 per
2968 1449 3208 1514 indignas
3242 1449 3631 1503 familiaritates
3649 1459 3849 1502 extra-

2262 1533 2478 1571 netrum
2513 1520 2816 1583 mulierum,
2867 1530 2920 1572 et
2971 1521 3176 1586 seipsos
3207 1520 3498 1587 decipiunt,
3533 1529 3587 1573 et
3639 1523 3848 1574 famam

2260 1589 2574 1642 tlhri-tiana:
2603 1591 2870 1655 religionis
2898 1591 3254 1658 blasphemari
3285 1591 3442 1642 etiam
3472 1592 3538 1643 ab
3563 1599 3850 1644 extranea:

2262 1661 2532 1726 religionis
2565 1661 2865 1714 hominibus
2888 1659 3102 1713 iaciunt.
3135 1661 3201 1713 Et
3246 1661 3366 1714 ideo
3400 1659 3601 1729 justum
3646 1670 3752 1722 est,
3787 1672 3851 1713 ut

2261 1729 2386 1782 dum
2446 1731 2523 1784 eis
2575 1731 2862 1783 secundum
2917 1732 3153 1784 omnium
3207 1745 3468 1785 canonum
3524 1741 3720 1785 statuta
3756 1746 3852 1784 re-

2261 1799 2456 1854 deundi
2502 1802 2564 1852 ad
2612 1802 2864 1855 honorem
2917 1801 3091 1854 aditus
3142 1801 3423 1865 clauditur,
3474 1803 3684 1855 tandem
3740 1801 3852 1854 ali-

2187 1844 2232 1902 B
2261 1873 2471 1935 quando
2503 1880 2608 1924 ιιι-ιι
2663 1876 2806 1940 gravi
2850 1873 2987 1924 malo
3018 1873 3138 1924 finis
3195 1844 3459 1940 eoogrmis
3508 1873 3850 1938 imponatur.

2258 1941 2388 2006 Quia
2421 1943 2653 2009 quando,
2677 1943 2890 1996 diabolo
2917 1943 3287 2008 persuadente,
3319 1943 3479 2010 aliqui
3512 1943 3846 1997 clericorum

2262 2011 2312 2062 in
2345 2012 2556 2080 aliquod
2608 2027 2902 2081 peccatum,
2955 2024 3007 2066 et
3061 2017 3325 2082 pnucipue
3376 2015 3426 2066 itt
3483 2014 3844 2076 adulterium,

2262 2081 2389 2145 lapsi
2448 2083 2660 2145 iuerint,
2689 2089 2704 2105 ‘
2737 2100 2892 2150 qttam
2937 2081 3151 2147 epedit
3209 2087 3274 2138 de
3306 2083 3585 2137 animabus
3627 2093 3841 2138 statuta

2263 2167 2524 2206 canonum
2555 2157 2811 2221 cegitant,
2843 2170 2934 2222 per
2957 2154 3143 2208 fabam
3175 2155 3422 2222 pietatem
3452 2155 3518 2208 ita
3551 2157 3676 2208 totis
3707 2156 3849 2207 viri-

2263 2223 2360 2276 hus
2392 2225 2686 2284 elaborant,
2733 2234 2790 2276 ut
2816 2235 2906 2278 aut
2937 2240 3033 2278 nec
3085 2225 3362 2278 mittantur
3393 2226 3443 2278 in
3475 2225 3846 2279 monasteriis.

2261 2291 2314 2346 Si
2340 2305 2536 2356 autem,
2561 2305 2706 2349 certe
2739 2307 2852 2360 post
2883 2311 2983 2347 non
3021 2296 3230 2361 longum
3262 2306 3490 2363 tempus,
3519 2297 3848 2362 importuni-

2262 2373 2368 2418 tate
2410 2367 2591 2428 nimia,
2623 2376 2676 2420 et
2708 2366 3000 2433 disciplina!
3028 2365 3406 2419 ecclesiasticae
3465 2367 3701 2433 inimica,
3743 2383 3848 2421 ex-

2261 2444 2508 2502 torquere
2537 2447 2798 2489 Conantur
2827 2447 2879 2489 ιιι
2912 2436 3129 2491 redeant.
3159 2436 3223 2488 ad
3255 2436 3542 2500 honorem;
3567 2439 3655 2504 qui
3680 2439 3850 2490 char-

2261 2505 2424 2557 tulam
2459 2508 2609 2558 istam
2637 2522 2756 2559 cum
2806 2508 3183 2576 suprascriptis
3227 2507 3393 2560 titulis
3433 2523 3696 2560 canonum
3731 2523 3846 2562 non

2263 2577 2422 2628 fuerit
2445 2589 2779 2643 aspernans,
2811 2593 2911 2632 nec
2940 2592 3057 2630 eam
3091 2593 3184 2645 pro
3230 2578 3528 2631 rusticitate
3570 2579 3847 2633 sermonis

2259 2647 2603 2713 despexerit,
2653 2656 2836 2701 contra
2908 2647 3151 2702 inimicus
3199 2650 3577 2702 ecclesiastica)
3638 2650 3848 2718 regula:

2263 2719 2484 2769 multum
2511 2731 2630 2770 eum
2653 2719 2845 2784 poterit
2874 2719 3146 2785 adjuvare,
3174 2729 3227 2770 ιιι
3268 2719 3434 2772 libera
3465 2722 3638 2773 fronte
3671 2727 3844 2783 dicat,

2262 2788 2395 2839 sicut
2431 2789 2540 2850 jam
2574 2789 2989 2855 suprascriptum
3023 2800 3102 2841 est
3125 2831 3140 2850 ,
3170 2804 3227 2842 se
3257 2801 3439 2842 contra
3485 2797 3591 2842 tam
3620 2793 3848 2843 'sauetas

2261 2857 2598 2925 antiquorum
2634 2859 2846 2912 Patrum
2876 2861 3284 2912 constitutiones
3318 2859 3498 2912 venire
3530 2859 3847 2912 nullatenus

2265 2942 2437 2993 posse.
2473 2927 2581 2996 Ego
2609 2929 2721 2982 huic
2744 2945 2862 2983 cum
2891 2931 3034 2983 omni
3065 2931 3132 2982 hu
3157 2930 3360 2982 uilitate
3385 2943 3705 2997 suggerens,
3743 2931 3847 2981 ah-

2261 2999 2412 3051 sofvo
2458 2999 2594 3066 apud
2644 2999 2808 3053 Deum
2855 3001 3238 3054 conscientiam
3285 3015 3479 3053 meam.
3525 3000 3849 3066 Quicunque

2262 3077 2438 3120 autem
2471 3079 2560 3120 aut
2588 3069 3010 3137 importunitate,
3057 3070 3506 3133 antadulatione,
3559 3077 3650 3121 aut
3690 3071 3847 3123 falsis

2266 3138 2640 3192 hiantimentis
2685 3141 2970 3193 inclinatus
3025 3139 3212 3205 fuerit,
3250 3149 3612 3193 utcensuram
3664 3140 3851 3194 eccle-

587 3211 718 3280 tnihi
747 3211 850 3263 alia
876 3214 1122 3280 quaelibet
1150 3220 1333 3265 eontra
1372 3213 1738 3264 auctoritatem
1775 3209 1916 3263 sedis
1949 3221 2162 3278 aposlo-
2191 3219 2235 3280 (ς
2267 3210 2495 3261 siastica:
2536 3210 2830 3280 disciplina:
2878 3225 2982 3262 non
3015 3218 3227 3280 teneat,
3277 3209 3453 3262 videat
3503 3211 3736 3278 qualiter
3784 3225 3848 3264 se

589 3277 726 3346 licae,
758 3292 846 3332 aut
886 3277 1070 3334 contra
1102 3291 1460 3335 trecentorum
1493 3281 1675 3335 decem
1709 3291 1760 3334 et
1792 3291 1912 3332 octo
1955 3277 2158 3348 episco-

590 3363 775 3417 porum
811 3362 1093 3419 przctcpta,
1149 3352 1229 3404 vel
1279 3352 1601 3419 reliquorum
1650 3366 1914 3404 canonum
1965 3360 2160 3406 statuta

588 3421 824 3487 obiiciat,
873 3423 991 3488 quia
1021 3420 1272 3490 qudquid
1305 3435 1485 3474 contra
1519 3423 1728 3474 illorum
1762 3421 2152 3486 deﬁnitionem,

593 3505 644 3541 tn
677 3491 866 3558 quibus
891 3493 1142 3558 Spiritum
1177 3503 1415 3545 sanctum
1449 3493 1678 3545 locutum
1713 3509 1830 3545 esse
1869 3494 2158 3552 credimus.

591 3559 786 3614 dictum
819 3564 994 3625 fuerit,
1048 3563 1284 3630 recipere
1315 3579 1416 3616 non
1453 3565 1624 3616 solum
1658 3563 2018 3624 temerarium,
2068 3580 2105 3615 s.
2127 3563 2160 3617 d

588 3631 746 3683 etiam
781 3633 1133 3698 periculosum
1170 3649 1288 3686 esse
1322 3649 1423 3686 non
1452 3635 1652 3686 dubito.
1689 3633 1850 3686 Valde
1876 3638 2015 3685 enim
2049 3651 2160 3686 utc-

591 3710 680 3752 tno
705 3709 758 3754 et
805 3703 1157 3756 contremisco
1210 3703 1350 3755 itlam
1400 3704 1792 3757 damnationem
1834 3719 1989 3769 quam
2045 3705 2157 3757 Ileli

589 3772 841 3843 sacerdos
881 3782 1096 3840 propter
1123 3776 1335 3826 stultam
1369 3776 1744 3843 iudtt'geutiant
1774 3790 2016 3840 accipere
2049 3791 2158 3826 tne—

589 3843 693 3893 rttit
728 3840 777 3910 (Ι
817 3841 942 3912 Reg.
986 3845 1082 3910 tv).
1113 3845 1208 3910 Qui
1243 3861 1335 3911 pro
1367 3862 1430 3897 eo
1472 3840 1607 3910 qtiod
1644 3845 1782 3898 lilios
1825 3860 1952 3896 s..os
1994 3846 2158 3912 negli-

585 3926 683 3981 gen
711 3928 770 3964 er
798 3916 1092 3981 castigavit,
1125 3925 1180 3966 ut
1208 3929 1300 3967 eos
1322 3931 1420 3968 nec
1442 3916 1669 3977 caedere,
1714 3930 1809 3968 nec
1846 3930 2151 3967 excommu-

588 3980 763 4052 nieare
793 3984 1040 4047 voluerit,
1088 3987 1184 4052 ipsi
1219 3986 1308 4038 lilii
1356 4002 1458 4038 una
1488 3987 1574 4038 die
1604 4001 1698 4039 nec
1722 3985 1766 4036 si
1796 3999 1937 4050 sunt,
1981 3995 2030 4035 et
2063 3986 2154 4035 tri-

585 4050 727 4118 ginta
758 4053 920 4106 millia
947 4055 1013 4107 de
1044 4050 1239 4123 popqu
1280 4055 1557 4110 interiecta
1589 4066 1730 4115 sunt,
1764 4066 1817 4107 et
1842 4069 1962 4107 arca
1997 4065 2154 4106 ινειςι-

587 4125 748 4192 tuenti
781 4123 832 4177 iu
881 4127 1184 4192 Captivilale
1223 4128 1376 4179 ducta
1421 4139 1522 4189 est,
1566 4137 1619 4179 et
1651 4127 1762 4192 ipse
1792 4125 2152 4178 rctrocadeus

584 4191 763 4264 fractis
801 4196 1096 4248 cervicibus
1136 4206 1372 4249 mortuus
1412 4207 1512 4264 est,
1563 4209 1614 4251 et
1671 4211 1861 4248 nomen
1894 4196 2058 4260 ιβὼς
2087 4198 2153 4248 de

587 4261 720 4316 libro
755 4264 877 4317 vitae
927 4267 1160 4318 deletum
1191 4280 1290 4320 cst.
1329 4269 1388 4320 Et
1417 4261 1630 4321 econtra
1659 4269 1905 4334 Pltiuces,
1936 4265 2024 4332 qui
2059 4281 2152 4329 pro

585 4347 650 4384 eo
680 4337 818 4404 quod
851 4336 968 4388 zelo
1016 4337 1106 4388 Dei
1153 4349 1451 4390 commotus
1479 4339 1610 4391 duos
1640 4337 1909 4390 adulteros
1953 4338 2153 4404 pariter

589 4403 871 4473 interfecit,
907 4413 1071 4458 totum
1102 4411 1346 4473 popnlttm
1379 4409 1443 4459 de
1473 4410 1562 4460 Dei
1597 4408 1865 4460 iracundia
1887 4403 2148 4458 liberave-

581 4472 650 4525 rit
678 4472 866 4542 (Num.
897 4485 1050 4544 xxv).
1083 4472 1188 4530 Nec
1222 4481 1319 4531 hoc
1341 4478 1460 4532 ideo
1483 4479 1620 4544 dico,
1657 4489 1710 4529 ut
1733 4478 1866 4530 sicut
1890 4479 1978 4529 ille
2001 4476 2149 4540 fecit,

653 4594 678 4660 ξ
716 4587 892 4660 ϐᾼοιὶθκ
924 4587 1280 4649 Corbeiensis.
1311 4593 1492 4660 quibus
1517 4603 1561 4644 et
1599 4593 1811 4644 domnus
1844 4589 2070 4643 Faustus
2097 4591 2147 4641 in
2179 4589 2227 4648 D

580 4657 816 4724 epistola.
852 4660 1158 4732 Pithmanus
1183 4657 1330 4715 alter
1362 4663 1481 4732 [nec
1529 4678 1632 4715 nou
1663 4677 1710 4716 c.
1748 4661 1834 4732 il],
1869 4664 1931 4714 tle
1970 4663 2149 4730 quibus

581 4738 627 4799 et
657 4740 860 4780 sanctus
887 4728 1114 4784 Faustus
1145 4734 1195 4784 iu
1226 4728 1457 4798 epistola.
1504 4728 1890 4796 Floriacensis,
1934 4728 1996 4783 de
2030 4734 2147 4799 qui-

582 4796 672 4850 bus
700 4807 967 4853 etsenatus
997 4799 1220 4855 Faustus
1249 4796 1515 4870 episcopus
1541 4804 1590 4856 in
1619 4805 1854 4871 epistola.
1892 4803 2011 4858 Jac.
2037 4796 2153 4857 Stu-

580 4883 803 4923 IONDUS.

2269 3288 2393 3331 ante
2416 3279 2644 3332 tribunal
2674 3278 2872 3333 Christi
2897 3279 3163 3346 expediat,
3181 3281 3264 3332 ubi
3291 3289 3475 3332 contra
3499 3295 3619 3333 eum
3647 3295 3849 3334 omnes

2268 3365 2300 3416 q
2326 3351 2356 3401 :i
2387 3364 2618 3402 canones
2664 3359 2963 3404 statuerunt
2999 3364 3188 3404 causas
3241 3350 3503 3402 Suntsine
3546 3350 3648 3402 ulla
3681 3351 3848 3404 dubi-

2269 3423 2465 3473 tatione
2497 3421 2705 3474 dicturi.
2757 3419 2807 3472 In
2841 3436 3062 3489 quorum
3097 3421 3414 3474 domnorum
3461 3435 3698 3474 meorum
3745 3436 3849 3474 sa-

2268 3492 2541 3543 cerdotum
2595 3493 2838 3544 manibus
2869 3491 3108 3544 chartula
3143 3491 3240 3544 ista
3275 3491 3608 3561 pervenerit,
3641 3491 3684 3542 si
3718 3507 3845 3545 eam

2267 3563 2384 3612 aliis
2416 3561 2780 3615 sacerdotibus
2822 3577 2924 3614 non
2968 3562 3140 3615 solum
3187 3561 3250 3615 ad
3285 3561 3563 3631 legendum
3614 3561 3841 3623 omne,

2267 3634 2358 3684 sed
2415 3633 2573 3686 etiam
2625 3633 2867 3700 ingerere
2915 3632 3372 3694 transcribendam
3425 3632 3713 3696 noluerint,
3768 3635 3844 3687 ti-

2265 3713 2442 3754 meant
2473 3718 2536 3754 ne
2570 3703 2691 3756 inde
2722 3704 2946 3756 reddant
2979 3705 3029 3755 in
3062 3705 3148 3756 die
3173 3703 3358 3770 jttdicii
3391 3704 3676 3757 rationem.
3725 3703 3844 3755 Nec

2264 3773 2386 3824 illud
2417 3773 2684 3825 crelimus
2727 3775 3102 3837 omitteudun’i,
3154 3785 3212 3825 ιιι
3251 3774 3312 3826 iis
3355 3775 3442 3842 qui
3494 3789 3584 3837 pro
3629 3774 3843 3826 scelere

2260 3856 2356 3893 suo
2387 3858 2414 3894 a
2442 3844 2753 3909 [tr-.esidiltus
2780 3860 2872 3896 seu
2903 3863 2928 3894 ιι
2974 3844 3272 3898 recto:ibus
3303 3844 3477 3913 populi
3515 3843 3714 3897 fuerint
3758 3843 3843 3896 in-

2261 3913 2505 3982 ti-rempti
2528 3955 2540 3978 ,
2577 3924 2630 3967 et
2652 3915 2975 3980 sepulturam
3001 3913 3052 3966 in
3081 3917 3389 3968 C(Blilt’lcrit)
3412 3913 3839 3968 Christianorum

2260 3981 2476 4043 habere,
2511 3993 2564 4035 et
2603 3983 2938 4036 olTerentinm
2975 4001 3070 4049 pro
3103 3984 3234 4046 ἱμ-ἰδ
3265 3985 3548 4038 oblationis
3577 3985 3723 4050 juxta
3753 3999 3843 4038 ca-

2261 4067 2456 4104 nonum
2501 4053 2797 4126 imlieamus
2827 4055 3091 4126 licentiam
3145 4071 3250 4106 non
3297 4056 3497 4126 negari.
3541 4055 3843 4108 Violatores

2261 4137 2388 4194 vero
2418 4123 2646 4189 sepulcri
2680 4124 2802 4178 licet
2830 4125 3187 4192 Augustorum
3219 4123 3514 4193 principum
3537 4126 3843 4194 capitaliter

2258 4191 2475 4245 damnet
2503 4196 2786 4259 sententia,
2821 4191 2995 4250 tamen
3024 4195 3068 4248 si
3113 4196 3200 4264 qui
3234 4197 3282 4249 in
3332 4191 3429 4249 hoc
3462 4191 3694 4248 facinore
3726 4194 3843 4248 fue-

2258 4271 2366 4315 rint
2394 4265 2590 4331 reperti
2610 4267 2946 4332 superstites,
2983 4266 3049 4318 ab
3075 4267 3438 4319 ecclesiastica
3459 4265 3843 4319 communione

2259 4333 2541 4400 priventur
2573 4352 2586 4386 :
2615 4337 2736 4402 quia
2769 4339 2915 4389 nel'as
2946 4346 3027 4389 est
3077 4347 3131 4387 ut
3164 4339 3242 4389 eis
3273 4335 3696 4390 Christianorum
3731 4351 3838 4388 non

2257 4404 2536 4457 obseretur
2561 4408 2909 4468 consortium,
2936 4409 3022 4472 qui
3058 4407 3372 4460 temeritatis
3411 4422 3542 4460 ausu
3587 4408 3839 4459 humato-

2255 4489 2371 4527 rutn
2397 4477 2602 4528 cineres
2631 4475 2853 4529 reddere
2886 4489 3340 4544 pi'aasumpserunt
3366 4477 3654 4545 inquietos.

2328 4588 2353 4626 ι)
2398 4589 2681 4654 [lucusque
2711 4590 2880 4643 codex
2909 4589 3272 4654 Curbeieusis,
3304 4601 3356 4644 et
3386 4591 3648 4645 Pithmani
3679 4593 3841 4646 ambo

2254 4658 2397 4730 [cum
2421 4676 2470 4714 c.
2504 4658 2567 4728 ll]
2596 4679 2607 4711 ;
2637 4670 2832 4714 εωιυινίι
2860 4677 2924 4715 ex
2956 4663 3108 4716 unico
3132 4671 3256 4716 sunt
3282 4663 3591 4718 Rhemensi.

2330 4819 2342 4833 ‘
2387 4812 2556 4866 Lucus
2584 4810 2632 4863 iu
2667 4827 2766 4865 ms.
2795 4824 3093 4882 corruptus.

597 4959 3844 5002 ME

1837 5058 2002 5099 ANNO
2041 5056 2264 5098 DOMINI
2301 5057 2573 5099 DXXXVI.

933 5177 3109 5468 -AGAPE'1_‘_[J_S_PAPA
3203 5189 3364 5389 Ι.

1812 5512 2004 5571 Notitia
2043 5535 2106 5571 ea:
2133 5518 2262 5573 libro
2293 5517 2609 5587 Pontiﬁcali.

651 5633 912 5700 Agapetus
946 5640 968 5666 ἰ
1001 5629 1216 5684 natione
1260 5629 1529 5681 Romanus
1556 5673 1568 5685 .
1601 5645 1663 5682 ex
1697 5640 1844 5696 [imre
1875 5630 2148 5684 Gordiano

599 5777 601 5780 '
656 5778 677 5801 "
723 5771 873 5821 Auno
902 5767 1098 5820 Christi
1125 5765 1246 5826 553,
1277 5765 1388 5831 ipsa
1423 5765 1617 5826 hieme.
1651 5765 1920 5833 Agapetus
1964 5766 2139 5817 archi-

586 5838 838 5894 diaconus
867 5836 1106 5907 apprime
1148 5836 1382 5891 eruditus
1426 5837 1474 5891 in
1521 5837 1696 5892 locum
1740 5837 1957 5893 Joannis
1989 5851 2140 5907 papa:

2259 5632 2601 5700 presbytero,
2631 5629 2857 5684 clcsicus
2883 5628 2946 5682 ad
2977 5639 3193 5686 sanctos
3221 5631 3478 5684 Joannem
3503 5639 3557 5683 et
3582 5629 3838 5693 Paulum,

2251 5765 2572 5832 subrogatus
2615 5766 2748 5828 iuit,
2783 5774 2838 5817 ut
2881 5773 3092 5816 constat
3141 5780 3202 5816 cx
3235 5760 3478 5830 epistolis
3510 5761 3732 5830 Agapeti
3761 5759 3841 5814 ad.

2250 5836 2363 5892 Just
2389 5839 2600 5893 nianum
2631 5837 2999 5906 imperatorem
3031 5845 3081 5889 et
3103 5833 3420 5902 Reparatum
3449 5832 3829 5902 Carthaginem
