4126 6362
656 378 725 432 35
1984 373 2239 430 AGAPE'I

2327 371 2520 426 ΡΑΡᾹΞ
2551 371 2570 425 l
3832 376 3897 430 36

659 488 857 542 habere
886 488 1295 543 altercationem
1324 503 1444 543 cum
1489 486 1727 556 piissimo
1776 487 2015 554 principe
2055 489 2221 556 itnpe-
2252 492 2301 550 Α
2329 494 2545 538 naturas
2576 485 2626 537 itt
2660 484 2886 538 Domino
2913 486 3038 538 Jesu
3070 485 3306 540 Christo.
3354 486 3520 553 Quem
3556 497 3688 543 ‘cum
3732 507 3894 546 Viels-

656 592 832 635 ratore
860 578 1075 633 dotninu
1112 580 1411 634 Justinianu
1442 578 1677 648 Augusto
1707 577 1772 632 de
1802 578 2084 648 religione.
2115 579 2210 633 Cui

664 670 1008 725 beatissimus
1037 672 1300 739 Agapetus
1326 673 1610 739 episc0pus
1640 670 2071 724 constantissime
2100 669 2223 724 fidei

656 765 963 831 apostolica:
1020 779 1338 833 responsum
1399 762 1635 817 reddidit
1694 762 1761 816 de
1814 762 2033 817 domino
2086 761 2211 817 Jesu

654 854 887 921 Christo,
921 856 1030 909 Deo
1055 864 1108 911 et
1137 855 1372 919 homine,
1403 853 1504 907 hoc
1532 864 1636 919 est,
1682 853 1750 908 de
1780 854 1987 908 duabus
2014 854 2222 908 naturis

658 945 710 998 in
738 946 970 1001 Christo.
990 946 1054 1000 Et
1075 949 1195 999 dum
1228 946 1501 999 contentio
1528 954 1850 1009 versaretur,
1882 946 1950 999 ita
1971 944 2223 999 Dominus

659 1036 849 1098 adfuit,
880 1044 938 1088 ut
965 1037 1271 1104 episcuputn
1315 1035 1968 1102 Constantitmpolitanum
2010 1035 2223 1087 nomine

656 1128 1004 1189 Anthimutn,
1060 1128 1324 1182 inveniret
1384 1133 1650 1197 Agapetus
1704 1143 1833 1196 papa
1890 1131 2221 1182 ltzcreticum.

654 1219 890 1289 Cumque
916 1222 1192 1275 contentio
1227 1232 1529 1275 verteretur
1560 1238 1681 1275 cum
1723 1228 1960 1291 Augusto
1987 1230 2041 1275 et
2081 1223 2219 1290 Aga-

658 1320 777 1376 peto
803 1326 972 1380 papa,
999 1312 1133 1365 dixit
1163 1314 1210 1366 ei
1241 1314 1532 1380 imperator
1560 1313 1921 1368 Justiuianus:
1957 1317 2060 1366 Aut
2087 1328 2221 1367 con-

652 1402 789 1456 senti
820 1402 1007 1465 nobis,
1040 1412 1133 1456 aut
1181 1403 1368 1457 exsilio
1419 1404 1688 1474 deportari
1736 1417 1786 1459 te
1818 1406 2027 1459 faciam.
2074 1405 2225 1459 Tunc

652 1495 997 1550 beatissimus
1049 1512 1181 1565 papa
1213 1498 1479 1566 Agapetus
1529 1499 1805 1567 respondit
1840 1512 1959 1551 cum
1990 1497 2179 1566 gaudio
2204 1537 2219 1560 ,

651 1585 839 1640 dicens
881 1586 947 1639 ad
1000 1586 1410 1654 imperatorem:
1458 1588 1569 1657 Ego
1615 1590 1831 1658 quidem
1877 1598 2127 1659 peccator
2154 1589 2220 1642 ad

650 1677 1008 1731 Justinianum
1042 1678 1418 1745 imperatorem
1469 1680 1982 1734 Christianissitnum
2037 1679 2223 1733 venire

652 1767 986 1833 desideravi,
1040 1785 1179 1823 nunc
1220 1782 1397 1824 autem
1430 1772 1811 1825 Diocletianum
1855 1771 2056 1825 inveni.
2119 1772 2220 1836 Qui

2327 585 2410 630 set
2436 585 2652 630 sanctus
2681 591 2812 644 papa
2862 580 3154 646 Agapetns,
3199 577 3523 647 glorificatus
3560 591 3645 635 est
3679 583 3744 637 ab
3782 599 3896 639 um-

2328 666 2483 721 nibus
2505 668 2747 721 Christus
2767 668 2863 737 (o).
2893 669 3041 724 Tunc
3070 670 3618 742 piissimusAugustus
3639 673 3895 731 Iustinia-

2330 774 2428 812 nns
2475 760 2671 828 gaudio
2702 762 2936 829 repletus
2991 761 3285 815 lntmiliavit
3314 776 3372 817 se
3415 764 3531 819 sedi
3563 770 3893 837 apostolicae,

2329 862 2382 904 et
2411 852 2650 905 adoravit
2693 852 3060 907 beatissimum
3110 857 3404 923 Agapetnm
3447 872 3661 927 papam.
3694 862 3894 919 Eodem

2329 954 2568 1012 tempore
2604 944 2762 1011 ejecit
2791 944 3101 997 Anthimum
3131 961 3159 999 a
3188 950 3598 1017 communione,
3648 961 3703 1006 et
3730 970 3895 1023 expu-

2328 1036 2387 1089 lit
2416 1036 2468 1089 in
2490 1036 2760 1091 exsilium.
2791 1038 2942 1091 Tunc
2976 1038 3247 1105 piissimus
3272 1042 3544 1109 Augustus
3566 1042 3895 1102 Justinianus

2327 1128 2534 1196 rogavit
2565 1128 2930 1183 beatissimum
2965 1145 3151 1197 papam
3185 1132 3481 1201 Agapetum
3502 1176 3515 1198 ,
3548 1145 3604 1186 ut
3628 1135 3681 1189 in
3713 1136 3890 1191 locum

2327 1221 2565 1274 Anthimi
2606 1221 2917 1290 episcopum
2943 1223 3269 1277 catholicum
3304 1240 3647 1282 consecraret
3680 1231 3895 1303 nomine

2327 1309 2596 1364 Hennam.
2650 1312 2748 1377 Qui
2803 1316 3069 1381 Agapetus
3110 1329 3246 1383 papa
3286 1317 3464 1369 omnia
3518 1321 3747 1373 obtinuit
3796 1337 3893 1389 pro

2324 1401 2517 1470 quibus
2539 1401 2735 1455 missus
2764 1401 2955 1455 fuerat.
2980 1401 3108 1457 Post
3129 1404 3242 1458 dies
3267 1420 3394 1458 vero
3416 1406 3716 1476 aliquantus
3737 1411 3889 1479 :rgri-

2323 1494 2509 1548 tudine
2562 1502 2878 1563 correptus,
2933 1495 3212 1550 defunctus
3268 1506 3350 1551 est
3398 1496 3881 1568 Constantinupoli.

2325 1584 2489 1653 Cujus
2518 1599 2712 1654 corpus
2740 1585 2791 1638 in
2831 1585 3003 1639 loculo
3046 1587 3299 1655 plumbeo
3332 1588 3641 1643 translatum
3669 1603 3751 1644 est
3781 1590 3885 1645 ﬂo-

2323 1693 2489 1742 mam,
2522 1694 2688 1747 usque
2717 1679 2769 1732 in
2816 1678 3091 1733 basilicam
3141 1680 3288 1734 Beati
3321 1682 3463 1735 Petri
3497 1684 3766 1750 apostoli,
3799 1684 3888 1737 ubi

2324 1780 2378 1822 et
2407 1770 2647 1839 sepultus
2673 1780 2750 1825 est
2773 1786 2851 1825 xu
2899 1772 3147 1826 calendas
3178 1774 3444 1829 Octobris.
3480 1775 3575 1829 llic
3602 1776 3727 1831 fecit
3752 1777 3893 1831 ordi-

651 1868 825 1912 tamen
848 1860 1019 1914 minas
1043 1869 1161 1914 tuas
1194 1878 1297 1915 non
1323 1863 1659 1931 pertimesco.
1694 1863 1757 1915 Et
1789 1863 1922 1915 dixit
1946 1862 1993 1916 ei
2026 1862 2218 1916 iterum
2254 1872 2299 1933 Β
2328 1861 2594 1916 nationem
2628 1863 2678 1915 in
2723 1864 2858 1918 urbe
2890 1863 3082 1930 Roma,
3115 1866 3369 1920 diacones
3393 1868 3446 1931 4,
3479 1868 3768 1937 episcopos
3799 1884 3892 1939 per

652 1950 921 2018 Agapctus
952 1952 1270 2005 venerabilis
1296 1967 1457 2020 papa:
1492 1953 1712 2017 Tamen,
1750 1962 1806 2005 ut
1834 1953 1970 2007 scias
2004 1962 2058 2005 tu
2088 1968 2207 2004 eum

653 2039 902 2093 idoneum
936 2056 1043 2093 non
1089 2056 1211 2097 esse
1258 2044 1502 2111 religioni
1530 2043 1880 2112 Christianze,
1936 2043 2219 2109 episcopus

654 2140 775 2184 tuus
814 2133 1133 2186 confiteatur
1178 2133 1312 2186 duas
1344 2144 1563 2187 naturas
1594 2134 1647 2186 in
1673 2133 1908 2187 Christo.
1958 2134 2108 2186 Tunc
2133 2148 2220 2186 ac-

648 2220 847 2273 cersito
885 2236 947 2275 ev
979 2232 1247 2291 przecepto
1279 2224 1502 2293 AuguSIi
1548 2226 1800 2293 episcopo
1845 2224 2219 2278 Constantinu-

654 2312 888 2377 politano
908 2314 1121 2367 nomine
1153 2316 1427 2378 Anthimo,
1453 2325 1507 2369 et
1530 2315 1861 2370 discussione
1890 2316 2049 2381 facta,
2079 2332 2216 2369 nun-

646 2415 806 2468 quam
849 2404 1017 2457 Voluit
1050 2405 1295 2459 confiteri
1326 2408 1376 2459 in
1409 2406 1649 2460 doctrina
1682 2407 1959 2462 catholica:
1998 2423 2219 2478 respon-

652 2497 820 2551 sionis
860 2498 925 2551 ad
958 2499 1436 2569 interrogationem
1470 2500 1606 2555 beati
1654 2516 1801 2569 papae
1830 2501 2047 2571 Agapeti
2089 2502 2220 2555 duas

650 2632 702 2682 in
728 2630 985 2704 Ecclesia,
1016 2634 1152 2701 quod
1180 2634 1263 2688 hic
1294 2634 1359 2689 de
1390 2648 1628 2704 tempore
1656 2637 1830 2691 obitus
1859 2646 1912 2691 et
1938 2638 2081 2690 sedis
2111 2654 2200 2690 va-

646 2700 819 2774 cantis
847 2701 1008 2756 refert
1034 2700 1368 2758 ’Anastasius
1399 2700 1514 2761 lide'
1530 2716 1693 2759 caret.
1725 2708 1891 2774 Quam
1927 2708 2202 2761 historiam

646 2772 715 2820 de
746 2773 981 2840 Agapetu
1008 2774 1174 2826 refert
1203 2777 1471 2841 Sophron.
1504 2778 1555 2829 itt
1605 2772 1764 2829 l’rat-i
1788 2779 2051 2841 spirituali
2085 2794 2204 2846 cap.

2321 1951 2535 2007 diversa
2581 1953 2695 2007 loca
2745 1970 2972 2008 numero
3021 1956 3107 2010 ll.
3170 1957 3237 2009 Et
3285 1960 3515 2013 cessavit
3558 1960 3893 2031 episcopatus

2324 2058 2561 2099 mensem
2594 2061 2758 2100 unum
2790 2048 2905 2101 dies
2934 2049 3115 2117 viginti
3139 2058 3280 2105 octo.

2640 2136 2724 2192 Ea:
2743 2137 2985 2194 Gratiani
3006 2143 3207 2195 decreto
3228 2145 3571 2216 desumptmn.

2397 2232 2666 2303 Agapetus
2690 2250 2857 2304 papa,
2911 2251 3002 2293 vas
3031 2237 3355 2293 catholicum
3375 2279 3391 2305 ,
3423 2240 3685 2310 evangelii
3727 2242 3850 2297 tuba
3871 2282 3887 2307 ,

2325 2338 2499 2392 praeco
2522 2324 2763 2394 justitite,
2794 2341 2942 2380 sacra
2987 2328 3171 2382 altaris
3201 2330 3451 2397 sedisque
3479 2332 3767 2400 velamina,
3800 2348 3885 2389 sa-

2325 2413 2539 2484 crilegis
2581 2416 2816 2470 Anthimi
2842 2416 3033 2472 infecta
3066 2418 3282 2486 fabulis,
3315 2420 3427 2475 suis
3455 2422 3737 2478 catholicis
3769 2439 3890 2493 pre-

2324 2506 2475 2559 cibus
2505 2504 2725 2560 delevit.

2309 2637 2445 2702 150,
2476 2640 2615 2709 apud
2644 2640 2835 2696 Baron.
2876 2645 3117 2702 invenies
3155 2662 3297 2703 anno
3322 2649 3611 2719 praedicto.
3646 2667 3699 2706 η.
3736 2652 3804 2709 ϐο
3837 2664 3887 2708 et

2311 2722 2463 2775 seqq.
3410 2720 3539 2775 Ser.
3574 2722 3777 2775 BINIUS.

3410 2720 3539 2776 Ser.
3574 2722 3777 2778 BINIUS.

2389 2780 2465 2848 (ιι)
2500 2780 2646 2834 Idem
2674 2782 2819 2847 cod.,
2838 2782 3163 2841 Christianis.

669 2870 3892 2903 Ἦ

1471 2933 2309 3078 AGAPETI
2382 2937 2917 3049 papa:
2991 2941 3063 3049 ι

1526 3089 1548 3128 ⁸
1727 3164 1789 3219 ω
1894 3102 2651 3217 EPISTOL/E.

1044 3335 1372 3391 EPISTOLA
1441 3337 1813 3393 JUSTINIANI

1225 3444 1289 3481 AD
1344 3444 1509 3483 AGAPE
1524 3444 1643 3484 ῐυὶΙ.

659 3542 803 3597 More
851 3548 1102 3615 majorum
1150 3562 1359 3598 suorum
1408 3549 1545 3613 apud
1587 3547 1874 3615 pontiﬁcem
1925 3548 2208 3601 Romanum

730 3630 901 3667 recens
927 3614 1137 3668 electum
1162 3617 1282 3683 ﬁdei
1307 3632 1413 3669 sua:
1435 3617 1799 3685 professionem
1838 3619 1965 3682 edit,
1996 3619 2223 3671 eamdem

728 3700 880 3751 quam
909 3702 1062 3755 supra
1090 3692 1158 3737 ad
1178 3687 1380 3738 Joanne
1398 3706 1425 3736 η
1455 3703 1638 3753 papam
1662 3685 1721 3739 II
1744 3689 1972 3742 miserat.

733 3798 786 3851 In
827 3800 1041 3853 nomine
1068 3799 1272 3853 Domini
1319 3801 1485 3855 nostri
1516 3802 1641 3856 Jesu
1680 3803 1879 3857 Christi
1934 3804 2024 3859 Dei
2056 3805 2224 3873 impe-

659 3903 804 3943 rator
837 3892 1015 3944 Caesar
1047 3891 1264 3945 Flavius
1300 3891 1661 3958 Just‘nianus,
1694 3896 2032 3949 Alemanicus
2054 3938 2068 3959 ,
2113 3895 2219 3949 Gu-

657 3981 857 4050 thicus,
894 3983 1177 4037 Francicus
1203 3984 1606 4052 ,Germanictte,
1638 3987 1889 4050 Anticus,
1938 3989 2184 4042 Alanicus
2210 4033 2224 4056 ,

663 4074 1012 4140 Vandalicns,
1045 4076 1363 4141 Africanus,
1399 4078 1551 4145 Pius,
1588 4079 1765 4142 Felix,
1804 4079 2068 4150 lnclytus,
2106 4080 2225 4134 Vie-

658 4177 780 4231 tor,
830 4182 892 4221 ac
942 4166 1322 4236 Triumphator
1372 4183 1588 4237 semper
1638 4173 1940 4239 Augustus.
1990 4172 2228 4240 Agapeto

658 4256 1003 4310 sanctissimo
1033 4258 1437 4328 archiepiscopo
1463 4259 1619 4313 alma:
1646 4260 1798 4313 urbis
1831 4260 2014 4313 liomze
2041 4270 2093 4313 et
2136 4275 2229 4328 pa-

658 4350 931 4404 triarchtn.

732 4444 872 4497 Ante
908 4451 1116 4512 tempus
1157 4445 1206 4496 in
1249 4444 1347 4498 hac
1393 4447 1538 4515 regia
1570 4448 1701 4501 urbe
1753 4457 1935 4501 nostra
1963 4460 2225 4516 quorum-

660 4530 783 4583 dam
812 4531 880 4585 de
901 4546 1065 4586 causa
1098 4532 1217 4586 ﬁdei
1241 4535 1446 4589 exstitit
1468 4536 1715 4590 morbosa
1742 4537 2044 4600 contentio;
2069 4550 2226 4605 quam

660 4638 756 4677 nos
776 4638 1009 4695 congrue
1040 4638 1354 4697 respuentes
1394 4627 1713 4699 interpositu
1753 4632 1931 4687 edicto
1960 4633 2222 4702 repressi-

657 4730 795 4770 mus.
849 4718 913 4769 Et
963 4718 1084 4787 quia
1133 4718 1292 4772 studii
1323 4720 1491 4775 nostri
1536 4731 1622 4776 est
1649 4736 1987 4793 emergentes
2040 4724 2226 4794 hujus-

656 4809 801 4863 modi
827 4824 1018 4864 causas
1044 4810 1107 4863 ad
1152 4812 1460 4880 apostolica:
1499 4814 1643 4870 sedis
1683 4824 1873 4870 vestra:
1914 4815 2115 4870 referre
2144 4819 2226 4885 ju-

2406 3338 2708 3393 lieddcntcs
2758 3340 3012 3393 honorem
3067 3342 3372 3409 apostolica:
3427 3345 3540 3397 sedi
3600 3356 3654 3398 et
3705 3358 3893 3401 vestra:

2329 3429 2621 3494 sanctitati,
2647 3430 2787 3499 quod
2823 3445 3035 3500 semper
3064 3432 3217 3485 nobis
3243 3432 3292 3486 in
3327 3442 3450 3487 voto
3482 3435 3598 3500 fuit,
3623 3445 3811 3501 etest,
3844 3445 3898 3489 nt

2332 3521 2485 3575 decet
2531 3529 2772 3589 patrem,
2827 3522 3148 3577 honorantes
3200 3534 3433 3580 ve~tram
3492 3527 3895 3591 beatitudinem,

2328 3615 2528 3678 omnia,
2564 3629 2680 3681 qute
2709 3613 2772 3666 ad
2804 3614 3160 3669 Ecclesiarttm
3188 3624 3382 3672 statum
3419 3622 3712 3687 pertinent,
3753 3622 3897 3676 festio

2328 3719 2516 3759 namus
2546 3704 2611 3757 ad
2645 3706 2886 3759 notitiam
2931 3706 3141 3761 deferre
3169 3719 3360 3763 vestra:
3389 3712 3689 3765 sanctitatis
3721 3731 3732 3765 :
3768 3727 3895 3783 quu—

2329 3796 2468 3848 niam
2502 3811 2715 3864 semper
2744 3813 2992 3868 magnum
3023 3798 3177 3852 nobis
3222 3800 3320 3855 fuit
3358 3793 3592 3856 sﬁidium
3634 3805 3889 3858 unitatem

2327 3897 2517 3941 vestra:
2550 3891 2855 3957 apostolica:
2904 3891 3087 3955 sedis,
3129 3899 3183 3945 et
3224 3904 3421 3945 statum
3465 3903 3770 3947 sanctarum
3805 3894 3894 3948 Dei

2327 3979 2689 4035 Ecelesiarum
2712 3981 3007 4045 custodire,
3036 3998 3153 4050 quac
3187 3982 3441 4038 hactenus
3472 3983 3697 4047 obtinet,
3730 3992 3787 4038 et
3816 3984 3891 4038 in.

2327 4082 2596 4126 commote
2628 4082 2933 4140 permanet,
2986 4074 3125 4126 nulla
3182 4074 3552 4129 intercedente
3606 4076 3896 4130 contrario—

2330 4173 2456 4217 tate.
2507 4163 2745 4218 Petimus
2766 4179 2895 4233 ergo
2926 4175 3166 4217 vestrum
3220 4174 3499 4230 paternum
3532 4164 3778 4220 all‘ecmm
3799 4207 3814 4229 ,
3843 4173 3896 4218 ut

2327 4257 2523 4310 vestris
2546 4256 2610 4309 ad
2639 4270 2735 4309 nos
2764 4256 3044 4310 destinatis
3073 4256 3285 4320 litteris,
3316 4266 3367 4310 et
3398 4256 3463 4310 ad
3495 4257 3887 4312 sanctissimum

2310 4347 2633 4416 episcopum
2657 4346 2814 4415 hujus
2842 4347 2996 4400 alma:
3019 4346 3162 4400 urbis
3190 4355 3242 4399 et
3270 4346 3625 4415 patriarchatn
3656 4356 3890 4400 vestrum

2331 4442 2581 4506 fratrem,
2616 4444 2867 4510 quoniam
2900 4452 2954 4495 et
3001 4443 3115 4510 ipse
3172 4457 3264 4511 per
3312 4442 3529 4497 eosdem
3578 4443 3792 4511 scripsit
3831 4440 3893 4495 ad

2333 4543 2561 4586 vestram
2593 4533 2927 4593 sanctitatem
2953 4574 2967 4597 ,
3000 4531 3263 4587 festinans
3290 4534 3341 4588 in
3374 4533 3619 4587 omnibus
3648 4532 3895 4601 consequi

2330 4623 2511 4677 sedem
2539 4622 2887 4691 apostolicam
2929 4623 3271 4677 beatitudinis
3302 4632 3492 4677 vestrm
3514 4664 3527 4686 ,
3557 4624 3895 4678 manifestum

2332 4716 2877 4786 nubisfaciatis,quud
2906 4731 3094 4770 omnes
3119 4718 3205 4785 qui
3230 4716 3537 4787 prmdictam
3570 4714 3727 4771 fidem
3753 4723 3893 4770 recte

2330 4809 2651 4863 confitentur
2678 4808 2900 4877 suscipit
2924 4818 3099 4862 vestra
3123 4810 3398 4875 sanctitas,
3438 4822 3623 4863 eorum
3665 4809 3757 4877 qui
3801 4806 3891 4861 Ju-

653 4902 878 4965 dicium,
926 4901 1166 4971 ejusdem
1222 4903 1341 4957 fidei
1368 4921 1525 4974 quam
1577 4907 1901 4976 sequendam
1951 4908 2220 4975 duximus,
2252 4944 2307 5005 Β
2332 4904 2483 5005 daice
2507 4902 2620 4955 ausi
2648 4911 2771 5005 sunt
2796 4911 2998 5004 rectam
3024 4901 3291 5002 denegare
3323 4901 3479 4955 fidem
3505 4942 3521 4966 ,
3576 4901 3896 5003 condemnat

656 5001 899 5046 tenorem
926 4993 1170 5060 epistula.
1195 5008 1392 5050 nostra:
1414 4998 1698 5062 insertum,
1726 4997 1792 5050 ad
1824 4998 1998 5052 beata:
2025 5014 2227 5051 memo-

658 5082 749 5135 ria:
780 5083 1231 5150 predecessorem
1257 5096 1491 5140 vestrum
1515 5087 1775 5141 Joannem
1805 5104 1898 5157 per
1942 5087 2225 5159 Hypatium

652 5184 708 5227 et
740 5175 1062 5229 Demetrium
1099 5178 1434 5233 venerabiles
1459 5180 1741 5249 cpiscopus
1774 5179 1933 5234 missa
1958 5180 2226 5250 legatione

652 5265 976 5319 direximus.
1007 5266 1173 5333 Quam
1222 5283 1317 5337 pro
1368 5270 1673 5340 integritate
1722 5269 1844 5325 fidei
1900 5281 2227 5326 memoratus

653 5355 1022 5424 praadecessur
1072 5368 1247 5413 vester
1280 5360 1459 5413 libenti
1510 5360 1867 5430 gratulatione
1898 5363 2222 5430 suscipiens,

653 5464 755 5502 suo
797 5463 862 5503 ac
895 5450 1053 5503 tutius
1096 5451 1349 5505 Ecclesia:
1395 5451 1648 5505 Romana:
1695 5451 1926 5505 [irritavit
1964 5452 2219 5507 assensu.

653 5539 821 5610 Cujus
850 5542 1094 5611 epistula:
1137 5559 1332 5597 llOS'l‘Il‘
1357 5553 1509 5597 tenor
1537 5544 1837 5611 hujusmodi
1864 5554 1975 5599 est:

666 5636 667 5639 “
722 5634 907 5689 Victor
950 5635 1311 5699 Justinianus,
1346 5635 1492 5700 Pius,
1526 5636 1691 5701 Felix,
1728 5636 1983 5705 lnclytns,
2014 5635 2225 5688 Trium-

652 5726 865 5793 pbator,
898 5743 1108 5796 semper
1135 5730 1424 5796 Augustus,
1455 5727 1647 5781 Joanni
1684 5727 2023 5782 sanctissimo
2051 5726 2226 5782 archi-

645 5822 899 5892 epis:upu
930 5822 1085 5877 alma:
1113 5820 1258 5875 urbis
1291 5820 1471 5876 Romae
1496 5830 1548 5877 et
1582 5818 1941 5891 patriarcha,

2334 4994 2629 5064 perfidiam.
2663 4993 2787 5047 Plus
2815 4993 2955 5046 enim
2988 4994 3055 5045 ita
3082 5001 3134 5046 ct
3156 4994 3297 5045 circa
3331 5007 3423 5045 vos
3451 4993 3686 5047 omnium
3719 5004 3885 5054 amor,

2332 5097 2385 5141 et
2410 5097 2602 5141 vestra:
2629 5084 2771 5139 sedis
2802 5085 2995 5139 crescit
3022 5084 3333 5147 auctoritas,
3369 5091 3420 5136 et
3450 5098 3567 5153 qua:
3598 5083 3664 5136 ad
3702 5096 3795 5135 vos
3817 5088 3895 5135 est

2332 5180 2509 5232 unitas
2532 5189 2836 5232 sanctarum
2878 5174 3235 5229 Ecclesiarum
3259 5175 3524 5230 inturbata
3555 5174 3891 5229 servabitur:

2331 5268 2577 5337 quoniam
2627 5282 2723 5336 per
2753 5281 2845 5320 vos
2902 5264 3185 5318 didicerint
3227 5278 3413 5319 omnes
3444 5265 3732 5319 beatissimi
3774 5261 3890 5329 epi-

2330 5360 2473 5426 sc0pi
2502 5360 2690 5413 horum
2720 5372 2837 5426 qum
2868 5356 2932 5409 ad
2956 5368 3050 5408 vos
3078 5356 3242 5408 relata
3270 5365 3394 5410 sunt
3422 5357 3687 5410 sinceram
3708 5363 3895 5409 vestra:

2331 5452 2600 5505 sanctitati
2627 5451 2943 5505 docttinam.
2990 5448 3229 5503 Petimus
3259 5458 3431 5503 autem
3454 5458 3685 5503 vestram
3729 5446 3895 5501 beati-

2331 5544 2567 5597 tudinem
2598 5557 2758 5597 orare
2791 5556 2885 5611 pro
2939 5540 3133 5607 nobis,
3178 5550 3231 5595 et
3280 5542 3370 5593 Dei
3416 5541 3571 5594 nobis
3615 5539 3891 5608 acquirere

2332 5634 2742 5705 providentiam.
2791 5633 3071 5704 Exemplar
3118 5632 3522 5701 subscriptionis.
3562 5631 3890 5686 Diviuitaste

2334 5736 2510 5781 servet
2559 5741 2652 5794 per
2704 5724 2899 5779 multos
2954 5737 3146 5787 annos,
3181 5730 3363 5776 sancte
3408 5736 3469 5775 ac
3498 5722 3893 5791 religiosissime

2338 5827 2507 5892 pater.
2560 5819 2688 5873 Data
2726 5832 2815 5871 vttt
2846 5816 3024 5871 iduum
3053 5813 3352 5879 Juniarum,
3387 5811 3842 5883 ConstantinOpuli
3872 5845 3890 5873 ,
