4126 6362
300 363 364 415 57
1784 350 1960 404 El‘lSl
1978 350 2159 405 om.
3488 356 3554 414 δε

300 474 518 530 domino
549 479 732 525 nostro
757 469 1061 525 Justiniauo
1095 474 1357 538 perpetuo
1395 465 1633 532 Augusto
1657 477 1713 515 ut
1743 476 1873 515 con-
1902 464 1952 521 Α
1983 461 2207 516 ctrinam
2242 461 2592 530 apostolicam
2642 461 2834 514 fuerint
2887 463 3192 529 consecuti,
3246 465 3554 526 nullatenus

301 567 418 621 sule
447 566 486 617 ‘.

468 673 795 731 EPISTOLA
838 673 1045 753 PRIMA
1088 668 1385 725 AGAPETI
1428 664 1629 720 ιιΑΡίΕ
1690 668 1704 719 |

850 782 917 821 ΑΒ
953 777 1299 820 ιυετιδιλκυιι
1315 799 1327 812 .

374 883 649 937 Iustiniani
680 882 800 949 ﬁdei
822 880 1049 932 libellum
1075 918 1089 939 ,
1119 885 1371 949 quatenus
1403 873 1681 941 conformis
1732 883 1803 923 est

626 993 645 1015 .,
680 946 837 1005 sacris
866 949 1142 1001 canonibus
1162 991 1175 1013 ,
1210 946 1501 1010 conﬁrmat.

378 1070 641 1135 Agapetus
662 1062 943 1131 episcopus
968 1058 1270 1113 Justiniano
1294 1055 1555 1121 Augusto.

380 1156 721 1211 Gratulatnur
745 1193 760 1215 ,
809 1149 1131 1205 venerabilis
1173 1149 1467 1213 imperator
1495 1184 1508 1205 ,
1558 1141 1699 1209 quod
1733 1150 1880 1194 tanto

309 1248 591 1304 catholica:
611 1245 749 1299 ﬁdei
772 1243 965 1298 ardore
991 1238 1363 1301 succenderis,
1397 1243 1456 1289 ut
1479 1235 1727 1287 omnibus
1755 1233 1881 1301 piis-

306 1343 459 1395 simae
503 1339 625 1392 vita:
673 1345 866 1390 VCall'lB
901 1332 1229 1401 temporibus
1273 1329 1412 1398 piam
1460 1324 1879 1381 sollicitudinem

307 1433 450 1487 circa
473 1431 790 1486 servandam
822 1424 1223 1495 augettdamque
1271 1421 1629 1475 Ecclesiarum
1657 1432 1880 1472 concor-

308 1526 452 1579 diam
471 1525 765 1578 elententer
791 1522 1065 1583 exhibeas,
1084 1528 1140 1574 et
1168 1533 1324 1573 unam
1357 1517 1537 1575 fidem,
1561 1528 1762 1581 suaque
1786 1527 1882 1581 per

311 1616 491 1670 omnia
538 1613 788 1668 ﬁrmitate
816 1610 1151 1666 consimilem
1196 1608 1441 1663 omnibus
1481 1604 1692 1674 populis
1730 1602 1881 1657 Cliti-

308 1707 497 1761 stianis
514 1708 700 1775 cupias
724 1702 1023 1774 prmdicari.
1051 1701 1158 1755 Nec
1188 1700 1383 1755 mirum
1408 1699 1460 1752 in
1485 1696 1749 1767 ejusmodi
1775 1695 1884 1748 cle-

312 1799 565 1852 mentium
603 1808 828 1851 vestiam
859 1795 1054 1866 placita
1087 1795 1195 1847 Deo
1226 1792 1545 1862 cogitatione
1571 1788 1879 1859 persistere,

310 1908 431 1945 cum
465 1906 568 1943 non
614 1890 748 1943 alius
781 1888 990 1956 imperii
1027 1887 1183 1939 vestri
1233 1887 1354 1937 beat
1380 1898 1442 1937 or
1473 1883 1541 1935 sit
1574 1890 1877 1950 provectus,
1912 1888 1957 1947 Β

312 2000 471 2053 quam
505 1984 776 2052 religionis
801 1989 1165 2049 augmentum.
1200 1978 1537 2044 Quapropter
1569 1973 1749 2027 libenti
1780 1974 1880 2027 hoc

309 2087 365 2132 et
392 2076 701 2147 prophetica
734 2090 864 2129 voce
894 2072 1121 2126 cantabo
1148 2088 1161 2123 :
1205 2070 1471 2136 Repletum
1505 2078 1576 2121 est
1604 2067 1795 2136 gaudio
1827 2082 1882 2119 os

312 2180 569 2235 nostrum,
602 2178 650 2222 et
680 2166 856 2238 lingua
888 2176 1062 2219 nostra
1098 2163 1436 2218 exsultatione
1467 2160 1640 2226 (Psal.
1683 2158 1841 2225 ουν)
1863 2200 1878 2222 ,

311 2262 452 2333 quod
499 2260 940 2316 florentissimum
995 2257 1350 2325 principatum
1401 2262 1636 2307 vestrum
1689 2250 1883 2304 divinis

315 2353 552 2424 quotidie
574 2351 883 2422 inspicimus
912 2348 1184 2403 beneﬁciis
1206 2346 1476 2401 adornari.
1502 2342 1665 2411 Cupis
1694 2343 1839 2397 enim
1868 2382 1881 2405 ,

314 2447 635 2503 venerabilis
673 2446 964 2513 imperator
988 2485 1002 2507 ,
1032 2451 1088 2496 ut
1118 2452 1219 2496 tua:
1258 2441 1467 2509 pietatis
1504 2439 1784 2508 epistolam
1815 2438 1882 2490 de

316 2539 435 2593 ﬁdei
466 2552 657 2593 vestrre
709 2537 1045 2605 estpositione
1078 2552 1249 2601 nuper
1275 2535 1340 2589 ad
1393 2534 1561 2589 beata:
1608 2532 1886 2587 memoria:

320 2632 769 2700 praedecessorem
802 2640 1043 2684 nostrum
1062 2628 1323 2683 Joannem
1350 2627 1601 2681 Romante
1624 2625 1769 2681 sedis
1792 2640 1887 2679 an-

319 2723 536 2776 tistitem
561 2763 576 2787 ,
613 2737 708 2791 per
740 2721 1023 2791 llypatium
1052 2731 1209 2787 atque
1244 2718 1569 2773 Demetrium
1598 2718 1886 2786 episcopos

319 2813 659 2880 destinatam,
695 2823 800 2867 eta
839 2812 1056 2880 praefato
1089 2812 1317 2879 prtesule
1359 2812 1662 2866 roboratam
1704 2818 1886 2862 nostra

320 2919 532 2974 quoque
573 2905 889 2958 auctoritate
920 2904 1193 2957 firmemus
1232 2918 1246 2955 :
1279 2902 1586 2965 laudamus,
1618 2899 1892 2969 atnplecti~

320 3010 468 3049 mur:
500 3010 603 3047 non
627 2993 747 3063 quia
780 2994 930 3048 laicis
961 2995 1334 3047 auctoritatem
1371 2992 1767 3061 przcdicationis
1795 2989 1889 3043 ad-

324 3084 604 3150 mittimus,
637 3086 727 3138 sed
758 3086 879 3153 quia
911 3084 1145 3139 studium
1176 3084 1296 3137 fidei
1324 3091 1515 3136 vestra:
1555 3091 1767 3149 patrum
1793 3097 1888 3134 no-

322 3184 555 3228 strorum
587 3175 784 3245 regulis
797 3177 1122 3229 conveniens
1148 3175 1527 3230 confirmamus
1551 3184 1710 3241 atque
1736 3172 1895 3227 robo-

323 3279 525 3318 ramus.
546 3265 802 3334 Perquod
833 3266 938 3336 jam
969 3278 1023 3321 et
1054 3267 1230 3320 unitas
1258 3267 1501 3335 provenit
1527 3266 1814 3327 Ecclesite,
1840 3275 1894 3318 et
1922 3262 1966 3323 C

325 3355 526 3425 reliqua
553 3358 832 3412 catholica:
859 3360 1094 3413 membra
1144 3358 1395 3412 Ecclesia:
1424 3358 1490 3411 ad
1523 3357 1639 3427 ejus
1674 3373 1890 3424 compa-

323 3463 445 3515 gent
472 3448 891 3502 Christianitatis
943 3449 1239 3503 constantia
1276 3448 1509 3502 reditura
1550 3447 1889 3501 confidimus.

322 3540 488 3609 Cujus
510 3540 859 3610 professionis
882 3541 963 3593 vel
990 3540 1231 3606 epistola:
1272 3551 1464 3594 vestra:
1496 3551 1731 3594 tenorem
1761 3538 1894 3592 inle-

324 3634 437 3684 rlus
463 3641 832 3698 anni-ctentes,
874 3631 1131 3694 studium,
1166 3630 1307 3700 quod
1325 3632 1468 3683 circa
1500 3630 1662 3683 Deum
1692 3630 1895 3697 integre

323 3721 541 3789 geritis,
590 3731 773 3776 nostra
827 3721 1148 3777 auctoritate
1195 3720 1500 3785 ﬁrmamus,
1548 3720 1895 3789 prtedicantes

325 3812 630 3882 ltujusmodi
664 3813 821 3868 ﬁdem
842 3814 1092 3867 omnibus
1120 3823 1328 3883 patrum
1356 3827 1660 3865 nos'rorutn
1693 3811 1895 3878 regulis

323 3905 636 3966 convenire,
660 3912 715 3958 et
743 3904 1048 3973 apostolica:
1079 3903 1223 3957 sedis
1265 3902 1595 3957 concordare
1636 3902 1898 3971 dogmati-

327 3995 427 4050 bus
462 4012 475 4048 :
509 3997 894 4049 constituentes
920 4004 975 4048 ut
1010 3997 1053 4049 si
1078 3995 1197 4064 quis
1220 4002 1411 4047 nostra-
1447 3991 1726 4045 catholicae
1775 3990 1895 4044 fidei

326 4088 598 4141 contraire
620 4086 924 4151 teutaverit,
950 4100 1107 4153 quam
1139 4100 1234 4152 pro
1274 4084 1633 4138 submovenda
1679 4083 1895 4136 barreti-

324 4191 508 4232 corum
531 4179 835 4248 suspicione
864 4178 1097 4246 paternis
1129 4178 1326 4247 regulis
1347 4186 1728 4231 consonantem
1758 4190 1894 4243 prtu-

326 4270 466 4325 senti
517 4270 830 4323 definitione
884 4268 1197 4330 ﬁrmamus,
1248 4277 1448 4321 sancta:
1506 4266 1898 4319 communionis

326 4360 593 4415 efﬁciatur
622 4372 931 4415 extraneus.
954 4361 1107 4415 Unde
1137 4370 1189 4414 et
1212 4360 1430 4429 Cyrum,
1463 4359 1685 4429 ejusque
1710 4373 1897 4427 sequa-

326 4466 438 4516 ces,
461 4451 569 4521 jam
595 4462 720 4507 ante
748 4468 841 4520 pro
875 4452 973 4505 hac
1007 4453 1212 4505 insania
1236 4454 1303 4506 ab
1330 4452 1584 4505 Ecclesia:
1621 4450 1903 4506 iatltolicte

326 4544 702 4598 communione
732 4559 1053 4613 suspensos,
1093 4554 1145 4597 et
1176 4545 1228 4597 iit
1260 4558 1351 4597 sua
1386 4544 1642 4597 hactenus
1676 4543 1898 4612 perﬁdia

1981 556 2209 623 patimur
2238 568 2330 607 eos
2366 567 2531 607 sacrtc
2562 553 2921 608 communioni
2952 556 3195 609 restitui:
3244 559 3338 613 sed
3378 562 3542 614 etiam

1982 657 2036 699 ut
2069 646 2352 700 luereticos
2397 646 2723 701 anathemati
2771 646 3102 716 SUlllelllllla,
3130 661 3181 702 ut
3220 654 3306 719 qui
3352 656 3548 709 nostris

1979 738 2451 793 constitutionibus
2503 755 2689 806 parere
2736 741 3154 809 contempserit,
3206 743 3541 799 ecclesiasti-

1979 846 2098 883 cum
2141 844 2335 883 statum
2371 831 2762 901 puritatemque
2804 848 2910 887 non
2944 834 3191 888 maculet.
3296 818 3301 823 ’

2051 924 2240 978 Textus
2288 936 2452 977 autem
2496 924 2720 993 epistolis
2749 926 2832 979 hic
2863 935 2935 980 est
2961 944 2977 981 :
3004 926 3056 979 In
3089 927 3303 982 nomine
3336 929 3551 982 Domitii

1980 1016 2147 1069 nostri
2177 1014 2323 1079 Jesu,
2368 1023 2499 1078 etc.,
2533 1025 2584 1067 ut
2610 1032 2769 1083 supra
2808 1016 2908 1071 col.
2943 1016 3125 1070 25-56.
3182 1018 3257 1088 (⁸)
3285 1020 3554 1085 Quamob-

1978 1121 2092 1161 rem
2150 1106 2380 1173 petimus
2432 1116 2766 1160 sanctitatem
2816 1118 3071 1168 vestram,
3114 1118 3165 1161 ιιι
3209 1118 3555 1163 memoratam

1980 1199 2258 1266 epistolam
2304 1213 2481 1252 ves‘ra
2540 1200 2858 1252 auctoritate
2911 1199 3175 1264 ﬁrmetis,
3227 1209 3281 1254 et
3347 1201 3546 1270 Cyrutu

1983 1293 2065 1346 vel
2120 1306 2378 1360 sequaces
2425 1293 2539 1360 ejus
2569 1306 2599 1344 a
2628 1293 3003 1346 communione
3046 1293 3286 1347 habeatis
3330 1293 3555 1353 alienos.

1982 1384 2153 1437 donec
2178 1384 2388 1437 statutis
2416 1383 2715 1437 sanctitatis
2744 1393 2935 1438 vestra:
2956 1383 3345 1453 obtemperent.
3372 1382 3558 1437 Exerit-

1986 1477 2098 1541 μιαν
2142 1476 2540 1543 subscriptionis.
2598 1476 2854 1529 Divinitas
2899 1486 2949 1529 te
2992 1485 3169 1529 servet
3219 1490 3312 1543 per
3358 1462 3557 1529 multo;

1984 1582 2173 1630 annos,
2216 1577 2399 1621 sancte
2443 1582 2506 1621 ac
2559 1566 2961 1635 religiosissime
3002 1577 3169 1635 pater.
3222 1567 3349 1621 Data
3392 1567 3561 1637 pridie

1987 1661 2165 1714 iduum
2206 1660 2510 1714 Martiarum
2558 1660 3017 1728 Constantinopoli
3066 1660 3248 1715 Flavio
3300 1660 3556 1713 Belisario

1989 1754 2100 1805 tiro
2122 1752 2417 1807 clarissimo
2441 1752 2655 1806 consule
2688 1751 2785 1821 (δ).
2812 1750 2866 1805 Is
2898 1752 2992 1820 fuit
3021 1767 3186 1803 annus
3213 1750 3401 1804 Christi
3422 1749 3549 1803 535.

2061 1850 2191 1903 lluic
2221 1850 2398 1917 igitur,
2434 1858 2490 1903 ut
2520 1850 2827 1917 praedictum
2856 1860 2960 1915 cst,
2981 1845 3328 1909 confessioni,
3356 1854 3410 1898 et
3442 1844 3561 1899 ltuic

1990 1943 2111 1996 ﬁdei
2140 1943 2379 2011 quisquis
2406 1942 2772 1996 c0ntradicere
2796 1943 3214 2009 pra'suntp-erit,
3238 1955 3265 1992 a
3296 1930 3559 1992 catholic’a

1988 2035 2365 2088 communione
2397 2049 2454 2086 se
2479 2033 2685 2087 noverit
2712 2034 2964 2087 alienum.
2994 2031 3032 2084 D
3052 2041 3178 2083 itmn
3214 2046 3281 2083 sv
3307 2027 3560 2083 calendas

1986 2125 2206 2194 Aprilis,
2250 2123 2714 2192 Constantinopoli
2770 2123 2950 2175 Flavio
3000 2120 3252 2176 Belisario
3297 2122 3412 2173 viro
3453 2119 3562 2171 cla-

1987 2216 2201 2270 rissimo
2230 2216 2449 2269 consule
2474 2213 2599 2285 [An.
2632 2212 2759 2267 Clir.
2791 2214 2913 2284 555]
2946 2213 3043 2283 (ο).

2058 2325 2473 2379 tlottstitutiones
2520 2326 2587 2379 de
2632 2327 2733 2377 fide
2761 2340 2789 2376 a
2819 2325 3028 2392 Justino
3073 2326 3391 2392 imperatore
3438 2337 3563 2376 san-

1988 2398 2130 2457 citur.
2181 2396 2450 2463 pontificis
2497 2398 2812 2449 auctoritate
2860 2388 3244 2448 confirmantur
3293 2395 3399 2447 illm
3446 2409 3566 2459 quas

1988 2468 2151 2520 sacris
2182 2468 2473 2519 eanoniltus
2516 2468 2830 2521 innituntur.
2880 2465 3027 2519 Unde
3075 2464 3243 2521 sicubi
3275 2463 3471 2531 aliquid
3500 2464 3568 2515 de

1992 2537 2152 2590 rebus
2176 2538 2552 2591 ecclesiasticis
2576 2551 2623 2589 et
2653 2552 2809 2589 causa
2840 2536 2959 2590 fidei
2988 2537 3327 2588 constituisse
3351 2535 3563 2597 legitur,

1988 2607 2041 2660 id
2093 2609 2345 2660 instinctu
2396 2608 2672 2672 Epipltanii
2714 2607 3281 2673 Constantinopolitani
3328 2605 3565 2669 epist-opi

1990 2688 2044 2801 Et
2073 2678 2432 2730 [tertianorum
2467 2679 2776 2743 pontificum
2811 2677 3001 2730 fecisse
3033 2678 3178 2729 credi
3209 2677 3385 2729 debet.
3437 2674 3565 2727 SEV.

2040 2764 2193 2801 mus.

2040 2764 2193 2802 [\IUS.

2570 2838 2892 2891 EPISTULA
2929 2838 3016 2900 l\',

2558 2948 2623 2983 ΑΒ
2662 2946 3026 2985 JUSTINIANI'I.

1994 3043 2287 3095 Justiuimto
2324 3045 2513 3109 gratias
2544 3043 2669 3107 agit,
2693 3039 2831 3107 quod
2866 3041 2962 3091 sibi
2993 3042 3054 3091 de
3080 3041 3324 3091 electione
3355 3040 3406 3090 in
3440 3055 3572 3109 pou:

2067 3113 2251 3179 tiﬁreut
2300 3106 2451 3179 fuerit
2500 3106 2822 3179 gratulatus;
2854 3110 2993 3163 illins
3040 3111 3195 3177 ﬁdem
3227 3110 3468 3172 laudans,
3502 3106 3571 3160 ad

2068 3183 2369 3234 catholicam
2394 3182 2543 3245 ﬁdem
2567 3182 2809 3233 tuendam
2833 3182 3099 3243 hortatur;
3123 3182 3290 3248 lapsos
3312 3181 3575 3247 episcopos

2065 3269 2182 3305 cum
2209 3253 2479 3305 honoribus
2512 3252 2669 3318 recipi
2698 3268 2797 3305 non
2827 3266 2973 3319 posse
2998 3253 3283 3319 respondet.

2070 3366 2339 3433 Agapetus
2367 3366 2649 3432 episcOptts
2675 3364 2976 3417 Justiniano
3008 3366 3262 3433 Augusto.

2070 3456 2218 3510 Licet
2255 3457 2321 3509 de
2353 3456 2637 3510 sacerdotii
2684 3457 2784 3511 mei
2837 3456 3105 3523 primitiis,
3140 3456 3349 3521 pietatis
3384 3456 3577 3508 divina:

2000 3548 2309 3602 muneribus
2334 3550 2399 3600 ait
2442 3548 2752 3602 referendas
2783 3562 2955 3601 essem
2988 3549 3185 3616 gratias
3214 3547 3578 3615 multipliciter

1998 3639 2282 3706 obligatus,
2325 3639 2589 3706 susceptis
2639 3646 2847 3704 tamen,
2894 3636 3213 3691 venerabilis
3255 3638 3577 3705 imperator,

2000 3744 2096 3799 per
2129 3728 2428 3782 lleraclium
2476 3728 2836 3781 venerabilem
2884 3727 3250 3798 presbyterum
3285 3728 3447 3781 filium
3479 3743 3577 3781 no-

1999 3829 2165 3872 strum
2201 3828 2395 3872 vestrm
2429 3819 2730 3873 serenitatis
2767 3818 3034 3881 affatibus,
3066 3834 3199 3888 quos
3231 3820 3418 3872 mterni
3464 3818 3576 3873 fru-

1998 3919 2116 3964 ctus
2147 3911 2389 3963 ubertate
2414 3909 2754 3977 [lleIlSsllllOS
2782 3910 3112 3975 destinastis,
3148 3921 3392 3964 votorum
3423 3924 3572 3965 meo-

2000 4017 2116 4055 rum
2149 4011 2273 4054 sunt
2301 4001 2353 4055 in
2379 4000 2604 4055 Domino
2633 4001 2820 4071 gaudia
2848 4003 3136 4071 geminata,
3162 4003 3300 4071 quod
3331 4003 3583 4057 adunatis

1998 4091 2269 4147 felicitatis
2309 4103 2502 4148 vestra:
2550 4095 2912 4161 provectibus,
2946 4095 3035 4147 tali
3093 4095 3286 4147 mentis
3333 4094 3581 4162 gloriosa:

2002 4183 2281 4251 proposito
2326 4193 2535 4237 terrena
2585 4184 2741 4236 vobis
2790 4198 2951 4250 regna
2999 4183 3280 4252 subjicitis,
3315 4192 3373 4235 tit
3422 4183 3581 4235 simul

2000 4273 2238 4326 ctelestia
2284 4273 2629 4340 conquiratis.
2683 4272 2844 4339 Cujus
2893 4274 2967 4325 rei
3015 4287 3118 4324 non
3159 4282 3283 4326 sunt
3329 4274 3576 4342 ambigua

2000 4362 2341 4423 documenta,
2370 4364 2583 4432 quando
2630 4364 2697 4414 ita
2754 4364 2969 4427 veSIris,
3001 4379 3118 4432 qua:
3153 4364 3426 4418 direxistis
3452 4379 3577 4418 ora-

2003 4456 2160 4517 culis,
2186 4453 2465 4507 catholica:
2501 4453 2849 4521 professionis
2872 4452 3049 4508 lumen
3076 4454 3311 4509 irradiat.
3338 4464 3397 4507 ut
3418 4454 3580 4509 etiam

2004 4545 2174 4601 beatis
2203 4544 2455 4613 operibus
2484 4546 2766 4599 enitescat.
2812 4545 3087 4614 Siquidem
3134 4546 3221 4599 illa
3260 4556 3339 4600 est
3381 4546 3432 4598 in
3476 4546 3585 4599 Deo

329 4647 735 4703 permanentes,
794 4637 893 4690 nisi
939 4638 1040 4691 sub
1086 4637 1450 4693 satisfactione
1507 4637 1762 4691 canonica
1807 4638 1901 4689 do-
1924 4630 1977 4689 D
2005 4646 2187 4691 nostro
2232 4636 2385 4705 plena
2414 4645 2467 4689 et
2497 4636 2641 4713 ﬁrma
2676 4636 2982 4708 credulitas,
3019 4651 3175 4705 quam
3208 4637 3569 4704 spiritualium

406 4820 421 4855 ³
462 4820 525 4871 At
564 4819 660 4871 ista
692 4834 795 4871 non
826 4819 1126 4882 coltmrent,
1166 4828 1221 4869 ut
1256 4818 1482 4871 dicimus
1514 4816 1565 4870 in
1599 4816 1759 4870 notis.

404 4888 477 4959 (⁸)
510 4888 710 4959 Inclusa
737 4890 1038 4955 parenthesi
1072 4889 1271 4957 reliqua
1302 4900 1425 4941 sunt
1451 4889 1692 4956 epistolm
1726 4888 1896 4943 Justi-

329 4960 470 5013 niani
500 4958 564 5011 ad
596 4960 907 5026 Agapetum.

399 5028 474 5099 (ι.)
515 5028 917 5096 neponendum,
949 5041 1058 5098 post
1084 5027 1401 5099 consulatum
1442 5027 1680 5099 Belisarii
1714 5026 1779 5083 V.
1812 5027 1892 5091 C.,

328 5097 520 5165 nempe
565 5113 704 5152 anno
747 5099 870 5157 5.56.
900 5097 956 5151 ut
1000 5097 1189 5168 legitur
1220 5099 1269 5151 in
1304 5113 1406 5153 ms.
1446 5098 1722 5158 Vaticano,
1756 5109 1892 5151 teste

331 5171 453 5221 Em.
486 5168 696 5222 Norisio
745 5171 794 5221 in
849 5170 1068 5222 llissert.
1098 5170 1163 5220 de
1212 5169 1326 5221 Uno
1354 5184 1418 5221 ex
1450 5169 1708 5222 Trinitate
1736 5183 1899 5222 carne

330 5253 509 5308 passo.
536 5240 671 5300 loco,
703 5234 791 5293 Ft.
820 5238 1065 5293 Belisario
1118 5237 1181 5291 V.
1224 5235 1282 5290 C.
1332 5241 1557 5300 consule,
1586 5238 1634 5291 id
1666 5249 1745 5292 e-t
1772 5239 1897 5301 555,

333 5320 389 5361 ut
419 5308 504 5361 ltic
534 5310 741 5377 legitur.
774 5311 883 5363 lloc
912 5312 1054 5363 enim
1093 5323 1231 5361 anno
1269 5323 1451 5363 mense
1480 5310 1663 5361 Martio
1693 5309 1901 5377 Agape-

330 5387 417 5431 tus
444 5382 674 5431 nomium
703 5388 819 5432 erat
848 5380 1107 5446 pontifex,
1131 5390 1184 5432 et
1228 5379 1345 5443 ejus
1392 5379 1677 5438 ordinatio,
1710 5395 1898 5446 quem-

330 5448 617 5501 admodum
643 5450 789 5502 card.
815 5449 1055 5502 Norisitts
1084 5458 1226 5502 recte
1252 5450 1485 5510 disserit,
1511 5450 1559 5501 in
1590 5448 1897 5500 .lanuarium

331 5534 379 5570 e<
400 5528 614 5572 euntem
645 5520 958 5572 retraltenda
991 5519 1144 5581 foret,
1175 5531 1230 5571 ut
1255 5518 1542 5586 imperator
1570 5534 1638 5571 ex
1668 5518 1894 5572 'l'liracia

331 5588 398 5639 ad
427 5591 671 5641 eumdem
703 5590 936 5641 scribere
960 5590 1244 5654 potuisset;
1271 5604 1390 5642 cum
1425 5599 1596 5642 tamen
1631 5592 1895 5658 Agipetus

333 5658 522 5723 prima:
558 5661 622 5711 ad
652 5674 708 5711 se
732 5675 760 5711 a
786 5658 1082 5714 Justiuiano
1112 5660 1282 5709 IlllSS‘l'
1303 5660 1539 5723 epistolae
1563 5659 1898 5725 reSpottilerit

333 5725 508 5781 litibus
535 5730 777 5782 Octobris
806 5730 928 5782 anui
955 5726 1151 5780 Clu-isti
1183 5726 1304 5788 553,
1335 5740 1386 5779 ut
1416 5737 1555 5791 patet
1584 5744 1644 5779 ex
1676 5730 1899 5795 epistola

334 5797 367 5850 4
394 5796 630 5865 ejusdem
662 5798 759 5853 sub
790 5799 1007 5853 CXOX'dl‘l
1037 5816 1047 5848 τ
1080 5797 1212 5849 ιὶτει
1252 5800 1312 5849 de
1358 5799 1617 5851 'accrdotii
1660 5798 1756 5850 mei
1794 5798 1900 5867 pri-

1999 4816 2175 4881 mitiis,
2204 4824 2330 4885 ett};
2365 4830 2641 4883 perperam
2696 4816 2781 4869 ltic
2824 4816 2875 4869 in
2922 4816 3074 4885 titulo
3121 4816 3275 4885 ltujus
3328 4818 3567 4884 epistola:

2000 4888 2197 4940 dicitur
2218 4905 2232 4937 :
2255 4884 2492 4954 Epistola
2517 4888 2669 4939 inissa
2694 4887 2756 4939 ab
2783 4888 2907 4950 imp.
2938 4884 3238 4941 Iustiniano
3264 4904 3401 4941 more
3422 4893 3587 4957 majo-

1999 4974 2115 5010 rum
2155 4957 2222 5008 ad
2253 4957 2542 5024 pontiﬁcem
2592 4957 2739 5011 llam.
2786 4972 2955 5010 recens
2983 4959 3217 5017 electum,
3241 4974 3357 5011 cum
3390 4961 3587 5027 ιιι-οῖσι·
3631 5011 3640 5021 ,

2002 5029 2144 5082 sione
2167 5027 2288 5099 ﬁdei
2314 5042 2331 5079 :
2356 5027 2619 5099 siquidem
2648 5028 2757 5095 jam
2787 5038 2909 5081 ante
2938 5043 3135 5081 annum
3169 5029 3350 5082 Romae
3378 5031 3588 5099 Agape-

2005 5112 2092 5152 tus
2145 5098 2359 5151 sederat
2410 5098 2669 5165 pontifex,
2701 5098 2942 5165 aliasque
2970 5099 3035 5148 ad
3086 5100 3332 5152 eumdem
3381 5098 3585 5155 litteras

2004 5168 2295 5234 imperator
2326 5168 2561 5220 miserat.
2594 5166 2787 5236 l’agius
2814 5170 2881 5220 ad
2910 5184 2996 5219 an.
3029 5166 3150 5221 Cltr.
3180 5170 3305 5233 555.
3335 5186 3389 5223 n.
3420 5170 3477 5226 5.

2076 5240 2153 5308 (ε)
2189 5237 2309 5289 Post
2334 5238 2656 5289 consulatum
2681 5237 2917 5291 Belisarii
2955 5236 3012 5289 V.
3046 5238 3104 5293 (ἰ.
3135 5239 3245 5293 lloc
3273 5240 3586 5295 charactere

2006 5309 2275 5362 consulari
2305 5309 2354 5361 in
2391 5307 2604 5361 laudato
2639 5310 2823 5362 coilice
2854 5308 3108 5362 Vaticano
3142 5327 3168 5361 a
3203 5309 3350 5363 card.
3383 5309 3593 5364 Norisio

2008 5379 2143 5431 lecto
2170 5379 2478 5446 des‘gnatur
2517 5393 2686 5431 annos
2715 5380 2839 5432 556.
2875 5380 2927 5432 Ιιι
2957 5380 3281 5434 editioniltus
3311 5379 3585 5432 Concilio-

2004 5464 2120 5519 rum
2154 5450 2299 5513 gravi
2326 5448 2704 5519 allucinatione
2733 5452 2989 5517 scriptum
3016 5462 3118 5512 est,
3146 5449 3585 5519 Constantinopoli

2006 5516 2095 5569 Fl.
2142 5519 2389 5571 Belisario
2444 5517 2506 5573 V.
2552 5518 2609 5571 C.
2660 5516 2893 5581 consule,
2941 5535 3059 5573 cuin
3113 5522 3425 5573 callet-tores
3477 5516 3584 5572 non

2006 5590 2384 5642 observassent
2413 5589 2499 5642 die
2534 5590 2599 5643 l8
2633 5590 2802 5643 Martii
2842 5592 3105 5644 currentis
3134 5592 3257 5641 anni
3285 5604 3389 5654 quo
3438 5588 3580 5641 lleii-

2006 5662 2175 5709 sarins
2204 5662 2535 5712 consulatum
2566 5661 2750 5725 gessit,
2787 5661 3091 5728 nuutiquam
3128 5660 3295 5712 fuisse
3320 5658 3575 5713 Constan-

2011 5729 2253 5799 tinopoli,
2283 5745 2381 5799 gua
2432 5731 2481 5781 itt
2529 5732 2657 5782 urbe
2699 5732 2898 5783 diserte
2941 5732 3179 5794 signatur
3212 5730 3321 5782 lt.cc
3354 5733 3576 5799 episto'a

2008 5798 2246 5867 Agapeti.
2276 5796 2403 5869 Pag.
2432 5799 2501 5851 ad
2520 5800 2708 5852 dictum
2736 5815 2882 5867 ann.,
2914 5816 2965 5851 ιι.
2996 5802 3046 5853 7.
