4126 6362
596 361 677 418 ίδο
1933 353 2196 408 Αιιιιτετ

2299 350 2466 405 ’ΧΡίῈ
2504 350 2521 404 1

3800 353 3873 408 40

607 475 766 530 simul
798 473 1062 529 fructuum
1082 471 1417 525 commendat
1448 465 1955 532 nbertas,sicutVas
1977 465 2192 520 elcctin-
2222 468 2268 528 Α
2301 464 2592 530 inmittere,
2639 476 2766 531 quo:
2795 476 2850 517 se
2882 462 3124 518 dubitare
3154 464 3265 532 jam
3298 476 3401 519 non
3434 463 3591 519 debet
3628 467 3873 535 culpabi-

611 566 694 620 nis
721 566 996 619 annuntiat
1026 562 1208 615 tlicens
1237 578 1249 612 :
1276 558 1338 612 In
1368 558 1569 613 Christo
1609 556 1735 612 Jesu
1766 573 1926 627 neque
1956 557 2184 609 circum-

607 657 734 710 cisio
778 653 972 723 aliquid
1012 650 1175 720 valet,
1209 668 1369 721 neque
1415 650 1742 722 prwputium,
1774 649 1863 702 sed
1905 650 2027 715 ﬁdes
2073 663 2189 717 qua:

612 764 703 815 per
729 747 1045 799 dilectionem
1073 757 1311 811 operatur
1339 741 1535 811 (Galat.
1562 741 1638 809 ν).
1666 739 1817 806 Quod
1844 738 1984 792 enim
2010 738 2187 807 majus

615 838 736 894 lidei
771 845 963 892 vestrae
995 836 1188 904 poterit
1216 849 1348 903 opus
1380 834 1636 898 existere,
1666 846 1821 900 quam
1856 830 1993 898 quod
2027 829 2187 883 tantis

612 928 957 997 apostolicam
996 926 1177 980 sedem
1209 923 1486 979 charitatis
1514 933 1565 978 et
1597 921 1975 976 munificentia:
2023 920 2188 975 titulis

614 1021 885 1085 elevastis,
918 1030 976 1075 ut
1017 1021 1127 1089 ipsa
1158 1022 1314 1073 etiam
1365 1018 1631 1071 desideria
1659 1016 1983 1084 sperantium
2016 1022 2189 1067 trans-

621 1112 829 1167 ieritis?
861 1113 923 1165 Et
949 1111 1158 1181 quidem
1192 1109 1291 1164 hoc
1319 1110 1368 1161 in
1395 1108 1549 1161 vobis
1588 1107 1736 1173 olim,
1766 1106 1897 1159 sicut
1933 1119 2031 1173 ego
2057 1119 2188 1173 quo-

614 1221 719 1274 que
750 1204 990 1273 probavi,
1018 1218 1116 1273 per
1138 1202 1235 1257 Dei
1276 1202 1499 1271 gratiam
1530 1216 1660 1267 sem;
1682 1216 1741 1253 er
1770 1199 1946 1253 ﬂoruit
1974 1198 2186 1251 institu-

620 1302 751 1357 tum,
768 1303 823 1345 ut
850 1292 1214 1360 possibilitatis
1238 1301 1425 1344 vestrte
1449 1289 1691 1343 tncritum
1719 1289 1985 1355 quantilas
2011 1300 2185 1343 osten-

619 1383 767 1436 deret
800 1382 1243 1450 prmstitorum,et
1271 1381 1333 1433 ad
1367 1380 1463 1434 hos
1497 1390 1777 1448 provectus
1808 1380 2034 1449 indeptm
2065 1394 2181 1432 mo-

623 1483 802 1528 menta
830 1472 1077 1543 potentia:
1106 1472 1416 1535 tenderetis,
1446 1483 1502 1525 ut
1535 1472 1827 1541 ben’gnitas
1857 1472 2006 1525 vobis
2037 1472 2187 1540 inge-

622 1567 725 1621 uita
756 1576 881 1620 vota
913 1564 1244 1634 poscentium
1295 1574 1386 1618 aut
1430 1564 1767 1632 prteveniret,
1800 1574 1891 1618 aut
1928 1564 2185 1618 vinceret.

625 1660 758 1712 llinc
782 1666 883 1721 est,
909 1655 1048 1724 quod
1074 1670 1242 1725 usque
1271 1656 1335 1709 ad
1372 1656 1682 1724 principalis
1723 1670 1936 1710 corona:
1958 1656 2185 1725 fastigia,

620 1761 677 1805 et
717 1753 853 1804 ultra
899 1764 1041 1803 nunc
1085 1763 1253 1815 usque
1300 1750 1570 1817 prOSperis
1620 1757 1800 1802 vestra
1835 1748 2185 1817 tranquillitas

2290 558 2411 607 litt-r
2437 557 2681 609 amis'sse
2710 573 2721 608 :
2756 570 2819 609 ex
2852 557 3043 624 quibus
3073 559 3243 625 pietas
3272 567 3447 611 vestra
3489 558 3679 615 melius
3711 569 3870 629 pole-

2291 647 2359 700 rit
2387 648 2677 711 :cstirnare,
2709 649 2751 700 si
2798 663 2905 717 quo
2950 648 3109 702 modo
3140 660 3245 703 tam
3289 659 3471 719 aperta
3502 660 3558 703 et
3589 652 3873 721 synodalia

2288 738 2434 792 sedis
2488 738 2797 807 apostolica:
2848 740 2977 794 licet
3024 740 3314 811 infringere
3370 742 3689 809 constituta,
3739 759 3869 800 cum

2288 828 2553 883 sententia
2600 830 2795 883 clamet
2846 832 3083 900 Apostoli
3119 850 3131 884 :
3168 832 3228 887 Si
3266 842 3437 887 tamen
3482 851 3594 902 quia
3638 836 3875 892 destruxi

2287 936 2347 973 ea
2382 921 2561 974 iterum
2596 923 2820 989 retediﬁc
2844 948 2876 985 ι,
2912 927 3351 991 ιηἰευαι-ἱειιεονεηι
3376 944 3455 979 tne
3484 929 3592 993 ipse
3617 934 3871 985 constituo

2290 1010 2608 1083 (Galut.tt).
2642 1015 2704 1067 Et
2735 1015 2854 1068 ileo
2885 1031 3107 1070 securus
3127 1032 3252 1071 cum
3279 1019 3443 1085 ipsius
3475 1022 3701 1086 apostoli
3732 1039 3869 1078 voce

2288 1102 2545 1171 proﬁteor
2587 1105 2709 1173 quia
2757 1106 2958 1173 con/ida
2989 1110 3039 1159 in
3071 1108 3230 1173 vobis,
3262 1118 3307 1161 et
3345 1112 3398 1162 in
3442 1106 3686 1179 Domino,
3729 1115 3869 1184 quod

2288 1193 2418 1247 nihil
2461 1195 2604 1247 aliud
2650 1197 2883 1249 sentiatis
2929 1197 3135 1267 (Gulat.
3163 1199 3249 1269 ι’).
3284 1200 3517 1269 Etenim,
3560 1204 3698 1257 sicut
3726 1204 3868 1257 idem

2286 1286 2477 1340 doetor
2522 1288 2757 1342 asseruit
2791 1306 2803 1340 :
2842 1288 3017 1342 Certus
3049 1307 3158 1342 sum
3203 1302 3247 1343 et
3296 1310 3386 1362 rgo
3431 1297 3492 1348 de
3535 1295 3691 1360 vobis,
3729 1297 3871 1363 quod

2285 1378 2421 1446 pleni
2441 1379 2558 1431 estis
2582 1379 2830 1443 bonitate,
2855 1381 3031 1449 repleti
3060 1385 3194 1435 omni
3210 1386 3443 1451 scientia,
3468 1396 3521 1439 ut
3549 1389 3750 1457 possitis
3779 1392 3862 1443 in-

2286 1469 2442 1521 vicem
2467 1470 2707 1540 monere(
2735 1469 2885 1526 Rom.
2920 1473 3027 1541 tv).
3051 1472 3106 1526 Si
3131 1474 3293 1541 igitur
3324 1477 3375 1528 Ιιί
3405 1479 3473 1532 de
3504 1480 3697 1547 quibus
3720 1480 3869 1535 indi-

2286 1560 2449 1613 castis
2472 1561 2538 1615 ad
2565 1563 2720 1615 tidem
2750 1574 2947 1617 rectam
2977 1566 3207 1634 legitime
3232 1568 3415 1624 venite
3455 1568 3728 1638 festinant,
3766 1591 3866 1626 no-

2287 1658 2413 1703 Strte
2447 1650 2567 1705 lidei
2619 1653 2835 1721 regulas
2868 1654 3021 1722 sequi
3073 1671 3175 1708 tzon
3220 1657 3473 1722 abnuant.
3506 1661 3714 1717 dicente
3763 1664 3872 1716 Dn-

2290 1740 2433 1793 miuo
2455 1758 2467 1793 :
2493 1740 2554 1794 Si
2580 1742 2693 1811 quis
2720 1743 2823 1796 vult
2850 1755 2962 1811 post
2985 1762 3062 1799 me
3082 1747 3268 1813 venire,
3286 1748 3491 1818 abneget
3516 1754 3864 1821 semetipsum,

621 1840 957 1897 successibus
1016 1841 1272 1910 gloriatur
1297 1882 1310 1903 ,
1364 1855 1535 1909 neque
1589 1855 1820 1909 unquam
1881 1838 2187 1894 coalestibus
2216 1830 2262 1888 Β
2289 1840 2335 1885 et
2354 1841 2593 1900 sequatur
2622 1851 2697 1886 me
2718 1833 2931 1905 (.ilattlt.
2951 1837 3078 1907 im).
3104 1838 3253 1903 Quod
3283 1841 3325 1892 si
3348 1843 3867 1913 adhuevituperandi

623 1930 947 1985 [laudabitur
971 1929 1319 1999 atljumcnlis;
1343 1930 1466 1998 quia
1497 1930 1754 1997 sciiptum
1800 1940 1883 1983 est
1912 1947 1922 1981 :
1963 1929 2190 2000 Diligen-

621 2023 755 2075 tibus
783 2021 941 2074 Deum
971 2022 1139 2074 omnia
1168 2032 1505 2088 cooperantur
1533 2023 1585 2074 in
1624 2022 1805 2074 bonum
1829 2022 2013 2093 (Rom.
2040 2038 2126 2075 \‘lll
2146 2024 2187 2091 ).

627 2117 775 2172 Unde
805 2134 902 2186 ego
942 2130 1151 2183 quoque
1185 2115 1418 2181 piissitna
1454 2125 1644 2169 vestra:
1692 2115 2027 2169 liberalitatis
2076 2115 2189 2168 elo-

621 2209 763 2276 qttia,
789 2223 905 2262 cum
931 2205 1215 2259 devotione
1247 2206 1561 2274 gratulantis
1590 2206 1870 2271 Ecclesia},
1897 2207 2033 2259 sicut
2059 2221 2192 2273 pra--

620 2302 856 2369 cepistis,
890 2302 1083 2355 divinis
1132 2300 1325 2368 scripta
1370 2300 1468 2355 feci
1507 2301 1775 2369 mysteriis
1803 2299 2102 2362 adhaerere,
2136 2309 2190 2351 ut

620 2408 868 2461 supernae
898 2392 1191 2461 majestatis
1214 2391 1483 2446 obtutibus
1509 2390 1792 2445 indefessis
1826 2405 2039 2460 semper
2070 2406 2192 2458 pre-

619 2485 769 2539 cibus
820 2485 1149 2554 ingerantur,
1184 2497 1235 2537 et
1266 2483 1332 2537 ad
1384 2482 1716 2552 impetranda
1762 2483 1914 2537 vobis
1962 2482 2190 2535 retribu-

627 2575 787 2628 tionis
816 2588 1007 2629 vestra:
1035 2574 1254 2644 prmmia
1283 2575 1350 2628 sit
1380 2574 1815 2627 commemoratio
1842 2574 2188 2642 sempiterna.

622 2668 797 2735 Atque
843 2665 982 2730 ideo,
1030 2664 1244 2718 domine
1288 2664 1702 2718 clementissime
1754 2663 1850 2729 liti,
1880 2662 2192 2732 obsequium

622 2758 961 2813 salutationis
993 2757 1277 2812 uberrima:
1319 2766 1629 2812 reverenter
1660 2756 1963 2820 exsolvens,
1996 2756 2193 2824 spei-ia-

623 2852 688 2903 lis
722 2864 815 2902 vos
852 2848 1057 2902 sinibus
1104 2848 1382 2902 charitatis
1411 2849 1728 2915 amplector,
1774 2861 1995 2915 sperans
2042 2855 2099 2899 ut
2125 2846 2191 2900 de

624 2953 739 2992 mea
768 2938 1073 3005 devtitione,
1105 2949 1360 3005 quantum
1393 2939 1443 2992 in
1494 2954 1578 2993 me
1628 2949 1729 3003 est,
1763 2940 1814 2991 in
1846 2939 1910 2991 iis
1939 2952 2056 3007 qum
2100 2951 2194 3005 pro

620 3030 1004 3085 ecclesiastica:
1031 3031 1176 3099 pacis
1206 3031 1410 3085 unitate
1443 3033 1749 3100 praecipitis,
1784 3046 1877 3085 vos
1922 3029 2073 3084 vobis
2100 3044 2195 3098 po-

621 3123 728 3176 tius
761 3138 879 3193 qute
909 3133 1031 3177 sunt
1069 3122 1327 3177 catholica
1354 3125 1695 3193 promittatis,
1739 3124 1889 3192 juxta
1923 3124 2021 3177 hoc
2047 3121 2190 3191 quod

625 3210 757 3265 dicit
778 3211 1066 3279 Apostolus
1094 3229 1108 3263 :
1144 3210 1229 3264 Ita
1249 3214 1383 3281 quod
1424 3214 1477 3265 in
1514 3230 1592 3266 me
1622 3225 1711 3278 cst,
1739 3225 2026 3284 promptum
2054 3222 2123 3267 est
2149 3224 2195 3267 et

622 3303 761 3358 vobis
794 3304 976 3373 (Rom.
1008 3302 1081 3373 1).
1115 3303 1221 3357 Nec
1244 3307 1295 3357 in
1335 3304 1513 3372 aliquo
1540 3320 1722 3359 eorum
1756 3308 1806 3359 in
1835 3306 2026 3375 quibus
2057 3306 2198 3361 licito

629 3409 910 3465 possumus
948 3394 1190 3462 obedire,
1224 3395 1648 3451 mansuetudinis
1678 3406 1866 3450 vestra:
1892 3412 1987 3451 nos
2011 3396 2198 3449 adhor-

628 3486 911 3539 tationibus
953 3484 1183 3538 credatis
1233 3485 1516 3549 absiSIere,
1566 3487 1713 3554 quia,
1772 3487 1908 3541 sicut
1961 3488 2197 3556 gentium

629 3578 821 3630 Doctor
849 3574 1117 3629 asseruit:
1157 3574 1313 3645 Spem
1367 3574 1525 3629 habeo
1571 3586 1818 3630 crescente
1857 3577 1959 3644 ﬁde
2010 3586 2197 3641 vestra,

627 3667 759 3719 etin
804 3665 941 3719 vobis
986 3664 1329 3735 magniﬁcari,
1376 3666 1649 3719 secundum
1695 3667 1927 3738 regulam
1976 3678 2201 3720 nostram

629 3754 728 3823 (ll
761 3755 877 3810 Cor.
908 3756 1005 3826 x);
1039 3766 1092 3811 et
1118 3756 1237 3811 ideo
1283 3756 1570 3810 immensas
1618 3757 1726 3810 Deo
1774 3769 1958 3812 nostro
2004 3758 2200 3827 gratias

629 3846 874 3911 esbibeo,
901 3846 1042 3916 quod
1084 3861 1179 3916 pro
1224 3846 1405 3917 populi
1459 3846 1902 3917 multiplicatione
1952 3849 2198 3902 catholici

632 3946 781 3993 tanto
825 3938 1100 3994 charitatis
1132 3938 1323 3993 ardore
1367 3938 1602 4005 (erretis,
1639 3947 1697 3993 ut
1740 3940 2039 4009 ubicunque
2085 3954 2203 3993 ves-

628 4040 774 4087 trum
823 4039 1147 4101 propagatur
1194 4030 1498 4099 imperium,
1544 4046 1763 4100 regnum
1814 4046 1937 4084 mox
1989 4030 2205 4097 incipiat

632 4116 894 4195 prolicere
940 4122 1346 4191 sempiternum.
1393 4118 1556 4189 Cujus
1604 4120 1763 4175 studii
1819 4120 2204 4175 benevolentiae

632 4213 998 4271 vehementius
1048 4212 1376 4275 insistentes,
1422 4212 1581 4265 etiam
1631 4226 1727 4265 nos
1760 4212 1810 4264 in
1859 4210 2203 4279 aequirendis

637 4309 738 4377 eis,
764 4321 899 4377 quos
928 4307 1178 4361 Arianam
1210 4303 1524 4374 signiﬁcatis
1546 4304 1714 4358 vitare
1742 4305 1880 4359 velle
1908 4305 2202 4373 perﬁdiam,

638 4407 871 4468 paternae
900 4397 1197 4451 traditionis
1226 4397 1548 4450 existimatis
1578 4397 1847 4451 declinare
1893 4413 2048 4465 posse
2080 4413 2206 4452 ceu-

638 4502 840 4554 suram,
890 4486 1093 4543 scilicet
1143 4497 1283 4540 utet
1333 4487 1385 4540 in
1434 4487 1515 4541 his
1567 4488 1875 4552 honoribus,
1919 4488 1969 4540 in
2015 4488 2207 4557 quibus

2293 1920 2708 1993 [recuperandi]
2754 1924 2973 1978 honoris
3022 1928 3405 1984 ambitionibus
3450 1933 3767 1997 excitantur,
3816 1947 3870 1989 et

2293 2026 2387 2080 pro
2428 2013 2579 2065 lucro
2624 2023 2824 2068 Sancta;
2858 2014 2979 2069 lidei
3028 2015 3276 2073 humana:
3313 2020 3496 2088 gloria:
3537 2024 3643 2091 pali
3673 2026 3869 2078 damna

2291 2102 2609 2164 formidant.
2660 2104 2760 2174 ipsi
2812 2109 3153 2174 pronuntiant
3205 2112 3428 2165 necdum
3473 2128 3530 2167 se
3577 2130 3607 2167 a
3641 2117 3775 2169 vitiis
3816 2127 3870 2170 ct

2292 2210 2475 2250 errore
2502 2196 2802 2263 discedere,
2836 2207 2887 2253 et
2916 2215 3013 2254 nos
3054 2204 3224 2271 magis
3252 2204 3387 2259 velle
3417 2208 3526 2259 suis
3557 2209 3865 2262 excessibus

2292 2285 2588 2354 implicare.
2625 2287 2698 2340 De
2728 2290 2915 2343 talibus
2937 2305 3064 2360 ergo
3085 2294 3213 2346 dicit
3240 2296 3559 2363 Apostolus:
3587 2298 3867 2352 dimatan-

2294 2388 2377 2431 tur
2398 2390 2566 2433 autem
2612 2397 2694 2433 vos
2739 2399 2839 2433 non
2888 2382 3028 2448 bene,
3054 2388 3141 2437 sed
3172 2388 3438 2443 excludere
3482 2407 3566 2445 vos
3613 2392 3868 2446 voluntatt

2294 2488 2375 2525 eos
2422 2475 2727 2528 trmulemini
2759 2475 2954 2545 (Galat.
2987 2479 3083 2548 tv).
3114 2481 3242 2546 Qum
3273 2497 3392 2537 cum
3426 2484 3494 2538 ita
3526 2486 3653 2551 sint,
3681 2499 3869 2542 sancto

2293 2561 2469 2616 studio
2522 2575 2720 2629 vestro,
2771 2566 2911 2635 quod
2964 2568 3256 2624 Ecclesiam
3311 2574 3629 2629 catholicam
3673 2579 3869 2645 cupitis

2294 2655 2555 2726 ampliari,
2581 2657 2709 2709 nihil
2741 2674 2803 2712 cx
2836 2660 2955 2723 hoc,
2986 2661 3029 2713 si
3060 2663 3190 2716 tales
3219 2663 3267 2717 in
3300 2664 3447 2720 clero
3470 2684 3572 2720 non
3598 2669 3868 2736 recipian-

2295 2754 2401 2809 tur,
2438 2745 2670 2800 credatis
2697 2747 2971 2813 imtuinui,
3006 2751 3261 2820 Apostolo
3292 2770 3693 2823 praemonente:
3731 2760 3867 2824 Quid

2295 2836 2494 2888 enimsi
2522 2838 2729 2911 quidam
2756 2855 2929 2893 eorum
2972 2858 3072 2894 non
3114 2846 3485 2899 crediderunt?
3516 2848 3766 2917 Nunquid
3796 2854 3871 2903 in-

2296 2926 2570 2980 credulitas
2592 2944 2765 2980 eorum
2787 2930 2941 2997 ﬁdem
2969 2932 3058 2985 Dei
3084 2937 3339 2988 evacuavit
3361 2938 3387 2988 ?
3410 2938 3547 2991 Absit
3577 2940 3868 3011 (Bonum).

2296 3017 2427 3071 Nam
2460 3018 2583 3073 licet
2606 3020 2765 3074 simili
2798 3024 2975 3077 studio
3002 3026 3279 3082 cbaritatis
3310 3044 3404 3097 pro
3434 3034 3873 3102 multiplicatione

2299 3107 2532 3160 ﬁdelium
2580 3110 2666 3164 ille
2706 3111 2897 3166 beatus
2947 3114 3134 3169 Petrus
3195 3120 3431 3174 tteleStis
3484 3127 3633 3193 regni
3673 3125 3875 3193 janitor

2305 3198 2623 3265 traheretur,
2671 3203 2758 3271 qui
2817 3214 2872 3256 ut
2914 3204 3222 3262 Iudaeorum
3272 3211 3454 3280 plures
3499 3230 3805 3283 acquireret
3845 3235 3872 3272 ιι

2301 3295 2542 3348 doctrina
2573 3306 2626 3349 et
2656 3298 2865 3353 tramite
2894 3302 3122 3368 regulari
3154 3304 3206 3357 in
3240 3322 3345 3360 non
3394 3311 3697 3376 respuendo
3726 3312 3873 3366 omni

2300 3383 2573 3439 Judaismo
2596 3385 2965 3455 descenderat,
2993 3390 3116 3446 huic
3141 3404 3315 3449 tamen
3342 3398 3429 3451 ille
3453 3398 3637 3467 junior
3660 3403 3874 3456 vinctus

2301 3474 2352 3527 in
2384 3475 2606 3529 Domino
2638 3478 2826 3533 Paulus
2870 3496 2928 3535 se
2981 3486 3161 3538 retulit
3207 3487 3451 3543 obviasse
3500 3490 3723 3547 dicens:
3763 3493 3870 3549 Sed

2302 3584 2414 3619 cum
2444 3569 2674 3623 vidissem
2698 3574 2832 3640 quod
2855 3590 2957 3628 non
2979 3588 3111 3631 recte
3128 3580 3511 3648 ingrederentur
3532 3586 3598 3636 ad
3621 3586 3878 3640 veritatem.

2304 3656 2590 3730 Evangelii,
2621 3663 2730 3716 dixi
2761 3661 2914 3719 Petro
2959 3683 3127 3722 coram
3157 3673 3429 3727 omnibus:
3464 3674 3621 3740 Situ,
3668 3694 3785 3731 cum
3809 3679 3879 3732 sis

2302 3746 2536 3815 Judwus,
2552 3752 2809 3820 gentiliter
2830 3756 2967 3821 vivis,
2983 3762 3234 3826 quomodo
3262 3774 3433 3831 gentes
3454 3769 3589 3836 cogis
3602 3770 3877 3838 judaizare

2306 3836 2499 3907 (Galut.
2530 3842 2633 3908 tt)?
2662 3842 2785 3897 llaec
2822 3860 2949 3916 ergo
2999 3864 3094 3917 per
3137 3854 3311 3905 omnia
3344 3854 3454 3909 Deo
3499 3836 3649 3911 cordi
3696 3872 3876 3914 vestro

2305 3929 2575 3986 ass'dcnte
2620 3946 2926 4001 pensantes,
2960 3952 3248 4004 agnoscere
3282 3945 3543 4010 poteritis,
3589 3964 3693 4001 nou
3718 3962 3887 4004 occa-‘

2306 4021 2511 4074 sionem
2546 4038 2641 4076 nos
2684 4029 3045 4081 excusationis
3080 4031 3346 4099 inquirere
3372 4076 3385 4099 ,
3414 4038 3505 4089 sed
3534 4054 3593 4091 ea
3625 4054 3742 4108 qua-
3777 4056 3876 4109 pio

2307 4114 2466 4168 ofﬁcii
2514 4118 2677 4169 llOSlt‘l
2729 4118 2932 4173 ratione
2973 4125 3349 4179 transcendere
3401 4144 3505 4181 non
3556 4146 3875 4197 possumus,

2307 4205 2458 4259 vobis
2485 4206 2750 4264 humiliter
2773 4210 3039 4273 intimare,
3061 4215 3269 4270 dicente
3295 4219 3576 4286 Apostolo:
3598 4221 3719 4276 Non
3749 4227 3881 4277 enim

2308 4314 2574 4366 possumus
2616 4300 2810 4370 aliquid
2857 4318 3035 4356 contra
3086 4308 3360 4373 veritatem,
3410 4313 3499 4363 sed
3542 4330 3634 4381 pro
3676 4318 3881 4369 veritate

2312 4388 2403 4459 (Il
2431 4390 2551 4443 Cor.
2584 4407 2676 4445 xm
2704 4393 2741 4461 ).
2760 4392 2912 4448 Unde
2937 4396 3077 4451 etde
3105 4398 3359 4467 Stephani
3387 4402 3621 4470 episc0pi
3654 4420 3880 4471 persona

2312 4480 2471 4533 simul
2499 4493 2551 4535 et
2591 4498 2748 4536 causa
2790 4500 2895 4538 non
2923 4487 3154 4542 credatis
3196 4491 3421 4560 alicujus
3452 4507 3547 4546 nos
3576 4495 3759 4549 studio
3787 4497 3882 4550 de-

638 4549 851 4634 fuerunt
879 4578 1016 4647 apud
1044 4578 1343 4647 btereticos,
1400 4588 1828 4646 perscverentet
1863 4549 2574 4646 promovean-Dfensinnis
2628 4577 2849 4645 impelli.
2904 4579 3055 4633 Absit
3106 4596 3134 4635 a
3185 4584 3549 4651 quorumlibet
3612 4588 3881 4641 mentibus

638 4678 724 4724 tur
762 4670 827 4723 ad
876 4669 1026 4722 alios.
1060 4670 1391 4736 Quapmpter
1438 4668 1635 4722 bonum
1688 4672 1788 4724 hoc
1835 4670 2102 4739 equidem,
2153 4680 2209 4726 ct

637 4772 846 4811 summa
893 4756 1047 4811 laude
1093 4755 1438 4825 praecipuum,
1474 4758 1612 4825 quod
1660 4774 1848 4813 omnes
1879 4761 2002 4813 ovili
2036 4760 2210 4814 domi-

641 4851 761 4905 nico
809 4866 903 4918 per
952 4863 1132 4901 veram
1167 4847 1323 4902 ﬁdem
1372 4848 1563 4917 cupitis
1592 4865 1880 4921 aggregare
1912 4870 1925 4905 :
1957 4852 2050 4906 sed
2101 4868 2208 4906 non

637 4947 851 5010 oportet
881 4938 1034 4991 nobis
1077 4952 1170 4991 eos
1199 4938 1291 5006 qui
1324 4952 1425 4991 non
1463 4949 1606 4993 recte
1654 4941 1857 5009 ingredi
1914 4944 2209 4996 moliuntur

559 5010 570 5022 ’
634 5032 906 5097 excipere,
938 5030 1089 5083 beato
1135 5028 1301 5084 Paulo
1350 5034 1595 5100 apostolo
1641 5022 2017 5091 eounnnnente
2052 5054 2063 5090 :
2100 5037 2212 5091 Ne-

638 5120 764 5173 m'ni
817 5121 992 5173 dantes
1046 5119 1205 5173 ullam
1251 5121 1605 5192 oﬂ'ensionem,
1658 5135 1849 5180 utnon
1900 5129 2210 5198 vituperetur

643 5213 975 5266 ministerium
1024 5223 1249 5267 nostrum
1299 5214 1397 5285 (II
1426 5216 1546 5272 Cor.
1599 5219 1704 5288 vr).
1742 5222 2003 5286 Quantam
2032 5234 2209 5278 autem

640 5313 980 5374 paternarum
1004 5307 1463 5378 constitutionum,
1494 5311 1538 5364 si
1571 5312 1649 5365 sic
1678 5315 2004 5382 recipiantur
2037 5318 2209 5386 (quod

642 5398 835 5467 absit),
873 5398 1147 5452 incurrant
1178 5399 1547 5467 oﬂ‘ensionem,
1578 5419 1644 5458 ne
1676 5406 1800 5474 quid
1836 5406 2083 5474 [ictatcm
2119 5425 2214 5464 ve-

641 5502 807 5545 Stram
839 5489 1004 5544 latere
1031 5491 1385 5563 contingeret,
1420 5496 1563 5565 ipsas
1593 5513 1805 5567 quoque
1836 5501 2045 5568 regulas
2092 5517 2207 5555 cre-

635 5581 745 5635 didi
793 5582 1206 5649 subnectendas,
1252 5601 1368 5654 qua:
1418 5588 1721 5656 specialiter
1768 5599 2108 5653 censuerant,
2142 5606 2207 5646 ne

637 5673 756 5739 quis
805 5673 984 5727 talium
1030 5674 1425 5743 reconciliatus,
1457 5686 1545 5730 aut
1595 5677 1946 5731 ecclesiastici
2000 5681 2206 5733 ordinis

636 5763 974 5831 provectibus
1003 5775 1274 5836 noscatur,
1312 5778 1365 5822 ιιι
1392 5768 1660 5824 desideret
1696 5768 1928 5823 honores
1977 5772 2202 5826 ulterius

2312 4663 2651 4735 Christianis,
2694 4676 2750 4721 ut
2782 4669 2833 4722 in
2876 4685 3189 4741 quacunque
3233 4690 3479 4743 persona,
3512 4687 3603 4731 aut
3631 4677 3882 4733 innocen-

2314 4757 2437 4808 tiam
2467 4759 2810 4827 rcdarguant,
2840 4769 2931 4813 aut
2960 4764 3162 4817 crimen
3194 4766 3489 4824 absolvant.
3509 4768 3612 4821 Sed
3638 4770 3882 4824 universa

2312 4864 2429 4917 qua:
2454 4852 2763 4919 apostolica:
2790 4853 2931 4907 sedis
2954 4870 3123 4923 nuper
3154 4858 3251 4909 hac
3283 4867 3405 4911 sunt
3431 4868 3577 4927 parte
3602 4859 3878 4927 άὶενοείιίι,

2314 4938 2403 4992 illo
2454 4956 2671 5009 semper
2712 4945 2892 4999 studio
2944 4958 3334 5013 nianaverunt,
3394 4967 3509 5020 qua:
3562 4952 3879 5022 principatui

2318 5044 2454 5096 beati
2490 5044 2631 5099 Petri
2665 5061 2756 5099 vos
2793 5064 3001 5117 quoque
3028 5052 3222 5117 cupitis
3249 5068 3340 5119 per
3368 5058 3545 5107 omnia
3578 5057 3877 5121 reservari,

2316 5137 2519 5192 scilicet
2548 5154 2614 5192 ne
2642 5140 2692 5193 in
2720 5138 2802 5191 his
2826 5143 2914 5208 qui
2945 5143 3088 5196 sedis
3118 5144 3235 5211 ejus
3257 5145 3581 5200 audientiam
3618 5148 3877 5216 postulas-

2312 5235 2453 5293 sent,
2485 5238 2692 5295 sperata
2726 5229 2889 5296 ipsius
2916 5234 3211 5286 reverentia
3235 5235 3452 5289 alterius
3473 5239 3735 5292 sententia
3759 5253 3879 5306 pro—

2314 5318 2539 5371 veniret.
2598 5319 2662 5372 Et
2710 5320 2830 5373 ideo
2877 5325 2996 5391 quia
3042 5323 3319 5378 clementia
3369 5338 3541 5381 ve~tra
3592 5329 3870 5382 salubriter

2314 5408 2506 5463 offerre
2545 5409 2759 5479 dignata
2786 5423 2891 5477 est,
2923 5422 2978 5464 ut
3006 5428 3035 5465 a
3066 5414 3253 5481 legatis
3296 5418 3493 5473 nostris
3531 5433 3690 5475 omne
3720 5435 3877 5489 nego-

2315 5499 2446 5551 tium
2478 5509 2799 5554 tractaretur
2818 5541 2833 5567 ,
2864 5502 2997 5557 hanc
3019 5492 3243 5573 operam.
3268 5508 3349 5561 bis
3373 5523 3504 5577 quos
3530 5510 3875 5565 incontincuti

2309 5591 2586 5662 dirigimus
2641 5594 2750 5648 Deo
2799 5605 3016 5651 auctore
3069 5600 3424 5667 mandamus,
3472 5603 3543 5656 ita
3593 5614 3766 5657 tamen
3820 5610 3875 5655 ut

2303 5684 2413 5753 jam
2442 5702 2583 5741 nunc
2607 5690 2982 5745 communione
3008 5704 3189 5746 nostra
3223 5694 3302 5747 vir
3334 5696 3615 5763 religiosus
3645 5695 3874 5749 Achilles

2310 5792 2403 5843 pro
2447 5787 2615 5831 vestra
2643 5779 2880 5849 jussionc
2911 5781 3099 5838 debeat
3126 5786 3397 5853 gratulari.
3437 5789 3502 5837 At
3534 5800 3657 5839 vero
3692 5787 3758 5841 de
3788 5801 3869 5838 sa-
