4126 6362
584 336 655 399 43
1932 342 2191 401 AGAPE‘I

2298 340 2468 401 ’APE
2506 344 2527 398 Ι
3792 342 3867 397 μ

590 473 833 517 sanctam
856 469 913 537 et
955 456 1309 531 apostolicam
1336 456 1652 523 Ecclesiam,
1679 464 1735 515 et
1762 457 2051 528 probantes
2080 472 2178 527 per
2207 463 2252 521 Λ
2283 457 2467 521 tiano,
2525 464 2576 511 et
2623 455 2833 511 cmteris
2896 454 3164 527 episcopis
3214 468 3310 526 per
3369 452 3601 510 Africam
3652 455 3864 512 consti-

590 554 793 620 ontnia,
822 563 981 624 atque
1010 555 1395 625 amplectentes
1419 554 1669 621 epistolas
1704 551 1871 609 beata:
1900 551 2173 605 memoriae

591 647 790 707 Leonis
818 666 1006 706 omnes
1028 665 1162 721 quas
1192 649 1258 703 de
1323 648 1424 702 fide
1474 645 1779 702 Christiana
1832 642 2171 713 conscripsit,

591 752 647 799 et
668 742 989 800 confitentes
1016 759 1178 799 unum
1199 742 1555 812 eumdemque
1580 739 1851 795 Christum
1890 737 2175 793 Dominum

590 834 785 894 Filium
813 839 1141 909 unigenitum
1172 838 1224 892 in
1252 836 1455 891 duabus
1479 834 1710 899 naturis,
1745 832 1796 888 id
1821 840 1921 899 est,
1954 832 2007 887 in
2036 831 2176 887 divi-

590 926 1503 994 nitateethumanitate,inconfuse,
1540 926 2070 989 incommutabiliter,
2097 925 2177 980 in-

596 1021 971 1090 separabiliter
983 1020 1406 1091 agnoscendum.
1427 1034 1682 1089 nusquam
1702 1019 1910 1073 sublata
1928 1017 2179 1073 differen-

596 1114 668 1167 tia
710 1124 1015 1168 naturarum
1065 1122 1287 1183 propter
1337 1112 1651 1175 unitionem,
1710 1112 1981 1181 magisque
2028 1109 2178 1164 salva

594 1204 925 1274 proprietate
947 1202 1226 1274 utriusque
1258 1212 1461 1257 natura:
1492 1211 1546 1256 et
1592 1203 1643 1256 in
1687 1217 1843 1255 unam
1893 1215 2177 1269 personam

593 1306 751 1368 atque
774 1296 1124 1351 substantiam
1154 1306 1559 1360 concurrentes,
1586 1305 1636 1348 et
1666 1292 1980 1349 noninduas
1997 1307 2179 1363 perso-

595 1406 689 1445 nas
730 1393 980 1459 partitum
1005 1401 1166 1460 atque
1189 1392 1436 1454 divisum,
1472 1390 1565 1444 Sed
1608 1405 1769 1443 unum
1825 1386 2181 1457 eumdemque

595 1482 787 1538 Filium
814 1483 1149 1551 unigenitum
1176 1483 1339 1538 Deum
1386 1483 1617 1538 Verbum
1666 1481 1949 1536 Dominum
1996 1479 2182 1536 Jesum

596 1574 890 1643 Christum,
922 1575 1062 1630 sicut
1088 1585 1212 1629 ante
1243 1576 1518 1646 propheta:
1541 1576 1609 1629 tle
1632 1583 1721 1638 eo,
1760 1584 1813 1628 et
1844 1575 1954 1642 ipse
1978 1570 2073 1627 nos
2093 1572 2183 1627 Je-

595 1680 689 1721 sus
736 1666 980 1722 Christus
1025 1667 1255 1720 erudivit
1296 1677 1351 1721 et
1400 1676 1706 1721 sanctorum
1772 1664 1985 1719 Patrum
2029 1664 2185 1718 nobis

596 1756 897 1828 symbolum
940 1758 1409 1811 tradiditzmnnes
1453 1756 1737 1811 haereticos
1768 1753 2185 1809 anathematiza-

2281 550 2427 602 tutis.

2355 644 2675 699 iamdudum
2706 644 2919 714 quidem
2947 687 2964 713 ,
2994 642 3187 698 fratres
3236 641 3612 707 amantissimi,
3641 639 3708 695 de
3742 656 3867 708 pro-

2280 738 2632 807 speritatibus
2678 737 2872 792 vestris
2918 737 3172 807 repletum
3196 742 3269 790 est
3297 734 3487 806 gaudio
3517 748 3573 788 os
3602 742 3861 800 nostrum,

2280 841 2329 887 et
2382 831 2564 902 lingua
2606 840 2782 886 nostra
2820 828 3157 885 exsultatione
3198 826 3371 900 (Paul.
3419 827 3606 896 cur).
3663 824 3767 882 Sed
3810 835 3868 881 et

2282 938 2426 981 nunc
2465 941 2585 981 cum
2616 926 2819 980 litteras
2850 922 3127 978 charitatis
3178 930 3367 977 vestrae
3398 920 3464 975 ad
3494 916 3868 990 praedecesso-

2280 1032 2393 1074 rem
2427 1027 2667 1073 nostrum
2695 1017 2849 1073 datas
2891 1016 3229 1085 accepimus;
3264 1014 3471 1083 pridem
3515 1012 3707 1083 gaudia
3738 1026 3871 1067 con-

2282 1121 2435 1182 cepta
2488 1126 2847 1177 renovamus,
2896 1111 3280 1167 benedicentes
3330 1108 3615 1163 Dominum
3666 1106 3869 1177 sempi-

2283 1216 2516 1272 ternum,
2546 1205 2633 1275 qui
2673 1205 2902 1258 liberavit
2948 1218 3039 1258 nos
3083 1203 3147 1256 ab
3193 1201 3417 1255 inimicis
3454 1202 3673 1267 nostris,
3720 1210 3767 1253 et
3805 1200 3876 1253 de

2283 1313 2439 1352 manu
2487 1298 2713 1352 omnium
2758 1297 2845 1365 qui
2892 1312 2984 1350 nos
3029 1296 3241 1349 oderunt
3274 1292 3429 1367 (Luc.
3463 1298 3527 1359 ι).
3576 1291 3872 1347 Vobiscum

2284 1393 2429 1445 enim
2460 1398 2605 1445 recte
2637 1405 2734 1444 nos
2766 1390 3017 1455 dicimus,
3047 1403 3165 1442 cum
3197 1384 3391 1454 quibus
3418 1398 3472 1441 et
3499 1385 3743 1440 tribulati
3773 1399 3874 1440 su-

2288 1497 2426 1537 mus.
2457 1482 2586 1536 Nam
2618 1496 2739 1536 cum
2780 1496 2943 1535 unutn
2974 1494 3169 1549 corpus
3197 1480 3392 1549 ubique
3418 1478 3490 1532 sit
3519 1476 3789 1541 Ecclesia,
3819 1484 3879 1532 et

2288 1575 2428 1643 apud
2454 1590 2551 1631 nos
2572 1590 2785 1646 quoque
2809 1573 3121 1644 principalia
3141 1572 3605 1642 compatiebantur
3630 1583 3682 1628 et
3705 1587 3879 1626 mem-

2291 1669 2411 1721 bra.
2446 1668 2637 1723 Vester
2662 1668 2802 1721 enim
2829 1678 3033 1721 mmror
3059 1675 3242 1734 nostra
3272 1656 3371 1719 fuit
3390 1678 3604 1732 semper
3631 1663 3877 1734 afﬂictio,

2288 1770 2343 1813 et
2360 1761 2427 1817 de
2448 1771 2747 1814 veStrorum
2767 1762 3008 1811 omnium
3036 1756 3256 1826 gemitu,
3291 1756 3586 1826 imperante
3614 1754 3881 1810 rharitate

599 1864 739 1915 mus,
759 1851 848 1920 qui
871 1861 1067 1922 printer
1089 1850 1206 1906 hace
1233 1865 1347 1920 qua:
1368 1849 1509 1903 dicta
1558 1860 1681 1904 sunt
1702 1856 1991 1916 sapnerunt
2025 1858 2184 1916 atque
2216 1856 2264 1922 Β
2292 1854 2607 1920 visceribus,
2630 1851 3100 1921 frequentabamus
3120 1863 3265 1918 saepe
3286 1850 3568 1920 singultus.
3596 1848 3728 1914 Qua:
3752 1858 3879 1902 cum

596 1944 834 2013 sapiunt,
868 1953 922 1997 et
954 1941 1549 2011 praecipue-Nestorium
1577 1940 1889 1994 bmreticnm
1916 1938 2185 1993 Constan¢

603 2034 971 2103 tin0pnlitanm
992 2034 1219 2089 civitatis
1248 2034 1513 2102 quondam
1541 2032 1852 2103 episc0pum
1875 2032 2185 2086 damnatum

599 2126 654 2181 in
675 2128 881 2197 synodo
944 2127 1210 2196 Epltesina
1257 2143 1288 2181 a
1338 2128 1508 2182 beatae
1566 2130 1843 2183 memoriae
1882 2126 2187 2182 leesﬁno

601 2234 738 2289 papa
762 2219 909 2273 urbis
940 2219 1122 2273 fierine
1152 2226 1208 2274 et
1229 2230 1415 2275 sancto
1449 2218 1649 2290 Cyrillo
1696 2220 2079 2274 Alexandrinae
2109 2220 2188 2273 ci-

605 2310 784 2364 vitatis
806 2311 1077 2375 antistite;
1104 2320 1299 2365 etcum
1344 2325 1408 2363 en
1452 2310 1968 2366 anathematizamus
2019 2309 2188 2381 Euty-

600 2403 740 2458 chen
772 2414 825 2459 et
849 2406 1162 2460 Dioscorum
1218 2404 1601 2459 Alexandrina:
1649 2404 1913 2473 quondam
1956 2405 2189 2459 civitatis

600 2494 950 2564 episcopum,
1037 2497 1344 2550 damnatum
1392 2512 1418 2549 a
1463 2495 1668 2568 synodo
1742 2496 2187 2564 Chalcedonensi,

605 2601 767 2659 quam
793 2588 1177 2657 amplectentes
1192 2589 1483 2659 sequimur.
1504 2589 1993 2661 Hisconjungentes
2004 2590 2189 2646 Timo-

602 2676 788 2733 tbeum
805 2679 1151 2748 parricidam,
1180 2678 1427 2735 Elurum
1471 2683 1928 2750 eognominatnm,
1966 2682 2191 2753 ejusque

601 2768 920 2842 discipulum
952 2779 1007 2825 et
1042 2785 1324 2841 sequacem
1349 2773 1401 2827 in
1424 2772 1672 2827 omnibus
1715 2771 1927 2827 Petrum
1958 2775 2191 2830 Alexan-

606 2863 818 2918 drinum
861 2863 1533 2921 similitercondetnnatos.
1592 2867 1957 2922 Adversamur
2009 2876 2190 2922 autem

604 2965 661 3011 et
682 2955 933 3011 Acacium
990 2957 1257 3026 quondam
1296 2957 1909 3029 ConSIantinopolitanm
1957 2960 2193 3016 civitatis

602 3049 913 3118 episcopum
971 3048 1376 3116 cohmrcticutn,
1451 3062 1503 3105 et
1554 3066 1841 3120 sequacem
1870 3053 2059 3107 horum
2112 3054 2190 3107 fa-

603 3148 769 3206 ctum,
804 3156 903 3197 nec
932 3156 1039 3197 non
1062 3149 1117 3197 et
1138 3130 1592 3212 participatorem.
1621 3143 1858 3212 Quorum
1909 3144 2052 3199 enim
2073 3144 2195 3213 quis

2294 1951 2363 2005 ita
2390 1948 2517 2010 sint,
2536 1944 2883 2000 redeuntibus
2913 1942 3043 1999 Caio
3073 1951 3127 1998 et
3153 1942 3311 1997 Petro
3342 1942 3594 1998 fratribus
3615 1951 3667 1996 et
3689 1939 3878 2009 coepi-

2289 2040 2468 2106 scopis
2494 2038 2712 2099 nostris,
2742 2046 2903 2105 atque
2949 2034 3199 2089 Liberato
3229 2034 3459 2088 diacono
3486 2032 3507 2063 ¹
3537 2030 3645 2086 filio
3690 2040 3881 2086 nostro

2301 2130 2618 2199 proferimus
2644 2128 3064 2184 sincerissimam
3097 2127 3306 2181 consilii
3334 2123 3496 2181 vestri
3518 2124 3828 2178 charitatem
3860 2140 3878 2175 :

2290 2223 2540 2293 quoniam
2571 2222 2782 2277 sicutet
2809 2222 3078 2289 sapientes
3130 2219 3307 2273 facere
3336 2216 3556 2273 decebat
3593 2225 3646 2271 et
3666 2214 3879 2281 doctos,

2295 2329 2345 2373 et
2377 2320 2718 2371 immemores
2748 2314 3077 2385 principatus
3099 2313 3376 2385 apostolici
3408 2327 3513 2367 non
3542 2310 3713 2366 fuistis
3742 2329 3753 2365 :
3779 2311 3879 2367 sed

2291 2410 2609 2478 quaestionis
2663 2408 2822 2463 illane
2872 2409 3114 2463 volentes
3177 2408 3385 2463 vincula
3435 2407 3757 2471 dissolvere,
3807 2409 3879 2462 ab

2292 2501 2412 2569 ejus
2457 2500 2586 2555 sede
2636 2498 2991 2569 requisivistis
3026 2498 3200 2568 (sicut
3243 2499 3501 2567 decebat)
3534 2499 3757 2562 aditum,
3790 2499 3881 2553 cui

2293 2602 2531 2663 potestas
2559 2600 2641 2646 est
2682 2591 2889 2645 indulta
2930 2592 3309 2645 claustrorum.
3359 2589 3512 2645 Unde
3545 2604 3641 2643 nos
3670 2602 3731 2643 ea
3761 2603 3883 2657 qua:

2295 2686 2361 2739 de
2388 2685 2651 2755 ejusmodi
2697 2682 2910 2754 negotio
2941 2683 2992 2737 in
3025 2683 3387 2752 penetralibus
3433 2682 3645 2738 Patrum
3682 2683 3884 2737 consti-

2298 2785 2411 2830 tuta
2463 2784 2757 2844 posuerunt
2796 2775 3023 2829 libenter
3067 2776 3367 2844 aperimus,
3423 2784 3478 2829 et
3528 2775 3886 2843 prmsentibus

2301 2869 2549 2939 alloquiis
2591 2868 2843 2922 translata
2893 2859 3286 2933 subnectimus,
3315 2876 3371 2927 ut
3399 2866 3517 2921 sine
3547 2865 3882 2922 dubitatione

2297 2962 2515 3029 possitis
2559 2973 2880 3029 agnoscere,
2928 2959 3231 3016 transcendi
3298 2959 3500 3029 positos
3559 2958 3876 3029 jamdudum

2304 3052 2568 3105 terminos
2597 3065 2702 3105 non
2731 3051 2914 3107 licere.
2945 3051 3123 3120 Itaque
3152 3051 3197 3105 si
3228 3051 3399 3106 vitare
3429 3048 3673 3107 volumus
3700 3048 3877 3108 oﬂ'en-

2303 3143 2566 3211 diculum,
2616 3145 2755 3208 quod
2789 3160 2817 3197 a
2865 3144 3169 3198 senioribus
3208 3145 3579 3199 annuutiatum
3621 3153 3738 3210 est,
3783 3141 3891 3202 hoc

603 3236 1030 3291 communionem
1081 3238 1442 3307 amplectitur,
1479 3255 1668 3294 eorum
1691 3250 1743 3294 et
1803 3239 2034 3295 similem
2074 3254 2198 3295 sen-
2224 3250 2271 3315 α
2303 3258 2611 3309 sequamur.
2641 3242 2835 3298 Carent
2862 3242 3002 3294 enim
3047 3239 3393 3295 excusatione
3420 3254 3556 3309 quos
3598 3241 3891 3310 prtemoni-

604 3328 825 3382 tentiam
854 3328 904 3381 in
930 3329 1378 3384 comlemnatione
1396 3330 1744 3401 consequitur
1779 3351 1789 3384 :
1822 3332 1988 3388 simili
2031 3333 2194 3389 modo

604 3430 659 3474 et
679 3416 893 3475 Petrum
923 3418 1314 3475 Antiochenum
1344 3422 1766 3478 condemnamus
1794 3439 1916 3479 enm
1948 3426 2198 3496 sequaci-

606 3510 710 3569 bus
738 3512 870 3577 suis,
904 3522 956 3567 et
989 3512 1236 3567 omnibus
1269 3516 1668 3585 suprascriptis.
1704 3517 2061 3587 Quapropter,
2090 3517 2200 3573 sic-

611 3613 670 3658 ut
727 3604 931 3671 praefati
984 3619 1211 3667 sumus,
1260 3615 1546 3675 sequentes
1599 3607 1651 3660 in
1713 3607 1961 3662 onmibus
2012 3608 2197 3663 sedem

610 3693 979 3763 apostolicam,
1013 3710 1132 3765 qua:
1161 3695 1227 3749 ab
1283 3711 1347 3750 ea
1397 3707 1594 3751 statuta
1650 3707 1777 3753 sunt
1824 3698 2197 3767 praedicamus.

617 3792 679 3840 lat
707 3787 1017 3856 proﬁtemur
1045 3789 1143 3841 ista
1178 3789 1493 3844 inconcusse
1523 3791 1747 3858 servari,
1774 3801 1829 3847 et
1876 3792 2200 3861 compellere

613 3881 831 3946 utjuxta
856 3889 1096 3935 tenorem
1131 3880 1293 3934 libelli
1321 3881 1474 3935 istius
1503 3898 1687 3937 omnes
1722 3882 1917 3937 faciant
1938 3884 2201 3953 episcopi,

618 3982 673 4027 ut
695 3973 1015 4028 sanctissimi
1051 3972 1265 4043 quidem
1302 3973 1619 4040 patriarcha:
1646 3976 1711 4029 ad
1744 3984 1980 4030 vestram
2005 3976 2201 4031 faciant

615 4068 971 4121 sanctitatem.
1004 4066 1400 4136 Metropolitani
1436 4083 1562 4123 vero
1620 4069 1968 4138 patriarchis,
2028 4079 2081 4124 et
2109 4068 2202 4123 alii

615 4172 670 4214 ut
701 4160 809 4214 suis
840 4157 1036 4214 faciant
1080 4160 1529 4230 metmpolitanis,
1565 4173 1826 4233 quatenus
1878 4179 1971 4233 per
2021 4165 2202 4219 omnia

614 4265 796 4309 sancta
826 4254 1083 4309 catholica
1111 4263 1286 4309 nostra
1321 4255 1556 4309 Euclesia
1578 4270 1727 4309 suam
1756 4257 1947 4311 haheat
1976 4258 2199 4312 ﬁrmita-

615 4354 743 4400 tem.
766 4346 881 4398 Alia
912 4361 1065 4398 manu
1095 4362 1113 4398 :
1147 4345 1406 4413 Divinitas
1435 4356 1485 4400 te
1507 4357 1683 4402 servet
1714 4363 1808 4417 per
1864 4349 2060 4404 multos
2098 4363 2200 4403 an-

618 4450 737 4503 nos,
769 4447 952 4491 sancte
984 4451 1046 4490 ac
1072 4435 1322 4503 religiose
1348 4448 1516 4506 pater.
1552 4437 1741 4493 Datum
1782 4439 1987 4495 decimo
2011 4451 2202 4495 octavo

618 4526 867 4583 calendas
883 4527 1100 4598 Aprilis,
1117 4527 1601 4598 Constantinopoli,
1617 4531 1822 4597 Flavio,
1844 4531 2101 4589 Belisario
2121 4530 2201 4604 (a)

620 4622 735 4677 viro
764 4622 1065 4677 clarissimo
1096 4623 1315 4678 consule
1348 4625 1361 4655 ¹
1396 4663 1411 4679 .

1194 4798 1521 4856 EPISTULA
1566 4801 1627 4856 ΙΙ.

1048 4949 1115 4987 ΑΙ)
1154 4948 1427 4991 ειηεαυροε
1468 4951 1773 4992 ΑΠὶΙϐΑΝΟΒ.

624 5066 929 5120 Gratulatur
975 5068 1109 5136 quod
1153 5066 1216 5119 ab
1265 5069 1617 5121 limi-clivorum
1677 5072 1908 5126 manibus
1955 5073 2202 5128 evaserint

694 5138 990 5263 incolurges,
1016 5146 1063 5192 et
1093 5138 1159 5191 ad
1185 5154 1245 5191 ea
1265 5141 1327 5194 de
1351 5140 1528 5209 quibus
1555 5138 1809 5195 Joannem
1838 5146 2204 5198 consuluerunt

696 5227 875 5263 resnon
918 5220 980 5261 cf.

696 5220 980 5279 respondet.

700 5351 969 5421 Agapetus
996 5349 1276 5419 episcopus
1309 5348 1573 5420 ficparato
1593 5392 1608 5419 ,
1641 5348 2076 5421 Florentinlano,
2105 5352 2211 5410 Da-

698 5514 778 5583 (a)
810 5511 1115 5581 Legendum
1138 5583 1147 5586 _
1170 5526 1277 5566 xvn
1325 5510 1427 5586 cui.
1483 5508 1643 5586 Apta,
1678 5508 1740 5567 ϐ.
1775 5506 1865 5577 P.,
1913 5525 2027 5586 post
2063 5534 2207 5574 cons.

628 5581 957 5647 Belis.,nam
983 5583 1180 5638 mensis
1209 5581 1406 5651 Aprilis
1438 5581 1541 5637 non
1596 5583 1715 5652 plus
1760 5581 1922 5651 quam
1978 5588 2093 5643 dies
2143 5591 2208 5646 17

629 5664 752 5709 ante
778 5655 1023 5708 calendas
1065 5656 1240 5709 habet.
1282 5653 1473 5724 Pogius
1516 5656 1584 5707 ad
1604 5671 1690 5709 an.
1743 5654 1861 5710 Chr.
1917 5657 2042 5724 556,
2074 5662 2207 5719 η.4.

633 5725 779 5797 l'agii
813 5726 1237 5797 emendationem
1271 5725 1931 5783 vindicatvetuscollectio
1952 5732 2211 5789 Avellana

629 5795 834 5874 incuri.
871 5795 1041 5874 Vatic.
1071 5798 1279 5874 quesita
1305 5800 1500 5863 pariter
1546 5797 1693 5865 legit,
1741 5809 1809 5874 ut
1864 5799 1947 5855 hic
1975 5801 2211 5874 ΔΡειδίιιις.

637 5868 766 5924 Vide
795 5867 1088 5923 Ballet‘inos
1120 5870 1171 5921 in
1199 5868 1416 5925 dissert.
1449 5873 1641 5939 prmvia
1690 5872 1753 5925 ad
1785 5882 1915 5926 totn.
1971 5872 2036 5928 Ill
2073 5867 2213 5944 vepe-

2300 3348 2383 3392 tes
2406 3338 2665 3406 contingit
2687 3334 2973 3397 excedere,
2997 3342 3051 3388 et
3072 3333 3415 3387 acerbitatem
3440 3333 3676 3387 cumulat
3700 3342 3889 3388 exces-

2301 3444 2483 3493 suum,
2513 3444 2648 3498 quos
2675 3426 2975 3495 ignorantia
3005 3440 3109 3479 non
3142 3433 3343 3479 tuetur.
3381 3422 3515 3479 llinc
3543 3434 3626 3480 est
3676 3431 3737 3479 ut
3761 3425 3891 3496 quia

2311 3524 2363 3576 in
2403 3531 2604 3575 tantum
2635 3520 2774 3575 Deus
2798 3520 3136 3589 omnipotens
3165 3519 3324 3573 emit
3348 3533 3505 3572 cornu
3534 3517 3716 3574 salutis
3747 3519 3893 3574 nobis

2306 3616 2362 3668 in
2392 3616 2545 3668 domo
2579 3614 2739 3666 David
2764 3614 2909 3683 pueri
2936 3612 3016 3665 sui
3040 3608 3190 3679 (Luc.
3215 3613 3279 3677 t),
3303 3616 3364 3664 ut
3390 3608 3455 3664 de
3482 3610 3729 3665 omnibus
3753 3622 3893 3679 quo-

2316 3723 2432 3759 rum
2482 3706 2745 3774 iniquitati
2793 3704 3153 3773 subiacuimus
3199 3700 3634 3757 reconciliatione
3692 3706 3895 3756 tracte-

2320 3814 2465 3860 mus,
2500 3801 2569 3851 ita
2613 3796 2842 3851 sollicite
2889 3793 3120 3849 remedia
3169 3794 3461 3848 debeamus
3506 3791 3794 3857 adbibere,
3822 3798 3895 3847 ne

2306 3890 2692 3946 incolumitatis
2716 3899 2909 3943 nostra:
2931 3887 3003 3942 sit
3025 3886 3423 3942 incommodum
3445 3886 3584 3955 quod
3609 3893 3893 3955 curantur,

2307 3992 2399 4037 aut
2445 3981 2708 4037 medicina
2757 3980 2943 4035 subeat
2989 3979 3253 4033 maculam
3288 3979 3357 4033 de
3391 3978 3634 4043 vulnere,
3664 3978 3747 4032 cui
3801 3978 3899 4033 tri-

2306 4073 2473 4128 buere
2522 4075 2632 4126 vult
2676 4074 2925 4127 salutem.
2977 4070 3080 4123 Sed
3135 4068 3399 4137 ejusmodi
3438 4068 3597 4137 (sicut
3640 4076 3695 4124 et
3741 4068 3902 4124 nobis

2306 4163 2617 4219 cautissime
2647 4164 2816 4217 visum
2865 4162 2972 4227 est)
3004 4168 3324 4227 praestemus
3361 4158 3595 4213 officium
3622 4158 3674 4212 in
3704 4159 3896 4214 obser~

2308 4258 2522 4311 vatione
2549 4267 2845 4324 pastorum,
2880 4269 2945 4307 ne
2991 4268 3110 4307 cum
3152 4253 3357 4318 perdita
3393 4250 3639 4307 volumus
3666 4266 3897 4322 congre-

2305 4363 2453 4417 gare,
2480 4362 2787 4417 pereamus,
2810 4356 2863 4401 ct
2886 4361 3005 4400 cum
3036 4345 3134 4399 sub
3166 4345 3324 4399 nimia
3356 4344 3689 4401 relaxatione
3719 4345 3899 4400 absol-

2306 4440 2513 4505 vimus,
2540 4440 2758 4494 obnoxii
2796 4440 2959 4506 (quod
2989 4446 3196 4493 avertat
3244 4437 3525 4505 Dominus)
3555 4437 3809 4492 cadamus
3838 4438 3897 4492 in

2307 4532 2517 4598 culpam
2546 4549 2557 4583 :
2585 4529 2813 4583 maxime
2842 4544 2963 4583 cum
3003 4530 3238 4598 priorum
3268 4536 3575 4582 nostrorum
3606 4526 3899 4598 sententia,

2233 4621 2603 4699 Dredeuntes
2644 4622 2708 4674 ad
2759 4636 2857 4677 nos
2903 4636 2967 4676 ex
3015 4623 3264 4687 Arianis,
3307 4622 3547 4692 quolibet
3599 4621 3794 4688 modo,
3844 4622 3899 4677 in

2318 4712 2559 4783 qualibet
2588 4720 2744 4766 aetate
2776 4713 2921 4767 illius
2966 4713 3282 4781 pestilentia!
3311 4710 3430 4767 labe
3468 4712 3719 4781 pollutos,
3754 4722 3898 4767 tanta

2314 4806 2575 4860 cliaritate
2606 4805 2658 4859 in
2705 4804 2807 4861 fide
2853 4806 3131 4875 complexa
3160 4815 3246 4861 est
3273 4805 3537 4874 ejusmodi
3573 4806 3809 4874 justitia,
3843 4813 3902 4861 et

2314 4894 2415 4952 sub
2475 4896 2758 4953 dilectione
2820 4895 3122 4967 redarguit,
3165 4906 3314 4953 tanta
3371 4895 3783 4951 ratiocinatione
3828 4898 3900 4951 de

2314 4992 2520 5047 ambitu
2552 4991 2773 5047 honoris
2802 4991 3031 5059 exclusi,
3064 5000 3121 5047 ut
3148 4989 3530 5047 erubescerent
3555 4987 3698 5044 aliud
3731 4987 3900 5059 magis

2315 5096 2560 5157 quaerere
2603 5100 2762 5153 quam
2811 5082 3007 5140 redire.
3060 5084 3135 5140 De
3180 5099 3245 5140 eo
3291 5098 3419 5141 vero
3463 5081 3604 5152 quod
3659 5082 3899 5151 piissima

2316 5180 2729 5248 compunctione
2778 5176 3097 5249 requisistis,
3127 5188 3305 5234 utrum
3348 5178 3414 5232 ad
3460 5177 3693 5232 officium
3737 5184 3895 5229 suum

2324 5270 2524 5329 debent
2550 5270 2770 5340 suscipi,
2802 5279 2897 5326 aut
2920 5285 3014 5325 eos
3055 5284 3161 5322 non
3191 5278 3405 5337 oportet
3432 5268 3652 5321 omnino
3683 5272 3896 5335 promo-

2315 5366 2457 5433 veri,
2484 5381 2551 5421 an
2579 5365 2957 5420 alimoniorum
2999 5363 3173 5419 saltim
3203 5362 3523 5419 utilitatibus
3550 5362 3894 5434 adiuventur,
3990 5372 3995 5377 ‘

2313 5542 2429 5582 rum
2460 5527 2523 5583 S.
2549 5526 2746 5583 Leonis
2773 5526 2970 5597 Magni,
2994 5539 3114 5598 pag.
3146 5540 3329 5583 cunt.

2316 5733 2340 5786 ἶ
2380 5664 2419 5787 ,ιι
2438 5667 2593 5717 Anno
2610 5660 2739 5787 ler.
2761 5660 3015 5733 536,quia
3031 5661 3207 5718 nullus
3221 5661 3324 5717 hoc
3336 5671 3479 5717 anno
3498 5673 3671 5716 novus
3684 5666 3899 5716 creatus

2341 5751 2390 5787 υΙ
2436 5748 2603 5787 οοιιειι
2633 5772 2645 5787 .
3032 5748 3035 5763 ⁷

2341 5748 2419 5787 ωι
2436 5748 2645 5787 consul.
3032 5748 3035 5763 ⁷

2388 5805 2650 5885 '_Prio_t'i_s
2689 5803 2862 5885 Roma
2909 5804 3251 5875 profectionis
3295 5802 3542 5861 meminit
3586 5800 3897 5872 Liberatus,

2315 5877 2489 5945 capite
2512 5874 2585 5934 20
2613 5875 2886 5933 Brevinrii.
