4126 6362
310 349 382 401 λδ
1768 337 2144 398 EPISTULIE.
3520 341 3587 396 .Ιεί

229 445 243 511 ἶ
314 456 595 511 laudamus
614 455 919 524 hortamur.
974 456 1367 526 amplecﬁmur.
1414 462 1471 509 ιιι
1537 465 1726 510 revela
1784 450 2005 523 eiusa.
2081 461 2253 516 Tanta
2280 468 2384 529 est,
2409 462 2522 518 Deo
2550 462 2802 534 propitio,
2829 469 2883 519 et
2909 458 2975 518 ad
3004 476 3066 519 ea
3089 459 3439 518 libentissime
3460 473 3587 514 cnn-

313 548 712 617 promotionem
741 560 834 605 aut
856 548 1093 605 officium
1119 553 1168 604 in
1189 566 1296 621 quo
1324 549 1519 604 fuerint
1547 550 1900 619 abnegantes,

310 656 580 699 canonum
620 658 717 699 vos
777 646 1080 699 reverentia
1123 644 1366 713 judicent
1411 658 1600 699 omnes
1650 650 1903 713 appetere

310 734 492 802 potius
521 749 683 805 quam
703 750 895 806 gerere
934 735 1242 805 cupiditatis
1299 733 1571 791 ardorem.
1620 736 1902 790 Venientes

307 830 471 900 igitur
501 830 571 885 ad
603 829 764 886 fidem
801 830 1224 886 sincerissimam
1249 868 1266 897 ,
1316 832 1521 885 nutriat
1564 830 1900 895 humanitas,

305 923 639 992 consoletur,
702 934 951 994 prompta
994 922 1067 979 sit
1112 923 1360 980 omnibus
1412 923 1801 989 misericordia,
1845 922 1903 977 in

310 1015 465 1080 cujus
493 1016 925 1070 remuneratione
961 1014 1164 1071 dictum
1196 1023 1277 1069 est
1302 1033 1315 1068 :
1340 1014 1490 1070 Beati
1518 1015 1895 1078 misericordes,

307 1108 429 1178 quia
453 1107 553 1177 ipsi
575 1108 979 1162 misericordiam
1008 1118 1384 1179 consequentur
1405 1108 1623 1179 (Matth.
1653 1110 1729 1178 v).
1763 1107 1897 1164 Illud

308 1214 522 1269 quoque
570 1199 711 1270 quod
765 1200 1087 1267 catholicos,
1120 1203 1209 1271 qui
1264 1212 1500 1271 praesunt
1530 1209 1622 1255 aut
1668 1202 1899 1257 militant

309 1290 586 1356 Ecclesiae,
616 1293 731 1357 sine
762 1292 1104 1348 sacerdotum
1155 1308 1375 1349 suorum
1406 1294 1468 1348 lit
1494 1294 1602 1349 eris
1632 1293 1834 1366 suscipi
1865 1309 1896 1350 a

306 1382 464 1437 nobis
511 1384 731 1439 minime
779 1385 979 1441 debere
1028 1388 1329 1453 mandatis,
1379 1396 1435 1442 et
1480 1388 1775 1444 canonibus
1813 1398 1898 1445 est

306 1489 622 1544 congruum,
642 1483 697 1531 et
715 1475 1017 1546 disciplinis
1044 1478 1300 1547 prodesse
1321 1478 1637 1549 iudicamus.
1657 1494 1721 1535 ac
1746 1481 1890 1548 fidei,

306 1570 398 1637 qui
446 1570 811 1638 permanendo
844 1571 898 1625 in
931 1571 1188 1628 Ecclesiis
1230 1573 1281 1627 in
1325 1572 1521 1643 quibus
1553 1574 1803 1641 militant,
1840 1584 1896 1630 et

305 1661 589 1717 ministerii
617 1664 700 1717 sui
734 1673 986 1733 poterunt
1011 1664 1326 1721 assiduitate
1371 1667 1425 1721 in
1465 1665 1558 1723 Dei
1594 1666 1894 1723 Salvatoris

303 1753 472 1807 nostri
499 1767 685 1810 amore
713 1755 1044 1824 fervescere,
1075 1766 1131 1810 et
1158 1772 1278 1826 quae
1308 1756 1365 1812 in
1395 1760 1775 1830 pervagatione
1803 1772 1890 1814 re-

2004 554 2241 610 cedentia
2271 568 2389 625 quae
2416 557 2686 613 alimoniis
2738 556 3023 627 proficiunt
3052 572 3372 627 pauperum,
3402 565 3456 610 et
3480 554 3587 609 cir-

2002 663 2062 703 ca
2097 658 2201 703 tua!
2228 649 2860 718 fraternitatisaffectum,
2894 660 3076 706 nostra
3102 649 3342 718 devotio,
3373 654 3432 705 ut
3454 664 3588 708 one-

2002 754 2186 794 rosum
2220 741 2372 795 nobis
2400 742 2704 799 nullatenus
2726 759 2847 799 esse
2873 744 3207 814 iudicemus,
3226 743 3371 815 quod
3424 742 3587 799 annui

2003 833 2194 885 vestris
2224 831 2505 887 desideriis
2538 835 2837 902 posuilatis.
2864 836 2967 892 Sed
3000 845 3253 893 revocant
3274 850 3373 891 nos
3425 844 3591 890 vene-

2001 922 2165 977 randa
2183 923 2397 978 Patrum
2415 924 2849 981 manifestissima
2865 929 3175 997 constituta,
3194 926 3386 997 quibus
3406 924 3591 995 prohi-

2002 1014 2191 1069 bemur
2214 1015 2410 1085 praedia
2432 1017 2553 1085 jure
2575 1016 2853 1086 Ecclesiae,
2884 1021 2967 1074 cui
2998 1034 3096 1075 nos
3118 1019 3463 1088 omnipotens
3482 1016 3592 1073 Do-

2000 1105 2177 1160 minus
2194 1122 2425 1175 praaesse
2437 1108 2738 1176 constituit,
2764 1110 3003 1179 quolibet
3024 1110 3178 1167 titulo
3198 1111 3264 1167 ad
3281 1110 3451 1167 aliena
3467 1110 3589 1180 jura

2001 1200 2314 1255 transferre.
2344 1202 2459 1268 Qua
2492 1202 2543 1255 in
2573 1214 2631 1257 re
2648 1211 2843 1258 vestras
2875 1218 3087 1274 quoque
3132 1206 3415 1274 sapientiae
3470 1217 3591 1258 cre-

1999 1289 2178 1345 dimus
2205 1306 2325 1347 esse
2350 1293 2711 1361 gratissimum
2732 1338 2746 1360 ,
2781 1290 2923 1362 quod
2947 1295 3000 1349 in
3017 1295 3164 1351 nullo
3184 1305 3369 1351 contra
3393 1293 3587 1365 prisca:

1998 1384 2328 1441 definitionis
2358 1386 2645 1441 constituta
2678 1386 2763 1442 vel
2792 1388 3024 1456 regulas,
3054 1404 3151 1459 pro
3166 1388 3400 1457 qualibet
3429 1402 3589 1441 occa-

1998 1475 2170 1541 sione,
2206 1480 2287 1533 vel
2319 1479 2421 1533 sub
2452 1479 2821 1549 cujuscitnque
2853 1494 3097 1549 persona:
3124 1491 3389 1550 respectu,
3404 1480 3591 1536 venire

1998 1569 2393 1638 prresumimus.
2414 1569 2524 1625 Nec
2543 1571 2847 1626 tenacitatis
2868 1570 3462 1635 studio,auts:ecularis
3486 1570 3590 1626 uti-

2000 1661 2165 1715 litatis
2190 1674 2353 1716 causa
2387 1663 2488 1717 hoc
2518 1664 2693 1719 facere
2724 1678 2822 1719 nos
2844 1662 3099 1729 credatis,
3125 1662 3218 1719 sed
3250 1663 3415 1719 divini
3461 1679 3591 1720 con-

1996 1758 2323 1815 sideratione
2355 1760 2542 1828 indicii
2575 1772 2796 1816 necesse
2827 1760 2979 1816 nobis
3005 1770 3089 1816 est
3119 1752 3375 1832 quidquid
3406 1766 3591 1817 sancta

302 1849 744 1918 repreliensibilia
797 1861 955 1920 sunt,
993 1851 1189 1907 vitare.
1239 1852 1316 1921 (α)
1364 1854 1493 1908 Data
1525 1870 1556 1908 v
1592 1854 1710 1911 idus
1758 1855 1892 1925 Sep-
1921 1842 1971 1905 Β
1995 1851 2269 1921 synodalia
2290 1852 2531 1908 decrevit
2562 1854 2858 1909 auctoritas
2890 1852 3270 1909 inviolabiliter
3295 1840 3585 1908 custodire‘.

302 1943 552 1998 tembris.

868 2037 1198 2095 EPISTOLA
1241 2040 1324 2096 ΙΙΙ.

864 2148 932 2185 ΑΙ)
982 2149 1323 2189 ΒΕΡΑΙΙΑΤυΙ.

300 2217 669 2296 Gratiaaagit,
700 2221 837 2296 quod
862 2222 959 2275 sibi
989 2225 1053 2277 de
1079 2225 1321 2296 electione
1342 2226 1395 2279 in
1416 2228 1708 2295 pontiﬁcem
1735 2228 1889 2296 fuerit

375 2288 557 2368 litteris
583 2288 1085 2368 gratulatus,_simui
1114 2288 1427 2368 signiﬁcans
1455 2314 1509 2350 se
1539 2288 1648 2368 ejus
1680 2288 1890 2352 consul-

375 2361 652 2441 ta!ionibu_s
699 2363 1039 2441 respondisse,
1069 2361 1301 2435 idemque
1348 2383 1436 2433 per
1466 2361 1658 2441 legatos
1689 2372 1889 2441 proasti-

316 2456 319 2457 ν
371 2439 563 2508 turum.
608 2430 813 2508 interea
853 2437 1118 2508 hortatur,
1150 2430 1354 2505 ιη’ᾳιιαέ
1379 2455 1473 2508 pro
1503 2430 1606 2508 ﬁde
1631 2430 1889 2495 catholica

371 2503 577 2573 scripsit
607 2502 863 2574 divulgari
889 2515 1055 2562 curet.

371 2599 643 2666 Agapetus
674 2596 943 2667 Reparato
968 2601 1223 2671 episc0po
1251 2602 1681 2673 Carthaginensi.

372 2686 751 2745 Fraternitatis
792 2698 899 2746 tute
941 2692 1139 2748 litteris
1182 2695 1428 2751 indicasti
1461 2706 1581 2766 post
1606 2698 1888 2768 epistolam

303 2780 575 2835 decessori
627 2797 747 2837 meo
780 2782 1136 2854 dirigendam,
1170 2786 1310 2843 inter
1336 2790 1529 2860 navigii
1561 2793 1891 2862 suscipiendi

304 2886 506 2938 moras,
534 2888 669 2944 quas
698 2873 890 2930 hiemis
925 2877 1250 2933 continuatae
1281 2881 1574 2948 generabat
1604 2884 1887 2952 asperitas,

298 2962 690 3022 Ordinationem
716 2975 954 3023 nostram
981 2969 1075 3023 tibi
1097 2970 1481 3039 omnipotentis
1501 2972 1598 3028 Dei
1627 2974 1891 3032 beneficio

300 3060 634 3124 nuntiatam,
682 3067 738 3115 et
784 3061 1109 3130 gratulatum
1162 3073 1212 3118 te
1262 3065 1613 3120 fraternitatis
1656 3066 1887 3135 affectu,

298 3151 422 3222 quia
470 3152 816 3221 pentificatus
866 3154 1000 3209 mihi
1051 3154 1303 3210 divinitas
1353 3157 1576 3212 indulsit
1627 3158 1888 3227 officium,

301 3248 440 3319 quod
487 3246 554 3305 de
602 3250 914 3304 sinceritate
964 3258 1053 3302 tua
1100 3265 1207 3305 non
1251 3265 1438 3308 sumus
1477 3251 1751 3309 admirati.
1802 3228 1967 3310 Sicc

299 3344 443 3399 enim
487 3352 538 3399 te
577 3344 731 3399 nobis
774 3344 997 3411 alloquii
1035 3344 1228 3399 directi
1284 3350 1628 3414 prmsenlavil
1654 3347 1890 3413 affectio,

301 3444 362 3491 ut
389 3451 507 3491 cum
540 3436 920 3492 dilectissimas
961 3447 1081 3493 tuas
1128 3439 1337 3494 litteras
1370 3440 1626 3509 legerem,
1656 3447 1709 3495 te
1744 3441 1893 3496 vide-

300 3530 422 3583 rim.
473 3528 806 3599 Quapropter
838 3531 957 3598 ipsa
990 3541 1061 3598 te,
1092 3547 1250 3600 quam
1285 3532 1414 3596 vidi,
1447 3542 1628 3588 mente
1656 3534 1894 3602 comple-

298 3631 475 3689 ctens,
525 3621 737 3691 postulo
790 3622 1216 3678 misericordiam
1269 3622 1601 3689 divinitatis,
1634 3634 1689 3679 ut
1741 3633 1796 3679 et
1837 3625 1892 3680 in

301 3716 452 3771 vobis
478 3716 671 3785 quietis
695 3726 939 3784 reparata
968 3718 1140 3785 gratia
1186 3716 1495 3782 fructiﬁcet,
1522 3726 1579 3771 et
1609 3716 1751 3771 Deus
1778 3731 1895 3771 om-

303 3809 574 3878 nipotens,
602 3808 692 3877 qui
726 3807 858 3862 mihi
891 3809 1187 3862 sacerdotis
1213 3808 1361 3862 dedit
1388 3809 1609 3873 donum,
1635 3808 1895 3865 concedat

301 3910 358 3955 et
389 3898 660 3954 meritum.
690 3899 958 3954 Preterea
990 3900 1054 3953 ad
1084 3915 1146 3954 ea
1180 3914 1301 3968 quae
1326 3900 1487 3955 Caius
1515 3910 1674 3971 atque
1702 3901 1896 3957 Petrus

302 3992 495 4048 fratres
512 4002 566 4048 et
586 3992 894 4062 coepiscopi
920 3992 1090 4047 nostri
1104 4036 1117 4057 ,
1141 3993 1237 4049 sed
1260 4002 1314 4049 et
1336 3992 1617 4050 Liberatus
1638 3993 1895 4050 diaconus

305 4084 447 4139 filius
475 4093 681 4153 noster,
706 4092 765 4139 ut
786 4084 925 4153 apud
953 4100 1050 4140 nos
1075 4095 1299 4157 agerent
1320 4086 1486 4141 verba
1508 4103 1536 4140 a
1564 4087 1896 4145 fraternitate

303 4185 394 4233 tua
440 4177 539 4233 sibi
587 4175 827 4247 injuncta
870 4177 1219 4247 direxernnt,
1248 4195 1546 4249 congruum
1591 4185 1897 4249 putavimus

304 4272 471 4326 verbo
519 4271 649 4326 dare
697 4285 1038 4340 responsum,
1072 4273 1217 4340 quod
1274 4288 1367 4341 per
1418 4273 1627 4342 legatos
1677 4284 1897 4329 nostros

304 4360 384 4435 (si
419 4346 644 4416 Domino
674 4362 969 4430 placuerit)
1009 4362 1234 4419 reddere
1277 4380 1382 4419 non
1435 4379 1729 4419 metamur.
1767 4366 1896 4421 Uni-

311 4468 467 4508 versa
521 4463 800 4520 pra-terea,
853 4470 973 4524 qum
1006 4455 1345 4511 inimicorum
1399 4458 1722 4528 perversitas
1750 4459 1901 4515 inva-

304 4554 479 4610 serat,
509 4545 752 4601 charitati
803 4556 905 4602 tute
939 4550 1350 4617 metropolitana
1392 4550 1514 4620 jura
1556 4562 1894 4621 reparantes,

308 4636 609 4704 hortamur,
640 4648 699 4693 ut
726 4654 789 4695 ea
820 4655 940 4710 quae
971 4649 1061 4695 tuo
1093 4642 1177 4696 vel
1200 4643 1427 4699 aliorum
1456 4647 1673 4702 nomine
1701 4650 1898 4704 rescri-

309 4732 530 4800 psimus,
567 4734 831 4789 universis
860 4736 1058 4792 debeas
1090 4738 1450 4807 innotescere,
1500 4745 1895 4815 metropolitani

305 4824 504 4895 quippe
530 4828 850 4882 auctoritate
890 4828 1169 4885 suffultam
1198 4849 1209 4882 :
1240 4846 1308 4885 ne
1336 4832 1458 4901 quis
1487 4847 1545 4889 se
1575 4837 1897 4892 excusabili-

308 4928 392 4972 ter
418 4930 622 4975 asserat
652 4921 899 4990 ignorare
935 4924 1077 4992 quod
1108 4927 1255 4980 sedis
1285 4929 1591 4995 apostolica:
1622 4933 1893 5002 principa-

308 5014 432 5068 litas
492 5029 759 5071 canonum
812 5019 1243 5077 consideratione
1292 5023 1621 5092 perscripsit.
1678 5025 1809 5082 Data
1861 5043 1896 5080 ν

307 5106 429 5161 idus
454 5105 789 5178 Septembris
816 5119 937 5180 post
964 5114 1304 5170 consulatum
1338 5114 1542 5170 Paulini
1575 5116 1671 5171 viri
1702 5116 1895 5172 claris.

307 5200 450 5254 simi.

882 5298 1216 5356 EPISTOLA
1241 5301 1325 5355 Vl.

530 5404 597 5443 ΔΙ)
617 5404 895 5446 CESARIUI
920 5407 1207 5448 EPISGOPUII
1250 5410 1656 5452 Αιιςιλτεκςῑκ.

310 5473 463 5541 Quod
512 5481 707 5547 prwdia
755 5484 894 5552 juris
935 5481 1178 5608 Εσῖιθείιῗ
1208 5488 1351 5542 nullo
1380 5490 1527 5544 titulo
1551 5492 1765 5547 alienari
1804 5495 1897 5549 de-

1050 5572 1141 5608 ean
1173 5596 1184 5608 .

1050 5572 1184 5609 eam.

390 5638 754 5700 Dilectissimo
780 5643 930 5701 fratri
952 5644 1187 5705 Caesarie
1216 5652 1506 5722 Agapetus.

1997 1942 2150 2010 Quod
2170 1951 2225 1997 ut
2243 1939 2487 1999 cbaritati
2512 1954 2618 1998 tua:
2636 1944 2998 2001 indubitanter
3011 1945 3302 2006 elucescat.
3329 1943 3392 1998 ad
3413 1942 3591 1999 locum

1995 2034 2065 2089 de
2095 2035 2198 2090 hoc
2220 2036 2471 2102 articulo,
2501 2051 2569 2093 ex
2598 2039 2907 2093 constitutis
2937 2039 3157 2094 Patrum
3190 2037 3413 2093 fecimus
3441 2050 3593 2092 reve-

1997 2126 2118 2190 lari,
2149 2143 2268 2198 qute
2293 2141 2415 2183 cum
2444 2131 2802 2199 praesentibus
2814 2130 3012 2200 pariter
3035 2128 3285 2185 affatibus
3302 2128 3452 2183 vobis
3474 2141 3593 2183 cre-

1996 2220 2173 2274 dimus
2203 2220 2500 2289 dirigenda.
2537 2221 2679 2277 Deus
2733 2232 2786 2278 te
2833 2223 3157 2277 incolumem
3181 2221 3466 2287 custodiat,
3487 2220 3593 2274 fra-

1999 2323 2081 2366 ter
2097 2312 2430 2369 charissime.
2455 2314 2584 2368 Data
2613 2326 2681 2368 xv
2698 2314 2948 2370 calendas
2975 2316 3241 2386 Augustas
3262 2323 3382 2383 post
3396 2328 3592 2367 consu-

1996 2403 2163 2459 latum
2192 2402 2395 2459 Paulini
2422 2403 2655 2474 iunioris
2691 2405 2796 2461 viri
2849 2404 3136 2461 clarissimi
3166 2404 3347 2478 [Anno
3392 2400 3593 2458 Christi

1996 2496 2159 2567 5255].,

2573 2628 2911 2688 EPISTULA
2941 2626 3055 2687 Vl].

2229 2762 2296 2800 AD
2323 2760 2603 2803 CESARIUII
2632 2763 2919 2806 EPISCOPUII
2950 2762 3357 2805 Αιιειλτεκιειι.

1998 2856 2079 2913 De
2103 2857 2502 2928 Contumelioso,
2532 2876 2649 2915 cum
2693 2862 2765 2985 21d
2811 2863 2984 2988 ιῗάτηι
3018 2864 3353 2934 apostolicum
3393 2864 3583 2935 appoi-

2716 2949 2831 2988 asse
2860 2971 2875 2987 .

2716 2949 2875 2988 asset.

2072 3043 2433 3100 Dilectissimo
2457 3044 2607 3102 fratri
2629 3045 2869 3103 Ctesario
2891 3050 3183 3121 Agapetus.

2068 3157 2652 3225 Optaveramus,frater
2669 3161 3128 3229 amantissime,ut
3142 3161 3379 3232 episcopi
3391 3156 3594 3217 οουω.

1999 3249 2469 3319 meliosiopinione
2493 3250 2697 3321 integra
2729 3262 3100 3321 permanente,
3136 3264 3235 3309 nec
3275 3252 3369 3309 tibi
3394 3253 3594 3309 dudum

1998 3342 2150 3397 fieret
2165 3342 2674 3412 necessitasjudicii,
2690 3356 2789 3399 nec
2802 3346 2958 3400 nobis
2974 3358 3135 3401 causa
3167 3346 3423 3401 censendi
3443 3364 3458 3401 :
3477 3363 3561 3401 ma
3575 3377 3594 3387 -

1998 3433 2275 3504 ximequia
2294 3435 2345 3489 in
2365 3449 2526 3503 supra
2557 3437 2742 3505 scripti
2781 3435 2881 3491 viri
2916 3437 3259 3493 accusatione
3296 3438 3597 3494 communis

2011 3523 2233 3579 honoris
2254 3526 2558 3581 reverentia
2576 3527 2974 3595 quodammodo
2988 3529 3474 3586 videturincursata
3489 3529 3598 3604 [in-

1999 3614 2229 3687 cusata].
2249 3615 2402 3671 Unde
2414 3624 2677 3686 quatenus
2691 3621 3127 3688 pmsumptione,
3141 3622 3278 3676 sicut
3292 3621 3597 3689 asserit,in-

2000 3708 2265 3763 nocentite
2296 3709 2363 3763 ad
2393 3708 2769 3779 appellationis
2797 3711 2969 3766 voluit
2995 3714 3251 3767 auxilium
3287 3715 3594 3780 convolare,

1999 3801 2336 3856 orationibus
2352 3802 2584 3859 assiduis
2600 3802 2703 3859 hoc
2725 3803 3038 3871 innitamur,
3059 3814 3116 3860 ut
3131 3821 3252 3861 eum
3271 3808 3592 3877 cognitionis

2002 3892 2208 3948 iteratae
2235 3892 2551 3950 beneficium
2577 3896 2921 3965 gratulationi
2945 3899 3183 3952 omnium
3230 3903 3474 3955 restituat
3500 3898 3597 3953 ab-

2001 3987 2260 4042 solutum.
2290 3988 2593 4059 Delegaturi
2617 3990 2781 4057 enim,
2817 3992 2925 4047 Deo
2949 4000 3135 4047 nostro
3162 3990 3470 4063 adjuvante,
3511 4006 3597 4048 su-

2002 4094 2124 4135 mus
2151 4094 2401 4148 examen,
2426 4092 2484 4136 ut
2533 4084 2829 4139 secundum
2888 4100 3155 4140 canonum
3209 4088 3595 4141 venerabilium

2002 4173 2436 4237 constituta,suh
2465 4175 2898 4230 consideratione
2953 4178 3198 4244 justitire,
3259 4178 3435 4231 omnia
3473 4192 3595 4249 qua:
3696 4198 3699 4199 ν

2004 4265 2142 4334 apud
2174 4265 2561 4320 fraternitatem
2603 4274 2745 4320 tuam
2767 4266 2835 4322 de
2861 4267 3162 4338 huiusmodi
3211 4266 3420 4339 negotio
3478 4280 3596 4325 acta

2002 4366 2225 4427 gestuve
2251 4366 2395 4424 sunt,
2441 4359 2850 4429 diligentissima
2882 4361 3238 4430 vestigatinne
3259 4361 3590 4433 “agitentur.

2004 4450 2190 4519 Neque
2216 4451 2359 4505 enim
2391 4452 2702 4521 praedictum
2728 4455 2899 4507 virum
2927 4454 3178 4509 convenit
3201 4461 3394 4510 eventu
3448 4454 3596 4524 prius

2008 4547 2202 4601 habitae
2230 4549 2555 4619 cognitionis
2575 4550 2775 4620 urgeri,
2808 4552 3010 4621 quippe
3036 4565 3158 4608 cum
3189 4561 3243 4605 et
3294 4553 3407 4620 ipse
3452 4551 3597 4620 judi-

1926 4623 1982 4685 D
2004 4638 2147 4692 cium
2172 4639 2407 4707 petierit.
2452 4640 2565 4694 Non
2597 4649 2873 4695 avertatur
2902 4642 3151 4697 voluntas
3175 4641 3336 4696 animi
3360 4656 3389 4696 a
3421 4642 3596 4712 preci-

2006 4731 2105 4787 bus
2130 4733 2485 4798 infirmorum,
2508 4749 2628 4789 cum
2653 4737 2705 4789 in
2732 4736 3051 4792 necessitate
3080 4736 3279 4791 fuerint
3303 4776 3318 4802 ,
3370 4750 3438 4791 ne
3498 4750 3596 4789 no-

2005 4828 2110 4891 bis,
2140 4828 2281 4897 quod
2313 4837 2521 4883 exertat
2551 4828 2911 4896 Dontlnus,ea
2942 4844 3061 4899 quae
3084 4831 3337 4901 leguntur
3371 4830 3422 4883 in
3459 4828 3593 4884 Pro-

2006 4919 2226 4984 verbiis,
2273 4918 2379 4973 dici
2401 4920 2606 4988 possint
2639 4940 2651 4974 :
2690 4921 2789 4987 Qui
2842 4922 3044 4973 obturat
3094 4936 3271 4973 aurem
3322 4935 3488 4987 suam,
3539 4928 3595 4973 ut

2002 5025 2106 5063 non
2135 5009 2313 5064 audiat
2337 5010 2622 5078 inﬁrmum,
2653 5021 2701 5065 et
2752 5012 2860 5081 ipse
2907 5011 3158 5065 invocabit
3211 5012 3508 5075 Dominum,
3545 5020 3595 5065 et

2004 5118 2108 5155 non
2128 5103 2227 5156 erit
2245 5104 2336 5171 qui
2360 5106 2597 5157 exaudiet
2626 5114 2742 5157 eum
2785 5104 2966 5175 (Prov.
3004 5106 3132 5174 χχι).
3166 5104 3304 5173 Quid
3334 5117 3417 5161 est
3445 5107 3592 5161 enim

2004 5192 2271 5249 infirmius
2300 5195 2553 5265 episcopo
2574 5196 2996 5263 Contumeliuso,
3026 5198 3114 5265 qui
3162 5198 3213 5251 in
3247 5197 3591 5254 tribulatione

2006 5286 2210 5355 positus
2232 5298 2284 5341 et
2313 5287 2381 5343 de
2408 5289 2667 5358 praeteriti
2703 5288 2889 5359 iudicii
2914 5288 3119 5360 pudore
3142 5290 3501 5348 confunditur.
3537 5302 3595 5346 et

1952 5382 1953 5385 “
2004 5380 2329 5450 cognitionis
2362 5396 2484 5451 qua:
2514 5382 2687 5439 futura
2747 5394 2828 5439 est
2871 5383 3273 5454 exspectatione
3312 5383 3594 5439 turbaturi

2003 5475 2128 5543 quia
2145 5474 2437 5545 quamlibet
2466 5478 2535 5540 ei.
2562 5478 2702 5545 quod
2735 5478 3030 5547 optandum
3062 5486 3166 5543 est,
3218 5478 3422 5546 puritas
3452 5475 3595 5533 forte

2007 5566 2329 5637 suffragetur
2358 5570 2701 5636 innocentia,
2722 5584 2829 5626 non
2856 5581 3031 5640 potest
3048 5569 3236 5641 judicli
3273 5570 3591 5626 sollicitudi-

2007 5675 2127 5715 nem
2156 5677 2263 5717 non
2312 5662 2531 5720 habere.
2556 5663 2619 5719 Et
2645 5676 2744 5721 nos
2785 5663 3022 5735 quidem,
3058 5666 3303 5734 quamvis
3351 5663 3595 5734 culpatus

379 5798 545 5897 {uno
582 5803 680 5862 hac
732 5818 796 5864 ac
845 5806 1089 5880 sequenti
1134 5809 1317 5881 epist.,
1353 5811 1543 5880 Quinto
1572 5814 1689 5870 idus
1748 5815 2051 5873 Novembris
2104 5820 2385 5895 legendum
2431 5824 2706 5882 contendit
2749 5823 2943 5893 Pagius
2982 5825 3049 5881 ad
3090 5838 3218 5881 anu.
3271 5820 3402 5883 Chr.
3463 5827 3594 5897 635,

305 5873 459 5929 num.
487 5873 545 5930 4.
