4126 6362
520 285 585 340 47

1896 270 2190 332 AGAPETI
2227 267 2429 327 ΡΔΡᾹΞ
2471 268 2485 321 I

3718 255 3800 309 48

525 420 555 457 a
588 400 740 456 nobis
766 397 1036 454 Emeritos
1081 395 1334 452 defensor
1406 399 1757 450 memoratum
1796 390 2106 461 episcopum
2132 390 2183 451 Α
2214 384 2387 457 potuit
2435 380 2726 437 secundum
2793 388 3028 431 canones
3077 382 3328 443 expetere
3401 371 3799 440 secessionem,

526 509 805 551 reversum
826 493 892 548 ad
912 492 1207 547 Ecclesiam
1227 506 1375 545 suam
1404 489 1682 545 cltaritatis
1704 497 1809 542 tute
1832 485 2107 541 voluntate

527 586 1014 656 ﬁrmaverit,usque
1024 584 1089 639 ad
1102 585 1303 640 exitum
1316 583 1498 653 judicii
1511 582 1649 654 quod
1664 581 2104 651 dclegaverimus,

528 680 835 748 episc0pum
881 678 1361 743 Contumeliosum,
1408 676 1612 732 reddita
1649 676 1748 730 sibi
1780 675 1939 729 modo
1989 688 2113 742 pro-

528 770 647 838 pria
690 769 1009 835 substantia,
1044 782 1359 835 suspensum
1384 766 1593 821 interim
1634 764 1875 818 volumus
1922 763 1989 815 ali
2019 761 2115 815 atl-

537 860 930 917 miuistratione
958 859 1259 929 patrimonii
1288 856 1657 917 ecclesiaStici,
1682 864 1736 911 et
1755 852 2115 909 celebratione

534 951 820 1006 missorum
846 951 1000 1020 :quia
1029 950 1076 1003 id
1100 948 1239 1019 ψιιό
1259 948 1358 1003 sibi
1379 946 1791 1017 videratjudicio
1812 944 2117 999 fnissesub-

534 1046 735 1111 latum,
766 1038 1069 1115 gloriosius,
1121 1043 1166 1097 si
1202 1044 1252 1098 ei
1282 1042 1483 1097 veritas
1528 1040 1866 1110 suffragatur,
1909 1039 2118 1108 judicio

534 1140 824 1208 receperit,
846 1152 1001 1207 quam
1020 1135 1457 1204 usurpationibus
1483 1132 1777 1199 occuparit.
1812 1130 1999 1184 leius
2020 1146 2118 1182 au-

538 1240 645 1285 tem
686 1230 879 1284 fecerat
902 1228 1211 1283 Laternitas
1235 1236 1345 1293 tua,
1370 1228 1413 1280 si
1440 1234 1781 1294 posteaquam
1832 1221 1974 1275 sedis
1994 1235 2122 1291 apo-

536 1324 743 1381 stolica:
768 1322 1131 1393 appellatione
1160 1318 1473 1391 interposita
1504 1317 1836 1373 desideravit
1869 1330 2119 1381 examen,

537 1417 680 1473 circa
701 1430 981 1487 personam
1004 1414 1119 1486 ejus
1144 1429 1175 1469 a
1202 1422 1443 1484 tempore
1464 1411 1744 1468 sententia
1765 1408 1899 1464 nihil
1922 1404 2087 1478 permi
2101 1432 2119 1444 -

540 1508 701 1564 sisset
712 1506 953 1563 imminui
969 1522 985 1573 ;
1000 1517 1055 1561 ut
1068 1512 1210 1561 esset
1224 1503 1486 1574 integrum
1502 1504 1797 1575 negotium,
1812 1499 1951 1572 quod
1969 1500 2126 1554 inter-

541 1599 713 1668 posita
727 1596 1595 1670 provocationequaerereturl‘iam
1607 1597 1648 1651 si
1665 1598 1719 1651 in
1732 1596 2125 1651 exsecutionem

543 1691 776 1748 mittitur
805 1690 975 1760 prima
1001 1690 1288 1758 sententia,
1313 1688 1545 1744 secunda
1569 1702 1673 1742 non
1701 1685 1862 1741 habet
1893 1684 2126 1755 cognitio

2213 492 2372 547 quam
2403 474 2743 529 severitatem
2768 467 3041 540 religionis
3062 466 3334 536 excipere.
3359 465 3434 537 (a)
3486 465 3804 533 Suspensus

2214 571 2394 641 igitur,
2420 569 2559 622 sicut
2587 565 2791 636 praelati
2822 577 3028 628 sumus,
3047 562 3333 631 episcopus
3361 557 3803 613 Contumeliosus

2216 660 2409 715 habeat
2431 668 2658 721 tantum,
2689 672 2845 727 quant
2878 654 3281 724 put-sumpsisse
3302 653 3516 715 dicitur,
3546 652 3804 707 celebra-

2218 756 2414 811 tionem
2440 756 2743 815 m‘ssarum,
2766 760 2817 805 et
2835 750 3155 819 patrimonio
3176 746 3417 802 ecclesia:
3444 745 3495 798 in
3530 744 3805 815 guberna-

2221 849 2366 902 tione
2394 845 2758 900 art'liidiacoui
2786 843 3028 913 ejusdent
3054 843 3299 896 ccclesuc
3322 836 3635 902 constituto,
3654 838 3722 890 ita
3739 842 3809 890 ιιι

2220 939 2470 995 alimonia
2501 936 2829 991 sufficienter
2880 936 3134 1003 episcOpo
3161 949 3268 987 nun
3309 939 3589 1000 negentur,
3613 928 3810 983 visita-

2222 1036 2412 1090 toriam
2439 1034 2488 1086 in
2517 1033 2632 1100 ejus
2682 1032 2799 1085 loco
2847 1028 3185 1099 prmcipimus
3215 1024 3451 1080 ordinari
3493 1036 3811 1093 personam,

2221 1138 2277 1183 et
2304 1127 2567 1194 patienter
2604 1122 3164 1193 exspectarejudires,
3198 1134 3335 1191 quos
3357 1118 3651 1188 inspirante
3703 1130 3814 1169 uo-

2222 1220 2307 1276 bis
2334 1218 2555 1273 Domiuo
2582 1215 3235 1274 constituerimusaudire.
3264 1214 3549 1277 Prmterea,
3590 1225 3658 1265 ne
3678 1206 3815 1279 quid

2224 1322 2366 1367 esset
2390 1310 2533 1383 quod
2562 1310 2809 1367 cliaritati
2850 1321 2954 1364 tum
2979 1308 3227 1363 videatur
3253 1302 3602 1376 incognitum,
3626 1298 3816 1357 studio

2226 1405 2530 1462 dilectionis
2548 1406 2960 1461 constitutorum
2986 1402 3209 1457 fecimus
3229 1398 3461 1469 capitula
3505 1396 3692 1452 subter
3714 1392 3822 1449 edo

2231 1498 2393 1567 necti,
2421 1507 2481 1553 ut
2494 1499 2715 1553 scientia
2727 1496 3187 1553 communicemur
3214 1506 3504 1557 canonum,
3530 1491 3669 1545 sicut
3686 1502 3820 1559 par-

2233 1590 2733 1662 ticipamuraﬂ‘ectu.
2773 1590 2914 1648 Deus
2951 1598 3007 1645 te
3033 1587 3358 1643 incolumem
3387 1582 3676 1651 custodiat,
3706 1579 3821 1636 fra-

2236 1694 2317 1738 ter
2342 1682 2678 1739 cbarissime.
2712 1683 2839 1737 Data
2867 1681 3077 1737 decimo
3094 1680 3280 1750 quinto
3304 1676 3555 1734 calendas
3597 1672 3823 1744 Augusti

546 1784 687 1856 quod
714 1783 971 1855 requirat.
992 1782 1330 1848 Addendum,
1355 1781 1477 1853 quia
1499 1781 1603 1837 etsi
1634 1797 1740 1836 non
1763 1787 1906 1836 esset
1926 1777 2124 1848 praedi-
2157 1785 2206 1846 Β
2232 1783 2355 1848 post
2390 1778 2724 1832 consulatum
2761 1774 2966 1831 Paulini
2992 1772 3223 1844 junioris
3253 1771 3357 1827 viri
3378 1767 3664 1826 clarissimi
3691 1764 3827 1841 [Atr

543 1887 663 1933 ctus
690 1877 975 1946 episcopus
1001 1874 1317 1946 judicationi
1343 1876 1661 1945 refragatus,
1682 1872 1942 1943 privatam
1956 1869 2124 1941 magis

617 2014 695 2085 (a)
725 2012 853 2085 Haec
884 2010 1203 2085 cumAalieno
1230 2023 1389 2085 sensu
1448 2007 1713 2085 legantur,
1766 2006 1843 2085 sic
1870 2005 2122 2085 emenda-

548 2074 746 2141 mtisex
773 2084 905 2155 Reg.
928 2082 1050 2138 cod.
1085 2097 1187 2136 ms.
1222 2099 1236 2134 :
1268 2074 1528 2151 Suspenso
1558 2078 1740 2148 igitur,
1781 2078 1909 2130 sicut
1933 2074 2134 2146 pratfati

2234 1882 2304 1924 no
2335 1867 2464 1923 cur.
2499 1867 2648 1939 εδει.

2237 2019 2433 2067 sumus,
2457 2003 2691 2073 episcopo
2712 2002 3031 2057 Contumelia
3058 2016 3089 2054 ο
3108 2000 3172 2054 ab
3196 2017 3257 2073 ea
3288 2008 3505 2062 tantum,
3521 2015 3671 2073 quam
3689 2012 3829 2067 prte-

2244 2070 2521 2142 sumpst'sse
2540 2070 2750 2141 dicitur,
2785 2076 3118 2127 celebratione
3158 2072 3578 2135 Missurum,etc.
3616 2070 3784 2123 llann.

576 2187 3818 2212 Wm—

744 2271 1047 2321 EPMHNEIA
1083 2272 1193 2319 ΤΗΣ
1232 2269 1561 2320 ΣΥΝΟΔΙΚΗΣ
1596 2271 1939 2323 ΕΠΙΣΤΟΛΙΙΣ,

548 2368 640 2422 τῆς
679 2358 764 2417 διὰ
789 2365 1069 2431 ’Ῥωμαϊκῶν
1095 2360 1374 2433 γραφείσης
1408 2356 1741 2433 γραμμάτων,
1778 2352 1812 2409 ἄ
1835 2376 1943 2410 τινα
1974 2356 2135 2430 παρέ-ο

908 2452 1090 2515 θησαν,
1117 2448 1201 2506 διὰ
1229 2455 1320 2509 την
1347 2450 1583 2524 ἀπειρίαν
1602 2448 1784 2503 αὑτῶν.

625 2554 705 2617 Τῷ
726 2547 975 2619 ἀγαπητῷ
1005 2541 1201 2615 ἀδελφῷ
1224 2542 1391 2619 Πέτρῳ
1415 2541 1721 2615 ’Λγαπητός.

624 2636 953 2707 ἰιϐουλόμεθα
967 2638 1079 2708 μέν,
1110 2636 1367 2708 ἀγαπητοί
1387 2631 1605 2705 ἀδελφοί.
1635 2629 1720 2687 διά
1738 2636 1829 2690 τήν
1854 2639 1946 2693 τῆς
1964 2631 2141 2702 ἡμετέ-

557 2748 653 2803 ρας
695 2730 898 2802 ἀγάπης
936 2727 1229 2801 συνάφειαν,
1259 2727 1458 2785 πάντας
1490 2727 1613 2784 τοὺς
1654 2731 1746 2781 τοῦ
1784 2727 1957 2799 κυρίου
1997 2724 2142 2801 ἱερεῖς

559 2822 690 2875 κατά
707 2825 797 2878 την
817 2819 1155 2878 ἀποστολικην
1178 2816 1460 2893 παράδοσιν
1485 2819 1855 2879 ἀνεπιλήπτους
1886 2820 1939 2872 εὑ
1944 2820 2148 2892 ρίσκεσ·

558 2916 661 2983 θαι,
698 2918 781 2970 καὶ
803 2913 989 2987 μηδένα
1032 2914 1063 2975 ἦ
1106 2913 1189 2971 διὰ
1220 2917 1397 2991 χάριν,
1439 2916 1469 2976 ἦ
1508 2914 1591 2971 διὰ
1619 2916 1786 2988 φόξον,
1828 2922 1928 2971 τῶν
1978 2914 2148 2971 ἔκκλη-

563 3013 836 3061 σιαστικῶν
882 3006 1103 3063 κανόνων
1158 3006 1387 3061 ἐκκλίνειν
1412 3023 1427 3038 ‘
1468 3008 1573 3063 ἀλλ’
1622 3009 1731 3062 ἐπεί
1775 3008 1937 3063 πολλά
1971 3006 2150 3063 πολλὰ·

2336 2255 2889 2312 INTERPRETATIO
2930 2216 3284 2310 EPISTULA:
3322 2252 3732 2319 SYNODALIS,

2245 2372 2445 2440 scriptae
2466 2388 2554 2443 per
2577 2373 2671 2427 litt:
2686 2389 2768 2426 ras
2806 2371 3012 2425 Latinas
3039 2371 3088 2443 [ε
3108 2370 3310 2441 Crmcol
3333 2389 3466 2444 qutr,
3489 2372 3626 2438 quod
3646 2372 3835 2444 ignota

2742 2456 2905 2497 esient
2924 2484 2939 2509 ,
2972 2446 3173 2497 omissa:
3200 2455 3333 2497 sunt.

2321 2536 2525 2592 Dilecto
2552 2536 2703 2591 fratri
2735 2537 2891 2591 Petro
2919 2536 3196 2606 Agapitus.

2322 2629 2689 2687 Voluissemus
2717 2630 2930 2700 quidem
2949 2673 2964 2697 ,
2998 2629 3190 2685 fratres
3217 2629 3432 2695 dilecti,
3463 2638 3681 2699 propter
3706 2641 3841 2684 con-

2246 2726 2577 2797 junctionem
2636 2739 2831 2783 nostrae
2874 2727 3184 2792 cli-tritatis,
3244 2742 3431 2784 omnes
3487 2726 3693 2781 Domini
3741 2740 3837 2781 sa-

2254 2822 2503 2877 cerdotes
2523 2864 2536 2883 .
2562 2822 2711 2891 juxta
2740 2822 3087 2892 apostolicam
3116 2821 3452 2875 traditionem
3481 2818 3530 2890 (1
3566 2818 3699 2875 Tim.
3729 2818 3841 2890 ut),

2256 2916 2753 2987 irrepreliensibiles
2779 2916 3080 2981 invenisse;
3109 2924 3165 2970 ct
3187 2914 3453 2969 neminem
3484 2925 3573 2968 aut
3603 2929 3698 2983 per
3721 2927 3847 2984 grac

2258 3011 2383 3065 tiam
2405 3052 2420 3076 ,
2449 3020 2540 3063 aut
2577 3024 2671 3076 per
2699 3020 2896 3063 metum
2928 3008 2996 3062 ab
3024 3007 3403 3063 ecclesiasticis
3426 3005 3720 3061 canonibus
3747 3004 3848 3060 de-

561 3118 638 3158 κες
676 3099 1077 3175 παρακολουθεῖ,
1138 3097 1173 3153 ἆ
1218 3121 1331 3155 τινα
1379 3102 1708 3173 μεταμέλειαν
1756 3104 1942 3157 τίκτειν
1996 3098 2150 3155 δὺνα·

2259 3104 2478 3158 clinare.
2510 3103 2615 3160 Sed
2660 3103 2910 3173 quoniam
2941 3103 3106 3157 multa
3137 3101 3409 3157 moltoties
3447 3102 3848 3172 subsequuntur

561 3210 650 3244 ται
677 3231 692 3253 ,
737 3193 821 3245 καί
868 3196 981 3263 νικᾷ
1027 3194 1094 3246 τὰ
1152 3191 1557 3265 πλημμελήματα
1607 3199 1708 3247 τῶν
1758 3192 2153 3267 ἁμαρτανόντων

563 3280 626 3337 τὸ
653 3278 795 3342 ἔλεος
833 3289 924 3337 τοῦ
955 3290 1105 3351 Θεοῦ,
1147 3286 1231 3337 καὶ
1268 3281 1352 3338 διὰ
1378 3290 1533 3339 τοῦτο
1575 3284 1893 3359 ὑπερτίθεται
1926 3286 1957 3343 ἡ
1996 3307 2155 3356 τιμω-

565 3375 676 3452 ρία,
710 3377 776 3434 ὡς
830 3370 885 3429 ἂν
935 3372 1089 3431 τόπον
1140 3375 1304 3451 εὑρεῖν
1352 3378 1382 3434 ἠ
1431 3374 1693 3454 δίορθωσις
1749 3374 2003 3440 δυνηθείη,
2053 3397 2157 3431 πα-

565 3469 799 3542 ραινέσαι
849 3470 1115 3541 ἀναγκαῖον
1176 3471 1432 3545 ἐκρίναμεν
1460 3510 1475 3535 ,
1525 3472 1609 3526 ἶνα
1657 3475 1723 3527 τὰ
1771 3472 2179 3551 παραληφθέντα,

571 3553 661 3631 κᾷν
707 3560 764 3614 τό
824 3562 995 3616 λοιπὸν
1020 3605 1035 3629 ,
1095 3564 1410 3638 ἀπαράϐατα
1455 3564 1729 3637 φυλαχθείη
1756 3579 1772 3595 ⁶
1849 3564 2014 3641 ἔχρην
2068 3564 2159 3638 μὲν

572 3653 673 3726 γάρ
711 3656 801 3711 τήν
844 3653 1091 3729 ὑμετέραν
1134 3656 1359 3727 ἀγάπην,
1396 3657 1709 3727 μεμνημένην
1738 3663 1848 3712 ’τῶν
1899 3664 2161 3731 πατρικῶν

575 3741 933 3817 παραδόσεων,
962 3742 1151 3815 μηόἕνα
1181 3755 1482 3820 συγχωρεῖν
1514 3750 1579 3801 τὰ
1621 3748 1939 3819 κεκωλυμένα
1979 3755 2163 3812 ποιεῖν,

576 3833 703 3889 ἀλλά
724 3840 806 3890 καὶ
833 3834 884 3892 εἴ
905 3858 983 3897 τις
1020 3837 1268 3911 τολμηρός
1290 3841 1479 3910 φανείη,
1504 3840 1648 3910 πάσῃ
1678 3838 1890 3910 δυνάμει
1919 3840 2165 3895 ἕναντιοῦ·

579 3930 715 3982 σθαι.
760 3928 1157 4003 Παραγενόμενοι
1219 3938 1489 4006 τοιγαροῦν
1542 3932 1613 3991 εἰς
1657 3932 1718 3986 τό
1764 3933 2030 4004 κομιτάτον
2075 3938 2165 3987 τοῦ

578 4019 923 4091 γαληνοτάτου
951 4022 1089 4091 ἡμῶν
1109 4022 1382 4095 βασιλέως.
1405 4029 1495 4078 τοῦ
1524 4024 1769 4098 ἡμετέρου
1797 4024 1931 4086 υἱοῦ,
1954 4025 2166 4095 εὕρομεν

578 4119 667 4171 την
695 4111 939 4186 καθέδραν
959 4122 1049 4175 τῆς
1071 4115 1122 4167 ἓν
1148 4116 1673 4172 Κωνσταντινουπόλει
1698 4114 2000 4185 Ἑκκλησὶας,
2027 4119 2168 4187 παρά

580 4208 699 4268 τοὺς
735 4210 953 4280 θεσμοὺς
982 4215 1083 4263 τῶν
1129 4206 1367 4273 κανόνων,
1396 4211 1499 4265 ὑπὸ
1538 4210 1769 4283 ’Λνθίμου
1798 4210 1893 4265 τοῦ
1917 4210 2011 4272 τῆς
2035 4223 2170 4288 Τρα-

579 4304 888 4363 πεζουντίων
913 4299 1209 4362 Ἐκκλησίας
1239 4302 1516 4358 ἐπισκόπου
1540 4304 1599 4357 οὑ
1619 4298 1979 4379 προσηκόντως
2006 4304 2167 4372 ὑφαρ-

581 4392 892 4454 πασθεῖσαν,
917 4389 1113 4453 οὗτινος
1139 4399 1230 4452 την
1260 4395 1439 4466 ψυχήν
1458 4434 1473 4457 ,
1502 4396 1560 4448 οὑ
1590 4395 1724 4449 κατὰ
1757 4402 1908 4449 τοῦτο
1935 4392 2083 4460 μόνον
2111 4396 2169 4448 τὸ

2258 3211 2377 3265 qua:
2408 3194 2793 3264 paenitudinem
2828 3208 3014 3264 parere
3053 3202 3305 3262 possunt,
3333 3202 3387 3248 et
3420 3191 3515 3248 Dei
3544 3192 3853 3247 misericor-

2259 3288 2346 3343 dia
2391 3288 2584 3343 delicta
2633 3297 2970 3357 peccatorum
3018 3286 3216 3353 vincit;
3259 3296 3314 3344 et
3359 3274 3571 3340 idcirco
3604 3284 3855 3340 dilfertur

2261 3397 2441 3453 pana,
2458 3392 2516 3436 ut
2533 3378 3202 3454 reformatio[emcndatio]
3216 3382 3388 3436 locum
3403 3378 3646 3435 invenire
3663 3378 3854 3449 possit;

2263 3490 2482 3531 monere
2495 3474 2853 3530 necessarium
2864 3472 3239 3543 judicavimus,
3255 3480 3313 3527 et
3325 3480 3381 3527 ut
3393 3479 3664 3540 assumpta
3677 3468 3745 3524 de
3755 3482 3853 3523 cae-

2268 3576 2386 3626 tero
2409 3566 2829 3638 impraevaricata
2859 3565 3247 3622 custodiantur.
3275 3562 3567 3635 Oportebat
3582 3563 3748 3628 enim,
3765 3573 3860 3615 ve-

2266 3672 2435 3720 stram
2449 3662 2764 3719 charitatem
2775 3702 2794 3731 ,
2812 3674 3107 3718 memorem
3122 3660 3464 3730 paternarum
3489 3655 3857 3739 traditionem,

2271 3757 2549 3813 neminem
2603 3756 2915 3827 permittere
2970 3754 3238 3827 prohibita
3271 3753 3484 3819 facere;
3530 3732 3627 3807 sed
3668 3750 3713 3806 si
3740 3732 3879 3836 quis

2272 3849 2444 3905 audax
2469 3856 2791 3918 appareret,
2816 3856 2926 3904 tota
2963 3847 3165 3903 virtute
3196 3846 3473 3902 resistere.
3501 3844 3635 3899 Cum
3671 3837 3867 3921 itaque:

2278 3940 2630 4011 pervenimus
2659 3939 2725 3995 ad
2754 3941 3067 3995 comitatum
3108 3936 3445 3994 serenissimi
3491 3935 3663 4013 nostri
3690 3924 3863 4013 impef

2280 4035 2481 4090 ratoris
2516 4033 2608 4088 lilii
2632 4034 2829 4101 nostri,
2859 4028 3164 4088 invenimus
3193 4030 3376 4087 sedem
3408 4006 3869 4098 Constantinopoi

2284 4128 2467 4183 litanzc
2497 4127 2778 4195 Ecclesiae,
2809 4137 2997 4183 contra
3047 4142 3262 4183 omnem
3296 4140 3563 4180 canonum
3617 4125 3867 4190 honesta-

2279 4228 2409 4287 tem,
2440 4220 2507 4274 ab
2532 4218 2787 4274 Antltimo
2817 4219 3071 4275 Ecclesiae
3100 4202 3579 4288 Trapezuntiorum
3607 4204 3869 4287 episcopo,

2286 4307 2731 4364 inconvenientcr
2754 4320 3086 4379 usurpatam,
3115 4306 3270 4379 cujus
3299 4310 3534 4363 animam
3563 4321 3670 4361 non
3687 4303 3864 4359 solum

2277 4404 2576 4459 secundum
2620 4404 2777 4459 istam
2823 4412 3053 4473 pirtem,
3078 4404 3209 4467 sed,
3241 4400 3383 4469 quod
3408 4392 3588 4470 majus
3640 4407 3761 4465 est,
3806 4396 3867 4451 in

580 4486 753 4563 μέρος,
776 4487 878 4540 ἀλλ’
900 4484 1025 4561 ὅπερ
1055 4490 1137 4541 καί
1166 4490 1332 4557 μεῖζον
1360 4490 1524 4552 ἐστιν,
1554 4489 1603 4542 ἐν
1636 4496 1698 4564 τῇ
1725 4496 1818 4548 τῆς
1846 4488 2063 4548 ἀληθοῦς
2089 4491 2152 4543 πί

2282 4497 2628 4553 confessione
2656 4511 2798 4551 verae
2827 4494 2951 4550 fidei
2982 4511 3010 4549 a
3038 4495 3343 4565 perditione
3365 4494 3624 4548 reducere
3647 4489 3865 4546 deside-

583 4599 748 4639 στεως
780 4578 1018 4654 ὁμολογίᾳ
1049 4581 1427 4651 ἐπεθυμήσαμεν
1452 4581 1503 4632 ἐκ
1531 4588 1622 4641 τῆς
1651 4581 1903 4643 ἀπωλείας
1926 4581 2175 4655 ἐπαναγαο

583 4679 707 4743 γεῖν,
739 4673 863 4727 ἀλλὰ
900 4680 963 4746 τῇ
995 4674 1271 4743 Εὑτυχέως
1299 4674 1608 4744 ἐνιστάμενος
1637 4675 1831 4748 πλάνῃ,
1863 4679 1934 4735 εἰς
1962 4680 2052 4735 τήν
2086 4686 2179 4738 τῆς

589 4764 817 4825 ἀληθείας
838 4761 951 4818 ὁδόν
967 4765 1245 4818 ἐπανελθεῖν
1267 4764 1653 4840 κατεφρόνησεν.
1672 4762 1834 4830 Ὀθιν,
1858 4764 2028 4826 ἐπειδή
2048 4766 2180 4822 κατά

583 4859 676 4912 την
701 4856 1036 4913 ἀποστολικην
1058 4857 1281 4927 ἀγάπην,
1313 4861 1407 4913 τήν
1434 4858 1484 4910 ἐν
1504 4864 1565 4930 τῇ
1584 4859 1757 4913 πίστει
1776 4860 1935 4913 αὑτοῦ
1955 4860 2178 4931 μεταμί-

584 4946 720 4999 λειαν
737 4947 1061 5019 ἀναμένομεν,
1080 4948 1128 5000 ἐν
1147 4954 1219 5019 τῷ
1228 4949 1418 5017 μεταξὺ
1443 4946 1557 5002 οὑδέ
1578 4948 1856 5013 καθολικοῦ,
1882 4947 1993 5004 οὑδὲ
2007 4951 2180 5025 ἱερέως

600 5037 840 5107 ὀνόματος
858 5035 993 5102 ἀξιον
1009 5033 1137 5092 εἶναι
1156 5038 1453 5110 ψηφίζομεν,
1478 5040 1668 5115 μέχρις
1688 5034 1745 5094 ἂν
1760 5042 1930 5097 πάντα
1951 5042 2016 5095 τὰ
2035 5044 2182 5114 παρά

598 5136 697 5182 τῶν
716 5132 949 5202 πατέρων
969 5129 1339 5206 παραδοθέντα,
1356 5129 1419 5188 δι’
1442 5130 1507 5185 ὧν
1531 5133 1720 5194 ἀληθῶς
1747 5142 1837 5195 τῆς
1860 5136 2130 5210 θρησκείας·
2152 5138 2183 5193 ἡ

597 5225 796 5287 πίστις,
818 5226 903 5278 καί
922 5226 1179 5295 ἐπιστήμη
1201 5225 1527 5298 φυλάττεται,
1552 5227 1685 5282 κατά
1710 5232 1799 5286 τήν
1823 5233 2182 5303 προσήκουσαν

594 5314 924 5394 πληροφορίαν
952 5314 1170 5381 δέξηται.
1209 5320 1335 5378 Τοὺς
1374 5316 1641 5394 δ’έτὲρους
1683 5318 1868 5389 ὁμοίως
1906 5330 1997 5381 τῆς
2026 5322 2184 5376 αὑτοῦ

595 5408 840 5469 ἀπονοίας
864 5412 987 5469 τοὺς
1016 5418 1076 5481 τῇ
1105 5410 1251 5483 ψήφῳ
1275 5419 1366 5472 τῆς
1387 5413 1723 5473 ἀποστοὴκῆς
1752 5412 1996 5490 καθέδρας
2028 5437 2182 5471 κατα-

594 5504 876 5579 κριθέντας,
894 5505 1268 5581 παραπλησίως
1287 5509 1317 5565 ἡ
1334 5507 1558 5585 ὑμετέρα
1583 5508 1759 5582 ἀγάπη
1781 5512 2184 5582 ἀποστραφητω,

596 5591 665 5649 ὧν
689 5597 844 5656 αὑτὸς
874 5596 1053 5653 ἑαυτὸν
1082 5600 1338 5673 ἀμέτοχον
1366 5600 1622 5658 εποίησεν.
1650 5608 1749 5659 Τῆς
1774 5598 1826 5653 δέ
1856 5601 1902 5652 ἐν
1925 5614 2184 5655 Κωνσταν-

593 5687 875 5744 τενουπόλει
893 5688 1133 5769 καθέδρας
1149 5696 1238 5751 τήν
1259 5679 1325 5745 ὑϐ
1327 5712 1404 5767 ριν
1422 5692 1719 5762 βοηθοῦντες
1734 5699 1822 5746 τοῦ
1843 5700 1965 5747 Θεοῦ
1979 5702 2040 5766 τῇ
2055 5695 2183 5748 ἀπο·

594 5782 799 5861 στολικῇ
823 5786 1076 5861 αὑθεντίᾳ,
1110 5790 1193 5842 καὶ
1231 5794 1330 5842 τῶν
1353 5788 1681 5842 πιστοτάτων
1706 5786 1958 5858 βασιλέων
1979 5798 2040 5862 τῇ
2063 5790 2179 5857 βοη-

2282 4592 2559 4656 ravimus;
2599 4589 2692 4644 sed
2728 4587 2988 4659 Entycbis
3019 4586 3188 4642 errori
3222 4586 3476 4641 insistens
3504 4585 3570 4638 ad
3597 4584 3739 4638 viam
3771 4598 3865 4637 ve-

2282 4684 2459 4738 ritatis
2499 4682 2683 4736 venire
2727 4680 3072 4747 contempsit.
3099 4677 3252 4734 Unde
3288 4693 3409 4733 cum
3461 4677 3631 4748 ipsius
3663 4674 3716 4728 in
3766 4671 3871 4727 lida

2286 4772 2658 4845 paenitentiam
2706 4772 2810 4827 isto
2850 4770 3013 4827 modo
3043 4777 3447 4840 exSpectemus,
3479 4781 3655 4836 neque
3681 4764 3871 4820 callio-

2285 4867 2414 4932 lico,
2449 4881 2622 4934 neque
2670 4880 2827 4921 sacro
2873 4865 3093 4920 nomine
3121 4865 3337 4931 dignum
3371 4876 3493 4917 esse
3522 4857 3871 4916 sentcntiavi-

2286 4975 2431 5024 mus,
2459 4960 2630 5015 donec
2658 4958 2837 5013 omnia
2866 4973 2895 5011 a
2926 4956 3173 5012 Patribtts
3202 4955 3393 5009 tradita
3412 4994 3425 5016 .
3460 4967 3555 5023 per
3581 4966 3701 5021 quae
3724 4962 3866 5004 verte

2287 5049 2566 5122 religionis
2619 5050 2752 5104 lldes
2795 5058 2849 5103 ct
2899 5048 3181 5117 di-ciplina
3224 5045 3544 5109 custoditur,
3577 5039 3870 5096 secundum

2287 5151 2673 5213 congruentem
2702 5138 3125 5195 satisf..cti0uem
3157 5136 3432 5203 suscipiat.
3466 5134 3706 5189 Cmteros
3746 5142 3874 5183 vero

2287 5233 2480 5289 similis
2535 5232 2891 5287 contumacia:
2942 5231 3112 5294 ipsius
3140 5270 3156 5295 ,
3184 5236 3240 5283 et
3268 5224 3535 5282 sententia
3566 5220 3874 5292 apostolica:

2291 5328 2437 5381 sedis
2479 5324 2874 5381 condemnatos
2904 5320 3155 5375 similiter
3174 5320 3410 5375 cliaritas
3441 5328 3618 5372 ve-tra
3655 5325 3876 5369 averso-

2291 5428 2398 5485 tur,
2425 5433 2652 5490 quorum
2679 5416 2797 5485 ipse
2825 5416 3066 5485 seipsunt
3094 5412 3407 5484 participem
3440 5410 3583 5466 fecit.
3609 5407 3876 5462 Constan-

2295 5511 2670 5579 tinopolitanae
2702 5523 2831 5564 vero
2880 5508 3026 5563 sedis
3056 5507 3331 5576 injuriam,
3366 5502 3657 5573 apostolica
3695 5506 3877 5555 aucto-

2292 5607 2452 5662 ritate
2482 5606 2792 5672 adjuvante,
2815 5612 2871 5658 et
2893 5601 3162 5673 adiutorio
3190 5597 3620 5655 lidelissimorum
3648 5594 3875 5664 impera-

2296 5710 2471 5754 torum
2501 5696 2937 5753 emendabimns.
2965 5697 3031 5751 Et
3061 5694 3279 5749 modum
3308 5690 3592 5763 quemdam
3626 5679 3877 5742 admirati

2296 5807 2506 5861 sumus,
2555 5787 2697 5862 quod
2728 5788 2868 5845 istud
2915 5799 3052 5859 opus
3090 5787 3161 5841 ita
3206 5793 3395 5857 aperte
3422 5779 3755 5839 contrarium
3782 5774 3887 5830 de-'
