4126 6362
267 390 337 445 53
1714 382 2092 441 EPISTOLE.
3472 385 3540 443 54

265 506 538 565 σεϐοῠντες
568 504 742 560 ἐκεῖνοι
768 500 1020 559 διδάσκειν
1064 504 1133 564 ὡς
1171 506 1443 576 φρονοῦσι,
1475 505 1561 558 καί
1595 502 1856 579 κηρύττειν

1963 515 2121 570 quam
2155 502 2242 571 pie
2266 503 2534 571 sapientes
2579 502 2774 559 docere
2809 502 2949 559 sicut
2977 504 3233 568 sentiunt,
3261 512 3315 561 et
3341 504 3541 575 praedi-

264 598 317 654 ἐν
342 599 604 671 παρρησίᾳ
634 598 692 651 τὸ
718 596 830 651 καθ’
858 596 1071 655 ἕαυτούς
1102 595 1455 669 ἐπιτρέπονται
1488 592 1651 667 δόγμα
1669 634 1683 655 ,
1713 592 1858 651 δῆλον

263 689 346 745 ὅτι
370 676 713 763 κατέγνωσται
741 688 766 743 ὁ
795 696 885 749 τῆς
914 687 1179 746 induciae
1205 686 1348 760 λόγος
1371 726 1384 749 ,
1420 688 1488 747 ὡς
1507 694 1600 747 τῆς
1629 685 1860 745 ἀληθείας

265 780 394 855 παρ’
420 782 594 842 αὐτοῖς
621 776 802 839 οὔσης.
837 781 933 833 Δύο
972 780 1075 857 γὸερ
1105 779 1363 838 ἐναντίους
1403 778 1611 851 λόγους,
1657 778 1859 837 ἀληθεῖς

266 868 395 925 εἶναι
420 875 540 946 περί
566 877 659 926 τοῦ
690 872 847 925 αὐτοῦ
876 875 1206 946 πράγματος,
1236 872 1383 941 φύσιν
1421 872 1506 923 οὐκ
1533 867 1668 939 ἔχει,
1711 872 1859 941 φησίν

267 963 296 1018 ὃ
325 966 487 1037 μέγας
513 967 809 1041 Γρηγόριος.
832 962 1033 1022 Ἐπειδὴ
1062 959 1150 1018 οὖν
1170 965 1224 1017 ix
1246 964 1437 1024 ταύτης
1458 969 1549 1023 τῆς
1570 964 1758 1028 αἰτίας,
1786 965 1860 1023 εἰς

267 1056 483 1117 πολλούς
510 1054 677 1117 οἴκους
696 1064 794 1111 τῶν
817 1058 865 1110 ίν
893 1058 1135 1133 ὑπεροχῇ
1159 1052 1314 1110 ὄντων
1338 1054 1666 1117 εἰσδύνοντες,
1692 1052 1861 1110 ἆτοπὰ

266 1168 381 1203 τινα
426 1146 845 1223 διαπράττονται,
896 1149 1366 1221 αἰχμαλωτίζοντες
1404 1150 1705 1220 γυναικάριά
1750 1169 1861 1203 τινα

265 1240 634 1313 σεσωρευμένα
660 1236 962 1312 ἁμαρτίαις,
996 1239 1219 1311 ἀγόμενα
1253 1239 1542 1310 ίπιθυμίαις
1580 1238 1857 1299 ποικίλαις,

263 1329 485 1385 πάντοτε
524 1331 867 1401 μανθάνοντα,
913 1336 998 1385 καί
1040 1329 1290 1403 μηδέποτε
1330 1334 1399 1391 εις
1441 1334 1708 1407 ίπθνωσιν
1742 1332 1861 1391 tilu-

262 1426 403 1484 Θείας
430 1425 582 1478 ἐλθεῖν
609 1423 880 1496 δυνάμενα,
910 1426 1032 1480 ἀλλὰ
1054 1432 1152 1499 μὴν
1172 1430 1253 1480 καί
1275 1429 1324 1481 δν
1348 1430 1517 1488 αὐτοῖς
1539 1436 1651 1489 τοῖς
1680 1428 1861 1484 ἰδιωτι-

264 1522 377 1575 κοῖς
404 1512 573 1579 οἴκοις,
598 1520 681 1569 καί
711 1518 758 1568 ἐν
796 1521 1123 1590 προαστείοις
1151 1523 1487 1593 θυσιαστήρια
1504 1560 1517 1583 ,
1560 1522 1645 1574 καί
1674 1521 1861 1590 βαπτι-

266 1612 459 1683 στήρια
497 1611 868 1685 ἀντεγείροντες
908 1619 981 1683 τῷ
1020 1612 1229 1684 ἀληθινῷ
1275 1616 1621 1690 θυσιαστηρίῳ
1670 1618 1754 1669 καί
1799 1623 1861 1689 τῇ

263 1697 389 1772 ἁγίᾳ
430 1700 787 1775 κολυμϐήθρᾳ,
820 1704 1023 1758 πάντων
1069 1703 1197 1775 ὁμοῦ
1244 1706 1616 1781 κατεφρόνησαν
1656 1705 1741 1761 διὰ
1768 1712 1859 1765 τήν

263 1788 638 1861 ἆπονεμομένην
679 1795 849 1854 αὐτοῖς
886 1798 1240 1866 προστασίαν,
1294 1799 1439 1870 παρὰ
1482 1805 1583 1853 τῶν
1631 1795 1744 1853 ἴντε
1786 1806 1861 1872 τῷ

1962 610 2090 650 care
2116 610 2236 653 cum
2278 596 2469 652 iiducia
2513 597 2703 667 dogma
2747 611 2900 653 suum
2933 600 3336 667 permittuntur,
3370 599 3544 654 mani-

1962 690 2155 746 festum
2183 702 2266 746 est
2294 692 2436 761 quod
2474 692 2800 760 reprehensa
2829 701 2912 747 est
2942 693 3194 751 Ecclesia:
3230 694 3388 761 ratio,
3419 707 3542 749 cum

1963 785 2101 853 apud
2132 800 2224 839 cos
2255 787 2450 840 veritas
2493 786 2580 840 sit.
2626 785 2755 840 Nam
2787 785 2921 841 duas
2948 787 3247 842 contrarias
3275 786 3548 841 orationes

1965 894 2121 937 veras
2149 894 2271 935 esse
2298 880 2366 934 de
2416 880 2601 934 eadem
2634 896 2692 934 re
2720 890 2907 937 natura
2940 896 3046 934 nou
3079 880 3262 946 habet,
3292 888 3351 936 ut
3376 880 3551 949 inquit

1966 984 2189 1039 tuagnus
2222 968 2532 1038 Gregorius.
2562 969 2821 1036 Quoniam
2867 972 3026 1041 igitur
3061 986 3129 1026 ex
3173 971 3271 1025 hac
3299 983 3460 1025 causa
3493 970 3545 1022 in

1964 1063 2159 1115 inuitas
2183 1062 2372 1115 domus
2393 1076 2577 1116 eorum
2608 1063 2696 1132 qui
2737 1064 2788 1116 in
2812 1064 3124 1118 excellentia
3158 1071 3285 1116 sunt
3323 1061 3546 1126 intrant,

1962 1166 2018 1209 et
2062 1156 2359 1209 indecentia
2402 1155 2620 1221 faciunt,
2654 1156 2984 1224 captivantes
3016 1156 3356 1212 mulierculas
3384 1169 3549 1225 quas-

1965 1249 2088 1302 dam
2129 1248 2364 1317 peccatis
2394 1248 2739 1311 coacervatis,
2767 1263 2885 1317 quas
2914 1249 3075 1302 variis
3103 1250 3373 1303 ducuntur
3402 1247 3548 1303 desi.

1965 1341 2148 1403 tieriis,
2192 1349 2247 1394 et
2276 1355 2489 1409 semper
2517 1338 2816 1403 addiscunt,
2853 1346 2906 1393 et
2950 1354 3217 1409 nunquam
3258 1339 3323 1393 ad
3364 1339 3548 1408 cogni-

1965 1434 2160 1489 tiooem
2210 1432 2451 1487 veritatis
2496 1432 2683 1486 venire
2731 1438 2955 1501 possunt
2998 1447 3010 1482 :
3053 1446 3236 1484 verum
3282 1430 3442 1484 etiam
3494 1429 3548 1486 in

1967 1525 2197 1594 propriis
2226 1525 2474 1579 domibus
2515 1534 2568 1579 et
2603 1524 2874 1579 suburhiis
2917 1524 3103 1577 altaria
3139 1532 3195 1578 et
3233 1521 3548 1592 baptisteria

1964 1620 2173 1687 erigont
2203 1620 2253 1673 in
2285 1618 2589 1693 oppositum
2622 1618 2731 1673 veri
2779 1616 2961 1680 altaris
2995 1625 3047 1671 et
3076 1616 3242 1671 sancti
3274 1616 3454 1680 fontis,
3494 1623 3550 1671 et

1964 1714 2140 1767 omnia
2189 1712 2344 1767 simul
2394 1721 2832 1779 contempsu'rnnt
2874 1720 3094 1783 propter
3122 1711 3436 1766 attributum
3466 1710 3547 1769 eis

1967 1809 2316 1878 patrocinium
2356 1808 2422 1861 ab
2461 1807 2545 1862 bis
2598 1808 2688 1878 qui
2732 1808 2784 1861 in
2821 1808 2983 1861 domo
3020 1804 3229 1860 Domini
3276 1816 3331 1861 et
3369 1806 3549 1875 aliquo

260 1876 554 1955 δεσποτικῷ
575 1881 709 1953 οἴκῳ,
729 1887 932 1939 καὶτῶν
956 1882 1085 1957 ἄλλῳ
1107 1887 1281 1961 τρόπῳ
1300 1890 1397 1942 τινί
1418 1886 1850 1951 δυναστευόντων,

1962 1876 2063 1957 alio
2088 1903 2245 1956 modo
2278 1909 2521 1969 potentes
2551 1876 2705 1966 sunt;
2738 1900 2903 1955 nolite
2932 1900 3062 1969 pati,
3091 1899 3407 1967 beatissimi,
3439 1913 3546 1955 non

259 1975 335 2043 μή
363 1972 687 2045 ὑπομείνητθ,
714 1979 1087 2049 μακαριώτατοι
1104 2019 1116 2039 ,
1154 1985 1222 2048 μὴ
1246 1982 1548 2047 χρήσασθαι
1571 1987 1633 2053 τῇ
1658 1984 1856 2038 συνήθει

260 2064 539 2139 παρρησίᾳ
566 2070 639 2126 εἰς
668 2064 936 2141 διόρθωσιν
956 2074 1046 2122 τοῦ
1073 2070 1323 2123 τοσούτου
1352 2075 1529 2134 κακοῦ,
1552 2070 1654 2124 ἀλλ’
1678 2074 1854 2147 ὥσπερ

258 2157 324 2211 τὸ
348 2158 597 2233 πρότερον
637 2157 723 2215 in!
748 2161 955 2230 ’Δνθίμῳ
987 2159 1307 2221 διανίστητε,
1338 2168 1424 2219 καί
1465 2166 1547 2218 τὸν
1592 2164 1674 2219 διὰ
1699 2163 1855 2240 δορᾶς

260 2250 529 2325 προϐάτου
575 2253 919 2329 περικαλύψαι
958 2255 1045 2309 τὸν
1096 2255 1241 2337 λύκον
1282 2258 1721 2333 ἂπιχειρήσαντα,
1771 2261 1857 2313 καί

262 2342 552 2418 ὑπερϐῆναι
590 2350 681 2402 τὴν
720 2346 877 2421 θύραν
923 2353 1021 2400 τῶν
1058 2347 1475 2404 ἑαλησιαστικῶν
1505 2352 1731 2421 θεσμῶν,
1773 2353 1853 2406 καί

260 2438 513 2506 κανόνων,
557 2440 637 2491 καί
678 2439 959 2515 λῃστρικῶς
1008 2442 1256 2496 ἐπιϐάντα
1299 2451 1392 2503 τῆς
1437 2451 1536 2497 τῶν
1580 2446 1855 2518 προϐάτων

259 2526 490 2605 μάνδρας
519 2532 979 2603 ἀπογυμνώσαντες
1016 2541 1106 2592 τῆς
1144 2530 1296 2607 δορᾶς
1343 2536 1412 2605 ἐφ’
1448 2535 1625 2590 ἑαυτὸν
1663 2535 1855 2591 ἐπεδεί-

256 2623 381 2687 ξατε
404 2664 419 2689 ,
451 2624 631 2697 saepe
673 2646 773 2680 που
800 2634 891 2685 τῆς
928 2624 1150 2701 μάνδραις
1189 2628 1532 2688 ἀπελάσαντες
1556 2643 1568 2657 ’
1612 2630 1747 2686 οὕτω
1773 2636 1855 2687 καί

256 2717 349 2766 νῦν
378 2714 827 2789 ίπαγρυπνήσατε,
853 2720 939 2770 καί
963 2716 1193 2782 ἃιδάξατε
1220 2719 1302 2774 τὸν
1322 2722 1688 2777 εὐσεϐέστατον
1710 2727 1853 2794 ἡμῶν

258 2804 494 2875 βασιλέα,
526 2805 604 2862 ὅτι
639 2806 778 2862 ούδίν
800 2807 977 2883 κίρδος
1002 2810 1157 2879 αὐτῷ,
1189 2813 1312 2864 καθά
1337 2832 1485 2883 φησιν
1514 2812 1537 2866 ὁ
1566 2814 1697 2873 θεῖος
1723 2825 1851 2888 Γρη-

257 2896 451 2971 γόριος,
483 2907 574 2959 τῆς
600 2898 776 2959 λοιπῆς
795 2901 951 2954 αὐτοῦ
980 2902 1099 2975 περί
1119 2901 1209 2959 τὰς
1236 2902 1501 2961 ἐκκλησίνς
1524 2901 1775 2963 σπουδῆς.
1809 2909 1855 2963 εἰ

258 2990 321 3044 τὸ
338 2996 560 3046 τοιοῦτον
575 2992 725 3046 κακὸν
747 2993 829 3047 ἐπί
848 2994 1136 3067 καθαιρέσει
1152 3002 1242 3053 τῆς
1257 2994 1584 3066 ὑγιαινούσης
1605 2995 1853 3060 πίστεως,

260 3078 347 3137 διὰ
370 3090 461 3142 τῆς
482 3084 775 3159 παρρησίας
798 3085 962 3139 αὐτῶν
983 3086 1303 3154 κατισχύσοι
1319 3123 1333 3147 ,
1362 3087 1441 3139 καί
1463 3087 1853 3158 συγχωρηθεῖεν

258 3170 344 3230 ἔτι
371 3171 511 3229 οὗτοι
532 3176 659 3249 πρὸς
689 3173 958 3250 διαφθορὰν
984 3183 1077 3235 τῆς
1106 3175 1371 3236 ίκκλησίας
1425 3173 1721 3247 ἐμφωλιύειν
1742 3185 1853 3237 τοῖς

1962 1995 2035 2048 uti
2068 1994 2219 2047 solita
2254 1993 2442 2047 ﬁducia
2494 1992 2559 2045 ad
2611 1992 3012 2046 reformandum
3055 2001 3259 2046 tantum
3292 1991 3493 2047 malum
3530 2008 3544 2045 :

1960 2085 2054 2139 sed
2104 2086 2241 2139 sicut
2286 2085 2433 2151 prius
2471 2091 2657 2137 contra
2703 2083 3016 2138 Anthimum
3061 2082 3453 2147 iusurrexlstis,
3495 2090 3552 2137 et

1962 2177 2147 2245 lupum
2180 2176 2267 2242 qui
2297 2175 2593 2230 conabatur
2623 2175 2887 2244 cooperirl
2935 2190 3033 2245 per
3081 2174 3275 2243 pellem
3316 2174 3454 2236 ovis.
3497 2181 3552 2228 et

1960 2268 2343 2323 transcendere
2376 2267 2573 2322 ostium
2606 2268 3093 2323 ecclesiasticorum
3126 2266 3398 2330 ordinum,
3428 2280 3550 2320 sanv

1959 2362 2197 2417 ctionum
2227 2373 2280 2415 et
2324 2374 2611 2423 canonum,
2643 2368 2699 2416 et
2726 2359 2815 2430 qui
2848 2358 3230 2414 latrocinanter
3273 2358 3548 2415 mandsam

1958 2455 2139 2508 ovium
2170 2453 2599 2517 transcenderat,
2645 2452 2787 2521 pelle
2815 2451 3150 2519 denudastis,
3181 2462 3233 2505 et
3264 2450 3553 2519 ipsummet

1960 2544 2393 2605 demonstrastis.
2430 2557 2493 2597 ae
2524 2542 2713 2612 procul
2743 2556 2773 2595 a
2805 2540 3025 2598 mandra
3050 2540 3331 2609 expulistis
3357 2540 3474 2594 :.sic
3498 2550 3555 2594 et

1960 2650 2103 2690 nunc
2126 2635 2318 2690 iterum
2346 2633 2582 2704 vigilate,
2610 2640 2667 2688 et
2688 2633 2955 2689 ostendite
2978 2634 3219 2703 piissimo
3241 2634 3552 2702 imperatori

1962 2735 2146 2783 nostro
2175 2726 2315 2797 quod
2344 2727 2549 2781 nullum
2587 2725 2793 2781 lucrum
2825 2727 2872 2780 ei
2900 2726 3005 2781 erit
3030 2726 3115 2795 (ut
3142 2725 3310 2795 inquit
3337 2725 3552 2780 divinus

1961 2819 2275 2888 Gregorius)
2320 2818 2499 2873 studio
2526 2818 2734 2888 reliquo
2760 2833 2859 2873 suo
2887 2818 3028 2873 circa
3060 2818 3353 2885 Ecclesiae,
3377 2819 3421 2873 si
3451 2818 3555 2874 tale

1963 2910 2162 2964 malum
2214 2910 2267 2964 in
2320 2910 2737 2965 destructionem
2783 2926 2928 2964 sana:
2984 2910 3108 2966 lidei
3171 2926 3263 2977 per
3313 2911 3553 2981 ipsorum

1963 3000 2211 3055 ﬁduciam
2257 3000 2589 3069 praevalebit,
2629 3008 2684 3053 et
2731 3003 3107 3067 permittentur
3150 3000 3324 3055 adhuc
3359 2999 3445 3055 isti
3483 2999 3550 3053 ad

1961 3091 2362 3161 corruptionem
2396 3089 2651 3146 Ecclesia:
2682 3088 2961 3145 nidiiicare
3004 3088 3058 3143 in
3087 3088 3337 3145 domibus
3365 3088 3553 3143 domi-

1964 3199 2175 3245 norum,
2209 3192 2264 3237 et
2290 3184 2341 3235 in
2370 3180 2624 3250 propriis,
2654 3190 2708 3234 et
2748 3180 2928 3249 iniqua
2959 3179 3011 3234 in
3037 3178 3166 3249 ipsis
3198 3178 3395 3236 facere.
3425 3177 3553 3236 Hoc

261 3264 583 3328 δεσποτικαῖς
618 3272 701 3325 καί
732 3267 1004 3332 ἰδιωτικοῖς
1030 3267 1201 3336 οἴκοις,
1232 3273 1315 3323 καί
1340 3272 1404 3325 τὰ
1435 3268 1631 3341 ἄθεσμα
1658 3273 1705 3325 ἄν
1732 3275 1853 3329 τού-

1966 3271 2177 3343 quidem
2214 3271 2473 3325 duntaxat
2527 3278 2833 3337 portamus,
2884 3269 3008 3325 licet
3043 3268 3409 3332 incredibilia.
3439 3277 3555 3327 sta

260 3379 369 3423 τοις
401 3361 666 3434 πράττειν.
700 3364 805 3416 Καί
830 3367 1001 3417 ταῦτα
1024 3363 1113 3431 μίν
1132 3363 1259 3422 τίως
1280 3364 1510 3436 φέρομεν,
1549 3365 1730 3439 καίπερ
1756 3364 1856 3417 sua

257 3456 361 3509 τῶν
391 3447 563 3509 δεινῶν
594 3451 1093 3523 κατακαμπτὸμενοι,
1127 3455 1173 3506 εί
1201 3455 1285 3505 καί
1313 3454 1621 3512 ἀνύποιστα.
1650 3454 1858 3516 liuida;

259 3538 477 3612 ἔχοντες
506 3545 580 3604 είς
616 3544 703 3598 τὸν
730 3543 1076 3617 φιλάνθρωπον
1103 3544 1223 3598 Θεὸν
1253 3544 1337 3598 τὸν
1372 3552 1526 3617 καιρῷ
1554 3546 1732 3614 εὺοίτω
1766 3552 1857 3604 τήν

256 3633 510 3711 ύιιετίραν
536 3640 828 3708 παρουσίαν
853 3639 969 3707 ἡμῖν
992 3635 1343 3701 ἆναδείξλντα,
1376 3635 1453 3691 ὅτι
1470 3640 1647 3715 ὥσπερ
1674 3640 1856 3715 Πέτρον

257 3727 351 3787 τὸν
375 3729 553 3799 μέγαν,
582 3729 669 3783 τὸν
697 3736 798 3783 τῶν
818 3726 1138 3785 ’Δποστόλων
1161 3736 1446 3803 κορυφαῖον,
1481 3736 1588 3789 τοῖς
1616 3731 1668 3783 is
1696 3734 1856 3802 Ῥώμῃ

250 3819 349 3876 ἐπὶ
380 3821 671 3896 κιθαρίσει
692 3826 787 3880 τίς
814 3821 1027 3891 Σίμωνος
1052 3821 1290 3891 γοητείας
1318 3818 1682 3882 ammon,
1724 3820 1856 3875 οὕτω

258 3911 347 3971 κδ
381 3910 520 3980 ὑμᾶς
547 3910 910 3975 ﬂuensaut
938 3910 1023 3967 ἰαί
1052 3911 1333 3984 καθαιρέσει
1356 3912 1442 3964 καί
1470 3909 1741 3975 ἀποδιώξει
1767 3919 1859 3972 τίς

256 4000 515 4077 δίθυρον,
540 4008 629 4062 καὶ
665 4007 854 4079 Βότρου
874 4044 886 4066 .
919 4008 1003 4061 καί
1032 4002 1237 4078 Ζωόρα,
1278 4011 1361 4061 καί
1398 4010 1463 4063 τὰ
1506 4006 1657 4078 ὅμοια
1685 4011 1860 4073 αὐτοῖς

257 4100 600 4172 φρονούντων,
643 4103 728 4156 καί
765 4103 1034 4161 παντοίαις
1073 4101 1483 4171 περιθαλπόντων
1516 4112 1689 4174 τιμαῖς
1730 4107 1861 4181 πρὸς

259 4187 467 4257 iunias
494 4195 665 4256 θεοῦ,
702 4190 1026 4265 βλασφημίας
1050 4209 1103 4247 τε
1135 4194 1217 4246 καί
1248 4192 1615 4268 ὑπερηφανίας,
1646 4194 1860 4267 δύναμιν

262 4279 387 4351 ὑμῖν
416 4281 789 4355 ίκιχορητήσει
806 4321 822 4349 ,
850 4284 1301 4352 συνεπισχύοντος
1324 4285 1442 4356 ύμῖν
1462 4289 1541 4340 καί
1568 4293 1659 4342 τοῦ
1680 4308 1862 4343 πιστοο

260 4374 439 4438 τάτου,
462 4377 549 4429 καί
568 4375 906 4446 θεοφυλὸικτου
934 4378 1074 4446 ὐμῶν
1097 4376 1370 4444 βασιλέως.
1396 4380 1609 4439 τούτους
1631 4380 1861 4443 ἐξελάσαι

259 4465 435 4528 πάσης
465 4462 565 4529 ἷξε)
591 4466 864 4528 ἐκκλησίας
886 4506 901 4531 .
939 4470 1025 4525 καί
1063 4468 1286 4531 πόλεως,
1320 4472 1387 4529 ὡς
1414 4472 1714 4531 ίπιϐούλους
1734 4516 1745 4537 ,
1775 4478 1861 4529 καὶ

258 4554 513 4625 λυμεῶνας
559 4559 614 4613 οὐ
638 4557 787 4626 μόνον
824 4565 923 4617 τῶν
963 4558 1257 4629 ἁγιωτάτων
1291 4560 1591 4623 ἐκκλησιῶν,
1624 4563 1746 4618 ἀλλὰ
1775 4568 1859 4619 καί

1960 3368 2092 3422 diris
2118 3367 2392 3427 doloribus
2424 3366 2709 3431 incurvati,
2746 3382 2898 3436 spem
2932 3366 3192 3424 habentes
3222 3368 3288 3423 ad
3317 3367 3557 3423 ciemen-

1962 3458 2226 3512 tissimum
2276 3458 2465 3521 Deum,
2500 3458 2588 3524 qui
2620 3458 2672 3512 in
2708 3467 2950 3525 tempore
2990 3468 3293 3529 opportuno
3317 3466 3555 3519 vestrum

1959 3548 2246 3602 adventum
2269 3546 2424 3607 nobis
2446 3546 2701 3612 ostendit,
2726 3548 2867 3617 quod
2898 3546 3037 3604 sicut
3063 3547 3280 3604 Petrum
3304 3564 3554 3621 magnum

1959 3641 2321 3709 apostolorum
2363 3639 2661 3710 principem
2694 3640 2775 3695 his
2800 3640 2892 3712 qui
2918 3641 3101 3699 liomte
3130 3650 3283 3697 erant
3312 3642 3364 3697 in
3390 3641 3557 3711 depo-

1958 3730 2210 3785 sitionem
2240 3730 2632 3801 praestigiarum
2671 3730 2906 3787 Simonis
2936 3730 3145 3789 Goetici
3176 3732 3323 3789 misit
3354 3750 3367 3786 :
3396 3733 3474 3788 sic
3500 3741 3557 3789 et

1963 3837 2059 3879 vos
2098 3822 2240 3881 misit
2287 3823 2340 3881 in
2381 3821 2775 3893 dopositionem
2825 3832 2881 3879 et
2928 3822 3301 3891 expuisiouem
3345 3823 3553 3888 Severi,

1962 3915 2128 3979 Petri.
2156 3924 2208 3970 et
2240 3914 2445 3980 Zoare,
2475 3925 2529 3971 et
2564 3928 2753 3973 eorum
2782 3914 2875 3984 qui
2907 3914 3104 3971 similia
3131 3915 3213 3973 eis
3239 3915 3471 3986 sapiunt.
3500 3922 3559 3971 et

1959 4010 2051 4075 qui
2082 4007 2387 4077 omnigenis
2414 4005 2711 4065 honoribus
2734 4005 3193 4063 circumioventur
3228 4008 3295 4062 ad
3324 4007 3557 4067 inhone-

1962 4098 2228 4157 rationem
2276 4097 2404 4167 Dei,
2458 4097 2933 4168 biaaphemiasque
2977 4112 3041 4155 ac
3078 4098 3373 4164 elationes;
3408 4097 3557 4153 dabit

1964 4189 2115 4243 vobis
2142 4197 2482 4256 potestatem,
2515 4190 2879 4259 coopitulaute
2912 4190 3065 4244 vobis
3092 4187 3335 4258 piissimo
3362 4200 3415 4243 et
3442 4188 3555 4244 Deo

1961 4281 2231 4337 custodito
2262 4281 2587 4349 imperatore
2613 4288 2822 4346 nostro,
2858 4282 2988 4337 istos
3014 4279 3287 4349 expellere
3309 4279 3378 4336 de
3404 4281 3555 4339 omni

1962 4373 2203 4429 Ecclesia
2237 4383 2491 4441 tanquam
2528 4372 2873 4430 insidiatores
2908 4380 2964 4427 et
3000 4372 3288 4429 violatores
3327 4386 3432 4430 non
3463 4388 3554 4430 ao-

1962 4468 2069 4522 lum
2089 4466 2553 4523 sanetissimarum
2568 4465 2955 4534 Ecclesiarum,
2973 4466 3066 4523 sed
3084 4475 3136 4521 et
3157 4466 3357 4537 politiae
3376 4466 3551 4525 istius.

1962 4558 2095 4615 Nam
2118 4573 2240 4615 cum
2270 4557 2370 4615 bos
2393 4558 2461 4614 ad
2491 4573 2643 4617 suam
2674 4558 2930 4616 malitiam
2953 4558 3327 4617 convenientia
3350 4573 3553 4629 organa

259 4656 353 4711 sic
379 4649 851 4711 πολιτείας-ταύτης
898 4651 1024 4727 Πρὸς
1044 4654 1144 4727 γὰρ
1172 4657 1261 4711 τήν
1296 4653 1450 4709 αύτοῦ
1481 4657 1653 4711 κακίαν
1680 4656 1856 4716 irrit-ri-

1962 4650 2242 4709 insidiator
2289 4651 2414 4708 boni
2468 4651 2788 4714 invenisset.
2836 4658 3006 4707 totum
3054 4650 3241 4709 orbem
3292 4660 3554 4707 terrarum

258 4737 371 4799 δεια
392 4734 581 4817 ὄργανα
600 4742 760 4816 εύρών
780 4744 996 4804 τούτους
1019 4742 1357 4814 ὁμισόκαλος,
1380 4750 1553 4801 nia-xv
1574 4748 1859 4803 ἀνάστατον

259 4832 503 4890 πεποίηκε
530 4836 621 4891 τήν
646 4834 956 4902 οἰκουμένην,
979 4837 1067 4890 καί
1093 4835 1306 4905 εἵμασιν
1347 4837 1483 4905 ιγίων
1509 4842 1596 4895 τήν
1623 4845 1714 4910 γῆν
1736 4861 1855 4896 κατ·

260 4920 468 4989 εμὸλυνε
488 4962 500 4983 ,
534 4926 616 4979 καί
647 4924 817 4987 πόλεις
846 4933 1096 4997 σφαγαῖς,
1126 4929 1210 4983 καί
1246 4928 1475 5001 θορύϐοις
1503 4933 1855 5008 συνετάραξεν.

256 5013 551 5077 ἐξελὰσατε
580 5009 665 5075 .ῒύ
696 5017 942 5080 τούτους,
975 5011 1031 5073 εὖ
1077 5013 1244 5089 ὦμεν,
1272 5022 1317 5075 si
1356 5020 1441 5074 τὸν
1482 5021 1855 5079 εὐσεϐίστατον

260 5109 402 5177 ἡμῖν
434 5109 678 5176 βασιλέα,
722 5114 805 5171 καί
834 5114 953 5173 τοὺς
984 5113 1163 5171 τούτου
1193 5112 1556 5190 φιλοχρίστους
1592 5113 1854 5188 ἄρχοντας

258 5196 515 5263 διδάξητε.
548 5203 611 5260 ὡς
641 5208 930 5261 κοινωνοῦσι
957 5210 1027 5269 τῷ
1059 5203 1333 5271 ἀναθεματι
1397 5206 1446 5259 iv
1470 5206 1615 5274 ,υίσῳ
1639 5205 1855 5275 ἔχοντες

258 5290 319 5346 τὸ
346 5289 589 5359 ἀνάθεμα,
620 5290 793 5368 ὥσπερ
837 5288 1099 5356 ἀπέδειξεν
1143 5293 1261 5363 ύμῖν
1288 5292 1320 5351 ὖ
1345 5298 1533 5355 παλαιὰ
1573 5306 1742 5373 γραφή
1772 5303 1856 5358 isi

256 5378 459 5458 Ἄχαρ,
483 5385 568 5436 καί
595 5383 851 5447 Ὶωνάιθαν,
883 5386 1001 5449 τούς
1031 5385 1084 5439 ἄν
1114 5388 1317 5456 γνώσει,
1351 5390 1433 5443 καί
1472 5393 1702 5466 ἀγνωσία
1728 5398 1850 5451 ὐετο-

256 5478 513 5539 πεσόντας
540 5485 615 5549 τῷ
644 5477 945 5546 ἀναθέματι,
979 5481 1063 5533 καί
1089 5486 1254 5539 ταῦτα
1287 5488 1385 5536 τῶν
1428 5482 1854 5545 κινδυνευσάντων

260 5570 637 5625 συναπολέσθαι
684 5571 909 5635 τούτοις,
941 5571 1254 5639 ἀγνοούντων
1300 5573 1376 5631 ὅτι
1420 5576 1469 5633 ἄν
1508 5579 1649 5649 μέσῳ
1691 5583 1854 5637 αὐτῶν

259 5660 315 5722 ἦν
344 5664 404 5718 τὸ
433 5664 677 5733 ἀνάθεμα.
728 5665 1071 5733 Ὑπομνήσητε
1114 5665 1173 5720 τὸ
1212 5667 1428 5735 φιλόθεον
1455 5672 1616 5729 αὐτοῦ
1646 5677 1849 5745 κράτος,

259 5763 608 5828 προσαγαγεῖν
654 5763 727 5827 τῷ
769 5762 901 5828 Θεῷ,
945 5758 1031 5817 καί
1072 5758 1191 5819 τούς
1228 5758 1531 5833 παράύτῶν
1565 5772 1658 5825 τῆς
1703 5769 1852 5841 ὀρθῆς

258 5848 592 5918 ἀπαχθέντας
612 5852 859 5921 πίστεως,
879 5849 908 5909 ἢ
930 5858 1085 5907 τοῦτο
1108 5857 1176 5923 μὴ
1192 5852 1553 5922 ἁνεχομίνους,
1576 5862 1698 5917 τοὺς
1720 5864 1849 5917 κατὰ

1962 4752 2291 4801 commotum
2325 4743 2469 4809 iecit,
2500 4755 2551 4801 et
2579 4755 2885 4801 sanctorum
2909 4742 3170 4814 sanguine
3197 4753 3391 4801 terram
3419 4757 3553 4799 con-

1965 4836 2263 4900 taminavit,
2294 4847 2348 4893 et
2385 4836 2632 4895 civitates
2676 4834 3102 4905 jugulationibus
3143 4843 3197 4889 et
3239 4833 3554 4891 tumultibus

1962 4928 2320 4985 conturbavit.
2352 4928 2619 4999 Expeilute
2662 4929 2823 4997 igitur
2865 4927 3020 4985 istos.
3063 4926 3273 4983 Scimus
3316 4927 3473 4991 bene,
3506 4925 3553 4983 si

1965 5019 2267 5090 piissimum
2314 5018 2693 5089 imperatorem
2737 5029 2982 5075 nostrum
3018 5027 3074 5074 et
3116 5018 3286 5088 ipsius
3337 5015 3555 5079 Christo

1963 5111 2224 5167 amabiles
2261 5112 2530 5181 principes
2576 5112 2929 5181 informastis,
2971 5112 3115 5182 quod
3154 5112 3557 5173 communicant

1962 5203 2332 5267 anathemati,
2384 5202 2437 5258 in
2492 5204 2669 5259 medio
2720 5204 2977 5263 habentes
3022 5205 3305 5265 anathema
3352 5222 3366 5261 :
3414 5206 3553 5261 sicut

1964 5295 2200 5351 ostendit
2246 5294 2400 5353 nobis
2442 5298 2659 5367 antiqua
2703 5296 2979 5365 Scriptura
3012 5300 3064 5359 in
3098 5300 3275 5357 Achar
3306 5308 3361 5357 et
3389 5298 3550 5355 Jona-

1966 5388 2090 5445 thau
2119 5385 2304 5458 (Iosue
2327 5404 2430 5457 vn;
2462 5387 2489 5442 I
2515 5389 2644 5460 Reg.
2678 5393 2814 5459 xiv),
2839 5391 2931 5461 qui
2961 5390 3199 5448 scienter
3223 5402 3275 5447 ct
3302 5392 3550 5463 ignoran-

1966 5487 2047 5535 ter
2086 5480 2388 5537 inciderunt
2426 5483 2481 5537 in
2517 5483 2801 5541 anathema
2848 5502 2861 5538 :
2898 5494 2951 5541 et
3002 5484 3117 5543 hac
3154 5485 3449 5555 ignorando
3494 5485 3548 5539 in

1964 5573 2199 5641 periculo
2251 5572 2467 5630 inerunt
2514 5576 2689 5645 perire
2721 5591 2843 5633 cum
2872 5578 2972 5644 eis,
3003 5577 3252 5649 quoniam
3287 5576 3340 5630 iu
3371 5577 3548 5633 medio

1959 5682 2147 5723 eorum
2200 5667 2296 5723 fuit
2337 5670 2646 5727 anathema.
2681 5671 2749 5725 Et
2790 5672 2835 5726 si
2874 5670 3341 5727 commemorastis
3378 5685 3406 5723 a
3448 5686 3547 5728 suo

1961 5759 2073 5815 Deo
2097 5769 2277 5819 amato
2307 5771 2465 5830 atque
2496 5761 2696 5818 dilecto
2733 5762 2964 5832 imperio
3008 5764 3278 5819 adducere
3312 5764 3425 5819 Deo
3452 5779 3547 5820 eos

1959 5857 2049 5922 qui
2080 5853 2147 5909 ab
2173 5856 2301 5925 ipsis
2327 5869 2359 5910 a
2382 5866 2526 5911 recta
2559 5855 2662 5913 tide
2690 5856 2902 5913 abducti
2932 5867 3055 5915 sunt
3079 5876 3094 5915 :
3118 5868 3212 5917 aut
3240 5862 3283 5917 si
3311 5862 3413 5919 hoc
3438 5878 3545 5929 non
