4126 6362
613 335 686 392 55
1969 329 2267 389 AGAPETI
2309 330 2508 386 PAPJS
2551 332 2565 384 l
3823 334 3896 396 56

596 441 704 521 ’τῆς
731 457 1000 518 ἰκκλησίας
1025 455 1323 516 ἐπιϐούλους
1340 495 1354 520 ,
1397 457 1722 510 ἀπώσασθαι.
1757 463 1844 514 Ὧς
1883 453 1982 528 γάρ
2013 453 2070 506 ού
2097 449 2187 506 διί·

2307 445 2481 502 valeat
2507 445 2702 513 facere,
2739 447 3073 505 insidiatores
3104 449 3355 508 Ecclesiae
3387 451 3732 522 repellantur.
3767 453 3888 512 Non

605 551 726 606 λάθε
765 553 858 606 την
903 552 1000 608 σήν
1047 547 1430 625 μακαριότητα,
1479 550 1655 624 καίπερ
1695 553 1784 602 τοῦ
1825 547 2200 602 εὐσεϐεστάτου

605 647 747 718 ἡμῶν
777 645 1028 716 βασιλέως
1071 647 1432 710 κελεύσαντος,
1474 650 1599 717 μήτε
1641 646 2035 720 παρασυνάξαι,
2073 649 2198 717 μήτε

602 738 1036 814 παραϐαπτίσαι,
1069 737 1270 812 Ζωὸρας
1305 734 1442 808 ὅμως
1479 743 1604 810 γοῦν
1637 745 1729 798 τῆς
1767 737 2004 796 τοιαύτης
2045 757 2202 791 κατα-

601 833 859 908 φρονήσας
879 830 1155 891 κελεύσεως
1172 829 1545 898 καᾳϐάπτισεν
1562 829 1610 882 ἰν
1630 834 1693 904 τῇ
1713 833 1806 884 τοῦ
1821 828 2016 898 πάσχα
2036 827 2201 903 ἠῷρᾳ

601 921 691 974 οὐκ
723 921 949 994 ὀλίγους,
981 921 1032 975 ἰν
1061 917 1134 981 οἷς
1175 918 1305 980 ἦσαν
1345 925 1430 976 καί
1455 918 1642 981 παῖδες
1668 927 1768 976 τῶν
1805 927 1880 993 τῷ
1913 918 2199 990 δεσποτικῷ

602 1012 1004 1086 παραμενόντων
1029 1009 1176 1085 οἴκῳ,
1224 1013 1294 1074 ὡς
1329 1013 1565 1068 κατέθετο
1593 1010 1621 1068 ὃ
1645 1012 1734 1067 ἀπ’
1770 1013 1937 1068 αύτῶν
1975 1010 2198 1074 δυνηθείς

602 1109 732 1158 Θεοῦ
756 1104 939 1180 χάριτι
964 1105 1336 1167 ἰκσπασθῆναι,
1361 1107 1444 1159 καί
1473 1107 1547 1165 εἰς
1567 1109 1657 1165 τήν
1676 1110 1768 1158 τοῦ
1787 1109 1915 1160 Θεοῦ
1938 1103 2196 1163 ἐκκλησίαν

600 1193 976 1268 ἕπαναδραμεῧλ
995 1234 1009 1256 ,
1039 1197 1126 1249 καί
1150 1195 1199 1248 ἓν
1227 1191 1393 1256 ἄλλοις
1423 1193 1477 1250 δέ
1505 1195 1704 1262 τόποις,
1736 1199 1820 1250 καί
1847 1192 1996 1257 οἴκοις
2022 1202 2122 1250 τῶν
2146 1195 2196 1249 ἐν

598 1288 842 1364 ὑπεροχῇ
866 1284 1020 1343 ὄντων
1045 1292 1112 1344 τά
1136 1290 1265 1344 αύτά
1290 1289 1485 1351 τούτοις
1508 1289 1820 1362 πὲπρακται.
1840 1286 1960 1343 Ἀλλ’
1983 1291 2030 1343 εἰ
2054 1283 2196 1344 οὗτοι

596 1381 740 1453 μόνοι
766 1386 856 1439 τήν
895 1386 985 1435 τοῦ
1019 1387 1148 1436 Θεοῦ
1181 1381 1441 1439 ἐκκλησίαν
1474 1379 1822 1450 διετάραττον,
1860 1381 1943 1434 καί
1966 1379 2191 1455 παρελύ-

595 1491 756 1535 πουν,
804 1473 1094 1543 ἐστήσαμεν
1138 1467 1200 1526 ἂν
1244 1473 1406 1549 μέχρι
1444 1474 1640 1528 τούτων
1677 1473 1762 1527 τὸν
1799 1470 2041 1543 ὀδυρμόν⁶
2087 1468 2193 1526 ἀλλ’

592 1560 769 1620 ἕπειδό
799 1565 882 1617 καί
910 1562 1012 1617 ύπὸ
1035 1570 1135 1618 τῶν
1153 1560 1439 1619 δοκούντων
1460 1564 1597 1627 ίντὸς
1621 1567 1814 1626 ταύτης
1843 1559 1988 1630 εἶναι,
2017 1566 2098 1619 καί
2118 1567 2192 1627 εἰς

592 1653 881 1728 ἀρχιερέων
910 1655 1049 1718 τάξιν
1077 1655 1259 1720 τελεῖν,
1291 1659 1543 1716 παντοίως
1572 1657 1914 1732 ίκπορθεῐται,
1935 1659 2110 1730 καιρὸς
2136 1658 2193 1711 τὸ

591 1747 688 1796 τοῦ
717 1742 922 1815 ψαλμοῦ
951 1747 1072 1819 περί
1096 1746 1263 1801 αὐτῶν
1285 1747 1466 1814 εἰπεῖν,
1492 1765 1511 1798 ε
1531 1751 1588 1802 Εἰ
1609 1747 1635 1803 ὃ
1658 1749 1841 1824 ἐχθρὸς
1859 1747 2088 1805 ὠνείδισέ
2104 1769 2190 1820 με,

2306 540 2450 595 enim
2482 541 2631 596 latuit
2663 549 2804 596 tuam
2832 541 3236 609 beatitudinem,
3263 543 3404 611 quod
3428 558 3726 612 quanquam
3758 546 3884 616 piis-

2307 633 2474 690 simus
2505 634 2793 705 imperator
2826 643 3008 690 noster
3036 635 3370 692 mandaverit
3408 653 3511 690 non
3546 639 3886 695 reconventi-

2304 726 2484 781 culare
2508 742 2680 798 neque
2707 726 3063 797 rebaptizare,
3098 727 3295 783 Zoaras
3341 738 3517 783 tamen
3551 729 3654 785 tale
3687 745 3888 799 prece—

2305 831 2455 893 ptum
2485 821 2753 891 despexit,
2781 831 2838 878 et
2865 823 3286 893 parabaptizavit
3315 823 3364 877 iu
3403 823 3436 877 d
3459 837 3491 878 e
3529 822 3748 878 Pascha:
3778 841 3886 882 non

2305 929 2504 985 paucos
2529 933 2540 970 :
2565 917 2704 972 inter
2724 932 2863 986 quos
2887 928 3044 973 erant
3067 917 3216 987 pueri
3239 931 3424 972 eorum
3450 917 3541 988 qui
3573 928 3888 986 permanent

2301 1007 2358 1064 in
2385 1008 2546 1065 domo
2577 1008 2752 1074 herili,
2785 1010 2927 1064 sicut
2955 1009 3202 1080 deposuit
3230 1008 3321 1065 ille
3346 1009 3437 1080 qui
3463 1011 3530 1063 ab
3555 1010 3688 1078 ipsis
3715 1026 3808 1079 gra
3836 1011 3886 1066 ia

2304 1100 2400 1157 Dei
2433 1102 2608 1170 potuit
2643 1101 2872 1157 evadere
2902 1111 2957 1157 et
2985 1102 3259 1172 aufugere,
3290 1111 3342 1156 et
3370 1102 3435 1156 ad
3467 1101 3509 1158 D
3544 1101 3561 1156 i
3593 1103 3795 1158 lict-tesi
3829 1119 3885 1159 ιιι

2302 1193 2550 1262 refugere
2581 1210 2594 1248 :
2629 1193 2680 1248 in
2707 1193 2934 1264 aliisque
2966 1195 3096 1250 locis
3125 1204 3179 1250 et
3207 1194 3454 1250 domibus
3484 1195 3536 1250 in
3568 1196 3884 1251 excellentia

2298 1287 2669 1354 exstantium,
2695 1287 2809 1343 haec
2828 1297 2882 1342 et
2902 1287 3098 1343 similia
3127 1287 3242 1343 istis
3268 1288 3400 1344 facta
3426 1287 3655 1343 fuerunt.
3689 1289 3883 1345 Verum

2298 1394 2513 1450 semper
2536 1380 2619 1435 isti
2642 1381 2739 1435 soli
2769 1380 2862 1436 Dei
2891 1380 3181 1437 Ecclesiam
3212 1382 3654 1450 pet-turbaverunt
3676 1394 3728 1438 et
3750 1399 3882 1439 cun-

2299 1473 2674 1539 tristaverunt;
2725 1483 2780 1528 et
2828 1488 2928 1528 nos
2976 1488 3146 1544 usque
3185 1473 3252 1527 ad
3302 1475 3434 1530 istos
3477 1475 3659 1529 ﬂetum
3701 1477 3885 1546 utique

2297 1567 2677 1622 coutinuimus.
2721 1566 2856 1623 Sed-
2878 1568 3131 1639 quoniam
3168 1577 3224 1623 ct
3260 1567 3327 1622 ab
3356 1568 3441 1622 bis
3469 1569 3558 1638 qui
3590 1569 3730 1624 intus
3756 1584 3880 1625 eam

2297 1673 2420 1716 esse
2445 1660 2716 1724 videntur,
2750 1674 2815 1716 ac
2844 1661 2896 1716 in
2923 1660 3116 1716 ordine
3148 1660 3450 1730 pontiﬁcum
3481 1661 3730 1728 existere,
3763 1677 3883 1718 om-

2297 1751 2428 1808 nino
2474 1764 2844 1825 entpugnatur,
2893 1763 3103 1824 tempus
3154 1763 3238 1809 est
3285 1755 3462 1809 dicere
3506 1753 3575 1810 de
3622 1754 3702 1810 eis
3748 1755 3881 1812 illud

588 1832 851 1904 ὑπήνεγκα
877 1829 956 1897 ὃν,
991 1839 1074 1888 καί
1099 1834 1189 1890 εἰό
1221 1844 1382 1907 μισῶν
1413 1858 1474 1909 με
1514 1839 1594 1895 ἐπ’
1623 1840 1707 1909 ἐμὲ
1730 1840 2187 1914 ἑμεγαλορρημὸνη·

2299 1847 2489 1918 psalmi
2522 1863 2537 1901 :
2569 1847 2632 1903 Si
2671 1849 2908 1903 inimicus
2951 1848 3290 1903 maledixisset
3330 1848 3483 1912 mihi,
3529 1849 3881 1903 sustinuissent

589 1943 714 1988 σεν,
763 1920 976 1998 ἐκρύῧην
1014 1920 1072 1978 ἂν
1103 1927 1192 1981 ἀπ’
1230 1929 1416 1983 αὐτοῦ·
1463 1931 1529 1982 σύ
1568 1927 1622 1985 δέ
1651 1923 1881 2003 ἄνθρωπε
1925 1929 2179 2002 ἰσόψυχε,

591 2016 792 2087 ἡγεμὼν
804 2036 904 2084 μου
928 2019 1013 2070 καί
1033 2018 1226 2090 γνωστέ
1246 2039 1371 2089 μου,
1394 2016 1448 2080 ίς
1474 2021 1560 2075 ἐπί
1579 2020 1636 2075 τὸ
1660 2021 1780 2076 αύτό
1802 2020 2075 2094 ἐγλύκανάς
2097 2042 2185 2093 μοι

591 2108 874 2184 ἐδέσματα,
903 2112 950 2164 ἐν
971 2120 1043 2186 τῷ
1071 2111 1186 2184 οἴκῳ
1208 2122 1301 2169 τοῦ
1324 2123 1452 2171 Θεοῦ
1477 2117 1818 2193 ἐπορεύθημεν
1839 2124 1886 2172 ἰν
1911 2117 2133 2194 ὁμονοίᾳ.
2161 2139 2178 2171 ε

589 2212 826 2260 Τοιοῦτοι
859 2211 1136 2279 πεφήνατιν
1165 2207 1285 2264 ἔνιοι
1326 2218 1427 2265 τῶν
1468 2210 1875 2286 ἐνδιατριϐὀντων
1917 2218 2050 2271 κατά
2097 2221 2185 2275 τήν

589 2299 837 2371 μεγάλην,
867 2303 955 2354 καί
989 2301 1260 2371 βασιλίδα,
1292 2308 1377 2358 καί
1404 2308 1610 2383 πρώτην
1638 2314 1736 2362 τῶν
1761 2309 1984 2370 πόλεων,
2026 2304 2189 2380 ὄνομα

587 2393 682 2452 μέν
709 2396 960 2466 ποιμένων
989 2394 1362 2474 ἐπιφερόμενοι,
1393 2399 1452 2452 τὸ
1492 2397 1546 2454 δέ
1581 2398 1720 2464 ὅλον,
1757 2401 1898 2456 λύκοι
1922 2401 2151 2477 ἅρπαγες
2169 2445 2184 2469 ,

589 2480 658 2540 ὧν
679 2487 905 2556 μάλιστα
932 2487 1169 2558 ὑπάρχει
1188 2485 1426 2560 ’Δνθιμος
1453 2489 1907 2565 ὁΤραπεζοῦντος,
1944 2497 2026 2547 καὶ
2053 2491 2189 2551 ἄλλοι

587 2575 753 2634 ἄλλων
777 2581 992 2635 πόλεων.
1015 2578 1180 2644 Οὗτος
1203 2583 1302 2659 ’γὰρ
1335 2587 1418 2638 καί
1447 2585 1493 2638 οἰ
1523 2583 1687 2655 ὅμοιοι
1714 2587 1882 2658 τούτῳ
1918 2588 1967 2652 ἐξ
1995 2588 2188 2663 αἱρετι-

588 2679 688 2726 κῶν
711 2671 984 2746 ’.ἀκεφάλων
1017 2670 1156 2737 ἔντες
1191 2676 1323 2752 πρὸς
1361 2677 1538 2752 μικρὸν
1563 2678 1956 2754 ὑποκρινάμενοι
1987 2689 2074 2739 τήν
2105 2681 2188 2756 ὀρ-

589 2761 816 2828 θοδοξίαν
839 2773 950 2827 ταῖς
979 2767 1268 2830 ἐκκλησίαις
1293 2770 1632 2845 εἰσίφρησαν,
1667 2772 1843 2848 ὥσπερ
1881 2774 2011 2834 τενίς
2040 2778 2192 2846 Λίγυ·

589 2859 808 2912 πτιακαί
833 2859 1083 2932 μάστιγες
1101 2897 1118 2923 ,
1158 2860 1207 2913 οἷ
1233 2881 1365 2921 τινες
1383 2900 1399 2924 ,
1428 2860 1676 2933 μηδαμῶς
1703 2869 1814 2924 ταῖς
1845 2861 1998 2924 ἰδίαις
2029 2865 2191 2924 ἔκκλη-

593 2949 732 3010 σίαες
759 2949 1001 3021 ἐθέλοντες
1023 2952 1320 3021 σχολάζειν,
1351 2959 1504 3009 τοῦτο
1526 2955 1668 3028 μόνον
1696 2955 1855 3017 καλῶς
1877 2963 2190 3033 φρονοῦντες,

587 3040 672 3097 ἶνα
698 3047 768 3114 μή
797 3046 892 3106 τὰς
923 3043 1512 3120 κατακρεθείσαςάύτοῖς
1533 3046 1902 3117 λυμαίνωνται,
1931 3050 1990 3104 τὸ
2019 3050 2192 3126 ἕτερον

589 3140 761 3195 κακῶς
787 3135 1064 3210 ίγρὸνησαν
1091 3139 1142 3191 ἐν
1175 3134 1570 3210 πλήθειξδιάγειν
1595 3141 1827 3207 τοσούτῳ
1855 3140 1904 3193 ἰν
1939 3148 2002 3211 τῇ
2035 3141 2193 3212 βασι·

2257 1981 2264 1986 .
2290 1943 2496 2010 utique;
2525 1949 2574 1994 et
2604 1940 2649 1994 si
2687 1942 2776 2007 qui
2815 1957 2894 1996 me
2925 1941 3052 2006 odit,
3083 1939 3478 2011 magniﬁcasset,
3505 1938 3879 1995 abscondimus

2291 2055 2371 2094 me
2395 2039 2570 2109 utique
2597 2038 2663 2092 ab
2691 2055 2753 2093 eo
2785 2055 2803 2093 :
2830 2048 2885 2093 tu
2923 2048 3093 2092 autem
3138 2038 3286 2091 homo
3329 2033 3595 2103 mqualt'ter
3636 2036 3876 2100 animate,

2291 2130 2400 2185 dua;
2431 2148 2569 2185 meus
2609 2141 2655 2186 et
2684 2132 2918 2204 cognitor
2954 2147 3114 2195 ηιειιε,
3145 2130 3231 2200 qui
3258 2130 3314 2184 in
3343 2129 3568 2199 idipsttm
3596 2129 3878 2184 dulcorasti

2290 2224 2418 2278 milii
2445 2240 2628 2288 escam,
2673 2225 2726 2278 in
2768 2224 2919 2278 domo
2955 2223 3050 2277 ολ
3089 2222 3458 2276 ombulavimus
3487 2238 3600 2275 cum
3632 2237 3878 2278 consensu

2291 2311 2466 2386 (Psal.
2500 2331 2607 2381 ων,
2641 2316 2728 2381 15,
2761 2315 2872 2383 14).
2906 2314 3064 2371 Tales
3109 2314 3322 2369 fuerunt
3361 2315 3598 2368 nonnulli
3635 2328 3877 2369 commo-

2294 2407 2527 2464 rantium
2566 2409 2619 2462 in
2661 2423 2849 2479 magna
2893 2418 2949 2464 et
2993 2409 3138 2480 regia
3179 2408 3314 2463 urbe
3361 2408 3532 2476 prima
3571 2408 3874 2473 civitatum,

2295 2515 2489 2555 nomen
2520 2501 2734 2570 quidem
2785 2511 3060 2570 pastorum
3109 2511 3406 2571 portantes,
3435 2503 3668 2558 totaliter
3699 2511 3874 2559 autem

2292 2594 2435 2650 sicut
2459 2593 2567 2661 lupi
2592 2609 2814 2665 rapaces
2841 2613 2853 2647 :
2878 2610 3106 2664 quorum
3133 2595 3364 2651 maxime
3387 2594 3570 2651 existit
3597 2597 3877 2652 Antliimus

2293 2685 2746 2752 Trapezuntiuus,
2787 2696 2844 2742 et
2881 2686 2970 2743 alii
3004 2688 3229 2743 aliarum
3270 2689 3564 2742 civitatum.
3605 2687 3710 2745 Iste
3734 2689 3874 2747 enim

2293 2787 2350 2834 et
2374 2778 2578 2835 similes
2606 2779 2727 2834 huic
2753 2794 2818 2836 ex
2859 2779 3127 2838 haareticis
3163 2782 3448 2852 Acepltalis
3473 2783 3783 2849 existentes,
3813 2799 3876 2842 ac

2295 2870 2570 2938 pauEulum
2597 2871 2871 2941 religionis
2894 2870 3141 2939 pietatem
3169 2873 3501 2940 simulantes,
3527 2874 3584 2929 in
3611 2875 3875 2932 Ecclesiae

2295 2974 2358 3016 se
2385 2961 2736 3029 iutruserunt,
2765 2971 3015 3034 tanquam
3042 2964 3283 3035 qnmdam
3307 2964 3618 3039 Egyptiaca
3645 2968 3873 3038 ﬂagella,

2297 3051 2387 3122 qui
2429 3053 2576 3108 nullo
2607 3053 2768 3110 modo
2809 3056 3038 3124 propriis
3078 3055 3334 3114 Ecelesiis
3361 3072 3553 3114 vacare
3579 3061 3876 3129 voluerunt,

2297 3155 2354 3201 et
2385 3145 2488 3201 hoc
2518 3148 2689 3202 solum
2734 3148 2871 3203 bene
2915 3147 3206 3218 sapientes,
3237 3159 3296 3205 ut
3334 3166 3438 3206 non
3468 3152 3750 3209 devastent
3775 3155 3874 3210 sibi

587 3222 834 3298 λουούσῃ,
858 3226 939 3281 ἵνα
965 3227 1177 3288 πολλοὺς
1199 3229 1686 3301 συγκατασπάσωσι
1704 3238 1776 3300 τῷ
1798 3228 1908 3301 ἰδίῳ
1929 3220 2186 3308 βαράθρῳ.

2294 3237 2646 3309 adjudicatas,
2694 3239 2838 3295 aliud
2885 3241 3026 3297 male
3069 3253 3362 3312 sapuerunt
3402 3245 3599 3316 degere
3641 3246 3694 3302 in
3735 3256 3877 3311 tanta

589 3315 907 3382 Ἓξασκήσας
933 3321 1034 3394 γάρ
1057 3317 1082 3374 ὁ
1110 3321 1369 3393 εἰρημένος
1395 3317 1626 3391 Ἀνθιμος
1647 3322 1705 3375 ού
1728 3326 1818 3380 τήν
1843 3324 2186 3396 εύαγγελικην,

589 3409 717 3468 ἀλλά
741 3415 832 3470 τήν
852 3411 1211 3483 πεπλασμένην
1252 3416 1414 3476 ζωήν,
1453 3415 1522 3475 ὡς
1555 3415 1616 3468 τὸ
1640 3415 1779 3475 τέλος
1808 3413 1998 3480 ἔδειξεν
2017 3456 2032 3480 ,
2063 3419 2191 3473 ἀπο-

522 3551 526 3554 .
589 3501 751 3558 λιπὼν
790 3507 879 3560 τήν
915 3503 1342 3572 ἐμπιστευθεῖσαν
1382 3505 1650 3564 ἐκκλησίαν
1681 3508 1820 3581 αύτῷ
1858 3515 1959 3564 τῶν
1991 3521 2192 3587 Τραπε-

557 3657 564 3661 ,
591 3593 814 3658 ζούντων
842 3595 999 3653 ἰπίϐη
1027 3593 1186 3654 τῆσδε
1216 3604 1308 3657 τῆς
1335 3597 1562 3668 πόλεως,
1613 3599 1713 3676 πρό
1737 3602 1934 3656 τούτων
1968 3610 2190 3680 φανερῶν

540 3685 838 3756 ςδνιαυτῶν
882 3684 1213 3756 ἕκπομπεύων
1245 3691 1336 3747 τήν
1377 3690 1829 3762 ἰσχηματισμένην
1867 3701 1959 3754 τῆς
2001 3696 2190 3757 οἰκείας

589 3775 852 3844 ςολετείας
877 3778 1194 3852 ἆγκράτειαν,
1222 3783 1305 3835 καὶ
1325 3783 1580 3856 πορισμὸν
1601 3785 1658 3840 ix
1677 3782 1861 3843 τούτου
1890 3789 2190 3857 ποιούμενος

549 3903 552 3906 -
589 3870 688 3932 τῇ
710 3867 992 3926 εὐσέϐειαν.
1023 3871 1361 3942 Συναρπάσας
1385 3867 1474 3928 οὖν
1500 3871 1586 3930 διά
1603 3877 1827 3940 ταύτης,
1855 3874 2078 3939 ἠδυνήθη
2103 3881 2192 3934 καί

521 4017 523 4020 ,
587 3964 700 4021 ποτε
724 3957 1007 4030 βασιλείοις
1027 3943 1280 4026 εἰσδύναε,
1303 3963 1482 4041 ὥσπερ
1505 3960 1743 4032 ἐπαύξειν
1767 3966 2076 4045 προσδοκῶν
2095 3974 2188 4031 τήν

516 4111 526 4115 _
551 4124 554 4125 ν
587 4046 810 4104 ὕπουλον
837 4049 1090 4123 iuranti/ts.
1107 4056 1404 4116 τῆςοικείας
1429 4059 1584 4122 ζωῆς,
1611 4059 1697 4113 καί
1720 4055 2083 4122 συνδιαιτηθιίς
2103 4061 2189 4116 in!

585 4138 806 4208 πολλοὺς
834 4139 1080 4217 χρόνους,
1110 4145 1198 4198 καί
1225 4151 1336 4205 τοῖς
1358 4145 1728 4219 ἰμφωλεύουσεν
1754 4149 1970 4205 ενταῦθα
1996 4149 2189 4226 αἰρετι·

584 4240 700 4297 ειοῖς
717 4279 732 4303 ,
762 4238 846 4291 καί
869 4238 937 4292 τά
961 4236 1166 4299 ἰκείνοις
1193 4241 1554 4317 κεχαρισμίνα
1581 4244 1826 4315 πράττων
1845 4284 1859 4310 ,
1890 4248 1979 4300 καί
2005 4245 2184 4317 λέγων,

585 4320 673 4381 οἷα
687 4332 860 4382 -νοσῶν
879 4331 970 4384 τήν
993 4327 1170 4398 ὁμοίαν
1191 4331 1366 4392 αὐτοῖς
1393 4332 1647 4405 αἰρετικήν
1666 4337 1866 4405 μανίαν,
1897 4333 2074 4395 ίπεεδη
2097 4337 2185 4392 τὸν

583 4424 681 4478 τῆς
705 4415 852 4478 ὁσίας
876 4421 1076 4490 μνήμης
1099 4421 1410 4493 Ἐπιφάνιον,
1433 4424 1485 4476 ἰν
1515 4423 1762 4494 ἐσχάτοις
1790 4425 2039 4502 ἐθεώρησε
2072 4424 2185 4482 δια-

586 4515 833 4584 κείμενον,
858 4519 1158 4585 μηχανᾶταί
1178 4538 1250 4582 τι,
1274 4513 1400 4596 ὅπερ
1422 4515 1660 4597 ἄντικρυς
1677 4522 1762 4576 τὸν
1782 4511 1941 4578 αὐτού
1962 4520 2183 4598 διήλεγξε

2293 3330 2636 3386 multitudine
2667 3331 2717 3385 in
2748 3331 2851 3388 hac
2875 3333 3018 3403 regia
3051 3334 3206 3402 urbe,
3235 3346 3290 3391 ιιι
3319 3338 3516 3394 multos
3542 3338 3646 3394 sibi
3673 3341 3879 3412 ample-

2293 3427 2506 3477 ctantur
2549 3422 2765 3492 proprio
2809 3422 3087 3480 barathro.
3136 3421 3370 3482 Instituit
3413 3429 3555 3484 enim
3595 3431 3882 3499 praedictus

2291 3513 2580 3568 Anthimus
2606 3529 2710 3568 non
2731 3516 3114 3585 evangelii-am,
3138 3518 3233 3573 sed
3263 3517 3437 3575 ﬁctam
3461 3521 3648 3585 vitam.
3674 3533 3732 3578 ut
3760 3524 3881 3592 nnis

2290 3603 2666 3672 probaiit;'et
2712 3605 3022 3676 relinquens
3077 3607 3369 3665 Ecclesiam
3411 3610 3880 3682 Trapezundarnm

2289 3695 2395 3752 sibi
2435 3694 2716 3759 creditam,
2768 3698 3100 3755 transcendit
3143 3700 3195 3755 in
3229 3701 3390 3758 aliam
3435 3704 3588 3764 istius
3625 3707 3875 3776 civitatis,

2290 3796 2422 3842 ante
2449 3785 2548 3840 hos
2576 3787 2852 3857 proximos
2891 3804 3084 3856 annos,
3123 3793 3443 3864 ostentando
3477 3779 3728 3867 omnibus
3747 3815 3880 3864 eon-

2289 3879 2569 3950 tiguratam
2608 3879 2998 3938 continentiam
3045 3897 3158 3940 suae
3205 3886 3426 3956 politiae,
3471 3898 3528 3946 et
3563 3891 3878 3963 acquisitam

2289 3989 2360 4032 ex
2387 3973 2472 4030 his
2501 3973 2706 4032 faciens
2741 3975 3015 4046 pietatem.
3053 3978 3186 4035 Cum
3221 3995 3352 4052 ergo
3381 3997 3483 4052 per
3526 3982 3666 4041 hane
3701 3985 3880 4047 subri-

2289 4069 2496 4142 puerit,
2559 4069 2734 4140 potuit
2794 4078 2850 4126 et
2913 4072 3207 4143 imperialia
3266 4074 3465 4132 ibidem
3519 4076 3796 4154 indere,
3823 4088 3880 4138 ut

2289 4177 2488 4234 augere
2524 4163 2799 4220 videretur
2840 4164 3182 4222 subdolosam
3233 4169 3540 4241 opinionem
3580 4174 3705 4230 vim
3739 4189 3874 4244 snas,

2287 4249 2748 4326 conversatusque
2795 4267 2878 4313 est
2933 4259 3104 4314 multo
3159 4269 3399 4328 tempore
3442 4276 3563 4318 eum
3609 4263 3878 4326 luereticls

2290 4347 2490 4403 ibidem
2531 4348 2952 4416 nidificantibus,
2984 4350 3176 4422 placita
3212 4352 3315 4408 illis
3345 4352 3588 4411 faciendo
3615 4365 3670 4419 et
3685 4358 3877 4428 dicen-

2287 4439 2384 4508 do,
2412 4439 2665 4497 videlicet
2689 4441 2998 4498 hmretieam
3032 4443 3223 4500 furiam
3254 4446 3486 4503 simllem
3515 4448 3596 4503 eis
3623 4450 3876 4508 commit-

2289 4531 2472 4588 tendo.
2513 4530 2647 4589 Cum
2687 4543 2866 4590 autem
2905 4534 3041 4590 vidit
3079 4547 3280 4594 sancte
3317 4538 3591 4594 memoria:
3637 4539 3876 4613 Epipha-

584 4603 935 4682 διεφθαρμένον
964 4609 1172 4664 σκοπόν.
1199 4607 1405 4686 Ὠσπερ
1437 4615 1534 4693 γάρ
1561 4615 1878 4689 ίπεεσγὸμενος
1906 4624 2042 4675 πᾶσι
2078 4640 2186 4675 πα-

2290 4624 2436 4680 ηἰιιιη
2486 4625 2539 4679 in
2590 4625 2852 4683 extremis
2897 4625 3187 4697 iacentem,
3239 4631 3576 4689 machinatus
3617 4603 3702 4690 esi
3744 4603 3875 4706 quid

586 4705 964 4772 ραστῆσαιτῆς
1005 4707 1212 4776 μακρᾶς
1251 4704 1470 4760 ἐνταῦθα
1511 4707 1852 4786 προσεδρείας
1891 4711 2046 4767 αὐτοῦ
2095 4713 2182 4767 τὸν

585 4790 752 4859 δόλον,
786 4797 870 4849 καί
890 4795 947 4849 τὸ
975 4797 1173 4859 πολλοῖς
1191 4799 1557 4875 ἀπορούμενον,
1585 4808 1670 4861 καί
1690 4815 1798 4868 τοῖς
1820 4810 2181 4883 σννετωτίροις

582 4880 735 4952 μόνον
759 4886 1168 4961 ύποπτεύημενον
1213 4894 1286 4952 εἰς
1323 4896 1532 4970 φανερὸν
1567 4899 1651 4952 καί
1680 4895 1814 4952 ἄκων
1857 4899 2049 4972 ίνίγκαι
2075 4901 2180 4966 ἰξε-

583 4977 798 5038 ϐιάσΘη⁶
810 4981 910 5054 πρὸ
925 4983 1105 5038 πολλοῦ
1120 4986 1218 5062 γάρ
1234 4986 1471 5047 προύτινε
1497 4989 1617 5061 (sic)
1637 4997 1729 5053 τὴν
1749 5002 1987 5068 μοιχικήν
2007 4996 2178 5074 ἁρπα-

582 5075 675 5140 γὴν
697 5079 790 5132 τῆς
813 5073 1076 5144 βασιλίδος
1109 5078 1397 5144 ἐκκλησίας.
1427 5089 1588 5140 Τοῦτο
1617 5080 1704 5141 οὖν
1733 5086 1948 5149 ἠδυνήοη
1975 5073 2060 5147 διά
2085 5101 2178 5154 τῆς

583 5161 776 5218 ἐκείνων
805 5167 1108 5242 συνάρσεως
1133 5175 1217 5226 καί
1241 5173 1328 5228 τὸν
1367 5175 1526 5248 εὐαγῆ
1549 5175 1724 5252 θρόνον
1760 5180 1914 5240 τῆσδε
1942 5182 2177 5259 ἁρπάσαι

584 5262 678 5316 τῆς
700 5256 916 5324 πόλεως,
949 5264 1035 5316 καί
1059 5263 1129 5325 εἰς
1151 5267 1412 5327 τοσαύτην
1441 5266 1682 5334 διοίκησιν
1705 5275 2054 5349 προαχθῆναι,
2085 5285 2178 5339 τῆς

585 5346 719 5446 δίας
743 5351 1006 5421 ἀμελήσας
1034 5357 1314 5423 ἰκκλησίας,
1342 5365 1428 5416 καί
1461 5367 1633 5439 χήραν
1653 5369 1732 5420 καί
1748 5346 1991 5446 άνανδρον
2015 5371 2178 5445 μέχρι

586 5437 741 5494 τοῦδε
784 5443 977 5502 ταύτην
1019 5449 1338 5515 καταλιπὼν,
1377 5453 1428 5518 ἐξ
1455 5450 1513 5507 οὗ
1543 5458 1629 5510 καί
1658 5457 1741 5512 τὸν
1785 5455 1923 5514 δόλιν
1956 5470 2048 5522 τῆς
2087 5482 2178 5517 πε-

574 5527 877 5628 δπλασμένης
916 5536 1173 5598 πολιτείας
1215 5551 1442 5615 προφανῆ
1489 5550 1649 5600 πᾶσιν
1694 5547 1942 5616 ἀπέδειξε.
1976 5559 2178 5628 Μικρᾶς

576 5618 690 5706 Ι’γάρ
719 5622 1023 5695 ἀντέχεσθαι
1068 5629 1333 5692 ἑκκλησίας
1369 5635 1762 5710 summa”;
1802 5643 1946 5704 εὐθὺς
1986 5647 2058 5704 εἰς
2093 5632 2179 5701 τοζ

577 5715 775 5796 ⁸σοῡτ-ον
827 5716 1133 5794 ἀσύγκριτον
1167 5722 1431 5780 ἐκκλησίαν
1463 5727 1654 5792 ἐκείνης
1691 5730 1872 5788 ἑαυτὸν
1909 5732 2177 5804 ἓπίδωκεν,

565 5801 666 5859 .⁹ὦς
692 5800 852 5860 inm?»
879 5805 997 5868 ἔντα
1028 5811 1216 5872 ταύτης
1244 5813 1583 5885 ίπιμελεῖσθαι
1601 5833 1612 5846 '
1660 5820 1833 5886 ἐπειδῆ
1859 5817 1946 5888 οὖν
1975 5822 2183 5890 δικαίως

2285 4725 2620 4786 corruptum,
2654 4717 2796 4788 quod
2828 4727 3013 4773 contra
3054 4723 3387 4792 propositum
3435 4723 3605 4786 ipsius
3647 4727 3875 4799 excogi-

2237 4851 2240 4855 .
2285 4815 2517 4864 taverat.
2549 4809 2613 4864 Ut
2638 4810 2780 4866 enim
2803 4822 3090 4868 conaretur
3115 4814 3366 4870 omnibus
3405 4815 3605 4872 ibidem
3633 4819 3876 4888 praebere

2283 4898 2466 4956 dolum
2499 4915 2611 4957 sum
2647 4903 2820 4971 longa!
2864 4904 3299 4974 prmstolationis,
3333 4908 3462 4964 illud
3503 4911 3645 4980 quod
3690 4912 3873 4970 multis

2284 4990 2550 5048 incertum
2574 5002 2679 5058 est,
2707 5003 2766 5050 et
2791 4995 2965 5051 solum
3009 4998 3442 5068 prudentioribus
3469 5003 3868 5074 suspicandum,

2283 5086 2352 5143 ad
2381 5097 2584 5143 eertum
2615 5098 2670 5145 et
2707 5088 2874 5147 invite
2909 5090 3104 5150 aﬂ‘erre
3145 5103 3370 5151 conatus
3409 5106 3514 5153 est.
3551 5097 3690 5152 Ante
3725 5101 3868 5157 enim

2283 5179 2510 5237 multum
2547 5189 2759 5249 tempus
2797 5184 3164 5253 praecogitavit
3200 5186 3520 5244 adulterium
3561 5199 3616 5246 et
3659 5202 3870 5261 raptum

2286 5274 2446 5344 hujus
2476 5275 2771 5345 imperialis
2797 5277 3072 5333 Ecclesiae.
3110 5277 3222 5335 lloe
3249 5295 3381 5352 ergo
3409 5272 3601 5352 potuit,
3629 5299 3726 5353 per
3749 5285 3871 5342 illo-

2287 5382 2403 5422 rum
2433 5367 2841 5423 contubernium
2871 5379 2926 5424 et
2953 5371 3311 5427 venerabilem
3343 5373 3525 5430 sedem
3557 5374 3715 5446 hujus
3737 5379 3870 5433 civi-

2285 5461 2412 5516 tatis
2448 5476 2656 5530 rapere,
2687 5469 2743 5518 et
2768 5463 2823 5518 in
2854 5472 3054 5520 tantam
3089 5465 3360 5524 ditecesim
3399 5469 3667 5528 adducere
3694 5488 3709 5527 :
3739 5486 3862 5530 cum

2284 5551 2468 5621 propri
2505 5566 2556 5606 m
2602 5552 2899 5624 neglexerit
2941 5554 3258 5622 Eeclesiam,
3301 5567 3356 5614 et
3392 5559 3604 5614 viduam
3644 5575 3710 5618 ac
3749 5562 3869 5620 sine

2284 5641 2402 5696 viro
2422 5655 2660 5714 eousque
2683 5645 2851 5714 ipsam
2873 5645 3314 5719 derelinquendo,
3339 5665 3403 5708 ex
3427 5667 3533 5722 quo
3553 5653 3729 5710 dolum
3753 5671 3866 5714 suae

2287 5733 2425 5791 ﬂeta:
2468 5739 2892 5797 conversationis
2935 5743 3270 5814 perspicuum
3318 5746 3564 5803 omnibus
3607 5751 3863 5808 ostendit.

2288 5826 2499 5887 Etenim
2556 5848 2676 5891 cum
2724 5849 2939 5906 parvam
3005 5837 3296 5897 Ecclesiam
3352 5844 3623 5916 suscipere
3681 5863 3867 5920 superv
