4126 6362
515 286 577 344 τι
1151 243 1153 246 ’
1860 290 2079 348 ΑοΑυε

2196 289 2398 352 PAPE
2438 296 2458 352 l

3738 315 3869 374 7!.

509 413 642 464 μασι
669 395 754 450 τόν
793 395 1110 472 ἀκάθαρτον,
1137 398 1223 454 τόν
1252 401 1603 476 ἀποκηρύκτον
1622 445 1632 464 .
1660 403 1744 458 τόν
1794 405 2079 466 ἀναθέιιασιε

2184 407 2387 477 .ipsum
2419 410 2703 482 pollutum,
2749 425 2805 472 et
2850 417 3189 490 abdicatum;
3235 424 3327 497 qui
3368 428 3809 493 anathematibus

511 482 834 561 ἐγγράπτοις,
878 488 961 540 καί
1007 483 1308 557 διηνεκέσιν,
1335 493 1437 548 ύπό
1475 500 1564 549 τοῦ
1596 496 1932 552 ἀποστολικοῦ
1965 501 2105 572 ὑμῶν

509 582 708 657 θρόνου,
739 588 819 640 καὶ
856 589 1116 645 τοσούτων
1158 592 1444 671 ἀρχιερέων
1467 637 1482 661 ,
1521 599 1604 653 καί
1633 598 1680 651 ἐν
1714 600 1910 676 ούρανῷ
1961 604 2104 676 παρά

506 683 608 729 τῶν
634 677 870 734 ἐκλεκτῶν
900 684 1056 740 αὐτοῦ
1101 687 1336 758 ἀγγέλων,
1378 692 1670 768 κατάκριτον
1697 691 1794 754 ἤδη
1823 695 2098 768 γενόμενον,

504 771 639 825 κατά
676 777 764 831 τὴν
795 775 1328 848 εὐαγγελικήνοὲκείνην
1356 785 1436 836 καί
1465 783 1599 838 θείαν
1625 791 1809 858 φωνήν,
1838 787 1944 859 μετ’
1971 787 2102 843 ἐκδι-

504 861 618 916 κίου
647 870 738 919 τοῦ
761 863 1011 941 βδελυροῦ
1044 865 1195 924 ἄλλου
1217 879 1307 927 τοῦ
1331 875 1543 950 Πέτρον,
1569 883 1662 932 τοῦ
1691 882 1776 932 καί
1799 884 1890 938 τήν
1917 879 2100 935 ἑαυτοῦ

501 959 847 1030 προσηγορίαν
876 961 1037 1037 μέχρι
1066 970 1152 1018 τοῦ
1192 967 1396 1020 νῦν-οῦκ
1425 969 1828 1044 ἐρυθριάσαντος
1856 973 2102 1044 -ξιεύσασ-

501 1047 586 1102 θαι
626 1055 715 1103 τοῦ
759 1051 914 1106 αὐτοῦ
959 1056 1208 1124 μαθητοῦ,
1239 1061 1320 1112 καί
1368 1061 1431 1115 τά
1479 1068 1570 1122 τῆς
1615 1064 1944 1127 ἀποστασίας
1989 1067 2099 1121 καθ’

504 1139 720 1202 ἑκάστην
758 1147 960 1223 ῥήματα
990 1151 1351 1226 φθεγξαμένου·
1381 1158 1468 1210 καὶ
1507 1161 1638 1230 μετά
1678 1159 1854 1235 Ζωόρα
1897 1158 1972 1221 δέ,
2004 1168 2098 1218 τοῦ

500 1236 754 1296 παντελῶς
780 1238 1009 1312 ἀμυήτου
1049 1251 1142 1304 τῆς
1170 1245 1307 1306 θείας
1340 1256 1537 1320 γραφῆς
1557 1288 1570 1305 .
1599 1251 1681 1304 καί
1705 1252 1877 1312 πάσης
1906 1253 2096 1328 ἱερατι-

497 1334 588 1387 κῆς
623 1327 967 1407 λειτουργίας,
1013 1338 1102 1390 καὶ
1144 1337 1352 1402 τάξεως,
1395 1340 1525 1413 μετά
1569 1337 1624 1395 δὲ
1665 1327 1961 1416 παρῤησίας
2003 1348 2097 1403 οὐκ

496 1411 642 1488 ἴσμεν
679 1428 772 1482 τῆς
801 1420 915 1478 ὅθεν
957 1428 1346 1502 χορηγουμένης
1386 1432 1523 1504 αὐτῷ
1567 1440 1980 1499 καταπατοῦντας
2005 1442 2096 1498 τὴν

497 1515 786 1583 κρατοῦσαν
810 1514 1231 1576 ἐκκλησιαστικὴν
1252 1521 1526 1595 εὐκοσμίαν
1552 1543 1627 1587 τε,
1652 1527 1737 1579 καί
1759 1525 2092 1595 κατάστασιν,

497 1598 550 1651 εκ
577 1605 677 1654 τῶν
703 1602 810 1657 καθ’
839 1604 1029 1678 ἡμέραν
1063 1608 1493 1683 παρασυνοίξεων,
1525 1616 1610 1668 καί
1650 1616 2095 1693 παραϐαπτισμά-

491 1706 594 1746 των
642 1692 736 1749 ὑπ’
762 1697 922 1751 αὐτοῦ
951 1697 1295 1774 τολμωμένων,
1330 1697 1390 1756 οὗ
1427 1708 1520 1763 τήν
1553 1713 1869 1781 συναγωγήν,
1901 1706 2094 1781 γύναια

2211 503 2445 571 scriptis,
2478 515 2531 561 et
2557 508 2796 578 apertius
2838 512 2906 569 ab
2949 516 3244 585 apostolica
3284 519 3413 576 sede
3445 535 3644 592 Vestra,
3688 538 3736 581 et
3772 545 3804 582 τι

2211 595 2372 651 tantis
2400 598 2766 668 pontiﬁcibus,
2799 615 2853 660 et
2883 605 2932 661 in
2979 609 3120 664 coelo
3149 610 3216 666 ab
3246 615 3451 683 angelis
3479 618 3666 672 electis
3692 622 3805 676 suis

2203 685 2314 756 jam
2362 692 2750 750 condemnatus
2779 706 2898 764 est;
2955 701 3044 769 qui
3089 704 3384 760 secundum
3437 709 3802 778 evangelicam

2209 778 2353 835 illam
2378 789 2431 836 et
2449 782 2681 841 divinam
2713 803 2901 845 vocem
2929 806 3050 846 cum
3080 794 3261 866 iniquo
3284 811 3338 854 et
3365 798 3670 856 facinoroso
3692 804 3802 859 alio

2209 867 2369 930 Petro
2397 889 2496 930 suo
2523 875 2786 950 discipulo
2836 885 3250 952 appellationem
3309 892 3580 960 propriam
3633 909 3803 964 usque

2206 978 2347 1019 nunc
2377 969 2590 1024 mentiri
2622 987 2728 1046 non
2757 977 2995 1043 erubuit,
3025 988 3080 1032 et
3111 980 3275 1035 verba
3307 985 3590 1052 apostasite
3621 989 3801 1058 quoti-
3867 1001 3874 1007 ‘

2205 1053 2293 1112 die
2319 1057 2525 1116 loculus
2555 1071 2639 1118 est
2671 1082 2683 1118 :
2717 1081 2816 1122 nec
2846 1085 2950 1124 non
2983 1086 3104 1125 eum
3135 1071 3324 1141 Zoara,
3358 1077 3446 1145 qui
3476 1053 3696 1132 omnino
3717 1079 3806 1134 di-

2203 1148 2380 1204 vinam
2435 1152 2790 1225 Scripturam,
2842 1171 2896 1215 et
2926 1176 3142 1218 omnem
3199 1181 3412 1222 sai-rum
3447 1169 3692 1226 ordinem
3742 1181 3799 1230 et

2202 1241 2420 1298 missam
2452 1246 2658 1315 ignorat
2689 1265 2703 1303 :
2745 1252 2839 1307 sed
2876 1269 2995 1309 cum
3047 1257 3268 1313 audacia
3300 1261 3598 1331 (nescimus
3629 1264 3796 1336 unde)

2201 1330 2303 1387 sibi
2330 1333 2520 1390 tradita
2549 1341 2842 1409 pessundat
2874 1330 3317 1405 ecclesiasticum
3345 1363 3593 1412 ornatum
3633 1330 3798 1428 atque

2200 1429 2420 1490 statum,
2477 1441 2574 1498 per
2616 1433 2990 1491 conventicula
3036 1446 3092 1494 et
3141 1439 3622 1513 parabaptismata,
3671 1460 3792 1519 quae

2199 1521 2440 1589 quotidie
2496 1530 2782 1587 temerarie
2811 1543 3074 1603 aguntur;
3121 1537 3274 1608 cujus
3315 1554 3640 1614 synagogam
3669 1559 3792 1601 mu-

2200 1609 2464 1683 lierculae,
2499 1625 2981 1681 comessationibus
3022 1635 3078 1682 et
3126 1609 3791 1701 ebrietat-ibus,vluxibus-

2199 1721 2303 1776 que
2331 1718 2384 1762 et
2414 1709 2893 1772 adulterationibus
2919 1718 3114 1776 dedita:
3136 1721 3383 1792 implent.
3417 1724 3790 1785 Persuasimus

491 1787 700 1862 κώμοις,
715 1792 800 1845 καὶ
812 1792 1300 1866 μίθαις,ἀσελγείαις
1310 1817 1388 1868 τε,
1402 1801 1485 1853 καί
1495 1800 1787 1864 ἀκολασίαις
1806 1800 2079 1877 ίνδεδομένο

2201 1806 2380 1853 autem
2403 1809 2457 1856 et
2487 1803 2731 1872 piissimo
2760 1805 3070 1880 imperatori
3103 1787 3311 1883 nostro.
3345 1833 3453 1872 non
3477 1823 3790 1888 permittere

490 1880 692 1957 πληροῖ.
718 1889 988 1948 Πείσαντες
1012 1889 1099 1943 τόν
1129 1891 1494 1948 εὐσεϐέστατον
1522 1895 1660 1966 ἡμῶν
1687 1895 2090 1976 βασιλέα,θῆρας

488 1976 816 2054 αίμοϐόρους,
842 1976 1026 2056 ἆρνασι
1058 1987 1129 2055 μή
1167 1994 1474 2060 συγχωρεῖν
1503 1987 1923 2052 συναυλίζεσθαι,
1953 1992 2094 2066 ἠκρι-

494 2067 715 2124 ϐωαένον
738 2079 912 2144 σαφῶς
928 2075 986 2128 τό
1007 2081 1080 2148 τῷ
1095 2076 1208 2146 θείῳ
1234 2079 1522 2150 ’Λποστόλῳ
1551 2080 1718 2159 ῥηθὲν,
1743 2099 1761 2133 t
1782 2084 1850 2143 ὡς
1879 2080 2091 2155 οὐδεμία

492 2167 697 2234 μετοχὴ
737 2161 1060 2239 δικαιοσύνη,
1088 2170 1172 2222 καί
1218 2169 1477 2244 ἀνομίᾳ,ἤ
1519 2175 1747 2227 κοινωνία
1789 2177 1915 2246 ςωτί
1959 2175 2090 2250 πρός

485 2256 744 2324 exorem}
774 2255 918 2338 μερθς
943 2269 1112 2335 πιστῷ
1139 2266 1270 2334 μετὰ
1296 2265 1578 2321 ἀπίστου.»
1601 2263 1695 2321 Οία
1715 2263 1770 2321 δὲ
1799 2263 1878 2322 οἷα
1909 2264 2089 2344 δεδρα-

486 2351 838 2426 ματούργηται
877 2357 962 2404 νῦν
991 2356 1075 2407 καί
1107 2356 1255 2429 παρά
1284 2357 1574 2411 ἰσαακκίου
1599 2363 1687 2411 τοῦ
1720 2359 1934 2432 ιιέρσου,
1969 2359 2086 2423 βου-

481 2438 719 2512 λομένους
754 2443 891 2512 ἡμᾶς
938 2442 1182 2518 ἀδακρυτὶ
1220 2445 1403 2520 λέγειν,
1436 2449 1529 2501 οὐκ
1569 2445 1732 2513 ἔστιν,
1776 2447 1889 2504 ούδέ
1935 2448 2082 2512 δέους

481 2533 813 2606 ἀπηλλάχθαι
831 2574 848 2600 ,
879 2534 1242 2612 διηγουμένους
1273 2539 1306 2594 ἂ
1333 2549 1449 2601 ταῗς
1478 2541 1680 2613 ἀνόμοις
1709 2543 1862 2598 αὐτοῦ
1899 2548 2080 2616 χερσίν

481 2627 662 2689 έκεῖνος
695 2630 782 2684 οὐκ
819 2629 981 2707 ἔφριξε
1013 2630 1160 2708 δρᾷν.
1198 2631 1277 2687 Ἐν
1315 2637 1410 2706 γάρ
1449 2639 1752 2710 καταγωγίῳ
1783 2639 1882 2693 τινί
1909 2639 2083 2712 τιμίας

480 2719 666 2780 εἰκόνος
715 2722 1039 2794 ἀνακειμένης
1067 2729 1160 2779 τοῦ
1196 2732 1297 2780 τᾶν
1336 2725 1558 2781 εὐσεϐῶν
1583 2725 1668 2782 ἐπί
1701 2734 1789 2783 τοῦ
1830 2731 2082 2804 παρόντος

476 2811 747 2887 σκέπτρων
786 2821 1120 2889 κρατοῦντος,
1153 2818 1328 2892 ὥσπερ
1358 2817 1698 2892 ἁμιλλώμενος
1726 2819 1751 2874 ό
1776 2821 2081 2896 προλεχθεὶς

476 2900 712 2972 δείλαιος,
746 2911 832 2963 καί
862 2909 1101 2987 ἀλάστωρ
1130 2913 1276 2990 ἀνὴρ,
1309 2915 1352 2968 εἰ
1381 2919 1450 2973 μὴ
1477 2918 1565 2968 καί
1592 2916 1720 2970 κατά
1749 2915 1834 2971 τὸν
1859 2916 2078 2991 ῥηθησό-

477 3017 626 3069 μενον
653 3004 893 3080 νεώτερον
923 3000 1115 3082 τρόπον
1143 3006 1504 3080 βλασφημήσοι
1539 3009 1596 3063 τό
1625 3010 1774 3075 θεῖον,
1809 3012 2076 3074 ἀνατείνας

475 3096 568 3152 τήν
591 3091 887 3171 βακτηρίαν,
929 3098 976 3150 ἐν
1066 3097 1125 3154 τό
1164 3095 1345 3171 ἄτιμον
1375 3103 1532 3156 αῦτι.ῦ
1566 3104 1951 3175 σχηματίζεται
1983 3111 2078 3176 γῆ·

2198 1894 2472 1963 aggregari
2518 1894 2719 1953 bestius
2749 1901 3024 1969 sanguinis
3066 1903 3263 1962 edaces
3303 1923 3426 1963 cum
3456 1912 3630 1981 agnis,
3663 1925 3788 1968 cum

2196 1984 2340 2042 clare
2366 1996 2422 2042 et
2444 2001 2635 2054 aperte
2671 1993 2807 2047 sciat
2837 1995 2964 2051 illud
2991 1996 3230 2055 divinum
3274 2000 3518 2071 Apostoli
3555 2005 3781 2072 dictum,

2193 2080 2334 2149 quod
2365 2082 2508 2137 nulla
2534 2085 2858 2155 participatio
2886 2099 2962 2143 est
2974 2091 3197 2159 justitite
3223 2093 3293 2146 ad
3333 2095 3676 2166 iniquitatem,
3707 2099 3784 2154 vel

2194 2176 2590 2230 communicatio
2611 2178 2740 2233 lucis
2762 2181 2831 2233 ad
2853 2181 3102 2250 tenebras,
3133 2188 3212 2240 vel
3234 2204 3358 2257 pars
3384 2190 3532 2258 ﬁdeli
3559 2205 3676 2244 cum
3703 2192 3785 2246 itt-

2191 2267 2334 2336 [ideli
2363 2269 2429 2339 (Il
2455 2269 2574 2326 Cor.
2605 2272 2701 2344 Vl).
2731 2277 2800 2330 At
2829 2291 2959 2332 vero
2988 2279 3032 2334 si
3061 2296 3123 2336 ea
3155 2297 3274 2352 qute
3301 2282 3370 2338 ab
3390 2282 3592 2340 lsaacio
3622 2284 3784 2343 Persa

2190 2374 2335 2415 nunc
2383 2375 2688 2432 perpe-rata
2733 2380 2877 2436 sunt,
2911 2372 3028 2426 sine
3069 2375 3319 2445 lacrymis
3345 2375 3528 2432 dicere
3555 2394 3660 2432 non
3693 2393 3785 2434 ra-

2191 2447 2391 2518 lemus,
2425 2470 2529 2510 non
2571 2467 2654 2512 est
2701 2459 2959 2527 possibile
2987 2477 3160 2533 neque
3202 2475 3400 2521 metum
3432 2467 3692 2536 abjicere,
3735 2469 3783 2526 si

2187 2561 2410 2604 narrare
2455 2552 2724 2618 volumus,
2767 2570 2888 2625 qua:
2930 2558 3043 2612 suis
3091 2558 3286 2629 iniquis
3317 2562 3562 2618 manibus
3602 2565 3782 2620 facere

2188 2657 2293 2696 non
2327 2641 2560 2699 horruit.
2590 2645 2720 2701 Nam
2754 2647 2808 2702 in
2834 2650 3066 2718 quodam
3095 2650 3394 2708 diversorio
3423 2655 3658 2726 reposita
3683 2655 3779 2712 ho-

2187 2738 2413 2797 norabili
2441 2740 2671 2813 imagine
2695 2745 2978 2812 prtesentis
3003 2746 3228 2815 piissimi
3252 2748 3620 2821 imperatoris,
3649 2767 3780 2824 prte-

2184 2829 2360 2886 dictus
2388 2834 2650 2890 scelestus
2676 2846 2732 2891 et
2759 2851 3016 2909 arrogans
3040 2840 3140 2904 vir,
3176 2850 3430 2911 tanquam
3459 2852 3676 2899 certans
3717 2854 3778 2902 ut

2183 2925 2483 2980 secundum
2515 2926 2793 2984 noviorem
2824 2930 3043 2987 modum
3075 2933 3291 2990 dicendi
3323 2935 3777 3005 blasphemaverit

2183 3013 2373 3081 Deum,
2403 3020 2700 3075 extendens
2744 3022 3014 3091 baculum,
3061 3025 3114 3080 in
3144 3041 3247 3096 qua
3280 3025 3662 3082 inhonoratam
3687 3042 3777 3084 se-

2182 3119 2452 3166 nectutem
2475 3127 2626 3166 suam
2654 3114 2874 3171 ﬁrmare
2895 3115 3067 3187 lingit,
3098 3118 3434 3190 implensque
3463 3121 3774 3176 simulatum

471 3205 568 3264 ρας
611 3189 888 3264 στηρίζειν,
933 3192 1135 3266 πληρῶν
1161 3198 1251 3252 τήν
1287 3194 1663 3265 πεπλανημένην
1702 3197 1950 3264 ἐπίθεσιν,
1979 3195 2076 3270 ἔμ·

2185 3202 2550 3260 stellioaamm
2575 3206 2627 3261 in
2659 3220 2948 3277 conspectu
2979 3189 3279 3282 eorumqui
3319 3189 3388 3270 ab
3422 3216 3540 3285 ipso
3565 3214 3774 3271 seducti

471 3283 693 3347 προσθεν
717 3293 817 3339 τῶν
845 3287 933 3341 ἐπ’
959 3289 1111 3343 αὐτοῦ
1142 3292 1548 3365 καταγινομένων
1573 3294 1880 3368 ἀπάγεσθαι,
1911 3293 2070 3351 ἔτυπ-

469 3393 554 3430 τεν
575 3375 788 3449 ἀφειδῶς
808 3378 867 3434 τό
895 3387 986 3435 τοῦ
1014 3380 1352 3457 φιλοχρίστου
1377 3383 1627 3457 βασιλέως
1652 3383 1906 3460 ὁμοίωμα,
1932 3387 2070 3464 αἱρε-

470 3468 606 3524 τικὸν
635 3469 894 3526 ἀποκαλῶν
920 3473 1005 3527 τόν
1032 3474 1280 3545 ἡνωμένον
1309 3475 1444 3530 οὕτω
1467 3483 1598 3549 Θεῷ,
1629 3481 1713 3533 καί
1754 3477 2070 3554 φρουρούμε-

470 3583 554 3618 νον
599 3563 690 3618 ὑπ’
733 3566 915 3632 αὐτοῦ,
941 3567 999 3622 τό
1045 3575 1137 3628 τῆς
1176 3567 1405 3631 ἀληθείας
1452 3569 1764 3642 φυλάττοντα
1802 3576 2066 3648 κήρυγμα,

471 3659 552 3712 καί
591 3659 683 3713 οὐκ
713 3656 910 3716 ἔπαυσε
951 3661 1035 3716 τὸν
1069 3662 1223 3734 θυμόν
1251 3664 1413 3742 μέχρι
1447 3666 1718 3730 τοσούτου,
1749 3665 1845 3728 ἕως
1877 3663 1938 3722 οὗ
1982 3673 2072 3723 καί

471 3752 559 3808 τήν
586 3753 835 3824 φέρουσαν
863 3754 920 3807 τὸ
966 3755 1234 3830 περιφανές
1276 3751 1556 3830 ἕκτύπωμα
1589 3755 1790 3813 σινδόνα
1818 3756 2065 3838 διέρρηξε,

470 3846 555 3898 καί
592 3845 744 3916 μέρος
789 3845 1024 3910 κατέαξεν
1053 3848 1103 3912 ἐξ
1141 3849 1322 3914 αὐτοῦ,
1353 3845 1378 3902 ὃ
1416 3852 1499 3903 καί
1537 3854 1667 3927 πυρί
1708 3849 2079 3929 παραδέδωκεη

468 3936 536 3992 Τό
563 3939 660 4015 γάρ
693 3937 801 3994 ὅλον
839 3940 1088 4014 ἀφανίζειν
1115 3943 1203 3997 οῦκ
1239 3939 1506 4015 ἴσχυσεν,
1538 3945 1795 4018 φυλαχθὲν
1832 3948 1934 4002 ὑπὸ
1975 3955 2068 4010 τῆς

468 4036 706 4106 προνοίας
732 4043 819 4092 τοῦ
848 4040 1137 4116 κρείττονος
1165 4041 1236 4101 είς
1262 4037 1484 4113 ἔλεγχον
1526 4043 1710 4120 ἀκριϐῆ
1745 4049 1839 4099 τοῦ
1866 4049 2067 4118 φονικοῦ

468 4125 616 4184 τοῦδε
644 4131 988 4206 τολμήματος,
1012 4137 1096 4188 καί
1120 4139 1215 4188 τοῦ
1239 4136 1466 4208 μείζονος
1489 4137 1695 4192 πάντων
1725 4141 2069 4211 κατηγορήμα-

465 4239 572 4282 τος.
602 4223 869 4299 Μάρτυρες
908 4225 1182 4284 ἑστήκασιν
1212 4223 1416 4303 ἄνδρες.
1443 4229 1512 4289 ὡς
1541 4226 1742 4303 ἔγνωτε,
1771 4227 2066 4301 ἁγιώτατοι,

468 4321 607 4387 σαφῆ
632 4320 721 4374 τήν
751 4317 976 4376 ἀλήθειαν
1015 4322 1292 4396 συνήγορον
1322 4317 1557 4390 ἔχοντες.
1585 4319 1786 4382 Ἐπειδή
1820 4325 1987 4380 τοίνυν
2015 4327 2066 4379 ἐκ

467 4407 756 4483 παραδόξου
787 4410 833 4462 οί
859 4410 1228 4488 προρρηθέντες
1266 4412 1612 4489 αἶρεσιάρχαι
1639 4403 2070 4488 ἀνταλλαξάμενοι

465 4503 557 4561 τήν
600 4501 894 4575 ὀφείλουσαν
931 4505 1094 4560 οώτῶν
1123 4505 1328 4566 ἐκϐολὴν
1348 4509 1577 4572 γενέσθαι
1608 4510 1704 4564 σῦν
1730 4509 1928 4584 ἀτιμίᾳ,
1960 4511 2066 4587 πρὸ

2177 3307 2324 3365 sunt,
2375 3300 2711 3368 percutiebat
2756 3303 2874 3358 sine
2917 3303 3069 3359 venia
3102 3307 3508 3364 similitudinem
3553 3308 3773 3366 Christo

2177 3389 2532 3445 amantissimi
2587 3392 2959 3462 imperatoris,
3011 3396 3323 3453 lmreticum
3373 3399 3773 3456 denominando

2176 3480 2256 3537 sic
2303 3480 2415 3536 Deo
2441 3483 2674 3550 unitum,
2708 3492 2762 3540 et
2807 3484 2877 3540 ab
2902 3486 3020 3556 ipso
3047 3489 3400 3558 custoditum,
3433 3501 3488 3547 et
3528 3490 3769 3548 veritatis

2177 3573 2611 3641 praedicationem
2647 3577 3062 3635 custodientem.
3094 3579 3206 3637 Nec
3229 3597 3258 3636 a
3299 3581 3482 3640 furore
3511 3583 3764 3656 cessavit,

2175 3665 2348 3721 donec
2377 3665 2561 3722 divisit
2611 3671 2844 3724 tunicam
2894 3668 3181 3729 habentem
3225 3673 3466 3731 nobilem
3493 3675 3766 3747 efﬁgiem:

2175 3768 2230 3814 et
2255 3768 2462 3830 partem
2493 3775 2593 3831 pro
2614 3775 2673 3818 se
2702 3763 2896 3833 tenuit,
2923 3749 3165 3836 quam-et
3185 3767 3294 3839 igni
3322 3768 3564 3837 tradidit;
3596 3777 3770 3827 totum

2174 3852 2536 3909 exterminare
2566 3869 2672 3910 non
2705 3855 2891 3911 valuit.
2925 3855 3056 3914 Nam
3078 3869 3454 3917 conservatum
3472 3862 3572 3919 fuit
3595 3877 3628 3919 a
3653 3878 3768 3921 me-

2175 3939 2300 3996 liori
2350 3941 2628 4018 [numinis]
2675 3947 3015 4018 providentia
3043 3951 3097 4007 in
3123 3953 3561 4026 redargutionem
3591 3958 3767 4014 mani-

2173 4033 2366 4092 festam
2409 4047 2465 4093 et
2492 4048 2674 4096 notam
2702 4039 3061 4099 homicidialis
3087 4039 3428 4116 temeritatis,
3463 4057 3520 4104 et
3547 4049 3767 4119 majoris

2173 4130 2424 4188 omnibus
2465 4134 2942 4191 accusationibus:
2978 4145 3146 4193 testes
3192 4137 3407 4195 fuerunt
3454 4141 3551 4196 viri
3606 4142 3768 4212 (sicut

2175 4221 2424 4295 novistis)
2453 4226 2807 4293 sanctissimi,
2838 4229 3180 4285 manifestam
3211 4231 3491 4288 veritatem
3530 4232 3768 4290 advoca-

2177 4328 2284 4374 tam
2347 4319 2627 4376 habentes.
2688 4323 2954 4389 Quoniam
3003 4323 3166 4394 igitur
3197 4335 3408 4396 przeter
3454 4326 3766 4398 opinionem

2175 4411 2552 4468 haeresiarchas
2599 4414 3056 4485 submutaverunt-
3074 4419 3454 4489 dejectionem,
3483 4437 3603 4492 quae
3639 4435 3765 4478 cum

2175 4505 2466 4575 ignominia
2496 4506 2730 4564 debebat
2757 4523 2903 4576 esse.
2926 4520 2981 4566 et
3006 4521 3131 4568 ante
3175 4522 3386 4585 tempus
3417 4515 3644 4572 multum
3671 4516 3768 4572 de-

467 4593 663 4667 χρόνου
689 4594 870 4650 πολλοῦ
895 4599 953 4653 τό
981 4598 1032 4650 iv
1056 4605 1169 4660 τοῖς
1191 4599 1477 4671 βασιλικοῖς
1504 4602 1732 4674 ταμείοις
1761 4605 1911 4655 οἰκεῖν
1938 4604 2069 4674 ποιρ-

2184 4599 2369 4655 deruut
2397 4599 2680 4658 audaciam
2735 4605 3014 4661 habitandi
3057 4607 3109 4662 in
3143 4608 3412 4679 regalibus
3452 4611 3630 4678 cellis,
3681 4607 3769 4667 his'

465 4684 649 4762 ρησίαν
695 4682 946 4742 δεδώκασι
993 4696 1097 4748 τοῖς
1136 4687 1248 4745 κατ’
1275 4685 1421 4744 ἄλλον
1460 4688 1650 4766 τρόπον
1674 4691 1794 4746 Θεὸν
1821 4693 2065 4767 ἀρνουμέο

465 4794 591 4837 νοις,
625 4776 1046 4852 ἐματαλιγέντων
1089 4783 1260 4843 αὐτοῖς
1297 4781 1493 4837 πολλῶν
1523 4782 1732 4854 ὀνόματι
1774 4781 2063 4856 ὀρθοδοξίας

467 4866 810 4934 έπιπλάστου,
839 4873 921 4926 καί
958 4870 1333 4930 κινδυνεύουσιν
1360 4875 1407 4930 οί
1434 4878 1616 4930 πιστοί
1636 4883 1913 4948 πανταχοῦ
1944 4886 2059 4949 γῆς,

467 4961 644 5032 μηκέτι
668 4963 718 5016 ίν
744 4961 944 5041 ὁμονοίᾳ
967 4967 1279 5043 πορεύεσθαι
1309 4969 1360 5022 is
1398 4976 1473 5040 τῷ
1507 4965 1624 5040 οἴκῳ
1652 4975 1742 5023 τοῦ
1765 4977 1916 5037 Θεοῦ,
1945 4971 2060 5035 έξά’

464 5078 591 5135 ρατε
633 5061 838 5132 ταχέως
882 5063 964 5134 ἀφ’
1012 5065 1152 5137 ἡμῶν
1196 5066 1312 5126 τοῦς
1353 5066 1633 5138 πονηρούς,
1683 5068 2059 5140 προσιν.’γκατε

463 5155 694 5217 συνήθως
713 5157 904 5217 ταύτην
927 5163 1018 5218 τήν
1041 5159 1241 5226 θυσίαν,
1264 5167 1338 5231 τῷ
1359 5159 1454 5230 θεῷ
1480 5161 1566 5214 καί
1594 5166 1792 5233 σωτῆρι
1816 5159 1947 5234 ὑπὲρ
1969 5169 2062 5221 τῆς

389 5227 412 5310 ξ,
464 5245 919 5319 φυλαχθησομένης
948 5250 1066 5323 ύμ“ν
1104 5249 1296 5322 ἀγαθῆς
1311 5227 1601 5323 ἀπολογίας
1628 5245 1678 5302 ίν
1808 5227 2061 5324 μελλούσῃ

365 5396 391 5410 ν
465 5340 632 5413 κρίσει
745 5341 928 5421 φοϐερᾷ
957 5342 1217 5419 ὶλιυθέραν
1259 5343 1453 5403 παντός
1481 5339 1652 5408 δέους,
1682 5345 1764 5397 καί
1792 5347 2062 5418 τρικυμίας

378 5430 390 5490 Ῐ
464 5430 740 5508 αἵρετικῆς.
769 5437 857 5492 τήν
894 5440 1186 5512 κρατοῦσαν
1213 5435 1489 5506 εὐκοσμίαν
1521 5434 1944 5497 ἐκκλησιαστικην
1974 5458 2061 5510 ςιν-

460 5524 647 5591 λάξατσ
671 5529 985 5584 κατάστασιν
1021 5529 1374 5599 βεϐαιοῦντες,
1407 5535 1494 5586 καί
1529 5525 1670 5592 αὖθις
1709 5535 1806 5593 τάς
1835 5533 1950 5590 κατ’
1975 5538 2060 5591 αῦ-

393 5609 414 5620 ”
483 5634 584 5682 τῶν
611 5630 784 5704 πρώην
811 5627 1164 5699 ἐξενεχθείσοις
1185 5628 1238 5681 ίκ
1259 5633 1348 5683 τοῦ
1375 5627 1708 5683 ἀποστολικοῦ
1732 5628 1875 5699 ὑμῶν
1895 5630 2072 5702 θρόνου

482 5721 778 5792 ένθίσμους,
805 5723 892 5775 κοί
934 5717 1155 5786 δικαίας,
1198 5723 1285 5774 καὶ
1331 5718 1558 5780 εὐσεϐεῖς
1603 5721 1886 5792 ἀποφάσεις
1928 5725 2072 5784 εἰση-

482 5814 720 5892 γοῦμενοι
747 5823 819 5885 τῷ
850 5817 1176 5888 ἐννομωτάτῳ
1223 5817 1428 5888 βασιλεῖ
1461 5818 1621 5886 ἡμῶν,
1651 5818 1739 5870 καί
1774 5817 1840 5873 τά
1875 5817 2071 5877 έκείνων

2174 4691 2265 4762 qui
2289 4706 2386 4762 per
2406 4692 2568 4749 alium
2597 4695 2813 4751 modum
2839 4697 3004 4754 Deum
3029 4709 3245 4770 negant,
3270 4701 3450 4758 multis
3469 4703 3767 4776 designatis

2173 4793 2231 4843 et
2280 4789 2651 4846 annumeratis
2681 4789 2813 4861 ipsis
2861 4793 3079 4850 nomine
3116 4793 3256 4851 ﬁcte
3291 4796 3668 4861 orthodoxi-.12;
3707 4807 3764 4853 et

2172 4880 2472 4951 periculum
2513 4894 2599 4940 est
2644 4881 2830 4940 ﬁdeles
2859 4900 3128 4957 nunquam
3172 4886 3453 4945 ambulare
3501 4890 3555 4945 in
3599 4890 3762 4946 domo

2172 4973 2385 5030 Domini
2406 4989 2528 5030 cum
2558 4989 2852 5042 consensu,
2886 4979 3056 5034 toll.tc
3079 4995 3110 5035 a
3139 4981 3294 5036 nobis
3317 4983 3424 5038 cito
3445 4984 3649 5050 malos;
3681 4982 3765 5038 of-

2169 5065 2308 5123 ferte
2329 5077 2586 5125 consuete
2613 5069 2934 5126 sacriﬁcium
2965 5069 3069 5127 hoc
3111 5071 3222 5129 Deo
3249 5081 3304 5129 et
3331 5066 3621 5146 Salvatori,
3665 5091 3764 5147 pro

2165 5161 2534 5217 conservanda
2558 5161 2714 5218 nobis
2734 5153 3050 5220 defensione
3079 5165 3134 5220 in
3154 5163 3334 5223 futuro
3377 5169 3661 5224 tremendo
3678 5168 3764 5240 ju-

2166 5251 2350 5320 dicio;
2401 5254 2630 5310 liberum
2658 5254 2729 5310 ab
2776 5257 2924 5312 omni
2970 5258 3182 5325 timore,
3213 5268 3268 5315 et
3313 5258 3564 5316 hatretica
3595 5265 3762 5318 tritiu-

2166 5347 2436 5405 ctuatione
2463 5357 2756 5416 armatum,
2775 5353 3195 5408 ecclesiasticum
3217 5365 3537 5413 conservate
3558 5365 3757 5413 statum

2165 5448 2585 5513 conlirmantes;
2630 5461 2924 5518 rursusque
2951 5450 3225 5521 suggerite
3249 5451 3552 5522 justissima
3595 5455 3759 5525 impe-

2161 5537 2330 5594 ratori
2358 5548 2545 5595 nostro
2586 5539 2701 5608 pias
2729 5553 2792 5595 ac
2833 5539 3008 5611 jttSias
3047 5545 3345 5599 sententias
3370 5555 3559 5600 contra
3608 5549 3756 5616 ipsos

2164 5621 2409 5701 pI-ius'ab
2451 5633 2745 5702 apostolica
2779 5636 2909 5690 sede
2956 5643 3133 5689 vestra
3169 5637 3435 5706 prolatas;
3467 5643 3754 5695 statuendo

2163 5722 2251 5778 illa
2287 5725 2445 5796 impia
2477 5724 2676 5795 scripta
2712 5725 2922 5782 tradere
2953 5727 3083 5797 igni,
3106 5736 3161 5783 et
3191 5728 3452 5786 habentes
3485 5733 3538 5786 in
3571 5732 3750 5798 publi-

2160 5831 2285 5874 cum
2330 5817 2581 5891 prodere,
2612 5817 2769 5890 juxta
2808 5819 3161 5878 imitationem
3207 5838 3395 5880 eorum
3435 5825 3530 5898 qui
3572 5826 3755 5900 aelant
