4126 6362
328 367 392 420 Ti
1765 363 2139 420 EI’ISTDL/E.
3517 368 3588 422 78

592 540 597 545 ι
1703 544 1717 560 Δ
1754 543 1881 560 Ιιτι¹

1995 543 2178 560 'ht‘r
2792 526 2813 547 θ
3002 557 3004 560 ν
3102 548 3105 557 ¹

1623 488 2211 618 ’ᾝΡΡΕΝΒΙΧ

909 768 1241 822 EPISTULA
1286 767 1322 820 V
1361 777 1405 816 υ.

690 875 751 911 an
790 876 1061 912 as-ruutcn
1104 875 1185 913 cr.
1230 874 1514 913 EPISCOPUM
1548 858 1585 909 '.

326 972 554 1026 Os‘endit
584 974 635 1025 in
667 971 868 1025 Christo
900 974 1027 1026 duas
1074 973 1322 1039 perfectus
1369 989 1473 1025 esse
1519 981 1729 1023 naturas
1757 987 1775 1024 :
1806 970 1910 1022 Au-

503 1044 711 1094 thimum
743 1046 1056 1095 contrarium
1085 1058 1385 1097 asserenteni
1416 1045 1687 1094 damnans.

395 1135 659 1198 Agapetus
688 1133 940 1189 Anthimo
972 1134 1224 1201 epist-Ope
1256 1136 1503 1186 salutem.

393 1224 553 1278 Multo
597 1226 794 1295 gaudio
836 1240 1008 1279 essem
1060 1226 1294 1294 repletus
1326 1228 1379 1287 ',
1411 1227 1453 1279 si
1484 1234 1535 1277 te
1568 1226 1726 1278 talem
1761 1225 1903 1277 circa

324 1315 573 1369 Ecclesia:
621 1330 802 1383 pacem
852 1327 903 1369 et
946 1318 1317 1385 gloriosi-simi
1363 1317 1698 1385 imperatoris
1744 1330 1903 1384 atque

242 1432 247 1436 ι
323 1407 504 1472 populi
555 1406 851 1459 doctrinam
887 1407 1228 1474 reperissem,
1264 1407 1472 1476 qualem
1503 1417 1552 1460 te
1588 1408 1638 1459 in
1675 1407 1897 1475 primor-

323 1495 410 1548 dio
438 1512 555 1550 esse
587 1498 788 1550 audivi.
814 1498 917 1551 Sed
951 1514 1109 1564 nunc,
1139 1499 1257 1568 quia
1284 1500 1566 1551 didicimus
1593 1515 1622 1551 a
1652 1513 1902 1553 reveren-

322 1576 556 1640 dissimis
581 1588 855 1653 fratribus,
885 1598 933 1641 Ie
960 1599 1149 1641 contra
1170 1599 1363 1642 statuta
1399 1589 1635 1653 Patrum,
1670 1589 1897 1655 impera-

323 1685 491 1731 torem
543 1686 597 1733 et
650 1677 883 1746 reliquos
939 1679 1163 1747 populos
1217 1678 1444 1741 docere,
1498 1680 1564 1731 ita
1616 1689 1672 1731 ut
1713 1687 1900 1746 negata

321 1768 568 1822 humana:
610 1772 785 1824 carnis
816 1773 836 1800 ³
865 1780 1022 1839 atque
1051 1771 1242 1826 anima:
1279 1773 1527 1838 veritate,
1555 1781 1760 1825 tantum
1794 1771 1897 1823 Do-

321 1864 523 1912 minum
552 1872 793 1915 nosuum
822 1862 1003 1917 Jesnin
1039 1863 1316 1916 Christum
1352 1864 1508 1916 lluitts
1544 1877 1756 1915 asseras
1779 1876 1901 1916 esse

321 1961 549 2015 natura},
602 1962 852 2021 tanquam
902 1953 1059 2007 Verbi
1116 1954 1288 2008 deitas
1343 1955 1458 2023 ipsa
1500 1970 1557 2007 se
1602 1954 1654 2007 in
1685 1967 1897 2007 carnem

319 2042 660 2111 animamque
714 2045 945 2107 verterit,
980 2055 1032 2097 et
1080 2056 1328 2114 tanquam
1364 2047 1575 2115 concipi
1621 2062 1684 2101 ac
1728 2047 1895 2110 nasci,

1932 769 1979 823 Λ
2011 774 2057 817 et
2099 779 2217 817 cum
2254 766 2537 834 Evangelii)
2565 768 2798 822 veritatis
2827 786 2931 838 qua
2974 770 3178 825 ratione
3227 775 3580 836 concordent,

2012 859 2054 909 si
2091 873 2182 925 per
2211 859 2440 926 Virginis
2469 871 2673 927 partum
2706 872 2792 914 aut
2824 877 2948 915 caro
2976 864 3091 918 sine
3113 864 3325 931 dcitate,
3354 880 3440 921 aut
3463 870 3581 922 dei-

2011 957 2094 1002 tas
2119 960 2200 1001 est
2223 965 2337 1003 orta
2372 952 2489 1002 sine
2520 967 2698 1005 carne.
2728 953 2878 1006 Sicut
2900 955 3040 1006 enim
3068 957 3247 1025 negari
3277 974 3380 1009 non
3415 968 3591 1024 potest

2012 1040 2375 1107 (evangelista
2407 1041 2653 1111 dicente)
2682 1043 2821 1112 Quod
2866 1044 3079 1097 Verbum
3118 1063 3236 1099 caro
3267 1053 3459 1118 factum
3488 1067 3585 1112 est,

2011 1138 2053 1181 et
2083 1129 2320 1183 habitarit
2363 1133 2412 1184 in
2438 1134 2583 1185 nobis
2622 1132 2809 1202 (Jonn.
2845 1134 2893 1205 ι)
2927 1154 2937 1187 :
2974 1137 3040 1189 ita
3073 1141 3249 1207 negari
3279 1154 3383 1193 non
3416 1150 3590 1208 potest

2009 1220 2205 1290 (beato
2249 1224 2494 1291 apostolo
2542 1226 2703 1277 Paulo
2744 1227 3101 1297 pra'dicante)
3129 1231 3266 1297 quod
3310 1231 3445 1284 Deus
3477 1244 3586 1285 erat

2008 1311 2060 1362 in
2089 1310 2308 1378 Christo,
2345 1314 2591 1366 mundam
2621 1316 2952 1371 reconcilians
2980 1320 3072 1372 sibi
3102 1318 3157 1386 (1
3165 1319 3189 1371 Ι
3216 1320 3439 1387 Conv).
3459 1328 3587 1389 Qum

2007 1414 2185 1459 autem
2229 1410 2597 1463 reconciliatio
2626 1426 2747 1464 esse
2782 1421 2979 1480 posset,
3009 1429 3109 1481 qua
3139 1415 3373 1469 humano
3401 1419 3583 1485 generi

2007 1498 2445 1566 repropitiaretur
2491 1500 2650 1563 Deus,
2697 1502 2740 1555 si
2793 1502 3024 1555 hominis
3064 1520 3276 1558 causam
3326 1507 3584 1561 Mediator

2008 1588 2099 1641 Dei
2142 1598 2195 1641 et
2226 1591 2497 1644 hominum
2548 1610 2650 1647 non
2696 1595 3030 1664 susciperet?
3061 1598 3174 1661 Qua
3206 1614 3331 1651 vero
3376 1600 3583 1654 ratione

2006 1682 2282 1735 veritatem
2317 1682 2621 1737 Mediatoris
2667 1685 2876 1753 implet,
2913 1687 3011 1740 nisi
3040 1692 3161 1755 quia
3194 1689 3280 1756 qui
3316 1690 3367 1743 iu
3413 1689 3581 1743 forma

2008 1772 2100 1825 Dci
2126 1775 2343 1840 a-qnalis
2369 1784 2449 1828 est
2477 1776 2641 1838 Patri.
2680 1778 2729 1830 in
2760 1777 2926 1830 ferma
2963 1778 3102 1831 servi
3149 1781 3412 1849 particeps
3442 1792 3581 1836 esset

2006 1874 2059 1916 et
2098 1867 2286 1929 nostri,
2318 1877 2371 1919 ut
2418 1869 2604 1922 mortis
2635 1870 2900 1924 vinculum
2949 1874 3105 1926 unius
3152 1875 3581 1941 praevaricatione

2005 1967 2336 2010 contraetum
2369 1959 2526 2012 unius
2570 1971 2762 2022 marte,
2796 1963 2881 2029 qni
2934 1964 3080 2016 solus
3112 1963 3271 2017 morti
3318 1964 3447 2017 nihil
3494 1966 3581 2019 de.

2006 2046 2142 2109 buit,
2171 2050 2509 2104 solteretur?
2530 2052 2727 2106 ElTnsio
2759 2057 2897 2107 enim
2923 2054 3052 2123 justi
3087 2058 3358 2124 Sanguinis
3386 2057 3583 2112 Christi

320 2135 510 2187 nutriri
544 2144 597 2189 et
624 2150 887 2199 crescere,
917 2139 1153 2206 crucifigi
1188 2156 1247 2192 ac
1278 2141 1408 2192 mori
1432 2180 1445 2201 ,
1480 2140 1692 2207 sepeliri
1725 2154 1787 2191 ac
1817 2155 1897 2191 re-
1930 2141 1977 2198 B
2005 2144 2109 2188 tam
2145 2136 2237 2189 fuit
2269 2140 2418 2192 dins
2451 2142 2514 2193 ad
2552 2143 2799 2209 pretium,
2834 2154 2888 2196 ut
2919 2144 2963 2196 si
3000 2146 3316 2201 universitas
3345 2151 3581 2216 captivo-

319 2239 563 2292 surgere,
587 2233 639 2277 et
662 2226 953 2280 ascendere
983 2228 1032 2279 in
1064 2229 1278 2287 cadum.
1306 2228 1495 2282 sedere
1524 2228 1587 2281 ad
1621 2228 1896 2282 dexteram

320 2310 512 2377 Patris,
548 2314 732 2368 venire
780 2315 843 2367 ad
889 2314 1210 2383 judicandos
1260 2319 1413 2371 vivos
1443 2328 1494 2371 et
1524 2329 1781 2381 mortuos,
1817 2320 1897 2372 di-

318 2406 455 2460 vina:
499 2415 700 2461 tantum
734 2408 1024 2463 Voluntatis
1072 2411 1250 2475 fuerit,
1286 2426 1405 2480 qua:
1438 2411 1567 2463 nihil
1618 2411 1807 2465 horum
1844 2413 1892 2465 in

316 2512 375 2553 se
433 2498 550 2553 sine
592 2500 768 2553 carnis
823 2500 1010 2571 recipit
1063 2505 1327 2556 veritate:
1359 2519 1475 2573 quae
1526 2515 1715 2558 natura
1748 2507 1890 2558 nni'a

317 2600 519 2643 natura:
549 2588 742 2656 Patris,
778 2600 964 2645 natura
995 2604 1077 2647 est
1124 2593 1355 2662 Spiritus
1402 2597 1593 2661 sancti,
1626 2596 1892 2665 simulque

315 2682 680 2749 impassibilis,
734 2684 1002 2752 simulque
1049 2687 1517 2751 incommutabilis,
1550 2691 1893 2759 sempiterna!

314 2770 593 2826 Trinitat's
640 2774 865 2830 indivisa
899 2777 1096 2842 unitas,
1127 2787 1182 2832 et
1211 2779 1367 2833 unius
1400 2781 1685 2833 voluntatis
1716 2798 1889 2849 mqua-

314 2862 455 2917 litas.
496 2864 643 2919 Unde
672 2867 716 2919 si
752 2868 939 2936 aliquis
972 2870 1124 2923 mala:
1158 2871 1442 2926 voluntatis
1474 2873 1655 2935 homo,
1687 2883 1777 2926 aut
1806 2874 1889 2926 iu~

258 2986 266 2991 -
313 2953 486 3007 lideTis
538 2960 761 3026 quisque
808 2959 1078 3022 desciscit,
1132 2977 1197 3015 ne
1244 2964 1588 3017 convincatur
1639 2964 1890 3018 deitatem

313 3046 616 3111 passibifem
664 3049 884 3111 sentire,
922 3060 1080 3119 atque
1112 3053 1411 3116 mortalem,
1442 3065 1495 3108 et
1521 3063 1695 3108 tamen
1735 3056 1890 3110 Verbi

312 3136 589 3202 incarnati,
624 3139 671 3189 il
711 3148 793 3193 est
826 3140 985 3201 Verbi
1015 3152 1069 3197 et
1109 3144 1287 3197 carnis
1322 3160 1476 3198 unam
1520 3162 1679 3200 ausus
1732 3146 1891 3201 fuerit

311 3229 658 3295 pronuntiare
702 3242 944 3284 naturam
971 3274 986 3299 ,
1018 3234 1299 3290 manifeste
1330 3236 1380 3289 in
1413 3247 1651 3304 apertam
1694 3247 1746 3289 et
1782 3238 1889 3290 Deo

310 3318 560 3372 odibilem
604 3322 794 3373 transit
846 3321 1129 3390 insaniam,
1177 3326 1265 3393 qui
1314 3326 1664 3381 mediatorem
1719 3329 1805 3382 Dei
1836 3338 1889 3382 et

309 3409 605 3475 hominum,
658 3412 926 3467 hominem
980 3414 1163 3469 Jesum
1213 3418 1505 3482 Christum,
1557 3419 1886 3472 simulatorie

2005 2243 2120 2281 rum
2154 2230 2203 2282 in
2239 2231 2648 2301 Redemptorcm
2682 2251 2833 2288 suum
2864 2236 3126 2297 crederet.
3156 2238 3356 2292 nullum
3388 2241 3581 2294 diaholi

2011 2322 2279 2377 vinculum
2325 2326 2602 2381 retineret.
2636 2327 2893 2395 Quoniam
2946 2329 3117 2402 (siut
3148 2330 3435 2400 Apostolus
3468 2334 3580 2403 ait)

2001 2415 2087 2466 ubi
2143 2416 2421 2471 abundavit
2478 2418 2777 2487 peccatuni,
2832 2424 3263 2492 superabundavit
3315 2435 3362 2478 et
3416 2429 3580 2497 gratia

1999 2504 2175 2573 (Rom.
2210 2507 2287 2578 v).
2322 2509 2529 2564 Etcum
2561 2514 2659 2567 sub
2695 2515 2897 2583 peccati
2928 2516 3235 2584 pra-judicio
3267 2519 3375 2572 nati
3407 2529 3583 2588 potes-

2002 2606 2161 2652 tatem
2212 2602 2515 2671 acceperint
2563 2604 2630 2659 ad
2680 2606 2942 2673 justitiam
2987 2610 3322 2683 renascendi,
3352 2614 3581 2669 validius

2000 2690 2196 2744 factum
2229 2703 2310 2746 est
2338 2695 2531 2749 donum
2570 2696 2852 2765 libertatis,
2881 2715 3040 2769 quam
3077 2702 3312 2758 debitum
3355 2706 3580 2760 servitu-

2000 2783 2087 2835 tis.
2115 2783 2281 2848 Quam
2330 2786 2507 2854 itaque
2550 2788 2648 2841 sibi
2681 2790 2732 2842 in
2765 2789 2921 2858 hujus
2959 2795 3282 2848 sacramenti
3332 2797 3578 2865 prmsidio

1998 2888 2148 2940 spem
2200 2876 2526 2945 relinquunt,
2576 2882 2662 2948 qui
2711 2881 2761 2933 in
2815 2883 3089 2939 Salvatore
3146 2886 3332 2942 nostro
3388 2900 3578 2959 negant

2000 2963 2215 3018 humani
2265 2971 2506 3035 corporis
2556 2972 2871 3027 veritatem?
2915 2975 3105 3029 Dicant
3159 2994 3265 3047 quo
3317 2982 3577 3035 sacrificio

1998 3057 2346 3123 recoiiciliati,
2377 3074 2482 3127 quo
2527 3062 2782 3129 sanguine
2829 3074 2952 3117 sunt
2998 3065 3459 3136 redeinptiioais
3504 3083 3578 3125 est

1999 3146 2086 3221 (ut
2116 3148 2403 3216 Apostolus
2447 3150 2553 3219 ait)
2581 3154 2670 3216 qui
2701 3154 2910 3206 tradidit
2946 3158 3278 3227 semetipsum
3308 3175 3401 3229 pro
3432 3163 3577 3215 nobis

1995 3239 2299 3292 oblationem
2365 3250 2412 3294 et
2475 3243 2691 3295 hostiam
2754 3244 2858 3298 Deo
2918 3248 2968 3299 in
3034 3249 3240 3302 odorem
3312 3254 3455 3305 suavi
3480 3256 3578 3307 alia

1995 3328 2220 3398 (Ep/ins.
2247 3331 2346 3397 v)?
2377 3341 2467 3383 ant
2496 3334 2635 3401 quod
2663 3350 2891 3403 unquam
2925 3326 3240 3391 sacriﬁcium
3269 3340 3363 3395 fuit
3393 3358 3577 3397 sacra-

1996 3421 2117 3485 tius,
2151 3436 2307 3488 quam
2338 3422 2478 3490 quod
2508 3438 2662 3478 verus
2691 3434 2744 3479 et
2766 3440 2997 3481 mternus
3024 3431 3259 3494 pontifex
3288 3433 3446 3488 altari
3463 3451 3555 3488 cru

308 3501 481 3553 credit
511 3502 685 3553 omnia
718 3503 894 3572 egisse
917 3546 930 3569 ,
963 3521 1061 3561 nec
1089 3522 1270 3560 verum
1303 3508 1355 3561 in
1393 3509 1506 3576 ipso
1530 3523 1725 3575 corpus
1748 3549 1761 3572 ,
1794 3508 1885 3563 sed
1918 3514 1962 3575 C
1994 3513 2072 3567 cis
2094 3527 2190 3581 per
2220 3513 2641 3570 immolationem
2677 3533 2788 3572 sua:
2828 3520 3004 3575 carnis
3042 3522 3333 3589 imposuit?
3361 3524 3424 3579 In
3450 3544 3575 3581 wu-

307 3593 694 3660 phantasticam
743 3597 859 3665 ejus
904 3600 1144 3665 Corporis
1199 3600 1454 3667 speciem,
1503 3600 1669 3653 oculis
1720 3614 1885 3669 appa-

306 3688 478 3741 ruisse
514 3690 868 3744 cernentium.
916 3692 1046 3758 Quze
1098 3695 1384 3763 impietatis
1439 3695 1712 3749 mendacia
1757 3692 1887 3765 quo-

305 3777 450 3829 niam
482 3777 607 3830 olim
640 3778 770 3834 ildes
800 3782 1058 3836 catholica
1114 3783 1430 3851 detestatur,
1462 3796 1516 3838 et
1552 3788 1671 3838 talia
1713 3800 1885 3840 asser-

304 3865 505 3918 tionum
558 3869 838 3937 sacrilegia
890 3873 1252 3928 concordibus
1297 3891 1391 3943 per
1425 3887 1589 3929 totum
1626 3878 1882 3931 mundum

300 3954 577 4009 beatorum
612 3957 825 4011 Panum
863 3961 1058 4014 dudum
1092 3972 1215 4017 sunt
1264 3965 1511 4019 damnata
1559 3968 1879 4032 sententiis;

298 4058 407 4095 non
436 4044 654 4100 dubium
682 4058 783 4114 est,
816 4066 932 4104 eam
968 4068 1063 4106 nos
1090 4054 1246 4109 fidem
1277 4057 1571 4125 prmo’icare
1592 4069 1750 4126 atque
1781 4060 1881 4113 de-

296 4135 538 4197 fendere,
570 4155 727 4207 quam
776 4145 941 4197 saneti
982 4148 1209 4214 apostoli
1261 4137 1579 4213 docuerunt,
1612 4160 1664 4203 ct
1695 4151 1881 4205 hacte-

297 4244 399 4281 llllS
430 4244 614 4284 eorum
657 4249 875 4290 suorum
899 4253 988 4304 lue
1032 4253 1410 4294 successorum
1436 4258 1667 4311 sequens
1697 4256 1880 4299 sancta

293 4318 411 4373 hare
442 4320 683 4378 Romana
724 4336 775 4380 et
823 4330 1115 4397 apostolica
1171 4331 1413 4387 Ecclesia
1446 4334 1744 4387 doctrinam
1795 4347 1876 4389 te-

293 4412 407 4463 nuit
439 4428 500 4467 ac
543 4426 706 4481 tenet,
742 4418 921 4473 docuit
962 4430 1014 4474 et
1044 4423 1218 4477 docet.
1250 4424 1303 4478 Si
1333 4426 1546 4493 quidam
1581 4425 1601 4455 δ
1631 4428 1773 4480 enim
1805 4428 1876 4481 ita

292 4515 410 4554 sunt
446 4505 728 4571 obczecatt,
758 4519 807 4562 et
841 4526 867 4560 a
902 4513 1101 4566 lumine
1135 4515 1372 4567 veritatis
1401 4516 1585 4581 alieni,
1619 4527 1673 4569 ut
1714 4517 1874 4571 Verbi

293 4591 385 4645 Dei
436 4609 464 4646 a
510 4605 749 4667 tempore
806 4602 1185 4659 incarnationis
1241 4606 1505 4677 denegent
1556 4611 1873 4677 veritatem,

288 4691 442 4737 ostcn
469 4687 576 4741 lant
614 4688 667 4741 in
713 4706 817 4743 ouo
848 4694 907 4745 si.
932 4693 948 4744 i
976 4693 1335 4748 Christianum
1365 4714 1554 4751 nomen
1591 4714 1873 4765 nstsroent,

364 4878 388 4950 ς·
423 4868 541 4923 llaec
564 4887 664 4940 qua
696 4875 979 4931 Anthimus
1001 4878 1065 4931 de
1097 4878 1285 4933 haeresi
1312 4880 1637 4950 Eutychiana
1681 4884 1863 4938 redar-
1903 4864 1953 4923 Ῑ)

284 4940 486 5025 gnitur,
512 4950 983 5025 clumquejgapeto
1005 4951 1307 5025 ascribitur,
1340 4940 1646 5025 impostnrze
1678 4958 1853 5025 suspi-

284 5014 441 5087 cione
473 5012 555 5065 lab
581 5024 694 5066 trat.
726 5012 1007 5087 ljaitfcum
1036 5012 1316 5073 Anthimns
1372 5012 1466 5087 per
1513 5023 1718 5079 litteras
1765 5012 1859 5082 Se-

286 5083 562 5161 veri,_cum
588 5098 691 5151 quo
719 5084 1174 5161 ConstantinOpoli
1204 5083 1403 5144 diutius
1430 5106 1629 5161 egerat,
1655 5096 1720 5151 de
1753 5098 1861 5152 ha:-

284 5152 797 5229 residiilamaretur,
831 5157 989 5212 homo
1034 5152 1254 5214 callidus
1303 5177 1362 5215 se
1405 5152 1708 5229 juvratne'nto
1763 5184 1857 5222 ex-

284 5220 551 5303 pnrgavit,
603 5220 981 5303 atque'corain
1027 5231 1144 5297 ipso
1208 5220 1529 5300 imperatore
1585 5220 1855 5303 professus

283 5304 385 5374 est,
414 5306 473 5346 se
504 5295 555 5374 in
584 5297 830 5374 omnibus
852 5295 1195 5374 assensurum
1230 5295 1299 5356 iis
1322 5319 1440 5372 quae
1462 5295 1616 5361 sedes
1644 5320 1857 5374 aposto-

285 5363 385 5443 lica
421 5364 698 5443 sentienda
741 5382 1077 5443 proponeret.
1122 5363 1353 5427 Accedit
1397 5377 1535 5443 quod
1585 5363 1745 5433 etiam
1790 5396 1854 5435 ex

286 5432 412 5513 falsa
447 5434 668 5513 omnino
690 5432 963 5513 consulum
1000 5452 1120 5513 uota
1152 5432 1432 5498 Justiniani
1458 5432 1852 5513 quartomcuin

285 5504 563 5584 :l‘heodato
590 5507 609 5529 ¹
656 5520 749 5560 seu
802 5510 975 5589 potius
1009 5512 1292 5589 Theodoro
1321 5504 1541 5589 collega
1589 5504 1853 5589 detegitur

287 5575 758 5651 impostnra;_c_nm
791 5582 1085 5644 reperiatur
1112 5586 1219 5648 ipsa
1249 5575 1508 5651 epistola"
1525 5591 1642 5641 data
1675 5575 1855 5646 calen-

284 5646 367 5730 dis
380 5645 497 5698 Maii
517 5647 637 5730 arani
661 5647 790 5730 $54,
810 5645 1163 5730 qquoannes
1186 5657 1222 5676 "
1243 5645 1604 5730 praedecessor
1627 5645 1847 5730 Agapeti

284 5716 717 5799 adlltuc‘vivebat.
777 5719 884 5772 lmo
906 5722 1019 5799 ipse
1047 5723 1213 5799 stylns
1243 5716 1311 5799 ab
1340 5727 1455 5780 ali;s
1499 5716 1714 5797 Αεζιιρεῖῆ
1744 5716 1855 5799 epi-

284 5786 431 5840 Itolis
464 5786 618 5853 longe
643 5788 886 5844 ditersns
922 5797 1057 5845 hanc
1080 5786 1352 5860 epistolam
1375 5786 1595 5852 aitet-itis
1615 5786 1853 5869 'paren'Js

1991 3615 2163 3673 specta
2183 3605 2386 3659 Domini
2420 3610 2643 3677 pretiosa
2663 3626 2799 3663 mors
2813 3614 3077 3681 justorum
3105 3615 3203 3681 {ait
3228 3615 3395 3687 (Psal.
3423 3620 3569 3689 va);

1990 3697 2186 3752 nullius
2218 3706 2393 3754 tamen
2425 3700 2650 3756 insontis
2680 3704 2878 3758 occisia
2909 3705 3206 3776 redemptio
3240 3709 3339 3764 fuit
3365 3715 3572 3767 mundi.

1989 3789 2325 3856 Acceperunt
2358 3792 2502 3857 iusti,
2534 3809 2638 3847 non
2669 3794 2937 3851 dederunt
2964 3813 3212 3854 coronas.
3246 3801 3321 3858 De
3354 3802 3569 3859 forti'u-

1988 3880 2111 3935 dine
2144 3881 2375 3937 fidelium
2400 3886 2641 3952 exempla
2673 3897 2793 3942 nata
2818 3899 2941 3942 sunt
2971 3892 3260 3958 patientiae,
3295 3909 3398 3947 non
3427 3896 3568 3950 dona

1984 3972 2224 4039 justitizn.
2260 3973 2569 4043 Singulares
2599 3979 2794 4047 quippe
2839 3978 2890 4033 in
2941 3981 3167 4050 singulis
3216 3995 3418 4040 mortes
3449 3988 3567 4041 fue-

1987 4074 2130 4130 runt,
2164 4081 2262 4120 nec
2292 4068 2513 4123 alterius
2556 4068 2836 4140 quisquam
2883 4071 3122 4127 debitum
3171 4088 3270 4128 suo
3302 4078 3406 4130 line
3451 4094 3570 4146 per-

1987 4162 2167 4225 solvit,
2200 4177 2320 4215 cum
2349 4163 2512 4218 Filius
2556 4165 2787 4220 hominis
2814 4183 2948 4221 unus
2980 4169 3125 4224 solus
3160 4170 3414 4227 Dominus
3441 4189 3568 4228 nos-

1988 4259 2068 4303 tcr
2095 4252 2250 4304 .lesus
2278 4253 2543 4317 Christus,
2574 4256 2662 4324 qui
2709 4272 2836 4311 vere
2868 4258 3049 4326 Agnus
3092 4270 3227 4315 erat
3255 4262 3568 4321 immacula-

1988 4344 2392 4407 tu=,exstiterit,
2415 4345 2464 4397 in
2487 4361 2592 4415 quo
2623 4363 2809 4403 omnes
2837 4352 3104 4416 cruciﬁxi,
3124 4371 3311 4411 omnes
3342 4362 3560 4429 mortui,

1986 4446 2173 4486 omnes
2203 4435 2431 4503 sepulti,
2464 4451 2651 4492 omnes
2682 4451 2805 4494 sunt
2834 4444 2995 4497 etiam
3046 4447 3306 4505 suscitati.
3339 4450 3414 4507 De
3445 4444 3563 4522 qni-

1984 4527 2083 4577 bus
2114 4527 2227 4595 ipse
2256 4528 2502 4582 dicebat:
2539 4529 2664 4583 Cum
2696 4535 2952 4590 rxaltatus
2980 4542 3124 4606 {acra
3153 4557 3184 4593 a
3205 4552 3361 4609 terra,
3394 4549 3565 4600 omnia

1985 4618 2181 4671 traham
2210 4620 2274 4671 ad
2317 4622 2563 4689 meipsnm
2591 4624 2781 4693 (Joan.
2814 4629 2936 4697 ιρι).
2966 4630 3119 4686 Fide-
3148 4636 3564 4706 etenimjnstiii-

1986 4724 2113 4763 cans
2146 4711 2357 4779 impios,
2386 4724 2440 4769 et
2470 4731 2656 4770 trcans
2679 4717 2876 4786 justos,
2900 4722 2962 4774 ad
2990 4722 3304 4780 humilitatis
3328 4742 3557 4785 retraeta

1979 4912 2369 4995 soboje‘ute’sse
2394 4914 2521 4995 satis
2554 4914 2767 4969 indica'.
2807 4917 2937 4972 Vide
2990 4920 3182 4978 Baron.
3232 4939 3369 4979 anno
3429 4927 3554 4995 555,

1974 5001 2026 5037 n.
2062 4982 2128 5035 88
2278 4984 2406 5037 Sav.
2441 4985 2638 5038 ΒιΝιυε.

2048 5078 2060 5105 ¹
2093 5070 2461 5155 Falsatnhanc
2492 5079 2659 5155 multa
2687 5081 2936 5155 probant;
2969 5101 3141 5155 neque
3164 5088 3305 5141 enim
3341 5096 3546 5145 tantum

1969 5146 2275 5208 suspicione
2304 5148 2618 5214 impostnrm
2647 5148 2869 5205 lahorat.
2930 5167 2937 5175 ·

2043 5219 2061 5247 ’
2097 5216 2406 5271 Hortnisdas
2434 5234 2520 5283 ep.
2549 5219 2638 5273 80.

2041 5287 2060 5316 ³
2546 5254 2685 5356 536d
2729 5292 3007 5351 advertere
3043 5296 3343 5354 debuerant
3392 5300 3557 5356 Baro-

1970 5358 2107 5417 nius.
2143 5358 2342 5422 Bittius,
2377 5360 2593 5426 aliique,
2627 5374 2681 5414 ut
2708 5368 2909 5418 monuit
2943 5367 3004 5419 Β.
3035 5367 3095 5421 C.

2042 5427 2060 5457 ‘
2093 5428 2232 5483 Idem
2267 5429 2324 5483 S.
2352 5429 2596 5484 Pontifex
2623 5432 2811 5488 eodem
2844 5436 2979 5491 loco.

2030 5518 2047 5535 '
2077 5518 2296 5567 Deodato
2324 5522 2467 5570 habet
2496 5535 2539 5570 c.
2564 5521 2689 5573 Just.

2030 5580 2068 5598 “
2096 5579 2226 5629 Obiit
2251 5584 2309 5630 26
2329 5582 2593 5635 Juniiauni
2630 5586 2737 5635 555.

2030 5643 2091 5707 ζ’·
2120 5642 2417 5707 Pra'cedens
2452 5643 2668 5705 epistola,
2708 5650 2834 5707 quod
2878 5663 2963 5699 nec
2996 5652 3227 5701 Baronias
3253 5664 3340 5701 nec
3377 5655 3556 5705 [liuius

1963 5699 2427 5776 aiti'itadveilternut,
2448 5699 2543 5776 tota
2562 5699 2903 5776 desimiotayst
2928 5724 2993 5776 ea:
3023 5699 3256 5776 primorie
3290 5699 3555 5769 's’eci'iiiiiil

1962 5762 2293 5833 tuloepistoln:
2330 5769 2388 5833 97
2418 5762 2605 5833 'Leonis
2647 5783 2785 5831 papa:
2813 5772 2851 5817 1,
2899 5762 3110 5833 (Ρθνῖηε,
3146 5762 3426 5830 dicendum
3444 5762 3553 5830 eiat

1962 5828 2103 5883 regio
2125 5828 2389 5887 collectori,
2415 5829 2554 5889 cujus
2577 5828 2653 5878 est
2678 5828 2781 5880 haec
2805 5828 3269 5899 observatiuncula.)
