4126 6362
597 368 667 425 83
1971 377 2154 435 SILVE

2263 426 2264 430 η
2306 378 2384 433 ΡΑ
2398 380 2503 434 ΡᾹΞ
3786 386 3851 444 δι

604 490 914 546 Ravennam
942 500 1057 559 rost
1083 507 1277 547 annum
1305 492 1488 550 unum.
1534 494 1729 549 Eodem
1765 503 2005 563 tempore
2030 504 2173 548 tanta
2206 498 2251 552 A
2280 494 2403 548 vau
2448 495 2680 548 Christo.
2712 494 2775 548 Et
2824 504 3043 565 urgente
3072 497 3314 566 jussione
3353 501 3605 558 exierunt
3638 505 3846 571 quidam

603 586 770 638 fames
798 584 894 638 fuit
921 600 1013 654 per
1040 586 1348 640 universum
1377 588 1649 646 mundum.
1677 597 1731 640 ut
1764 587 1948 639 Datius
1969 586 2172 653 episco-

602 688 701 741 pus
716 672 952 728 civitatis
975 676 1383 731 Mediolanensis
1415 678 1670 732 relatione
1693 693 1785 732 sua
1820 676 1919 731 hoc
1952 678 2173 731 eviden-

602 774 686 816 ter
719 768 1055 827 narraverit,
1109 770 1245 835 quod
1282 769 1330 821 in
1382 768 1617 836 partibus
1652 769 1878 837 Liguria:
1923 769 2173 821 mulieres

602 851 741 907 filios
790 869 916 908 suos
965 858 1326 911 comedissent
1354 858 1569 924 penuria
1624 860 1813 917 lamis.
1870 858 1937 912 de
1982 858 2173 926 quilms

596 944 776 998 retulit
802 958 864 997 ex
895 946 1138 1000 ecclesia:
1167 963 1278 1002 sua:
1326 948 1493 1002 fuisse
1544 949 1761 1002 familit.
1809 949 2005 1002 Eodem
2040 957 2174 1002 lem-

600 1048 729 1102 pore
755 1035 1051 1090 ambulavit
1076 1039 1330 1106 patricius
1362 1040 1647 1093 Belisarius
1680 1038 1973 1107 Neapolim,
2002 1046 2055 1092 et
2083 1053 2172 1090 or-

600 1124 805 1180 dinavit
833 1141 949 1181 eam
974 1166 991 1192 ,
1019 1135 1075 1182 et
1103 1131 1439 1197 postmodum
1472 1132 1617 1185 venit
1644 1131 1896 1196 Romam;
1927 1133 2015 1199 qui
2046 1144 2169 1184 sus-

532 1288 539 1293 \
596 1227 785 1283 ceptus
835 1230 917 1272 est
960 1234 986 1269 a
1034 1218 1254 1274 domino
1302 1212 1535 1276 Silverio
1586 1223 1831 1292 benigne.
1902 1222 1966 1276 Et
2043 1220 2173 1274 abiit

595 1308 737 1364 Belis
776 1312 884 1364 tius
936 1312 1187 1379 patricius
1239 1313 1291 1365 in
1339 1312 1593 1381 palatium
1644 1314 1949 1369 Pincianum
2000 1316 2075 1387 (a)
2122 1333 2170 1372 Vt

596 1400 717 1454 ldus
736 1401 920 1466 Maias,
946 1403 1235 1456 indictione
1261 1420 1345 1457 xv.
1363 1404 1512 1459 'I‘unc
1534 1416 1643 1459 erat
1666 1405 1885 1475 Vigilius
1909 1407 2171 1464 diaconus

594 1493 974 1559 apocrisiarius
997 1494 1477 1563 Constantinopoli.
1511 1497 1703 1552 Dolens
1724 1508 1898 1553 autem
1932 1502 2167 1567 Augusta

597 1600 691 1650 pro
719 1585 970 1640 Antltimu
1018 1587 1312 1654 patriarcha
1340 1630 1356 1653 ,
1390 1588 1529 1657 quod
1578 1589 1856 1653 depositus
1907 1591 2095 1647 fuisset
2138 1608 2165 1645 a

591 1677 649 1730 S.
682 1676 831 1746 Agap
868 1687 922 1731 to
952 1692 1106 1745 papa,
1141 1678 1259 1743 quia
1286 1677 1593 1733 lucreticum
1618 1697 1737 1735 eum
1773 1685 2081 1749 reperisset,
2115 1694 2169 1738 ct

592 1766 643 1818 in
676 1765 797 1819 loco
826 1765 942 1833 ejus
969 1767 1334 1821 constituisset
1359 1768 1606 1823 Mennam
1636 1785 1848 1823 servum
1883 1772 2005 1837 Dei;
2042 1783 2167 1827 lttltC

2284 584 2399 637 falsi
2433 595 2617 646 testes,
2650 587 2735 655 qui
2759 586 3029 640 dixerunt:
3050 588 3181 655 Quia
3210 606 3305 643 nos
3333 592 3513 647 multis
3548 596 3748 649 viribus
3773 602 3847 651 in-

2282 678 2528 729 venimus
2552 677 2713 731 Siltei
2732 678 2836 730 ium
2864 693 3049 746 papam
3073 680 3267 748 scripta
3299 681 3603 750 hujusmodi
3633 686 3847 739 mitten-

2286 776 2388 815 lem
2419 764 2483 817 ad
2514 780 2691 833 regem
2727 766 3017 819 Gothorum
3051 788 3064 820 :
3105 769 3231 823 Veni
3264 773 3328 823 ad
3366 784 3570 839 portam
3618 790 3733 842 qure
3759 791 3848 829 vo-

2280 866 2432 905 tatur
2464 855 2707 907 Asinaria
2754 856 2906 925 juxta
2957 858 3282 923 Lateranas,
3332 870 3385 913 et
3430 863 3698 916 civitati-tn
3753 865 3843 917 tibi

2282 948 2453 1003 trado,
2491 958 2543 997 et
2579 946 2891 1001 Belisarium
2927 950 3227 1015 patricium.
3262 952 3415 1017 Quod
3462 954 3685 1008 audiens
3717 956 3850 1009 Beli-

2277 1050 2302 1087 s
2341 1038 2655 1104 rius,prituo
2686 1055 2788 1093 non
2808 1043 3091 1105 credebat;
3126 1044 3327 1098 sciebat
3353 1046 3496 1098 enim
3511 1047 3651 1115 quod
3674 1049 3849 1115 ρεῑίη-

2278 1128 2471 1179 vidiam
2498 1128 2609 1181 lucc
2631 1128 2696 1181 de
2714 1145 2777 1183 eo
2799 1130 3129 1186 (Ιίουιιειηιιιτ.
3152 1134 3256 1189 Sed
3278 1135 3402 1189 dum
3426 1138 3575 1190 nmlti
3596 1138 3645 1190 in
3662 1139 3847 1193 eadem

2275 1218 2619 1271 accusatiOue
2650 1221 3020 1286 persisterenl,
3055 1225 3340 1289 pertimuit.
3378 1226 3529 1279 Tunc
3559 1229 3679 1280 fecit
3712 1229 3848 1281 Beli-

2276 1308 2451 1361 sarius
2482 1311 2736 1376 patricius
2771 1311 2828 1365 ll.
2862 1310 3145 1365 Silvcrinm
3176 1329 3366 1383 papam
3401 1316 3585 1370 venire
3611 1317 3673 1369 ad
3710 1334 3767 1371 se
3799 1334 3847 1370 In

2278 1401 2531 1464 palatium
2567 1401 2763 1465 Pincis,
2810 1410 2863 1455 et
2903 1404 2966 1455 ad
3012 1405 3237 1472 primum
3271 1414 3323 1459 et
3350 1409 3641 1460 secundum
3676 1411 3846 1463 velum

2276 1492 2495 1543 retinuit
2546 1506 2758 1545 omnem
2802 1494 3025 1546 clerum.
3080 1494 3337 1563 Ingressis
3390 1497 3569 1564 itaiue
3619 1500 3846 1553 Silveri‘o

2276 1600 2397 1637 cmn
2448 1584 2640 1654 Vigilio
2685 1588 2815 1640 solis
2867 1588 2916 1639 in
2971 1588 3278 1653 Mausoleo,
3314 1592 3579 1643 Autonina
3631 1595 3845 1660 pa‘ricia

2273 1678 2494 1732 sedebat
2534 1678 2586 1731 in
2629 1678 2806 1745 lecto,
2865 1689 2917 1733 et
2970 1680 3257 1733 Belisarius
3313 1683 3574 1750 patricius
3634 1686 3846 1739 sedebat

2272 1768 2338 1819 ad
2388 1768 2547 1836 pedes
2579 1770 2717 1835 ejus.
2752 1770 2815 1822 Et
2846 1769 2971 1824 dum
3020 1770 3240 1825 vidisset
3277 1788 3396 1825 eum
3447 1774 3716 1828 Antonina
3759 1792 3847 1845 pa-

590 1857 824 1927 Augusta
848 1858 1016 1911 consil
1042 1872 1074 1909 o
1102 1874 1196 1912 usa
1220 1868 1385 1913 “cum
1422 1859 1531 1929 Vigi
1558 1860 1608 1913 io
1630 1861 1854 1915 diacom
1888 1863 2164 1932 Inisitepi-
2200 1869 2245 1928 Β
2274 1859 2466 1923 trivia.
2511 1859 2646 1913 dixit
2700 1859 2766 1913 ad
2814 1876 2933 1914 eum
2970 1876 2981 1911 ε
3016 1862 3148 1924 Die.
3193 1862 3387 1927 domne
3432 1865 3625 1918 Silveri
3670 1881 3799 1935 papa
3826 1907 3841 1929 .

591 1950 782 2003 stolam
811 1947 1032 2002 Rtiinam
1064 1949 1129 2002 ad
1158 1950 1438 2004 Silverium
1467 1967 1679 2019 papam,
1716 1968 1907 2023 rogans
1930 1962 1983 2008 et
2010 1957 2166 2010 obse-

590 2052 786 2092 crans:
819 2038 896 2092 Ne
930 2038 1193 2106 pigriteris
1222 2041 1284 2092 ad
1327 2057 1421 2093 nos
1448 2044 1650 2105 venire,
1682 2054 1773 2097 aut
1795 2055 1940 2099 certe
1974 2063 2163 2104 revoca

593 2131 907 2185 Antltimum
942 2131 992 2184 iu
1024 2131 1198 2185 locum
1225 2147 1397 2186 Suum.
1428 2135 1491 2187 Et
1518 2152 1636 2189 cum
1665 2137 1878 2205 legisset
1904 2139 1962 2192 Β.
1997 2140 2166 2195 Silve-

593 2222 716 2276 riusv
747 2223 969 2283 litteras.
1002 2224 1297 2294 ingemuit,
1342 2235 1395 2279 et
1440 2226 1572 2279 dixit
1627 2245 1637 2278 :
1694 2228 1848 2281 Modo
1896 2230 2007 2283 scio
2043 2232 2165 2299 quia

588 2326 751 2367 causa
784 2314 897 2369 haec
925 2316 1085 2370 finem
1117 2317 1239 2371 vita:
1266 2332 1401 2371 mea:
1426 2318 1658 2371 adducit.
1690 2318 1791 2373 Sed
1827 2321 2163 2376 beatissimus

588 2408 847 2463 Silverins
871 2411 1115 2463 fiduciam
1149 2410 1350 2462 habens
1386 2409 1435 2462 in
1464 2409 1573 2463 Deo
1604 2420 1655 2463 et
1686 2411 1741 2463 Β.
1779 2410 1933 2465 Petro
1966 2414 2163 2467 reSt-ri-

590 2500 713 2567 psit,
738 2502 921 2555 dicens
960 2520 968 2551 ;
1003 2502 1227 2555 Domina
1260 2504 1491 2568 Augusta
1518 2544 1531 2566 ,
1559 2518 1657 2572 ego
1691 2520 1799 2557 rem
1850 2505 2001 2558 istam
2054 2508 2164 2561 fac-

588 2602 740 2643 turus
769 2606 876 2643 nun
900 2606 1035 2656 ,uam
1054 2606 1176 2655 ero,
1204 2601 1258 2645 ιιι
1284 2606 1527 2646 revocent
1555 2593 1821 2647 hominem
1851 2596 2159 2651 hmretit-utu

588 2683 641 2733 in
688 2695 781 2734 sua
813 2682 1043 2750 ιιειιιιίιίι
1071 2682 1399 2736 damnatum.
1436 2684 1583 2737 Tunc
1616 2684 1881 2752 indvgnata
1928 2686 2159 2756 Augusta

585 2772 725 2825 misit
753 2774 1024 2841 pissiones
1050 2788 1172 2827 suas
1196 2774 1261 2827 ad
1296 2774 1607 2828 Belisarium
1638 2776 1914 2843 patricium
1949 2792 2042 2843 per
2071 2778 2161 2831 Vi-

584 2864 767 2935 gilium
811 2866 1113 2928 diaconum,
1149 2870 1215 2920 ita
1246 2869 1586 2923 continentes
1622 2884 1636 2920 :
1676 2868 1803 2923 Vide
1835 2872 2040 2937 aliquas
2070 2887 2159 2924 oc-

582 2960 829 3012 casiones
862 2960 915 3012 in
944 2960 1067 3014 Silv.
1091 2959 1227 3013 rium
1277 2975 1465 3028 papam
1492 3006 1505 3027 ,
1553 2970 1605 3015 et
1645 2960 1857 3029 depone
1904 2961 2052 3014 illum
2093 2962 2159 3016 de

583 3053 909 3121 episcopatu,
937 3063 1026 3106 aut
1050 3064 1193 3107 certe
1224 3053 1450 3107 festinus
1481 3053 1779 3107 transmitte
1800 3068 1919 3107 eum
1948 3053 2010 3109 ad
2039 3070 2154 3108 nos.

580 3141 717 3195 Ecce
754 3142 823 3194 ibi
857 3140 1020 3195 habes
1046 3141 1290 3211 Vigilium
1325 3141 1759 3195 archidiacouutn
1793 3150 1845 3194 et
1870 3145 2160 3209 apocrisia-

2270 1950 2394 2017 qnid
2422 1950 2641 2005 fecimus
2667 1952 2756 2005 tibi
2787 1963 2839 2007 et
2868 1954 3143 2018 Itomanis,
3175 1965 3229 2007 ut
3255 1965 3307 2009 tu
3330 1956 3496 2011 velles
3526 1974 3623 2011 nos
3656 1960 3705 2011 in
3741 1962 3846 2012 ma2

2270 2058 2367 2095 nus
2397 2039 2696 2095 Gothorum
2740 2044 2985 2097 tradere?
3030 2045 3090 2097 Et
3135 2046 3309 2099 adlmc
3351 2063 3411 2100 ea
3448 2049 3722 2118 loquente,
3757 2052 3838 2103 in-

2268 2147 2484 2201 gressus
2533 2134 2893 2188 subdiaconus
2939 2137 3268 2204 regionarius
3320 2137 3553 2192 Joannes
3612 2140 3842 2210 regionis

2271 2242 2331 2293 pr
2354 2240 2455 2279 mte
2489 2226 2560 2293 (ὁ)
2595 2226 2713 2278 tulit
2746 2226 2956 2295 pallium
3002 2227 3067 2281 de
3095 2230 3233 2281 collo
3267 2229 3402 2297 ejus,
3436 2237 3490 2283 et
3532 2231 3682 2285 duxit
3725 2234 3843 2286 eum

2270 2320 2321 2369 in
2350 2317 2685 2380 cubiculum;
2716 2327 2769 2371 et
2798 2319 3102 2385 exspolians
3130 2336 3271 2383 eum,
3309 2322 3480 2375 induit
3509 2337 3629 2375 cum
3661 2338 3842 2376 mona-

2266 2407 2473 2460 chicam
2504 2417 2730 2472 vestem,
2760 2418 2814 2462 et
2838 2410 3118 2465 abscondit
3146 2426 3287 2463 eum.
3322 2412 3471 2466 Tunc
3502 2412 3685 2467 Sistus
3716 2416 3841 2467 sub-

2266 2498 2527 2553 diaconus
2550 2500 2880 2571 regioaarius
2910 2504 3139 2571 regionis
3162 2513 3347 2565 sextae,
3375 2506 3559 2559 videns
3590 2523 3710 2560 eum
3734 2507 3841 2576 jam

2268 2594 2612 2658 monachum,
2640 2611 2889 2661 egressus
2922 2597 3083 2661 foras,
3119 2598 3385 2650 nuntiavit
3414 2598 3479 2651 ad
3514 2601 3739 2663 clerum,
3769 2603 3841 2654 dt-

2265 2699 2392 2737 cens
2420 2701 2431 2735 :
2457 2684 2590 2750 Quia
2619 2686 2866 2739 dominus
2898 2700 3031 2755 papa
3060 2687 3334 2755 depositus
3358 2699 3459 2753 est,
3486 2699 3537 2743 et
3567 2690 3736 2744 factus
3765 2705 3841 2746 est

2266 2779 2582 2829 monachus.
2631 2777 2780 2841 Quod
2814 2778 3094 2831 audientes
3138 2780 3385 2848 fugerunt
3432 2798 3643 2837 omnes.
3675 2784 3839 2849 Quem

2265 2868 2498 2935 suscepit
2524 2868 2744 2935 Vigilius
2770 2869 3206 2934 archidiaconus,
3242 2872 3293 2924 iu
3323 2887 3415 2925 sua
3450 2874 3603 2942 quasi
3633 2874 3759 2939 Iide,
3791 2886 3841 2929 et

2268 2957 2411 3010 misit
2440 2973 2559 3012 eum
2594 2960 2643 3011 in
2679 2960 2927 3012 exsilium
2962 2971 2983 2997 ε
3019 2962 3083 3013 ad
3116 2961 3425 3029 Pontianas,
3450 2974 3503 3017 et
3526 2967 3840 3021 sustentavit

2266 3065 2386 3102 eum
2438 3067 2569 3116 pane
2614 3052 2969 3105 tribulationis
2996 3062 3050 3105 et
3092 3069 3225 3122 aqua
3266 3056 3521 3123 angustia:
3554 3054 3598 3108 tl.
3632 3057 3705 3127 (c)
3741 3058 3841 3124 Qui

2266 3142 2524 3195 deficiens
2551 3152 2793 3196 mortuus
2818 3152 2900 3197 est
2928 3144 3205 3197 confessor
3236 3144 3425 3199 factus.
3450 3146 3546 3212 Qui
3577 3148 3736 3200 etiam
3761 3163 3841 3202 se-

581 3234 718 3288 rium
751 3246 992 3288 nostrum
1038 3236 1411 3289 charissimam
1440 3277 1453 3298 ,
1484 3242 1571 3304 qui
1604 3235 1757 3289 nobis
1787 3236 2051 3305 pollicitus
2079 3248 2161 3291 est
2189 3250 2232 3311 ρ
2269 3234 2443 3301 pultus
2474 3244 2553 3287 est
2590 3234 2642 3287 in
2670 3234 2856 3288 eodem
2890 3237 3028 3301 loco,
3061 3251 3134 3289 xu
3163 3236 3411 3290 calendas
3440 3237 3582 3290 Junii
3608 3246 3631 3273 ε
3667 3238 3841 3306 ibique

580 3340 835 3378 revocare
868 3326 1173 3378 Antbimum
1209 3325 1234 3362 δ
1273 3326 1649 3395 patriarcham.
1682 3326 1833 3381 Tunc
1860 3328 2155 3395 suscipiens

579 3418 875 3485 jussionem
910 3417 1195 3471 Belisarius
1227 3418 1479 3484 patricius
1505 3455 1521 3481 ,
1565 3417 1700 3470 dixit
1732 3435 1744 3469 :
1782 3418 1890 3486 Ego
1939 3420 2152 3487 quidem

577 3507 710 3577 jnssi
754 3525 870 3562 nem
904 3509 1059 3572 facio,
1107 3510 1199 3562 sed
1246 3510 1291 3562 is
1323 3510 1409 3578 qui
1440 3510 1664 3563 interest
1697 3512 1749 3563 in
1777 3526 1905 3565 uere
1933 3511 2149 3566 Silverii

577 3615 731 3668 papa:
758 3640 771 3663 ,
806 3600 917 3669 ipse
965 3600 1153 3655 reddet
1203 3601 1462 3655 rationem
1494 3600 1561 3655 de
1592 3600 1743 3655 factis
1774 3602 1885 3656 suis
1922 3603 2147 3657 Domino

665 3784 849 3847 'llanc
880 3785 1118 3839 eamdem
1150 3784 1419 3838 historiam
1457 3786 1745 3846 Procopius
1776 3785 1843 3840 de
1873 3786 2018 3839 Bello
2047 3786 2150 3840 Go-

576 3856 721 3911 thicd
754 3856 845 3909 lib.
880 3870 893 3906 I
926 3866 976 3907 et
1011 3856 1281 3909 Liberatus
1314 3858 1361 3907 in
1395 3856 1665 3910 Beviario
1711 3872 1827 3923 cap.
1853 3858 1923 3909 2:2
1967 3874 2155 3912 recen-

578 3936 717 3981 sent.
754 3926 828 3979 Ea
859 3941 974 3993 qua:
1015 3926 1080 3977 ab
1113 3926 1391 3978 Anastasio
1421 3937 1473 3979 et
1506 3927 1761 3993 Procoitio
1792 3930 2149 3992 praetenuissa

578 4006 697 4050 sunt
733 3998 922 4067 qvidcrc
966 3997 1165 4062 puteris
1213 3998 1347 4062 apud
1383 3996 1686 4051 Liberatum
1735 3997 1964 4067 allegato
2009 4000 2144 4053 loco.

575 4068 701 4120 διν.
731 4065 927 4119 Bmus.

646 4136 673 4173 ι’
698 4137 848 4189 Adde
873 4136 1276 4204 promissionem
1306 4137 1531 4190 duorum
1559 4138 1672 4192 auri
1695 4141 2145 4202 centenariorum,

574 4209 615 4260 si
644 4217 855 4261 retnoto
880 4208 1107 4264 Silverio
1128 4221 1187 4260 se
1215 4208 1462 4276 V'igilium
1486 4209 1719 4262 ordinari
1751 4222 1982 4263 curaret.
2017 4212 2145 4265 Sev.

571 4280 751 4332 BINIUS

657 4358 680 4384 ο
709 4348 859 4414 Quod
894 4350 1141 4403 brretica
1172 4348 1366 4401 femina
1401 4350 1655 4416 petierat,
1691 4349 2007 4405 ambitiosus
2036 4350 2149 4403 dia-

582 4434 753 4472 conus
794 4432 1096 4486 procurarat
1123 4459 1138 4483 ,
1172 4417 1477 4483 Belisarius,
1513 4419 1677 4471 Pilato
1704 4419 1771 4473 de
1797 4421 1957 4481 erior,
1989 4422 2149 4486 impie

572 4489 636 4540 ad
662 4494 856 4543 modum
910 4498 1324 4543 consmnmatat.
1383 4487 1636 4541 [’tenitut
1682 4490 1894 4555 quidem
1947 4492 2146 4545 lielsa-

571 4561 708 4613 rium
737 4561 787 4613 in
814 4559 1079 4613 Christum
1112 4560 1153 4612 Ι)
1178 4558 1320 4609 quini
1347 4574 1533 4610 uianns
1557 4562 1843 4627 sacrilegas
1875 4560 2141 4626 injecisse,

570 4642 688 4682 cum
723 4628 788 4683 ad
822 4631 1141 4697 expiandum
1194 4628 1414 4692 facinus,
1444 4640 1494 4681 et
1527 4629 1764 4681 divinum
1799 4645 1991 4681 numen
2026 4630 2141 4698 pla-

570 4700 830 4764 candum,
869 4701 1047 4753 licium
1089 4700 1366 4753 ecclesiam
1415 4700 1543 4767 orig:
1595 4711 1848 4753 curaret:
1882 4702 1973 4753 sed
2024 4701 2145 4768 quia

569 4785 669 4823 suo
697 4773 862 4839 ipsius
889 4770 1192 4825 testimonio
1234 4770 1387 4823 edixe
1419 4779 1471 4821 at
1503 4777 1734 4821 futurum
1778 4781 1831 4821 nt
1885 4771 2143 4824 rationem

571 4842 821 4896 redderet
876 4842 1091 4897 Christo
1142 4839 1365 4893 Domino
1410 4840 1651 4908 quisquis
1707 4840 1823 4893 neci
1882 4842 2146 4904 pontificis

568 4922 967 4979 cooperaretur,
997 4911 1187 4965 accidit
1218 4921 1273 4963 ut
1293 4912 1380 4975 qui
1412 4911 1568 4976 impia
1594 4908 1741 4977 jussa
1768 4912 2017 4979 Augusta:
2050 4914 2148 4961 im-

571 4981 765 5047 plebat,
793 4999 857 5037 ne
878 4983 928 5035 in
956 4983 1163 5036 femina:
1186 4982 1437 5034 offensam
1462 4984 1778 5047 itnurtere',
1800 4983 2143 5049 exsequendo

568 5054 886 5119 sarrilegum
916 5060 982 5106 ab
1028 5052 1367 5119 imperatrire
1398 5050 1730 5115 mandatum,
1763 5054 2135 5115 imperatorem

568 5123 667 5175 sibi
700 5124 854 5176 valde
894 5124 1160 5177 infensum
1194 5123 1516 5183 reddiderit,
1554 5121 1847 5189 meritoque
1872 5137 1903 5175 e
1930 5137 2134 5175 summa

566 5194 735 5257 gloria
767 5195 831 5245 ad
865 5208 1125 5248 summam
1169 5193 1437 5246 miseriam
1481 5202 1533 5246 et
1564 5200 1929 5260 paupertatem
1975 5192 2133 5260 dejit'i

568 5264 783 5317 aneruit.
822 5265 957 5329 Quid
1008 5264 1266 5316 Sitverius
1305 5265 1454 5316 exsul
1503 5261 1739 5331 poutitex
1785 5263 1835 5313 in
1892 5263 2133 5330 Vigilium

568 5333 1111 5401 pseudopontificem,
1152 5348 1370 5387 munera
1414 5344 1466 5385 et
1497 5332 1669 5384 officia
1713 5332 1821 5383 veri
1870 5333 2136 5399 pontificis

566 5415 943 5471 nsurpautem,
983 5404 1350 5465 constituerit,
1386 5404 1582 5469 patebit
1631 5402 1763 5454 infra
1805 5416 1868 5455 ex
1910 5403 2134 5471 epistola

564 5470 775 5542 Silverii
806 5474 871 5528 ad
902 5473 1170 5542 Vigilium.
1197 5475 1323 5527 Sev.
1352 5475 1550 5526 BINIUS.

634 5538 661 5579 δ
694 5538 1165 5611 ιηυωιυέιπψῑι
1192 5544 1470 5598 Silverinm
1505 5543 1712 5595 duobus
1762 5555 1922 5610 σιειιιι
1956 5543 2137 5595 uefeu-

563 5614 775 5667 soribus
801 5626 853 5667 et
882 5610 1348 5670 servis'traditum
1395 5614 1494 5666 sub
1524 5628 1707 5666 eorum
1739 5610 1979 5666 custodia
2026 5612 2136 5665 ine~

480 5730 488 5744 ,
564 5680 649 5733 dia
678 5686 951 5740 defecisse.
985 5684 1129 5738 Ilanc
1154 5685 1222 5739 ob
1250 5698 1464 5738 causam
1495 5682 1677 5746 pestis,
1704 5682 1891 5745 fames,
1926 5691 1980 5735 et
2004 5681 2139 5735 bella

566 5763 748 5875 fxorta
780 5756 988 5811 fuerunt
1011 5797 1025 5823 ,
1070 5756 1137 5810 de
1174 5755 1367 5825 quibus
1401 5754 1659 5807 Barooius
1683 5766 1822 5806 anno
1851 5752 1973 5805 559.
2008 5752 2137 5807 δεν.

596 5827 764 5875 imus.

596 5827 764 5876 hstes.

2225 3395 2230 3399 .
2260 3327 2494 3379 occurrit
2522 3325 2804 3379 multitudo
2834 3326 2972 3380 male
3002 3326 3331 3393 habentium,
3371 3337 3418 3379 et
3453 3328 3710 3381 salvatur.
3742 3329 3837 3384 llic

2271 3418 2397 3470 fecit
2427 3416 2817 3470 ordinationem
2860 3432 3019 3469 unam
3048 3432 3140 3482 per
3168 3434 3401 3471 mensem
3440 3418 3786 3472 Decembrem
3818 3462 3832 3484 ,

2261 3510 2598 3578 presbyteros
2617 3509 2797 3579 13(d),
2813 3510 3061 3564 diacones
3079 3511 3110 3563 5
3126 3510 3219 3579 (ε),
3234 3509 3510 3577 episcopos
3525 3525 3617 3578 per
3632 3511 3840 3565 diversa

2259 3603 2370 3657 loca
2397 3618 2542 3672 num.
2562 3602 2624 3654 I9
2643 3599 2727 3670 (f).
2750 3600 2813 3653 Et
2843 3602 3417 3670 cessavitepisropatus
3445 3602 3558 3655 dies
3585 3616 3676 3655 sex
3697 3602 3775 3671 (g)
3795 3600 3837 3656 ‘.

2331 3797 2353 3824 ο
2390 3790 2543 3840 Anno
2574 3786 2767 3841 Christi
2793 3788 2915 3842 340.
2943 3788 3070 3841 Nam
3102 3804 3241 3842 anno
3270 3786 3462 3842 Christi
3495 3787 3619 3852 539,
3653 3804 3837 3848 mense

2257 3858 2416 3911 Juuio
2444 3859 2646 3911 litteras
2670 3858 2817 3927 dedit
2839 3860 2903 3910 ad
2941 3859 3211 3927 Vigiliunt.
3242 3858 3390 3913 Unde
3419 3860 3463 3912 si
3507 3874 3689 3913 verum
3722 3872 3836 3925 est,

2257 3930 2395 3993 quod
2436 3930 2509 3980 ait
2537 3930 2874 3993 Anastasius,
2914 3930 3083 3995 ipsum
3114 3944 3295 3982 mense
3334 3930 3469 3983 Maio
3498 3930 3641 3984 diem
3675 3932 3837 3985 obiis—

2258 4016 2337 4065 se,
2381 4014 2482 4051 non
2517 4000 2623 4051 alio
2662 4014 2817 4063 quam
2849 4002 2953 4054 540
2980 4016 3118 4051 anno
3147 3998 3340 4053 Christi
3372 4015 3493 4052 eum
3526 3999 3837 4055 defunctum

2258 4083 2378 4123 esse
2407 4068 2675 4122 afﬁrmare
2704 4084 2924 4122 necesse
2950 4079 3051 4123 est.
3086 4070 3235 4123 Unde
3268 4078 3476 4123 constat
3503 4071 3641 4135 quod
3675 4087 3833 4136 supra

2260 4141 2367 4191 dixi
2388 4180 2402 4200 ,
2436 4154 2554 4192 eum
2580 4150 2806 4207 quttuor
2834 4142 2986 4192 annis
3013 4149 3065 4193 et
3091 4140 3315 4202 amplius
3346 4140 3570 4193 fortasse
3596 4141 3661 4193 ab
3687 4142 3834 4193 obitu

2264 4208 2485 4279 Agapeti
2538 4210 2809 4277 hucusque
2854 4211 3034 4263 sedem
3082 4209 3409 4277 poutiliciam
3458 4212 3725 4273 tenuisse,
3770 4213 3837 4265 ad

2263 4290 2686 4331 consummatum
2723 4296 2888 4349 usque
2916 4282 3224 4349 martyrium
3254 4296 3268 4329 :
3299 4294 3511 4347 semper
3542 4280 3834 4345 legitimum

2260 4352 2564 4417 pontificem
2601 4350 2982 4418 permansisse,
3014 4365 3182 4418 eaque
3210 4351 3384 4402 munia
3426 4351 3689 4416 pontificis
3716 4366 3838 4414 qua:

2260 4420 2427 4486 potuit
2466 4420 2791 4485 exercuisse,
2821 4430 3030 4474 constat.
3058 4437 3122 4475 ex
3162 4420 3421 4473 sententia
3454 4436 3484 4473 e
3526 4420 3835 4473 carceribus

2256 4500 2309 4542 et
2336 4491 2559 4542 vinculis
2588 4492 2727 4543 illius
2752 4494 2801 4543 in
2833 4490 3075 4559 Vigilium
3103 4491 3460 4559 pronuntiata.
3485 4489 3613 4543 Sev.
3637 4490 3834 4543 BINIUS.

2336 4559 2492 4612 rNisi
2535 4560 2774 4614 dicamus
2820 4561 3060 4629 Vigitium
3110 4569 3227 4629 post
3265 4562 3466 4613 obitum
3511 4561 3835 4615 sanctissuni

2174 4614 2225 4673 ι)
2253 4630 2464 4683 Silverii
2508 4634 2739 4696 seipsum
2776 4633 2825 4684 in
2863 4614 3441 4693 ourdiuetu'redejsse,
3493 4644 3658 4695 seque
3704 4614 3834 4696 pons

2256 4700 2481 4765 liﬁcatu,
2515 4716 2671 4769 quem
2719 4718 2812 4767 per
2855 4702 3205 4754 iutru~iouem
3252 4710 3635 4767 rccupaverat,
3678 4702 3833 4753 abdi-

2252 4784 2425 4834 casse,
2457 4784 2563 4823 non
2610 4771 2763 4824 video
2809 4787 2910 4838 qua
2957 4774 3161 4824 ratione
3206 4781 3323 4837 post
3366 4773 3571 4823 obitum
3614 4770 3830 4825 Silverii

2252 4842 2408 4894 sedes
2441 4841 2731 4908 aposmlica
2762 4857 2854 4895 sex
2902 4842 3091 4895 dielms
3134 4856 3323 4893 vacare
3364 4842 3614 4906 pcluerit.
3669 4840 3832 4893 Valde

2250 4912 2428 4978 itaque
2460 4910 2731 4979 probabile
2758 4922 2836 4964 est
2873 4912 3011 4979 quod
3035 4914 3189 4964 simul
3214 4926 3274 4963 ac
3301 4911 3580 4964 Silverium
3614 4908 3834 4964 defunc-

2252 4992 2361 5033 tum
2400 4981 2653 5034 miracula
2696 4984 2858 5047 edere
2892 4984 3124 5045 audivit,
3169 4984 3404 5049 seipsum
3449 4980 3576 5033 sede
3616 4989 3832 5045 aposto-

2250 5051 2350 5104 lica
2382 5051 2678 5113 abdicavit,
2711 5052 2781 5104 ob
2812 5052 3075 5116 simonire,
3116 5052 3331 5120 expulsi
3368 5061 3422 5104 et
3451 5050 3615 5104 occisi
3655 5050 3833 5103 Silve-

2249 5122 2342 5186 rii,
2371 5122 2662 5187 contempti
2696 5138 2760 5173 an
2782 5125 3072 5184 ithematis,
3096 5123 3319 5176 crimina
3351 5137 3381 5174 a
3410 5136 3471 5174 se
3508 5120 3829 5181 commissa,

2247 5192 2418 5244 donec
2450 5191 2640 5245 iterum
2665 5204 2871 5245 secreta
2903 5194 3297 5246 machinatione
3322 5192 3564 5246 Bebsarii
3596 5189 3829 5244 universi

2245 5261 2374 5314 cleri
2418 5275 2685 5331 consensu
2744 5262 2961 5329 egititne
3000 5263 3309 5331 eligeretur.
3350 5262 3522 5314 Maron
3590 5278 3657 5313 an
3724 5260 3828 5314 540

2246 5348 2389 5383 num.
2418 5330 2471 5392 4,
2504 5332 2535 5383 5
2563 5341 2617 5384 et
2644 5335 2696 5386 b'.
2720 5334 2842 5386 δεῖν.
2880 5333 3079 5387 ΒιΝιυε.

2325 5401 2401 5471 (a)
2443 5399 2554 5455 Ms.
2590 5402 2743 5469 Luc.,
2773 5420 2821 5456 v.

2321 5470 2399 5538 (ὁ)
2443 5471 2605 5535 Idem,
2641 5474 2816 5542 prima:
2842 5472 3078 5542 regionis.

2322 5544 2393 5609 (c)
2438 5541 2601 5608 Idem,
2635 5544 2686 5595 in
2722 5541 2943 5595 Pouzas.

2322 5616 2376 5678 (ιι
2422 5610 2588 5674 Idem,
2624 5613 2710 5665 14.

2324 5679 2395 5749 (ρ)
2440 5681 2494 5731 lu
2525 5684 2710 5735 eodem
2735 5681 2889 5736 deest
2914 5682 3160 5737 Diaconcs

2318 5752 2402 5817 (ί)
2446 5749 2588 5803 Idem
2623 5765 2748 5818 ms.,
2792 5755 2877 5808 18.

2318 5822 2392 5885 (g)
2433 5818 2486 5873 In
2528 5821 2715 5876 eodem
2757 5824 2855 5877 dre
2890 5835 2903 5876 t
2934 5824 3035 5876 die:
3068 5837 3175 5874 sex.
