4126 6362
310 384 379 437 εδ
1384 337 1393 344 ’
1750 374 2122 432 erasmus.
3497 376 3565 433 ao

1255 521 1681 599 SILVERII
1711 522 1978 597 ΡᾹΡᾸΕ
2022 520 2578 599 EPISTOL/E.

1330 476 1695 484 Μ

491 759 509 790 ι
539 718 862 812 ueterem
906 753 1115 809 PRIMA
1149 751 1441 809 summu
1482 751 1705 806 ρΑιιΑς.

719 886 784 923 Αἰ)
808 883 1038 923 νιοιιιυιι
1069 880 1460 921 ρεευιιοιιλιιλιι.

316 986 509 1058 Vigilio
541 982 1029 1058 ambitionvmeedis
1054 981 1351 1049 apostolica,-
1371 987 1416 1032 et
1444 978 1670 1058 simoniaz
1688 977 1886 1058 crimen

384 1047 663 1110 admissum
705 1054 1008 1124 exprobrat,
1036 1047 1253 1120 eumque
1279 1051 1524 1105 sententia
1554 1047 1888 1101 anathematie

389 1128 682 1154 --ι-Δηιηιιηο
711 1126 731 1154 ί

384 1128 682 1181 condenmat
711 1128 753 1177 ¹.

383 1216 643 1272 Silverius
671 1215 959 1283 episcopus
986 1212 1199 1282 Vigilio.

384 1308 462 1379 (α)
491 1307 668 1362 Multis
698 1317 749 1361 te
790 1305 1299 1372 transgressionibus
1342 1303 1610 1361 irretitum
1634 1300 1884 1357 sacerdo-

313 1402 433 1455 talis
460 1399 767 1470 jamdudum
807 1398 955 1453 novit
999 1398 1353 1463 generalitas:
1386 1406 1440 1451 et
1481 1393 1889 1462 quia,cruenlis

312 1492 548 1546 humano
581 1491 839 1560 sanguine
869 1488 1111 1543 manibus
1134 1487 1504 1542 decessoribus
1536 1486 1732 1542 nostris
1762 1500 1889 1555 per-

313 1584 512 1637 vicacia
540 1591 627 1636 tua
663 1581 985 1650 subripiens,
1015 1578 1252 1634 leviticis
1294 1577 1693 1646 pra-sumpseris
1722 1590 1889 1631 excu-

315 1676 448 1729 bare
482 1672 793 1727 ministeriis
815 1672 854 1736 ³,
892 1671 1129 1739 plerique
1160 1678 1423 1723 noverunt
1465 1668 1720 1721 ﬁdelium.
1754 1666 1888 1721 Nam

313 1767 443 1835 quia
461 1775 651 1820 contra
676 1763 794 1833 jura
823 1762 1077 1817 canonica
1108 1760 1438 1831 temporibus
1464 1768 1660 1813 sanctte
1686 1772 1891 1813 memo-

323 1858 419 1909 ria:
467 1855 720 1909 Bouilacii
770 1869 939 1923 βαρειῃ
996 1854 1111 1921 ipso
1159 1853 1390 1915 vivente,
1446 1864 1725 1905 successor
1770 1848 1885 1918 ejus

314 1946 585 2016 designari
634 1943 946 2006 conabaris,
1001 1943 1105 1997 nisi
1153 1942 1245 1996 tibi
1305 1940 1616 2012 amplissimi
1673 1952 1889 1996 senatus

316 2039 585 2093 obviasset
612 2037 841 2106 justitia,
874 2047 999 2090 tunc
1026 2035 1355 2104 providentia
1388 2034 1640 2104 pastorali
1668 2049 1731 2088 ac
1761 2049 1889 2104 pon-

315 2128 503 2182 tiﬁcali
541 2127 855 2181 auctoritate
899 2126 1007 2197 [tua
1037 2142 1064 2178 a
1098 2125 1387 2195 p‘ntiticali
1420 2122 1642 2194 honore]
1673 2133 1760 2178 tea
1792 2140 1885 2179 ex-
1921 2140 1967 2198 Β

317 2218 581 2273 secranda
624 2218 732 2283 jam
783 2216 1076 2271 debuerant
1116 2216 1353 2285 aUSpicia
1404 2216 1747 2271 detruncari-
1783 2215 1886 2272 Sed

317 2310 444 2365 dum
490 2324 711 2379 parvum
740 2309 930 2362 vulnus
958 2308 1009 2361 in
1040 2319 1092 2362 te
1129 2306 1292 2381 [ante]
1329 2308 1625 2378 neglectum
1656 2317 1771 2373 est,
1809 2308 1892 2363 in-

318 2400 559 2455 sanabile
588 2400 819 2453 accrevit
850 2408 1124 2467 apostema
1154 2416 1166 2450 :
1200 2399 1338 2466 quod
1368 2399 1470 2452 nisi
1498 2398 1642 2453 ferro
1669 2397 1890 2452 alterius

324 2488 690 2552 abscindatur,
723 2487 1076 2542 iumentorum
1120 2488 1321 2543 sentire
1353 2503 1458 2543 non
1489 2496 1665 2557 potest
1694 2486 1890 2560 [potes]

320 2580 679 2635 medicinam:
711 2578 906 2647 quippe
940 2579 1031 2648 qui
1064 2580 1375 2649 nequissimi
1405 2582 1627 2649 spiritus
1671 2582 1890 2637 audacia

320 2668 628 2725 ambitionis
656 2669 958 2737 phrenesim
988 2669 1319 2737 concipiens,
1354 2672 1404 2724 in
1440 2671 1583 2726 illius
1610 2673 1891 2739 apostolici

321 2759 549 2825 medici,
588 2760 679 2814 cui
715 2776 744 2812 a
771 2763 923 2813 ilmas
963 2759 1157 2829 ligandi
1200 2760 1553 2829 solvendique
1597 2762 1795 2819 collata
1842 2773 1896 2819 et

322 2865 575 2905 concessa
626 2858 863 2919 potestas
904 2858 1017 2914 est,
1063 2852 1293 2904 versaris
1338 2852 1753 2919 contumeliam,
1800 2868 1897 2906 no-

324 2952 553 3011 vumque
582 2943 755 2995 scelus
794 2941 994 2995 erroris
1022 2940 1075 2994 in
1107 2941 1453 3010 apistolicam
1486 2943 1666 2997 sedem
1714 2958 1897 2998 rursus

324 3035 511 3090 niteris
551 3035 823 3099 inducere,
855 3042 908 3089 et
935 3034 987 3087 in
1031 3049 1233 3088 morem
1266 3034 1523 3104 Simonis,
1556 3036 1707 3105 cujus
1738 3035 1899 3090 disci-

325 3130 505 3198 pulum
538 3137 590 3182 te
634 3126 874 3182 ostendis
920 3126 1189 3195 operibus,
1236 3126 1355 3180 data
1404 3128 1659 3195 pecunia,
1707 3143 1898 3198 meque

325 3220 567 3287 repulso,
606 3219 727 3288 qui,
778 3219 986 3272 iavmte
1042 3218 1294 3285 Domino,
1342 3219 1510 3274 tribus
1553 3219 1660 3288 jam
1701 3220 1898 3291 jugiter

325 3310 560 3364 emensis
601 3308 925 3377 temporibus
952 3308 1001 3363 ei
1050 3309 1328 3377 praesideo,
1365 3318 1601 3379 tempora
1652 3325 1769 3364 mea
1814 3311 1896 3364 ni-

325 3402 457 3452 taris
494 3398 723 3471 [niteris]
755 3398 1027 3453 invadere.
1077 3400 1279 3453 llabeto
1304 3398 1328 3431 ⁸
1354 3415 1481 3469 ergo
1522 3416 1642 3455 cum
1693 3402 1775 3455 his
1805 3402 1893 3471 qui

323 3493 419 3546 tibi
449 3492 789 3545 consentiunt
828 3506 999 3560 poena;
1055 3491 1413 3546 damnationis
1437 3491 1752 3564 [perpetuae]
1777 3508 1894 3547 scu-
1928 3508 1972 3570 ρ

325 3584 543 3637 tentiam
566 3624 579 3647 ,
609 3582 981 3651 sublatumque
1011 3582 1103 3635 tibi
1133 3597 1327 3640 nomen
1362 3592 1415 3636 et
1456 3598 1648 3637 munus
1707 3583 1892 3637 minis-

324 3673 442 3726 terii
486 3671 830 3725 sacerdotalis
860 3686 1110 3741 agnosce,
1143 3672 1313 3725 sancti
1357 3671 1585 3740 Spiritus
1612 3671 1811 3741 judicio
1836 3681 1889 3725 et

322 3761 612 3831 apostolica
658 3778 685 3815 a
732 3763 883 3815 nobis
922 3774 1043 3815 auct
1083 3765 1239 3816 ritate
1281 3763 1583 3817 damnatus.
1631 3763 1721 3817 Sic
1753 3764 1893 3818 enim

320 3856 476 3909 decet
516 3853 672 3906 ﬁdem
720 3863 1024 3906 sanctorum
1060 3853 1273 3906 Patrum
1320 3854 1375 3907 in
1420 3854 1654 3908 Ecclesia
1686 3855 1893 3909 servari

322 3945 611 4013 catholica,
646 3956 702 3999 ut
743 3946 883 4014 quod
931 3946 1113 4000 habuit
1139 3946 1380 4013 amittat,
1417 3946 1505 4014 qui
1549 3946 1894 4016 improbabili

322 4038 619 4092 temeritate
644 4037 781 4107 quod
812 4037 1141 4107 nonaccepit
1161 4038 1527 4107 assumpserit.

394 4130 522 4182 Data
553 4137 743 4182 octavo
770 4128 1021 4181 calemlas
1051 4128 1454 4196 .lulii,principe
1484 4129 1676 4184 Basilio
1700 4138 1749 4184 α.
1778 4129 1889 4182 (Ἰω-

323 4223 426 4276 lius
455 4220 712 4276 Silverius
746 4235 877 4290 papa
911 4220 1302 4285 urbis.Romze,
1338 4222 1471 4279 huic.
1499 4223 1720 4281 decreto
1767 4239 1890 4277 ana-

328 4313 578 4365 thematis
606 4312 655 4364 in
696 4312 884 4381 Vigilio
912 4326 1195 4380 pervasere
1224 4310 1496 4382 [Vigilium
1526 4312 1893 4383 perrasorem]

320 4408 460 4461 facta
513 4407 579 4461 ad
627 4407 804 4461 omnia
853 4416 1046 4459 statuta
1091 4421 1408 4460 consensum
1457 4408 1721 4475 praebens,
1754 4406 1891 4460 sub-

320 4497 543 4565 scripsi,
580 4496 775 4565 pariter
813 4504 1037 4565 quatuor
1080 4495 1313 4565 episcopi
1344 4494 1799 4563 subscripserunt,
1843 4495 1923 4549 id-

2171 475 2520 483 ——__—.———

1911 751 1959 811 Α
1988 762 2067 805 est
2102 752 2527 818 Terracinensis,
2563 754 2868 821 Fundanus,
2903 754 3201 818 Firmanus,
3236 764 3307 809 et
3340 756 3561 810 Mintur-

1988 846 2190 899 nensis.
2224 846 2355 901 Data
2398 848 2507 901 ista
2537 845 2779 903 chartula
2821 863 2915 918 per
2956 834 3298 903 Anastasiunt
3343 848 3564 903 subdia-

1988 952 2202 990 conum.

2358 1096 2373 1109 ,
2417 1032 2749 1092 Ei'lS'l‘OLA
2789 1036 3156 1102 AMATORIS,

2061 1160 2290 1200 muscum
2322 1160 2835 1212 tucusroouaaasrs,
2864 1165 2930 1203 Αο
2958 1164 3235 1203 ειινειιιωι
3278 1164 3447 1203 ρλρριιι
3473 1150 3511 1202 ⁸.

1992 1260 2071 1313 Ad
2094 1260 2357 1313 levandam
2380 1261 2603 1329 inOpiom
2625 1260 2791 1313 exsilii
2818 1262 2965 1314 mittit
2989 1262 3217 1329 pontiﬁci
3241 1261 3565 1324 munuscula,

2274 1341 2442 1399 petens
2470 1331 2532 1385 de
2561 1340 2699 1384 statu
2723 1332 2911 1384 exsulis
2940 1333 3120 1385 certior
3150 1332 3279 1399 ﬁeri;

2065 1437 2375 1493 Beatissimo
2403 1437 2632 1494 Silverio
2656 1440 2875 1493 Amator
2899 1440 3203 1511 episcOpus.

2065 1532 2106 1583 A
2137 1528 2453 1597 quibusdam
2475 1574 2488 1598 ,
2521 1539 2668 1599 pater
2706 1530 3077 1597 dilectiSsime,
3112 1533 3215 1586 illis
3244 1549 3272 1586 a
3318 1542 3560 1601 parttnus

1992 1620 2399 1676 adventantibus
2430 1621 2730 1675 audivimus
2758 1636 2854 1675 vos
2892 1636 2921 1674 a
2953 1624 3081 1676 sede
3119 1624 3285 1676 sancti
3316 1623 3455 1677 Petri
3490 1624 3571 1677 in-

1988 1709 2133 1779 juste
2174 1708 2414 1779 pulsum,
2446 1710 2636 1766 exsilio
2665 1710 3010 1766 destinatum.
3044 1712 3194 1778 Quod
3226 1714 3382 1768 nimis
3408 1730 3570 1783 grave

1996 1803 2251 1870 ferentes,
2285 1803 2526 1858 misimus
2570 1819 2727 1872 parva
2761 1803 3105 1868 munuscula,
3140 1804 3191 1858 id
3236 1816 3318 1860 est
3361 1808 3569 1876 argenti

1996 1892 2161 1947 libras
2211 1893 2427 1963 triginta
2472 1894 2537 1948 ad
2580 1905 2812 1949 vestram
2858 1904 3265 1964 vestrorumque
3306 1906 3569 1950 sustenta-

1996 1983 2194 2039 tionem
2222 2001 2236 2039 :
2261 2000 2379 2054 qua:
2408 1986 2656 2053 petimus,
2684 1996 2738 2039 ut
2770 1987 2838 2039 ita
2862 1996 3012 2055 grato
3034 1988 3212 2041 animo
3241 1987 3565 2057 suscipiatis,

1999 2077 2134 2131 sicut
2164 2087 2311 2148 grata
2357 2078 2637 2131 mittuntur
2681 2079 2992 2134 intentione.
3042 2080 3328 2137 Precamur
3358 2095 3569 2151 quoque

1980 2176 2052 2222 ‘ut
2083 2183 2177 2238 per
2207 2177 2443 2223 vestram
2473 2168 2753 2234 epistolam
2798 2170 2952 2224 nobis
2981 2172 3300 2226 remandare
3341 2187 3444 2226 non
3477 2172 3570 2225 de-

1993 2260 2284 2330 dignemini
2331 2261 2558 2331 qualiter
2609 2262 2751 2316 cir.a
2792 2270 2889 2316 Vos
2934 2263 3005 2315 sit
3046 2272 3258 2329 actum,
3287 2263 3369 2319 vel
3412 2264 3571 2318 modo

1993 2354 2186 2421 agitur,
2220 2362 2276 2407 ut
2304 2362 2504 2407 certam
2538 2354 2796 2409 rationem
2829 2353 2895 2409 de
2929 2354 3079 2410 vobis
3134 2356 3274 2410 scire
3300 2365 3353 2411 et
3380 2355 3565 2410 fratri-

1995 2444 2093 2496 bus
2123 2444 2323 2498 valeam
2354 2443 2617 2498 nuntiare.
2641 2442 2777 2510 Quid
2801 2444 2941 2498 enim
2972 2454 3124 2512 putas
3146 2445 3212 2499 de
3242 2446 3395 2499 nobis
3429 2446 3564 2510 ﬁeri,

1995 2542 2143 2602 pater
2189 2548 2426 2597 summe,
2475 2548 2595 2587 cum
2640 2533 2708 2587 de
2755 2547 2965 2589 summo
3016 2546 3229 2603 pastore
3275 2545 3328 2591 et
3374 2538 3573 2591 vicario

1995 2623 2164 2677 sancti
2210 2623 2354 2678 Petri
2402 2624 2525 2677 talia
2568 2624 2736 2677 lium?
2778 2624 2884 2679 Vos
2929 2634 3105 2681 tamen
3138 2628 3303 2682 nolite
3350 2630 3570 2683 multum

2000 2712 2197 2767 tristari
2221 2752 2236 2777 ,
2263 2709 2359 2767 ‘sed
2386 2712 2763 2767 confortamini
2806 2728 3016 2784 sempe‘
3048 2715 3100 2769 in
3149 2716 3372 2773 Domino
3398 2735 3412 2771 :
3442 2736 3570 2788 quo-

1999 2802 2139 2857 niam
2171 2813 2359 2871 potens
2378 2812 2459 2858 est
2485 2804 2734 2859 divinitas
2766 2805 2787 2835 ⁸
2823 2807 3097 2861 immensae
3127 2810 3461 2877 tempestatis
3494 2811 3571 2863 iu-

1998 2902 2140 2950 cetta
2169 2894 2309 2949 bono
2339 2896 2644 2950 serenitatis
2674 2911 2943 2952 amovere.
2972 2904 3203 2967 Uraspro
3233 2901 3408 2967 nobis,
3447 2904 3570 2955 bea-

2000 2985 2203 3040 tissime
2232 3000 2381 3056 papa.

2281 3096 2609 3154 EPISTULA
2649 3096 3013 3179 ιιβιινιῑιιιι
3056 3100 3252 3155 Parua:
3286 3105 3311 3132 τη

2303 3224 2494 3263 uomat:
2523 3224 2780 3265 CONFlCTA
2811 3226 2877 3265 Αιι
2908 3227 3196 3267 annonast
3222 3211 3299 3265 ιη,
3331 3276 3344 3288 .

2002 3323 2257 3375 Amatoris
2291 3323 2590 3376 charitatem
2636 3322 2851 3377 laudat:
2880 3340 2993 3391 qua:
3034 3335 3211 3378 contra
3240 3322 3297 3380 se
3321 3337 3432 3379 acta
3458 3336 3570 3381 sunt

2071 3392 2300 3471 «imponit,
2333 3392 2405 3446 De
2427 3393 2575 3460 falsis
2602 3394 2808 3448 testibus
2832 3405 3005 3448 contra
3023 3397 3313 3465 epierpnm
3340 3414 3436 3450 non
3455 3415 3571 3452 sus-

2076 3462 2343 3529 cipiendis.

2076 3575 2432 3631 Dilectissimo
2457 3586 2615 3646 atque
2646 3579 3017 3633 amantissimo
3052 3580 3571 3653 Amatoriepiscopo

2000 3666 2258 3722 Silverius
2504 3720 2509 3729 ,

2070 3762 2114 3814 0
2141 3776 2293 3830 quam
2323 3760 2460 3816 bona
2496 3773 2578 3818 est
2615 3764 2867 3828 charitas,
2897 3780 3015 3833 qua:
3045 3764 3281 3821 absentia
3316 3783 3410 3836 per
3447 3768 3572 3821 ima-

2001 3853 2176 3921 ginem
2209 3855 2252 3920 ⁸,
2284 3855 2568 3921 praesentia
2594 3857 2913 3925 sibimetipsi
2934 3859 3163 3913 exhibet
3193 3875 3287 3929 per
3312 3875 3572 3915 antorem.

2005 3945 2181 4002 Divisa
2231 3949 2395 4017 tangit
2441 3946 2686 4021 [jungit],
2747 3951 2966 4005 confu‘a
3008 3952 3252 4017 ordinat,
3300 3954 3573 4022 inrequalia

2004 4040 2203 4105 sociat,
2237 4040 2545 4109 imperfecta
2589 4041 2815 4110 perlicit.
2860 4043 3026 4106 Quam
3077 4052 3219 4096 recte
3260 4044 3573 4113 praedicator

2001 4134 2246 4201 egregius
2286 4133 2559 4186 vinculum
2611 4132 2955 4202 perfectionis
2996 4144 3149 4188 vocat
3200 4134 3421 4201 (Coloss.
3457 4138 3570 4200 ut);

2001 4222 2121 4291 quia
2153 4222 2381 4276 virtutes
2404 4223 2615 4291 quidem
2646 4232 2855 4278 czeterze
2883 4223 3233 4292 pel‘cctiouem
3276 4238 3532 4293 generant
3557 4270 3570 4290 ,

2001 4311 2095 4366 sed
2119 4320 2294 4368 tamen
2324 4328 2414 4367 eas
2443 4312 2674 4367 charitas
2724 4315 2881 4382 ligat,
2914 4326 2970 4368 ut
3011 4316 3077 4370 ab
3122 4318 3349 4371 amantis
3395 4330 3573 4373 mente

2001 4402 2216 4457 dissolvi
2257 4402 2365 4471 jam
2410 4414 2694 4472 nequeant.
2749 4404 2858 4458 llac
2906 4406 3084 4474 itaque
3135 4409 3361 4475 virtute,
3413 4413 3573 4465 frater

2002 4496 2341 4561 charissima,
2374 4497 2587 4564 plenum
2618 4505 2671 4553 te
2714 4498 2945 4567 reperio,
2988 4500 3112 4553 dum
3146 4516 3248 4556 non
3297 4504 3471 4557 solum
3502 4506 3567 4557 de

392 4654 415 4679 ⁸·
448 4644 1019 4724 Surrc’psis‘euvidctur
1046 4643 1247 4724 adjecta
1279 4653 1398 4724 nota
1428 4645 1744 4724 consularis,
1770 4645 1895 4724 quia
1925 4652 1977 4710 1)
2004 4644 2257 4724 Eamdem
2318 4660 2528 4713 quoque
2583 4662 2677 4724 per
2740 4660 2852 4702 erat
2922 4652 3357 4724 inscriptionibus
3410 4658 3571 4724 pluri.

320 4724 561 4782 tempore
606 4714 817 4767 Silverii
871 4729 1043 4782 neque
1098 4716 1404 4776 Belisarius,
1452 4730 1621 4781 neque
1667 4716 1889 4769 Basilius

321 4785 485 4837 ullum
519 4786 850 4837 consulatum
883 4792 1132 4851 ego-runt,
1170 4787 1337 4853 inquit
1377 4786 1440 4837 ad
1478 4801 1623 4837 oram
1670 4786 1885 4839 lliuius:

318 4869 501 4907 verum
535 4854 660 4906 mihi
696 4856 867 4920 potius
909 4854 1021 4907 haec
1047 4869 1271 4921 arguere
1303 4854 1548 4908 videntur
1577 4856 1888 4921 itnpustoris

320 4925 573 4977 audacem
608 4924 869 4977 iusc‘tiam
909 4924 998 4991 qui
1032 4925 1281 4978 Basilium
1308 4939 1447 4977 anno
1476 4925 1572 4978 5H
1607 4932 1882 4979 consulem

318 4994 724 5046 coleberrimum
775 4993 981 5048 duobus
1026 4995 1301 5048 minimum
1344 5000 1497 5047 annis
1530 5001 1883 5060 praevertunt.

322 5067 390 5116 At
418 5063 484 5117 de
515 5063 660 5116 hisce
693 5064 1001 5134 Mercatoris
1030 5065 1456 5118 aberrationibus
1497 5064 1887 5134 chronologicis

318 5134 421 5195 iam
452 5136 645 5201 smpius
666 5133 940 5201 conquesti
964 5149 1167 5188 sumus.
1196 5137 1343 5189 Pntt.
1374 5134 1567 5187 latone.

390 5206 413 5239 υ
448 5203 571 5256 ΙΙωο
595 5203 817 5271 epiSIola
850 5206 1062 5257 nomine
1083 5204 1293 5259 Silverii
1317 5205 1382 5257 ad
1413 5209 1719 5257 Amatorem
1775 5206 1885 5271 cpi-

316 5288 359 5324 si
374 5288 533 5341 opum
563 5274 1120 5342 Augustodunensem,
1147 5274 1371 5329 fortasse.
1402 5276 1488 5343 qui
1525 5275 1607 5328 his
1636 5278 1888 5342 tempori-

314 5344 414 5396 bus
459 5345 745 5398 sanctitate
789 5344 1167 5397 celeberrimus
1209 5346 1441 5405 exstitit,
1491 5346 1772 5411 rescripta,
1819 5346 1885 5399 ab

312 5414 490 5478 aliquo
517 5415 693 5467 otioso
723 5429 784 5467 cx
819 5415 1081 5467 Ana~tasii
1127 5416 1343 5480 scriptis
1389 5417 1757 5467 consarcinata
1803 5418 1882 5466 vi-

313 5484 488 5536 detur.
524 5483 655 5537 Nota
700 5484 978 5536 consulum
1030 5486 1270 5538 mendaci
1314 5485 1555 5553 insignita
1590 5502 1616 5537 a
1661 5484 1883 5539 veritate

313 5553 566 5605 historica
600 5553 753 5606 valde
780 5554 1047 5614 abhorret,
1080 5565 1134 5606 ιιι
1164 5564 1372 5609 constat
1400 5570 1464 5609 ex
1497 5554 1749 5609 Liberato
1770 5555 1878 5608 dia-
1925 5602 1941 5609 -

312 5638 449 5675 cono
478 5624 633 5689 hujus
667 5625 922 5690 temporis
950 5624 1210 5693 scriptore
1238 5624 1412 5679 ﬁdelis
1446 5628 1570 5679 imo.
1607 5624 1879 5693 Indignam

313 5693 495 5759 itaque
541 5694 869 5759 judicantes,
912 5708 1028 5760 qum
1070 5692 1171 5745 suh
1218 5695 1380 5761 ipsius
1419 5694 1636 5748 Silverii
1667 5692 1883 5749 nomine

311 5762 523 5823 edatur,
561 5766 675 5813 lucu
708 5764 939 5827 insolito,
987 5770 1037 5815 et
1070 5763 1376 5816 inconsueta
1426 5766 1521 5814 hac
1578 5766 1881 5832 inscriptio-

311 5834 395 5885 nis
450 5844 597 5900 nuta,
652 5850 766 5888 cam
819 5834 899 5890 hic
952 5832 1203 5889 exhibere
1261 5834 1472 5902 placuit.
1527 5837 1878 5889 Stiv.|h.vtcs.

2002 4720 2102 4767 tuis
2135 4730 2414 4768 censuram
2458 4718 2747 4783 ascribere,
2782 4730 2839 4772 ut
2872 4718 3115 4786 pretiosa:
3145 4740 3349 4778 merces
3391 4718 3421 4779 a
3450 4730 3568 4780 vili-

1996 4785 2093 4862 bus
2112 4786 2477 4862 ύπρϐολιμαίου
2496 4790 2808 4842 mercatoris
2823 4785 3155 4846 centunculis
3171 4808 3568 4862 separarentur.

1994 4855 2144 4908 PIIIL.
2178 4856 2376 4908 Lause.

2066 4927 2380 5003 '__Suspect:_r
2414 4924 2534 4979 fidei
2568 4928 2844 4996 epistolam
2878 4947 2996 4985 cum
3027 4932 3125 4985 alia
3170 4934 3425 5003 probant,
3458 4949 3566 4991 tum

1999 4995 2139 5065 styli
2151 4994 2445 5049 barbaries.

2067 5069 2084 5095 '
2122 5063 2400 5118 Damnatio
2446 5065 2613 5134 Vigilii
2658 5065 2961 5125 inscribitur
2991 5072 3042 5126 in
3085 5086 3132 5125 c.
3173 5073 3403 5129 .lustelli.
3437 5076 3570 5131 Vide

1995 5145 2147 5189 notas
2186 5135 2395 5188 concilii
2422 5136 2645 5190 Romani
2674 5154 2738 5201 tt,
2766 5141 2865 5193 sub
2890 5142 3059 5196 Bunil‘.
3089 5142 3151 5197 ll.

2066 5206 2084 5281 ἦ
2116 5204 2257 5281 Felix
2427 5206 2665 5281 εει-.-6.πά
2700 5214 2948 5263 Acacium
2974 5212 3077 5265 GP.
3104 5229 3220 5281 cp.-

2064 5276 2083 5303 ‘
2118 5275 2259 5326 Idem
2294 5273 2438 5327 Felix
2470 5275 2651 5328 lllcit.

2065 5346 2083 5375 ³
2114 5344 2258 5421 lianc
2297 5359 2507 5421 quoque
2537 5357 2798 5421 suspectae
2831 5352 2949 5404 lidei
2990 5364 3204 5405 censent
3251 5357 3346 5406 viri
3386 5354 3530 5409 ducti
3554 5398 3567 5419 ,

1993 5430 2091 5537 {HEC
2136 5416 2424 5477 immerito,
2453 5429 2573 5469 cum
2624 5418 2809 5472 iisdem
2858 5431 3015 5489 atque
3046 5438 3277 5490 sequens
3306 5427 3449 5478 vitiis
3497 5416 3571 5479 la;

2009 5493 2162 5537 iuret.

2009 5502 2119 5537 ›υι·‹ι
2127 5493 2162 5539 ι.

2060 5554 2082 5585 ⁸
2116 5553 2387 5607 Ennodius
2415 5570 2499 5623 cp.
2528 5556 2599 5609 24
2629 5556 2723 5610 lib.
2750 5575 2821 5612 tv.

2062 5627 2080 5655 ⁷
2115 5626 2232 5679 Bar.
2260 5625 2430 5684 Binio,
2459 5627 2684 5696 aliisque
2707 5642 3001 5685 exsecrata.

2063 5697 2083 5727 ⁸
2116 5696 2275 5763 Greg.
2301 5709 2386 5763 ep.
2413 5696 2499 5759 50,
2534 5698 2623 5750 lib.
2654 5713 2724 5752 tv.

2063 5764 2136 5841 (rt)
2162 5767 2231 5818 De
2253 5764 2408 5841 hujus
2431 5771 2774 5841 ct_seqtteutis
2798 5770 3036 5841 cpistola:
3060 5772 3422 5841 suppositione
3446 5777 3594 5835 vide-

1997 5835 2212 5903 l’agiutn
2243 5836 2305 5889 ad
2337 5836 2434 5890 Au.
2462 5836 2559 5889 (λιι.
2589 5841 2712 5905 539,
2742 5856 2791 5891 ιι.
2820 5842 2851 5892 5
2876 5849 2926 5893 ct
2951 5840 3005 5897 ιι.
