4126 6362
574 352 641 409 87
1531 360 1587 415 S.
1637 359 2005 415 LAURENTII
2046 361 2500 419 NOVARIENSIS
2541 364 2839 420 EPISCUPI

3762 370 3833 425 88

573 479 661 520 tne
690 465 1009 522 sciscitando
1037 476 1091 524 et
1118 468 1386 525 visitando
1415 484 1596 525 curam
1637 471 1822 538 habes,
1852 474 1945 527 sed
1978 474 2136 529 etiam
2172 475 2220 534 A
2250 474 2459 531 latenus
2485 492 2676 545 posse:
2710 478 2830 547 quia
2865 478 3047 532 falsam
3078 487 3169 533 aut
3198 490 3532 548 suspectam,
3562 492 3647 535 aut
3678 484 3829 539 odio-

574 557 732 612 bonis
781 559 884 613 tuis
933 575 1020 615 me
1069 561 1256 618 fulcire
1301 570 1355 617 et
1406 564 1709 619 sustentare
1765 579 1869 619 non
1930 565 2147 620 desinis.

582 650 791 717 Quanta
818 660 994 707 autem
1027 653 1161 707 mala
1190 658 1241 709 in
1282 670 1367 710 me
1399 666 1609 724 peracta
1654 666 1807 721 sunt,
1852 672 1951 712 nec
1990 673 2150 713 enar-

574 755 721 804 rare,
750 756 851 797 nec
878 744 1117 823 scribere
1146 744 1238 799 tibi
1272 760 1366 815 per
1389 748 1567 801 omnia
1605 762 1841 817 possum.
1872 752 2008 806 Ante
2033 767 2144 806 om-

580 831 667 884 nia
703 847 832 885 vero
873 833 1092 902 patricia
1132 835 1320 890 infesta
1368 837 1497 891 mihi
1544 847 1659 893 erat
1685 841 1723 903 ί,
1765 854 1829 894 eo
1861 840 1999 910 quod
2046 856 2149 895 non

575 917 920 978 restituebam
969 923 1278 979 Anthimum
1327 927 1525 981 dudum
1585 929 1943 997 patriarcham
2000 930 2144 986 Con-

574 1012 1135 1082 stantinopolitamtm,
1161 1030 1319 1084 quem
1350 1026 1547 1072 sanctae
1579 1020 1849 1093 memoriae
1875 1021 2146 1089 Agapetus

576 1100 942 1169 praedecessor
985 1119 1133 1158 meus
1179 1107 1290 1161 suis
1333 1108 1538 1162 meritis
1578 1108 1868 1163 damnavit.
1918 1108 2151 1179 Urgeute

574 1208 783 1263 quoque
825 1195 939 1262 ejus
960 1191 1225 1264 jussione,
1268 1198 1515 1253 exierunt
1546 1200 1763 1268 quidam
1808 1200 1926 1254 falsi
1960 1209 2148 1264 testes.

573 1285 810 1341 dicentes
847 1287 1127 1343 adversum
1180 1306 1267 1346 me
1303 1292 1551 1361 crimina,
1599 1309 1826 1363 quorum
1879 1311 2146 1364 nunquam

576 1377 843 1445 particeps
874 1380 965 1434 fui.
996 1380 1099 1436 Sed
1145 1382 1268 1435 dum
1313 1384 1461 1437 mu'ti
1510 1386 1561 1438 in
1593 1386 1778 1441 eadem
1799 1369 2171 1448 'accusatione‘

572 1467 945 1535 persistereut,
984 1470 1158 1524 timuit
1190 1471 1477 1527 Delisarius
1519 1475 1771 1543 patricius
1809 1486 1992 1531 noster
2020 1480 2061 1539 ',
2090 1462 2215 1531 ‘e't‘v

570 1558 841 1612 mandavit
887 1575 971 1613 me
1010 1560 1074 1613 ad
1114 1577 1173 1616 se
1214 1564 1395 1617 venire
1433 1568 1652 1633 pacilice
1690 1582 1787 1635 pro
1832 1568 2146 1637 quihusdam

570 1650 947 1707 ecclesiasticis
976 1653 1422 1723 dispositionibus
1450 1661 1502 1711 in
1536 1658 1784 1725 palatium
1818 1659 1995 1715 Pincis
2021 1660 2063 1726 ³,
2097 1671 2151 1715 et

568 1742 634 1795 ad
688 1743 921 1812 primum
973 1752 1027 1797 ct
1081 1747 1608 1801 secundum‘velum
1660 1749 1885 1805 retinuit
1933 1766 2146 1806 omnem

2254 582 2372 622 sam
2421 582 2642 636 vocem,
2686 554 2776 622 aut
2824 571 3122 635 funestam,
3172 572 3347 638 ponus
3388 573 3631 627 interdici
3673 590 3835 643 quam

2255 662 2425 717 audiri
2457 664 2658 718 sanctis
2687 662 2936 717 Patribus
2960 664 3178 732 placuit.
3208 665 3583 734 SummOpece,
3615 666 3830 721 charis-

2251 752 2413 815 sime,
2445 752 2576 807 tales
2606 752 2829 808 cavendi
2862 761 2985 806 sunt
3007 754 3048 818 ⁵,
3080 761 3134 807 ct
3176 754 3448 809 avertendi
3495 765 3653 824 atque
3694 758 3827 826 reji-

2252 843 2459 909 ciendi,
2501 843 2545 899 si
2586 852 2840 899 nocentes
2888 845 3233 913 apparuerint
3270 863 3285 900 :
3324 846 3445 915 quia
3502 863 3605 901 non
3650 849 3830 902 solum

2253 935 2649 999 ecclesiasticte,
2678 934 2771 990 sed
2801 937 2962 989 etiam
3003 937 3181 989 steculi
3214 936 3356 1005 leges
3403 938 3537 991 tales
3569 954 3672 992 non
3702 954 3825 993 sus-

2253 1026 2486 1093 cipiunt,
2516 1026 2609 1080 sed
2646 1025 2933 1094 repellunt.
2976 1025 3128 1081 Unde
3166 1026 3419 1094 scriptum
3463 1036 3583 1081 est:
3616 1030 3685 1080 Us
3722 1030 3825 1082 im-

2252 1117 2455 1186 piorum
2484 1116 2687 1169 devorat
2729 1117 3044 1183 iniquitatem
3086 1115 3268 1185 (Prov.
3295 1115 3427 1186 vix).
3465 1118 3528 1172 Et
3570 1118 3826 1172 Dominus

2255 1220 2348 1273 per
2378 1206 2691 1275 prophetam
2718 1205 2975 1275 loquitur,
3004 1208 3188 1261 dicens
3215 1225 3228 1261 :
3262 1208 3388 1259 (Iam
3418 1218 3596 1261 sancto
3626 1223 3834 1263 sanctus

2232 1296 2372 1362 eris,
2402 1306 2448 1349 et
2473 1312 2588 1349 cum
2618 1296 2725 1350 viro
2745 1298 3010 1351 innocente
3037 1299 3330 1352 innocenter
3354 1306 3491 1367 ages.
3520 1297 3647 1351 Cum
3673 1300 3835 1354 electo

2252 1387 2436 1441 electus
2454 1388 2585 1453 eris,
2617 1396 2661 1441 et
2699 1403 2812 1441 cum
2862 1404 3091 1456 perverso
3141 1392 3437 1455 perveneris
3479 1388 3648 1460 (Psal.
3674 1391 3828 1459 xm).

2255 1480 2319 1533 Et
2360 1481 2647 1546 Apostolus
2687 1479 2892 1549 inquit:
2928 1480 3223 1534 Pervertunt
3268 1498 3432 1535 mores
3472 1482 3629 1535 bonos
3670 1482 3827 1536 collo-

2250 1574 2369 1642 quia
2406 1574 2544 1625 mala
2585 1570 2649 1644 (I
2674 1572 2792 1627 Cor.
2818 1572 2933 1641 xv).
2982 1572 3208 1637 Idcirco,
3238 1580 3297 1627 ut
3331 1572 3441 1642 jam
3487 1573 3827 1642 praelibatum

2248 1673 2361 1728 est,
2400 1663 2523 1716 mali
2555 1677 2772 1731 semper
2796 1662 3062 1726 cavendi,
3094 1672 3147 1717 et
3176 1663 3331 1717 bonis
3364 1674 3523 1733 atque
3554 1663 3830 1717 benevolis

2250 1765 2333 1809 est
2380 1754 2784 1821 inhaerendum,
2826 1762 2885 1809 ut
2932 1754 3227 1823 periculum
3273 1754 3526 1824 desidiae,
3573 1764 3827 1823 quantum

567 1835 768 1890 clerum
801 1847 854 1892 et
886 1841 1135 1907 populum
1176 1842 1264 1909 qui
1297 1855 1506 1896 mecum
1534 1843 1816 1908 veniebat,
1847 1852 1899 1898 et
1938 1845 2139 1899 nullum
2175 1863 2219 1921 Β
2252 1860 2554 1914 possumus,
2585 1845 2608 1877 '
2636 1846 2934 1900 devitemus
2962 1884 2976 1909 ,
3003 1855 3050 1899 et
3083 1860 3150 1898 ne
3182 1846 3346 1913 pestis
3392 1847 3505 1899 haec
3547 1845 3702 1900 latius
3741 1846 3827 1900 di-

574 1931 821 1999 permisit
852 1932 1078 1989 introire
1105 1935 1207 1989 nisi
1245 1949 1331 1989 me
1359 1937 1565 2003 solum,
1591 1946 1644 1991 et
1675 1937 1919 2007 Vigilium
1959 1938 2010 1992 di
2048 1953 2138 1994 co-

567 2037 691 2078 nem
723 2038 922 2078 meum.
961 2026 1043 2081 Me
1072 2041 1198 2081 vero
1238 2028 1287 2081 vi
1320 2038 1525 2082 retento
1570 2039 1623 2084 ct
1660 2038 1783 2085 ante
1836 2031 2141 2096 prmdictam

565 2112 840 2183 patriciam
889 2116 1149 2186 deducto,
1202 2118 1461 2174 miserunt
1502 2122 1554 2175 iu
1608 2123 1890 2190 exsilium,
1931 2123 1982 2177 in
2032 2141 2141 2193 quo

564 2205 729 2261 modo
753 2216 1023 2264 sustentor
1053 2225 1189 2279 pane
1213 2210 1596 2282 tribulationis,
1621 2224 1675 2269 et
1701 2231 1833 2285 aqua
1859 2219 2142 2286 angustia.

566 2295 680 2366 Ego
712 2306 885 2353 tamen
920 2310 1202 2371 propterea
1236 2318 1341 2358 non
1371 2304 1581 2375 dimisi,
1613 2322 1711 2363 nec
1760 2310 1973 2365 dimitto
2019 2311 2142 2365 oili-

564 2389 703 2443 cium
744 2406 960 2446 meum:
993 2394 1087 2449 sed
1136 2410 1256 2450 cum
1299 2397 1596 2467 episcopis,
1639 2415 1773 2468 quos
1816 2416 2145 2472 congregare

563 2483 740 2550 potui.
771 2498 865 2538 eos
909 2487 996 2555 qui
1031 2487 1152 2540 talia
1188 2503 1311 2557 erga
1354 2507 1439 2544 me
1486 2501 1745 2561 egerunt,
1787 2495 2143 2548 anathemati-

564 2590 681 2629 zaVI
709 2575 752 2639 ⁸,
780 2586 836 2631 et
862 2594 967 2631 una
992 2594 1113 2633 cum
1147 2580 1251 2635 illis
1278 2584 1570 2650 apostolica
1608 2594 1661 2639 et
1690 2586 1931 2655 synodali
1961 2597 2146 2642 aucto-

564 2664 724 2720 ritate
752 2668 944 2733 statui,
987 2673 1189 2724 nullum
1236 2688 1468 2743 unquam
1513 2676 1688 2730 taliter
1732 2676 2137 2746 decipiendum,

565 2756 701 2811 sicut
743 2758 998 2827 deceptus
1047 2776 1201 2827 sum;
1241 2770 1295 2817 et
1343 2764 1388 2818 si
1441 2766 1633 2835 aliquis
1678 2766 1935 2837 deinceps
1977 2768 2143 2822 ullum

566 2862 801 2919 unquam
840 2853 1214 2922 episcoporum
1256 2857 1325 2924 ita
1372 2857 1675 2928 deciperet,
1706 2861 1991 2916 anathema
2034 2878 2146 2917 ma-

566 2939 787 2992 ranatha
819 2941 969 2997 ﬁeret
992 2943 1043 2997 in
1075 2956 1363 3015 conspectu
1390 2946 1482 3003 Dei
1509 2957 1561 3003 et
1589 2959 1896 3006 sanctorum
1927 2953 2145 3023 angelo-

564 3044 705 3085 rum.
735 3031 993 3088 Similiter
1020 3047 1325 3091 sanctorum
1353 3038 1563 3093 Patrum
1591 3040 1907 3097 roborantes
1930 3044 2143 3099 decreta

565 3123 850 3175 statuimus
884 3123 1033 3193 (licet
1065 3126 1356 3194 saepissime
1382 3129 1493 3198 jam
1532 3138 1784 3185 statutum
1830 3132 2007 3202 fuerit)
2046 3150 2144 3191 nec

2249 1938 2507 2007 vulgetur,
2537 1938 2821 2003 severitate
2845 1952 2944 2006 qua
2975 1951 3254 2004 possumus
3280 1937 3809 2006 abscindamus:quo

2250 2029 2390 2083 uiam
2422 2045 2526 2083 non
2579 2028 2855 2083 temeritas
2899 2028 3189 2081 intervenit
3238 2026 3693 2096 pra-sumptionis,
3738 2028 3824 2081 ubi

2247 2129 2329 2174 est
2357 2119 2626 2187 diligentia
2659 2118 2889 2186 pietatis.
2917 2117 3053 2187 Agat
3082 2132 3294 2185 semper
3321 2118 3684 2186 unusquisque
3711 2133 3824 2173 ves-

2249 2222 2385 2267 trum
2437 2213 2535 2266 hac
2576 2211 2952 2266 informatione
2979 2213 3019 2275 ⁷,
3081 2210 3375 2279 apostolica
3423 2209 3589 2264 fultus
3644 2221 3824 2265 aucto—

2248 2308 2430 2364 ritate.
2470 2304 2621 2373 juxta
2652 2304 2793 2359 vires
2840 2319 2993 2371 suas,
3036 2311 3089 2358 et
3135 2304 3364 2358 fraterna
3412 2303 3723 2371 dilectione,
3766 2319 3826 2359 ac

2247 2406 2428 2451 saneta
2478 2396 2741 2465 religione
2790 2410 2968 2450 mores
3017 2395 3267 2464 pr0prios
3310 2410 3651 2461 conservare,
3683 2405 3734 2450 et
3774 2396 3827 2450 in

2248 2487 2518 2542 communi
2561 2487 2881 2542 alterutrum
2912 2485 3189 2556 adjuvare,
3217 2496 3270 2540 et
3314 2486 3365 2539 in
3405 2487 3666 2541 charitate
3709 2502 3825 2551 per-

2226 2594 2487 2647 manere,
2523 2588 2579 2633 et
2609 2578 2701 2634 Dei
2733 2579 2995 2633 voluntati
3029 2579 3391 2633 indesinenter
3416 2575 3627 2633 studeat
3654 2580 3821 2633 inhae-

2247 2687 2397 2736 rere,
2437 2682 2493 2726 ut
2542 2671 2697 2725 simul
2749 2670 3024 2726 laudantes
3058 2670 3376 2733 Dominum,
3426 2671 3721 2727 indefessas
3751 2670 3825 2723 illi

2245 2762 2440 2833 gratias
2474 2775 2689 2831 semper
2726 2775 2965 2831 agamus.
2996 2762 3129 2817 Vale
3158 2763 3212 2815 in
3240 2760 3481 2827 Christo,
3513 2761 3823 2816 charissime

2248 2869 2478 2924 semper,
2507 2862 2563 2909 et
2591 2853 2843 2923 pradicta
2877 2865 3034 2923 prout
3080 2853 3272 2909 melius
3319 2854 3551 2923 poteris,
3604 2853 3824 2907 Domino

2248 2963 2403 3017 opem
2433 2949 2667 3012 ferente,
2689 2946 3005 3015 adimplere,
3036 2956 3089 3000 et
3134 2947 3368 3017 reliquus
3400 2947 3592 3001 fratres
3611 2958 3822 3016 aposto-

2249 3041 2349 3095 lica
2381 3039 2701 3094 auctoritate
2731 3038 3022 3093 informare
3061 3040 3295 3094 stndeto.
3329 3040 3455 3093 Data
3486 3056 3540 3094 ix
3573 3040 3822 3094 calendas

2251 3129 2578 3193 Decembris,
2630 3129 2929 3183 Justinianu
2957 3129 3201 3198 quintum
3227 3132 3269 3193 ⁸.
3298 3141 3352 3185 et
3385 3130 3645 3186 Belisario
3672 3129 3821 3203 [Vui-

563 3211 751 3275 falsos,
783 3230 879 3268 nec
909 3215 1155 3271 inimicos
1182 3230 1462 3285 suspectos
1490 3232 1830 3276 accusatores
1862 3224 1940 3278 vel
1975 3234 2137 3281 testes
2168 3237 2213 3300 ρ
2248 3217 2475 3290 lisiario]
2500 3219 2627 3274 viris
2650 3219 2967 3273 clarissimis
2995 3220 3325 3275 consulibus.

563 3316 793 3374 unquam
822 3321 983 3376 super
1010 3308 1289 3379 episropos
1314 3312 1541 3381 suscipi,
1569 3314 1753 3383 eisque
1791 3330 1983 3371 nocere
2014 3317 2130 3371 nul-

636 3441 652 3472 ¹
677 3438 834 3494 Jussu
866 3444 1119 3511 Augusta:
1150 3441 1467 3498 Theodorze.

636 3512 656 3586 ξ
686 3512 996 3586 Anastasius
1009 3523 1113 3586 aut
1134 3513 1263 3586 quis
1281 3514 1625 3586 alius_auctor
1651 3516 1994 3586 pontiﬁcalis.

632 3580 829 3651 folias
855 3582 1100 3651 principis
1128 3580 1226 3646 [ut
1254 3584 1302 3636 in
1329 3599 1378 3638 c.
1402 3584 1538 3638 Just.
1651 3580 1663 3586 ’
1912 3614 1923 3627 -

635 3647 661 3680 ⁵
686 3649 835 3727 sent.
862 3652 947 3703 illa
973 3647 1031 3727 in'
1061 3653 1217 3723 Vigil.
1240 3654 1342 3707 lata
1378 3670 1491 3709 mer
1514 3664 1566 3709 to
1596 3667 1865 3726 suspecta,
1892 3668 1944 3712 ut
1978 3657 2138 3727 paulo

565 3728 689 3775 ante
710 3721 1131 3787 observavimus.

2316 3448 2337 3479 '
2371 3447 2494 3503 Hac
2510 3447 2619 3516 jam
2644 3463 2788 3517 saepe
2811 3448 3006 3518 saepius
3025 3448 3095 3503 ab
3117 3447 3319 3505 Isidoro
3339 3448 3392 3504 in
3423 3446 3558 3502 lictis
3580 3446 3817 3516 epistolis

2243 3516 2548 3572 decantata.
2732 3516 2735 3517 ⁷
2891 3516 2903 3518 ⁷

2316 3590 2335 3617 ⁸
2368 3590 2422 3641 S.
2453 3589 2560 3643 Leo
2581 3603 2667 3657 ep.
2692 3587 2757 3650 2,
2794 3590 2848 3654 i,
2870 3588 2960 3641 92.

2314 3659 2333 3689 ⁷
2364 3658 2402 3713 S
2454 3657 2690 3712 Boniiac.
2715 3658 2852 3727 MOg.
2878 3659 3115 3728 archiep.
3147 3659 3232 3713 17.

2315 3731 2334 3758 ⁸
2363 3730 2649 3782 tiousulum
2678 3738 2801 3781 nota
2836 3729 2992 3784 falsa.

610 3849 1685 3889 _—.._____—.____—_I
870 3850 3774 3894 M_——_—_

1870 3952 2041 3998 ANNO
2082 3952 2311 3997 DOMINI
2356 3951 2502 3995 DXL.

1188 4074 1420 4283 .S.
1549 4048 3163 4286 LAUBENTIUS

646 4373 2224 4538 NOVARIENSIS
2354 4374 3721 4539 EPISCOPUS.

1719 4646 1909 4701 Notitia
1949 4643 2232 4714 Margarini
2271 4643 2338 4699 de
2376 4643 2422 4698 la
2465 4644 2643 4714 Bigne.

626 4850 776 4904 llunc
814 4855 936 4904 esse
972 4849 1217 4917 SUSPit‘Ol‘
1260 4832 1599 4902 Lauren'tium
1647 4836 1901 4916 piiorem,
1934 4845 2022 4913 qui
2059 4860 2123 4899 ex
2156 4847 2205 4906 ι)
2232 4844 2329 4898 bus
2360 4846 2411 4898 in
2454 4845 2832 4900 hlediolancnsi
2868 4851 3063 4899 throno
3101 4846 3357 4901 sederunt
3404 4854 3523 4914 post
3571 4844 3808 4896 Lauren-

561 4941 876 4996 Novaricnsi
925 4940 1094 4995 factus
1128 4943 1198 4995 sit
1240 4939 1652 4994 Mediolancnsis
1691 4937 2129 5007 archiepiscopus

548 5033 837 5101 vigesimus
867 5032 1105 5102 quintus,
1136 5029 1201 5083 ad
1245 5034 1442 5082 aun‘um
1471 5028 1668 5082 Christi
1697 5027 1822 5092 507,
1851 5028 2005 5096 cujus
2044 5043 2133 5081 en-

550 5123 718 5178 comia
752 5121 997 5176 videatur
1020 5121 1297 5176 celebrare
1338 5119 1612 5174 Ennodius
1641 5120 1741 5189 (α).
1788 5120 1844 5173 In
1887 5118 2131 5173 Dictione

477 5222 499 5237 ⁶
552 5214 715 5266 missa
756 5211 1028 5265 Honorato
1058 5211 1314 5278 episcopo
1342 5209 1655 5264 Novariensi
1695 5210 1745 5262 in
1786 5208 2130 5263 dedicatione

544 5299 785 5356 basilica:
818 5302 1216 5369 Apostolorum.
1245 5301 1342 5368 Qui
1371 5302 1531 5355 etiam
1564 5301 1866 5355 llouoratus
1900 5300 2128 5353 admini-

548 5392 1056 5459 stratoNovariensi
1079 5392 1393 5461 episcopatu
1425 5392 1579 5446 annis
1602 5392 1821 5461 triginta
1842 5398 1965 5446 octo
1987 5390 2129 5460 (qui-

617 5534 696 5601 (a)
727 5531 874 5591 Veni,
920 5529 1108 5596 inquit,
1154 5529 1376 5594 piissime
1421 5528 1653 5591 Domine,
1697 5536 1827 5601 elc._,
1886 5534 2121 5580 evocatus

548 5599 841 5656 sanctorum
869 5601 1189 5653 sacerdotum
1234 5601 1435 5664 merito,
1469 5600 1615 5653 electi
1658 5599 1869 5653 seorsim
1897 5612 2120 5666 praesen-

546 5674 612 5746 tia
640 5673 797 5746 patris
840 5672 997 5746 nostri
1016 5669 1304 5746 Laurentii
1343 5671 1671 5746 conscientia,
1706 5670 1790 5734 qui
1827 5665 1908 5746 tot;
1938 5665 2118 5746 plenus

547 5740 749 5794 dotibus
789 5744 856 5793 ad
904 5740 1142 5811 Ecclesia:
1185 5741 1447 5811 fastigium
1496 5740 1669 5811 crevit,
1712 5747 1832 5805 quot
1882 5740 2117 5811 fecissent

544 5826 793 5866 strenuum
823 5810 1025 5881 s'ngulu
1050 5806 1259 5867 amrduc
1285 5806 1577 5864 pontiﬁcem
1607 5810 1657 5862 in
1684 5826 1781 5863 auo
1804 5816 1975 5860 vernat
1999 5806 2115 5861 boni

2238 4937 2371 4990 tium
2421 4937 2673 5004 priorem,
2722 4939 2779 4992 S.
2836 4937 3149 5006 Eustorgius
3198 4949 3325 4989 ann.
3371 4937 3426 5000 'I,
3469 4935 3526 4989 S.
3575 4933 3817 4998 Manius,

2234 5041 2360 5082 ann.
2392 5030 2445 5091 5,
2473 5026 2529 5082 S.
2552 5028 2733 5081 Datius
2750 5042 2877 5083 ann.
2904 5027 2997 5087 ἓξ.
3027 5026 3085 5083 S.
3110 5024 3295 5080 Vitalis
3318 5039 3442 5079 ann.
3468 5025 3524 5087 4,
3543 5022 3599 5078 S.
3631 5026 3813 5077 Auxa-

2236 5132 2335 5170 nns
2385 5133 2513 5172 ann.
2557 5116 2638 5186 2),
2688 5116 2753 5171 ad
2804 5117 3323 5184 archiepiscopatum
3369 5112 3820 5166 Mediolanenseut

2234 5215 2453 5260 evectus
2491 5207 2581 5266 sit,
2629 5221 2734 5259 non
2768 5207 2838 5260 ita
2870 5205 3038 5259 multo
3075 5213 3201 5257 ante
3240 5200 3719 5272 Longobardorum
3763 5202 3820 5257 in

2236 5298 2438 5353 Italiam
2469 5298 2777 5354 adventum.

2229 5524 2395 5592 operis
2424 5525 2657 5593 princeps
2687 5533 2733 5576 et
2764 5522 3041 5577 honestatis
3065 5531 3224 5593 mater
3253 5522 3819 5593 verecundin,reli_qia-

2229 5591 2309 5647 nis
2340 5591 2533 5647 sancta:
2570 5591 2744 5664 nutrix
2792 5595 3059 5664 patientia,
3100 5591 3263 5664 Deum
3304 5609 3501 5661 semper
3544 5592 3812 5659 placatum

2229 5665 2412 5732 pietas,
2444 5675 2492 5717 et
2520 5680 2634 5733 quae
2666 5661 3043 5718 Ecclesiasticis
3081 5662 3316 5717 membris
3346 5680 3452 5718 non
3475 5679 3704 5717 sermone
3734 5664 3809 5716 vi-

2228 5744 2291 5789 ta!
2320 5735 2553 5789 instituta
2583 5735 2789 5802 tribuet,
2815 5735 2904 5789 sed
2926 5735 3190 5803 exemplis,
3220 5742 3326 5789 etc.
