4126 6362
296 375 365 430 39
1647 365 1927 423 IIOMILIA
1970 367 2200 424 PRIMA.
3486 370 3554 428 ω

298 476 2604 525 CW
336 519 354 525 _
367 491 2604 525 __..._.__._..

1813 498 2418 518 tm

1262 502 2522 727 iam

1350 808 1408 854 θ
1534 748 1553 767 ·
1653 746 2183 829 HOMILI/E

1537 886 1625 951 (ex
1664 880 1918 937 Biblioth.
1960 881 2065 936 PP.
2104 878 2295 954 Lugd.)

831 1040 1106 1099 IIOMILIA
1152 1039 1357 1095 PRIMA

888 1132 964 1187 De
985 1130 1298 1202 panitentia.

374 1232 488 1287 Duo
517 1238 640 1285 sunt
674 1237 913 1296 tempora
942 1225 1012 1280 ab
1040 1224 1321 1277 Altissimo
1347 1222 1663 1291 prtestiulta,
1682 1220 1733 1275 in
1757 1221 1875 1290 qui-

302 1328 400 1381 bus
440 1324 596 1379 datur
640 1322 837 1391 duplex
881 1316 1191 1372 hominibus
1230 1314 1480 1370 remissio
1514 1321 1874 1383 peccatorum.

304 1422 397 1475 Est
421 1431 649 1487 namque
681 1414 925 1469 remissio
949 1410 1162 1482 publica
1192 1418 1245 1464 et
1268 1418 1349 1464 est
1378 1408 1623 1462 remissio
1646 1407 1868 1475 privata.

302 1511 519 1567 Publica
551 1518 762 1577 tempus
796 1520 953 1559 suum
991 1501 1171 1567 habet,
1221 1500 1419 1569 privata
1466 1514 1619 1553 suum
1656 1505 1875 1551 exercet

306 1615 537 1675 tempus.
570 1604 629 1658 In
660 1600 872 1672 publica
912 1597 1029 1656 forts
1057 1605 1141 1651 est
1180 1594 1541 1662 indulgentiae,
1584 1592 1634 1646 iu
1670 1592 1871 1659 privata

304 1698 509 1752 fructus
548 1704 632 1750 est
678 1692 1022 1763 pmnitentite.
1064 1691 1118 1744 In
1164 1688 1252 1743 illa
1292 1688 1489 1740 donum
1534 1684 1647 1749 Dei,
1682 1685 1733 1737 in
1778 1684 1877 1737 ista

305 1790 455 1844 labor
482 1787 735 1842 hominis.
786 1784 839 1837 In
884 1782 971 1836 illa
1002 1780 1288 1849 baptisma,
1334 1777 1387 1831 in
1433 1776 1534 1830 ista
1578 1774 1872 1844 pmuitudo.

302 1884 369 1938 Et
398 1898 517 1952 quae
556 1888 681 1935 sunt
710 1879 809 1932 ista
859 1887 1097 1944 tempora
1126 1872 1328 1928 debent
1366 1868 1603 1939 agnosci.
1645 1866 1879 1934 Tempus

301 1975 533 2045 primum
580 1978 663 2024 tst
688 1958 759 2021 ab
790 1967 959 2021 Adam
1003 1978 1171 2033 usque
1206 1962 1271 2016 ad
1306 1960 1597 2015 Christum.
1645 1958 1879 2026 Tempus

302 2065 596 2123 secundum
636 2070 718 2117 est
749 2077 776 2114 a
811 2058 1027 2114 Christo
1058 2070 1227 2125 usque
1256 2053 1320 2109 ad
1361 2052 1876 2107 consummationem

302 2156 504 2213 surculi.
543 2154 668 2208 Ilmc
697 2158 823 2206 sunt
867 2148 973 2203 duo
1002 2157 1262 2215 tempora.
1308 2144 1363 2198 In
1404 2143 1575 2213 primo
1602 2142 1729 2211 quid
1763 2141 1881 2195 est?

303 2247 585 2303 Peccatum
618 2243 807 2303 Adam,
847 2238 988 2310 quod
1025 2238 1270 2293 Christus
1298 2235 1475 2291 solvit.
1511 2233 1566 2289 In
1604 2232 1879 2288 secundo?

302 2336 460 2408 quid?
486 2344 701 2405 peccata
730 2330 964 2401 prapria,
996 2344 1115 2399 qua:
1142 2328 1294 2383 labor
1320 2324 1593 2382 hominum
1638 2334 1692 2380 et
1730 2324 1879 2379 solli-

1904 1043 1954 1102 Α
1983 1054 2123 1105 sum,
2152 1040 2309 1095 etiam
2340 1055 2499 1109 super
2540 1043 2711 1097 nivem
2752 1046 2992 1099 excellet.
3031 1046 3285 1100 Futurqu
3315 1058 3417 1111 est,
3450 1048 3554 1102 Ge-

1982 1134 2142 1197 nitor,
2179 1144 2235 1187 ut
2263 1134 2441 1187 mittas
2469 1134 2655 1187 Filium
2682 1146 2826 1189 tuum
2846 1138 3193 1207 unigenitum,
3226 1139 3314 1207 qui
3339 1138 3549 1193 auferat

1981 1227 2177 1280 malum
2204 1228 2273 1282 de
2306 1228 2522 1287 mundo.
2559 1230 2713 1298 quod
2744 1245 2836 1295 per
2866 1245 2951 1284 me
2981 1232 3336 1285 introductum
3370 1242 3473 1293 est,
3500 1242 3555 1285 et

1981 1332 2085 1369 non
2129 1315 2438 1371 fraudentur
2490 1318 2581 1371 filii
2631 1320 2680 1371 in
2728 1317 2960 1374 facinore
3003 1323 3186 1388 patris.
3221 1323 3314 1376 Ille
3350 1323 3554 1389 aterict

1980 1410 2125 1462 viam
2165 1410 2376 1474 salutis,
2422 1411 2509 1464 ille
2550 1411 2812 1465 reserabit
2855 1412 3227 1467 remissionem
3276 1414 3457 1479 funtis,
3503 1426 3557 1468 et

1980 1500 2183 1555 crimen
2223 1517 2399 1555 meum
2430 1500 2662 1557 abolebit
2694 1504 2745 1557 in
2785 1519 2919 1573 aqua
2951 1514 3004 1559 et
3033 1505 3251 1574 Spiritu.
3294 1502 3555 1576 Asperget

1980 1608 2066 1648 me
2090 1596 2277 1663 gratiae
2298 1608 2415 1649 sua:
2442 1597 2626 1665 guttis,
2650 1604 2705 1650 et
2726 1596 3043 1651 mundabor.
3079 1596 3285 1651 Lavabit
3313 1614 3389 1653 me
3416 1599 3549 1668 igni-

1979 1684 2095 1739 fero
2123 1685 2343 1749 lumine,
2371 1697 2417 1739 et
2445 1704 2594 1757 super
2616 1689 2779 1742 nivem
2801 1688 3095 1742 dealbabor.
3126 1690 3248 1745 Ilaec
3274 1702 3353 1744 est
3381 1691 3555 1759 primo

1982 1782 2223 1843 tempore
2270 1777 2516 1830 remissio
2553 1777 2818 1846 generalis
2852 1796 2863 1830 :
2896 1779 3171 1833 videamus
3213 1780 3337 1848 quid
3371 1781 3421 1833 in
3463 1796 3551 1834 se-

1980 1866 2175 1919 cundo.
2208 1867 2335 1921 Item
2365 1866 2558 1921 Psalni
2598 1868 2909 1923 declarant:
2940 1868 3311 1941 Usquequaque
3340 1874 3453 1923 Iura
3480 1889 3556 1924 me

1979 1958 2042 2010 ab
2076 1958 2329 2028 injustilia
2343 1975 2474 2026 mea,
2503 1969 2549 2012 et
2587 1976 2618 2013 a
2645 1959 2829 2014 delicto
2859 1977 2968 2014 meo
3009 1963 3201 2014 munda
3230 1978 3309 2015 me
3342 1961 3556 2031 (Ibid.),

1983 2049 2119 2105 Ecce
2154 2058 2385 2119 tempus,
2412 2062 2466 2105 et
2495 2060 2703 2122 tempus
2725 2056 2970 2122 superius
2994 2054 3183 2120 Aulam,
3218 2054 3437 2108 infer‘us
3460 2054 3558 2107 Da-

1984 2141 2096 2196 vid.
2134 2141 2205 2196 lbi
2236 2142 2503 2196 lavacrum
2535 2154 2617 2198 εει
2648 2159 2820 2212 aqum,
2851 2145 2938 2198 ubi
2974 2144 3103 2198 dicit
3129 2162 3141 2197 :
3173 2144 3363 2197 levatis
3404 2160 3482 2197 me
3508 2154 3555 2197 et

1980 2248 2135 2300 super
2157 2232 2318 2286 nit-em
2344 2232 2639 2287 dealbabor.
2666 2233 2760 2287 llic
2783 2236 3032 2304 lacrymm
3063 2244 3185 2287 sunt
3209 2235 3559 2303 paenitentia»,

1982 2324 2072 2378 ubi
2099 2323 2228 2380 dicit
2254 2324 2442 2392 David,
2467 2342 2825 2396 usquequaque
2850 2327 2965 2379 lava
2996 2342 3072 2379 me
3086 2326 3147 2378 ab
3178 2327 3429 2398 injustitia
3448 2341 3559 2379 mea

302 2429 480 2484 citudo
515 2426 849 2492 esstingnit:
883 2422 1012 2477 illud
1042 2418 1294 2492 generale
1331 2430 1432 2485 est,
1476 2419 1579 2474 hoc
1623 2420 1877 2489 speciale.
1912 2413 1957 2472 Β
1985 2424 2030 2469 et
2054 2433 2082 2466 a
2113 2416 2297 2471 delicto
2321 2432 2431 2470 meo
2461 2418 2655 2470 munda
2681 2433 2782 2472 me.
2814 2416 2944 2472 Illud
2979 2418 3276 2487 publicum,
3311 2421 3411 2474 hoc
3447 2422 3559 2488 pri-

304 2521 536 2577 Adverte
562 2518 700 2589 quod
732 2514 928 2570 dicitur
964 2533 976 2567 :
1004 2514 1281 2568 Peccatum
1312 2511 1479 2565 Adam
1509 2510 1650 2580 quod
1680 2509 1731 2563 in
1756 2509 1879 2563 filiis

304 2613 423 2680 ejus
451 2612 764 2681 permans‘t,
805 2604 980 2660 divina
1012 2603 1294 2659 clementia
1330 2601 1570 2673 abstulit.
1605 2600 1879 2656 Sarcinam

305 2703 448 2759 illam
481 2702 534 2756 in
556 2716 614 2756 se
644 2697 878 2765 suscepit
902 2695 1169 2757 Silvator,
1203 2703 1257 2748 et
1284 2693 1479 2748 evertit
1506 2710 1518 2745 :
1550 2690 1802 2762 quando?
1826 2690 1879 2744 In

306 2793 477 2863 primo
500 2797 761 2858 tempore.
792 2786 927 2841 Ubi?
961 2785 1013 2838 In
1046 2783 1193 2839 fonte
1220 2782 1579 2853 baptismatis,
1608 2780 1881 2851 fluvioque

307 2882 570 2938 Iordanis.
608 2879 685 2935 lbi
713 2877 974 2933 c‘amabat
1011 2875 1242 2945 Baptista
1269 2918 1284 2941 ,
1314 2874 1587 2944 digitoque
1627 2873 1881 2929 ostende-

307 2976 395 3030 bat
427 2972 702 3028 caelestem
748 2969 789 3023 P
821 2968 1072 3036 iucipetu,
1113 2966 1297 3019 dicens
1321 2981 1335 3018 :
1362 2963 1493 3018 Ecce
1536 2963 1709 3034 Agnus
1757 2963 1880 3027 Dei,

310 3080 435 3119 ecce.
470 3064 554 3133 qui
601 3063 731 3115 tollit
787 3070 995 3127 percata
1037 3058 1217 3111 mundi
1260 3055 1442 3128 (Joan.
1472 3053 1536 3126 ι).
1598 3055 1882 3110 Peccatum

308 3156 489 3212 mundi
518 3153 643 3225 quid
673 3153 798 3208 est?
829 3151 1087 3205 DeliCtum
1132 3148 1299 3204 Adam
1335 3163 1430 3216 per
1480 3146 1753 3202 traducem
1798 3161 1885 3202 se—

309 3248 467 3301 minis
512 3246 576 3300 ad
625 3244 762 3299 filios
793 3243 1125 3298 devolutum.
1160 3242 1342 3310 Agnus
1396 3240 1559 3311 igitur
1590 3240 1683 3295 Dei
1729 3239 1885 3295 Chri-

310 3351 456 3402 stus;
507 3340 703 3392 tinctus
734 3337 786 3390 iu
817 3334 1059 3403 flumine,
1107 3334 1227 3388 tulit
1280 3333 1493 3387 noxiam
1546 3330 1810 3386 sarcinam
1853 3347 1881 3385 a

310 3430 468 3484 Patre
507 3430 558 3482 in
588 3428 723 3482 filios
749 3426 1103 3482 derivantem.
1148 3422 1309 3478 Nefas
1348 3422 1473 3476 illud
1505 3410 1818 3491 pessimum,
1850 3439 1878 3476 a

310 3529 559 3587 serpente
610 3527 953 3588 suggestum,
1001 3516 1053 3570 in
1109 3514 1257 3569 fonte
1296 3512 1530 3579 intinxit,
1576 3513 1628 3566 in
1656 3513 1880 3569 flumine

310 3612 561 3673 abolevit,
596 3612 645 3662 in
674 3624 833 3663 carne
865 3609 1139 3663 cremavit.
1180 3607 1320 3661 'l'ulit
1346 3606 1580 3661 debitum
1610 3608 1798 3673 'uniu~‘,
1833 3616 1889 3662 et

312 3704 529 3756 donavit
565 3701 948 3770 indulgentiam
980 3700 1208 3754 cunctis.
1231 3698 1402 3766 Caput
1426 3700 1631 3752 curavit
1661 3709 1713 3753 et
1755 3713 1885 3752 sana

1984 2518 2184 2561 vatum.
2217 2507 2349 2562 Illud
2379 2508 2565 2579 gratia:
2595 2549 2609 2573 ,
2643 2509 2745 2564 hoc
2770 2509 3090 2564 clementiae.
3124 2510 3253 2564 Illud
3284 2515 3520 2566 omnium
3542 2552 3557 2575 ,

1983 2596 2081 2652 hoc
2109 2598 2399 2667 singulare.
2427 2598 2558 2653 Illud
2587 2601 2869 2671 myst’cnm
2890 2643 2904 2665 ,
2938 2601 3039 2656 hoc
3063 2602 3282 2656 morale.
3314 2601 3561 2656 Abluitur

1981 2687 2149 2741 Adam
2176 2703 2403 2758 corpore
2429 2689 2650 2757 Christi,
2686 2701 2742 2745 ut
2770 2701 3002 2760 veterem
3042 2691 3257 2761 abjiciat
3285 2691 3554 2746 hominem

1985 2792 2035 2834 et
2069 2781 2257 2836 induat
2287 2797 2508 2837 novum.
2552 2782 2802 2838 Abluitur
2833 2784 2996 2838 David
3030 2783 3080 2837 in
3110 2784 3272 2838 corde
3298 2788 3559 2851 compon-

1983 2884 2091 2942 cto,
2125 2886 2180 2929 ut
2210 2877 2464 2931 reformet
2495 2878 2547 2931 in
2597 2892 2654 2931 se
2694 2878 2926 2947 speciem
2962 2892 3118 2947 quam
3149 2877 3351 2931 crimen
3385 2876 3559 2931 fusca-

1986 2967 2081 3020 vit.
2131 2967 2222 3021 Ille
2253 2977 2537 3021 renovatur
2574 2968 2625 3021 in
2658 2967 2821 3031 fonte,
2865 2969 2967 3021 iste
3013 2978 3290 3035 reparatur
3328 2966 3379 3019 in
3412 2965 3561 3019 ﬂetu.

1986 3057 2136 3111 Illum
2170 3058 2339 3127 gratia
2367 3058 2597 3123 cnraiit,
2635 3059 2790 3112 istum
2824 3054 3054 3128 gemitus
3091 3056 3419 3111 reformavit.
3461 3058 3560 3122 Qui

1985 3147 2328 3202 commissum
2361 3160 2514 3201 suum
2548 3149 2753 3202 hirsuto
2804 3163 3028 3216 corpore
3059 3147 3234 3211 dolet;
3289 3157 3341 3199 ει
3383 3148 3564 3217 lugent

1989 3237 2189 3306 peccati
2230 3237 2309 3290 sui
2341 3246 2467 3291 ante
2504 3252 2564 3292 se
2595 3236 2763 3307 pingit
2810 3237 3121 3306 imaginem,
3152 3235 3221 3289 ita
3272 3249 3519 3289 asserens
3552 3252 3564 3286 :

1992 3325 2358 3397 Usquequaque
2387 3328 2502 3382 lava
2537 3344 2616 3382 me
2641 3328 2704 3381 ab
2730 3328 2984 3400 injustitia
3020 3345 3149 3381 mea.
3185 3328 3359 3394 Quare
3388 3342 3565 3399 usque-

1987 3419 2221 3487 quaque?
2247 3418 2385 3483 Quia
2421 3419 2740 3489 iniquitatem
2778 3431 2940 3472 meam
2984 3434 3225 3488 agnosco,
3256 3428 3304 3473 et
3331 3420 3567 3472 delictum

1991 3524 2155 3561 meum
2177 3517 2356 3562 contra
2384 3525 2462 3563 me
2488 3521 2560 3563 est
2585 3524 2806 3578 semper.
2842 3508 3117 3580 Tanquam
3159 3510 3201 3563 si
3232 3511 3304 3563 ila
3327 3508 3529 3564 diceret
3554 3527 3567 3562 :

1993 3600 2289 3654 Sanaveras
2341 3615 2451 3666 me,
2507 3600 2759 3665 Domine,
2799 3599 2909 3669 jam
2958 3609 3085 3654 ante
3138 3600 3188 3653 in
3248 3612 3397 3669 patre
3454 3616 3569 3655 meo

1990 3687 2181 3755 Adam,
2213 3689 2428 3757 quando
2457 3689 2701 3743 membra
2742 3690 2884 3744 illius
2923 3693 2975 3744 in
3010 3701 3060 3745 te
3091 3703 3338 3759 stncepta
3371 3692 3570 3747 tinxisti

313 3808 434 3849 sunt
468 3796 641 3846 onuna
667 3793 928 3847 membra.
964 3792 1156 3846 Verum
1180 3791 1248 3844 ab
1274 3790 1373 3846 hoc
1400 3790 1547 3846 fonte
1594 3792 1677 3847 vel
1706 3792 1883 3846 indul-

1994 3778 2046 3832 in
2076 3779 2242 3847 fonte,
2271 3781 2484 3835 abluisti
2516 3782 2566 3835 in
2592 3782 2831 3835 flumine.
2863 3781 3021 3836 Liber
3049 3782 3341 3836 existebam
3372 3782 3572 3838 benefi-

311 3886 487 3958 gentia
519 3886 752 3955 generali
776 3884 918 3938 aliud
948 3883 1055 3951 jam
1090 3885 1327 3939 exoritur
1344 3885 1891 3954 tempuszcommissa

314 3989 528 4046 peccata
561 3993 666 4031 non
709 3990 843 4045 aqua
884 3975 1048 4038 delet,
1078 3974 1169 4029 sed
1213 3976 1489 4043 ptenitudo
1532 3977 1778 4031 remittit.
1824 3978 1891 4032 Et

315 4072 415 4125 hoc
441 4080 652 4138 tempus
685 4082 966 4137 utrumque
998 4069 1273 4138 psalmista
1317 4064 1486 4122 Davil
1524 4071 1574 4123 in
1619 4069 1886 4139 quinqua-

312 4164 517 4233 gesimo
562 4164 763 4231 psalmo
796 4162 1019 4215 notavit.
1050 4162 1284 4214 Primum
1321 4170 1530 4228 tempus
1570 4161 1769 4230 posuit,
1803 4161 1890 4215 ubi

318 4268 413 4319 per
440 4252 711 4306 Christum
738 4252 969 4321 loquitur
1000 4252 1051 4303 in
1077 4265 1308 4320 persona
1338 4251 1524 4303 Adam.
1559 4253 1623 4305 Et
1649 4251 1776 4321 quid
1802 4252 1889 4306 di-

312 4343 421 4397 cit?
449 4341 679 4406 Incerta,
711 4342 903 4411 inquit,
935 4351 981 4395 et
1020 4341 1216 4395 occulta
1251 4342 1517 4410 sapientia:
1552 4352 1653 4396 tum
1678 4344 1895 4412 manife-

314 4443 394 4487 sta
440 4426 583 4488 inihi.
628 4433 694 4487 Et
728 4447 846 4502 qua:
885 4439 1011 4486 sunt
1057 4432 1194 4487 ista?
1228 4433 1496 4488 Incertum
1546 4435 1643 4489 fuit
1695 4435 1889 4490 salvari

314 4525 357 4578 Α
382 4526 483 4578 tam
515 4523 722 4593 lapsum
754 4523 807 4576 in
839 4532 1086 4588 mortem,
1110 4524 1208 4579 sed
1230 4525 1512 4580 manifesta
1546 4525 1682 4580 facta
1711 4536 1814 4592 est,
1840 4537 1892 4583 et

312 4618 613 4688 redemptio
656 4616 776 4686 eius
817 4616 869 4671 in
908 4630 1071 4672 carne
1110 4624 1163 4671 et
1195 4616 1439 4671 remissio
1480 4616 1596 4687 ejus
1647 4618 1699 4671 in
1730 4633 1889 4689 aqua,

310 4707 422 4762 vidi
473 4708 525 4762 in
567 4707 755 4778 spiritu
799 4705 1068 4777 quomodo
1121 4706 1405 4761 clementia
1449 4718 1535 4761 tua
1582 4709 1745 4762 miSsa
1797 4724 1892 4778 per

311 4801 664 4869 unigenitum,
699 4811 751 4856 et
780 4808 984 4870 patrem
1012 4800 1214 4869 recepit
1243 4800 1310 4855 de
1349 4801 1598 4869 crimine,
1631 4809 1685 4856 et
1725 4802 1890 4857 filium

310 4892 529 4945 donavit
581 4893 759 4946 saluti.
810 4890 949 4945 Ecce
1000 4892 1201 4946 incerta
1255 4892 1533 4961 sapientiae.
1580 4903 1712 4959 tuae,
1769 4910 1887 4963 qua:

309 4982 444 5035 mihi
481 4990 571 5035 tua
611 4980 850 5052 dignatio
887 4980 1187 5036 revelanit?
1216 4980 1351 5048 Quid
1379 4996 1472 5053 erg
1496 5002 1507 5031 ι
1534 4981 1744 5037 Adam?
1772 4984 1891 5054 Ipse

310 5080 397 5126 est
423 5073 513 5142 qui
545 5088 638 5141 per
674 5073 946 5127 Christum
979 5071 1215 5127 exsultat
1244 5072 1296 5126 in
1341 5072 1505 5128 David
1541 5074 1762 5133 dicens:
1791 5078 1891 5133 Do.

1994 3869 2078 3922 cio
2109 3876 2224 3935 tuo,
2258 3883 2356 3923 nec
2398 3870 2543 3938 p0tui
2576 3870 2834 3924 indultam
2874 3870 3005 3925 mihi
3036 3871 3261 3941 gratiam
3315 3874 3567 3929 retinere.

1995 3958 2192 4012 lterum
2224 3960 2365 4013 enim
2407 3960 2458 4013 in
2490 3974 2575 4014 me
2604 3960 2775 4028 inattm
2805 3961 2999 4015 erravi.
3028 3962 3073 4015 A
3100 3963 3266 4031 patris
3295 3963 3489 4018 delicto
3513 3965 3573 4017 li-

1995 4051 2089 4103 ber
2111 4050 2354 4116 eITectus,
2388 4051 2660 4120 proprium
2690 4053 2934 4107 commisi
2962 4054 3237 4118 delictum,
3267 4055 3335 4109 de
3364 4056 3575 4124 publico

1994 4153 2211 4211 ereptus
2238 4145 2450 4212 laqueo,
2479 4142 2744 4212 privatum
2772 4145 2989 4198 incurri.
3035 4144 3147 4200 Non
3180 4146 3386 4215 cstjam
3415 4147 3579 4200 fontis

1998 4248 2095 4285 nec
2124 4249 2273 4303 aqua:
2305 4235 2630 4300 prmsidium.
2661 4236 2793 4300 Quid
2824 4235 3038 4299 faciam,
3066 4246 3158 4289 aut
3187 4238 3327 4292 unde
3352 4237 3573 4306 piabor?

1996 4322 2245 4392 Nunquid
2279 4340 2489 4380 mereor
2520 4326 2714 4380 iterum
2748 4327 3091 4397 indulgentiae
3124 4338 3225 4382 tum
3256 4328 3428 4386 imbre
3453 4345 3573 4399 per-

1995 4414 2167 4484 fundi,
2199 4419 2546 4488 geueral'que
2579 4422 2774 4475 lavacri
2808 4420 3026 4476 ﬂumine
3054 4422 3221 4475 dilui?
3252 4425 3422 4479 Absit.
3461 4425 3575 4479 Non

1994 4525 2095 4581 ego
2116 4510 2229 4580 jam
2261 4527 2411 4581 aqua:
2435 4528 2626 4568 munus
2660 4524 2897 4583 repetam
2924 4516 3063 4584 quod
3090 4516 3255 4571 ablui.
3280 4516 3460 4572 Semel
3484 4531 3577 4585 pec

1997 4612 2103 4656 tam
2136 4605 2276 4673 quod
2318 4606 2482 4660 semel
2526 4621 2842 4661 concessum
2879 4616 2978 4662 est.
3013 4607 3090 4661 Ex
3120 4624 3233 4661 mea
3266 4623 3350 4664 me
3386 4608 3566 4678 inOpia

1995 4697 2224 4765 redimo,
2255 4714 2318 4751 ex
2344 4714 2464 4752 meo
2496 4716 2578 4752 me
2612 4700 2795 4755 labore
2822 4702 3104 4769 perfuncto.
3141 4702 3232 4755 Est
3260 4703 3310 4755 in
3341 4717 3426 4756 me
3455 4704 3572 4756 exi-

1995 4802 2128 4855 guus
2150 4788 2363 4857 quidam
2397 4791 2606 4855 humor,
2642 4791 2733 4859 qni
2766 4806 2871 4845 non
2915 4808 3000 4845 me
3031 4808 3180 4845 more
3213 4793 3465 4846 torrentis
3497 4793 3578 4846 in-

1997 4881 2189 4948 fundit,
2224 4882 2316 4935 sed
2349 4883 2560 4937 modico
2591 4884 2789 4939 sudore
2820 4887 3042 4939 inrorat.
3090 4885 3311 4941 Laboris
3352 4888 3453 4940 mei
3490 4902 3576 4942 me

1994 4972 2163 5040 guttis
2203 4972 2348 5025 ablui
2380 4988 2584 5042 qumro,
2628 4976 3020 5045 verborumque
3066 4976 3311 5031 scintillis
3341 4977 3490 5031 virus
3522 4979 3573 5031 iu

1995 5078 2081 5116 me
2102 5076 2419 5132 conceptum
2446 5067 2600 5120 exuri
2630 5067 2899 5121 desidero.
2930 5070 3320 5137 [squequaque
3352 5068 3468 5122 lava
3492 5084 3577 5123 me

309 5164 466 5227 mine,
510 5180 743 5232 aspergrs
789 5178 870 5217 me
917 5163 1157 5232 hyssopa,
1200 5173 1249 5216 et
1290 5165 1574 5220 mundabor
1604 5166 1777 5238 (Psal.
1810 5168 1881 5238 ι).

1993 5154 2059 5208 ab
2080 5155 2339 5224 injustitia
2374 5173 2489 5212 mea
2524 5176 2535 5211 :
2568 5174 2673 5212 non
2696 5159 2805 5228 jam
2829 5174 2984 5228 aqua,
3011 5160 3107 5215 sed
3131 5176 3294 5231 opere
3321 5162 3436 5215 lava
3462 5177 3577 5224 me;

309 5251 476 5321 Culpa
516 5254 658 5307 enim
705 5268 819 5308 mea
862 5269 948 5308 me
977 5253 1171 5319 obruit,
1204 5255 1309 5308 imo
1338 5255 1541 5309 crimen
1572 5258 1885 5325 prtevarica-

311 5343 476 5397 tionis
505 5344 742 5399 fmdavit.
776 5346 906 5411 Sed,
930 5362 1166 5419 asperges
1187 5364 1265 5402 me
1293 5351 1535 5419 hyssOpo,
1562 5350 1612 5404 id
1644 5361 1726 5406 est
1751 5367 1887 5422 aqua

310 5437 429 5490 viva
452 5479 467 5502 ,
492 5447 538 5491 et
565 5439 871 5492 mundabor.
902 5442 1153 5509 Asperges
1196 5457 1274 5493 me
1310 5454 1443 5509 aqua
1481 5438 1599 5494 Filii
1634 5440 1706 5494 tui
1739 5457 1891 5496 sacro

207 5586 221 5593 _
307 5529 569 5598 sanguine
608 5531 796 5596 mixta,
836 5540 883 5583 et
920 5531 1224 5583 mundabor.
1268 5530 1483 5585 Lmabis
1520 5546 1619 5596 me,
1652 5542 1696 5583 et
1735 5550 1889 5602 super

310 5618 477 5672 nivem
502 5618 833 5673 deabbsbor?
863 5620 1089 5674 Lavabis
1105 5635 1190 5675 me
1222 5622 1272 5674 in
1300 5621 1392 5676 illo
1419 5632 1643 5676 venturo
1665 5624 1807 5679 fonte
1832 5635 1885 5679 et

307 5708 537 5777 mystico
578 5709 796 5764 flumine
836 5710 888 5764 III
933 5724 1058 5779 quo,
1106 5725 1212 5765 non
1248 5711 1421 5764 solum
1460 5712 1662 5767 crimen
1704 5729 1881 5768 tneum

306 5802 699 5874 exstinguetur,
735 5805 827 5861 sed
856 5814 906 5860 et
950 5803 1148 5859 candor
1179 5821 1331 5861 meus
1383 5821 1541 5876 quem
1572 5821 1881 5878 recepturus

1993 5260 2096 5300 non
2137 5248 2470 5315 baptismatis
2517 5249 2694 5318 fonte,
2736 5251 2829 5306 sed
2872 5252 3201 5319 poenitentia:
3244 5268 3387 5309 rorc.
3440 5255 3573 5318 Quia

1992 5339 2235 5393 delictum
2280 5358 2445 5394 meum
2488 5354 2665 5396 contra
2702 5360 2780 5397 me
2825 5354 2900 5398 est
2930 5362 3152 5412 semper.
3184 5346 3301 5399 Vidi
3331 5360 3416 5399 me
3446 5359 3579 5398 :co-

1994 5433 2148 5501 gnovi
2183 5432 2379 5487 factum
2413 5450 2613 5498 meum,
2638 5443 2745 5490 stat
2773 5448 2897 5492 ante
2921 5454 3005 5493 me
3034 5439 3286 5492 delictum
3312 5437 3449 5503 quod
3480 5451 3568 5489 me

1994 5521 2330 5578 deformavit.
2366 5523 2757 5595 Usquequaque
2790 5527 2904 5581 lava
2937 5544 3022 5582 me
3045 5530 3111 5581 ab
3145 5526 3398 5595 iniustitia
3434 5540 3571 5589 mea,

1996 5613 2117 5682 quia
2147 5617 2372 5685 cognovi
2425 5616 2565 5686 quod
2598 5617 2696 5672 feci
2729 5635 2742 5672 :
2780 5619 2920 5686 quod
2952 5634 3051 5687 ego
3098 5616 3327 5687 cognovi
3355 5656 3370 5681 ,
3403 5624 3457 5668 tu
3492 5617 3545 5670 di

1992 5712 2219 5771 gnanter
2241 5707 2477 5773 ignosce.
2508 5707 2755 5777 Despice,
2783 5707 3014 5780 tu,§quod
3045 5722 3145 5776 ego
3173 5707 3416 5776 inspicio.
3458 5708 3576 5762 Suf-

1997 5794 2104 5849 licit
2145 5813 2228 5851 me
2283 5796 2461 5852 videre
2511 5799 2630 5853 hoc.
2692 5799 2809 5852 Tibi
2859 5797 3103 5865 displicui
3142 5815 3152 5848 :
3188 5809 3350 5853 averte
3387 5800 3574 5861 faciem
