4126 6362
634 335 696 389 91
1590 342 1645 399 8.
1686 342 2048 400 ιΛυΒῘὶΝΪῙΙ
2090 347 2169 401 ΝΟ

2278 350 2539 407 ΒΙΕΝΞἸΒ
2580 355 2874 412 EPISCOPI
3827 376 3889 430 ﬁ

638 456 777 499 tuam
803 462 834 499 α
861 449 1079 516 peccatis
1108 451 1253 517 meis,
1286 460 1332 504 et
1366 468 1534 507 omnes
1573 454 1865 520 iniquitates
1896 473 2029 512 ineas
2062 460 2193 512 dele.
2228 461 2285 522 Α
2312 462 2496 529 cepisti
2548 475 2778 519 mentem
2804 468 2987 522 altiora
3044 481 3335 541 petentem;
3392 487 3470 529 saa
3502 478 3552 531 in
3593 479 3874 541 altitudine

634 539 844 602 Quare?
884 541 1004 608 quia
1050 541 1292 597 delictum
1338 562 1502 599 meum
1540 557 1717 601 contra
1758 566 1838 603 me
1875 561 1947 604 est
1984 569 2203 623 semper.

635 629 902 698 Scriptum
932 642 1014 686 est
1037 634 1086 686 in
1109 637 1268 690 corde
1295 652 1433 703 meo,
1470 649 1745 694 exaratum
1780 652 1861 697 est
1894 645 1993 699 sub
2034 647 2201 701 oculis

634 720 788 788 meis,
823 723 985 778 fixum
1010 734 1092 780 est
1119 726 1171 780 in
1202 730 1527 785 conscientia
1564 748 1700 787 mea.
1728 734 1919 797 Ablue.
1955 744 2028 803 tu,
2061 738 2204 806 quod

632 826 732 881 ego
757 815 970 883 srripsi,
1013 817 1190 873 exime
1219 820 1356 889 quod
1388 826 1487 893 ego
1521 822 1758 893 depinxi.
1790 826 1915 881 Haec
1947 828 1996 880 in
2039 827 2201 897 figura

631 904 834 971 plorata
862 917 1015 973 sunt;
1044 908 1155 966 lucc
1184 910 1362 965 induxi
1383 913 1436 967 in
1468 915 1741 982 speculum
1774 918 2199 988 quinquagesimi

631 998 843 1065 psalmi,
888 1002 937 1054 in
969 1016 1074 1071 quo
1102 1002 1167 1056 ad
1195 1013 1467 1073 aSpeetum
1514 1015 1753 1061 nostrum
1786 1017 1841 1063 et
1881 1011 2037 1078 primi
2069 1018 2201 1064 tem-

631 1088 779 1154 poris
824 1098 878 1143 et
926 1093 1145 1147 secundi
1189 1095 1400 1163 gemina
1442 1095 1615 1165 imago
1660 1100 2100 1167 resultatzprimi
2145 1101 2196 1154 in

631 1178 820 1244 Adam,
864 1184 1082 1238 secundi
1132 1186 1182 1239 in
1222 1187 1407 1241 David.
1453 1187 1600 1242 Licet
1632 1189 1810 1256 ambo,
1843 1191 1955 1246 sive
2005 1192 2194 1259 Adam,

622 1272 741 1331 sive
771 1272 933 1328 David
966 1278 1120 1345 primi
1151 1281 1407 1345 temporis
1441 1282 1614 1350 spatio
1644 1284 2052 1339 concludantur.
2082 1285 2195 1351 Spi-

626 1361 760 1415 ritus
788 1375 870 1419 est
898 1379 1114 1423 sanctus
1151 1371 1239 1439 qui
1275 1372 1507 1441 loquitur
1549 1374 1607 1428 in
1644 1377 1941 1444 pr0phetis,
1974 1387 2025 1431 et
2058 1388 2193 1431 tem-

624 1467 723 1519 pus
754 1458 1033 1527 utriusque
1060 1476 1088 1513 a
1116 1477 1174 1515 se
1204 1462 1499 1533 distinguit,
1536 1478 1588 1521 et
1621 1471 2070 1537 praevaricationis
2103 1486 2193 1525 ve—

623 1546 708 1598 nia
732 1547 967 1617 signetur
994 1553 1045 1605 in
1081 1554 1264 1618 Adam,
1299 1558 1625 1625 potuitentia:
1652 1577 1840 1617 manus
1866 1565 2107 1618 exsolvat
2138 1566 2190 1617 in

624 1634 817 1704 David;
848 1653 1026 1696 sermo
1055 1659 1281 1714 namque
1317 1651 1676 1719 propheticus,
1706 1665 1757 1709 et
1800 1657 2189 1722 praecedentem

621 1724 809 1783 faciem
859 1734 1113 1800 temporis
1154 1747 1207 1789 et
1247 1752 1556 1809 sequentem
1590 1745 1825 1814 depingit
1874 1747 1926 1799 in
1960 1750 2183 1816 psalmo.

2313 557 2505 610 mentis
2536 566 2637 612 ιιιτε
2665 562 2812 628 quasi
2846 562 3018 631 imago
3052 564 3175 629 Dei,
3230 577 3283 621 et
3310 569 3376 623 de
3403 573 3622 637 speculo
3646 574 3745 629 hoc
3766 578 3885 633 dei-

2319 644 2401 697 fici
2435 650 2613 713 Operis
2656 652 2912 715 profunda
2950 654 3249 709 rimaberis.
3298 658 3473 713 Habes
3514 663 3794 719 arbitrium
3825 679 3883 723 et

2310 748 2524 788 sensum
2550 737 2615 791 de
2664 740 2770 793 fleo
2812 755 3147 796 concessum.
3184 744 3429 801 Delibera
3470 752 3609 818 apud
3648 762 3721 818 te,
3756 771 3879 811 cum

2307 826 2381 875 sis
2414 822 2588 893 imago
2622 826 2736 891 Dei,
2766 830 3035 896 quomodo
3067 847 3169 885 non
3196 838 3367 901 possis
3398 841 3686 909 exstingui.
3714 844 3769 899 Si
3800 858 3883 901 est

2308 912 2358 963 in
2414 921 2464 966 te
2513 916 2810 983 prudentia,
2860 922 2901 973 si
2944 920 3107 976 habes
3158 926 3462 994 consilium,
3503 942 3554 984 et
3608 938 3878 1003 proprium

2304 1002 2498 1056 mentis
2530 1004 2828 1074 arbitrium,
2864 1009 3002 1064 Deus
3033 1011 3086 1064 in
3134 1022 3182 1066 te
3218 1023 3319 1068 est.
3361 1017 3477 1084 Ipse
3515 1022 3608 1074 tibi
3638 1002 3741 1078 erit
3766 1042 3881 1094 ρω-

2304 1089 2548 1155 nitentia,
2586 1104 2639 1148 et
2676 1094 2793 1149 fons
2821 1108 2871 1151 et
2904 1100 3185 1167 baptisma,
3220 1114 3275 1158 et
3305 1108 3568 1172 remissio,
3612 1115 3699 1181 qui
3738 1089 3877 1171 nun-

2310 1192 2469 1247 quam
2512 1184 2562 1235 in
2605 1192 2655 1237 te
2677 1200 2775 1240 nec
2812 1186 3009 1242 desinit
3045 1205 3143 1245 nec
3184 1192 3383 1249 deficit.
3414 1197 3549 1261 Quid
3596 1204 3877 1275 ambiguus

2298 1280 2490 1325 aastuas
2526 1292 2537 1325 :
2571 1276 2695 1343 quid
2728 1278 3016 1334 resolveris
3050 1282 3250 1347 animo,
3294 1294 3348 1339 et
3377 1286 3515 1341 inter
3558 1290 3732 1360 inepta
3769 1306 3872 1349 ta:-

2297 1359 2382 1413 dia
2433 1367 2775 1420 conscientiae
2818 1378 2919 1423 tua:
2968 1370 3219 1442 fatigatus
3272 1381 3565 1445 torpescis?
3624 1384 3875 1442 l‘eccaSti

2299 1464 2416 1518 post
2446 1455 2664 1522 fontem,
2698 1460 2876 1527 lapsus
2903 1477 2960 1516 es
2991 1477 3103 1530 pOSl
3150 1466 3433 1537 baptisma,
3470 1470 3639 1528 fecisti
3668 1479 3871 1533 crimen

2297 1554 2416 1611 post
2446 1546 2825 1617 indulgentiam
2862 1556 3164 1620 generalem
3193 1573 3206 1608 :
3232 1559 3357 1626 quid
3390 1563 3570 1615 nunc?
3601 1568 3734 1633 perit
3756 1568 3870 1637 jam

2293 1636 2452 1704 spes?
2504 1640 2736 1708 nunquid
2788 1642 3077 1714 intercepta
3127 1658 3208 1701 est
3256 1660 3335 1704 ret
3368 1651 3568 1707 ibutio?
3619 1658 3731 1712 Non
3764 1636 3871 1715 est

2294 1724 2366 1778 ita
2398 1728 2593 1781 homo!
2624 1730 2760 1795 Quid
2786 1734 3240 1792 circumdueeiis?
3279 1742 3489 1810 signum
3522 1750 3774 1817 accepisti
3802 1754 3875 1806 de

621 1813 962 1888 vobisigiwr
993 1822 1367 1899 (dilectissimi)
1405 1846 1581 1887 sermo
1612 1833 1711 1888 iste
1740 1813 2095 1904 dompon‘imr,
2118 1839 2184 1892 ad
2219 1831 2264 1888 B
2294 1815 2468 1880 fonte,
2510 1832 2615 1871 non
2647 1818 3037 1890 desperationis
3066 1828 3158 1880 sed
3204 1836 3589 1903 miserationis,
3624 1853 3729 1891 non
3768 1840 3868 1895 de-

618 1922 714 1962 vos
740 1912 985 1980 dirigitur
1008 1916 1104 1971 ista
1130 1922 1377 1975 assertio.
1412 1924 1570 1979 Vobis
1600 1926 1711 1981 haec
1746 1927 2037 1996 disputatio
2072 1931 2186 1985 cla:

619 2015 736 2054 rum
766 2004 1061 2071 profectum
1099 2008 1345 2067 habitura
1391 2014 1683 2085 ingeritur;
1736 2019 1787 2073 in
1819 2020 2013 2088 quibus
2040 2022 2188 2075 calor

616 2091 740 2145 hdei
772 2105 989 2162 peccato
1019 2099 1156 2157 forte
1188 2104 1570 2162 interveniente
1601 2111 1863 2178 perfrixit.
1892 2113 2038 2167 Mens
2063 2130 2185 2182 per-

623 2182 730 2237 dita
761 2186 1106 2257 obstupescit,
1132 2208 1254 2263 spes
1279 2195 1566 2265 depravata
1597 2199 1865 2268 liquescit,
1905 2208 2186 2273 omnisque

620 2272 917 2331 futurorum
968 2280 1188 2337 intentio
1230 2288 1462 2354 aporiata
1512 2290 1789 2358 torpescit,
1830 2292 1958 2347 dum
2003 2310 2183 2350 secum

611 2367 976 2437 unusquisque
1007 2375 1306 2441 perpendit,
1354 2378 1565 2447 sibique
1601 2366 1830 2449 reputat,
1870 2398 1931 2437 ac
1962 2386 2097 2439 intra
2125 2404 2184 2442 se

612 2449 849 2521 loquitur
880 2457 947 2511 ita
981 2476 993 2510 :
1028 2461 1168 2527 Quid
1197 2463 1430 2519 facturus
1456 2482 1572 2521 sum
1605 2470 1784 2537 modo,
1827 2473 1952 2540 quid
1999 2489 2184 2542 super-

608 2546 868 2612 agendum
900 2560 984 2604 est
1028 2552 1176 2619 mihi,
1210 2558 1445 2625 autquid
1486 2570 1651 2614 restat
1683 2564 2041 2630 sperandum?
2075 2569 2178 2621 lie-

607 2636 855 2706 demptus
880 2640 973 2706 fui,
1002 2650 1056 2696 et
1086 2642 1253 2699 factus
1298 2662 1417 2702 sum
1446 2665 1663 2714 servus;
1694 2651 1829 2707 liber
1853 2652 2078 2723 fueram,
2106 2658 2177 2712 fa-

607 2738 722 2783 etus
756 2746 873 2786 sunt
905 2749 1091 2791 servus
1119 2742 1354 2809 peccati;
1389 2745 1597 2811 perdidi
1636 2750 1863 2818 gratiam
1894 2751 2175 2821 largitoris,

605 2812 756 2874 amisi
788 2821 1106 2881 beneficium
1132 2830 1487 2901 redemptoris
1504 2854 1517 2900 ;
1534 2837 1679 2892 claro
1692 2854 1916 2909 corpore
1930 2857 2177 2912 egressus

605 2908 674 2964 de
703 2911 870 2978 fonte,
898 2922 1355 2977 ctenomeiterum
1392 2926 1666 2982 immundo
1696 2908 2175 3006 perfudi,limoque

604 2998 811 3054 fcedavi.
833 3004 1003 3061 Purus
1032 3009 1099 3063 de
1115 3011 1280 3079 gratia
1304 3013 1421 3081 Dei,
1440 3016 1609 3072 factus
1631 3036 1745 3074 sum
1769 3022 1835 3077 de
1857 3026 2072 3094 propria
2088 2998 2173 3083 in-

605 3097 955 3161 temperantia
972 3100 1228 3166 perditns.
1246 3103 1410 3160 Error
1423 3123 1571 3162 meus
1597 3110 1661 3164 de
1679 3112 1787 3165 lilio
1811 3113 2087 3183 famulum,
2107 3118 2172 3173 de

2293 1905 2540 1962 lectionis
2567 1910 2660 1964 sed
2704 1914 3059 1979 remissionis,
3105 1934 3208 1974 non
3240 1930 3296 1974 ut
3334 1939 3563 1995 unquam
3588 1932 3865 2000 desperes.

2290 1996 2509 2058 Signum
2556 2012 2878 2070 acceperunt
2923 2006 3093 2061 Judaei
3130 2012 3367 2079 :quale?
3421 2015 3864 2077 circumeisionis.

2291 2086 2510 2155 Signum
2538 2103 2858 2158 acceperunt
2886 2104 2939 2149 et
2973 2094 3262 2153 Christiani
3300 2106 3529 2172 :quale?
3561 2112 3865 2166 miseratio-

2289 2180 2392 2232 nis.
2421 2180 2559 2234 Ecce
2601 2182 2813 2251 signum
2844 2185 2893 2239 in
2938 2187 3138 2242 ludatis
3164 2208 3175 2241 :
3202 2193 3538 2251 circumcisio
3573 2204 3777 2265 carnis;
3811 2206 3865 2258 in

2288 2268 2607 2324 Christianis
2654 2274 2995 2331 circumcisio
3044 2279 3241 2335 cordis.
3282 2282 3387 2338 Sed
3436 2289 3566 2342 satis
3605 2290 3719 2346 haec
3770 2294 3866 2349 ila

2286 2363 2649 2429 prazstantior.
2686 2364 2739 2418 ln
2774 2367 2859 2420 illa
2908 2373 3127 2440 sanguis
3160 2373 3461 2444 ineisionis,
3502 2381 3554 2435 in
3596 2382 3694 2437 hac
3725 2402 3865 2456 aqua

2287 2456 2648 2511 remissionis.
2681 2460 2752 2512 lbi
2786 2461 2933 2532 plaga
2963 2466 3159 2535 carnis,
3198 2469 3282 2523 hic
3307 2472 3480 2539 palma
3517 2460 3747 2542 pietatis.
3784 2481 3864 2538 lbi

2285 2542 2630 2600 observantia
2680 2550 2869 2619 rigida,
2914 2553 2999 2607 hic
3045 2554 3373 2626 indulgr‘ntia
3426 2564 3590 2633 regia.
3644 2567 3711 2621 Et
3761 2571 3863 2625 hoc

2285 2645 2568 2706 utrumque
2598 2639 2945 2710 signaculum
2986 2644 3229 2702 Christus
3266 2652 3505 2720 pendens
3536 2656 3585 2709 in
3617 2661 3857 2727 patibulo

2286 2732 2621 2794 prtenotavit,
2657 2735 2868 2802 quando
2895 2737 2960 2790 de
2995 2740 3215 2796 vulnere
3251 2759 3349 2798 suo
3372 2758 3427 2801 et
3449 2764 3641 2817 aquam
3670 2755 3863 2813 eduxit

2282 2827 2334 2870 et
2356 2821 2666 2890 sanguinem
2692 2822 2873 2894 (Joan.
2900 2827 2974 2895 λ).
3008 2827 3073 2884 Ut
3102 2833 3374 2903 sanguinis
3404 2837 3731 2908 signaculum
3765 2850 3861 2899 da~

2281 2921 2358 2962 ret
2381 2910 2604 2982 Iudaeis,
2630 2930 2782 2985 aqua:
2806 2933 2932 2973 vero
2959 2920 3213 2978 indicium
3236 2930 3481 2995 gentibus
3510 2932 3856 2993 Christianis.

2279 3000 2500 3072 Signum
2549 3021 2676 3076 ergo
2727 3018 2778 3063 tu
2826 3015 3076 3079 accepisti
3122 3017 3188 3071 de
3220 3018 3380 3085 fonte,
3434 3038 3537 3077 non
3570 3025 3854 3101 Jodaigcum

2277 3095 2370 3148 sed
2400 3099 2783 3168 evangelicum.
2812 3102 2889 3157 Ex
2916 3106 3009 3160 illa
3039 3107 3127 3163 die
3155 3109 3350 3181 illaque
3379 3114 3508 3170 hora
3537 3135 3639 3187 qua
3667 3136 3857 3190 egres-

599 3182 786 3241 intimo
813 3188 1108 3257 inimicum,
1147 3195 1214 3249 de
1243 3199 1455 3255 barrede
1482 3214 1721 3258 exterum
1752 3184 1965 3277 [SuppL
1996 3210 2168 3282 fecit].
2201 3196 2245 3258 (ἶ
2278 3199 2371 3240 sus
2399 3203 2458 3282 f’s
2479 3189 2553 3282 fle
2580 3191 2810 3257 ¹³ν³⁰¹Ὂν
2846 3196 2959 3262 ipse
2998 3198 3087 3253 ubi
3126 3215 3186 3255 es
3208 3202 3484 3276 [θηδίυῧίδ
3513 3219 3568 3263 εί
3598 3211 3855 3268 diuum”

598 3273 800 3331 Viofavi
851 3284 1149 3351 symbolum
1196 3303 1392 3355 meum,
1437 3295 1650 3361 corrupi
1702 3308 1909 3364 pactum
1954 3301 2007 3354 in
2053 3302 2169 3371 ipso

597 3368 860 3425 vestibulo
891 3374 1050 3429 fontis
1076 3380 1461 3449 conscriptum.
1502 3386 1545 3439 Ο
1573 3403 1730 3454 quam
1771 3390 1951 3446 infelix
1985 3368 2169 3450 condi-

597 3458 700 3512 tio!
729 3460 773 3515 Ο
799 3479 955 3531 quam
1004 3467 1307 3525 miseranda
1353 3478 1604 3531 consilia!
1639 3480 1900 3551 Operibus
1943 3487 2169 3542 diaboli-

596 3552 672 3603 cis
695 3568 779 3608 me
808 3559 1235 3615 renuntiaturum
1270 3569 1686 3637 spoponderam,
1728 3585 1781 3629 et
1812 3575 2032 3645 implere
2061 3597 2163 3636 non

594 3642 769 3699 valui!
817 3646 968 3702 Malis
995 3650 1185 3717 quibus
1230 3658 1398 3723 carui,
1442 3660 1494 3712 in
1542 3662 1669 3729 ipsis
1702 3667 1939 3736 relapsus
1979 3686 2162 3726 conta-

593 3731 799 3788 minor!
828 3737 1193 3809 Evangelicam
1219 3749 1445 3802 tunicam
1498 3767 1684 3809 rursus
1712 3757 1763 3811 in
1787 3760 1997 3827 pellicia
2018 3778 2163 3819 com-

592 3828 811 3882 mutavi.
828 3829 1027 3885 Slolzlttt
1054 3838 1252 3903 meriti,
1278 3856 1435 3909 quam
1460 3846 1711 3900 mundam
1730 3858 2024 3921 texueram,
2048 3856 2163 3912 labe

596 3916 845 3973 vitiorum
875 3921 1113 3978 fuscavi'
1148 3939 1197 3982 et
1245 3944 1439 3986 novum
1481 3935 1750 3991 hominem
1792 3941 1980 3996 iterum
2014 3954 2162 4000 vetu-

587 4018 726 4064 state
753 4016 987 4070 contexi.
1021 4017 1155 4085 Quid
1184 4037 1324 4076 nunc
1356 4026 1592 4092 requiro,
1627 4042 1714 4081 aut
1752 4032 1878 4099 quid
1908 4047 2161 4104 exspecto

585 4100 913 4160 adhuc:ubi
965 4125 1145 4176 qumro
1193 4111 1420 4183 fontem,
1469 4128 1561 4171 aut
1598 4120 1682 4173 ubi
1734 4124 1949 4177 invenio
1993 4100 2160 4196 bapti-

583 4197 737 4249 sma?
766 4197 1008 4268 Nunquid
1041 4212 1121 4258 est
1151 4216 1423 4275 respectus
1453 4211 1516 4263 ad
1550 4214 1783 4281 aquam?
1815 4219 2049 4286 nunquid
2076 4236 2159 4274 re-

582 4287 746 4356 cipiet
776 4306 861 4346 me
890 4294 1061 4349 adhuc
1086 4298 1247 4365 unda,
1290 4314 1342 4353 ut
1373 4319 1457 4356 me
1483 4304 1737 4361 reformet
1760 4309 1809 4362 in
1835 4320 1985 4365 utero
2007 4328 2158 4382 aqua:

584 4390 639 4433 et
666 4383 836 4449 pariat
883 4386 1253 4443 innocentem?
1288 4396 1389 4447 Aut
1415 4395 1554 4451 forte
1586 4415 1825 4466 qiuerere
1862 4402 2035 4458 debeo
2063 4406 2156 4459 ad-

580 4471 685 4527 ltuc
712 4475 987 4532 dexteram
1018 4486 1331 4549 sacerdotis,
1358 4503 1476 4553 qua:
1504 4504 1587 4543 me
1613 4502 1819 4561 mergat
1844 4494 1895 4547 in
1920 4494 2149 4562 fontem;

2280 3279 2551 3333 remissio.
2601 3282 2714 3335 Non
2747 3300 2880 3353 opus
2914 3288 3077 3343 habes
3119 3292 3361 3361 doctore,
3412 3313 3514 3351 non
3546 3298 3730 3354 dextra
3764 3320 3857 3357 sa-

2275 3369 2529 3424 Cerdoti~.
2563 3373 2680 3428 Mox
2715 3384 2773 3428 ut
2798 3379 3089 3435 ascendisti
3131 3382 3195 3437 de
3240 3399 3392 3440 sacro
3423 3389 3586 3455 fonte,
3632 3396 3858 3451 vestitus

2273 3473 2331 3512 cs
2362 3473 2503 3516 veste
2539 3464 2681 3529 alba,
2713 3476 2767 3521 et
2798 3480 2990 3525 unctus
3023 3488 3081 3527 es
3108 3487 3380 3545 unguento
3410 3483 3639 3553 mystico
3667 3502 3683 3540 :
3713 3486 3857 3545 facta

2272 3558 2353 3603 est
2384 3566 2544 3619 super
2568 3564 2619 3610 te
2650 3557 2941 3627 invocatio,
2972 3573 3025 3617 et
3052 3567 3195 3620 venit
3223 3582 3385 3639 super
3415 3581 3465 3626 te
3496 3576 3632 3629 trina
3659 3580 3854 3648 virtus,

2271 3654 2303 3708 q
2344 3656 2389 3693 te
2418 3657 2511 3696 vas
2544 3660 2738 3701 novum
2770 3649 2868 3704 hac
2912 3667 3048 3707 nova
3082 3657 3309 3724 perfudit
3337 3660 3604 3718 doctrina.
3647 3667 3856 3726 Exinde

2273 3740 2325 3783 te
2349 3731 2518 3799 ipsum
2551 3738 2739 3791 statuit
2766 3738 2857 3793 tibi
2887 3742 3122 3809 judicent
3164 3758 3215 3801 et
3252 3751 3568 3817 arbitrium;
3598 3756 3855 3828 deditque

2272 3820 2363 3873 tibi
2401 3824 2644 3880 notitiam
2696 3838 2753 3882 ut
2784 3832 2955 3899 possis
2986 3851 3051 3889 ex
3089 3846 3138 3891 te
3167 3838 3373 3897 discere
3417 3846 3612 3901 bonum
3654 3860 3709 3905 et
3738 3868 3852 3907 ma-

2269 3913 2409 3981 lum;
2445 3918 2494 3971 id
2525 3928 2608 3973 est
2634 3920 2772 3976 inter
2801 3927 3050 3981 meritum
3081 3940 3134 3983 et
3162 3945 3459 4001 peceatum.
3494 3940 3559 3993 Et
3588 3944 3707 4009 quia
3740 3962 3849 3999 nou

2267 4015 2499 4073 poteras,
2533 4026 2756 4068 manens
2787 4016 2839 4069 in
2891 4020 3147 4075 menbris
3192 4028 3540 4098 corporisque
3563 4047 3841 4106 compage,

2264 4096 2399 4151 liber
2426 4103 2659 4159 exis’ere
2688 4122 2716 4160 a
2759 4120 3000 4177 peccato,
3032 4113 3391 4188 immunisque
3434 4137 3554 4178 esse
3593 4140 3621 4177 a
3655 4143 3789 4181 noxa
3821 4173 3837 4196 ,

2267 4199 2387 4255 post
2422 4190 2688 4261 baptisma
2712 4201 3009 4255 remedium
3044 4212 3191 4258 tuum
3222 4210 3271 4259 in
3300 4218 3351 4263 te
3381 4214 3493 4280 ipso
3521 4223 3657 4269 statu
3684 4227 3721 4283 t,
3762 4235 3849 4273 re-

2265 4282 2580 4340 m'ssionem
2615 4288 2665 4341 in
2696 4290 2918 4346 arbitrio
2943 4302 3033 4349 tuo
3065 4299 3359 4364 posuit,tut
3390 4318 3492 4357 non
3526 4321 3732 4374 qua:ras
3759 4326 3847 4364 sa-

2263 4375 2535 4432 cerdotem
2560 4394 2681 4435 cum
2731 4388 3022 4441 necessitas
3044 4389 3399 4460 “agitaverit;
3445 4400 3537 4452 sed
3575 4400 3841 4470 ipse'jam,

2260 4481 2320 4518 ac
2358 4468 2401 4522 si
2430 4470 2596 4526 scitus
2630 4478 3053 4548 perspicuusque
3094 4485 3372 4551 magister,
3423 4504 3661 4545 errorem
3694 4503 3843 4549 tuum

578 4574 631 4617 el
674 4566 800 4621 inde
846 4570 1037 4625 “erum
1083 4576 1357 4642 puriﬁce”
1404 4579 1527 4634 "me
1568 4558 1749 4636 tecum‘
1791 4586 2051 4655 loqueris;
2095 4558 2148 4646 ὡ
2185 4569 2229 4627 ι)
2259 4558 2393 4655 intra
2452 4571 2502 4615 te
2553 4567 2831 4632 emendes,
2876 4579 2931 4623 et
2974 4584 3248 4639 peccatum
3310 4587 3455 4633 tuum
3510 4586 3842 4650 pienitudine

577 4658 695 4712 haec
725 4667 899 4715 tecum
933 4673 1145 4731 tractas,
1169 4670 1508 4725 conscientir
1536 4682 1637 4728 tua:
1658 4692 1820 4732 onere
1854 4698 2149 4753 pne-grava-

577 4751 695 4803 tus!
728 4750 830 4805 Sed
860 4768 979 4823 quae
1022 4766 1148 4811 sunt
1178 4758 1292 4813 hcce
1321 4761 1480 4816 verba
1513 4774 1621 4831 tua,
1667 4768 1711 4822 Ο
1742 4772 1922 4839 Ιιοιηο,
1948 4791 2147 4844 cogno-

575 4853 669 4893 sce
706 4851 759 4895 te
785 4858 904 4898 esse
932 4845 1215 4916 imaginem
1251 4849 1365 4905 Dei.
1406 4853 1712 4922 Sapientem
1756 4869 1807 4915 te
1833 4863 1953 4916 fecit
1986 4868 2144 4934 Deus,

570 4931 851 4997 providum
883 4936 1087 5001 animo,
1132 4948 1308 4993 mente
1347 4944 1651 5011 mysticum.
1699 4952 1941 5006 sensibus
1973 4957 2139 5012 subli-

570 5034 731 5081 mem.
766 5030 820 5075 et
850 5023 964 5078 vult
993 5035 1042 5079 te
1070 5042 1174 5080 non
1204 5030 1429 5096 perdere
1454 5034 1546 5087 sed
1585 5036 1825 5105 salvare;
1862 5057 1964 5097 non
1996 5050 2142 5114 peri-

566 5125 737 5177 mere,
768 5114 859 5167 sel
894 5124 1173 5186 protegere
1200 5136 1210 5169 :
1242 5135 1404 5187 quare
1435 5131 1487 5178 tu
1510 5124 1786 5197 desperas,
1812 5132 2023 5200 qdando
2053 5139 2142 5193 ille

564 5213 671 5253 non
721 5201 983 5272 despicit?
1025 5206 1418 5265 Conscientiam
1465 5222 1607 5269 tuam
1656 5216 1930 5289 formidas,
1973 5235 2026 5280 et
2072 5229 2138 5282 ad

565 5304 723 5360 caput
745 5294 1086 5365 indulgentiae
1111 5314 1214 5354 non
1242 5300 1507 5360 festinas?
1529 5306 1663 5374 Quid
1693 5322 1844 5379 putas
1876 5328 1996 5369 esse
2021 5318 2137 5372 fun-

562 5392 669 5436 tcm
696 5386 784 5452 qui
813 5389 1075 5456 concepit,
1102 5401 1187 5444 aut
1215 5393 1339 5461 quid
1370 5396 1599 5452 aeStimas
1619 5415 1741 5456 esse
1767 5403 1957 5458 tmdam
1979 5421 2130 5477 aqua:

559 5490 678 5542 qua:
712 5487 762 5528 te
796 5481 1030 5545 peperit?
1063 5480 1307 5553 Nunquid
1347 5501 1481 5557 aqua
1516 5501 1599 5544 est
1627 5492 1827 5558 media,
1858 5506 1952 5549 aut
1985 5499 2123 5553 unda

558 5568 612 5620 in
641 5571 833 5621 causa?
866 5570 1042 5626 Absit!
1073 5573 1167 5628 sed
1190 5576 1336 5632 disce
1360 5583 1695 5650 mysterium.
1725 5585 2013 5643 Prudentia
2046 5600 2130 5645 tua

557 5657 695 5723 fons,
738 5673 787 5716 et
829 5663 879 5717 in
934 5672 985 5720 te
1032 5667 1333 5726 intellectus
1376 5685 1496 5728 tuus
1538 5691 1673 5744 aqua
1725 5688 1806 5731 est
1848 5679 2127 5749 inundans,

557 5751 761 5809 habens
790 5769 1062 5830 asp‘ctum
1090 5762 1285 5829 cordis,
1327 5772 1383 5816 ut
1421 5765 1604 5819 videas
1634 5769 1990 5837 temetipsum.
2026 5775 2129 5829 Ac-

2261 4651 2464 4707 ahluas.
2495 4655 2677 4727 Itaque
2698 4659 3138 4731 desinatduritia,
3171 4679 3348 4724 cesset
3375 4672 3696 4742 desperatio,
3738 4679 3839 4733 de-

2259 4750 2397 4802 sinat
2428 4752 2651 4822 ignavia,
2689 4754 2808 4810 fons
2852 4773 3118 4827 nunquam
3152 4761 3351 4828 delicit,
3384 4780 3521 4835 aqua
3554 4768 3694 4824 intus
3720 4782 3825 4834 est.

2258 4843 2460 4898 ablutio
2504 4847 2553 4899 in
2584 4848 2807 4903 arbitrio
2851 4864 2956 4915 εει,
2988 4853 3342 4912 sanctificatio
3392 4859 3444 4911 in
3480 4860 3698 4915 Sulcrtia
3728 4875 3832 4927 est,

2258 4940 2504 4993 remissio
2538 4942 2589 4997 in
2622 4959 2745 4998 rore
2790 4944 3167 5016 Iacrymarum.
3200 4949 3373 5003 Nolite
3414 4952 3624 5008 solvere
3656 4956 3708 5008 in
3750 4974 3833 5011 se-

2256 5031 2475 5098 gnitiam
2506 5051 2517 5085 :
2551 5032 2669 5089 fons
2705 5044 2788 5090 est
2833 5037 2886 5091 in
2932 5038 3148 5093 homine
3190 5053 3536 5099 conservatus
3579 5059 3830 5115 perpetua

2254 5125 2548 5192 poenitudo.
2585 5128 2657 5182 lbi
2690 5138 2771 5182 est
2794 5131 3107 5198 paenitentia
3136 5134 3201 5187 ad
3227 5151 3408 5189 vocem
3439 5137 3709 5206 Baptistae,
3739 5146 3829 5211 qui

2249 5213 2327 5267 sic
2357 5214 2683 5271 vociferatur
2712 5220 2760 5272 in
2792 5234 2995 5287 eremo,
3027 5232 3080 5275 et
3121 5228 3438 5289 penetrabili
3469 5227 3705 5284 clamore
3734 5235 3829 5285 de-

2250 5313 2422 5359 sertas
2457 5308 2731 5361 hominum
2760 5320 2964 5363 mentes
2999 5324 3283 5382 exaggerat
3308 5315 3490 5371 dicens
3522 5336 3532 5368 :
3566 5319 3828 5373 Paeniten-

2244 5396 2368 5447 tiam
2417 5399 2587 5466 agite,
2641 5401 3065 5469 apprOpinqunvit
3127 5407 3260 5458 enim
3318 5425 3528 5479 regnum
3582 5416 3825 5466 cwlorum

2242 5484 2457 5553 (Matth.
2491 5488 2590 5556 ιιι).

2309 5599 2474 5654 Nemo
2502 5610 2675 5669 potest
2705 5606 2915 5671 superni
2948 5605 3159 5675 imperii
3207 5609 3405 5667 habere
3435 5617 3637 5682 apicem
3665 5661 3679 5683 ,
3718 5619 3815 5671 ha-

2238 5690 2363 5746 bere
2392 5692 2693 5763 fastigium,
2727 5695 2824 5749 nisi
2879 5696 3035 5752 fuerit
3065 5702 3391 5768 paenitentia)
3434 5707 3680 5778 suffragio
3710 5712 3813 5765 fut-

2210 5791 2339 5837 .tus.
2376 5784 2450 5838 Ad
2480 5786 2624 5855 regni
2650 5789 2863 5857 Superni
2898 5792 3245 5858 penetrabtlia
3280 5809 3383 5849 non
3418 5804 3813 5874 pervenitquis~
