4126 6362
249 378 322 433 93
1611 367 1887 423 llOSlILIA
1932 364 2132 419 PRIMA
2145 407 2159 421 .
3447 366 3513 423 94

249 500 432 561 quam,
462 491 563 546 nisi
612 490 779 561 egerit
827 490 1211 559 penitentiam.
1250 488 1463 556 Repetit
1490 485 1661 539 adhuc
1691 485 1827 553 Bap-
1854 489 1899 544 Α
1933 484 2011 535 ori
2030 497 2157 546 meo,
2191 489 2237 534 et
2268 480 2452 534 ostium
2481 480 2876 535 circumstantia!
2925 482 3073 536 labiis
3095 483 3238 537 meis.
3269 482 3375 538 Nec
3404 484 3507 537 mi-

251 585 373 639 tista
406 602 419 636 :
454 582 565 654 Ego
594 582 809 653 (inquit)
838 584 1037 651 baptizo
1087 598 1173 635 vos
1212 597 1345 651 aqua
1372 580 1427 633 in
1462 578 1825 646 paeniten'iam,

250 676 344 730 sed
361 672 490 728 alter
517 684 587 728 est
615 683 728 742 post
749 689 826 727 me
852 674 1068 732 veniens,
1093 672 1180 741 qui
1200 687 1283 724 vos
1304 672 1579 738 baptizabit
1625 670 1678 723 in
1706 670 1829 736 Spi-

251 768 358 820 ritu
386 766 566 819 sancto
592 776 638 818 et
666 767 790 835 igni.
825 766 940 818 Noli
974 774 1027 818 tu
1045 765 1154 833 jam
1188 779 1430 833 qurerere
1472 777 1643 832 neque
1663 763 1828 816 Joan-

250 871 397 923 nem,
429 870 599 925 neque
624 855 910 910 Iordanem
941 871 955 907 :
992 856 1103 924 ipse
1135 855 1228 909 tibi
1260 864 1377 909 esto
1410 854 1665 922 Baptista.
1704 853 1830 907 Pol-

252 948 395 1001 lutus
423 960 481 1001 es
527 955 644 1016 post
706 947 973 1001 lavacrum
1003 989 1017 1011 ,
1072 946 1255 1000 vitiata
1306 954 1429 999 sunt
1488 945 1689 998 viscera
1718 952 1826 1008 tua,

250 1039 611 1092 contaminata
643 1046 724 1092 est
757 1038 929 1091 anima
954 1038 976 1090 ?
1002 1039 1144 1106 tinge
1168 1046 1225 1115 te
1243 1038 1293 1090 in
1317 1052 1451 1106 aqua
1475 1020 1826 1105 pmnitemire,

251 1131 410 1187 ablue
431 1140 480 1186 te
501 1130 823 1185 abundantia
849 1131 1227 1199 Iacrymarum,
1262 1130 1519 1183 exuberet
1542 1128 1658 1181 fons
1678 1142 1794 1181 com
1811 1158 1827 1167 -

251 1221 554 1290 punctionis
577 1221 628 1274 in
651 1224 785 1275 extis
808 1222 942 1274 tuis:
976 1221 1245 1275 exundeut
1267 1235 1419 1289 aquae
1442 1221 1573 1273 vivae
1597 1220 1647 1272 in
1665 1219 1831 1274 libriis

254 1312 381 1366 tuis.
431 1312 559 1364 l’ara
593 1322 644 1366 te
683 1312 915 1366 venienti
950 1312 1195 1375 Domino,
1244 1320 1294 1365 et
1324 1308 1435 1379 ipse
1466 1321 1517 1365 te
1549 1311 1833 1379 baptizabit

186 1430 193 1437 τ
255 1404 307 1456 in
341 1404 542 1473 Spiritu
574 1414 758 1459 sancto
785 1415 836 1459 et
872 1405 998 1473 igni,
1034 1404 1222 1456 habens
1254 1402 1648 1456 ventilabrumin
1676 1419 1832 1455 manu

255 1512 349 1548 sua
375 1495 566 1565 (Ibid)
601 1513 617 1549 :
649 1499 788 1567 quod
838 1506 920 1551 est
948 1497 1207 1565 inspectio
1252 1497 1335 1550 vel
1369 1495 1685 1564 poudcratio
1715 1510 1831 1560 pte-

256 1587 511 1642 nitudiuis
565 1602 628 1642 ac
677 1588 906 1657 peccati.
943 1588 1059 1657 Ipse
1088 1586 1364 1655 perpendit
1397 1588 1447 1640 in
1478 1595 1527 1640 te
1554 1596 1833 1654 utrumque

257 1680 483 1748 pondus,
512 1680 850 1749 ipseinspicit
873 1680 922 1733 in
943 1690 992 1734 te
1011 1680 1204 1733 molem
1227 1678 1515 1732 etmolem:
1543 1691 1700 1731 unam
1728 1692 1843 1744 pte-

258 1769 516 1838 nitentite,
543 1779 595 1824 et
619 1785 776 1823 unam
802 1770 1138 1839 pestilentiae.
1173 1770 1237 1823 Et
1266 1768 1591 1836 poenitentim
1621 1768 1831 1836 quidem

1934 586 2033 625 nus
2086 570 2354 626 interserit
2405 570 2577 625 alter:
2609 572 2719 641 quis
2755 572 2892 625 dabit
2918 574 3214 643 cogitationi
3242 591 3363 628 mete
3411 575 3509 642 ﬂa-

1933 663 2140 734 gellum,
2174 674 2261 715 aut
2288 664 2398 727 quis
2426 662 2647 727 imponet
2671 678 2822 732 super
2851 663 2986 716 labia
3009 681 3121 717 mea
3162 666 3509 735 signaculum?

1934 760 2081 807 certe
2113 763 2168 805 ut
2196 760 2321 805 tunc
2355 752 2541 820 loquar
2567 753 2778 821 quando
2825 769 2927 807 non
2956 744 3054 808 est
3100 755 3381 808 tacendum
3407 798 3422 821 ,
3456 763 3512 808 et

1935 843 2076 913 quod
2107 843 2420 911 prompserit
2440 843 2612 909 lingua
2642 858 2745 896 non
2771 844 3028 908 mordeat,
3057 828 3151 897 scd
3178 846 3376 898 nutriat
3397 844 3511 896 aui—

1936 946 2097 995 mam;
2121 931 2330 984 sonabit
2359 946 2455 984 vox
2488 932 2708 985 adversa
2740 933 2789 984 in
2822 933 3059 996 auribus,
3094 944 3147 987 et
3179 934 3337 987 homo
3366 934 3507 987 inte-

1937 1025 2046 1078 rior
2073 1024 2374 1078 stimulatur
2405 1025 2455 1077 in
2480 1024 2578 1084 ira,
2606 1026 2901 1080 concitatur
2924 1026 2975 1078 in
3005 1025 3172 1079 caede.
3203 1025 3363 1079 Vides
3387 1025 3508 1094 quia

1935 1124 1989 1169 et
2020 1116 2070 1167 in
2100 1115 2317 1168 auribus
2341 1115 2559 1182 laqueus
2590 1116 2896 1185 permanet?
2920 1126 2975 1170 et
3003 1117 3124 1169 inde
3155 1117 3241 1169 illa
3268 1116 3514 1185 Scriptu-

1936 1218 2008 1257 τω
2038 1203 2380 1256 commonitio
2406 1213 2578 1258 sonat:
2612 1204 2737 1272 Sepi
2764 1221 2916 1257 aures
2939 1214 3055 1259 tuas
3081 1208 3263 1274 spinis;
3294 1208 3399 1259 noli
3424 1222 3511 1259 au-

1937 1296 2044 1348 dire
2060 1297 2287 1365 linguam
2310 1310 2524 1362 nequam
2546 1288 2718 1357 (Eccl.
2749 1294 2959 1364 xxvm).
2977 1296 3219 1364 Laqueus
3237 1300 3381 1351 estin
3399 1313 3511 1351 ma-

1938 1384 2092 1437 nibus
2113 1401 2124 1435 :
2143 1394 2195 1435 ut
2218 1384 2415 1437 dictum
2441 1392 2523 1438 est
2544 1400 2555 1434 :
2578 1385 2913 1450 tniquitatem
2942 1400 3129 1438 manus
3157 1397 3347 1441 vestra:
3376 1402 3509 1441 con-

1936 1476 2172 1529 cinnant.
2209 1475 2274 1527 Et
2323 1476 2557 1528 iterum:
2600 1473 2791 1542 thuid
2850 1475 2974 1527 mihi
3002 1477 3281 1545 jejunastis
3303 1480 3510 1546 quando

1935 1565 2165 1619 subditos
2193 1565 2331 1619 vobis
2349 1566 2710 1635 compungitis,
2731 1575 2780 1618 et
2829 1568 3089 1631 percutitis
3125 1569 3309 1637 pugnis
3337 1569 3511 1620 humi-

1937 1658 2036 1709 lem
2062 1656 2213 1728 (1.ςαί.
2230 1656 2420 1725 cvm)?
2447 1657 2581 1723 Quid
2601 1656 2772 1709 dicam
2787 1657 2853 1711 de
2873 1658 3028 1709 noxio
3052 1659 3250 1725 pedum
3276 1659 3509 1723 incessu,

1938 1762 2207 1817 cur-nque
2253 1762 2443 1801 cruore
2471 1747 2688 1811 iniecto,
2720 1756 2775 1801 ut
2802 1757 2885 1802 est
2921 1748 3049 1802 illud
3077 1767 3088 1801 :
3126 1749 3340 1804 Veloces
3363 1752 3515 1821 pedes

259 1863 489 1929 "news,
518 1878 581 1917 ac
607 1862 651 1917 si
684 1864 944 1927 "meum,
969 1863 1206 1931 congeri,
1238 1863 1288 1914 in
1331 1871 1475 1914 mum
1500 1859 1829 1928 pronaum;
1865 1852 1910 1911 Β
1936 1855 2109 1891 eorum
2130 1842 2194 1893 ad
2209 1840 2881 1911 e/fundendumsanguinem
2904 1840 3070 1911 (Psal.
3095 1857 3210 1903 xm,
3234 1843 3381 1898 Rom.
3410 1843 3512 1909 Ill).

261 1961 473 2020 peccata
500 1967 628 2005 vero
659 1961 743 2005 tua
773 1991 788 2016 ,
819 1952 967 2020 quasi
996 1952 1312 2021 pestilentia:
1345 1951 1542 2019 paleas,
1573 1949 1836 2004 comburit

262 2042 365 2111 igni
386 2043 798 2112 inexstfnguibili
826 2042 970 2107 (Luc.
988 2039 1068 2109 ιι).
1100 2042 1223 2096 Haec
1257 2044 1553 2111 estprivata
1569 2040 1835 2104 remissio,

262 2135 450 2189 intimo
498 2135 659 2189 corde
712 2143 1019 2203 provocato,
1075 2143 1129 2189 et.
1184 2133 1512 2201 pmnitudine
1554 2132 1831 2202 acquisita.

263 2236 425 2289 Multa
463 2243 588 2288 sunt
642 2235 953 2303 repetenda,
1014 2234 1238 2302 plurima
1288 2233 1615 2303 replicanda.
1659 2232 1839 2287 Genus

265 2325 537 2379 [nominum
571 2325 756 2393 fragile
788 2334 888 2387 est,
922 2335 972 2378 et
1003 2324 1207 2378 lubrico
1238 2338 1449 2393 semper
1476 2337 1663 2393 gressu
1697 2325 1840 2379 ince-

266 2416 362 2469 dit.
411 2414 607 2469 Natura
654 2415 953 2483 corporalis
973 2414 1199 2469 obnmia
1233 2424 1315 2469 est
1343 2414 1502 2469 rebus
1519 2416 1834 2469 contrari's:

268 2507 603 2574 passionibus
651 2508 849 2561 etenim
882 2508 1116 2561 diversis
1171 2521 1231 2560 ac
1256 2506 1399 2560 vitiis
1428 2506 1668 2576 subjacet
1698 2524 1711 2560 :
1742 2520 1840 2560 nec

269 2605 468 2652 tantum
494 2597 559 2652 de
586 2598 799 2666 propria
824 2598 1336 2666 puritate,quantum
1355 2597 1422 2651 de
1441 2597 1617 2651 divina
1644 2597 1839 2666 pietate

270 2686 529 2754 dirigitur.
560 2687 643 2752 Et,
673 2689 714 2739 si
745 2689 902 2743 hodie
934 2687 1052 2757 quis
1081 2687 1313 2742 conﬁdat
1337 2689 1402 2742 de
1420 2688 1630 2752 merito,
1659 2688 1724 2742 de
1755 2703 1841 2742 ro-

272 2778 399 2832 bore
434 2779 617 2845 animi,
649 2780 715 2834 de
746 2780 923 2849 vigore
954 2782 1215 2834 viscerum
1247 2822 1261 2844 ,
1285 2781 1519 2834 crastino
1560 2776 1842 2835 falliturac

272 2868 546 2937 decipitur.
572 2870 657 2925 Sic
681 2872 819 2924 enim
848 2880 1173 2939 protestatur
1193 2872 1485 2939 Apostolus
1528 2872 1710 2925 dicens
1728 2891 1749 2923 νε
1788 2872 1841 2925 ~et

273 2961 353 3027 qui
379 2977 432 3014 se
454 2969 598 3028 putat
621 2969 773 3028 stare,
803 2964 965 3015 videat
995 2979 1057 3014 ne
1086 2964 1235 3015 cadat
1263 2964 1280 3033 (
1307 2960 1335 3013 1
1374 2962 1491 3016 Cor.
1514 2962 1615 3032 ιιι).
1648 2963 1843 3017 Carcer

273 3061 355 3106 est
382 3067 509 3107 vero
551 3054 641 3122 qui
671 3054 863 3107 anima:
894 3053 1259 3108 fortitudinem
1311 3053 1504 3121 premit
1534 3062 1583 3106 et
1623 3055 1841 3108 clarita-

275 3153 376 3196 tem
410 3142 755 3201 contaminat.
810 3142 1056 3211 Laqueus
1084 3151 1169 3197 est
1207 3156 1423 3211 semper
1452 3142 1733 3196 imminens
1758 3144 1844 3211 ju-

1944 1933 2048 1985 llas
2078 1948 2303 2001 namque
2327 1934 2545 1987 insidias
2566 1936 2889 2002 corporales,
2910 1934 3005 1990 hos
3031 1935 3251 2004 laqueos
3281 1937 3518 2004 singulo-

1942 2040 2058 2077 rum
2104 2024 2465 2078 membrorum
2510 2026 2576 2079 de
2631 2041 2857 2095 corpore
2904 2027 3191 2093 eruendas,
3238 2028 3519 2081 sententiis

1940 2115 2049 2168 suis
2077 2115 2314 2169 decernit
2340 2115 2582 2170 Salvator
2610 2135 2621 2169 :
2659 2117 2719 2170 Si
2746 2120 2921 2169 oculus
2946 2129 3062 2171 tuus
3092 2119 3288 2182 drafter,
3338 2121 3381 2172 si
3410 2136 3519 2171 ma-

1940 2222 2036 2259 nus
2062 2214 2147 2258 tua
2174 2207 2250 2259 vel
2279 2223 2363 2275 pes
2388 2208 2705 2259 scandalizat
2761 2217 2807 2259 te
2832 2206 3008 2273 (Matt.
3038 2224 3067 2259 v
3102 2224 3116 2272 ;
3172 2207 3341 2261 Marc.
3396 2210 3471 2275 Ix)
3504 2227 3516 2262 :

1941 2300 1991 2352 id
2015 2309 2095 2352 est
2138 2300 2367 2351 animam
2399 2308 2541 2353 tuam
2572 2299 2749 2352 divina
2798 2299 3192 2353 desiderau'em
3222 2344 3235 2365 ,
3283 2300 3520 2355 coelestia

1946 2394 2292 2463 Cogitantem,
2325 2388 2636 2460 depravaut.
2672 2393 2729 2447 Si
2765 2392 2966 2460 laqueis
2998 2392 3108 2445 Suis
3140 2401 3190 2445 te
3222 2393 3518 2458 implicant,

1943 2497 2032 2541 aut
2058 2486 2242 2539 fraude
2272 2500 2364 2539 sua
2394 2486 2635 2539 nituntur
2663 2486 2809 2538 visus
2836 2499 3024 2538 eruere
3056 2503 3067 2536 :
3119 2484 3369 2538 abscinde
3415 2498 3519 2537 non

1941 2594 2156 2633 manum
2211 2588 2302 2631 aut
2353 2577 2539 2645 pedem
2578 2622 2591 2643 ,
2637 2576 2728 2631 sed
2760 2576 3112 2645 pestilentiam
3146 2576 3234 2629 tibi
3266 2591 3360 2644 per
3405 2575 3518 2629 haec

1942 2672 2179 2725 membra
2204 2670 2553 2737 morbumque
2572 2669 2786 2721 illatam.
2820 2668 3180 2734 Quamobrem
3199 2668 3393 2719 dictum
3418 2675 3518 2719 est:

1945 2765 2004 2818 Si
2032 2764 2208 2816 oculus
2240 2772 2354 2815 tuus
2376 2762 2551 2815 dexter
2576 2771 2622 2815 te
2643 2760 2979 2827 scandalizat,
3014 2762 3058 2813 si
3096 2776 3278 2813 manus
3314 2760 3523 2811 dextera

1943 2858 2020 2910 vel
2046 2872 2132 2925 pes
2167 2872 2180 2908 :
2211 2853 2310 2907 nisi
2329 2855 2447 2923 quia
2474 2868 2630 2906 omne
2654 2852 2792 2921 quod
2833 2852 3029 2905 bonum
3059 2860 3139 2906 est
3181 2850 3421 2904 dextrum
3452 2850 3523 2902 di~

1946 2948 2111 3011 citur,
2144 2946 2388 2999 similiter
2418 2944 2614 2996 malum
2669 2944 2965 3011 appellatur
2997 2943 3313 2997 sinistrum?
3354 2943 3418 2995 Et
3445 2950 3524 2997 cst

1945 3052 2069 3106 pars
2100 3036 2310 3099 dextra,
2364 3046 2415 3088 et
2447 3044 2528 3087 est
2580 3049 2702 3101 pars
2738 3033 2973 3087 sinistra.
3010 3033 3203 3086 Dextra
3240 3047 3365 3084 suos
3396 3032 3524 3084 reti-

1948 3144 2038 3189 net
2092 3133 2343 3203 probatos
2379 3150 2394 3196 ;
2443 3132 2658 3184 sinistra
2712 3144 2839 3183 suos
2871 3143 3022 3197 atque
3055 3126 3365 3191 reprobatos
3395 3166 3408 3179 .
3444 3125 3521 3177 Ad

274 3237 510 3304 giterque
530 3235 819 3299 insidians;
872 3235 1092 3304 laqueus
1129 3244 1210 3289 est
1266 3234 1521 3302 pestilcro
1553 3234 1698 3304 lapsu
1723 3250 1843 3304 pro-
1870 3214 1915 3272 Ο
1948 3226 2166 3280 dextros
2193 3222 2318 3291 quid
2349 3222 2478 3276 dicit
2506 3220 2783 3275 Christus?
2821 3219 3028 3279 Venite,
3069 3218 3315 3271 benedicti
3348 3216 3525 3268 Patris

276 3336 456 3381 tensus
481 3326 531 3380 in
563 3326 666 3382 via.
696 3326 759 3379 Et
784 3326 906 3379 inde
936 3335 1018 3381 est
1047 3325 1187 3393 quod
1218 3325 1410 3379 clamat
1452 3326 1706 3394 propinata
1734 3342 1747 3378 :
1781 3325 1846 3379 In

276 3419 354 3470 via
390 3419 484 3470 hac
510 3435 611 3488 qua
639 3417 959 3471 ambulabam
981 3458 994 3479 ,
1030 3418 1401 3470 occultaverant
1448 3416 1681 3485 laqueum
1720 3417 1847 3470 mihi

276 3508 446 3577 (Psal.
483 3509 693 3579 χχχιιι).
745 3510 813 3563 Et
856 3509 1048 3563 iterum
1082 3527 1093 3560 :
1139 3507 1302 3562 Juxta
1328 3508 1556 3561 semitam
1582 3548 1598 3573 ,
1629 3508 1849 3561 scandu-

275 3604 376 3655 lum
408 3610 682 3671 posuerunt
705 3600 830 3653 mihi
878 3599 1052 3671 (Psal.
1098 3599 1343 3670 cxxxrx).
1394 3599 1698 3667 implicatur
1738 3599 1845 3666 plc-

274 3706 495 3760 rumque
524 3693 700 3746 anima
730 3693 781 3745 in
820 3690 922 3745 hoc
949 3705 1213 3758 corporeo
1254 3691 1472 3760 laqueo,
1506 3701 1559 3744 et
1604 3691 1647 3743 si
1676 3690 1841 3753 velit,

274 3792 326 3838 et
362 3784 407 3839 si
434 3784 589 3849 no‘it,
623 3799 720 3838 nec
761 3783 1014 3837 liberatur
1044 3792 1254 3851 sponte,
1311 3783 1618 3851 priusquam
1667 3782 1846 3836 divino

274 3876 524 3946 sntl‘ragio
550 3892 644 3943 per
659 3877 1039 3947 paenitudinem
1070 3876 1374 3944 supplicans
1399 3916 1414 3941 ,
1445 3885 1503 3928 ut
1545 3876 1618 3928 ait
1656 3875 1844 3930 iterum

273 3968 528 4037 propheta
554 3985 567 4018 :
596 3966 898 4020 Benedictus
930 3964 1177 4019 Dominus
1201 4006 1215 4030 ,
1243 3968 1330 4035 qui
1377 3981 1477 4018 non
1508 3965 1644 4018 dedit
1674 3980 1765 4017 nos
1793 3967 1845 4017 in

274 4061 506 4131 captione
530 4059 761 4112 dentibus
801 4072 1015 4111 eorum:
1047 4057 1228 4109 Anima
1276 4066 1449 4108 nostra
1494 4057 1621 4110 sicut
1673 4072 1846 4126 passer

274 4164 440 4222 erepta
469 4165 541 4206 est
572 4154 633 4205 de
662 4154 840 4222 laqueo
862 4155 1150 4206 venantium
1174 4168 1192 4204 :
1244 4151 1451 4219 laqueus
1479 4151 1720 4203 contritus
1748 4158 1839 4217 est,

275 4238 546 4309 adiuvante
571 4243 808 4307 Domino,
827 4253 872 4296 et
902 4259 991 4295 nos
1016 4241 1213 4294 liberati
1230 4257 1406 4293 sumus
1433 4239 1603 4307 (Psal.
1632 4242 1843 4305 cum).

275 4337 329 4390 ln
354 4337 541 4405 laqueo
571 4335 805 4388 lucrcbat
835 4334 1009 4386 anima
1045 4349 1059 4387 :
1113 4342 1293 4400 erepta
1326 4344 1406 4385 est
1446 4346 1549 4384 non
1579 4330 1692 4384 suis
1724 4329 1847 4382 viri-

275 4424 391 4491 bus,
423 4425 515 4480 sed
547 4425 724 4479 divino
767 4425 1033 4492 praesidio.
1088 4422 1152 4476 Et
1192 4423 1308 4492 quis
1340 4434 1421 4476 est
1463 4422 1563 4475 iste
1610 4421 1844 4490 laqueus,

274 4515 373 4569 nisi
396 4530 522 4570 caro
544 4531 662 4586 qua:
678 4516 905 4569 animam
944 4515 995 4568 in
1025 4514 1296 4583 pr0posito
1345 4528 1442 4567 suo
1468 4512 1603 4568 bene
1624 4528 1846 4568 curren-

1949 3319 2069 3383 mei,
2104 3316 2361 3383 possidere
2388 3331 2600 3376 reqttum
2627 3322 2861 3383 paratum
2880 3313 3012 3365 robis
3042 3311 3102 3364 ab
3132 3311 3324 3379 origine
3348 3309 3525 3362 mundi

1946 3407 2127 3479 (Matt.
2157 3406 2331 3475 unt).
2359 3406 2494 3471 Quid
2526 3406 2590 3458 ad
2619 3403 2899 3458 sinistros?
2946 3402 3200 3455 Discedite
3227 3419 3255 3453 a
3288 3418 3383 3465 me,
3418 3418 3525 3453 ma-

1949 3497 2141 3557 ledicti,
2165 3496 2219 3549 in
2252 3497 2425 3565 ignem
2457 3504 2722 3549 azlcrnum.
2752 3494 2907 3547 Vides
2938 3508 3039 3561 qua
3083 3502 3128 3544 ta
3164 3492 3420 3545 distensio
3444 3500 3526 3544 est

1948 3590 2002 3644 in
2032 3589 2247 3643 sinistro
2280 3598 2328 3642 et
2355 3588 2541 3641 dextro
2568 3586 2590 3639 ?
2624 3585 2749 3655 quid
2776 3586 2932 3655 igitur
2967 3586 3009 3639 si
3039 3584 3226 3638 oculus
3250 3592 3370 3637 tuus
3399 3584 3524 3637 dex-

1951 3689 2029 3736 ter
2057 3680 2405 3734 seandalizat?
2433 3679 2583 3733 disce
2607 3677 2732 3747 quid
2759 3687 2839 3731 est
2870 3676 3010 3746 quod
3042 3677 3252 3746 quando
3282 3680 3525 3729 commit—
3569 3680 3574 3686 '

1950 3773 2017 3825 tis
2071 3781 2368 3838 peccatum,
2419 3770 2575 3824 oculo
2626 3770 2718 3823 tibi
2772 3768 3444 3831 ministrante,dull-etihi
3474 3777 3527 3821 et

1949 3862 2196 3915 dextrum
2223 3862 2449 3914 videtur.
2479 3859 2545 3913 Et
2580 3858 2823 3913 dextrum
2860 3858 2959 3911 hoc
3006 3867 3130 3911 tunc
3158 3858 3441 3925 corrigitur
3476 3859 3525 3909 in

1949 3952 2221 4007 sinistrum
2253 3992 2266 4014 ,
2301 3950 2511 4019 quando
2542 3949 2809 4003 residente
2852 3948 3076 4001 Domino
3107 3957 3159 4000 et
3207 3947 3526 4000 discntiente

1950 4050 2165 4109 peccata
2209 4039 2437 4107 creperis
2467 4039 2605 4093 inter
2651 4038 2844 4091 multos
2890 4038 3019 4090 alios
3048 4048 3100 4091 et
3130 4036 3243 4104 ipse
3291 4037 3474 4090 audite
3510 4055 3522 4089 :

1949 4133 2188 4203 discedite
2213 4149 2242 4183 a
2279 4148 2374 4194 me,
2399 4130 2676 4194 maledicti,
2718 4136 3025 4198 peccatores
3058 4128 3261 4195 injusti,
3280 4130 3330 4179 in
3360 4129 3526 4197 ignem

1949 4234 2214 4278 a’ternum.
2252 4220 2640 4275 Scandalizavit
2678 4231 2729 4273 te
2785 4218 2992 4281 oculus,
3040 4219 3323 4286 subripuit,
3355 4218 3523 4271 delin-

1952 4315 2089 4383 quis,
2109 4329 2203 4381 per
2234 4313 2401 4365 visum
2450 4321 2500 4364 te
2547 4312 2877 4380 implicavit?
2907 4326 3026 4363 erue
3046 4326 3181 4364 eum.
3216 4311 3348 4377 Quid
3377 4308 3527 4378 jubet

1951 4407 2162 4461 eruere?
2190 4406 2425 4471 oeulum,
2453 4420 2517 4457 an
2544 4415 2815 4472 peccatum
2847 4404 2869 4457 ?
2896 4404 3118 4457 Oculum
3150 4383 3524 4472 suggerentem

1952 4496 2319 4551 commissum.
2350 4493 2597 4561 Nunquid
2627 4493 2810 4546 oculus
2840 4494 3076 4561 peccavit
3101 4494 3223 4560 quia
3258 4493 3428 4558 vidit;
3458 4509 3525 4546 an

274 4616 378 4660 tem
410 4578 576 4661 veitat-
594 4620 822 4675 semper,
854 4578 1039 4673 carpit
1068 4578 1288 4674 jugiter,
1331 4606 1473 4672 capit
1501 4604 1847 4673 frequenter?
1878 4578 1927 4639 D
1952 4590 2120 4658 magis
2147 4590 2356 4641 animus
2387 4586 2609 4654 deliquit
2653 4586 2772 4653 quia
2803 4584 3140 4653 conCupivit?
3170 4584 3432 4638 leerttnt
3482 4585 3527 4639 si

272 4706 352 4750 εει
382 4697 522 4751 enim
556 4711 690 4750 unus
715 4695 960 4749 stimulus
983 4710 1076 4764 per
1108 4696 1343 4749 membra
1378 4694 1654 4748 insidians.
1686 4694 1838 4757 Dico,

272 4787 607 4855 quomodoiu
626 4786 793 4840 oculis
822 4794 903 4841 est
930 4786 1151 4853 laqueus
1172 4785 1365 4854 gravis.
1398 4787 1474 4839 An
1514 4800 1615 4837 non
1641 4799 1844 4853 cogno-

274 4878 395 4931 visti
425 4878 871 4946 quemadmodum
903 4879 1078 4931 anima
1108 4878 1234 4947 (non
1286 4878 1459 4930 dicam
1480 4918 1493 4939 ,
1540 4892 1683 4945 saepe
1704 4919 1718 4941 ,
1753 4876 1845 4931 sed

274 4972 511 5037 semper)
539 4970 833 5037 captivatur
886 4969 939 5023 in
970 4968 1229 5037 a~pectu?
1260 4968 1409 5023 Unde
1457 4967 1674 5020 avaritia
1722 4967 1849 5020 iusi-

275 5059 470 5125 diatur,
496 5060 638 5115 unde
682 5060 845 5114 libido
886 5060 1201 5121 incenditur,
1236 5058 1333 5111 nisi
1373 5058 1438 5112 de
1466 5057 1730 5126 corporali
1761 5072 1851 5111 as-

274 5152 475 5219 pectui
505 5151 696 5207 Vidisti
724 5153 971 5220 laqueum
1003 5152 1224 5205 fortem!
1267 5165 1364 5205 nec
1399 5150 1666 5204 immerito
1691 5152 1855 5217 scrip-

277 5253 386 5297 tum
417 5251 535 5298 est:
594 5242 823 5313 Nequius
861 5244 1007 5297 oculo
1036 5243 1161 5313 quid
1200 5253 1271 5295 est
1316 5245 1507 5310 factum
1562 5242 1614 5293 in
1653 5241 1855 5295 homine

275 5332 445 5397 (Eccl.
480 5334 626 5403 xxxi)
651 5335 673 5388 ?
696 5335 759 5389 Et
788 5335 1014 5389 iterum:
1070 5334 1289 5387 Intrabit
1319 5349 1455 5385 mors
1491 5348 1579 5400 per
1608 5333 1854 5399 fenestras

282 5424 412 5493 (Jer.
445 5429 544 5495 Ix).
572 5426 636 5480 Et
667 5426 839 5495 lingua
872 5438 956 5480 tua
987 5428 1203 5496 laqueus
1220 5424 1626 5480 estinsanabilis
1658 5440 1673 5487 ;
1704 5437 1855 5492 spar-

277 5518 352 5583 git
374 5517 515 5570 enim
546 5530 804 5571 venenum
837 5516 1008 5570 maled
1033 5516 1245 5579 ctionis,
1276 5512 1640 5583 blasphemia),
1673 5529 1854 5567 susur-

276 5607 517 5669 rationis,
543 5605 909 5671 detractionis;
940 5616 993 5661 et
1024 5622 1127 5661 non
1168 5608 1338 5660 Solum
1368 5605 1551 5671 corda,
1571 5605 1664 5661 sed
1692 5605 1853 5660 etiam

277 5697 549 5751 exulcerat
598 5698 852 5751 animam.
911 5697 974 5751 Et
1031 5697 1155 5749 inde
1184 5695 1430 5764 estquod
1460 5696 1712 5751 obsecrat
1767 5697 1856 5753 ille

278 5795 468 5864 prtesul
494 5794 818 5865 posuitentiaa
846 5794 1065 5850 dicens:
1108 5791 1264 5849 Pone.
1303 5791 1517 5845 Domine
1565 5791 1854 5846 custodiam

1952 4698 2046 4750 per
2072 4691 2260 4734 cuncta
2293 4687 2508 4746 peccata
2543 4678 2623 4733 vel
2657 4677 2904 4732 scandala
2936 4692 3041 4729 non
3074 4676 3237 4729 animi
3264 4677 3527 4744 cupiditas

1953 4773 2290 4843 reprimenda
2312 4781 2410 4835 est,
2432 4772 2524 4826 sed
2550 4768 2883 4824 ellodiendus
2913 4777 2994 4823 est
3014 4768 3202 4823 oculus
3228 4768 3347 4836 quia
3374 4768 3525 4833 vidit,

1953 4868 2125 4921 nullus
2142 4866 2252 4933 jam
2284 4864 2559 4919 habiturus
2586 4871 2668 4916 est
2689 4860 2893 4915 oculos.

2025 4967 2137 5019 Non
2164 4974 2245 5019 est
2272 4964 2548 5033 quisquam
2592 4963 2671 5031 (ut
2695 4962 2948 5027 arbitror)
2989 4963 3072 5015 cui
3105 4961 3243 5015 oculi
3279 4974 3527 5016 remane-

1956 5058 2107 5122 bunt,
2136 5056 2256 5124 quia
2276 5070 2379 5109 non
2410 5062 2492 5109 est
2518 5053 2657 5107 inter
2684 5054 2937 5113 mortales
2966 5054 3051 5121 qui
3100 5067 3205 5105 non
3250 5054 3531 5121 concupis-

1955 5149 2045 5213 cit,
2084 5145 2602 5210 autscandalizatur,
2631 5152 2721 5196 aut
2743 5152 2944 5211 peccat.
2980 5142 3184 5207 Homo,
3234 5142 3533 5210 iuculpave-

1958 5240 2032 5294 ris
2059 5239 2268 5293 oculum
2293 5237 2358 5290 ad
2386 5237 2608 5305 gratiam
2633 5234 2725 5289 tibi
2756 5249 3094 5298 concessum,
3143 5235 3294 5302 cujus
3326 5234 3495 5289 beuell
3515 5261 3532 5273 -

1956 5332 2041 5386 cio
2096 5332 2276 5385 lumen
2309 5330 2499 5384 vides?
2527 5337 2747 5383 ornatus
2775 5336 2859 5382 est
2880 5327 3091 5396 capitis,
3136 5328 3410 5395 sprculum
3452 5335 3531 5377 est

1959 5422 2353 5487 membrorum,
2402 5421 2669 5489 totiusque
2712 5421 2953 5489 corporis
2996 5419 3228 5472 fenestra
3285 5415 3531 5485 επιίὶεεί-

1961 5514 2080 5567 mal
2149 5512 2267 5567 Noli
2322 5512 2460 5567 hunc
2515 5510 2785 5579 inculpare
2847 5510 2966 5579 quia
3016 5509 3244 5572 cernit,
3301 5506 3393 5558 scd
3447 5504 3529 5557 in-

1961 5603 2113 5671 culpa
2164 5617 2282 5671 quae
2324 5600 2545 5663 cernit;
2625 5598 2716 5653 sed
2777 5599 2983 5666 inculpa
3056 5597 3146 5650 tibi
3206 5595 3348 5662 ipsi,
3412 5593 3531 5661 quia

1962 5700 2287 5766 Concupisti!
2352 5699 2509 5763 Erue,
2557 5714 2660 5751 non
2716 5697 2925 5751 oculum
2974 5695 3040 5746 de
3080 5692 3277 5759 capite,
3318 5686 3409 5740 sed
3448 5700 3531 5739 er-

1964 5807 2138 5846 rorem
2163 5791 2228 5846 dc
2254 5791 2431 5855 corde;
2465 5792 2634 5846 evelle
2660 5833 2671 5853 ,
2727 5803 2829 5841 non
2858 5793 3133 5855 aspectum
3174 5795 3487 5850 corporeum
3513 5820 3531 5844 ,
