  <div class='ocr_page' id='page_1' title='image "/cluster/home/n/w/nwhite01/storage/ocr_20150623/66/hvd.32044015469323/055.png"; bbox 0 0 4126 6362; ppageno 0'>
   <div class='ocr_carea' id='block_1_1' title="bbox 630 322 3909 405">
    <p class='ocr_par' dir='ltr' id='par_1_1' title="bbox 630 322 3909 405">
     <span class='ocr_line' id='line_1_1' title="bbox 630 322 3909 405; baseline 0.008 -20"><span class='ocrx_word' id='word_1_1' title='bbox 630 347 701 405; x_wconf 75' lang='lat'><strong>95</strong></span> <span class='ocrx_word' id='word_1_2' title='bbox 1619 345 1676 401; x_wconf 90' lang='lat' dir='ltr'><strong>s.</strong></span> <span class='ocrx_word' id='word_1_3' title='bbox 1719 338 2093 397; x_wconf 62' lang='lat' dir='ltr'><strong>causam&quot;</strong></span> <span class='ocrx_word' id='word_1_4' title='bbox 2126 337 2573 395; x_wconf 58' lang='lat' dir='ltr'><strong>novamusus</strong></span> <span class='ocrx_word' id='word_1_5' title='bbox 2616 339 2909 396; x_wconf 82' lang='lat' dir='ltr'><strong>EPISCOP]</strong></span> <span class='ocrx_word' id='word_1_6' title='bbox 3532 322 3537 331; x_wconf 72' lang='grc'><em>’</em></span> <span class='ocrx_word' id='word_1_7' title='bbox 3832 338 3909 394; x_wconf 74' lang='lat'><strong>90</strong></span> 
     </span>
    </p>
   </div>
   <div class='ocr_carea' id='block_1_2' title="bbox 633 418 3903 528">
    <p class='ocr_par' dir='ltr' id='par_1_2' title="bbox 633 449 3903 528">
     <span class='ocr_line' id='line_1_2' title="bbox 633 449 3903 528; baseline -0.004 -14"><span class='ocrx_word' id='word_1_8' title='bbox 633 462 728 515; x_wconf 84' lang='lat' dir='ltr'><strong>sed</strong></span> <span class='ocrx_word' id='word_1_9' title='bbox 764 459 1207 528; x_wconf 53' lang='lat' dir='ltr'><strong>concupiscentia:</strong></span> <span class='ocrx_word' id='word_1_10' title='bbox 1237 459 1440 513; x_wconf 76' lang='lat' dir='ltr'><strong>crimtn</strong></span> <span class='ocrx_word' id='word_1_11' title='bbox 1467 474 1480 509; x_wconf 88' lang='lat'><strong>:</strong></span> <span class='ocrx_word' id='word_1_12' title='bbox 1511 472 1616 509; x_wconf 91' lang='lat' dir='ltr'><strong>non</strong></span> <span class='ocrx_word' id='word_1_13' title='bbox 1658 464 1739 508; x_wconf 85' lang='lat' dir='ltr'><strong>est</strong></span> <span class='ocrx_word' id='word_1_14' title='bbox 1770 457 1965 508; x_wconf 84' lang='lat' dir='ltr'><strong>&#39;ussum</strong></span> <span class='ocrx_word' id='word_1_15' title='bbox 1991 454 2202 508; x_wconf 86' lang='lat' dir='ltr'><strong>oculum</strong></span> <span class='ocrx_word' id='word_1_16' title='bbox 2236 453 2284 510; x_wconf 83' lang='grc' dir='ltr'><strong>Α</strong></span> <span class='ocrx_word' id='word_1_17' title='bbox 2316 450 2369 503; x_wconf 85' lang='grc' dir='ltr'><strong>Ι·“ί</strong></span> <span class='ocrx_word' id='word_1_18' title='bbox 2409 462 2427 504; x_wconf 84' lang='grc' dir='ltr'><strong>ι</strong></span> <span class='ocrx_word' id='word_1_19' title='bbox 2474 462 2629 520; x_wconf 64' lang='lat' dir='ltr'><strong>caput</strong></span> <span class='ocrx_word' id='word_1_20' title='bbox 2680 463 2824 507; x_wconf 90' lang='lat' dir='ltr'><strong>tuum</strong></span> <span class='ocrx_word' id='word_1_21' title='bbox 2868 452 2986 506; x_wconf 91' lang='lat' dir='ltr'><strong>fons</strong></span> <span class='ocrx_word' id='word_1_22' title='bbox 3038 450 3373 506; x_wconf 75' lang='lat' dir='ltr'><strong>remissionis</strong></span> <span class='ocrx_word' id='word_1_23' title='bbox 3400 458 3454 503; x_wconf 86' lang='lat' dir='ltr'><strong>et</strong></span> <span class='ocrx_word' id='word_1_24' title='bbox 3485 449 3677 503; x_wconf 87' lang='lat' dir='ltr'><strong>ﬂuvius</strong></span> <span class='ocrx_word' id='word_1_25' title='bbox 3719 451 3903 503; x_wconf 84' lang='lat' dir='ltr'><strong>indul-</strong></span> 
     </span>
    </p>
   </div>
   <div class='ocr_carea' id='block_1_3' title="bbox 633 545 2206 615">
    <p class='ocr_par' dir='ltr' id='par_1_3' title="bbox 633 545 2206 615">
     <span class='ocr_line' id='line_1_3' title="bbox 633 545 2206 615; baseline -0.008 -9"><span class='ocrx_word' id='word_1_26' title='bbox 633 554 831 615; x_wconf 83' lang='lat' dir='ltr'><strong>delere,</strong></span> <span class='ocrx_word' id='word_1_27' title='bbox 854 554 945 606; x_wconf 71' lang='lat' dir='ltr'><strong>sed</strong></span> <span class='ocrx_word' id='word_1_28' title='bbox 966 551 1169 607; x_wconf 87' lang='lat' dir='ltr'><strong>crimen</strong></span> <span class='ocrx_word' id='word_1_29' title='bbox 1200 552 1452 605; x_wconf 76' lang='lat' dir='ltr'><strong>evel&#39;ere.</strong></span> <span class='ocrx_word' id='word_1_30' title='bbox 1471 549 1665 602; x_wconf 76' lang='lat' dir='ltr'><strong>Dexter</strong></span> <span class='ocrx_word' id='word_1_31' title='bbox 1679 547 1976 601; x_wconf 88' lang='lat' dir='ltr'><strong>fuitoculus</strong></span> <span class='ocrx_word' id='word_1_32' title='bbox 1995 545 2206 614; x_wconf 86' lang='lat' dir='ltr'><strong>quando</strong></span> 
     </span>
    </p>
   </div>
   <div class='ocr_carea' id='block_1_4' title="bbox 632 638 2207 711">
    <p class='ocr_par' dir='ltr' id='par_1_4' title="bbox 632 638 2207 711">
     <span class='ocr_line' id='line_1_4' title="bbox 632 638 2207 711; baseline -0.004 -13"><span class='ocrx_word' id='word_1_33' title='bbox 632 646 724 698; x_wconf 90' lang='lat' dir='ltr'><strong>tibi</strong></span> <span class='ocrx_word' id='word_1_34' title='bbox 751 644 972 698; x_wconf 81' lang='lat' dir='ltr'><strong>obduxit</strong></span> <span class='ocrx_word' id='word_1_35' title='bbox 1001 644 1308 698; x_wconf 78' lang='lat' dir='ltr'><strong>scandalum</strong></span> <span class='ocrx_word' id='word_1_36' title='bbox 1332 662 1343 695; x_wconf 90' lang='lat'><strong>:</strong></span> <span class='ocrx_word' id='word_1_37' title='bbox 1373 643 1471 696; x_wconf 90' lang='lat' dir='ltr'><strong>ltoc</strong></span> <span class='ocrx_word' id='word_1_38' title='bbox 1495 652 1575 695; x_wconf 88' lang='lat' dir='ltr'><strong>est</strong></span> <span class='ocrx_word' id='word_1_39' title='bbox 1601 641 1741 711; x_wconf 90' lang='lat' dir='ltr'><strong>quod</strong></span> <span class='ocrx_word' id='word_1_40' title='bbox 1759 640 1888 692; x_wconf 87' lang='lat' dir='ltr'><strong>dicit</strong></span> <span class='ocrx_word' id='word_1_41' title='bbox 1915 638 2126 704; x_wconf 82' lang='lat' dir='ltr'><strong>quando</strong></span> <span class='ocrx_word' id='word_1_42' title='bbox 2157 647 2207 691; x_wconf 86' lang='lat' dir='ltr'><strong>te</strong></span> 
     </span>
    </p>
   </div>
   <div class='ocr_carea' id='block_1_5' title="bbox 633 730 2214 803">
    <p class='ocr_par' dir='ltr' id='par_1_5' title="bbox 633 730 2214 803">
     <span class='ocr_line' id='line_1_5' title="bbox 633 730 2214 803; baseline -0.004 -16"><span class='ocrx_word' id='word_1_43' title='bbox 633 734 929 803; x_wconf 80' lang='lat' dir='ltr'><strong>inquinavit</strong></span> <span class='ocrx_word' id='word_1_44' title='bbox 960 746 1011 788; x_wconf 88' lang='lat' dir='ltr'><strong>et</strong></span> <span class='ocrx_word' id='word_1_45' title='bbox 1046 735 1251 802; x_wconf 90' lang='lat' dir='ltr'><strong>polluit.</strong></span> <span class='ocrx_word' id='word_1_46' title='bbox 1280 734 1383 788; x_wconf 87' lang='lat' dir='ltr'><strong>Sed</strong></span> <span class='ocrx_word' id='word_1_47' title='bbox 1413 749 1538 786; x_wconf 86' lang='lat' dir='ltr'><strong>erue</strong></span> <span class='ocrx_word' id='word_1_48' title='bbox 1564 748 1683 785; x_wconf 85' lang='lat' dir='ltr'><strong>cum</strong></span> <span class='ocrx_word' id='word_1_49' title='bbox 1708 731 1973 783; x_wconf 88' lang='lat' dir='ltr'><strong>contraria</strong></span> <span class='ocrx_word' id='word_1_50' title='bbox 2000 730 2214 784; x_wconf 20' lang='lat' dir='ltr'><strong>fortitu-A</strong></span> 
     </span>
    </p>
   </div>
   <div class='ocr_carea' id='block_1_6' title="bbox 630 822 2204 892">
    <p class='ocr_par' dir='ltr' id='par_1_6' title="bbox 630 822 2204 892">
     <span class='ocr_line' id='line_1_6' title="bbox 630 822 2204 892; baseline -0.003 -16"><span class='ocrx_word' id='word_1_51' title='bbox 630 825 777 877; x_wconf 77' lang='lat' dir='ltr'><strong>dine.</strong></span> <span class='ocrx_word' id='word_1_52' title='bbox 803 825 922 878; x_wconf 79' lang='lat' dir='ltr'><strong>Noli</strong></span> <span class='ocrx_word' id='word_1_53' title='bbox 955 836 1003 879; x_wconf 93' lang='lat' dir='ltr'><strong>te</strong></span> <span class='ocrx_word' id='word_1_54' title='bbox 1033 827 1317 880; x_wconf 75' lang='lat' dir='ltr'><strong>vulnerare</strong></span> <span class='ocrx_word' id='word_1_55' title='bbox 1339 824 1575 892; x_wconf 89' lang='lat' dir='ltr'><strong>cogitare</strong></span> <span class='ocrx_word' id='word_1_56' title='bbox 1603 865 1617 887; x_wconf 92' lang='lat'><strong>,</strong></span> <span class='ocrx_word' id='word_1_57' title='bbox 1645 823 1738 876; x_wconf 89' lang='lat' dir='ltr'><strong>sed</strong></span> <span class='ocrx_word' id='word_1_58' title='bbox 1779 822 1843 874; x_wconf 89' lang='lat' dir='ltr'><strong>ad</strong></span> <span class='ocrx_word' id='word_1_59' title='bbox 1887 822 2204 874; x_wconf 83' lang='lat' dir='ltr'><strong>vincendum</strong></span> 
     </span>
    </p>
   </div>
   <div class='ocr_carea' id='block_1_7' title="bbox 630 914 2206 985">
    <p class='ocr_par' dir='ltr' id='par_1_7' title="bbox 630 914 2206 985">
     <span class='ocr_line' id='line_1_7' title="bbox 630 914 2206 985; baseline -0.002 -18"><span class='ocrx_word' id='word_1_60' title='bbox 630 923 685 968; x_wconf 92' lang='lat' dir='ltr'><strong>te</strong></span> <span class='ocrx_word' id='word_1_61' title='bbox 707 917 987 985; x_wconf 80' lang='lat' dir='ltr'><strong>praecinge.</strong></span> <span class='ocrx_word' id='word_1_62' title='bbox 1020 917 1145 970; x_wconf 83' lang='lat' dir='ltr'><strong>Esto</strong></span> <span class='ocrx_word' id='word_1_63' title='bbox 1193 919 1424 985; x_wconf 66' lang='lat' dir='ltr'><strong>armiger</strong></span> <span class='ocrx_word' id='word_1_64' title='bbox 1472 916 1796 983; x_wconf 71' lang='lat' dir='ltr'><strong>pteniteutire</strong></span> <span class='ocrx_word' id='word_1_65' title='bbox 1827 955 1841 975; x_wconf 93' lang='lat'><strong>,</strong></span> <span class='ocrx_word' id='word_1_66' title='bbox 1883 925 1935 969; x_wconf 87' lang='lat' dir='ltr'><strong>et</strong></span> <span class='ocrx_word' id='word_1_67' title='bbox 1965 914 2206 983; x_wconf 84' lang='lat' dir='ltr'><strong>protinus</strong></span> 
     </span>
    </p>
   </div>
   <div class='ocr_carea' id='block_1_8' title="bbox 631 1005 2207 1075">
    <p class='ocr_par' dir='ltr' id='par_1_8' title="bbox 631 1005 2207 1075">
     <span class='ocr_line' id='line_1_8' title="bbox 631 1005 2207 1075; baseline -0.003 -16"><span class='ocrx_word' id='word_1_68' title='bbox 631 1016 843 1060; x_wconf 81' lang='lat' dir='ltr'><strong>evertes</strong></span> <span class='ocrx_word' id='word_1_69' title='bbox 872 1018 1168 1075; x_wconf 86' lang='lat' dir='ltr'><strong>peccatum.</strong></span> <span class='ocrx_word' id='word_1_70' title='bbox 1221 1008 1380 1060; x_wconf 84' lang='lat' dir='ltr'><strong>Dulce</strong></span> <span class='ocrx_word' id='word_1_71' title='bbox 1413 1007 1507 1059; x_wconf 80' lang='lat' dir='ltr'><strong>fuit</strong></span> <span class='ocrx_word' id='word_1_72' title='bbox 1549 1007 1735 1057; x_wconf 90' lang='lat' dir='ltr'><strong>vitium</strong></span> <span class='ocrx_word' id='word_1_73' title='bbox 1765 1020 1881 1058; x_wconf 91' lang='lat' dir='ltr'><strong>cum</strong></span> <span class='ocrx_word' id='word_1_74' title='bbox 1922 1005 2207 1057; x_wconf 84' lang='lat' dir='ltr'><strong>delectavit</strong></span> 
     </span>
    </p>
   </div>
   <div class='ocr_carea' id='block_1_9' title="bbox 632 1096 2206 1164">
    <p class='ocr_par' dir='ltr' id='par_1_9' title="bbox 632 1096 2206 1164">
     <span class='ocr_line' id='line_1_9' title="bbox 632 1096 2206 1164; baseline -0.001 -14"><span class='ocrx_word' id='word_1_75' title='bbox 632 1097 862 1150; x_wconf 86' lang='lat' dir='ltr'><strong>animam</strong></span> <span class='ocrx_word' id='word_1_76' title='bbox 894 1114 908 1161; x_wconf 91' lang='lat'><strong>;</strong></span> <span class='ocrx_word' id='word_1_77' title='bbox 938 1099 1028 1151; x_wconf 88' lang='lat' dir='ltr'><strong>sed</strong></span> <span class='ocrx_word' id='word_1_78' title='bbox 1063 1098 1153 1150; x_wconf 82' lang='lat' dir='ltr'><strong>ﬁat</strong></span> <span class='ocrx_word' id='word_1_79' title='bbox 1200 1100 1291 1151; x_wconf 64' lang='lat' dir='ltr'><strong>tibi</strong></span> <span class='ocrx_word' id='word_1_80' title='bbox 1344 1112 1478 1149; x_wconf 88' lang='lat' dir='ltr'><strong>nunc</strong></span> <span class='ocrx_word' id='word_1_81' title='bbox 1512 1096 1715 1149; x_wconf 86' lang='lat' dir='ltr'><strong>dulcior</strong></span> <span class='ocrx_word' id='word_1_82' title='bbox 1765 1096 2058 1163; x_wconf 70' lang='lat' dir='ltr'><strong>rmuitudo,</strong></span> <span class='ocrx_word' id='word_1_83' title='bbox 2088 1111 2206 1164; x_wconf 72' lang='lat' dir='ltr'><strong>qua:</strong></span> 
     </span>
    </p>
   </div>
   <div class='ocr_carea' id='block_1_10' title="bbox 628 1189 2203 1252">
    <p class='ocr_par' dir='ltr' id='par_1_10' title="bbox 628 1189 2203 1252">
     <span class='ocr_line' id='line_1_10' title="bbox 628 1189 2203 1252; baseline -0.003 -11"><span class='ocrx_word' id='word_1_84' title='bbox 628 1202 737 1241; x_wconf 87' lang='lat' dir='ltr'><strong>non</strong></span> <span class='ocrx_word' id='word_1_85' title='bbox 768 1190 939 1243; x_wconf 91' lang='lat' dir='ltr'><strong>solum</strong></span> <span class='ocrx_word' id='word_1_86' title='bbox 983 1191 1232 1252; x_wconf 76' lang='lat' dir='ltr'><strong>delectet,</strong></span> <span class='ocrx_word' id='word_1_87' title='bbox 1287 1206 1467 1243; x_wconf 90' lang='lat' dir='ltr'><strong>verum</strong></span> <span class='ocrx_word' id='word_1_88' title='bbox 1522 1190 1678 1242; x_wconf 90' lang='lat' dir='ltr'><strong>etiam</strong></span> <span class='ocrx_word' id='word_1_89' title='bbox 1712 1189 1908 1242; x_wconf 81' lang='lat' dir='ltr'><strong>nutriat</strong></span> <span class='ocrx_word' id='word_1_90' title='bbox 1952 1189 2203 1241; x_wconf 83' lang='lat' dir='ltr'><strong>animam.</strong></span> 
     </span>
    </p>
   </div>
   <div class='ocr_carea' id='block_1_11' title="bbox 628 1279 2206 1351">
    <p class='ocr_par' dir='ltr' id='par_1_11' title="bbox 628 1279 2206 1351">
     <span class='ocr_line' id='line_1_11' title="bbox 628 1279 2206 1351; baseline 0.001 -17"><span class='ocrx_word' id='word_1_91' title='bbox 628 1279 935 1349; x_wconf 88' lang='lat' dir='ltr'><strong>Concupisti</strong></span> <span class='ocrx_word' id='word_1_92' title='bbox 970 1284 1186 1348; x_wconf 91' lang='lat' dir='ltr'><strong>malum,</strong></span> <span class='ocrx_word' id='word_1_93' title='bbox 1212 1284 1337 1336; x_wconf 85' lang='lat' dir='ltr'><strong>vicit</strong></span> <span class='ocrx_word' id='word_1_94' title='bbox 1366 1293 1415 1336; x_wconf 93' lang='lat' dir='ltr'><strong>te</strong></span> <span class='ocrx_word' id='word_1_95' title='bbox 1444 1282 1721 1351; x_wconf 86' lang='lat' dir='ltr'><strong>cupiditas,</strong></span> <span class='ocrx_word' id='word_1_96' title='bbox 1754 1287 2064 1351; x_wconf 81' lang='lat' dir='ltr'><strong>perpetrasti</strong></span> <span class='ocrx_word' id='word_1_97' title='bbox 2110 1296 2206 1335; x_wconf 90' lang='lat' dir='ltr'><strong>ne-</strong></span> 
     </span>
    </p>
   </div>
   <div class='ocr_carea' id='block_1_12' title="bbox 634 1372 2208 1440">
    <p class='ocr_par' dir='ltr' id='par_1_12' title="bbox 634 1372 2208 1440">
     <span class='ocr_line' id='line_1_12' title="bbox 634 1372 2208 1440; baseline 0.001 -15"><span class='ocrx_word' id='word_1_98' title='bbox 634 1372 739 1425; x_wconf 86' lang='lat' dir='ltr'><strong>fas!</strong></span> <span class='ocrx_word' id='word_1_99' title='bbox 770 1374 872 1426; x_wconf 91' lang='lat' dir='ltr'><strong>erit</strong></span> <span class='ocrx_word' id='word_1_100' title='bbox 908 1376 1112 1429; x_wconf 84' lang='lat' dir='ltr'><strong>animus</strong></span> <span class='ocrx_word' id='word_1_101' title='bbox 1146 1387 1263 1429; x_wconf 91' lang='lat' dir='ltr'><strong>tuus</strong></span> <span class='ocrx_word' id='word_1_102' title='bbox 1286 1376 1472 1429; x_wconf 74' lang='lat' dir='ltr'><strong>dexter</strong></span> <span class='ocrx_word' id='word_1_103' title='bbox 1501 1375 1713 1440; x_wconf 81' lang='lat' dir='ltr'><strong>oculus,</strong></span> <span class='ocrx_word' id='word_1_104' title='bbox 1763 1376 1811 1428; x_wconf 90' lang='lat' dir='ltr'><strong>id</strong></span> <span class='ocrx_word' id='word_1_105' title='bbox 1858 1386 1938 1428; x_wconf 90' lang='lat' dir='ltr'><strong>est</strong></span> <span class='ocrx_word' id='word_1_106' title='bbox 1982 1375 2208 1428; x_wconf 85' lang='lat' dir='ltr'><strong>dulcedo</strong></span> 
     </span>
    </p>
   </div>
   <div class='ocr_carea' id='block_1_13' title="bbox 637 1466 2209 1537">
    <p class='ocr_par' dir='ltr' id='par_1_13' title="bbox 637 1466 2209 1537">
     <span class='ocr_line' id='line_1_13' title="bbox 637 1466 2209 1537; baseline 0.001 -20"><span class='ocrx_word' id='word_1_107' title='bbox 637 1479 671 1532; x_wconf 91' lang='lat' dir='ltr'><strong>p</strong></span> <span class='ocrx_word' id='word_1_108' title='bbox 706 1466 863 1518; x_wconf 90' lang='lat' dir='ltr'><strong>ccati.</strong></span> <span class='ocrx_word' id='word_1_109' title='bbox 902 1466 1041 1520; x_wconf 83' lang='lat' dir='ltr'><strong>Erue</strong></span> <span class='ocrx_word' id='word_1_110' title='bbox 1064 1469 1271 1521; x_wconf 89' lang='lat' dir='ltr'><strong>oculum</strong></span> <span class='ocrx_word' id='word_1_111' title='bbox 1304 1470 1483 1531; x_wconf 90' lang='lat' dir='ltr'><strong>istum,</strong></span> <span class='ocrx_word' id='word_1_112' title='bbox 1516 1469 1733 1522; x_wconf 88' lang='lat' dir='ltr'><strong>sinistro</strong></span> <span class='ocrx_word' id='word_1_113' title='bbox 1764 1477 2048 1537; x_wconf 86' lang='lat' dir='ltr'><strong>conspectu</strong></span> <span class='ocrx_word' id='word_1_114' title='bbox 2080 1483 2209 1521; x_wconf 89' lang='lat' dir='ltr'><strong>con-</strong></span> 
     </span>
    </p>
   </div>
   <div class='ocr_carea' id='block_1_14' title="bbox 632 1560 2207 1626">
    <p class='ocr_par' dir='ltr' id='par_1_14' title="bbox 632 1560 2207 1626">
     <span class='ocr_line' id='line_1_14' title="bbox 632 1560 2207 1626; baseline 0.004 -18"><span class='ocrx_word' id='word_1_115' title='bbox 632 1562 857 1621; x_wconf 82' lang='lat' dir='ltr'><strong>sertum,</strong></span> <span class='ocrx_word' id='word_1_116' title='bbox 890 1560 976 1626; x_wconf 88' lang='lat' dir='ltr'><strong>qui</strong></span> <span class='ocrx_word' id='word_1_117' title='bbox 1004 1567 1052 1611; x_wconf 87' lang='lat' dir='ltr'><strong>te</strong></span> <span class='ocrx_word' id='word_1_118' title='bbox 1084 1575 1186 1611; x_wconf 92' lang='lat' dir='ltr'><strong>nou</strong></span> <span class='ocrx_word' id='word_1_119' title='bbox 1214 1560 1500 1623; x_wconf 86' lang='lat' dir='ltr'><strong>illuminat,</strong></span> <span class='ocrx_word' id='word_1_120' title='bbox 1541 1561 1631 1613; x_wconf 88' lang='lat' dir='ltr'><strong>sed</strong></span> <span class='ocrx_word' id='word_1_121' title='bbox 1664 1561 2029 1623; x_wconf 80' lang='lat' dir='ltr'><strong>contem-brat,</strong></span> <span class='ocrx_word' id='word_1_122' title='bbox 2060 1569 2114 1613; x_wconf 90' lang='lat' dir='ltr'><strong>et</strong></span> <span class='ocrx_word' id='word_1_123' title='bbox 2141 1561 2207 1614; x_wconf 83' lang='lat' dir='ltr'><strong>de</strong></span> 
     </span>
    </p>
   </div>
   <div class='ocr_carea' id='block_1_15' title="bbox 623 1646 2206 1708">
    <p class='ocr_par' dir='ltr' id='par_1_15' title="bbox 623 1646 2206 1708">
     <span class='ocr_line' id='line_1_15' title="bbox 623 1646 2206 1708; baseline 0.006 -9"><span class='ocrx_word' id='word_1_124' title='bbox 623 1646 819 1702; x_wconf 74' lang='lat' dir='ltr'><strong>dextro</strong></span> <span class='ocrx_word' id='word_1_125' title='bbox 840 1652 1010 1702; x_wconf 87' lang='lat' dir='ltr'><strong>transl</strong></span> <span class='ocrx_word' id='word_1_126' title='bbox 1044 1663 1091 1705; x_wconf 90' lang='lat' dir='ltr'><strong>rt</strong></span> <span class='ocrx_word' id='word_1_127' title='bbox 1138 1662 1187 1706; x_wconf 91' lang='lat' dir='ltr'><strong>te</strong></span> <span class='ocrx_word' id='word_1_128' title='bbox 1231 1654 1280 1706; x_wconf 92' lang='lat' dir='ltr'><strong>in</strong></span> <span class='ocrx_word' id='word_1_129' title='bbox 1312 1655 1603 1706; x_wconf 86' lang='lat' dir='ltr'><strong>sinistrum.</strong></span> <span class='ocrx_word' id='word_1_130' title='bbox 1661 1654 1764 1707; x_wconf 84' lang='lat' dir='ltr'><strong>Sed</strong></span> <span class='ocrx_word' id='word_1_131' title='bbox 1794 1654 1927 1708; x_wconf 88' lang='lat' dir='ltr'><strong>dicis</strong></span> <span class='ocrx_word' id='word_1_132' title='bbox 1960 1669 1973 1707; x_wconf 91' lang='lat'><strong>:</strong></span> <span class='ocrx_word' id='word_1_133' title='bbox 2010 1657 2206 1708; x_wconf 89' lang='lat' dir='ltr'><strong>malum</strong></span> 
     </span>
    </p>
   </div>
   <div class='ocr_carea' id='block_1_16' title="bbox 629 1736 2209 1811">
    <p class='ocr_par' dir='ltr' id='par_1_16' title="bbox 629 1736 2209 1811">
     <span class='ocr_line' id='line_1_16' title="bbox 629 1736 2209 1811; baseline 0.008 -22"><span class='ocrx_word' id='word_1_134' title='bbox 629 1736 732 1790; x_wconf 87' lang='lat' dir='ltr'><strong>hoc</strong></span> <span class='ocrx_word' id='word_1_135' title='bbox 760 1740 899 1806; x_wconf 94' lang='lat' dir='ltr'><strong>quod</strong></span> <span class='ocrx_word' id='word_1_136' title='bbox 931 1742 1121 1794; x_wconf 85' lang='lat' dir='ltr'><strong>asseris</strong></span> <span class='ocrx_word' id='word_1_137' title='bbox 1164 1760 1188 1791; x_wconf 72' lang='grc' dir='ltr'><strong>ιι</strong></span> <span class='ocrx_word' id='word_1_138' title='bbox 1225 1759 1308 1797; x_wconf 90' lang='lat' dir='ltr'><strong>me</strong></span> <span class='ocrx_word' id='word_1_139' title='bbox 1338 1745 1731 1811; x_wconf 82' lang='lat' dir='ltr'><strong>extirpandum,</strong></span> <span class='ocrx_word' id='word_1_140' title='bbox 1764 1747 1948 1799; x_wconf 79' lang='lat' dir='ltr'><strong>0&quot;ulus</strong></span> <span class='ocrx_word' id='word_1_141' title='bbox 1987 1747 2085 1799; x_wconf 87' lang='lat' dir='ltr'><strong>iste</strong></span> <span class='ocrx_word' id='word_1_142' title='bbox 2119 1762 2209 1801; x_wconf 89' lang='lat' dir='ltr'><strong>ne-</strong></span> 
     </span>
    </p>
   </div>
   <div class='ocr_carea' id='block_1_17' title="bbox 2312 542 3893 611">
    <p class='ocr_par' dir='ltr' id='par_1_17' title="bbox 2312 542 3893 611">
     <span class='ocr_line' id='line_1_17' title="bbox 2312 542 3893 611; baseline 0.001 -19"><span class='ocrx_word' id='word_1_143' title='bbox 2312 543 2534 611; x_wconf 68' lang='lat' dir='ltr'><strong>gi-ntia-;</strong></span> <span class='ocrx_word' id='word_1_144' title='bbox 2564 553 2614 596; x_wconf 92' lang='lat' dir='ltr'><strong>et</strong></span> <span class='ocrx_word' id='word_1_145' title='bbox 2638 544 2829 597; x_wconf 70' lang='lat' dir='ltr'><strong>exinde</strong></span> <span class='ocrx_word' id='word_1_146' title='bbox 2859 559 2960 596; x_wconf 88' lang='lat' dir='ltr'><strong>non</strong></span> <span class='ocrx_word' id='word_1_147' title='bbox 2989 544 3160 597; x_wconf 89' lang='lat' dir='ltr'><strong>solum</strong></span> <span class='ocrx_word' id='word_1_148' title='bbox 3191 558 3286 611; x_wconf 89' lang='lat' dir='ltr'><strong>per</strong></span> <span class='ocrx_word' id='word_1_149' title='bbox 3323 542 3602 596; x_wconf 79' lang='lat' dir='ltr'><strong>dexterum</strong></span> <span class='ocrx_word' id='word_1_150' title='bbox 3645 542 3893 606; x_wconf 84' lang='lat' dir='ltr'><strong>oculum,</strong></span> 
     </span>
    </p>
   </div>
   <div class='ocr_carea' id='block_1_18' title="bbox 2310 631 3921 703">
    <p class='ocr_par' dir='ltr' id='par_1_18' title="bbox 2310 631 3921 703">
     <span class='ocr_line' id='line_1_18' title="bbox 2310 631 3921 703; baseline 0 -16"><span class='ocrx_word' id='word_1_151' title='bbox 2310 634 2486 687; x_wconf 87' lang='lat' dir='ltr'><strong>sedet</strong></span> <span class='ocrx_word' id='word_1_152' title='bbox 2533 650 2625 700; x_wconf 87' lang='lat' dir='ltr'><strong>per</strong></span> <span class='ocrx_word' id='word_1_153' title='bbox 2653 635 2924 688; x_wconf 89' lang='lat' dir='ltr'><strong>sinistrum</strong></span> <span class='ocrx_word' id='word_1_154' title='bbox 2970 634 3167 703; x_wconf 78' lang='lat' dir='ltr'><strong>gemini</strong></span> <span class='ocrx_word' id='word_1_155' title='bbox 3210 635 3306 687; x_wconf 90' lang='lat' dir='ltr'><strong>rivi</strong></span> <span class='ocrx_word' id='word_1_156' title='bbox 3339 642 3587 694; x_wconf 88' lang='lat' dir='ltr'><strong>currant,</strong></span> <span class='ocrx_word' id='word_1_157' title='bbox 3621 631 3921 701; x_wconf 53' lang='lat' dir='ltr'><strong>ﬂuatttquc‘</strong></span> 
     </span>
    </p>
   </div>
   <div class='ocr_carea' id='block_1_19' title="bbox 2312 724 3901 793">
    <p class='ocr_par' dir='ltr' id='par_1_19' title="bbox 2312 724 3901 793">
     <span class='ocr_line' id='line_1_19' title="bbox 2312 724 3901 793; baseline -0.001 -15"><span class='ocrx_word' id='word_1_158' title='bbox 2312 726 2403 778; x_wconf 84' lang='lat' dir='ltr'><strong>tibi</strong></span> <span class='ocrx_word' id='word_1_159' title='bbox 2437 727 2593 779; x_wconf 90' lang='lat' dir='ltr'><strong>ambo</strong></span> <span class='ocrx_word' id='word_1_160' title='bbox 2643 728 2780 780; x_wconf 90' lang='lat' dir='ltr'><strong>oculi</strong></span> <span class='ocrx_word' id='word_1_161' title='bbox 2834 727 3066 793; x_wconf 90' lang='lat' dir='ltr'><strong>pariter,</strong></span> <span class='ocrx_word' id='word_1_162' title='bbox 3113 726 3357 780; x_wconf 81' lang='lat' dir='ltr'><strong>san&#39;ta&#39;is</strong></span> <span class='ocrx_word' id='word_1_163' title='bbox 3406 739 3580 778; x_wconf 88' lang='lat' dir='ltr'><strong>rorem</strong></span> <span class='ocrx_word' id='word_1_164' title='bbox 3611 740 3673 778; x_wconf 89' lang='lat' dir='ltr'><strong>ac</strong></span> <span class='ocrx_word' id='word_1_165' title='bbox 3716 724 3901 778; x_wconf 81' lang='lat' dir='ltr'><strong>indqu</strong></span> 
     </span>
    </p>
   </div>
   <div class='ocr_carea' id='block_1_20' title="bbox 2308 818 3894 887">
    <p class='ocr_par' dir='ltr' id='par_1_20' title="bbox 2308 818 3894 887">
     <span class='ocr_line' id='line_1_20' title="bbox 2308 818 3894 887; baseline -0.004 -15"><span class='ocrx_word' id='word_1_166' title='bbox 2308 819 2497 887; x_wconf 64' lang='lat' dir='ltr'><strong>gentia:</strong></span> <span class='ocrx_word' id='word_1_167' title='bbox 2532 819 2775 873; x_wconf 84' lang='lat' dir='ltr'><strong>imbrem.</strong></span> <span class='ocrx_word' id='word_1_168' title='bbox 2802 819 2925 872; x_wconf 78' lang='lat' dir='ltr'><strong>Vult</strong></span> <span class='ocrx_word' id='word_1_169' title='bbox 2942 820 3083 872; x_wconf 75' lang='lat' dir='ltr'><strong>enim</strong></span> <span class='ocrx_word' id='word_1_170' title='bbox 3113 819 3602 887; x_wconf 83' lang='lat' dir='ltr'><strong>indulgentissimus</strong></span> <span class='ocrx_word' id='word_1_171' title='bbox 3625 818 3894 884; x_wconf 60' lang='lat' dir='ltr'><strong>cognftor,</strong></span> 
     </span>
    </p>
   </div>
   <div class='ocr_carea' id='block_1_21' title="bbox 2313 911 3895 984">
    <p class='ocr_par' dir='ltr' id='par_1_21' title="bbox 2313 911 3895 984">
     <span class='ocr_line' id='line_1_21' title="bbox 2313 911 3895 984; baseline -0.003 -17"><span class='ocrx_word' id='word_1_172' title='bbox 2313 923 2366 967; x_wconf 93' lang='lat' dir='ltr'><strong>ut</strong></span> <span class='ocrx_word' id='word_1_173' title='bbox 2397 913 2553 967; x_wconf 88' lang='lat' dir='ltr'><strong>ﬂetus</strong></span> <span class='ocrx_word' id='word_1_174' title='bbox 2582 925 2769 983; x_wconf 85' lang='lat' dir='ltr'><strong>purget</strong></span> <span class='ocrx_word' id='word_1_175' title='bbox 2800 914 2953 984; x_wconf 64' lang='lat' dir='ltr'><strong>quod»</strong></span> <span class='ocrx_word' id='word_1_176' title='bbox 2973 915 3117 967; x_wconf 86' lang='lat' dir='ltr'><strong>visus</strong></span> <span class='ocrx_word' id='word_1_177' title='bbox 3151 914 3359 979; x_wconf 88' lang='lat' dir='ltr'><strong>polluit,</strong></span> <span class='ocrx_word' id='word_1_178' title='bbox 3389 923 3439 966; x_wconf 91' lang='lat' dir='ltr'><strong>et</strong></span> <span class='ocrx_word' id='word_1_179' title='bbox 3473 912 3613 979; x_wconf 88' lang='lat' dir='ltr'><strong>quod</strong></span> <span class='ocrx_word' id='word_1_180' title='bbox 3666 911 3837 965; x_wconf 64' lang='lat' dir='ltr'><strong>fotdav</strong></span> <span class='ocrx_word' id='word_1_181' title='bbox 3857 915 3895 962; x_wconf 87' lang='lat' dir='ltr'><strong>it</strong></span> 
     </span>
    </p>
   </div>
   <div class='ocr_carea' id='block_1_22' title="bbox 2308 1003 3897 1073">
    <p class='ocr_par' dir='ltr' id='par_1_22' title="bbox 2308 1003 3897 1073">
     <span class='ocr_line' id='line_1_22' title="bbox 2308 1003 3897 1073; baseline -0.002 -14"><span class='ocrx_word' id='word_1_182' title='bbox 2308 1005 2591 1073; x_wconf 86' lang='lat' dir='ltr'><strong>cupiditas,</strong></span> <span class='ocrx_word' id='word_1_183' title='bbox 2642 1006 2893 1059; x_wconf 84' lang='lat' dir='ltr'><strong>relormet</strong></span> <span class='ocrx_word' id='word_1_184' title='bbox 2921 1005 3262 1073; x_wconf 90' lang='lat' dir='ltr'><strong>compunetio</strong></span> <span class='ocrx_word' id='word_1_185' title='bbox 3299 1022 3310 1056; x_wconf 92' lang='lat'><strong>:</strong></span> <span class='ocrx_word' id='word_1_186' title='bbox 3365 1013 3422 1058; x_wconf 91' lang='lat' dir='ltr'><strong>ut</strong></span> <span class='ocrx_word' id='word_1_187' title='bbox 3448 1019 3604 1057; x_wconf 91' lang='lat' dir='ltr'><strong>eruas</strong></span> <span class='ocrx_word' id='word_1_188' title='bbox 3633 1004 3700 1056; x_wconf 86' lang='lat' dir='ltr'><strong>de</strong></span> <span class='ocrx_word' id='word_1_189' title='bbox 3723 1003 3897 1057; x_wconf 82' lang='lat' dir='ltr'><strong>corde</strong></span> 
     </span>
    </p>
   </div>
   <div class='ocr_carea' id='block_1_23' title="bbox 2310 1094 3895 1163">
    <p class='ocr_par' dir='ltr' id='par_1_23' title="bbox 2310 1094 3895 1163">
     <span class='ocr_line' id='line_1_23' title="bbox 2310 1094 3895 1163; baseline -0.001 -15"><span class='ocrx_word' id='word_1_190' title='bbox 2310 1094 2621 1163; x_wconf 86' lang='lat' dir='ltr'><strong>pestiferum</strong></span> <span class='ocrx_word' id='word_1_191' title='bbox 2673 1096 2886 1149; x_wconf 92' lang='lat' dir='ltr'><strong>oculum</strong></span> <span class='ocrx_word' id='word_1_192' title='bbox 2944 1098 3195 1163; x_wconf 79' lang='lat' dir='ltr'><strong>plangens</strong></span> <span class='ocrx_word' id='word_1_193' title='bbox 3230 1104 3281 1148; x_wconf 91' lang='lat' dir='ltr'><strong>et</strong></span> <span class='ocrx_word' id='word_1_194' title='bbox 3326 1096 3684 1163; x_wconf 79' lang='lat' dir='ltr'><strong>ingemiscens</strong></span> <span class='ocrx_word' id='word_1_195' title='bbox 3712 1103 3770 1147; x_wconf 89' lang='lat' dir='ltr'><strong>et</strong></span> <span class='ocrx_word' id='word_1_196' title='bbox 3799 1096 3895 1146; x_wconf 79' lang='lat' dir='ltr'><strong>do-</strong></span> 
     </span>
    </p>
   </div>
   <div class='ocr_carea' id='block_1_24' title="bbox 2310 1188 3913 1256">
    <p class='ocr_par' dir='ltr' id='par_1_24' title="bbox 2310 1188 3913 1256">
     <span class='ocr_line' id='line_1_24' title="bbox 2310 1188 3913 1256; baseline -0.003 -14"><span class='ocrx_word' id='word_1_197' title='bbox 2310 1190 2424 1242; x_wconf 88' lang='lat' dir='ltr'><strong>lens</strong></span> <span class='ocrx_word' id='word_1_198' title='bbox 2468 1190 2607 1241; x_wconf 84' lang='lat' dir='ltr'><strong>sicut</strong></span> <span class='ocrx_word' id='word_1_199' title='bbox 2644 1188 2831 1243; x_wconf 85' lang='lat' dir='ltr'><strong>dolens</strong></span> <span class='ocrx_word' id='word_1_200' title='bbox 2861 1188 3127 1242; x_wconf 80' lang='lat' dir='ltr'><strong>Jeretnius</strong></span> <span class='ocrx_word' id='word_1_201' title='bbox 3159 1188 3441 1255; x_wconf 81' lang='lat' dir='ltr'><strong>propheta,</strong></span> <span class='ocrx_word' id='word_1_202' title='bbox 3487 1204 3607 1240; x_wconf 88' lang='lat' dir='ltr'><strong>cum</strong></span> <span class='ocrx_word' id='word_1_203' title='bbox 3633 1188 3913 1256; x_wconf 56' lang='lat' dir='ltr'><strong>pupulum.</strong></span> 
     </span>
    </p>
   </div>
   <div class='ocr_carea' id='block_1_25' title="bbox 2310 1280 3897 1351">
    <p class='ocr_par' dir='ltr' id='par_1_25' title="bbox 2310 1280 3897 1351">
     <span class='ocr_line' id='line_1_25' title="bbox 2310 1280 3897 1351; baseline -0.002 -19"><span class='ocrx_word' id='word_1_204' title='bbox 2310 1282 2587 1351; x_wconf 66' lang='lat' dir='ltr'><strong>plangeret</strong></span> <span class='ocrx_word' id='word_1_205' title='bbox 2614 1282 3069 1350; x_wconf 87' lang='lat' dir='ltr'><strong>transmigratum,</strong></span> <span class='ocrx_word' id='word_1_206' title='bbox 3099 1282 3179 1335; x_wconf 88' lang='lat' dir='ltr'><strong>sic</strong></span> <span class='ocrx_word' id='word_1_207' title='bbox 3212 1283 3397 1334; x_wconf 85' lang='lat' dir='ltr'><strong>dicens</strong></span> <span class='ocrx_word' id='word_1_208' title='bbox 3422 1298 3434 1331; x_wconf 90' lang='lat'><strong>:</strong></span> <span class='ocrx_word' id='word_1_209' title='bbox 3478 1281 3606 1345; x_wconf 73' lang='lat' dir='ltr'><strong>Qui:</strong></span> <span class='ocrx_word' id='word_1_210' title='bbox 3632 1280 3772 1330; x_wconf 77' lang='lat' dir='ltr'><strong>dabit</strong></span> <span class='ocrx_word' id='word_1_211' title='bbox 3803 1296 3897 1330; x_wconf 79' lang='lat' dir='ltr'><strong>m-</strong></span> 
     </span>
    </p>
   </div>
   <div class='ocr_carea' id='block_1_26' title="bbox 2312 1373 3891 1444">
    <p class='ocr_par' dir='ltr' id='par_1_26' title="bbox 2312 1373 3891 1444">
     <span class='ocr_line' id='line_1_26' title="bbox 2312 1373 3891 1444; baseline -0.003 -20"><span class='ocrx_word' id='word_1_212' title='bbox 2312 1376 2533 1441; x_wconf 82' lang='lat' dir='ltr'><strong>pitimeo</strong></span> <span class='ocrx_word' id='word_1_213' title='bbox 2572 1392 2776 1444; x_wconf 83' lang='lat' dir='ltr'><strong>aquam,</strong></span> <span class='ocrx_word' id='word_1_214' title='bbox 2806 1386 2892 1427; x_wconf 82' lang='lat' dir='ltr'><strong>aut</strong></span> <span class='ocrx_word' id='word_1_215' title='bbox 2942 1376 3102 1427; x_wconf 73' lang='lat' dir='ltr'><strong>oculis</strong></span> <span class='ocrx_word' id='word_1_216' title='bbox 3152 1375 3273 1427; x_wconf 70' lang='lat' dir='ltr'><strong>mei:</strong></span> <span class='ocrx_word' id='word_1_217' title='bbox 3325 1376 3511 1443; x_wconf 73' lang='lat' dir='ltr'><strong>[autem</strong></span> <span class='ocrx_word' id='word_1_218' title='bbox 3543 1373 3891 1440; x_wconf 75' lang='lat' dir='ltr'><strong>lacrgmarum</strong></span> 
     </span>
    </p>
   </div>
   <div class='ocr_carea' id='block_1_27' title="bbox 2310 1465 3894 1539">
    <p class='ocr_par' dir='ltr' id='par_1_27' title="bbox 2310 1465 3894 1539">
     <span class='ocr_line' id='line_1_27' title="bbox 2310 1465 3894 1539; baseline -0.003 -20"><span class='ocrx_word' id='word_1_219' title='bbox 2310 1465 2574 1539; x_wconf 65' lang='lat' dir='ltr'><strong>(lenis)?</strong></span> <span class='ocrx_word' id='word_1_220' title='bbox 2615 1469 2678 1521; x_wconf 76' lang='lat' dir='ltr'><strong>Et</strong></span> <span class='ocrx_word' id='word_1_221' title='bbox 2720 1468 2808 1521; x_wconf 90' lang='lat' dir='ltr'><strong>ille</strong></span> <span class='ocrx_word' id='word_1_222' title='bbox 2836 1469 3048 1535; x_wconf 85' lang='lat' dir='ltr'><strong>quidem</strong></span> <span class='ocrx_word' id='word_1_223' title='bbox 3088 1468 3337 1534; x_wconf 85' lang='lat' dir='ltr'><strong>populum</strong></span> <span class='ocrx_word' id='word_1_224' title='bbox 3376 1467 3670 1532; x_wconf 67' lang='lat' dir='ltr'><strong>deploravit</strong></span> <span class='ocrx_word' id='word_1_225' title='bbox 3718 1466 3894 1529; x_wconf 72' lang='lat' dir='ltr'><strong>capti-</strong></span> 
     </span>
    </p>
   </div>
   <div class='ocr_carea' id='block_1_28' title="bbox 2312 1554 3893 1624">
    <p class='ocr_par' dir='ltr' id='par_1_28' title="bbox 2312 1554 3893 1624">
     <span class='ocr_line' id='line_1_28' title="bbox 2312 1554 3893 1624; baseline -0.003 -16"><span class='ocrx_word' id='word_1_226' title='bbox 2312 1572 2469 1609; x_wconf 90' lang='lat' dir='ltr'><strong>vum:</strong></span> <span class='ocrx_word' id='word_1_227' title='bbox 2504 1566 2559 1610; x_wconf 92' lang='lat' dir='ltr'><strong>tu</strong></span> <span class='ocrx_word' id='word_1_228' title='bbox 2596 1569 2773 1610; x_wconf 85' lang='lat' dir='ltr'><strong>autem</strong></span> <span class='ocrx_word' id='word_1_229' title='bbox 2809 1557 3097 1624; x_wconf 74' lang='lat' dir='ltr'><strong>ingemist-e</strong></span> <span class='ocrx_word' id='word_1_230' title='bbox 3122 1572 3216 1624; x_wconf 90' lang='lat' dir='ltr'><strong>pro</strong></span> <span class='ocrx_word' id='word_1_231' title='bbox 3239 1556 3412 1607; x_wconf 91' lang='lat' dir='ltr'><strong>anima</strong></span> <span class='ocrx_word' id='word_1_232' title='bbox 3441 1569 3599 1623; x_wconf 89' lang='lat' dir='ltr'><strong>quam</strong></span> <span class='ocrx_word' id='word_1_233' title='bbox 3623 1554 3893 1618; x_wconf 70' lang='lat' dir='ltr'><strong>cupiditas</strong></span> 
     </span>
    </p>
   </div>
   <div class='ocr_carea' id='block_1_29' title="bbox 2310 1644 3893 1712">
    <p class='ocr_par' dir='ltr' id='par_1_29' title="bbox 2310 1644 3893 1712">
     <span class='ocr_line' id='line_1_29' title="bbox 2310 1644 3893 1712; baseline -0.004 -13"><span class='ocrx_word' id='word_1_234' title='bbox 2310 1646 2551 1710; x_wconf 85' lang='lat' dir='ltr'><strong>violavit,</strong></span> <span class='ocrx_word' id='word_1_235' title='bbox 2583 1655 2636 1700; x_wconf 89' lang='lat' dir='ltr'><strong>et</strong></span> <span class='ocrx_word' id='word_1_236' title='bbox 2664 1647 3045 1701; x_wconf 74' lang='lat' dir='ltr'><strong>ocnlusdexter</strong></span> <span class='ocrx_word' id='word_1_237' title='bbox 3072 1646 3190 1699; x_wconf 85' lang='lat' dir='ltr'><strong>fecit</strong></span> <span class='ocrx_word' id='word_1_238' title='bbox 3208 1646 3550 1712; x_wconf 82' lang='lat' dir='ltr'><strong>degenerem.</strong></span> <span class='ocrx_word' id='word_1_239' title='bbox 3582 1644 3669 1697; x_wconf 87' lang='lat' dir='ltr'><strong>Sic</strong></span> <span class='ocrx_word' id='word_1_240' title='bbox 3691 1658 3893 1695; x_wconf 85' lang='lat' dir='ltr'><strong>eruen-</strong></span> 
     </span>
    </p>
   </div>
   <div class='ocr_carea' id='block_1_30' title="bbox 2312 1735 3893 1802">
    <p class='ocr_par' dir='ltr' id='par_1_30' title="bbox 2312 1735 3893 1802">
     <span class='ocr_line' id='line_1_30' title="bbox 2312 1735 3893 1802; baseline -0.003 -11"><span class='ocrx_word' id='word_1_241' title='bbox 2312 1740 2413 1793; x_wconf 90' lang='lat' dir='ltr'><strong>dus</strong></span> <span class='ocrx_word' id='word_1_242' title='bbox 2436 1750 2516 1793; x_wconf 88' lang='lat' dir='ltr'><strong>est</strong></span> <span class='ocrx_word' id='word_1_243' title='bbox 2547 1755 2594 1792; x_wconf 78' lang='grc' dir='ltr'><strong>οι</strong></span> <span class='ocrx_word' id='word_1_244' title='bbox 2614 1739 2761 1802; x_wconf 83' lang='lat' dir='ltr'><strong>ulus,</strong></span> <span class='ocrx_word' id='word_1_245' title='bbox 2792 1739 2871 1793; x_wconf 89' lang='lat' dir='ltr'><strong>sic</strong></span> <span class='ocrx_word' id='word_1_246' title='bbox 2902 1738 3262 1791; x_wconf 75' lang='lat' dir='ltr'><strong>abscindenda</strong></span> <span class='ocrx_word' id='word_1_247' title='bbox 3279 1747 3361 1792; x_wconf 91' lang='lat' dir='ltr'><strong>est</strong></span> <span class='ocrx_word' id='word_1_248' title='bbox 3392 1751 3601 1801; x_wconf 83' lang='lat' dir='ltr'><strong>manus,</strong></span> <span class='ocrx_word' id='word_1_249' title='bbox 3628 1735 3707 1788; x_wconf 87' lang='lat' dir='ltr'><strong>vel</strong></span> <span class='ocrx_word' id='word_1_250' title='bbox 3731 1736 3893 1787; x_wconf 73' lang='lat' dir='ltr'><strong>noxia</strong></span> 
     </span>
    </p>
   </div>
   <div class='ocr_carea' id='block_1_31' title="bbox 622 1821 3898 1903">
    <p class='ocr_par' dir='ltr' id='par_1_31' title="bbox 622 1821 3898 1903">
     <span class='ocr_line' id='line_1_31' title="bbox 622 1821 3898 1903; baseline -0.001 -23"><span class='ocrx_word' id='word_1_251' title='bbox 622 1826 843 1889; x_wconf 81' lang='lat' dir='ltr'><strong>.l&#39;andus,</strong></span> <span class='ocrx_word' id='word_1_252' title='bbox 878 1830 1017 1882; x_wconf 88' lang='lat' dir='ltr'><strong>intus</strong></span> <span class='ocrx_word' id='word_1_253' title='bbox 1048 1836 1156 1885; x_wconf 75' lang='lat' dir='ltr'><strong>est!</strong></span> <span class='ocrx_word' id='word_1_254' title='bbox 1182 1832 1291 1886; x_wconf 83' lang='lat' dir='ltr'><strong>Non</strong></span> <span class='ocrx_word' id='word_1_255' title='bbox 1328 1837 1531 1887; x_wconf 75' lang='lat' dir='ltr'><strong>videtur</strong></span> <span class='ocrx_word' id='word_1_256' title='bbox 1564 1836 1614 1888; x_wconf 93' lang='lat' dir='ltr'><strong>in</strong></span> <span class='ocrx_word' id='word_1_257' title='bbox 1651 1845 1882 1903; x_wconf 81' lang='lat' dir='ltr'><strong>pectore,</strong></span> <span class='ocrx_word' id='word_1_258' title='bbox 1910 1835 2132 1887; x_wconf 76' lang='lat' dir='ltr'><strong>habetur</strong></span> <span class='ocrx_word' id='word_1_259' title='bbox 2155 1837 2204 1888; x_wconf 91' lang='lat' dir='ltr'><strong>in</strong></span> <span class='ocrx_word' id='word_1_260' title='bbox 2240 1821 2286 1878; x_wconf 83' lang='grc' dir='ltr'>Β</span> <span class='ocrx_word' id='word_1_261' title='bbox 2316 1832 2574 1885; x_wconf 89' lang='lat' dir='ltr'><strong>membra.</strong></span> <span class='ocrx_word' id='word_1_262' title='bbox 2609 1831 2736 1884; x_wconf 84' lang='lat' dir='ltr'><strong>Nam</strong></span> <span class='ocrx_word' id='word_1_263' title='bbox 2768 1832 2854 1885; x_wconf 89' lang='lat' dir='ltr'><strong>ubi</strong></span> <span class='ocrx_word' id='word_1_264' title='bbox 2883 1832 3130 1894; x_wconf 78' lang='lat' dir='ltr'><strong>avaritia,</strong></span> <span class='ocrx_word' id='word_1_265' title='bbox 3163 1831 3231 1883; x_wconf 88' lang='lat' dir='ltr'><strong>ibi</strong></span> <span class='ocrx_word' id='word_1_266' title='bbox 3266 1845 3457 1883; x_wconf 89' lang='lat' dir='ltr'><strong>manus</strong></span> <span class='ocrx_word' id='word_1_267' title='bbox 3481 1829 3667 1881; x_wconf 77' lang='lat' dir='ltr'><strong>dextra</strong></span> <span class='ocrx_word' id='word_1_268' title='bbox 3712 1828 3898 1880; x_wconf 87' lang='lat' dir='ltr'><strong>denti-</strong></span> 
     </span>
    </p>
   </div>
   <div class='ocr_carea' id='block_1_32' title="bbox 572 1917 2209 1993">
    <p class='ocr_par' dir='ltr' id='par_1_32' title="bbox 572 1917 2209 1993">
     <span class='ocr_line' id='line_1_32' title="bbox 572 1917 2209 1993; baseline 0.005 -21"><span class='ocrx_word' id='word_1_269' title='bbox 572 1966 579 1972; x_wconf 87' lang='lat'><strong>.</strong></span> <span class='ocrx_word' id='word_1_270' title='bbox 628 1917 792 1971; x_wconf 86' lang='lat' dir='ltr'><strong>corde</strong></span> <span class='ocrx_word' id='word_1_271' title='bbox 822 1933 864 1972; x_wconf 62' lang='lat' dir='ltr'><strong>ct</strong></span> <span class='ocrx_word' id='word_1_272' title='bbox 891 1922 1158 1974; x_wconf 71' lang='lat' dir='ltr'><strong>nscientiae</strong></span> <span class='ocrx_word' id='word_1_273' title='bbox 1194 1926 1347 1989; x_wconf 79' lang='lat' dir='ltr'><strong>lixus,</strong></span> <span class='ocrx_word' id='word_1_274' title='bbox 1375 1925 1517 1993; x_wconf 81' lang='lat' dir='ltr'><strong>quali</strong></span> <span class='ocrx_word' id='word_1_275' title='bbox 1544 1935 1656 1979; x_wconf 91' lang='lat' dir='ltr'><strong>arte</strong></span> <span class='ocrx_word' id='word_1_276' title='bbox 1684 1925 2209 1981; x_wconf 78' lang='lat' dir='ltr'><strong>valeboeumcruere</strong></span> 
     </span>
    </p>
   </div>
   <div class='ocr_carea' id='block_1_33' title="bbox 631 2010 2209 2085">
    <p class='ocr_par' dir='ltr' id='par_1_33' title="bbox 631 2010 2209 2085">
     <span class='ocr_line' id='line_1_33' title="bbox 631 2010 2209 2085; baseline 0.007 -25"><span class='ocrx_word' id='word_1_277' title='bbox 631 2010 720 2076; x_wconf 85' lang='lat' dir='ltr'><strong>qui</strong></span> <span class='ocrx_word' id='word_1_278' title='bbox 754 2024 853 2064; x_wconf 87' lang='lat' dir='ltr'><strong>nec</strong></span> <span class='ocrx_word' id='word_1_279' title='bbox 886 2026 1043 2063; x_wconf 86' lang='lat' dir='ltr'><strong>manu</strong></span> <span class='ocrx_word' id='word_1_280' title='bbox 1073 2016 1303 2084; x_wconf 83' lang='lat' dir='ltr'><strong>contingi</strong></span> <span class='ocrx_word' id='word_1_281' title='bbox 1359 2026 1531 2084; x_wconf 87' lang='lat' dir='ltr'><strong>potest</strong></span> <span class='ocrx_word' id='word_1_282' title='bbox 1559 2058 1575 2081; x_wconf 87' lang='lat'><strong>,</strong></span> <span class='ocrx_word' id='word_1_283' title='bbox 1636 2032 1735 2072; x_wconf 89' lang='lat' dir='ltr'><strong>nec</strong></span> <span class='ocrx_word' id='word_1_284' title='bbox 1777 2018 1944 2085; x_wconf 77' lang='lat' dir='ltr'><strong>digito</strong></span> <span class='ocrx_word' id='word_1_285' title='bbox 1974 2020 2088 2072; x_wconf 89' lang='lat' dir='ltr'><strong>erui</strong></span> <span class='ocrx_word' id='word_1_286' title='bbox 2120 2027 2209 2072; x_wconf 91' lang='lat' dir='ltr'><strong>aut</strong></span> 
     </span>
    </p>
   </div>
   <div class='ocr_carea' id='block_1_34' title="bbox 630 2099 2210 2177">
    <p class='ocr_par' dir='ltr' id='par_1_34' title="bbox 630 2099 2210 2177">
     <span class='ocr_line' id='line_1_34' title="bbox 630 2099 2210 2177; baseline 0.005 -24"><span class='ocrx_word' id='word_1_287' title='bbox 630 2099 828 2154; x_wconf 86' lang='lat' dir='ltr'><strong>evelli?</strong></span> <span class='ocrx_word' id='word_1_288' title='bbox 863 2101 950 2156; x_wconf 83' lang='lat' dir='ltr'><strong>Vis</strong></span> <span class='ocrx_word' id='word_1_289' title='bbox 978 2103 1250 2157; x_wconf 81' lang='lat' dir='ltr'><strong>ostendam</strong></span> <span class='ocrx_word' id='word_1_290' title='bbox 1278 2106 1367 2159; x_wconf 88' lang='lat' dir='ltr'><strong>tibi</strong></span> <span class='ocrx_word' id='word_1_291' title='bbox 1416 2122 1650 2171; x_wconf 85' lang='lat' dir='ltr'><strong>manum,</strong></span> <span class='ocrx_word' id='word_1_292' title='bbox 1684 2116 1736 2161; x_wconf 89' lang='lat' dir='ltr'><strong>et</strong></span> <span class='ocrx_word' id='word_1_293' title='bbox 1766 2107 2009 2177; x_wconf 83' lang='lat' dir='ltr'><strong>d&#39;gitum,</strong></span> <span class='ocrx_word' id='word_1_294' title='bbox 2043 2118 2094 2162; x_wconf 89' lang='lat' dir='ltr'><strong>et</strong></span> <span class='ocrx_word' id='word_1_295' title='bbox 2125 2123 2210 2161; x_wconf 59' lang='lat' dir='ltr'><strong>ar-</strong></span> 
     </span>
    </p>
   </div>
   <div class='ocr_carea' id='block_1_35' title="bbox 634 2198 2209 2270">
    <p class='ocr_par' dir='ltr' id='par_1_35' title="bbox 634 2198 2209 2270">
     <span class='ocr_line' id='line_1_35' title="bbox 634 2198 2209 2270; baseline 0.004 -23"><span class='ocrx_word' id='word_1_296' title='bbox 634 2200 740 2247; x_wconf 90' lang='lat' dir='ltr'><strong>ten</strong></span> <span class='ocrx_word' id='word_1_297' title='bbox 795 2210 895 2262; x_wconf 89' lang='lat' dir='ltr'><strong>qua</strong></span> <span class='ocrx_word' id='word_1_298' title='bbox 942 2198 1106 2263; x_wconf 84' lang='lat' dir='ltr'><strong>possit</strong></span> <span class='ocrx_word' id='word_1_299' title='bbox 1150 2198 1600 2265; x_wconf 50' lang='lat' dir='ltr'><strong>evi:lli?Quaudo</strong></span> <span class='ocrx_word' id='word_1_300' title='bbox 1655 2199 1963 2268; x_wconf 91' lang='lat' dir='ltr'><strong>percussisti</strong></span> <span class='ocrx_word' id='word_1_301' title='bbox 2019 2201 2209 2270; x_wconf 82' lang='lat' dir='ltr'><strong>pugnis</strong></span> 
     </span>
    </p>
   </div>
   <div class='ocr_carea' id='block_1_36' title="bbox 644 2284 2212 2361">
    <p class='ocr_par' dir='ltr' id='par_1_36' title="bbox 644 2284 2212 2361">
     <span class='ocr_line' id='line_1_36' title="bbox 644 2284 2212 2361; baseline 0.005 -24"><span class='ocrx_word' id='word_1_302' title='bbox 644 2284 924 2354; x_wconf 92' lang='lat' dir='ltr'><strong>humilem,</strong></span> <span class='ocrx_word' id='word_1_303' title='bbox 978 2288 1224 2341; x_wconf 71' lang='lat' dir='ltr'><strong>induxisti</strong></span> <span class='ocrx_word' id='word_1_304' title='bbox 1280 2289 1331 2343; x_wconf 92' lang='lat' dir='ltr'><strong>in</strong></span> <span class='ocrx_word' id='word_1_305' title='bbox 1380 2299 1433 2345; x_wconf 92' lang='lat' dir='ltr'><strong>te</strong></span> <span class='ocrx_word' id='word_1_306' title='bbox 1489 2294 1689 2359; x_wconf 88' lang='lat' dir='ltr'><strong>peccati</strong></span> <span class='ocrx_word' id='word_1_307' title='bbox 1730 2292 1978 2349; x_wconf 89' lang='lat' dir='ltr'><strong>oculum.</strong></span> <span class='ocrx_word' id='word_1_308' title='bbox 2046 2308 2212 2361; x_wconf 88' lang='lat' dir='ltr'><strong>quan-</strong></span> 
     </span>
    </p>
   </div>
   <div class='ocr_carea' id='block_1_37' title="bbox 638 2368 2209 2444">
    <p class='ocr_par' dir='ltr' id='par_1_37' title="bbox 638 2368 2209 2444">
     <span class='ocr_line' id='line_1_37' title="bbox 638 2368 2209 2444; baseline 0.004 -15"><span class='ocrx_word' id='word_1_309' title='bbox 638 2374 709 2429; x_wconf 93' lang='lat' dir='ltr'><strong>do</strong></span> <span class='ocrx_word' id='word_1_310' title='bbox 762 2379 1048 2444; x_wconf 70' lang='lat' dir='ltr'><strong>porrexisti</strong></span> <span class='ocrx_word' id='word_1_311' title='bbox 1102 2396 1313 2435; x_wconf 88' lang='lat' dir='ltr'><strong>manum</strong></span> <span class='ocrx_word' id='word_1_312' title='bbox 1357 2390 1497 2436; x_wconf 90' lang='lat' dir='ltr'><strong>tuam</strong></span> <span class='ocrx_word' id='word_1_313' title='bbox 1558 2384 1622 2437; x_wconf 88' lang='lat' dir='ltr'><strong>ad</strong></span> <span class='ocrx_word' id='word_1_314' title='bbox 1680 2368 2061 2439; x_wconf 69' lang='lat' dir='ltr'><strong>sublevandum</strong></span> <span class='ocrx_word' id='word_1_315' title='bbox 2115 2385 2209 2438; x_wconf 87' lang='lat' dir='ltr'><strong>hu-</strong></span> 
     </span>
    </p>
   </div>
   <div class='ocr_carea' id='block_1_38' title="bbox 631 2470 2212 2545">
    <p class='ocr_par' dir='ltr' id='par_1_38' title="bbox 631 2470 2212 2545">
     <span class='ocr_line' id='line_1_38' title="bbox 631 2470 2212 2545; baseline 0.005 -22"><span class='ocrx_word' id='word_1_316' title='bbox 631 2470 836 2536; x_wconf 88' lang='lat' dir='ltr'><strong>milem,</strong></span> <span class='ocrx_word' id='word_1_317' title='bbox 875 2471 939 2525; x_wconf 91' lang='lat' dir='ltr'><strong>ad</strong></span> <span class='ocrx_word' id='word_1_318' title='bbox 970 2473 1138 2526; x_wconf 86' lang='lat' dir='ltr'><strong>satian</strong></span> <span class='ocrx_word' id='word_1_319' title='bbox 1165 2476 1269 2527; x_wconf 91' lang='lat' dir='ltr'><strong>&#39;um</strong></span> <span class='ocrx_word' id='word_1_320' title='bbox 1319 2475 1530 2545; x_wconf 90' lang='lat' dir='ltr'><strong>inopem</strong></span> <span class='ocrx_word' id='word_1_321' title='bbox 1561 2517 1575 2542; x_wconf 92' lang='lat'><strong>,</strong></span> <span class='ocrx_word' id='word_1_322' title='bbox 1608 2478 1791 2531; x_wconf 90' lang='lat' dir='ltr'><strong>eruisti</strong></span> <span class='ocrx_word' id='word_1_323' title='bbox 1844 2478 1911 2532; x_wconf 86' lang='lat' dir='ltr'><strong>de</strong></span> <span class='ocrx_word' id='word_1_324' title='bbox 1941 2479 2101 2532; x_wconf 89' lang='lat' dir='ltr'><strong>corde</strong></span> <span class='ocrx_word' id='word_1_325' title='bbox 2123 2487 2212 2532; x_wconf 86' lang='lat' dir='ltr'><strong>tuo</strong></span> 
     </span>
    </p>
   </div>
   <div class='ocr_carea' id='block_1_39' title="bbox 631 2563 2208 2639">
    <p class='ocr_par' dir='ltr' id='par_1_39' title="bbox 631 2563 2208 2639">
     <span class='ocr_line' id='line_1_39' title="bbox 631 2563 2208 2639; baseline 0.001 -23"><span class='ocrx_word' id='word_1_326' title='bbox 631 2563 880 2630; x_wconf 67' lang='lat' dir='ltr'><strong>nequitiae</strong></span> <span class='ocrx_word' id='word_1_327' title='bbox 892 2564 1101 2617; x_wconf 90' lang='lat' dir='ltr'><strong>oculum</strong></span> <span class='ocrx_word' id='word_1_328' title='bbox 1120 2566 1205 2633; x_wconf 88' lang='lat' dir='ltr'><strong>qui</strong></span> <span class='ocrx_word' id='word_1_329' title='bbox 1224 2576 1274 2621; x_wconf 91' lang='lat' dir='ltr'><strong>te</strong></span> <span class='ocrx_word' id='word_1_330' title='bbox 1288 2566 1854 2623; x_wconf 77' lang='lat' dir='ltr'><strong>scatidalizavit.Vides</strong></span> <span class='ocrx_word' id='word_1_331' title='bbox 1871 2570 2010 2639; x_wconf 83' lang='lat' dir='ltr'><strong>quali</strong></span> <span class='ocrx_word' id='word_1_332' title='bbox 2028 2586 2208 2632; x_wconf 86' lang='lat' dir='ltr'><strong>manu,</strong></span> 
     </span>
    </p>
   </div>
   <div class='ocr_carea' id='block_1_40' title="bbox 633 2650 2212 2731">
    <p class='ocr_par' dir='ltr' id='par_1_40' title="bbox 633 2650 2212 2731">
     <span class='ocr_line' id='line_1_40' title="bbox 633 2650 2212 2731; baseline 0.007 -26"><span class='ocrx_word' id='word_1_333' title='bbox 633 2650 901 2720; x_wconf 84' lang='lat' dir='ltr'><strong>digitoque</strong></span> <span class='ocrx_word' id='word_1_334' title='bbox 935 2667 986 2708; x_wconf 89' lang='lat' dir='ltr'><strong>et</strong></span> <span class='ocrx_word' id='word_1_335' title='bbox 1037 2666 1151 2710; x_wconf 74' lang='lat' dir='ltr'><strong>arte</strong></span> <span class='ocrx_word' id='word_1_336' title='bbox 1178 2658 1366 2712; x_wconf 79' lang='lat' dir='ltr'><strong>noxius</strong></span> <span class='ocrx_word' id='word_1_337' title='bbox 1397 2660 1409 2713; x_wconf 92' lang='lat' dir='ltr'><strong>i</strong></span> <span class='ocrx_word' id='word_1_338' title='bbox 1437 2660 1485 2715; x_wconf 90' lang='lat' dir='ltr'><strong>le</strong></span> <span class='ocrx_word' id='word_1_339' title='bbox 1536 2660 1781 2715; x_wconf 68' lang='grc' dir='ltr'><strong>ενυΙῑίιιπ</strong></span> <span class='ocrx_word' id='word_1_340' title='bbox 1816 2661 2000 2715; x_wconf 77' lang='lat' dir='ltr'><strong>oculus</strong></span> <span class='ocrx_word' id='word_1_341' title='bbox 2030 2660 2117 2731; x_wconf 91' lang='lat' dir='ltr'><strong>qui</strong></span> <span class='ocrx_word' id='word_1_342' title='bbox 2146 2661 2212 2716; x_wconf 80' lang='lat' dir='ltr'><strong>de</strong></span> 
     </span>
    </p>
   </div>
   <div class='ocr_carea' id='block_1_41' title="bbox 633 2740 2206 2812">
    <p class='ocr_par' dir='ltr' id='par_1_41' title="bbox 633 2740 2206 2812">
     <span class='ocr_line' id='line_1_41' title="bbox 633 2740 2206 2812; baseline 0.008 -18"><span class='ocrx_word' id='word_1_343' title='bbox 633 2740 822 2795; x_wconf 83' lang='lat' dir='ltr'><strong>dextro</strong></span> <span class='ocrx_word' id='word_1_344' title='bbox 848 2744 1026 2812; x_wconf 80' lang='lat' dir='ltr'><strong>dirigit</strong></span> <span class='ocrx_word' id='word_1_345' title='bbox 1054 2747 1104 2800; x_wconf 93' lang='lat' dir='ltr'><strong>in</strong></span> <span class='ocrx_word' id='word_1_346' title='bbox 1134 2745 1449 2802; x_wconf 88' lang='lat' dir='ltr'><strong>sinistrum?</strong></span> <span class='ocrx_word' id='word_1_347' title='bbox 1475 2750 1656 2803; x_wconf 81' lang='lat' dir='ltr'><strong>Dulcia</strong></span> <span class='ocrx_word' id='word_1_348' title='bbox 1701 2760 1824 2805; x_wconf 90' lang='lat' dir='ltr'><strong>sunt</strong></span> <span class='ocrx_word' id='word_1_349' title='bbox 1850 2751 1974 2805; x_wconf 84' lang='lat' dir='ltr'><strong>vitia</strong></span> <span class='ocrx_word' id='word_1_350' title='bbox 2005 2754 2129 2805; x_wconf 87' lang='lat' dir='ltr'><strong>dum</strong></span> <span class='ocrx_word' id='word_1_351' title='bbox 2155 2753 2206 2807; x_wconf 91' lang='lat' dir='ltr'><strong>in</strong></span> 
     </span>
    </p>
   </div>
   <div class='ocr_carea' id='block_1_42' title="bbox 634 2838 2205 2910">
    <p class='ocr_par' dir='ltr' id='par_1_42' title="bbox 634 2838 2205 2910">
     <span class='ocr_line' id='line_1_42' title="bbox 634 2838 2205 2910; baseline 0.008 -25"><span class='ocrx_word' id='word_1_352' title='bbox 634 2845 753 2887; x_wconf 89' lang='lat' dir='ltr'><strong>actu</strong></span> <span class='ocrx_word' id='word_1_353' title='bbox 786 2846 928 2899; x_wconf 88' lang='lat' dir='ltr'><strong>sunt,</strong></span> <span class='ocrx_word' id='word_1_354' title='bbox 960 2838 1053 2890; x_wconf 88' lang='lat' dir='ltr'><strong>sed</strong></span> <span class='ocrx_word' id='word_1_355' title='bbox 1070 2849 1200 2894; x_wconf 89' lang='lat' dir='ltr'><strong>sunt</strong></span> <span class='ocrx_word' id='word_1_356' title='bbox 1223 2841 1466 2907; x_wconf 89' lang='lat' dir='ltr'><strong>protinus</strong></span> <span class='ocrx_word' id='word_1_357' title='bbox 1490 2856 1668 2894; x_wconf 88' lang='lat' dir='ltr'><strong>amara</strong></span> <span class='ocrx_word' id='word_1_358' title='bbox 1702 2852 1817 2910; x_wconf 88' lang='lat' dir='ltr'><strong>post</strong></span> <span class='ocrx_word' id='word_1_359' title='bbox 1845 2852 2043 2897; x_wconf 86' lang='lat' dir='ltr'><strong>actum.</strong></span> <span class='ocrx_word' id='word_1_360' title='bbox 2080 2843 2205 2905; x_wconf 76' lang='lat' dir='ltr'><strong>Mel,</strong></span> 
     </span>
    </p>
   </div>
   <div class='ocr_carea' id='block_1_43' title="bbox 634 2922 2213 3004">
    <p class='ocr_par' dir='ltr' id='par_1_43' title="bbox 634 2922 2213 3004">
     <span class='ocr_line' id='line_1_43' title="bbox 634 2922 2213 3004; baseline 0.009 -28"><span class='ocrx_word' id='word_1_361' title='bbox 634 2922 804 2992; x_wconf 88' lang='lat' dir='ltr'><strong>inquit</strong></span> <span class='ocrx_word' id='word_1_362' title='bbox 832 2966 847 2991; x_wconf 90' lang='lat'><strong>,</strong></span> <span class='ocrx_word' id='word_1_363' title='bbox 905 2927 1067 2980; x_wconf 73' lang='lat' dir='ltr'><strong>stillat</strong></span> <span class='ocrx_word' id='word_1_364' title='bbox 1099 2945 1162 2981; x_wconf 78' lang='lat' dir='ltr'><strong>ex</strong></span> <span class='ocrx_word' id='word_1_365' title='bbox 1191 2930 1339 2984; x_wconf 76' lang='lat' dir='ltr'><strong>labiis</strong></span> <span class='ocrx_word' id='word_1_366' title='bbox 1369 2933 1643 2986; x_wconf 66' lang='lat' dir='ltr'><strong>meretricis</strong></span> <span class='ocrx_word' id='word_1_367' title='bbox 1690 2932 1870 3003; x_wconf 84' lang='lat' dir='ltr'><strong>(Prov.</strong></span> <span class='ocrx_word' id='word_1_368' title='bbox 1920 2935 1995 3004; x_wconf 88' lang='lat' dir='ltr'><strong>v),</strong></span> <span class='ocrx_word' id='word_1_369' title='bbox 2029 2945 2082 2990; x_wconf 90' lang='lat' dir='ltr'><strong>et</strong></span> <span class='ocrx_word' id='word_1_370' title='bbox 2114 2935 2213 2991; x_wconf 86' lang='lat' dir='ltr'><strong>hoc</strong></span> 
     </span>
    </p>
   </div>
   <div class='ocr_carea' id='block_1_44' title="bbox 634 3014 2212 3097">
    <p class='ocr_par' dir='ltr' id='par_1_44' title="bbox 634 3014 2212 3097">
     <span class='ocr_line' id='line_1_44' title="bbox 634 3014 2212 3097; baseline 0.009 -28"><span class='ocrx_word' id='word_1_371' title='bbox 634 3014 814 3073; x_wconf 88' lang='lat' dir='ltr'><strong>dulce.</strong></span> <span class='ocrx_word' id='word_1_372' title='bbox 844 3019 922 3073; x_wconf 81' lang='lat' dir='ltr'><strong>Ad</strong></span> <span class='ocrx_word' id='word_1_373' title='bbox 953 3028 1160 3088; x_wconf 89' lang='lat' dir='ltr'><strong>tempus</strong></span> <span class='ocrx_word' id='word_1_374' title='bbox 1210 3023 1423 3092; x_wconf 75' lang='lat' dir='ltr'><strong>quidem</strong></span> <span class='ocrx_word' id='word_1_375' title='bbox 1470 3026 1617 3095; x_wconf 87' lang='lat' dir='ltr'><strong>ungit</strong></span> <span class='ocrx_word' id='word_1_376' title='bbox 1655 3027 1831 3096; x_wconf 90' lang='lat' dir='ltr'><strong>gulam</strong></span> <span class='ocrx_word' id='word_1_377' title='bbox 1860 3067 1875 3091; x_wconf 97' lang='lat'><strong>,</strong></span> <span class='ocrx_word' id='word_1_378' title='bbox 1920 3028 2212 3097; x_wconf 85' lang='lat' dir='ltr'><strong>iinpinguat</strong></span> 
     </span>
    </p>
   </div>
   <div class='ocr_carea' id='block_1_45' title="bbox 634 3106 2206 3177">
    <p class='ocr_par' dir='ltr' id='par_1_45' title="bbox 634 3106 2206 3177">
     <span class='ocr_line' id='line_1_45' title="bbox 634 3106 2206 3177; baseline 0.01 -17"><span class='ocrx_word' id='word_1_379' title='bbox 634 3106 848 3173; x_wconf 90' lang='lat' dir='ltr'><strong>fauces,</strong></span> <span class='ocrx_word' id='word_1_380' title='bbox 879 3111 1169 3169; x_wconf 62' lang='lat' dir='ltr'><strong>novissime</strong></span> <span class='ocrx_word' id='word_1_381' title='bbox 1199 3130 1328 3170; x_wconf 89' lang='lat' dir='ltr'><strong>vero</strong></span> <span class='ocrx_word' id='word_1_382' title='bbox 1349 3119 1677 3171; x_wconf 86' lang='lat' dir='ltr'><strong>convertitur</strong></span> <span class='ocrx_word' id='word_1_383' title='bbox 1707 3119 1758 3171; x_wconf 90' lang='lat' dir='ltr'><strong>in</strong></span> <span class='ocrx_word' id='word_1_384' title='bbox 1795 3120 2206 3177; x_wconf 84' lang='lat' dir='ltr'><strong>amaritudinem</strong></span> 
     </span>
    </p>
   </div>
   <div class='ocr_carea' id='block_1_46' title="bbox 2316 1919 3896 1990">
    <p class='ocr_par' dir='ltr' id='par_1_46' title="bbox 2316 1919 3896 1990">
     <span class='ocr_line' id='line_1_46' title="bbox 2316 1919 3896 1990; baseline -0.004 -16"><span class='ocrx_word' id='word_1_385' title='bbox 2316 1922 2415 1975; x_wconf 88' lang='lat' dir='ltr'><strong>bus</strong></span> <span class='ocrx_word' id='word_1_386' title='bbox 2446 1921 2718 1977; x_wconf 81' lang='lat' dir='ltr'><strong>venenatis</strong></span> <span class='ocrx_word' id='word_1_387' title='bbox 2748 1933 2949 1975; x_wconf 85' lang='lat' dir='ltr'><strong>armata</strong></span> <span class='ocrx_word' id='word_1_388' title='bbox 2984 1932 3038 1974; x_wconf 89' lang='grc' dir='ltr'><strong>ιιι</strong></span> <span class='ocrx_word' id='word_1_389' title='bbox 3068 1922 3351 1990; x_wconf 76' lang='lat' dir='ltr'><strong>percutiat,</strong></span> <span class='ocrx_word' id='word_1_390' title='bbox 3387 1930 3448 1973; x_wconf 72' lang='lat' dir='ltr'><strong>ut</strong></span> <span class='ocrx_word' id='word_1_391' title='bbox 3474 1919 3695 1988; x_wconf 76' lang='lat' dir='ltr'><strong>afﬂigat,</strong></span> <span class='ocrx_word' id='word_1_392' title='bbox 3716 1928 3771 1970; x_wconf 90' lang='lat' dir='ltr'><strong>nt</strong></span> <span class='ocrx_word' id='word_1_393' title='bbox 3801 1934 3896 1969; x_wconf 84' lang='lat' dir='ltr'><strong>au-</strong></span> 
     </span>
    </p>
   </div>
   <div class='ocr_carea' id='block_1_47' title="bbox 2314 2011 3896 2073">
    <p class='ocr_par' dir='ltr' id='par_1_47' title="bbox 2314 2011 3896 2073">
     <span class='ocr_line' id='line_1_47' title="bbox 2314 2011 3896 2073; baseline -0.004 -8"><span class='ocrx_word' id='word_1_394' title='bbox 2314 2011 2446 2066; x_wconf 80' lang='lat' dir='ltr'><strong>ferat</strong></span> <span class='ocrx_word' id='word_1_395' title='bbox 2478 2014 2672 2066; x_wconf 85' lang='lat' dir='ltr'><strong>a&#39;iena.</strong></span> <span class='ocrx_word' id='word_1_396' title='bbox 2708 2012 2802 2067; x_wconf 88' lang='lat' dir='ltr'><strong>Ubi</strong></span> <span class='ocrx_word' id='word_1_397' title='bbox 2830 2012 3014 2073; x_wconf 85' lang='lat' dir='ltr'><strong>libido,</strong></span> <span class='ocrx_word' id='word_1_398' title='bbox 3062 2013 3133 2065; x_wconf 86' lang='lat' dir='ltr'><strong>ibi</strong></span> <span class='ocrx_word' id='word_1_399' title='bbox 3165 2013 3351 2065; x_wconf 78' lang='lat' dir='ltr'><strong>dexter</strong></span> <span class='ocrx_word' id='word_1_400' title='bbox 3394 2011 3581 2063; x_wconf 72' lang='lat' dir='ltr'><strong>oi-ulns</strong></span> <span class='ocrx_word' id='word_1_401' title='bbox 3619 2011 3776 2061; x_wconf 79' lang='lat' dir='ltr'><strong>noxio</strong></span> <span class='ocrx_word' id='word_1_402' title='bbox 3808 2024 3896 2061; x_wconf 87' lang='lat' dir='ltr'><strong>as-</strong></span> 
     </span>
    </p>
   </div>
   <div class='ocr_carea' id='block_1_48' title="bbox 2316 2101 3892 2171">
    <p class='ocr_par' dir='ltr' id='par_1_48' title="bbox 2316 2101 3892 2171">
     <span class='ocr_line' id='line_1_48' title="bbox 2316 2101 3892 2171; baseline -0.003 -16"><span class='ocrx_word' id='word_1_403' title='bbox 2316 2112 2467 2171; x_wconf 87' lang='lat' dir='ltr'><strong>pectu</strong></span> <span class='ocrx_word' id='word_1_404' title='bbox 2490 2113 2745 2165; x_wconf 77' lang='lat' dir='ltr'><strong>armatus,</strong></span> <span class='ocrx_word' id='word_1_405' title='bbox 2760 2105 2846 2171; x_wconf 88' lang='lat' dir='ltr'><strong>qtti</strong></span> <span class='ocrx_word' id='word_1_406' title='bbox 2867 2103 3131 2157; x_wconf 87' lang='lat' dir='ltr'><strong>modicum</strong></span> <span class='ocrx_word' id='word_1_407' title='bbox 3147 2103 3371 2157; x_wconf 83' lang='lat' dir='ltr'><strong>delectat</strong></span> <span class='ocrx_word' id='word_1_408' title='bbox 3389 2111 3443 2154; x_wconf 87' lang='lat' dir='ltr'><strong>et</strong></span> <span class='ocrx_word' id='word_1_409' title='bbox 3467 2101 3693 2153; x_wconf 86' lang='lat' dir='ltr'><strong>multum</strong></span> <span class='ocrx_word' id='word_1_410' title='bbox 3712 2116 3780 2152; x_wconf 87' lang='lat' dir='ltr'><strong>no</strong></span> <span class='ocrx_word' id='word_1_411' title='bbox 3817 2109 3892 2151; x_wconf 88' lang='lat' dir='ltr'><strong>et.</strong></span> 
     </span>
    </p>
   </div>
   <div class='ocr_carea' id='block_1_49' title="bbox 2317 2195 3897 2266">
    <p class='ocr_par' dir='ltr' id='par_1_49' title="bbox 2317 2195 3897 2266">
     <span class='ocr_line' id='line_1_49' title="bbox 2317 2195 3897 2266; baseline -0.004 -17"><span class='ocrx_word' id='word_1_412' title='bbox 2317 2196 2416 2262; x_wconf 83' lang='lat' dir='ltr'><strong>Qui</strong></span> <span class='ocrx_word' id='word_1_413' title='bbox 2444 2196 2627 2249; x_wconf 82' lang='lat' dir='ltr'><strong>viderit</strong></span> <span class='ocrx_word' id='word_1_414' title='bbox 2657 2199 2673 2266; x_wconf 93' lang='lat'><strong>(</strong></span> <span class='ocrx_word' id='word_1_415' title='bbox 2702 2198 2875 2266; x_wconf 91' lang='lat' dir='ltr'><strong>nquit)</strong></span> <span class='ocrx_word' id='word_1_416' title='bbox 2904 2195 3176 2250; x_wconf 71' lang='lat' dir='ltr'><strong>mni&#39;crem</strong></span> <span class='ocrx_word' id='word_1_417' title='bbox 3200 2196 3268 2249; x_wconf 88' lang='lat' dir='ltr'><strong>ad</strong></span> <span class='ocrx_word' id='word_1_418' title='bbox 3292 2214 3382 2247; x_wconf 74' lang='lat' dir='ltr'><strong>ron</strong></span> <span class='ocrx_word' id='word_1_419' title='bbox 3418 2195 3750 2259; x_wconf 73' lang='lat' dir='ltr'><strong>ttp&#39;sceudum</strong></span> <span class='ocrx_word' id='word_1_420' title='bbox 3780 2208 3897 2243; x_wconf 83' lang='lat' dir='ltr'><strong>eam</strong></span> 
     </span>
    </p>
   </div>
   <div class='ocr_carea' id='block_1_50' title="bbox 2313 2285 3894 2355">
    <p class='ocr_par' dir='ltr' id='par_1_50' title="bbox 2313 2285 3894 2355">
     <span class='ocr_line' id='line_1_50' title="bbox 2313 2285 3894 2355; baseline -0.003 -14"><span class='ocrx_word' id='word_1_421' title='bbox 2313 2287 2618 2341; x_wconf 80' lang='lat' dir='ltr'><strong>adulteravit</strong></span> <span class='ocrx_word' id='word_1_422' title='bbox 2641 2304 2751 2341; x_wconf 82' lang='lat' dir='ltr'><strong>eam</strong></span> <span class='ocrx_word' id='word_1_423' title='bbox 2776 2290 2826 2340; x_wconf 88' lang='lat' dir='ltr'><strong>in</strong></span> <span class='ocrx_word' id='word_1_424' title='bbox 2850 2288 3000 2341; x_wconf 85' lang='lat' dir='ltr'><strong>corde</strong></span> <span class='ocrx_word' id='word_1_425' title='bbox 3028 2289 3158 2352; x_wconf 80' lang='lat' dir='ltr'><strong>suo(</strong></span> <span class='ocrx_word' id='word_1_426' title='bbox 3175 2286 3362 2340; x_wconf 65' lang='lat' dir='ltr'><strong>Matth.</strong></span> <span class='ocrx_word' id='word_1_427' title='bbox 3390 2288 3466 2355; x_wconf 89' lang='lat' dir='ltr'><strong>v).</strong></span> <span class='ocrx_word' id='word_1_428' title='bbox 3514 2285 3657 2339; x_wconf 78' lang='lat' dir='ltr'><strong>Vidit</strong></span> <span class='ocrx_word' id='word_1_429' title='bbox 3685 2289 3894 2345; x_wconf 86' lang='lat' dir='ltr'><strong>oculos.</strong></span> 
     </span>
    </p>
   </div>
   <div class='ocr_carea' id='block_1_51' title="bbox 2316 2376 3897 2448">
    <p class='ocr_par' dir='ltr' id='par_1_51' title="bbox 2316 2376 3897 2448">
     <span class='ocr_line' id='line_1_51' title="bbox 2316 2376 3897 2448; baseline -0.004 -14"><span class='ocrx_word' id='word_1_430' title='bbox 2316 2380 2614 2447; x_wconf 54' lang='lat' dir='ltr'><strong>Concupivi!</strong></span> <span class='ocrx_word' id='word_1_431' title='bbox 2640 2380 2799 2433; x_wconf 87' lang='lat' dir='ltr'><strong>caro?</strong></span> <span class='ocrx_word' id='word_1_432' title='bbox 2815 2378 3049 2448; x_wconf 80' lang='lat' dir='ltr'><strong>peccavit</strong></span> <span class='ocrx_word' id='word_1_433' title='bbox 3070 2380 3242 2432; x_wconf 89' lang='lat' dir='ltr'><strong>anima</strong></span> <span class='ocrx_word' id='word_1_434' title='bbox 3285 2378 3451 2431; x_wconf 85' lang='lat' dir='ltr'><strong>Flevit</strong></span> <span class='ocrx_word' id='word_1_435' title='bbox 3465 2378 3657 2430; x_wconf 89' lang='lat' dir='ltr'><strong>iterum</strong></span> <span class='ocrx_word' id='word_1_436' title='bbox 3672 2376 3897 2429; x_wconf 80' lang='lat' dir='ltr'><strong>oculus?</strong></span> 
     </span>
    </p>
   </div>
   <div class='ocr_carea' id='block_1_52' title="bbox 2315 2468 3891 2537">
    <p class='ocr_par' dir='ltr' id='par_1_52' title="bbox 2315 2468 3891 2537">
     <span class='ocr_line' id='line_1_52' title="bbox 2315 2468 3891 2537; baseline -0.004 -10"><span class='ocrx_word' id='word_1_437' title='bbox 2315 2473 2488 2528; x_wconf 87' lang='lat' dir='ltr'><strong>abluta</strong></span> <span class='ocrx_word' id='word_1_438' title='bbox 2504 2481 2743 2537; x_wconf 67' lang='lat' dir='ltr'><strong>estcar-v,</strong></span> <span class='ocrx_word' id='word_1_439' title='bbox 2769 2473 3007 2527; x_wconf 87' lang='lat' dir='ltr'><strong>absoluta</strong></span> <span class='ocrx_word' id='word_1_440' title='bbox 3032 2482 3108 2527; x_wconf 88' lang='lat' dir='ltr'><strong>est</strong></span> <span class='ocrx_word' id='word_1_441' title='bbox 3130 2475 3328 2524; x_wconf 73' lang='lat' dir='ltr'><strong>an’ma.</strong></span> <span class='ocrx_word' id='word_1_442' title='bbox 3352 2470 3579 2523; x_wconf 57' lang='lat' dir='ltr'><strong>Avaritia</strong></span> <span class='ocrx_word' id='word_1_443' title='bbox 3606 2468 3891 2522; x_wconf 74' lang='lat' dir='ltr'><strong>infamiam</strong></span> 
     </span>
    </p>
   </div>
   <div class='ocr_carea' id='block_1_53' title="bbox 2313 2559 3895 2639">
    <p class='ocr_par' dir='ltr' id='par_1_53' title="bbox 2313 2559 3895 2639">
     <span class='ocr_line' id='line_1_53' title="bbox 2313 2559 3895 2639; baseline -0.006 -22"><span class='ocrx_word' id='word_1_444' title='bbox 2313 2574 2392 2639; x_wconf 78' lang='lat' dir='ltr'><strong>est</strong></span> <span class='ocrx_word' id='word_1_445' title='bbox 2427 2564 2610 2616; x_wconf 88' lang='lat' dir='ltr'><strong>vitium</strong></span> <span class='ocrx_word' id='word_1_446' title='bbox 2648 2563 2701 2616; x_wconf 91' lang='lat' dir='ltr'><strong>in</strong></span> <span class='ocrx_word' id='word_1_447' title='bbox 2729 2562 3031 2616; x_wconf 81' lang='lat' dir='ltr'><strong>hominibus</strong></span> <span class='ocrx_word' id='word_1_448' title='bbox 3051 2580 3062 2613; x_wconf 94' lang='lat'><strong>:</strong></span> <span class='ocrx_word' id='word_1_449' title='bbox 3084 2563 3229 2615; x_wconf 71' lang='lat' dir='ltr'><strong>radix</strong></span> <span class='ocrx_word' id='word_1_450' title='bbox 3259 2570 3340 2613; x_wconf 88' lang='lat' dir='ltr'><strong>est</strong></span> <span class='ocrx_word' id='word_1_451' title='bbox 3371 2574 3474 2613; x_wconf 90' lang='lat' dir='ltr'><strong>una</strong></span> <span class='ocrx_word' id='word_1_452' title='bbox 3499 2560 3548 2612; x_wconf 90' lang='lat' dir='ltr'><strong>in</strong></span> <span class='ocrx_word' id='word_1_453' title='bbox 3579 2559 3895 2627; x_wconf 72' lang='lat' dir='ltr'><strong>praecordiis</strong></span> 
     </span>
    </p>
   </div>
   <div class='ocr_carea' id='block_1_54' title="bbox 2316 2649 3894 2722">
    <p class='ocr_par' dir='ltr' id='par_1_54' title="bbox 2316 2649 3894 2722">
     <span class='ocr_line' id='line_1_54' title="bbox 2316 2649 3894 2722; baseline -0.004 -16"><span class='ocrx_word' id='word_1_454' title='bbox 2316 2652 2417 2707; x_wconf 78' lang='lat' dir='ltr'><strong>lixa</strong></span> <span class='ocrx_word' id='word_1_455' title='bbox 2440 2668 2501 2705; x_wconf 79' lang='lat' dir='ltr'><strong>ex</strong></span> <span class='ocrx_word' id='word_1_456' title='bbox 2534 2668 2637 2722; x_wconf 89' lang='lat' dir='ltr'><strong>qua</strong></span> <span class='ocrx_word' id='word_1_457' title='bbox 2672 2652 2928 2719; x_wconf 88' lang='lat' dir='ltr'><strong>pullulant</strong></span> <span class='ocrx_word' id='word_1_458' title='bbox 2955 2655 3130 2706; x_wconf 78' lang='lat' dir='ltr'><strong>omnia</strong></span> <span class='ocrx_word' id='word_1_459' title='bbox 3158 2652 3313 2705; x_wconf 90' lang='lat' dir='ltr'><strong>mala.</strong></span> <span class='ocrx_word' id='word_1_460' title='bbox 3344 2649 3476 2717; x_wconf 81' lang='lat' dir='ltr'><strong>Quid</strong></span> <span class='ocrx_word' id='word_1_461' title='bbox 3521 2660 3603 2703; x_wconf 90' lang='lat' dir='ltr'><strong>est</strong></span> <span class='ocrx_word' id='word_1_462' title='bbox 3638 2650 3894 2701; x_wconf 77' lang='lat' dir='ltr'><strong>avaritia?</strong></span> 
     </span>
    </p>
   </div>
   <div class='ocr_carea' id='block_1_55' title="bbox 2312 2743 3894 2819">
    <p class='ocr_par' dir='ltr' id='par_1_55' title="bbox 2312 2743 3894 2819">
     <span class='ocr_line' id='line_1_55' title="bbox 2312 2743 3894 2819; baseline -0.005 -17"><span class='ocrx_word' id='word_1_463' title='bbox 2312 2746 2577 2819; x_wconf 81' lang='lat' dir='ltr'><strong>Cupiditas</strong></span> <span class='ocrx_word' id='word_1_464' title='bbox 2600 2748 2755 2802; x_wconf 72' lang='lat' dir='ltr'><strong>radix</strong></span> <span class='ocrx_word' id='word_1_465' title='bbox 2783 2749 3008 2801; x_wconf 86' lang='lat' dir='ltr'><strong>omnium</strong></span> <span class='ocrx_word' id='word_1_466' title='bbox 3039 2749 3284 2800; x_wconf 85' lang='lat' dir='ltr'><strong>malorum</strong></span> <span class='ocrx_word' id='word_1_467' title='bbox 3319 2744 3373 2810; x_wconf 83' lang='lat' dir='ltr'><strong>(I</strong></span> <span class='ocrx_word' id='word_1_468' title='bbox 3403 2745 3534 2798; x_wconf 84' lang='lat' dir='ltr'><strong>Tim.</strong></span> <span class='ocrx_word' id='word_1_469' title='bbox 3563 2746 3655 2806; x_wconf 83' lang='lat' dir='ltr'><strong>vt).</strong></span> <span class='ocrx_word' id='word_1_470' title='bbox 3681 2743 3754 2796; x_wconf 88' lang='lat' dir='ltr'><strong>De</strong></span> <span class='ocrx_word' id='word_1_471' title='bbox 3794 2743 3894 2795; x_wconf 77' lang='lat' dir='ltr'><strong>ista</strong></span> 
     </span>
    </p>
   </div>
   <div class='ocr_carea' id='block_1_56' title="bbox 2315 2836 3893 2909">
    <p class='ocr_par' dir='ltr' id='par_1_56' title="bbox 2315 2836 3893 2909">
     <span class='ocr_line' id='line_1_56' title="bbox 2315 2836 3893 2909; baseline -0.006 -12"><span class='ocrx_word' id='word_1_472' title='bbox 2315 2842 2495 2897; x_wconf 84' lang='lat' dir='ltr'><strong>radice</strong></span> <span class='ocrx_word' id='word_1_473' title='bbox 2540 2850 2837 2909; x_wconf 83' lang='lat' dir='ltr'><strong>exsurgunt</strong></span> <span class='ocrx_word' id='word_1_474' title='bbox 2864 2840 3164 2904; x_wconf 79' lang='lat' dir='ltr'><strong>mendacia,</strong></span> <span class='ocrx_word' id='word_1_475' title='bbox 3215 2838 3459 2892; x_wconf 91' lang='lat' dir='ltr'><strong>oriuntur</strong></span> <span class='ocrx_word' id='word_1_476' title='bbox 3501 2836 3753 2905; x_wconf 79' lang='lat' dir='ltr'><strong>peijuria.</strong></span> <span class='ocrx_word' id='word_1_477' title='bbox 3792 2836 3893 2900; x_wconf 86' lang='lat' dir='ltr'><strong>Qui</strong></span> 
     </span>
    </p>
   </div>
   <div class='ocr_carea' id='block_1_57' title="bbox 2314 2928 3885 2998">
    <p class='ocr_par' dir='ltr' id='par_1_57' title="bbox 2314 2928 3885 2998">
     <span class='ocr_line' id='line_1_57' title="bbox 2314 2928 3885 2998; baseline -0.006 -11"><span class='ocrx_word' id='word_1_478' title='bbox 2314 2934 2457 2988; x_wconf 90' lang='lat' dir='ltr'><strong>enim</strong></span> <span class='ocrx_word' id='word_1_479' title='bbox 2488 2941 2569 2987; x_wconf 90' lang='lat' dir='ltr'><strong>est</strong></span> <span class='ocrx_word' id='word_1_480' title='bbox 2589 2941 2679 2987; x_wconf 89' lang='lat' dir='ltr'><strong>aut</strong></span> <span class='ocrx_word' id='word_1_481' title='bbox 2702 2932 3013 2997; x_wconf 81' lang='lat' dir='ltr'><strong>di~tractor,</strong></span> <span class='ocrx_word' id='word_1_482' title='bbox 3044 2940 3136 2985; x_wconf 89' lang='lat' dir='ltr'><strong>aut</strong></span> <span class='ocrx_word' id='word_1_483' title='bbox 3162 2940 3370 2998; x_wconf 87' lang='lat' dir='ltr'><strong>emptor</strong></span> <span class='ocrx_word' id='word_1_484' title='bbox 3399 2945 3413 2995; x_wconf 89' lang='lat'><strong>;</strong></span> <span class='ocrx_word' id='word_1_485' title='bbox 3439 2929 3527 2998; x_wconf 90' lang='lat' dir='ltr'><strong>qui</strong></span> <span class='ocrx_word' id='word_1_486' title='bbox 3554 2930 3686 2982; x_wconf 88' lang='lat' dir='ltr'><strong>lucri</strong></span> <span class='ocrx_word' id='word_1_487' title='bbox 3716 2928 3885 2991; x_wconf 75' lang='lat' dir='ltr'><strong>gra&#39;ia</strong></span> 
     </span>
    </p>
   </div>
   <div class='ocr_carea' id='block_1_58' title="bbox 2316 3021 3894 3091">
    <p class='ocr_par' dir='ltr' id='par_1_58' title="bbox 2316 3021 3894 3091">
     <span class='ocr_line' id='line_1_58' title="bbox 2316 3021 3894 3091; baseline -0.002 -14"><span class='ocrx_word' id='word_1_488' title='bbox 2316 3023 2477 3078; x_wconf 86' lang='lat' dir='ltr'><strong>habet</strong></span> <span class='ocrx_word' id='word_1_489' title='bbox 2502 3023 2569 3079; x_wconf 89' lang='lat' dir='ltr'><strong>de</strong></span> <span class='ocrx_word' id='word_1_490' title='bbox 2589 3022 2878 3091; x_wconf 83' lang='lat' dir='ltr'><strong>cupiditate</strong></span> <span class='ocrx_word' id='word_1_491' title='bbox 2904 3029 3181 3087; x_wconf 81' lang='lat' dir='ltr'><strong>tractatus,</strong></span> <span class='ocrx_word' id='word_1_492' title='bbox 3202 3035 3379 3076; x_wconf 91' lang='lat' dir='ltr'><strong>nonne</strong></span> <span class='ocrx_word' id='word_1_493' title='bbox 3411 3022 3723 3091; x_wconf 89' lang='lat' dir='ltr'><strong>plerumque</strong></span> <span class='ocrx_word' id='word_1_494' title='bbox 3742 3021 3894 3090; x_wconf 85' lang='lat' dir='ltr'><strong>pejc-</strong></span> 
     </span>
    </p>
   </div>
   <div class='ocr_carea' id='block_1_59' title="bbox 2316 3111 3907 3184">
    <p class='ocr_par' dir='ltr' id='par_1_59' title="bbox 2316 3111 3907 3184">
     <span class='ocr_line' id='line_1_59' title="bbox 2316 3111 3907 3184; baseline -0.004 -15"><span class='ocrx_word' id='word_1_495' title='bbox 2316 3122 2416 3178; x_wconf 93' lang='lat' dir='ltr'><strong>rat,</strong></span> <span class='ocrx_word' id='word_1_496' title='bbox 2449 3129 2593 3184; x_wconf 74' lang='lat' dir='ltr'><strong>stepe</strong></span> <span class='ocrx_word' id='word_1_497' title='bbox 2623 3114 2921 3170; x_wconf 84' lang='lat' dir='ltr'><strong>mentitur?</strong></span> <span class='ocrx_word' id='word_1_498' title='bbox 2949 3114 3064 3168; x_wconf 87' lang='lat' dir='ltr'><strong>sine</strong></span> <span class='ocrx_word' id='word_1_499' title='bbox 3094 3113 3195 3168; x_wconf 91' lang='lat' dir='ltr'><strong>hoc</strong></span> <span class='ocrx_word' id='word_1_500' title='bbox 3221 3111 3351 3167; x_wconf 86' lang='lat' dir='ltr'><strong>vitio</strong></span> <span class='ocrx_word' id='word_1_501' title='bbox 3375 3112 3674 3182; x_wconf 87' lang='lat' dir='ltr'><strong>negotiator</strong></span> <span class='ocrx_word' id='word_1_502' title='bbox 3700 3122 3791 3166; x_wconf 87' lang='lat' dir='ltr'><strong>aut</strong></span> <span class='ocrx_word' id='word_1_503' title='bbox 3810 3126 3907 3164; x_wconf 45' lang='lat' dir='ltr'><strong>rat</strong></span> 
     </span>
    </p>
   </div>
   <div class='ocr_carea' id='block_1_60' title="bbox 635 3188 3895 3274">
    <p class='ocr_par' dir='ltr' id='par_1_60' title="bbox 635 3188 3895 3274">
     <span class='ocr_line' id='line_1_60' title="bbox 635 3188 3895 3274; baseline 0.002 -24"><span class='ocrx_word' id='word_1_504' title='bbox 635 3195 793 3263; x_wconf 89' lang='lat' dir='ltr'><strong>fellis;</strong></span> <span class='ocrx_word' id='word_1_505' title='bbox 826 3209 874 3253; x_wconf 90' lang='lat' dir='ltr'><strong>et</strong></span> <span class='ocrx_word' id='word_1_506' title='bbox 908 3200 1046 3268; x_wconf 88' lang='lat' dir='ltr'><strong>quod</strong></span> <span class='ocrx_word' id='word_1_507' title='bbox 1076 3201 1166 3255; x_wconf 85' lang='lat' dir='ltr'><strong>fuit</strong></span> <span class='ocrx_word' id='word_1_508' title='bbox 1192 3203 1349 3258; x_wconf 86' lang='lat' dir='ltr'><strong>dulce</strong></span> <span class='ocrx_word' id='word_1_509' title='bbox 1373 3205 1436 3257; x_wconf 88' lang='lat' dir='ltr'><strong>ad</strong></span> <span class='ocrx_word' id='word_1_510' title='bbox 1490 3216 1697 3274; x_wconf 89' lang='lat' dir='ltr'><strong>tempus</strong></span> <span class='ocrx_word' id='word_1_511' title='bbox 1728 3250 1742 3273; x_wconf 95' lang='lat'><strong>,</strong></span> <span class='ocrx_word' id='word_1_512' title='bbox 1788 3207 1844 3260; x_wconf 84' lang='lat' dir='ltr'><strong>fit</strong></span> <span class='ocrx_word' id='word_1_513' title='bbox 1875 3222 2117 3262; x_wconf 78' lang='lat' dir='ltr'><strong>amarum</strong></span> <span class='ocrx_word' id='word_1_514' title='bbox 2158 3210 2210 3264; x_wconf 90' lang='lat' dir='ltr'><strong>in</strong></span> <span class='ocrx_word' id='word_1_515' title='bbox 2242 3188 2287 3248; x_wconf 64' lang='grc' dir='ltr'><em>ε</em></span> <span class='ocrx_word' id='word_1_516' title='bbox 2322 3221 2410 3260; x_wconf 84' lang='lat' dir='ltr'><strong>rus</strong></span> <span class='ocrx_word' id='word_1_517' title='bbox 2439 3213 2530 3259; x_wconf 90' lang='lat' dir='ltr'><strong>aut</strong></span> <span class='ocrx_word' id='word_1_518' title='bbox 2554 3205 2731 3261; x_wconf 87' lang='lat' dir='ltr'><strong>nullus</strong></span> <span class='ocrx_word' id='word_1_519' title='bbox 2760 3214 2861 3260; x_wconf 89' lang='lat' dir='ltr'><strong>est.</strong></span> <span class='ocrx_word' id='word_1_520' title='bbox 2905 3204 2971 3258; x_wconf 84' lang='lat' dir='ltr'><strong>Et</strong></span> <span class='ocrx_word' id='word_1_521' title='bbox 2995 3204 3120 3274; x_wconf 89' lang='lat' dir='ltr'><strong>quid</strong></span> <span class='ocrx_word' id='word_1_522' title='bbox 3169 3203 3289 3257; x_wconf 90' lang='lat' dir='ltr'><strong>dico</strong></span> <span class='ocrx_word' id='word_1_523' title='bbox 3322 3202 3708 3272; x_wconf 75' lang='lat' dir='ltr'><strong>negotiatorem</strong></span> <span class='ocrx_word' id='word_1_524' title='bbox 3739 3243 3756 3269; x_wconf 92' lang='lat'><strong>,</strong></span> <span class='ocrx_word' id='word_1_525' title='bbox 3791 3202 3895 3256; x_wconf 87' lang='lat' dir='ltr'><strong>im-</strong></span> 
     </span>
    </p>
   </div>
   <div class='ocr_carea' id='block_1_61' title="bbox 640 3286 2215 3359">
    <p class='ocr_par' dir='ltr' id='par_1_61' title="bbox 640 3286 2215 3359">
     <span class='ocr_line' id='line_1_61' title="bbox 640 3286 2215 3359; baseline 0.009 -20"><span class='ocrx_word' id='word_1_526' title='bbox 640 3286 769 3339; x_wconf 84' lang='lat' dir='ltr'><strong>fine.</strong></span> <span class='ocrx_word' id='word_1_527' title='bbox 816 3288 854 3341; x_wconf 85' lang='lat' dir='ltr'>F</span> <span class='ocrx_word' id='word_1_528' title='bbox 892 3290 1031 3342; x_wconf 89' lang='lat' dir='ltr'><strong>stina</strong></span> <span class='ocrx_word' id='word_1_529' title='bbox 1068 3291 1246 3359; x_wconf 82' lang='lat' dir='ltr'><strong>igitur,</strong></span> <span class='ocrx_word' id='word_1_530' title='bbox 1276 3301 1428 3349; x_wconf 90' lang='lat' dir='ltr'><strong>etne</strong></span> <span class='ocrx_word' id='word_1_531' title='bbox 1474 3294 1657 3349; x_wconf 88' lang='lat' dir='ltr'><strong>tardus</strong></span> <span class='ocrx_word' id='word_1_532' title='bbox 1710 3297 1909 3351; x_wconf 81' lang='lat' dir='ltr'><strong>existas</strong></span> <span class='ocrx_word' id='word_1_533' title='bbox 1948 3298 2013 3351; x_wconf 87' lang='lat' dir='ltr'><strong>ad</strong></span> <span class='ocrx_word' id='word_1_534' title='bbox 2045 3300 2215 3353; x_wconf 85' lang='lat' dir='ltr'><strong>corri-</strong></span> 
     </span>
    </p>
   </div>
   <div class='ocr_carea' id='block_1_62' title="bbox 550 3376 2214 3459">
    <p class='ocr_par' dir='ltr' id='par_1_62' title="bbox 550 3376 2214 3459">
     <span class='ocr_line' id='line_1_62' title="bbox 550 3376 2214 3459; baseline 0.01 -30"><span class='ocrx_word' id='word_1_535' title='bbox 550 3382 553 3383; x_wconf 70' lang='lat'><strong><em>&#39;</em></strong></span> <span class='ocrx_word' id='word_1_536' title='bbox 635 3376 867 3445; x_wconf 90' lang='lat' dir='ltr'><strong>gendum</strong></span> <span class='ocrx_word' id='word_1_537' title='bbox 902 3387 953 3432; x_wconf 91' lang='lat' dir='ltr'><strong>te</strong></span> <span class='ocrx_word' id='word_1_538' title='bbox 969 3379 1036 3433; x_wconf 86' lang='lat' dir='ltr'><strong>de</strong></span> <span class='ocrx_word' id='word_1_539' title='bbox 1059 3380 1279 3436; x_wconf 87' lang='lat' dir='ltr'><strong>sinis’ro</strong></span> <span class='ocrx_word' id='word_1_540' title='bbox 1325 3384 1376 3437; x_wconf 94' lang='lat' dir='ltr'><strong>in</strong></span> <span class='ocrx_word' id='word_1_541' title='bbox 1405 3384 1672 3440; x_wconf 81' lang='lat' dir='ltr'><strong>dextrum.</strong></span> <span class='ocrx_word' id='word_1_542' title='bbox 1700 3384 1949 3443; x_wconf 87' lang='lat' dir='ltr'><strong>Cecidisti</strong></span> <span class='ocrx_word' id='word_1_543' title='bbox 1978 3404 2073 3459; x_wconf 89' lang='lat' dir='ltr'><strong>per</strong></span> <span class='ocrx_word' id='word_1_544' title='bbox 2092 3405 2214 3445; x_wconf 89' lang='lat' dir='ltr'><strong>ocu-</strong></span> 
     </span>
    </p>
   </div>
   <div class='ocr_carea' id='block_1_63' title="bbox 636 3467 2213 3552">
    <p class='ocr_par' dir='ltr' id='par_1_63' title="bbox 636 3467 2213 3552">
     <span class='ocr_line' id='line_1_63' title="bbox 636 3467 2213 3552; baseline 0.009 -29"><span class='ocrx_word' id='word_1_545' title='bbox 636 3467 784 3523; x_wconf 91' lang='lat' dir='ltr'><strong>lum:</strong></span> <span class='ocrx_word' id='word_1_546' title='bbox 815 3473 1196 3527; x_wconf 82' lang='lat' dir='ltr'><strong>contaminavit</strong></span> <span class='ocrx_word' id='word_1_547' title='bbox 1247 3483 1297 3529; x_wconf 92' lang='lat' dir='ltr'><strong>te</strong></span> <span class='ocrx_word' id='word_1_548' title='bbox 1336 3486 1555 3544; x_wconf 76' lang='lat' dir='ltr'><strong>aspectu</strong></span> <span class='ocrx_word' id='word_1_549' title='bbox 1608 3492 1706 3534; x_wconf 80' lang='lat' dir='ltr'><strong>suo</strong></span> <span class='ocrx_word' id='word_1_550' title='bbox 1752 3480 1973 3536; x_wconf 85' lang='lat' dir='ltr'><strong>?abluat</strong></span> <span class='ocrx_word' id='word_1_551' title='bbox 2001 3490 2052 3537; x_wconf 88' lang='lat' dir='ltr'><strong>te</strong></span> <span class='ocrx_word' id='word_1_552' title='bbox 2080 3496 2213 3552; x_wconf 86' lang='lat' dir='ltr'><strong>aqua</strong></span> 
     </span>
    </p>
   </div>
   <div class='ocr_carea' id='block_1_64' title="bbox 636 3563 2214 3643">
    <p class='ocr_par' dir='ltr' id='par_1_64' title="bbox 636 3563 2214 3643">
     <span class='ocr_line' id='line_1_64' title="bbox 636 3563 2214 3643; baseline 0.01 -29"><span class='ocrx_word' id='word_1_553' title='bbox 636 3575 750 3615; x_wconf 82' lang='lat' dir='ltr'><strong>sua.</strong></span> <span class='ocrx_word' id='word_1_554' title='bbox 788 3563 989 3618; x_wconf 82' lang='lat' dir='ltr'><strong>lnduxit</strong></span> <span class='ocrx_word' id='word_1_555' title='bbox 1023 3566 1073 3620; x_wconf 91' lang='lat' dir='ltr'><strong>in</strong></span> <span class='ocrx_word' id='word_1_556' title='bbox 1107 3575 1159 3621; x_wconf 91' lang='lat' dir='ltr'><strong>te</strong></span> <span class='ocrx_word' id='word_1_557' title='bbox 1193 3568 1472 3637; x_wconf 86' lang='lat' dir='ltr'><strong>laqueum?</strong></span> <span class='ocrx_word' id='word_1_558' title='bbox 1494 3578 1649 3626; x_wconf 88' lang='lat' dir='ltr'><strong>eruat</strong></span> <span class='ocrx_word' id='word_1_559' title='bbox 1676 3580 1728 3627; x_wconf 90' lang='lat' dir='ltr'><strong>te</strong></span> <span class='ocrx_word' id='word_1_560' title='bbox 1760 3572 1825 3626; x_wconf 89' lang='lat' dir='ltr'><strong>de</strong></span> <span class='ocrx_word' id='word_1_561' title='bbox 1857 3573 2085 3643; x_wconf 90' lang='lat' dir='ltr'><strong>laqueo:</strong></span> <span class='ocrx_word' id='word_1_562' title='bbox 2117 3576 2214 3629; x_wconf 86' lang='lat' dir='ltr'><strong>Ita-</strong></span> 
     </span>
    </p>
   </div>
   <div class='ocr_carea' id='block_1_65' title="bbox 637 3651 2209 3738">
    <p class='ocr_par' dir='ltr' id='par_1_65' title="bbox 637 3651 2209 3738">
     <span class='ocr_line' id='line_1_65' title="bbox 637 3651 2209 3738; baseline 0.011 -32"><span class='ocrx_word' id='word_1_563' title='bbox 637 3651 726 3706; x_wconf 87' lang='lat' dir='ltr'><strong>bet</strong></span> <span class='ocrx_word' id='word_1_564' title='bbox 755 3657 894 3709; x_wconf 91' lang='lat' dir='ltr'><strong>enim</strong></span> <span class='ocrx_word' id='word_1_565' title='bbox 925 3657 973 3708; x_wconf 90' lang='lat' dir='ltr'><strong>in</strong></span> <span class='ocrx_word' id='word_1_566' title='bbox 1002 3672 1061 3712; x_wconf 86' lang='lat' dir='ltr'><strong>se</strong></span> <span class='ocrx_word' id='word_1_567' title='bbox 1085 3673 1331 3728; x_wconf 90' lang='lat' dir='ltr'><strong>magnum</strong></span> <span class='ocrx_word' id='word_1_568' title='bbox 1360 3662 1709 3732; x_wconf 87' lang='lat' dir='ltr'><strong>lacrymarum</strong></span> <span class='ocrx_word' id='word_1_569' title='bbox 1728 3665 2001 3722; x_wconf 79' lang='lat' dir='ltr'><strong>auxilium.</strong></span> <span class='ocrx_word' id='word_1_570' title='bbox 2036 3667 2209 3738; x_wconf 79' lang='lat' dir='ltr'><strong>lmpu~</strong></span> 
     </span>
    </p>
   </div>
   <div class='ocr_carea' id='block_1_66' title="bbox 639 3744 2213 3822">
    <p class='ocr_par' dir='ltr' id='par_1_66' title="bbox 639 3744 2213 3822">
     <span class='ocr_line' id='line_1_66' title="bbox 639 3744 2213 3822; baseline 0.009 -23"><span class='ocrx_word' id='word_1_571' title='bbox 639 3744 700 3799; x_wconf 92' lang='lat' dir='ltr'><strong>lit</strong></span> <span class='ocrx_word' id='word_1_572' title='bbox 729 3754 779 3798; x_wconf 91' lang='lat' dir='ltr'><strong>te</strong></span> <span class='ocrx_word' id='word_1_573' title='bbox 796 3748 1044 3802; x_wconf 83' lang='lat' dir='ltr'><strong>obscenis</strong></span> <span class='ocrx_word' id='word_1_574' title='bbox 1073 3750 1389 3807; x_wconf 80' lang='lat' dir='ltr'><strong>sordescere.</strong></span> <span class='ocrx_word' id='word_1_575' title='bbox 1417 3753 1648 3817; x_wconf 86' lang='lat' dir='ltr'><strong>actibus,</strong></span> <span class='ocrx_word' id='word_1_576' title='bbox 1684 3756 1930 3822; x_wconf 76' lang='lat' dir='ltr'><strong>turpique</strong></span> <span class='ocrx_word' id='word_1_577' title='bbox 1960 3773 2213 3813; x_wconf 89' lang='lat' dir='ltr'><strong>mucrone</strong></span> 
     </span>
    </p>
   </div>
   <div class='ocr_carea' id='block_1_67' title="bbox 649 3833 2212 3917">
    <p class='ocr_par' dir='ltr' id='par_1_67' title="bbox 649 3833 2212 3917">
     <span class='ocr_line' id='line_1_67' title="bbox 649 3833 2212 3917; baseline 0.01 -28"><span class='ocrx_word' id='word_1_578' title='bbox 649 3833 804 3904; x_wconf 66' lang='lat' dir='ltr'><strong>caput</strong></span> <span class='ocrx_word' id='word_1_579' title='bbox 834 3838 1079 3904; x_wconf 81' lang='lat' dir='ltr'><strong>abscidit,</strong></span> <span class='ocrx_word' id='word_1_580' title='bbox 1112 3840 1161 3894; x_wconf 92' lang='lat' dir='ltr'><strong>id</strong></span> <span class='ocrx_word' id='word_1_581' title='bbox 1191 3851 1271 3895; x_wconf 89' lang='lat' dir='ltr'><strong>est</strong></span> <span class='ocrx_word' id='word_1_582' title='bbox 1300 3843 1524 3897; x_wconf 82' lang='lat' dir='ltr'><strong>avaritia</strong></span> <span class='ocrx_word' id='word_1_583' title='bbox 1573 3853 1665 3899; x_wconf 89' lang='lat' dir='ltr'><strong>aut</strong></span> <span class='ocrx_word' id='word_1_584' title='bbox 1695 3844 1952 3900; x_wconf 84' lang='lat' dir='ltr'><strong>libidine?</strong></span> <span class='ocrx_word' id='word_1_585' title='bbox 1976 3849 2106 3917; x_wconf 82' lang='lat' dir='ltr'><strong>Age,</strong></span> <span class='ocrx_word' id='word_1_586' title='bbox 2135 3859 2212 3907; x_wconf 91' lang='lat' dir='ltr'><strong>tu.</strong></span> 
     </span>
    </p>
   </div>
   <div class='ocr_carea' id='block_1_68' title="bbox 651 3932 2215 4005">
    <p class='ocr_par' dir='ltr' id='par_1_68' title="bbox 651 3932 2215 4005">
     <span class='ocr_line' id='line_1_68' title="bbox 651 3932 2215 4005; baseline 0.012 -30"><span class='ocrx_word' id='word_1_587' title='bbox 651 3941 846 3981; x_wconf 75' lang='lat' dir='ltr'><strong>rxerce</strong></span> <span class='ocrx_word' id='word_1_588' title='bbox 876 3938 925 3982; x_wconf 91' lang='lat' dir='ltr'><strong>te</strong></span> <span class='ocrx_word' id='word_1_589' title='bbox 960 3938 1143 3984; x_wconf 90' lang='lat' dir='ltr'><strong>contra</strong></span> <span class='ocrx_word' id='word_1_590' title='bbox 1178 3932 1332 3987; x_wconf 88' lang='lat' dir='ltr'><strong>talem</strong></span> <span class='ocrx_word' id='word_1_591' title='bbox 1362 3934 1574 3989; x_wconf 92' lang='lat' dir='ltr'><strong>oculum</strong></span> <span class='ocrx_word' id='word_1_592' title='bbox 1606 3951 1619 4000; x_wconf 94' lang='lat'><strong>;</strong></span> <span class='ocrx_word' id='word_1_593' title='bbox 1662 3936 1807 4005; x_wconf 74' lang='lat' dir='ltr'><strong>erige</strong></span> <span class='ocrx_word' id='word_1_594' title='bbox 1842 3947 1892 3991; x_wconf 91' lang='lat' dir='ltr'><strong>te</strong></span> <span class='ocrx_word' id='word_1_595' title='bbox 1915 3949 2098 3992; x_wconf 90' lang='lat' dir='ltr'><strong>contra</strong></span> <span class='ocrx_word' id='word_1_596' title='bbox 2130 3955 2215 3994; x_wconf 88' lang='lat' dir='ltr'><strong>as-</strong></span> 
     </span>
    </p>
   </div>
   <div class='ocr_carea' id='block_1_69' title="bbox 639 4024 2211 4099">
    <p class='ocr_par' dir='ltr' id='par_1_69' title="bbox 639 4024 2211 4099">
     <span class='ocr_line' id='line_1_69' title="bbox 639 4024 2211 4099; baseline 0.007 -26"><span class='ocrx_word' id='word_1_597' title='bbox 639 4030 849 4090; x_wconf 83' lang='lat' dir='ltr'><strong>pectum</strong></span> <span class='ocrx_word' id='word_1_598' title='bbox 876 4032 1041 4087; x_wconf 88' lang='lat' dir='ltr'><strong>tuum,</strong></span> <span class='ocrx_word' id='word_1_599' title='bbox 1064 4024 1199 4094; x_wconf 83' lang='lat' dir='ltr'><strong>agita</strong></span> <span class='ocrx_word' id='word_1_600' title='bbox 1230 4026 1408 4080; x_wconf 80' lang='lat' dir='ltr'><strong>cordis</strong></span> <span class='ocrx_word' id='word_1_601' title='bbox 1440 4028 1512 4080; x_wconf 88' lang='lat' dir='ltr'><strong>ttti</strong></span> <span class='ocrx_word' id='word_1_602' title='bbox 1565 4042 1728 4083; x_wconf 85' lang='lat' dir='ltr'><strong>venas</strong></span> <span class='ocrx_word' id='word_1_603' title='bbox 1758 4043 1877 4099; x_wconf 73' lang='lat' dir='ltr'><strong>qua:</strong></span> <span class='ocrx_word' id='word_1_604' title='bbox 1908 4031 2125 4084; x_wconf 89' lang='lat' dir='ltr'><strong>tendunt</strong></span> <span class='ocrx_word' id='word_1_605' title='bbox 2148 4032 2211 4084; x_wconf 89' lang='lat' dir='ltr'><strong>ad</strong></span> 
     </span>
    </p>
   </div>
   <div class='ocr_carea' id='block_1_70' title="bbox 635 4112 2209 4190">
    <p class='ocr_par' dir='ltr' id='par_1_70' title="bbox 635 4112 2209 4190">
     <span class='ocr_line' id='line_1_70' title="bbox 635 4112 2209 4190; baseline 0.008 -26"><span class='ocrx_word' id='word_1_606' title='bbox 635 4112 869 4179; x_wconf 91' lang='lat' dir='ltr'><strong>oculum,</strong></span> <span class='ocrx_word' id='word_1_607' title='bbox 899 4121 953 4168; x_wconf 85' lang='lat' dir='ltr'><strong>et</strong></span> <span class='ocrx_word' id='word_1_608' title='bbox 978 4114 1062 4168; x_wconf 92' lang='lat' dir='ltr'><strong>die</strong></span> <span class='ocrx_word' id='word_1_609' title='bbox 1095 4116 1197 4168; x_wconf 88' lang='lat' dir='ltr'><strong>illi:</strong></span> <span class='ocrx_word' id='word_1_610' title='bbox 1225 4116 1411 4184; x_wconf 88' lang='lat' dir='ltr'><strong>Ocnle,</strong></span> <span class='ocrx_word' id='word_1_611' title='bbox 1430 4119 1494 4172; x_wconf 89' lang='lat' dir='ltr'><strong>ad</strong></span> <span class='ocrx_word' id='word_1_612' title='bbox 1529 4127 1578 4172; x_wconf 91' lang='lat' dir='ltr'><strong>te</strong></span> <span class='ocrx_word' id='word_1_613' title='bbox 1608 4133 1845 4184; x_wconf 88' lang='lat' dir='ltr'><strong>recurro,</strong></span> <span class='ocrx_word' id='word_1_614' title='bbox 1869 4121 1961 4175; x_wconf 85' lang='lat' dir='ltr'><strong>tibi</strong></span> <span class='ocrx_word' id='word_1_615' title='bbox 1992 4122 2209 4190; x_wconf 91' lang='lat' dir='ltr'><strong>imputo!</strong></span> 
     </span>
    </p>
   </div>
   <div class='ocr_carea' id='block_1_71' title="bbox 633 4205 2210 4279">
    <p class='ocr_par' dir='ltr' id='par_1_71' title="bbox 633 4205 2210 4279">
     <span class='ocr_line' id='line_1_71' title="bbox 633 4205 2210 4279; baseline 0.006 -22"><span class='ocrx_word' id='word_1_616' title='bbox 633 4217 769 4257; x_wconf 73' lang='lat' dir='ltr'><strong>exue</strong></span> <span class='ocrx_word' id='word_1_617' title='bbox 796 4205 1252 4274; x_wconf 73' lang='lat' dir='ltr'><strong>quodimplicasl‘.</strong></span> <span class='ocrx_word' id='word_1_618' title='bbox 1289 4208 1365 4263; x_wconf 92' lang='lat' dir='ltr'><strong>Tu</strong></span> <span class='ocrx_word' id='word_1_619' title='bbox 1398 4225 1482 4265; x_wconf 92' lang='lat' dir='ltr'><strong>me</strong></span> <span class='ocrx_word' id='word_1_620' title='bbox 1513 4211 1823 4275; x_wconf 76' lang='lat' dir='ltr'><strong>vulnerasti,</strong></span> <span class='ocrx_word' id='word_1_621' title='bbox 1855 4221 1907 4266; x_wconf 94' lang='lat' dir='ltr'><strong>tu</strong></span> <span class='ocrx_word' id='word_1_622' title='bbox 1934 4228 2017 4266; x_wconf 90' lang='lat' dir='ltr'><strong>me</strong></span> <span class='ocrx_word' id='word_1_623' title='bbox 2039 4229 2164 4268; x_wconf 89' lang='lat' dir='ltr'><strong>sana</strong></span> <span class='ocrx_word' id='word_1_624' title='bbox 2198 4231 2210 4279; x_wconf 92' lang='lat'><strong>;</strong></span> 
     </span>
    </p>
   </div>
   <div class='ocr_carea' id='block_1_72' title="bbox 639 4297 2209 4374">
    <p class='ocr_par' dir='ltr' id='par_1_72' title="bbox 639 4297 2209 4374">
     <span class='ocr_line' id='line_1_72' title="bbox 639 4297 2209 4374; baseline 0.009 -29"><span class='ocrx_word' id='word_1_625' title='bbox 639 4302 696 4346; x_wconf 93' lang='lat' dir='ltr'><strong>tu</strong></span> <span class='ocrx_word' id='word_1_626' title='bbox 729 4311 812 4347; x_wconf 92' lang='lat' dir='ltr'><strong>me</strong></span> <span class='ocrx_word' id='word_1_627' title='bbox 846 4297 1107 4364; x_wconf 83' lang='lat' dir='ltr'><strong>polluisti,</strong></span> <span class='ocrx_word' id='word_1_628' title='bbox 1131 4309 1181 4353; x_wconf 90' lang='lat' dir='ltr'><strong>tu</strong></span> <span class='ocrx_word' id='word_1_629' title='bbox 1206 4315 1290 4354; x_wconf 91' lang='lat' dir='ltr'><strong>me</strong></span> <span class='ocrx_word' id='word_1_630' title='bbox 1313 4301 1879 4373; x_wconf 68' lang='lat' dir='ltr'><strong>puriticambluequod</strong></span> <span class='ocrx_word' id='word_1_631' title='bbox 1903 4299 2209 4374; x_wconf 80' lang='lat' dir='ltr'><strong>inqt&#39;tinaS&#39;i,</strong></span> 
     </span>
    </p>
   </div>
   <div class='ocr_carea' id='block_1_73' title="bbox 554 4386 2213 4463">
    <p class='ocr_par' dir='ltr' id='par_1_73' title="bbox 554 4386 2213 4463">
     <span class='ocr_line' id='line_1_73' title="bbox 554 4386 2213 4463; baseline 0.01 -24"><span class='ocrx_word' id='word_1_632' title='bbox 554 4388 557 4391; x_wconf 66' lang='grc'><strong>⁷</strong></span> <span class='ocrx_word' id='word_1_633' title='bbox 633 4386 780 4454; x_wconf 80' lang='lat' dir='ltr'><strong>erige</strong></span> <span class='ocrx_word' id='word_1_634' title='bbox 808 4389 946 4455; x_wconf 83' lang='lat' dir='ltr'><strong>quod</strong></span> <span class='ocrx_word' id='word_1_635' title='bbox 994 4390 1203 4453; x_wconf 89' lang='lat' dir='ltr'><strong>elisisti,</strong></span> <span class='ocrx_word' id='word_1_636' title='bbox 1251 4393 1464 4461; x_wconf 90' lang='lat' dir='ltr'><strong>corripe</strong></span> <span class='ocrx_word' id='word_1_637' title='bbox 1504 4395 1642 4463; x_wconf 90' lang='lat' dir='ltr'><strong>quod</strong></span> <span class='ocrx_word' id='word_1_638' title='bbox 1667 4396 1944 4463; x_wconf 88' lang='lat' dir='ltr'><strong>evertisti,</strong></span> <span class='ocrx_word' id='word_1_639' title='bbox 1998 4399 2213 4455; x_wconf 88' lang='lat' dir='ltr'><strong>absolve</strong></span> 
     </span>
    </p>
   </div>
   <div class='ocr_carea' id='block_1_74' title="bbox 632 4479 2208 4559">
    <p class='ocr_par' dir='ltr' id='par_1_74' title="bbox 632 4479 2208 4559">
     <span class='ocr_line' id='line_1_74' title="bbox 632 4479 2208 4559; baseline 0.009 -30"><span class='ocrx_word' id='word_1_640' title='bbox 632 4479 772 4545; x_wconf 89' lang='lat' dir='ltr'><strong>quod</strong></span> <span class='ocrx_word' id='word_1_641' title='bbox 801 4494 892 4544; x_wconf 88' lang='lat' dir='ltr'><strong>per</strong></span> <span class='ocrx_word' id='word_1_642' title='bbox 940 4482 1247 4535; x_wconf 86' lang='lat' dir='ltr'><strong>scandalum</strong></span> <span class='ocrx_word' id='word_1_643' title='bbox 1297 4484 1562 4552; x_wconf 80' lang='lat' dir='ltr'><strong>obligasti.</strong></span> <span class='ocrx_word' id='word_1_644' title='bbox 1597 4487 1675 4540; x_wconf 86' lang='lat' dir='ltr'><strong>&#39;l&#39;n</strong></span> <span class='ocrx_word' id='word_1_645' title='bbox 1703 4489 1903 4554; x_wconf 80' lang='lat' dir='ltr'><strong>vidisti,</strong></span> <span class='ocrx_word' id='word_1_646' title='bbox 1934 4504 2032 4559; x_wconf 88' lang='lat' dir='ltr'><strong>ego</strong></span> <span class='ocrx_word' id='word_1_647' title='bbox 2080 4506 2208 4545; x_wconf 88' lang='lat' dir='ltr'><strong>con-</strong></span> 
     </span>
    </p>
   </div>
   <div class='ocr_carea' id='block_1_75' title="bbox 2318 3293 3895 3368">
    <p class='ocr_par' dir='ltr' id='par_1_75' title="bbox 2318 3293 3895 3368">
     <span class='ocr_line' id='line_1_75' title="bbox 2318 3293 3895 3368; baseline -0.003 -16"><span class='ocrx_word' id='word_1_648' title='bbox 2318 3307 2587 3368; x_wconf 90' lang='lat' dir='ltr'><strong>postorem</strong></span> <span class='ocrx_word' id='word_1_649' title='bbox 2618 3313 2772 3353; x_wconf 85' lang='lat' dir='ltr'><strong>usum</strong></span> <span class='ocrx_word' id='word_1_650' title='bbox 2805 3296 3182 3352; x_wconf 83' lang='lat' dir='ltr'><strong>commerciis?</strong></span> <span class='ocrx_word' id='word_1_651' title='bbox 3220 3295 3505 3350; x_wconf 83' lang='lat' dir='ltr'><strong>Videamus</strong></span> <span class='ocrx_word' id='word_1_652' title='bbox 3534 3310 3655 3365; x_wconf 72' lang='lat' dir='ltr'><strong>qua:</strong></span> <span class='ocrx_word' id='word_1_653' title='bbox 3682 3308 3769 3348; x_wconf 88' lang='lat' dir='ltr'><strong>res</strong></span> <span class='ocrx_word' id='word_1_654' title='bbox 3816 3293 3895 3348; x_wconf 85' lang='lat' dir='ltr'><strong>fa-</strong></span> 
     </span>
    </p>
   </div>
   <div class='ocr_carea' id='block_1_76' title="bbox 2315 3385 3897 3457">
    <p class='ocr_par' dir='ltr' id='par_1_76' title="bbox 2315 3385 3897 3457">
     <span class='ocr_line' id='line_1_76' title="bbox 2315 3385 3897 3457; baseline -0.003 -13"><span class='ocrx_word' id='word_1_655' title='bbox 2315 3390 2388 3444; x_wconf 92' lang='lat' dir='ltr'><strong>cit</strong></span> <span class='ocrx_word' id='word_1_656' title='bbox 2419 3388 2718 3457; x_wconf 68' lang='lat' dir='ltr'><strong>prazdoncs,</strong></span> <span class='ocrx_word' id='word_1_657' title='bbox 2744 3396 2835 3443; x_wconf 90' lang='lat' dir='ltr'><strong>aut</strong></span> <span class='ocrx_word' id='word_1_658' title='bbox 2862 3388 3001 3442; x_wconf 91' lang='lat' dir='ltr'><strong>unde</strong></span> <span class='ocrx_word' id='word_1_659' title='bbox 3026 3396 3310 3456; x_wconf 90' lang='lat' dir='ltr'><strong>erumpunt</strong></span> <span class='ocrx_word' id='word_1_660' title='bbox 3344 3386 3662 3453; x_wconf 91' lang='lat' dir='ltr'><strong>proditores.</strong></span> <span class='ocrx_word' id='word_1_661' title='bbox 3708 3385 3897 3439; x_wconf 78' lang='lat' dir='ltr'><strong>Nonne</strong></span> 
     </span>
    </p>
   </div>
   <div class='ocr_carea' id='block_1_77' title="bbox 2316 3474 3913 3547">
    <p class='ocr_par' dir='ltr' id='par_1_77' title="bbox 2316 3474 3913 3547">
     <span class='ocr_line' id='line_1_77' title="bbox 2316 3474 3913 3547; baseline -0.003 -14"><span class='ocrx_word' id='word_1_662' title='bbox 2316 3478 2385 3534; x_wconf 90' lang='lat' dir='ltr'><strong>de</strong></span> <span class='ocrx_word' id='word_1_663' title='bbox 2407 3479 2627 3533; x_wconf 86' lang='lat' dir='ltr'><strong>avaritia</strong></span> <span class='ocrx_word' id='word_1_664' title='bbox 2658 3478 2839 3547; x_wconf 74' lang='lat' dir='ltr'><strong>prtedo</strong></span> <span class='ocrx_word' id='word_1_665' title='bbox 2887 3477 2985 3531; x_wconf 88' lang='lat' dir='ltr'><strong>fuit</strong></span> <span class='ocrx_word' id='word_1_666' title='bbox 3012 3493 3103 3532; x_wconf 83' lang='lat' dir='ltr'><strong>rex</strong></span> <span class='ocrx_word' id='word_1_667' title='bbox 3139 3476 3317 3531; x_wconf 85' lang='lat' dir='ltr'><strong>Achab</strong></span> <span class='ocrx_word' id='word_1_668' title='bbox 3341 3517 3357 3543; x_wconf 92' lang='lat'><strong>,</strong></span> <span class='ocrx_word' id='word_1_669' title='bbox 3412 3478 3627 3544; x_wconf 84' lang='lat' dir='ltr'><strong>quando</strong></span> <span class='ocrx_word' id='word_1_670' title='bbox 3667 3490 3761 3545; x_wconf 88' lang='lat' dir='ltr'><strong>per</strong></span> <span class='ocrx_word' id='word_1_671' title='bbox 3789 3474 3913 3529; x_wconf 13' lang='lat' dir='ltr'><strong>fac-7</strong></span> 
     </span>
    </p>
   </div>
   <div class='ocr_carea' id='block_1_78' title="bbox 2316 3568 3899 3638">
    <p class='ocr_par' dir='ltr' id='par_1_78' title="bbox 2316 3568 3899 3638">
     <span class='ocr_line' id='line_1_78' title="bbox 2316 3568 3899 3638; baseline -0.001 -14"><span class='ocrx_word' id='word_1_672' title='bbox 2316 3569 2515 3624; x_wconf 88' lang='lat' dir='ltr'><strong>tionem</strong></span> <span class='ocrx_word' id='word_1_673' title='bbox 2548 3569 2745 3624; x_wconf 75' lang='lat' dir='ltr'><strong>dolosa:</strong></span> <span class='ocrx_word' id='word_1_674' title='bbox 2775 3570 3037 3634; x_wconf 84' lang='lat' dir='ltr'><strong>mulieris,-</strong></span> <span class='ocrx_word' id='word_1_675' title='bbox 3068 3569 3199 3623; x_wconf 80' lang='lat' dir='ltr'><strong>falsa</strong></span> <span class='ocrx_word' id='word_1_676' title='bbox 3228 3569 3327 3623; x_wconf 88' lang='lat' dir='ltr'><strong>sub</strong></span> <span class='ocrx_word' id='word_1_677' title='bbox 3365 3568 3669 3638; x_wconf 84' lang='lat' dir='ltr'><strong>proditione</strong></span> <span class='ocrx_word' id='word_1_678' title='bbox 3694 3568 3899 3636; x_wconf 75' lang='lat' dir='ltr'><strong>ju~tum</strong></span> 
     </span>
    </p>
   </div>
   <div class='ocr_carea' id='block_1_79' title="bbox 2320 3660 3915 3730">
    <p class='ocr_par' dir='ltr' id='par_1_79' title="bbox 2320 3660 3915 3730">
     <span class='ocr_line' id='line_1_79' title="bbox 2320 3660 3915 3730; baseline -0.004 -16"><span class='ocrx_word' id='word_1_679' title='bbox 2320 3661 2600 3715; x_wconf 89' lang='lat' dir='ltr'><strong>trucidavit</strong></span> <span class='ocrx_word' id='word_1_680' title='bbox 2621 3661 2897 3716; x_wconf 85' lang='lat' dir='ltr'><strong>utvineam</strong></span> <span class='ocrx_word' id='word_1_681' title='bbox 2923 3661 3037 3730; x_wconf 78' lang='lat' dir='ltr'><strong>ejus</strong></span> <span class='ocrx_word' id='word_1_682' title='bbox 3066 3660 3328 3714; x_wconf 85' lang='lat' dir='ltr'><strong>violentus</strong></span> <span class='ocrx_word' id='word_1_683' title='bbox 3356 3660 3663 3714; x_wconf 80' lang='lat' dir='ltr'><strong>invaderet?</strong></span> <span class='ocrx_word' id='word_1_684' title='bbox 3709 3671 3915 3711; x_wconf 75' lang='lat' dir='ltr'><strong>\varua.</strong></span> 
     </span>
    </p>
   </div>
   <div class='ocr_carea' id='block_1_80' title="bbox 2315 3746 3897 3822">
    <p class='ocr_par' dir='ltr' id='par_1_80' title="bbox 2315 3746 3897 3822">
     <span class='ocr_line' id='line_1_80' title="bbox 2315 3746 3897 3822; baseline -0.003 -18"><span class='ocrx_word' id='word_1_685' title='bbox 2315 3750 2416 3804; x_wconf 90' lang='lat' dir='ltr'><strong>fuit</strong></span> <span class='ocrx_word' id='word_1_686' title='bbox 2448 3760 2501 3805; x_wconf 90' lang='lat' dir='ltr'><strong>et</strong></span> <span class='ocrx_word' id='word_1_687' title='bbox 2524 3751 2687 3806; x_wconf 74' lang='lat' dir='ltr'><strong>ludas</strong></span> <span class='ocrx_word' id='word_1_688' title='bbox 2717 3767 2837 3805; x_wconf 91' lang='lat' dir='ltr'><strong>eum</strong></span> <span class='ocrx_word' id='word_1_689' title='bbox 2866 3751 3115 3822; x_wconf 89' lang='lat' dir='ltr'><strong>proderet</strong></span> <span class='ocrx_word' id='word_1_690' title='bbox 3145 3750 3412 3804; x_wconf 88' lang='lat' dir='ltr'><strong>Christum</strong></span> <span class='ocrx_word' id='word_1_691' title='bbox 3448 3749 3648 3804; x_wconf 64' lang='lat' dir='ltr'><strong>Iudaeis</strong></span> <span class='ocrx_word' id='word_1_692' title='bbox 3681 3746 3897 3819; x_wconf 73' lang='lat' dir='ltr'><strong>(Matth.</strong></span> 
     </span>
    </p>
   </div>
   <div class='ocr_carea' id='block_1_81' title="bbox 2317 3837 3900 3911">
    <p class='ocr_par' dir='ltr' id='par_1_81' title="bbox 2317 3837 3900 3911">
     <span class='ocr_line' id='line_1_81' title="bbox 2317 3837 3900 3911; baseline -0.004 -15"><span class='ocrx_word' id='word_1_693' title='bbox 2317 3843 2490 3911; x_wconf 79' lang='lat' dir='ltr'><strong>xxvi),</strong></span> <span class='ocrx_word' id='word_1_694' title='bbox 2514 3857 2634 3895; x_wconf 92' lang='lat' dir='ltr'><strong>cum</strong></span> <span class='ocrx_word' id='word_1_695' title='bbox 2666 3843 2931 3910; x_wconf 88' lang='lat' dir='ltr'><strong>acciperet</strong></span> <span class='ocrx_word' id='word_1_696' title='bbox 2953 3841 3020 3894; x_wconf 89' lang='lat' dir='ltr'><strong>ab</strong></span> <span class='ocrx_word' id='word_1_697' title='bbox 3043 3841 3120 3895; x_wconf 89' lang='lat' dir='ltr'><strong>eis</strong></span> <span class='ocrx_word' id='word_1_698' title='bbox 3149 3840 3374 3906; x_wconf 88' lang='lat' dir='ltr'><strong>trigenta</strong></span> <span class='ocrx_word' id='word_1_699' title='bbox 3399 3848 3699 3908; x_wconf 82' lang='lat' dir='ltr'><strong>argenteos.</strong></span> <span class='ocrx_word' id='word_1_700' title='bbox 3744 3837 3900 3890; x_wconf 87' lang='lat' dir='ltr'><strong>Tolle</strong></span> 
     </span>
    </p>
   </div>
   <div class='ocr_carea' id='block_1_82' title="bbox 2321 3929 3899 3995">
    <p class='ocr_par' dir='ltr' id='par_1_82' title="bbox 2321 3929 3899 3995">
     <span class='ocr_line' id='line_1_82' title="bbox 2321 3929 3899 3995; baseline -0.005 -8"><span class='ocrx_word' id='word_1_701' title='bbox 2321 3934 2626 3988; x_wconf 81' lang='lat' dir='ltr'><strong>avaritiam</strong></span> <span class='ocrx_word' id='word_1_702' title='bbox 2660 3944 2828 3987; x_wconf 89' lang='lat' dir='ltr'><strong>etnon</strong></span> <span class='ocrx_word' id='word_1_703' title='bbox 2865 3941 2947 3987; x_wconf 92' lang='lat' dir='ltr'><strong>est</strong></span> <span class='ocrx_word' id='word_1_704' title='bbox 2971 3931 3270 3995; x_wconf 87' lang='lat' dir='ltr'><strong>discordia;</strong></span> <span class='ocrx_word' id='word_1_705' title='bbox 3321 3929 3471 3985; x_wconf 85' lang='lat' dir='ltr'><strong>aufer</strong></span> <span class='ocrx_word' id='word_1_706' title='bbox 3500 3929 3780 3983; x_wconf 77' lang='lat' dir='ltr'><strong>avaritiam</strong></span> <span class='ocrx_word' id='word_1_707' title='bbox 3806 3968 3819 3989; x_wconf 86' lang='lat'><strong>.</strong></span> <span class='ocrx_word' id='word_1_708' title='bbox 3845 3936 3899 3981; x_wconf 90' lang='lat' dir='ltr'><strong>et</strong></span> 
     </span>
    </p>
   </div>
   <div class='ocr_carea' id='block_1_83' title="bbox 2316 4018 3895 4093">
    <p class='ocr_par' dir='ltr' id='par_1_83' title="bbox 2316 4018 3895 4093">
     <span class='ocr_line' id='line_1_83' title="bbox 2316 4018 3895 4093; baseline -0.006 -12"><span class='ocrx_word' id='word_1_709' title='bbox 2316 4025 2461 4081; x_wconf 86' lang='lat' dir='ltr'><strong>solos</strong></span> <span class='ocrx_word' id='word_1_710' title='bbox 2484 4040 2636 4079; x_wconf 91' lang='lat' dir='ltr'><strong>amor</strong></span> <span class='ocrx_word' id='word_1_711' title='bbox 2655 4034 2859 4093; x_wconf 88' lang='lat' dir='ltr'><strong>regnat;</strong></span> <span class='ocrx_word' id='word_1_712' title='bbox 2882 4023 3089 4078; x_wconf 76' lang='lat' dir='ltr'><strong>desinat</strong></span> <span class='ocrx_word' id='word_1_713' title='bbox 3107 4024 3350 4087; x_wconf 88' lang='lat' dir='ltr'><strong>avaritia,</strong></span> <span class='ocrx_word' id='word_1_714' title='bbox 3383 4031 3435 4076; x_wconf 91' lang='lat' dir='ltr'><strong>et</strong></span> <span class='ocrx_word' id='word_1_715' title='bbox 3456 4030 3630 4075; x_wconf 83' lang='lat' dir='ltr'><strong>cessat</strong></span> <span class='ocrx_word' id='word_1_716' title='bbox 3651 4018 3895 4073; x_wconf 82' lang='lat' dir='ltr'><strong>ambitio.</strong></span> 
     </span>
    </p>
   </div>
   <div class='ocr_carea' id='block_1_84' title="bbox 2317 4112 3901 4188">
    <p class='ocr_par' dir='ltr' id='par_1_84' title="bbox 2317 4112 3901 4188">
     <span class='ocr_line' id='line_1_84' title="bbox 2317 4112 3901 4188; baseline -0.007 -15"><span class='ocrx_word' id='word_1_717' title='bbox 2317 4118 2468 4173; x_wconf 92' lang='lat' dir='ltr'><strong>Tolle</strong></span> <span class='ocrx_word' id='word_1_718' title='bbox 2515 4118 2884 4188; x_wconf 87' lang='lat' dir='ltr'><strong>cupiditatem,</strong></span> <span class='ocrx_word' id='word_1_719' title='bbox 2919 4126 2970 4171; x_wconf 91' lang='lat' dir='ltr'><strong>et</strong></span> <span class='ocrx_word' id='word_1_720' title='bbox 3020 4130 3177 4169; x_wconf 91' lang='lat' dir='ltr'><strong>nemo</strong></span> <span class='ocrx_word' id='word_1_721' title='bbox 3210 4113 3376 4176; x_wconf 84' lang='lat' dir='ltr'><strong>dicit:</strong></span> <span class='ocrx_word' id='word_1_722' title='bbox 3434 4112 3535 4166; x_wconf 89' lang='lat' dir='ltr'><strong>hoc</strong></span> <span class='ocrx_word' id='word_1_723' title='bbox 3563 4125 3762 4175; x_wconf 88' lang='lat' dir='ltr'><strong>meum,</strong></span> <span class='ocrx_word' id='word_1_724' title='bbox 3804 4117 3901 4162; x_wconf 87' lang='lat' dir='ltr'><strong>aut</strong></span> 
     </span>
    </p>
   </div>
   <div class='ocr_carea' id='block_1_85' title="bbox 2288 4205 3911 4294">
    <p class='ocr_par' dir='ltr' id='par_1_85' title="bbox 2288 4205 3911 4294">
     <span class='ocr_line' id='line_1_85' title="bbox 2288 4205 3911 4294; baseline -0.006 -28"><span class='ocrx_word' id='word_1_725' title='bbox 2288 4210 2419 4294; x_wconf 29' lang='lat' dir='ltr'><strong>Oboc</strong></span> <span class='ocrx_word' id='word_1_726' title='bbox 2443 4222 2611 4266; x_wconf 90' lang='lat' dir='ltr'><strong>tuum.</strong></span> <span class='ocrx_word' id='word_1_727' title='bbox 2645 4206 2815 4266; x_wconf 81' lang='lat' dir='ltr'><strong>Fraus</strong></span> <span class='ocrx_word' id='word_1_728' title='bbox 2845 4210 2965 4264; x_wconf 89' lang='lat' dir='ltr'><strong>inde</strong></span> <span class='ocrx_word' id='word_1_729' title='bbox 2994 4211 3258 4279; x_wconf 86' lang='lat' dir='ltr'><strong>germinat</strong></span> <span class='ocrx_word' id='word_1_730' title='bbox 3289 4250 3304 4275; x_wconf 85' lang='lat'><strong>,</strong></span> <span class='ocrx_word' id='word_1_731' title='bbox 3337 4207 3491 4262; x_wconf 87' lang='lat' dir='ltr'><strong>dolus</strong></span> <span class='ocrx_word' id='word_1_732' title='bbox 3518 4205 3641 4260; x_wconf 91' lang='lat' dir='ltr'><strong>inde</strong></span> <span class='ocrx_word' id='word_1_733' title='bbox 3670 4219 3911 4265; x_wconf 41' lang='lat' dir='ltr'><strong>consurg</strong></span> 
     </span>
    </p>
   </div>
   <div class='ocr_carea' id='block_1_86' title="bbox 2315 4302 3896 4377">
    <p class='ocr_par' dir='ltr' id='par_1_86' title="bbox 2315 4302 3896 4377">
     <span class='ocr_line' id='line_1_86' title="bbox 2315 4302 3896 4377; baseline -0.002 -17"><span class='ocrx_word' id='word_1_734' title='bbox 2315 4308 2412 4377; x_wconf 88' lang='lat' dir='ltr'><strong>git,</strong></span> <span class='ocrx_word' id='word_1_735' title='bbox 2446 4307 2605 4363; x_wconf 85' lang='lat' dir='ltr'><strong>factio</strong></span> <span class='ocrx_word' id='word_1_736' title='bbox 2634 4307 2758 4361; x_wconf 89' lang='lat' dir='ltr'><strong>inde</strong></span> <span class='ocrx_word' id='word_1_737' title='bbox 2775 4308 3157 4361; x_wconf 89' lang='lat' dir='ltr'><strong>concinnatur:</strong></span> <span class='ocrx_word' id='word_1_738' title='bbox 3191 4306 3283 4359; x_wconf 75' lang='lat' dir='ltr'><strong>irte</strong></span> <span class='ocrx_word' id='word_1_739' title='bbox 3306 4302 3896 4373; x_wconf 74' lang='lat' dir='ltr'><strong>quoque,insiditeque,</strong></span> 
     </span>
    </p>
   </div>
   <div class='ocr_carea' id='block_1_87' title="bbox 2317 4391 3905 4465">
    <p class='ocr_par' dir='ltr' id='par_1_87' title="bbox 2317 4391 3905 4465">
     <span class='ocr_line' id='line_1_87' title="bbox 2317 4391 3905 4465; baseline -0.004 -13"><span class='ocrx_word' id='word_1_740' title='bbox 2317 4397 2620 4464; x_wconf 89' lang='lat' dir='ltr'><strong>homicidia,</strong></span> <span class='ocrx_word' id='word_1_741' title='bbox 2638 4397 2774 4451; x_wconf 89' lang='lat' dir='ltr'><strong>bella</strong></span> <span class='ocrx_word' id='word_1_742' title='bbox 2788 4396 2921 4465; x_wconf 86' lang='lat' dir='ltr'><strong>ipsa,</strong></span> <span class='ocrx_word' id='word_1_743' title='bbox 2936 4397 3046 4450; x_wconf 88' lang='lat' dir='ltr'><strong>sive</strong></span> <span class='ocrx_word' id='word_1_744' title='bbox 3063 4395 3295 4464; x_wconf 88' lang='lat' dir='ltr'><strong>publica,</strong></span> <span class='ocrx_word' id='word_1_745' title='bbox 3313 4394 3424 4447; x_wconf 90' lang='lat' dir='ltr'><strong>sive</strong></span> <span class='ocrx_word' id='word_1_746' title='bbox 3449 4391 3700 4446; x_wconf 90' lang='lat' dir='ltr'><strong>intestina</strong></span> <span class='ocrx_word' id='word_1_747' title='bbox 3713 4430 3727 4454; x_wconf 94' lang='lat'><strong>,</strong></span> <span class='ocrx_word' id='word_1_748' title='bbox 3745 4391 3905 4459; x_wconf 78' lang='lat' dir='ltr'><strong>cupi-</strong></span> 
     </span>
    </p>
   </div>
   <div class='ocr_carea' id='block_1_88' title="bbox 2316 4480 3900 4553">
    <p class='ocr_par' dir='ltr' id='par_1_88' title="bbox 2316 4480 3900 4553">
     <span class='ocr_line' id='line_1_88' title="bbox 2316 4480 3900 4553; baseline -0.006 -11"><span class='ocrx_word' id='word_1_749' title='bbox 2316 4488 2500 4543; x_wconf 89' lang='lat' dir='ltr'><strong>ditatis</strong></span> <span class='ocrx_word' id='word_1_750' title='bbox 2530 4498 2584 4544; x_wconf 91' lang='lat' dir='ltr'><strong>et</strong></span> <span class='ocrx_word' id='word_1_751' title='bbox 2623 4489 2862 4543; x_wconf 75' lang='lat' dir='ltr'><strong>avaritite</strong></span> <span class='ocrx_word' id='word_1_752' title='bbox 2891 4489 3090 4543; x_wconf 87' lang='lat' dir='ltr'><strong>fructus</strong></span> <span class='ocrx_word' id='word_1_753' title='bbox 3104 4495 3259 4549; x_wconf 85' lang='lat' dir='ltr'><strong>sunt;</strong></span> <span class='ocrx_word' id='word_1_754' title='bbox 3292 4493 3351 4538; x_wconf 91' lang='lat' dir='ltr'><strong>ut</strong></span> <span class='ocrx_word' id='word_1_755' title='bbox 3376 4484 3419 4538; x_wconf 92' lang='lat' dir='ltr'><strong>si</strong></span> <span class='ocrx_word' id='word_1_756' title='bbox 3450 4482 3667 4553; x_wconf 89' lang='lat' dir='ltr'><strong>quando</strong></span> <span class='ocrx_word' id='word_1_757' title='bbox 3690 4480 3777 4535; x_wconf 91' lang='lat' dir='ltr'><strong>vel</strong></span> <span class='ocrx_word' id='word_1_758' title='bbox 3808 4495 3900 4534; x_wconf 80' lang='lat' dir='ltr'><strong>ar—</strong></span> 
     </span>
    </p>
   </div>
   <div class='ocr_carea' id='block_1_89' title="bbox 632 4555 3911 4647">
    <p class='ocr_par' dir='ltr' id='par_1_89' title="bbox 632 4555 3911 4647">
     <span class='ocr_line' id='line_1_89' title="bbox 632 4555 3911 4647; baseline -0.001 -22"><span class='ocrx_word' id='word_1_759' title='bbox 632 4570 810 4639; x_wconf 89' lang='lat' dir='ltr'><strong>cupivi</strong></span> <span class='ocrx_word' id='word_1_760' title='bbox 838 4588 852 4636; x_wconf 91' lang='lat'>;</span> <span class='ocrx_word' id='word_1_761' title='bbox 897 4582 949 4626; x_wconf 92' lang='lat' dir='ltr'><strong>tu</strong></span> <span class='ocrx_word' id='word_1_762' title='bbox 980 4573 1254 4642; x_wconf 81' lang='lat' dir='ltr'><strong>inspexisti</strong></span> <span class='ocrx_word' id='word_1_763' title='bbox 1281 4584 1335 4629; x_wconf 91' lang='lat' dir='ltr'><strong>et</strong></span> <span class='ocrx_word' id='word_1_764' title='bbox 1375 4591 1473 4645; x_wconf 88' lang='lat' dir='ltr'><strong>ego</strong></span> <span class='ocrx_word' id='word_1_765' title='bbox 1516 4579 1751 4646; x_wconf 85' lang='lat' dir='ltr'><strong>peccavi.</strong></span> <span class='ocrx_word' id='word_1_766' title='bbox 1780 4555 2205 4643; x_wconf 42' lang='lat' dir='ltr'><strong>Vidisti‘aurum,</strong></span> <span class='ocrx_word' id='word_1_767' title='bbox 2240 4555 2288 4614; x_wconf 76' lang='grc' dir='ltr'><strong>Ῑ)</strong></span> <span class='ocrx_word' id='word_1_768' title='bbox 2312 4579 2414 4633; x_wconf 88' lang='lat' dir='ltr'><strong>mis</strong></span> <span class='ocrx_word' id='word_1_769' title='bbox 2438 4579 2518 4632; x_wconf 89' lang='lat' dir='ltr'><strong>vel</strong></span> <span class='ocrx_word' id='word_1_770' title='bbox 2549 4578 2896 4647; x_wconf 85' lang='lat' dir='ltr'><strong>argumentis,</strong></span> <span class='ocrx_word' id='word_1_771' title='bbox 2915 4577 3052 4631; x_wconf 87' lang='lat' dir='ltr'><strong>alter</strong></span> <span class='ocrx_word' id='word_1_772' title='bbox 3081 4576 3308 4628; x_wconf 86' lang='lat' dir='ltr'><strong>alterum</strong></span> <span class='ocrx_word' id='word_1_773' title='bbox 3329 4573 3414 4628; x_wconf 92' lang='lat' dir='ltr'><strong>vel</strong></span> <span class='ocrx_word' id='word_1_774' title='bbox 3454 4572 3794 4642; x_wconf 87' lang='lat' dir='ltr'><strong>superaverit</strong></span> <span class='ocrx_word' id='word_1_775' title='bbox 3811 4570 3911 4624; x_wconf 45' lang='lat' dir='ltr'><strong>vel:</strong></span> 
     </span>
    </p>
   </div>
   <div class='ocr_carea' id='block_1_90' title="bbox 633 4663 2207 4738">
    <p class='ocr_par' dir='ltr' id='par_1_90' title="bbox 633 4663 2207 4738">
     <span class='ocr_line' id='line_1_90' title="bbox 633 4663 2207 4738; baseline 0.006 -21"><span class='ocrx_word' id='word_1_776' title='bbox 633 4663 811 4717; x_wconf 90' lang='lat' dir='ltr'><strong>vidisti</strong></span> <span class='ocrx_word' id='word_1_777' title='bbox 834 4666 1201 4731; x_wconf 86' lang='lat' dir='ltr'><strong>possessiones</strong></span> <span class='ocrx_word' id='word_1_778' title='bbox 1228 4667 1454 4723; x_wconf 87' lang='lat' dir='ltr'><strong>aliorum</strong></span> <span class='ocrx_word' id='word_1_779' title='bbox 1478 4678 1531 4724; x_wconf 90' lang='lat' dir='ltr'><strong>et</strong></span> <span class='ocrx_word' id='word_1_780' title='bbox 1559 4669 1754 4738; x_wconf 71' lang='lat' dir='ltr'><strong>praedia</strong></span> <span class='ocrx_word' id='word_1_781' title='bbox 1785 4688 1799 4725; x_wconf 90' lang='lat'><strong>:</strong></span> <span class='ocrx_word' id='word_1_782' title='bbox 1848 4673 2066 4726; x_wconf 69' lang='lat' dir='ltr'><strong>caecavit</strong></span> <span class='ocrx_word' id='word_1_783' title='bbox 2093 4688 2207 4726; x_wconf 87' lang='lat' dir='ltr'><strong>am-</strong></span> 
     </span>
    </p>
   </div>
   <div class='ocr_carea' id='block_1_91' title="bbox 633 4753 2207 4833">
    <p class='ocr_par' dir='ltr' id='par_1_91' title="bbox 633 4753 2207 4833">
     <span class='ocr_line' id='line_1_91' title="bbox 633 4753 2207 4833; baseline 0.007 -24"><span class='ocrx_word' id='word_1_784' title='bbox 633 4753 785 4809; x_wconf 90' lang='lat' dir='ltr'><strong>bitio.</strong></span> <span class='ocrx_word' id='word_1_785' title='bbox 818 4753 970 4824; x_wconf 76' lang='lat' dir='ltr'><strong>C(epi</strong></span> <span class='ocrx_word' id='word_1_786' title='bbox 1003 4757 1143 4812; x_wconf 88' lang='lat' dir='ltr'><strong>velle</strong></span> <span class='ocrx_word' id='word_1_787' title='bbox 1171 4760 1311 4827; x_wconf 86' lang='lat' dir='ltr'><strong>quod</strong></span> <span class='ocrx_word' id='word_1_788' title='bbox 1336 4775 1512 4814; x_wconf 91' lang='lat' dir='ltr'><strong>meum</strong></span> <span class='ocrx_word' id='word_1_789' title='bbox 1536 4777 1641 4816; x_wconf 91' lang='lat' dir='ltr'><strong>non</strong></span> <span class='ocrx_word' id='word_1_790' title='bbox 1669 4770 1803 4826; x_wconf 87' lang='lat' dir='ltr'><strong>erat.</strong></span> <span class='ocrx_word' id='word_1_791' title='bbox 1841 4764 1976 4833; x_wconf 63' lang='lat' dir='ltr'><strong>coepi</strong></span> <span class='ocrx_word' id='word_1_792' title='bbox 1999 4765 2207 4820; x_wconf 90' lang='lat' dir='ltr'><strong>auferre</strong></span> 
     </span>
    </p>
   </div>
   <div class='ocr_carea' id='block_1_92' title="bbox 629 4854 2204 4925">
    <p class='ocr_par' dir='ltr' id='par_1_92' title="bbox 629 4854 2204 4925">
     <span class='ocr_line' id='line_1_92' title="bbox 629 4854 2204 4925; baseline 0.008 -23"><span class='ocrx_word' id='word_1_793' title='bbox 629 4856 722 4902; x_wconf 88' lang='lat' dir='ltr'><strong>aut</strong></span> <span class='ocrx_word' id='word_1_794' title='bbox 744 4854 1328 4925; x_wconf 25' lang='lat' dir='ltr'><strong>argumento’invadere</strong></span> <span class='ocrx_word' id='word_1_795' title='bbox 1355 4856 1549 4912; x_wconf 88' lang='lat' dir='ltr'><strong>aliena.</strong></span> <span class='ocrx_word' id='word_1_796' title='bbox 1583 4858 1695 4911; x_wconf 88' lang='lat' dir='ltr'><strong>Tali</strong></span> <span class='ocrx_word' id='word_1_797' title='bbox 1720 4874 1804 4912; x_wconf 93' lang='lat' dir='ltr'><strong>me</strong></span> <span class='ocrx_word' id='word_1_798' title='bbox 1835 4860 2087 4914; x_wconf 87' lang='lat' dir='ltr'><strong>seandalo</strong></span> <span class='ocrx_word' id='word_1_799' title='bbox 2108 4861 2204 4914; x_wconf 84' lang='lat' dir='ltr'><strong>ob-</strong></span> 
     </span>
    </p>
   </div>
   <div class='ocr_carea' id='block_1_93' title="bbox 630 4941 2204 5020">
    <p class='ocr_par' dir='ltr' id='par_1_93' title="bbox 630 4941 2204 5020">
     <span class='ocr_line' id='line_1_93' title="bbox 630 4941 2204 5020; baseline 0.006 -26"><span class='ocrx_word' id='word_1_800' title='bbox 630 4941 861 4995; x_wconf 72' lang='lat' dir='ltr'><strong>caaeasti.</strong></span> <span class='ocrx_word' id='word_1_801' title='bbox 894 4941 1029 5009; x_wconf 86' lang='lat' dir='ltr'><strong>Quid</strong></span> <span class='ocrx_word' id='word_1_802' title='bbox 1052 4944 1226 5013; x_wconf 82' lang='lat' dir='ltr'><strong>dicam</strong></span> <span class='ocrx_word' id='word_1_803' title='bbox 1252 4945 1319 5001; x_wconf 91' lang='lat' dir='ltr'><strong>de</strong></span> <span class='ocrx_word' id='word_1_804' title='bbox 1348 4946 1573 5003; x_wconf 89' lang='lat' dir='ltr'><strong>feminea</strong></span> <span class='ocrx_word' id='word_1_805' title='bbox 1599 4950 1802 5017; x_wconf 85' lang='lat' dir='ltr'><strong>specie,</strong></span> <span class='ocrx_word' id='word_1_806' title='bbox 1834 4959 2091 5020; x_wconf 89' lang='lat' dir='ltr'><strong>quantum</strong></span> <span class='ocrx_word' id='word_1_807' title='bbox 2126 4951 2204 5003; x_wconf 92' lang='lat' dir='ltr'><strong>in-</strong></span> 
     </span>
    </p>
   </div>
   <div class='ocr_carea' id='block_1_94' title="bbox 631 5032 2204 5109">
    <p class='ocr_par' dir='ltr' id='par_1_94' title="bbox 631 5032 2204 5109">
     <span class='ocr_line' id='line_1_94' title="bbox 631 5032 2204 5109; baseline 0.006 -24"><span class='ocrx_word' id='word_1_808' title='bbox 631 5032 831 5086; x_wconf 88' lang='lat' dir='ltr'><strong>tuendo</strong></span> <span class='ocrx_word' id='word_1_809' title='bbox 860 5048 975 5087; x_wconf 86' lang='lat' dir='ltr'><strong>eam</strong></span> <span class='ocrx_word' id='word_1_810' title='bbox 1000 5035 1233 5104; x_wconf 86' lang='lat' dir='ltr'><strong>collapsa</strong></span> <span class='ocrx_word' id='word_1_811' title='bbox 1286 5048 1368 5093; x_wconf 85' lang='lat' dir='ltr'><strong>est</strong></span> <span class='ocrx_word' id='word_1_812' title='bbox 1396 5040 1595 5109; x_wconf 85' lang='lat' dir='ltr'><strong>anima,</strong></span> <span class='ocrx_word' id='word_1_813' title='bbox 1626 5041 1927 5095; x_wconf 84' lang='lat' dir='ltr'><strong>eﬂeminata</strong></span> <span class='ocrx_word' id='word_1_814' title='bbox 1952 5051 2075 5095; x_wconf 90' lang='lat' dir='ltr'><strong>sunt</strong></span> <span class='ocrx_word' id='word_1_815' title='bbox 2101 5044 2204 5095; x_wconf 79' lang='lat' dir='ltr'><strong>v‘s-</strong></span> 
     </span>
    </p>
   </div>
   <div class='ocr_carea' id='block_1_95' title="bbox 628 5126 2201 5201">
    <p class='ocr_par' dir='ltr' id='par_1_95' title="bbox 628 5126 2201 5201">
     <span class='ocr_line' id='line_1_95' title="bbox 628 5126 2201 5201; baseline 0.008 -24"><span class='ocrx_word' id='word_1_816' title='bbox 628 5137 772 5188; x_wconf 88' lang='lat' dir='ltr'><strong>cera,</strong></span> <span class='ocrx_word' id='word_1_817' title='bbox 824 5133 879 5179; x_wconf 92' lang='lat' dir='ltr'><strong>et</strong></span> <span class='ocrx_word' id='word_1_818' title='bbox 919 5126 1066 5195; x_wconf 89' lang='lat' dir='ltr'><strong>quasi</strong></span> <span class='ocrx_word' id='word_1_819' title='bbox 1102 5131 1549 5199; x_wconf 72' lang='lat' dir='ltr'><strong>concupiscentia:</strong></span> <span class='ocrx_word' id='word_1_820' title='bbox 1579 5133 1767 5200; x_wconf 85' lang='lat' dir='ltr'><strong>sagitta</strong></span> <span class='ocrx_word' id='word_1_821' title='bbox 1822 5147 2107 5201; x_wconf 89' lang='lat' dir='ltr'><strong>percussus</strong></span> <span class='ocrx_word' id='word_1_822' title='bbox 2135 5133 2201 5189; x_wconf 87' lang='lat' dir='ltr'><strong>de</strong></span> 
     </span>
    </p>
   </div>
   <div class='ocr_carea' id='block_1_96' title="bbox 629 5213 2203 5291">
    <p class='ocr_par' dir='ltr' id='par_1_96' title="bbox 629 5213 2203 5291">
     <span class='ocr_line' id='line_1_96' title="bbox 629 5213 2203 5291; baseline 0.01 -29"><span class='ocrx_word' id='word_1_823' title='bbox 629 5213 857 5280; x_wconf 89' lang='lat' dir='ltr'><strong>quodam</strong></span> <span class='ocrx_word' id='word_1_824' title='bbox 890 5217 1181 5285; x_wconf 72' lang='lat' dir='ltr'><strong>praecipitio</strong></span> <span class='ocrx_word' id='word_1_825' title='bbox 1210 5222 1412 5275; x_wconf 91' lang='lat' dir='ltr'><strong>corrui?</strong></span> <span class='ocrx_word' id='word_1_826' title='bbox 1439 5221 1509 5275; x_wconf 91' lang='lat' dir='ltr'><strong>Da</strong></span> <span class='ocrx_word' id='word_1_827' title='bbox 1558 5221 1716 5276; x_wconf 91' lang='lat' dir='ltr'><strong>modo</strong></span> <span class='ocrx_word' id='word_1_828' title='bbox 1748 5222 2007 5291; x_wconf 88' lang='lat' dir='ltr'><strong>liquorem</strong></span> <span class='ocrx_word' id='word_1_829' title='bbox 2032 5231 2203 5289; x_wconf 90' lang='lat' dir='ltr'><strong>tuum,</strong></span> 
     </span>
    </p>
   </div>
   <div class='ocr_carea' id='block_1_97' title="bbox 626 5304 2208 5383">
    <p class='ocr_par' dir='ltr' id='par_1_97' title="bbox 626 5304 2208 5383">
     <span class='ocr_line' id='line_1_97' title="bbox 626 5304 2208 5383; baseline 0.008 -24"><span class='ocrx_word' id='word_1_830' title='bbox 626 5313 681 5359; x_wconf 88' lang='lat' dir='ltr'><strong>et</strong></span> <span class='ocrx_word' id='word_1_831' title='bbox 701 5304 820 5360; x_wconf 90' lang='lat' dir='ltr'><strong>dele</strong></span> <span class='ocrx_word' id='word_1_832' title='bbox 851 5319 1119 5375; x_wconf 87' lang='lat' dir='ltr'><strong>peccatum</strong></span> <span class='ocrx_word' id='word_1_833' title='bbox 1152 5326 1352 5367; x_wconf 91' lang='lat' dir='ltr'><strong>meum.</strong></span> <span class='ocrx_word' id='word_1_834' title='bbox 1386 5313 1546 5383; x_wconf 87' lang='lat' dir='ltr'><strong>lrriga</strong></span> <span class='ocrx_word' id='word_1_835' title='bbox 1573 5328 1657 5368; x_wconf 90' lang='lat' dir='ltr'><strong>me</strong></span> <span class='ocrx_word' id='word_1_836' title='bbox 1678 5312 1938 5367; x_wconf 88' lang='lat' dir='ltr'><strong>imbribus</strong></span> <span class='ocrx_word' id='word_1_837' title='bbox 1960 5316 2064 5370; x_wconf 86' lang='lat' dir='ltr'><strong>tuis</strong></span> <span class='ocrx_word' id='word_1_838' title='bbox 2089 5316 2113 5370; x_wconf 86' lang='lat'><strong>?</strong></span> <span class='ocrx_word' id='word_1_839' title='bbox 2136 5317 2208 5371; x_wconf 86' lang='lat' dir='ltr'><strong>ir-</strong></span> 
     </span>
    </p>
   </div>
   <div class='ocr_carea' id='block_1_98' title="bbox 630 5401 2203 5476">
    <p class='ocr_par' dir='ltr' id='par_1_98' title="bbox 630 5401 2203 5476">
     <span class='ocr_line' id='line_1_98' title="bbox 630 5401 2203 5476; baseline 0.007 -26"><span class='ocrx_word' id='word_1_840' title='bbox 630 5408 785 5451; x_wconf 85' lang='lat' dir='ltr'><strong>ruant</strong></span> <span class='ocrx_word' id='word_1_841' title='bbox 807 5412 957 5467; x_wconf 72' lang='lat' dir='ltr'><strong>aqua:</strong></span> <span class='ocrx_word' id='word_1_842' title='bbox 985 5407 1090 5455; x_wconf 77' lang='lat' dir='ltr'><strong>tua:</strong></span> <span class='ocrx_word' id='word_1_843' title='bbox 1109 5409 1165 5455; x_wconf 90' lang='lat' dir='ltr'><strong>et</strong></span> <span class='ocrx_word' id='word_1_844' title='bbox 1184 5401 1413 5457; x_wconf 89' lang='lat' dir='ltr'><strong>obruant</strong></span> <span class='ocrx_word' id='word_1_845' title='bbox 1442 5404 1664 5457; x_wconf 88' lang='lat' dir='ltr'><strong>crimina</strong></span> <span class='ocrx_word' id='word_1_846' title='bbox 1695 5418 1832 5457; x_wconf 89' lang='lat' dir='ltr'><strong>mea.</strong></span> <span class='ocrx_word' id='word_1_847' title='bbox 1851 5404 2203 5476; x_wconf 82' lang='lat' dir='ltr'><strong>Haecloquere</strong></span> 
     </span>
    </p>
   </div>
   <div class='ocr_carea' id='block_1_99' title="bbox 626 5491 2206 5566">
    <p class='ocr_par' dir='ltr' id='par_1_99' title="bbox 626 5491 2206 5566">
     <span class='ocr_line' id='line_1_99' title="bbox 626 5491 2206 5566; baseline 0.008 -25"><span class='ocrx_word' id='word_1_848' title='bbox 626 5500 749 5545; x_wconf 84' lang='lat' dir='ltr'><strong>cum</strong></span> <span class='ocrx_word' id='word_1_849' title='bbox 778 5491 934 5545; x_wconf 92' lang='lat' dir='ltr'><strong>oculo</strong></span> <span class='ocrx_word' id='word_1_850' title='bbox 953 5499 1043 5546; x_wconf 93' lang='lat' dir='ltr'><strong>tuo</strong></span> <span class='ocrx_word' id='word_1_851' title='bbox 1063 5494 1153 5562; x_wconf 91' lang='lat' dir='ltr'><strong>qui</strong></span> <span class='ocrx_word' id='word_1_852' title='bbox 1182 5503 1234 5548; x_wconf 92' lang='lat' dir='ltr'><strong>te</strong></span> <span class='ocrx_word' id='word_1_853' title='bbox 1264 5494 1665 5550; x_wconf 69' lang='lat' dir='ltr'><strong>scandalizavit.</strong></span> <span class='ocrx_word' id='word_1_854' title='bbox 1702 5495 1963 5549; x_wconf 78' lang='lat' dir='ltr'><strong>Przeterea</strong></span> <span class='ocrx_word' id='word_1_855' title='bbox 1993 5500 2206 5566; x_wconf 85' lang='lat' dir='ltr'><strong>percipe</strong></span> 
     </span>
    </p>
   </div>
   <div class='ocr_carea' id='block_1_100' title="bbox 631 5578 2208 5658">
    <p class='ocr_par' dir='ltr' id='par_1_100' title="bbox 631 5578 2208 5658">
     <span class='ocr_line' id='line_1_100' title="bbox 631 5578 2208 5658; baseline 0.008 -27"><span class='ocrx_word' id='word_1_856' title='bbox 631 5586 683 5631; x_wconf 90' lang='lat' dir='ltr'><strong>te</strong></span> <span class='ocrx_word' id='word_1_857' title='bbox 708 5578 759 5631; x_wconf 92' lang='lat' dir='ltr'><strong>in</strong></span> <span class='ocrx_word' id='word_1_858' title='bbox 791 5579 1021 5636; x_wconf 90' lang='lat' dir='ltr'><strong>futurum</strong></span> <span class='ocrx_word' id='word_1_859' title='bbox 1048 5582 1328 5653; x_wconf 87' lang='lat' dir='ltr'><strong>judicium.</strong></span> <span class='ocrx_word' id='word_1_860' title='bbox 1366 5583 1542 5654; x_wconf 85' lang='lat' dir='ltr'><strong>Punge</strong></span> <span class='ocrx_word' id='word_1_861' title='bbox 1574 5600 1760 5639; x_wconf 89' lang='lat' dir='ltr'><strong>venam</strong></span> <span class='ocrx_word' id='word_1_862' title='bbox 1782 5586 1961 5641; x_wconf 85' lang='lat' dir='ltr'><strong>cordis</strong></span> <span class='ocrx_word' id='word_1_863' title='bbox 1993 5588 2064 5641; x_wconf 92' lang='lat' dir='ltr'><strong>tui</strong></span> <span class='ocrx_word' id='word_1_864' title='bbox 2097 5603 2208 5658; x_wconf 72' lang='lat' dir='ltr'><strong>pa:-</strong></span> 
     </span>
    </p>
   </div>
   <div class='ocr_carea' id='block_1_101' title="bbox 631 5668 2206 5746">
    <p class='ocr_par' dir='ltr' id='par_1_101' title="bbox 631 5668 2206 5746">
     <span class='ocr_line' id='line_1_101' title="bbox 631 5668 2206 5746; baseline 0.009 -25"><span class='ocrx_word' id='word_1_865' title='bbox 631 5668 867 5725; x_wconf 69' lang='lat' dir='ltr'><strong>nitentite</strong></span> <span class='ocrx_word' id='word_1_866' title='bbox 895 5674 1147 5740; x_wconf 75' lang='lat' dir='ltr'><strong>Stimulis,</strong></span> <span class='ocrx_word' id='word_1_867' title='bbox 1196 5684 1250 5729; x_wconf 91' lang='lat' dir='ltr'><strong>et</strong></span> <span class='ocrx_word' id='word_1_868' title='bbox 1303 5675 1369 5729; x_wconf 92' lang='lat' dir='ltr'><strong>de</strong></span> <span class='ocrx_word' id='word_1_869' title='bbox 1421 5674 1527 5728; x_wconf 91' lang='lat' dir='ltr'><strong>imo</strong></span> <span class='ocrx_word' id='word_1_870' title='bbox 1554 5676 1715 5731; x_wconf 90' lang='lat' dir='ltr'><strong>corde</strong></span> <span class='ocrx_word' id='word_1_871' title='bbox 1740 5685 1899 5746; x_wconf 87' lang='lat' dir='ltr'><strong>atque</strong></span> <span class='ocrx_word' id='word_1_872' title='bbox 1928 5678 1996 5735; x_wconf 91' lang='lat' dir='ltr'><strong>de</strong></span> <span class='ocrx_word' id='word_1_873' title='bbox 2023 5679 2206 5735; x_wconf 89' lang='lat' dir='ltr'><strong>intima</strong></span> 
     </span>
    </p>
   </div>
   <div class='ocr_carea' id='block_1_102' title="bbox 629 5763 2202 5839">
    <p class='ocr_par' dir='ltr' id='par_1_102' title="bbox 629 5763 2202 5839">
     <span class='ocr_line' id='line_1_102' title="bbox 629 5763 2202 5839; baseline 0.01 -26"><span class='ocrx_word' id='word_1_874' title='bbox 629 5768 809 5815; x_wconf 82' lang='lat' dir='ltr'><strong>mente</strong></span> <span class='ocrx_word' id='word_1_875' title='bbox 862 5763 1057 5819; x_wconf 88' lang='lat' dir='ltr'><strong>educas</strong></span> <span class='ocrx_word' id='word_1_876' title='bbox 1086 5780 1275 5834; x_wconf 84' lang='lat' dir='ltr'><strong>aquam</strong></span> <span class='ocrx_word' id='word_1_877' title='bbox 1326 5768 1493 5821; x_wconf 86' lang='lat' dir='ltr'><strong>vivam</strong></span> <span class='ocrx_word' id='word_1_878' title='bbox 1529 5767 1578 5821; x_wconf 91' lang='lat' dir='ltr'><strong>in</strong></span> <span class='ocrx_word' id='word_1_879' title='bbox 1609 5769 1781 5836; x_wconf 87' lang='lat' dir='ltr'><strong>capite</strong></span> <span class='ocrx_word' id='word_1_880' title='bbox 1830 5771 2202 5839; x_wconf 89' lang='lat' dir='ltr'><strong>proﬂuentem.</strong></span> 
     </span>
    </p>
   </div>
   <div class='ocr_carea' id='block_1_103' title="bbox 2311 4665 3902 4737">
    <p class='ocr_par' dir='ltr' id='par_1_103' title="bbox 2311 4665 3902 4737">
     <span class='ocr_line' id='line_1_103' title="bbox 2311 4665 3902 4737; baseline -0.006 -11"><span class='ocrx_word' id='word_1_881' title='bbox 2311 4671 2636 4726; x_wconf 86' lang='lat' dir='ltr'><strong>truncaverit</strong></span> <span class='ocrx_word' id='word_1_882' title='bbox 2659 4711 2674 4735; x_wconf 94' lang='lat'><strong>,</strong></span> <span class='ocrx_word' id='word_1_883' title='bbox 2707 4682 2793 4724; x_wconf 91' lang='lat' dir='ltr'><strong>res</strong></span> <span class='ocrx_word' id='word_1_884' title='bbox 2824 4667 2941 4737; x_wconf 87' lang='lat' dir='ltr'><strong>ejus</strong></span> <span class='ocrx_word' id='word_1_885' title='bbox 2991 4667 3137 4722; x_wconf 90' lang='lat' dir='ltr'><strong>velut</strong></span> <span class='ocrx_word' id='word_1_886' title='bbox 3179 4668 3352 4721; x_wconf 89' lang='lat' dir='ltr'><strong>victor</strong></span> <span class='ocrx_word' id='word_1_887' title='bbox 3386 4665 3603 4736; x_wconf 84' lang='lat' dir='ltr'><strong>diripiat</strong></span> <span class='ocrx_word' id='word_1_888' title='bbox 3638 4677 3902 4731; x_wconf 88' lang='lat' dir='ltr'><strong>suamque</strong></span> 
     </span>
    </p>
   </div>
   <div class='ocr_carea' id='block_1_104' title="bbox 2312 4755 3901 4827">
    <p class='ocr_par' dir='ltr' id='par_1_104' title="bbox 2312 4755 3901 4827">
     <span class='ocr_line' id='line_1_104' title="bbox 2312 4755 3901 4827; baseline -0.009 -9"><span class='ocrx_word' id='word_1_889' title='bbox 2312 4762 2590 4818; x_wconf 87' lang='lat' dir='ltr'><strong>avaritiam</strong></span> <span class='ocrx_word' id='word_1_890' title='bbox 2622 4758 2886 4827; x_wconf 89' lang='lat' dir='ltr'><strong>suppleat.</strong></span> <span class='ocrx_word' id='word_1_891' title='bbox 2927 4757 2995 4812; x_wconf 85' lang='lat' dir='ltr'><strong>Et</strong></span> <span class='ocrx_word' id='word_1_892' title='bbox 3019 4757 3119 4811; x_wconf 85' lang='lat' dir='ltr'><strong>hoc</strong></span> <span class='ocrx_word' id='word_1_893' title='bbox 3149 4765 3231 4811; x_wconf 90' lang='lat' dir='ltr'><strong>est</strong></span> <span class='ocrx_word' id='word_1_894' title='bbox 3253 4755 3392 4825; x_wconf 89' lang='lat' dir='ltr'><strong>quod</strong></span> <span class='ocrx_word' id='word_1_895' title='bbox 3424 4755 3695 4822; x_wconf 88' lang='lat' dir='ltr'><strong>Scriptura</strong></span> <span class='ocrx_word' id='word_1_896' title='bbox 3733 4760 3901 4806; x_wconf 84' lang='lat' dir='ltr'><strong>testa-</strong></span> 
     </span>
    </p>
   </div>
   <div class='ocr_carea' id='block_1_105' title="bbox 2311 4845 3899 4922">
    <p class='ocr_par' dir='ltr' id='par_1_105' title="bbox 2311 4845 3899 4922">
     <span class='ocr_line' id='line_1_105' title="bbox 2311 4845 3899 4922; baseline -0.01 -13"><span class='ocrx_word' id='word_1_897' title='bbox 2311 4866 2395 4910; x_wconf 94' lang='lat' dir='ltr'><strong>tnr</strong></span> <span class='ocrx_word' id='word_1_898' title='bbox 2425 4853 2733 4922; x_wconf 80' lang='lat' dir='ltr'><strong>Apostolus,</strong></span> <span class='ocrx_word' id='word_1_899' title='bbox 2757 4849 2944 4904; x_wconf 86' lang='lat' dir='ltr'><strong>dicens</strong></span> <span class='ocrx_word' id='word_1_900' title='bbox 2972 4865 2987 4901; x_wconf 89' lang='lat'><strong>:</strong></span> <span class='ocrx_word' id='word_1_901' title='bbox 3025 4847 3199 4901; x_wconf 70' lang='lat' dir='ltr'><strong>Radix</strong></span> <span class='ocrx_word' id='word_1_902' title='bbox 3231 4847 3456 4901; x_wconf 86' lang='lat' dir='ltr'><strong>omnium</strong></span> <span class='ocrx_word' id='word_1_903' title='bbox 3489 4845 3751 4897; x_wconf 69' lang='lat' dir='ltr'><strong>malorum.</strong></span> <span class='ocrx_word' id='word_1_904' title='bbox 3773 4858 3899 4895; x_wconf 79' lang='lat' dir='ltr'><strong>ava—</strong></span> 
     </span>
    </p>
   </div>
   <div class='ocr_carea' id='block_1_106' title="bbox 2310 4935 3891 5016">
    <p class='ocr_par' dir='ltr' id='par_1_106' title="bbox 2310 4935 3891 5016">
     <span class='ocr_line' id='line_1_106' title="bbox 2310 4935 3891 5016; baseline -0.006 -18"><span class='ocrx_word' id='word_1_905' title='bbox 2310 4947 2429 4999; x_wconf 85' lang='lat' dir='ltr'><strong>ritia</strong></span> <span class='ocrx_word' id='word_1_906' title='bbox 2462 4943 2515 5016; x_wconf 88' lang='grc'><strong>(1</strong></span> <span class='ocrx_word' id='word_1_907' title='bbox 2542 4944 2674 5002; x_wconf 84' lang='lat' dir='ltr'><strong>Tim.</strong></span> <span class='ocrx_word' id='word_1_908' title='bbox 2703 4941 2800 5014; x_wconf 74' lang='lat' dir='ltr'><strong>v1).</strong></span> <span class='ocrx_word' id='word_1_909' title='bbox 2835 4942 2985 4995; x_wconf 90' lang='lat' dir='ltr'><strong>Disce</strong></span> <span class='ocrx_word' id='word_1_910' title='bbox 3013 4941 3299 5010; x_wconf 88' lang='lat' dir='ltr'><strong>diligenter</strong></span> <span class='ocrx_word' id='word_1_911' title='bbox 3316 4938 3440 5008; x_wconf 92' lang='lat' dir='ltr'><strong>quid</strong></span> <span class='ocrx_word' id='word_1_912' title='bbox 3468 4938 3538 4991; x_wconf 87' lang='lat' dir='ltr'><strong>sit</strong></span> <span class='ocrx_word' id='word_1_913' title='bbox 3567 4936 3620 4991; x_wconf 91' lang='lat' dir='ltr'><strong>in</strong></span> <span class='ocrx_word' id='word_1_914' title='bbox 3645 4935 3891 4991; x_wconf 77' lang='lat' dir='ltr'><strong>homine.</strong></span> 
     </span>
    </p>
   </div>
   <div class='ocr_carea' id='block_1_107' title="bbox 2310 5026 3907 5092">
    <p class='ocr_par' dir='ltr' id='par_1_107' title="bbox 2310 5026 3907 5092">
     <span class='ocr_line' id='line_1_107' title="bbox 2310 5026 3907 5092; baseline -0.008 -1"><span class='ocrx_word' id='word_1_915' title='bbox 2310 5037 2452 5092; x_wconf 90' lang='lat' dir='ltr'><strong>Duas</strong></span> <span class='ocrx_word' id='word_1_916' title='bbox 2479 5036 2637 5090; x_wconf 90' lang='lat' dir='ltr'><strong>habet</strong></span> <span class='ocrx_word' id='word_1_917' title='bbox 2666 5036 2717 5089; x_wconf 90' lang='lat' dir='ltr'><strong>in</strong></span> <span class='ocrx_word' id='word_1_918' title='bbox 2750 5049 2809 5089; x_wconf 92' lang='lat' dir='ltr'><strong>se</strong></span> <span class='ocrx_word' id='word_1_919' title='bbox 2856 5033 3083 5087; x_wconf 91' lang='lat' dir='ltr'><strong>duorum</strong></span> <span class='ocrx_word' id='word_1_920' title='bbox 3135 5031 3403 5086; x_wconf 89' lang='lat' dir='ltr'><strong>malorum</strong></span> <span class='ocrx_word' id='word_1_921' title='bbox 3465 5027 3597 5082; x_wconf 82' lang='lat' dir='ltr'><strong>lixas</strong></span> <span class='ocrx_word' id='word_1_922' title='bbox 3647 5026 3907 5090; x_wconf 72' lang='lat' dir='ltr'><strong>radices;</strong></span> 
     </span>
    </p>
   </div>
   <div class='ocr_carea' id='block_1_108' title="bbox 2315 5116 3899 5198">
    <p class='ocr_par' dir='ltr' id='par_1_108' title="bbox 2315 5116 3899 5198">
     <span class='ocr_line' id='line_1_108' title="bbox 2315 5116 3899 5198; baseline -0.008 -18"><span class='ocrx_word' id='word_1_923' title='bbox 2315 5128 2507 5198; x_wconf 88' lang='lat' dir='ltr'><strong>quibus</strong></span> <span class='ocrx_word' id='word_1_924' title='bbox 2532 5124 2880 5196; x_wconf 83' lang='lat' dir='ltr'><strong>repugnando</strong></span> <span class='ocrx_word' id='word_1_925' title='bbox 2903 5123 3041 5178; x_wconf 89' lang='lat' dir='ltr'><strong>intra</strong></span> <span class='ocrx_word' id='word_1_926' title='bbox 3069 5134 3295 5177; x_wconf 83' lang='lat' dir='ltr'><strong>vexatur</strong></span> <span class='ocrx_word' id='word_1_927' title='bbox 3320 5131 3373 5176; x_wconf 87' lang='lat' dir='ltr'><strong>et</strong></span> <span class='ocrx_word' id='word_1_928' title='bbox 3400 5118 3659 5187; x_wconf 84' lang='lat' dir='ltr'><strong>carpitur.</strong></span> <span class='ocrx_word' id='word_1_929' title='bbox 3687 5116 3757 5170; x_wconf 78' lang='lat' dir='ltr'><strong>Et</strong></span> <span class='ocrx_word' id='word_1_930' title='bbox 3780 5130 3899 5185; x_wconf 67' lang='lat' dir='ltr'><strong>qua‘</strong></span> 
     </span>
    </p>
   </div>
   <div class='ocr_carea' id='block_1_109' title="bbox 2308 5208 3893 5281">
    <p class='ocr_par' dir='ltr' id='par_1_109' title="bbox 2308 5208 3893 5281">
     <span class='ocr_line' id='line_1_109' title="bbox 2308 5208 3893 5281; baseline -0.01 -6"><span class='ocrx_word' id='word_1_931' title='bbox 2308 5230 2434 5275; x_wconf 90' lang='lat' dir='ltr'><strong>sunt</strong></span> <span class='ocrx_word' id='word_1_932' title='bbox 2460 5222 2575 5276; x_wconf 70' lang='lat' dir='ltr'><strong>istte</strong></span> <span class='ocrx_word' id='word_1_933' title='bbox 2598 5220 2830 5274; x_wconf 89' lang='lat' dir='ltr'><strong>radices?</strong></span> <span class='ocrx_word' id='word_1_934' title='bbox 2850 5218 2960 5273; x_wconf 88' lang='lat' dir='ltr'><strong>Una</strong></span> <span class='ocrx_word' id='word_1_935' title='bbox 2983 5225 3066 5272; x_wconf 89' lang='lat' dir='ltr'><strong>est</strong></span> <span class='ocrx_word' id='word_1_936' title='bbox 3092 5214 3337 5281; x_wconf 88' lang='lat' dir='ltr'><strong>avaritia,</strong></span> <span class='ocrx_word' id='word_1_937' title='bbox 3361 5220 3415 5267; x_wconf 89' lang='lat' dir='ltr'><strong>et</strong></span> <span class='ocrx_word' id='word_1_938' title='bbox 3434 5226 3540 5266; x_wconf 87' lang='lat' dir='ltr'><strong>una</strong></span> <span class='ocrx_word' id='word_1_939' title='bbox 3560 5218 3643 5265; x_wconf 80' lang='lat' dir='ltr'><strong>est</strong></span> <span class='ocrx_word' id='word_1_940' title='bbox 3666 5208 3893 5263; x_wconf 78' lang='lat' dir='ltr'><strong>luxuria.</strong></span> 
     </span>
    </p>
   </div>
   <div class='ocr_carea' id='block_1_110' title="bbox 2314 5299 3894 5375">
    <p class='ocr_par' dir='ltr' id='par_1_110' title="bbox 2314 5299 3894 5375">
     <span class='ocr_line' id='line_1_110' title="bbox 2314 5299 3894 5375; baseline -0.011 -8"><span class='ocrx_word' id='word_1_941' title='bbox 2314 5313 2563 5367; x_wconf 73' lang='lat' dir='ltr'><strong>Avaritiae</strong></span> <span class='ocrx_word' id='word_1_942' title='bbox 2591 5310 2739 5365; x_wconf 79' lang='lat' dir='ltr'><strong>radix</strong></span> <span class='ocrx_word' id='word_1_943' title='bbox 2777 5310 2865 5364; x_wconf 92' lang='lat' dir='ltr'><strong>ubi</strong></span> <span class='ocrx_word' id='word_1_944' title='bbox 2889 5310 3017 5364; x_wconf 62' lang='lat' dir='ltr'><strong>est?</strong></span> <span class='ocrx_word' id='word_1_945' title='bbox 3051 5309 3107 5362; x_wconf 89' lang='lat' dir='ltr'><strong>In</strong></span> <span class='ocrx_word' id='word_1_946' title='bbox 3136 5306 3385 5375; x_wconf 90' lang='lat' dir='ltr'><strong>cupidine</strong></span> <span class='ocrx_word' id='word_1_947' title='bbox 3415 5303 3631 5359; x_wconf 86' lang='lat' dir='ltr'><strong>mentis.</strong></span> <span class='ocrx_word' id='word_1_948' title='bbox 3661 5299 3894 5355; x_wconf 78' lang='lat' dir='ltr'><strong>Luxuria</strong></span> 
     </span>
    </p>
   </div>
   <div class='ocr_carea' id='block_1_111' title="bbox 2313 5397 3895 5466">
    <p class='ocr_par' dir='ltr' id='par_1_111' title="bbox 2313 5397 3895 5466">
     <span class='ocr_line' id='line_1_111' title="bbox 2313 5397 3895 5466; baseline -0.011 -6"><span class='ocrx_word' id='word_1_949' title='bbox 2313 5406 2399 5461; x_wconf 90' lang='lat' dir='ltr'><strong>ubi</strong></span> <span class='ocrx_word' id='word_1_950' title='bbox 2420 5405 2537 5460; x_wconf 81' lang='lat' dir='ltr'><strong>est?</strong></span> <span class='ocrx_word' id='word_1_951' title='bbox 2564 5403 2618 5458; x_wconf 93' lang='lat' dir='ltr'><strong>ln</strong></span> <span class='ocrx_word' id='word_1_952' title='bbox 2651 5404 2923 5457; x_wconf 90' lang='lat' dir='ltr'><strong>voluntate</strong></span> <span class='ocrx_word' id='word_1_953' title='bbox 2947 5402 3333 5455; x_wconf 91' lang='lat' dir='ltr'><strong>membrorum.</strong></span> <span class='ocrx_word' id='word_1_954' title='bbox 3355 5397 3635 5466; x_wconf 88' lang='lat' dir='ltr'><strong>Cupiditas</strong></span> <span class='ocrx_word' id='word_1_955' title='bbox 3664 5406 3895 5461; x_wconf 83' lang='lat' dir='ltr'><strong>namque</strong></span> 
     </span>
    </p>
   </div>
   <div class='ocr_carea' id='block_1_112' title="bbox 2312 5489 3885 5558">
    <p class='ocr_par' dir='ltr' id='par_1_112' title="bbox 2312 5489 3885 5558">
     <span class='ocr_line' id='line_1_112' title="bbox 2312 5489 3885 5558; baseline -0.008 -7"><span class='ocrx_word' id='word_1_956' title='bbox 2312 5498 2511 5553; x_wconf 90' lang='lat' dir='ltr'><strong>mentis</strong></span> <span class='ocrx_word' id='word_1_957' title='bbox 2543 5497 2593 5550; x_wconf 92' lang='lat' dir='ltr'><strong>in</strong></span> <span class='ocrx_word' id='word_1_958' title='bbox 2629 5496 2847 5549; x_wconf 85' lang='lat' dir='ltr'><strong>avaritia</strong></span> <span class='ocrx_word' id='word_1_959' title='bbox 2898 5494 3246 5548; x_wconf 83' lang='lat' dir='ltr'><strong>inardescens</strong></span> <span class='ocrx_word' id='word_1_960' title='bbox 3264 5500 3435 5546; x_wconf 89' lang='lat' dir='ltr'><strong>armat</strong></span> <span class='ocrx_word' id='word_1_961' title='bbox 3467 5504 3660 5544; x_wconf 89' lang='lat' dir='ltr'><strong>manus</strong></span> <span class='ocrx_word' id='word_1_962' title='bbox 3701 5489 3885 5558; x_wconf 82' lang='lat' dir='ltr'><strong>pedes-</strong></span> 
     </span>
    </p>
   </div>
   <div class='ocr_carea' id='block_1_113' title="bbox 2310 5584 3894 5661">
    <p class='ocr_par' dir='ltr' id='par_1_113' title="bbox 2310 5584 3894 5661">
     <span class='ocr_line' id='line_1_113' title="bbox 2310 5584 3894 5661; baseline -0.007 -16"><span class='ocrx_word' id='word_1_963' title='bbox 2310 5606 2435 5661; x_wconf 90' lang='lat' dir='ltr'><strong>que,</strong></span> <span class='ocrx_word' id='word_1_964' title='bbox 2468 5599 2523 5644; x_wconf 91' lang='lat' dir='ltr'><strong>et</strong></span> <span class='ocrx_word' id='word_1_965' title='bbox 2552 5589 2678 5644; x_wconf 86' lang='lat' dir='ltr'><strong>facit</strong></span> <span class='ocrx_word' id='word_1_966' title='bbox 2700 5590 2750 5643; x_wconf 92' lang='lat' dir='ltr'><strong>in</strong></span> <span class='ocrx_word' id='word_1_967' title='bbox 2782 5588 2862 5644; x_wconf 89' lang='lat' dir='ltr'><strong>bis</strong></span> <span class='ocrx_word' id='word_1_968' title='bbox 2896 5587 3110 5643; x_wconf 91' lang='lat' dir='ltr'><strong>forense</strong></span> <span class='ocrx_word' id='word_1_969' title='bbox 3143 5594 3415 5655; x_wconf 85' lang='lat' dir='ltr'><strong>peccatum</strong></span> <span class='ocrx_word' id='word_1_970' title='bbox 3440 5626 3455 5650; x_wconf 90' lang='lat'><strong>,</strong></span> <span class='ocrx_word' id='word_1_971' title='bbox 3487 5592 3542 5639; x_wconf 90' lang='lat' dir='ltr'><strong>et</strong></span> <span class='ocrx_word' id='word_1_972' title='bbox 3566 5584 3774 5637; x_wconf 89' lang='lat' dir='ltr'><strong>crimen</strong></span> <span class='ocrx_word' id='word_1_973' title='bbox 3804 5595 3894 5635; x_wconf 69' lang='lat' dir='ltr'><strong>ex-</strong></span> 
     </span>
    </p>
   </div>
   <div class='ocr_carea' id='block_1_114' title="bbox 2312 5673 3893 5750">
    <p class='ocr_par' dir='ltr' id='par_1_114' title="bbox 2312 5673 3893 5750">
     <span class='ocr_line' id='line_1_114' title="bbox 2312 5673 3893 5750; baseline -0.006 -14"><span class='ocrx_word' id='word_1_974' title='bbox 2312 5690 2393 5737; x_wconf 87' lang='lat' dir='ltr'><strong>tra</strong></span> <span class='ocrx_word' id='word_1_975' title='bbox 2417 5697 2612 5750; x_wconf 89' lang='lat' dir='ltr'><strong>corpus</strong></span> <span class='ocrx_word' id='word_1_976' title='bbox 2642 5698 2654 5735; x_wconf 94' lang='lat'><strong>:</strong></span> <span class='ocrx_word' id='word_1_977' title='bbox 2686 5682 2833 5737; x_wconf 85' lang='lat' dir='ltr'><strong>radix</strong></span> <span class='ocrx_word' id='word_1_978' title='bbox 2862 5694 2988 5737; x_wconf 90' lang='lat' dir='ltr'><strong>vero</strong></span> <span class='ocrx_word' id='word_1_979' title='bbox 3013 5680 3259 5745; x_wconf 71' lang='lat' dir='ltr'><strong>luxuriat,</strong></span> <span class='ocrx_word' id='word_1_980' title='bbox 3289 5693 3407 5749; x_wconf 65' lang='lat' dir='ltr'><strong>qua:</strong></span> <span class='ocrx_word' id='word_1_981' title='bbox 3435 5676 3608 5731; x_wconf 88' lang='lat' dir='ltr'><strong>succis</strong></span> <span class='ocrx_word' id='word_1_982' title='bbox 3627 5673 3893 5730; x_wconf 84' lang='lat' dir='ltr'><strong>membro-</strong></span> 
     </span>
    </p>
   </div>
   <div class='ocr_carea' id='block_1_115' title="bbox 2316 5770 3891 5839">
    <p class='ocr_par' dir='ltr' id='par_1_115' title="bbox 2316 5770 3891 5839">
     <span class='ocr_line' id='line_1_115' title="bbox 2316 5770 3891 5839; baseline -0.006 -10"><span class='ocrx_word' id='word_1_983' title='bbox 2316 5791 2432 5829; x_wconf 93' lang='lat' dir='ltr'><strong>rum</strong></span> <span class='ocrx_word' id='word_1_984' title='bbox 2476 5774 2705 5829; x_wconf 91' lang='lat' dir='ltr'><strong>nutritur</strong></span> <span class='ocrx_word' id='word_1_985' title='bbox 2760 5786 3119 5829; x_wconf 87' lang='lat' dir='ltr'><strong>venarumoue</strong></span> <span class='ocrx_word' id='word_1_986' title='bbox 3161 5770 3471 5827; x_wconf 89' lang='lat' dir='ltr'><strong>humoribus</strong></span> <span class='ocrx_word' id='word_1_987' title='bbox 3502 5770 3770 5839; x_wconf 87' lang='lat' dir='ltr'><strong>irrigatur,</strong></span> <span class='ocrx_word' id='word_1_988' title='bbox 3806 5777 3891 5819; x_wconf 86' lang='lat' dir='ltr'><strong>co-</strong></span> 
     </span>
    </p>
   </div>
  </div>
