4126 6362
264 342 336 394 97

2826 263 2887 269 ονν
2940 262 3073 271 ν-λ-.-,-

1598 332 1880 391 ἨΟΣἨΙᾼΙᾹ

2017 332 2153 389 ιλιι.
3454 330 3522 384 98

266 456 465 525 gitipsa
481 456 682 511 viscera
706 456 995 511 iudbsceua
1014 452 1299 521 cupiditate
1324 449 1658 515 delinquere,
1685 456 1739 499 et
1770 448 1847 499 fa-
1876 448 1927 507 Α
1955 459 2057 513 que
2086 443 2308 497 crimina
2329 444 2537 498 vincula
2563 444 2766 498 funesta
2789 442 3092 512 disrumpit.
3126 441 3309 497 Vidisti
3335 457 3524 511 aquam

269 561 392 599 cere
420 556 692 613 percatum
724 544 1059 599 intestinum.
1096 542 1344 610 lgituryst
1370 548 1644 606 peccaturo
1668 537 1844 589 avari.-

272 640 378 703 lite,
407 646 564 691 etest
587 636 1093 705 peccatumluxurizn
1118 635 1168 685 in
1200 632 1470 686 membris.
1500 630 1613 682 Duo
1641 640 1763 681 sunt
1794 629 1846 680 in

275 727 491 781 homine
517 726 759 795 capitalia
783 727 1003 780 crimina
1026 742 1037 776 :
1070 740 1229 777 unum
1250 723 1481 784 intus,et
1498 737 1656 773 unum
1682 718 1849 781 iuris;

276 835 440 873 unum
469 818 521 872 in
550 818 894 881 membris,et
914 833 1074 869 ιιιιιιιιι
1103 825 1261 868 extra
1281 814 1537 868 membra.
1564 811 1857 879 Estpecca-

279 920 391 963 tum
406 910 633 963 luxuria:
648 911 698 963 in
715 908 991 973 membris,
1005 918 1054 961 et
1068 917 1149 962 est
1173 914 1442 974 peccatum
1459 902 1856 956 avaritiaeextra

281 1002 539 1055 membra.
572 1000 636 1065 Et
658 1008 715 1051 ιιι
732 999 925 1053 credas
957 999 1055 1051 hoc
1086 998 1153 1050 ita
1183 1010 1305 1050 esse
1328 993 1466 1063 quod
1491 993 1715 1057 dicitur,
1739 990 1859 1043 audi

283 1090 530 1142 eumdem
562 1088 872 1156 Apostoluin
907 1094 1358 1156 prosequentem:
1403 1084 1567 1137 Umnc
1603 1088 1862 1148 peccatum

286 1183 622 1247 quodcunque
646 1179 819 1248 fecerit
845 1177 993 1231 homo
1034 1189 1177 1230 extra
1209 1192 1394 1244 corpus
1433 1186 1547 1239 est;
1577 1174 1664 1242 qui
1693 1181 1865 1225 autem

288 1272 592 1338 fornicatur,
616 1272 666 1323 in
687 1286 870 1340 corpus
900 1286 1049 1323 suum
1064 1266 1300 1338 peccat.(I
1321 1267 1438 1321 Cur.
1458 1268 1556 1334 Vt).
1582 1264 1686 1319 Sed
1710 1263 1864 1316 dicis:

290 1369 333 1418 si
361 1365 523 1433 pedes
549 1375 768 1418 eui-runt
790 1366 854 1417 ad
880 1365 1133 1432 prmdam,
1158 1364 1200 1415 si
1224 1376 1412 1414 manus
1439 1360 1577 1427 dirip
1602 1366 1716 1421 unt,
1739 1370 1870 1425 quo-

293 1458 453 1510 modo
471 1466 645 1525 potest
688 1456 887 1525 absque
918 1469 1143 1523 corpore
1172 1468 1291 1507 esse
1313 1456 1620 1522 peccatum?
1646 1449 1761 1503 Non
1790 1456 1874 1501 est

295 1548 507 1615 quidem
546 1547 654 1601 dub
678 1562 763 1600 um
795 1548 930 1613 qqu
963 1561 1120 1599 omne
1168 1552 1438 1611 peccatum
1468 1541 1722 1595 membris
1774 1539 1873 1592 mi-

300 1640 651 1693 nistrantibus
680 1653 839 1707 perpe
860 1649 1047 1690 ratur:
1083 1636 1175 1690 sed
1192 1636 1337 1690 aliud
1358 1645 1439 1690 est
1462 1650 1555 1703 per
1576 1633 1874 1686 membrum

298 1730 635 1783 committere
659 1766 675 1794 ,
732 1739 786 1783 et
825 1729 967 1782 aliud
999 1727 1053 1781 in
1108 1728 1363 1782 membra‘
1392 1726 1724 1795 delinquere.
1775 1723 1877 1779 Per

1954 539 2333 606 cleemosyum!
2382 537 2469 591 Vis
2499 537 2636 591 scire
2676 537 2813 606 quod
2844 547 2898 591 et
2926 537 3135 590 luxuria
3182 546 3236 591 et
3282 536 3445 590 libido
3475 538 3529 592 in

1956 644 2091 697 aqua
2122 630 2237 682 est?
2265 628 2545 682 Pcrcatum
2565 643 2756 697 corpus
2774 633 3024 707 incestat,
3057 642 3195 680 nunc
3222 642 3410 696 aquam
3444 627 3533 681 ha-

1960 722 2047 774 bet
2076 721 2418 774 contrariam.
2454 719 2588 775 Ubi?
2621 736 2797 774 nonne
2828 720 2878 772 in
2910 720 3115 773 oculis?
3147 728 3201 773 et
3231 720 3422 773 turrito
3467 719 3535 773 de

1959 828 2207 881 corpore.
2244 812 2317 865 De
2366 813 2536 865 oculis
2567 813 2732 867 stillat
2761 828 2895 881 aqua
2934 828 3050 879 (ιιιιε
3081 813 3243 866 totius
3291 812 3536 880 corporis

1963 912 2268 957 commotus
2315 902 2557 957 dissolvit
2598 912 2652 957 et
2698 903 2861 957 abluit
2895 904 3206 957 fmditatem.
3237 903 3366 956 Nam
3398 905 3538 959 sicut

1964 1006 2245 1064 peccatum
2271 996 2409 1062 quod
2452 1006 2601 1048 extra
2629 1011 2820 1064 corpus
2852 1005 2933 1050 est
2976 998 3314 1067 eleemusyna
3356 996 3535 1050 fulmi-

1975 1096 2127 1140 natet
2156 1085 2473 1155 exstinguit,
2514 1086 2591 1139 sic
2634 1087 2819 1140 vitium
2852 1088 3085 1141 libidinis
3113 1088 3249 1153 quod
3300 1088 3542 1142 membra

1972 1179 2562 1250 iucestatlacrymarum
2590 1178 2805 1232 ubertas
2818 1181 3098 1243 exstirpat.
3120 1181 3254 1247 Ergo
3272 1189 3545 1248 peccatum

1971 1275 2113 1345 quod
2143 1283 2294 1329 extra
2324 1288 2516 1342 corpus
2543 1286 2624 1327 εει
2669 1273 2942 1342 praprium
2974 1273 3131 1327 habet
3174 1275 3369 1327 fontem
3390 1274 3550 1327 'elee-

1975 1383 2241 1438 mosynae,
2275 1378 2327 1421 et
2348 1366 2601 1435 ﬂagitium
2631 1364 2769 1433 quod
2791 1364 2927 1416 intra
2957 1379 3148 1432 Corpus
3198 1366 3549 1418 committ'tur

1976 1477 2129 1517 suum
2163 1462 2319 1516 habet
2346 1459 2540 1512 fontem
2565 1474 2628 1511 ex
2657 1457 2823 1510 “(lilii-ﬁ
2879 1456 3255 1525 proﬂuentem:
3313 1465 3369 1509 ut
3417 1457 3555 1510 scias

1977 1564 2033 1609 tu
2071 1554 2190 1622 quia
2216 1552 2553 1620 eleemosyna
2585 1550 2825 1602 ﬂammas
2873 1548 3109 1600 avaritia:
3160 1550 3474 1616 resringuit,
3503 1556 3558 1603 et

1980 1645 2200 1699 libidine
2228 1643 2432 1697 fuscata
2478 1642 2681 1694 viscera
2739 1638 2971 1707 profusis
3022 1639 3208 1692 iterum
3241 1640 3450 1693 ﬂetibus
3484 1642 3561 1694 al-

1982 1738 2109 1791 bent
2145 1735 2506 1801 meritumque
2562 1740 2856 1799 receptant.
2897 1728 3000 1783 Sed
3037 1728 3266 1795 quandiu
3296 1731 3453 1783 verba
3484 1730 3563 1784 in-

301 1819 537 1873 membra
572 1820 717 1873 enim
745 1818 884 1887 quod
919 1817 1289 1883 committitur,
1325 1818 1379 1870 in
1411 1816 1516 1871 hoc
1544 1817 1755 1869 animus
1782 1814 1877 1868 de-
1911 1815 1957 1876 Β
1987 1826 2108 1881 "ui?
2130 1826 2328 1892 Accipe
2350 1822 2650 1892 evangelica
2680 1824 3033 1883 d.,..umema;
3066 1819 3249 1886 accipe
3279 1820 3566 1873 ἀυοςάυο..

306 1913 549 1975 lectatur;
574 1913 751 1966 carnis
771 1922 949 1966 autem
980 1911 1225 1977 voluptas
1247 1910 1347 1963 hoc
1375 1923 1474 1963 nec
1492 1909 1657 1964 sentit
1671 1920 1770 1961 nec
1796 1921 1887 1960 re-

303 2004 454 2071 cipit.
489 2003 552 2056 Et
596 2003 714 2056 ideo
736 2002 937 2056 dictum
966 2012 1087 2056 est:
1131 2000 1293 2054 Omne
1316 2010 1584 2070 peccatum
1622 1997 1888 2067 quodcun-

306 2109 406 2161 que
426 2093 599 2161 fecerit
628 2093 798 2157 Itonia,
830 2102 974 2145 extra
1000 2108 1184 2161 corpus
1210 2102 1323 2156 est;
1366 2090 1605 2145 libidinis
1650 2105 1778 2144 vero
1807 2089 1885 2141 fa-

306 2198 424 2249 ces,
455 2183 817 2253 ardentesque
840 2185 1002 2238 furias
1025 2184 1162 2237 intra
1176 2198 1235 2237 se
1261 2181 1502 2237 continet
1529 2196 1676 2246 caro,
1703 2196 1769 2234 ex
1804 2194 1891 2233 ra-

310 2276 431 2331 dice
455 2277 685 2330 luxuriae
709 2276 1049 2346 pullulantes.
1082 2265 1337 2331 Dulcibus
1373 2289 1601 2345 namque
1631 2272 1894 2328 illecebris

314 2367 381 2420 ad
415 2366 684 2420 modicum
724 2367 986 2421 excitatus
1012 2366 1097 2420 vel
1122 2378 1412 2434 expressus
1454 2363 1646 2418 humor
1670 2402 1686 2429 ,
1735 2362 1896 2416 trahit

314 2456 383 2510 ad
411 2472 469 2511 se
488 2472 552 2510 ex
581 2457 701 2510 imis
737 2456 999 2510 viscerum
1050 2469 1413 2525 venarumque
1436 2454 1685 2508 medulls
1737 2452 1896 2506 totius

314 2548 559 2616 corporis
588 2549 930 2617 voluptatem.
957 2548 1107 2615 Quod
1138 2546 1229 2601 ubi
1270 2546 1558 2615 Ap0.~tolus
1599 2542 1896 2598 intentissi-

316 2653 406 2691 nte
436 2638 687 2708 inspexit,
715 2638 959 2692 absolute
985 2636 1099 2689 lixit
1119 2635 1437 2691 sententiam
1455 2635 1638 2688 dict-ns
1656 2633 1787 2703 :iQui
1801 2647 1897 2683 au-

313 2737 420 2779 tem
443 2727 753 2793 fornicatur,
775 2726 826 2778 in
852 2741 1036 2795 corpus
1062 2740 1207 2778 suum
1231 2731 1428 2791 peccat.
1454 2722 1544 2776 νω
1574 2722 1703 2775 mihi
1730 2721 1747 2775 !
1775 2718 1902 2788 quid

322 2827 545 2871 acturus
572 2832 713 2884 sum,
745 2817 907 2872 homo
934 2816 1160 2886 fragilis!
1178 2831 1281 2884 qua
1309 2815 1505 2869 virtute
1534 2813 1722 2867 valebo
1746 2821 1904 2866 tantae

314 2906 589 2961 atrocitati
618 2906 900 2961 resistere!
932 2905 1159 2958 duorum
1191 2905 1242 2957 in
1276 2918 1360 2957 me
1384 2901 1791 2956 consistentium
1813 2915 1901 2952 ve-

328 3010 467 3051 nena
517 3011 619 3066 qua
674 2995 812 3050 forte
859 3009 1076 3064 possum
1120 2994 1330 3047 vitare?
1379 2993 1431 3046 Si
1491 2991 1640 3044 radix
1671 2989 1908 3044 avaritia:

330 3083 684 3159 (multiforme
729 3086 954 3157 crimen)
1009 3086 1284 3143 exulcerat
1335 3086 1608 3150 animam;
1662 3086 1707 3138 si
1758 3083 1907 3137 radix

1989 1931 2106 1970 rum
2130 1915 2411 1969 criminum
2449 1914 2652 1966 indices
2676 1951 2688 1964 .
2721 1911 2895 1964 llabes
2926 1909 3285 1979 publicanum,
3322 1910 3485 1964 habes
3515 1921 3569 1966 et

1991 2007 2355 2061 meretricem:
2412 2005 2749 2071 publicanum
2805 2003 2859 2056 in
2908 2001 3169 2065 avaritia,
3229 2003 3568 2057 meretricem

1993 2100 2044 2154 in
2096 2097 2325 2151 luxuria.
2379 2095 2670 2149 Criminum
2727 2094 2981 2162 praesules
3026 2092 3146 2147 facti
3204 2103 3327 2147 sunt
3379 2094 3575 2147 divinat

1992 2186 2373 2243 misericordiae
2400 2185 2605 2240 indices
2635 2201 2649 2237 :
2683 2184 2762 2238 vis
2784 2185 2923 2238 scire
2955 2183 3222 2253 quomodo
3252 2186 3339 2239 isti
3364 2185 3466 2238 duo
3494 2186 3574 2238 vi-

1996 2288 2207 2341 cerunt,
2232 2285 2287 2332 et
2312 2278 2599 2332 criminosa
2626 2276 2866 2343 contagia
2895 2276 3478 2330 evaserunt?Salvatus
3493 2286 3577 2332 est

1998 2369 2313 2439 publicanus
2370 2384 2386 2423 :
2436 2381 2541 2437 qua
2581 2366 2776 2419 manu?
2807 2380 2983 2420 nonne
3016 2381 3111 2436 per
3137 2367 3576 2437 eleemosynam?

1999 2461 2236 2529 Recepta
2276 2467 2361 2515 est
2399 2457 2654 2513 meretrix
2688 2475 2700 2511 :
2728 2471 2834 2527 quo
2867 2458 3147 2525 prmsidia?
3175 2473 3352 2513 nonne
3384 2475 3477 2529 per
3507 2460 3579 2513 la~

2004 2550 2253 2622 crymas?
2302 2548 2409 2605 Sed
2439 2562 2655 2603 causam
2698 2547 3038 2617 repiicemus.
3089 2549 3337 2619 Agnitus,
3390 2551 3583 2619 inquit,

2006 2643 2259 2699 Dominus
2285 2641 2442 2696 Iesus
2471 2639 2793 2711 perambulat
2834 2640 2886 2693 in
2920 2638 3089 2693 Jerico
3119 2656 3135 2692 :
3163 2652 3209 2694 ct
3249 2658 3361 2695 esse
3390 2643 3463 2695 vir
3492 2658 3584 2695 no-

2004 2738 2141 2790 mine
2170 2735 2422 2790 Zachwus
2453 2732 2625 2804 (Luc.
2674 2732 2835 2800 xtx),
2871 2733 3031 2786 homo
3061 2744 3329 2803 peccator,
3368 2750 3587 2800 avarus,

2006 2828 2143 2879 dives
2173 2840 2236 2879 ex
2263 2824 2485 2893 rapinis,
2517 2832 2563 2876 et
2588 2823 2669 2876 hic
2707 2822 2963 2892 quarebat
2984 2823 3150 2877 videre
3188 2823 3465 2878 Dominum
3495 2824 3588 2880 Je-

2009 2934 2148 2984 snm,
2179 2928 2234 2972 ut
2267 2919 2430 2973 sciret
2455 2917 2628 2986 qualis
2660 2927 2836 2981 esset;
2871 2932 2967 2971 nec
2999 2927 3205 2985 poterat
3233 2934 3353 2973 eum
3381 2919 3584 2985 videre.

2013 3012 2283 3065 turbarum
2325 3010 2715 3079 ubstirpatiune
2765 3011 3033 3073 seclusus;
3087 3012 3312 3068 modica:
3363 3029 3593 3085 namque

2012 3113 2231 3159 statura:
2252 3103 2639 3173 erat.Contigit
2667 3104 2908 3158 invenire
2931 3120 3052 3158 eum
3076 3106 3325 3161 arborem
3350 3123 3595 3178 sycomo-

331 3179 558 3239 luxuriae
580 3181 770 3248 ignitas
789 3179 1055 3233 ministrat
1079 3177 1357 3232 libidinum
1384 3176 1547 3241 faces,
1575 3178 1768 3245 quibus
1804 3176 1911 3229 vis-
1941 3187 1985 3249 ρ
2019 3213 2170 3261 mm;
2199 3196 2443 3251 ascendit
2474 3197 2730 3263 festinus,
2763 3205 2818 3251 ει
2847 3196 2999 3251 vid“.
3047 3198 3182 3264 Quid
3218 3176 3597 3255 vidit?‘salva_

335 3285 529 3324 ceruus
546 3270 806 3325 medullas
834 3271 1007 3326 exurit
1028 3311 1043 3335 ,
1095 3269 1220 3338 quid
1253 3269 1481 3323 faciam?
1503 3284 1621 3336 qua}
1658 3270 1827 3322 virtus
1856 3267 1910 3322 in

335 3362 457 3416 me?
481 3371 574 3415 aut
598 3378 715 3431 qua:
746 3361 1043 3416 substantia
1069 3359 1220 3415 mea?
1254 3360 1449 3414 Vivunt
1475 3361 1526 3413 in
1554 3375 1638 3414 me
1662 3360 1768 3413 duo
1794 3374 1911 3413 sere

338 3465 525 3520 pentes
548 3454 766 3521 pariter,
814 3454 1037 3506 avaritia
1061 3462 1114 3505 et
1141 3452 1375 3505 luxuria.
1407 3453 1650 3505 Mordent
1680 3466 1911 3520 seraper,

338 3545 651 3599 exulcerant
689 3543 928 3614 jugiter,
978 3543 1238 3598 collidunt
1287 3543 1624 3612 frequenter,
1678 3552 1733 3596 et
1773 3551 1918 3597 stare

340 3645 528 3691 contra
556 3638 688 3691 tales
728 3636 927 3692 bestias
972 3636 1185 3705 propria
1215 3636 1409 3689 virtute
1446 3650 1551 3688 non
1594 3649 1831 3703 possum.
1862 3634 1916 3689 Si

340 3743 494 3798 aqure
510 3728 623 3797 jam
639 3728 1018 3784 adminiculum
1048 3744 1151 3782 non
1183 3737 1266 3783 est
1293 3770 1308 3795 ,
1362 3732 1405 3783 si
1449 3728 1679 3797 Spiritus
1708 3736 1923 3781 sanctus

342 3819 527 3885 deest,
550 3822 661 3889 quis
684 3837 765 3874 me
791 3819 1021 3875 liberabit
1052 3821 1116 3874 de
1142 3835 1356 3886 corpore
1385 3822 1562 3873 mortis
1590 3819 1782 3889 huius?
1801 3818 1923 3888 quis

344 3926 435 3966 me
463 3922 613 3966 eruet
638 3915 704 3965 ah
754 3913 852 3967 hac
900 3914 1155 3982 nequitia:
1209 3915 1350 3968 mole
1395 3928 1684 3983 morsuque
1731 3913 1923 3968 ferali?

346 4000 538 4066 Nemo,
561 4001 667 4055 noli
688 4001 960 4056 diffidere:
991 4016 1079 4056 res
1102 4003 1151 4055 in
1173 4012 1419 4071 promptu
1434 4010 1537 4070 est,
1555 4012 1656 4055 vita
1688 4004 1738 4056 in
1767 4017 1927 4056 manu

347 4101 464 4157 est,
489 4092 659 4146 virtus
703 4094 756 4147 in
790 4092 1061 4148 voluntate
1090 4102 1173 4147 est
1192 4134 1207 4157 ,
1238 4094 1459 4147 victoria
1489 4094 1540 4146 iu
1573 4093 1794 4149 arbitrio
1822 4105 1923 4147 est.

346 4182 405 4237 Si
448 4184 704 4253 voluisti,
739 4186 948 4251 vicisti;
996 4186 1039 4238 si
1070 4185 1330 4251 nolueris,
1381 4186 1552 4240 victus
1580 4185 1918 4255 relinqueris.

347 4273 449 4341 Qui
474 4278 581 4330 vult
609 4275 823 4331 vincere
851 4288 1072 4331 eonatur
1089 4290 1144 4331 ut
1172 4276 1477 4346 viucat;qui
1502 4279 1767 4346 desperat,
1790 4279 1923 4331 ami-

348 4370 421 4423 sit
450 4372 748 4425 victoriam.
779 4370 914 4436 Quid
939 4371 1095 4426 times
1116 4373 1421 4440 cupiditatis
1450 4374 1676 4439 crimen,
1700 4376 1784 4428 vel
1805 4390 1928 4429 ava-

350 4461 487 4516 ritiae
515 4462 754 4517 facinus?
791 4462 907 4537 Noli
940 4465 1157 4518 timere!
1191 4464 1359 4519 Radix
1391 4466 1491 4519 ista
1540 4467 1781 4521 omnium
1815 4482 1931 4521 ma-

2020 3296 2189 3342 turem
2223 3286 2430 3341 szeculi.
2465 3285 2608 3340 Bene
2637 3285 2926 3349 festinavit,
2958 3289 3158 3354 Optime
3196 3288 3472 3353 ascendit;
3507 3305 3578 3358 qu

2027 3380 2152 3436 dum
2180 3379 2365 3434 avidus
2394 3379 2542 3448 cupit
2566 3380 2750 3433 videre
2775 3380 3131 3443 Salvatorem,
3156 3380 3381 3433 salutem
3430 3381 3601 3449 ipsam

2014 3485 2182 3541 quam
2221 3470 2502 3539 ignorabat
2545 3470 2771 3523 invenit.
2812 3470 2876 3522 Et
2920 3468 3045 3537 quid
3077 3469 3250 3523 dicam
3284 3469 3449 3523 vidit?
3480 3481 3603 3526 ante

2025 3563 2170 3617 visus
2201 3570 2284 3617 est
2312 3576 2471 3633 quam
2520 3560 2742 3614 videret.
2772 3559 3041 3613 Tran~ivit
3078 3559 3316 3630 (inquit)
3346 3560 3605 3617 Dominus

2026 3654 2206 3719 .Iesus,
2233 3653 2367 3707 vidit
2396 3646 2568 3715 illum,
2605 3651 2846 3720 dixitque
2875 3651 2923 3704 ei
2951 3668 2963 3703 :
2997 3649 3243 3713 Zacluee,
3271 3653 3481 3722 festina,
3512 3653 3606 3707 de-

2029 3746 2234 3809 scende,
2270 3746 2420 3798 hodie
2444 3759 2659 3811 namque
2686 3744 2737 3794 in
2761 3744 2914 3795 domo
2939 3753 3025 3794 tua
3055 3759 3131 3795 me
3155 3758 3360 3795 manere
3388 3756 3609 3809 oportet.

2016 3838 2282 3901 'Domine,
2312 3834 2437 3903 quid
2470 3833 2671 3888 esthoc
2700 3832 2841 3901 quod
2868 3832 3036 3887 dicis?
3067 3833 3313 3902 Nunquid
3351 3849 3453 3887 non
3483 3844 3610 3890 sunt

2033 3930 2221 3984 ﬁdeles
2247 3969 2261 3993 ,
2289 3926 2417 3995 quid
2449 3925 2515 3979 ad
2548 3927 2705 3980 tafem
2748 3924 3019 3978 hominem
3048 3924 3323 3994 applicas?
3367 3926 3611 3981 Publica.

2033 4036 2135 4075 nus
2163 4028 2244 4074 est
2266 4018 2525 4072 Zachazus
2551 4034 2564 4069 :
2592 4017 2701 4070 imo
2735 4019 2983 4085 princeps
3013 4018 3415 4086 publicanorum
3436 4060 3451 4082 ,
3484 4034 3612 4088 pec-

2033 4123 2184 4168 cator
2210 4122 2291 4166 est
2320 4121 2375 4165 et
2406 4111 2617 4178 prcedo;
2653 4110 2835 4164 videre
2876 4121 2927 4163 te
2969 4110 3138 4163 voluit
3188 4119 3391 4163 tantum
3426 4128 3439 4163 :
3468 4127 3608 4166 nun-

2037 4205 2163 4275 quid
2195 4205 2262 4259 de
2294 4204 2409 4258 sola
2438 4202 2646 4255 visione
2669 4201 2779 4270 jam
2817 4200 2975 4254 debet
3001 4200 3234 4254 salvari?
3264 4201 3522 4255 Ascendit
3554 4202 3611 4257 in

2038 4298 2284 4352 arborem
2313 4304 2372 4348 ut
2394 4292 2600 4348 videret
2624 4309 2639 4356 ;
2668 4294 2710 4345 si
2733 4302 2909 4345 autem
2938 4291 3163 4345 necdum
3192 4291 3326 4345 vidit
3351 4302 3608 4362 actusque

2040 4392 2269 4449 necdum
2314 4387 2574 4457 ingemuit
2608 4431 2622 4454 ,
2661 4384 2894 4454 nunquid
2941 4382 3216 4438 confessus
3249 4396 3331 4438 est
3356 4385 3619 4443 maculam

2041 4500 2215 4549 suam,
2242 4492 2333 4536 aut
2363 4480 2557 4550 ﬂagitia
2585 4476 2898 4545 replicavit?
2926 4475 3171 4546 Nunquid
3206 4476 3348 4530 ﬂevit
3388 4489 3512 4531 ante
3534 4487 3610 4541 te,

351 4556 550 4622 lorum,
575 4555 628 4611 id
662 4566 746 4612 est
795 4559 1012 4612 avaritia
1043 4598 1058 4621 ,
1110 4559 1270 4613 habet
1312 4574 1505 4629 aquam
1552 4561 1839 4629 propriam.
1877 4562 1905 4613 ii

2011 4573 2133 4631 lant
2176 4578 2298 4630 fecit
2330 4574 2731 4642 eleemosynam
2772 4569 2824 4621 iu
2854 4568 3085 4637 peccatis
3115 4568 3265 4621 suis?
3311 4577 3393 4621 est
3444 4568 3621 4622 adhuc

350 4662 487 4715 aqua
511 4649 614 4703 ista
636 4690 652 4715 ,
683 4650 802 4720 qua:
828 4661 911 4707 est
936 4692 950 4717 ,
1003 4653 1103 4706 nisi
1132 4652 1517 4724 eleemosyna?
1571 4653 1687 4708 Non
1740 4653 1938 4708 audisti

350 4739 478 4807 quid
510 4742 769 4809 scriptum
798 4745 917 4797 est?
962 4742 1108 4798 Sicut
1143 4761 1276 4813 aqua
1311 4746 1590 4814 exstinguit
1618 4747 1818 4815 ignem,
1866 4746 1940 4799 sic
1984 4758 2007 4773 ³

351 4832 671 4904 eleemosyna
695 4836 967 4906 exstinguit
995 4847 1201 4908 peccata
1220 4836 1387 4907 (Eccl.
1406 4853 1580 4908 xxiii).
1612 4839 1797 4908 Magna
1825 4838 1938 4893 hinc

353 4925 618 4979 sententia
640 4966 655 4989 ,
690 4924 903 4981 des'inat
926 4929 1146 4997 querela
1171 4970 1187 4994 ,
1239 4929 1451 4984 desinat
1485 4928 1770 4986 dubitatio.
1802 4928 1936 4985 Nam

357 5015 447 5069 ubi
471 5017 834 5089 eleetnosyna,
868 5020 939 5074 ibi
960 5031 1190 5090 aqua;et
1211 5021 1299 5076 ubi
1330 5037 1486 5091 aqua,
1507 5022 1581 5076 ibi
1605 5022 1853 5092 Spiritus:
1886 5031 1941 5078 et

356 5111 447 5167 ubi
473 5110 727 5181 Spiritus,
761 5114 828 5168 ibi
872 5116 1137 5171 remissio.
1166 5114 1737 5185 Desinatdesperatio:
1771 5132 1935 5189 aqua,

356 5219 411 5261 et
431 5207 635 5262 ablutio
659 5248 674 5273 ,
710 5219 762 5262 et
809 5211 1053 5264 remissio
1081 5210 1133 5263 iu
1163 5210 1502 5280 eleemosyna
1534 5210 1808 5282 largientis
1836 5220 1937 5265 est.

359 5304 437 5359 Ne
463 5306 676 5361 diﬂ‘eras
716 5306 935 5362 abluere
980 5307 1307 5376 inquinatum
1355 5323 1551 5377 corpus
1602 5318 1654 5362 et
1709 5308 1940 5361 animam

363 5397 598 5453 fantibus
628 5400 1003 5469 eleemosynar,
1036 5410 1087 5454 ut
1118 5402 1302 5455 redeas
1331 5414 1521 5454 rursus
1576 5401 1628 5454 in
1678 5399 1941 5469 prtemissi

361 5489 696 5558 baptismatis
730 5490 953 5545 formam
978 5508 993 5549 :
1020 5491 1165 5547 Sicut
1188 5510 1318 5561 aqua
1341 5492 1613 5561 exstinguit
1636 5494 1800 5563 ignem
1826 5531 1840 5555 ,
1870 5492 1944 5545 sic

360 5582 678 5651 eleemosyna
706 5582 981 5650 exstinguit
1008 5592 1232 5650 peccata.
1267 5583 1536 5652 Tanquam
1576 5585 1619 5637 si
1661 5583 1730 5636 ita
1760 5592 1813 5636 et
1833 5584 1944 5638 dic—

366 5683 477 5726 tum
505 5682 683 5727 esset:
716 5674 853 5728 sicut
909 5688 1045 5742 aqua
1080 5676 1375 5742 exstinguit
1412 5676 1583 5741 ignem
1632 5674 1943 5739 ardentem,

364 5765 440 5819 sic
469 5764 809 5831 cleemusyna
831 5766 1086 5831 discerpit
1107 5767 1411 5821 avaritiam:
1437 5764 1620 5821 funera
1648 5765 1948 5820 hominum-

2043 4672 2203 4726 hnmo
2233 4670 2512 4738 profanus;
2539 4676 2593 4720 et
2633 4664 2765 4717 dicis
2795 4661 2909 4716 illi:
2942 4660 3113 4714 Hodie
3152 4663 3201 4713 in
3231 4662 3379 4715 domo
3411 4672 3496 4714 tua
3545 4677 3624 4715 me

2044 4778 2249 4818 manere
2290 4759 2527 4830 oportet?
2553 4759 2635 4811 vix
2687 4755 2861 4810 adhuc
2899 4756 2980 4808 vel
3021 4754 3197 4809 \idcre
3231 4765 3279 4808 te
3311 4750 3537 4819 meruit,
3565 4762 3621 4808 et

2041 4854 2152 4924 jam
2184 4851 2409 4920 angulos
2439 4850 2557 4919 ejus
2589 4848 2771 4901 visitas
2802 4847 3198 4915 hosiiitiumque
3230 4844 3575 4912 amplecteris
3605 4845 3621 4897 ι

2050 4958 2236 4999 verum
2270 4942 2371 4996 hoc
2420 4941 2581 4996 ofﬁcii
2613 4940 2684 4993 tui
2716 4951 2819 5002 εει,
2855 4948 2908 4992 ει
2938 4938 3415 5005 indulgentissima:
3445 4951 3621 5001 curre;

2050 5036 2138 5105 qui
2173 5049 2278 5088 non
2309 5031 2503 5087 venisti
2530 5031 2707 5100 justus
2756 5030 3001 5089 invitare,
3026 5028 3118 5082 sed
3154 5037 3466 5096 peccatores
3497 5040 3623 5080 cor-

2050 5127 2247 5196 rigere.
2285 5125 2467 5179 Manes
2492 5138 2613 5176 cum
2640 5121 2951 5189 publicanis,
2970 5122 3258 5174 manducas
3280 5135 3399 5174 cum
3429 5132 3618 5188 pecca-

2048 5219 2272 5285 toribus,
2292 5216 2528 5287 jungeris
2549 5229 2669 5269 cum
2702 5213 2938 5282 injustis,
2980 5223 3037 5266 ut
3060 5213 3157 5266 hac
3179 5214 3431 5267 societate
3470 5209 3627 5279 quasi

2050 5322 2165 5366 arte
2194 5310 2417 5379 quadam
2446 5322 2539 5362 eos
2567 5315 2868 5370 convertas,
2903 5315 2955 5359 et
2990 5306 3224 5372 corrigas
3280 5306 3346 5359 ad
3377 5304 3624 5357 salutem.

2052 5402 2287 5466 Zacha'e,
2320 5400 2584 5463 descende,
2611 5398 2808 5468 inquit,
2835 5401 2955 5468 quia
2986 5397 3135 5451 hodie
3166 5400 3306 5465 apud
3330 5407 3379 5449 te
3398 5410 3477 5447 me
3508 5410 3621 5447 ma-

2054 5512 2171 5549 nere
2194 5503 2406 5561 oportet.
2440 5492 2506 5546 Et
2553 5490 2676 5561 quid
2717 5489 3004 5544 Zachazus?
3033 5488 3303 5543 descendit
3341 5484 3624 5559 confestim

2055 5588 2122 5641 de
2138 5588 2351 5652 arbore,
2379 5585 2489 5654 jam
2532 5584 2696 5638 verbo
2732 5582 2938 5635 Domini
2980 5582 3332 5635 emendatior.
3364 5579 3625 5645 Aspectus

2057 5681 2202 5733 enim
2232 5678 2535 5734 emendavit
2573 5676 2907 5745 pradonem;
2939 5682 2993 5727 et
3023 5673 3137 5726 solo
3170 5686 3421 5725 sermone
3457 5682 3629 5724 muta-

2058 5772 2134 5825 vit
2176 5783 2391 5825 scnsum
2442 5769 2577 5837 ejus.
2630 5762 2932 5829 Descendit,
2982 5763 3269 5832 perniciter
3299 5761 3624 5833 properavit,
