4126 6362
320 372 419 425 4ολ
1661 353 1950 409 ίΙηΙΟΜΙΙΑΙΑ
1992 350 2217 406 PRIMA.

3477 349 3572 404 132

322 485 590 551 Christus,
617 493 671 538 et
694 482 933 538 recubuit
963 481 1013 534 in
1041 480 1199 534 domo
1225 474 1499 538 Pharismi,
1525 473 1701 527 subito
1736 470 1885 539 quasi
1917 469 1962 526 A
1996 476 2135 531 ltlus,
2162 479 2252 521 aut
2278 482 2411 537 quos
2439 467 2677 523 ntedicus
2705 468 2899 523 venisti
2949 483 3139 524 curare
3162 512 3175 536 ,
3204 468 3450 535 nunquid
3480 482 3569 520 sa-

323 578 573 633 nteretrix
600 576 770 630 audax
796 573 1011 628 intravit
1042 573 1093 625 in
1120 572 1355 631 domum,
1379 576 1431 620 et
1456 566 1689 619 attritam
1719 563 1889 631 publi-

323 672 404 724 cis
440 668 744 738 aspectibus
787 665 1016 720 frontem
1064 662 1253 716 obtulit
1301 658 1587 714 Salsatori.
1633 655 1897 708 Audactrr

324 764 575 825 intravit;
607 775 709 813 non
750 759 859 828 jam
894 756 1175 819 meretrix,
1202 754 1293 807 sed
1327 752 1604 813 modesta;
1636 763 1739 817 non
1774 746 1897 799 libi—

327 852 507 904 dinem
542 851 841 917 expletura,
875 847 964 901 sed
996 847 1165 900 lucem
1213 843 1411 897 visura.
1451 840 1668 892 Intravit
1700 852 1805 890 non
1834 835 1898 888 ad

327 942 566 995 libidin's
597 940 845 1002 formam,
876 938 969 992 sed
1000 937 1065 991 ad
1096 934 1439 1006 indulgentia:
1473 932 1695 986 fontem.
1728 930 1899 983 Intra-

327 1040 400 1091 vit
431 1054 533 1090 non
557 1035 643 1090 ubi
670 1037 779 1105 jam
813 1034 945 1087 ultra
976 1032 1329 1097 sordesceret,
1355 1027 1446 1080 sed
1484 1026 1571 1079 ubi
1595 1034 1899 1078 contractas

326 1130 621 1198 deponeret
648 1126 835 1179 sordes
864 1134 918 1178 et
960 1132 1197 1191 stuprata
1242 1121 1444 1174 viscera
1488 1118 1529 1170 D
1554 1115 1712 1170 [mino
1739 1114 1901 1167 mise-

328 1232 478 1275 rante
519 1229 783 1289 purgaret.
837 1218 1189 1285 Supergressa
1220 1221 1300 1266 est
1329 1226 1357 1264 a
1384 1211 1489 1263 vita
1522 1222 1619 1262 nec
1666 1206 1902 1273 respexit

331 1311 397 1364 ad
445 1310 797 1371 Pbarisaaum,
830 1307 925 1362 sed
970 1316 1114 1360 recto
1144 1302 1313 1355 limite
1337 1299 1531 1354 direxit
1556 1296 1623 1350 ad
1671 1296 1892 1359 fontem,

332 1402 535 1467 pudore
555 1402 757 1470 privata
789 1408 843 1453 ct
872 1396 1208 1467 pmnitudine
1239 1399 1462 1447 armata.
1488 1389 1555 1443 Et
1578 1387 1704 1457 quid
1729 1386 1896 1441 fecit?

330 1491 555 1543 contulit
583 1504 641 1543 se
671 1489 736 1541 ad
771 1489 933 1557 pedes
984 1485 1185 1540 Christi
1219 1483 1272 1537 in
1324 1491 1435 1536 toto
1489 1478 1852 1535 recumbentis
1887 1493 1901 1529 :

331 1580 479 1633 stetit
507 1580 697 1643 auxia;
730 1590 1018 1645 curatoque
1046 1589 1294 1644 corpore,
1322 1572 1488 1642 pedes
1513 1570 1722 1625 Domini
1752 1578 1898 1623 tenet

330 1683 441 1732 rea,
464 1679 516 1722 et
540 1669 834 1724 remedium
866 1652 1239 1733 elicit.Utitur,
1264 1664 1443 1718 animo
1479 1662 1738 1731 loquitur,
1768 1667 1907 1713 tacet

331 1768 381 1813 et
402 1759 565 1827 gemit
594 1759 850 1823 silenter;
884 1760 1049 1811 insat
1075 1758 1404 1826 importune,
1436 1751 1771 1822 paenitudine
1812 1751 1907 1805 sti-

2004 561 2133 612 nos?
2164 559 2350 612 Absit!
2384 560 2530 613 sanis
2558 576 2661 612 non
2688 568 2769 613 est
2801 572 2934 627 opus
2963 558 3224 626 medicus,
3259 559 3350 612 sed
3383 571 3563 611 mere-

2001 652 2223 705 tricibus
2260 665 2392 720 opus
2419 660 2499 704 est
2528 651 2812 705 medicina.
2846 650 3115 703 Pnblicani
3150 660 3199 706 te
3245 649 3478 717 pulsant,
3512 656 3571 702 ut

2001 759 2181 797 curam
2207 744 2469 811 accipiant
2502 760 2513 793 :
2551 743 2919 811 peccatoribus
2943 744 3132 797 venisti
3162 744 3436 811 porrigere
3459 757 3575 795 ma-

2004 851 2150 901 num,
2180 836 2339 889 elisos
2369 836 2575 903 erigere
2598 878 2613 900 ,
2645 837 2801 890 caecis
2848 836 3076 890 reddere
3123 836 3316 889 visum.
3343 836 3571 897 Medice,

2003 941 2107 979 non
2155 941 2239 980 me
2279 926 2505 995 repellas
2530 926 2888 991 vulneratam,
2923 934 2976 981 et
3004 927 3048 981 si
3089 942 3175 981 me
3203 927 3444 995 repellis.
3475 941 3576 993 ego

2004 1032 2107 1069 non
2137 1017 2349 1082 recedo,
2381 1017 2474 1070 sed
2503 1016 2626 1085 jure
2660 1032 2834 1071 meam
2870 1017 2938 1073 de
2982 1028 3033 1071 te
3061 1018 3215 1086 exigo
3261 1018 3572 1079 sanitatem,

2003 1111 2123 1177 quia
2160 1124 2353 1163 sanare
2405 1109 2600 1164 venisti
2641 1110 2874 1175 saucios,
2923 1124 3027 1163 non
3073 1110 3355 1177 repellere.
3389 1109 3576 1164 Teneo

2006 1201 2169 1268 pedes
2193 1211 2331 1265 tuos,
2354 1214 2453 1254 nec
2473 1209 2596 1252 ante
2619 1199 2837 1254 discedo
2863 1215 3020 1268 quam
3051 1214 3338 1268 percepero
3364 1213 3570 1254 curam.

2006 1291 2355 1359 Omnipotens
2380 1330 2393 1354 ,
2422 1291 2633 1358 suscipe
2661 1291 3041 1358 importunam,
3075 1297 3129 1345 et
3159 1291 3265 1345 noli
3298 1291 3579 1359 despicere

2010 1384 2309 1450 pulsantem
2343 1381 2703 1434 meretricem.
2733 1380 2873 1435 Ecce
2895 1380 3121 1448 pretium
3158 1381 3248 1435 tibi
3278 1380 3446 1434 oﬂ‘ero
3479 1395 3576 1449 pro

2009 1472 2376 1541 redemptione
2419 1486 2535 1525 mea
2568 1489 2580 1523 :
2613 1471 2828 1540 porrige
2859 1471 2924 1525 ad
2973 1487 3057 1525 me
3084 1481 3358 1540 aspectum
3398 1482 3572 1525 tuum.

2011 1562 2075 1615 Et
2105 1561 2234 1630 quid
2265 1571 2346 1616 est
2373 1562 2511 1629 quod
2554 1560 2765 1615 oﬂero?
2798 1561 3045 1630 lndigens
3082 1576 3223 1625 sum,
3251 1562 3405 1630 inops
3432 1576 3574 1621 sum.

2014 1654 2147 1709 nihil
2180 1654 2352 1709 habeo
2404 1656 2454 1708 in
2488 1654 2782 1709 substantia
2830 1664 3024 1723 praeter
3071 1653 3363 1723 lacrymas,
3397 1666 3451 1708 et
3482 1657 3580 1707 hoc

2012 1748 2144 1801 satis
2178 1748 2268 1803 tibi
2316 1758 2421 1803 est.
2455 1750 2577 1803 Scio
2606 1762 2705 1817 ego
2733 1747 2873 1817 quod
2905 1755 3056 1816 grata
3103 1746 3172 1801 sit
3215 1746 3314 1800 ista
3344 1746 3576 1801 oblatio.

331 1859 560 1920 mutata;
596 1855 818 1925 subrigit
846 1854 912 1908 ad
961 1853 1157 1908 cretum
1200 1851 1470 1915 animum,
1520 1855 1905 1919 aspectumque
1940 1834 1989 1896 B
2014 1835 2130 1890 Non
2165 1838 2358 1906 quzeris
2386 1837 2686 1903 pecuniam,
2725 1835 2819 1891 sed
2849 1836 3015 1905 exigis
3044 1836 3412 1904 paenitentiam
3442 1855 3452 1887 :
3480 1851 3579 1891 nec

332 1946 513 2014 deﬁgit
559 1946 609 1999 in
656 1954 819 1999 terra.
850 1944 1003 1997 llhtm
1050 1944 1223 1997 solum
1270 1941 1416 1996 videt
1443 1954 1599 2010 quem
1629 1946 1793 2003 tenet,
1827 1938 1903 1991 illi

342 2038 526 2105 pandit
566 2049 838 2104 peccatum
882 2049 1058 2098 suum,
1090 2034 1163 2087 illi
1210 2040 1429 2101 peccata
1458 2030 1679 2099 detegit,
1709 2040 1761 2083 et
1801 2028 1905 2082 cri-

333 2129 593 2183 minosam
652 2128 855 2182 reserat
896 2125 1299 2181 conscientiam.
1386 2123 1490 2177 Cor
1539 2138 1693 2177 suum
1747 2134 1905 2188 supra

332 2218 494 2285 pedes
516 2216 631 2286 ejus
661 2219 875 2271 mistum
900 2232 1022 2271 cum
1045 2216 1257 2271 ﬂetibus
1278 2214 1467 2268 fundit.
1493 2212 1717 2281 Capillis
1740 2214 1900 2266 etiam

333 2309 581 2363 mollibus
626 2309 879 2379 lacrymis
919 2310 1162 2378 perfusos
1202 2307 1367 2376 pedes
1398 2307 1549 2376 quasi
1582 2306 1745 2360 linteo
1776 2320 1907 2374 quo-

334 2401 456 2454 dam
488 2400 737 2470 detergit.
766 2400 875 2455 Nec
906 2400 1080 2454 solum
1129 2400 1379 2469 lacrymis
1420 2399 1637 2452 abluere
1666 2399 1797 2452 satis
1828 2406 1909 2451 est

334 2501 387 2545 et
438 2491 672 2544 crinibus
717 2499 942 2560 tergere,
980 2490 1196 2559 insuper
1224 2489 1292 2544 de
1337 2489 1607 2543 alabastro
1657 2488 1801 2557 quod
1854 2488 1905 2541 in

334 2594 494 2633 manu
524 2582 738 2636 tenebat
788 2588 1021 2648 ungento
1052 2580 1314 2651 perfudit;
1350 2590 1405 2634 ut
1455 2582 1618 2647 pedes
1658 2594 1790 2648 quos
1839 2579 1909 2632 ri—

335 2683 573 2741 gaverat,
602 2682 871 2741 unguento
916 2672 1114 2726 liuiret.
1146 2673 1319 2741 Atque
1352 2675 1402 2725 in
1439 2673 1522 2726 his
1571 2672 1739 2726 tribus
1787 2686 1897 2740 spe.

334 2762 536 2829 ciebus,
567 2763 837 2816 immunda
888 2764 1098 2829 mulier,
1144 2765 1196 2817 in
1238 2764 1490 2833 lacrymis
1520 2774 1574 2818 et
1599 2764 1808 2833 capillis
1857 2772 1911 2816 et

333 2865 642 2922 unguento,
677 2855 826 2923 quasi
880 2855 1077 2910 fontem
1127 2856 1374 2924 baptismi
1441 2857 1522 2911 sui
1569 2856 1634 2911 de
1684 2857 1909 2925 pedibus

334 2948 529 3003 Christi
574 2950 826 3001 extraxit.
876 2948 1004 3002 Nam
1039 2949 1091 3002 itt
1138 2948 1283 3003 fonte
1328 2949 1577 3017 baptismi
1605 2949 1732 3017 quid
1759 2949 1904 3003 aliud

332 3049 413 3093 est
442 3054 597 3109 quam
635 3054 848 3109 aquam,
880 3053 931 3094 et
982 3039 1237 3107 chrisma,
1270 3049 1325 3094 et
1370 3041 1534 3093 vestis
1582 3040 1745 3093 alba?
1778 3040 1909 3094 Huic

334 3129 544 3183 mulieri
574 3144 671 3197 pro
703 3144 836 3197 aqua
868 3130 1020 3182 lletus
1058 3128 1177 3191 fuit,
1212 3143 1304 3196 pro
1334 3129 1627 3181 chrismate
1658 3143 1903 3196 unguen-

336 3230 468 3282 tum,
520 3234 618 3288 pro
669 3227 814 3273 veste
862 3219 1060 3286 capilli.
1094 3218 1136 3273 0
1187 3218 1382 3273 mulier
1415 3220 1709 3287 peccatrix,
1742 3220 1905 3273 multa
1934 3188 1980 3248 Ο

335 3309 643 3363 adinventio
668 3311 785 3363 tua!
812 3309 939 3373 Quis
968 3310 1059 3363 tibi
1085 3310 1403 3364 monstravit
1436 3311 1618 3375 talem,
1646 3321 1737 3364 aut
1768 3313 1911 3367 inve-

340 3401 453 3454 nire
479 3410 566 3452 aut
598 3415 899 3469 preponere
940 3410 1136 3465 artem,
1171 3410 1228 3453 ut
1253 3410 1507 3469 congesta
1533 3402 1585 3455 in
1609 3409 1661 3457 te
1686 3403 1909 3457 erimina

339 3491 724 3544 momentaneis
773 3490 1026 3560 lacrymis
1060 3490 1325 3553 vinceres,
1358 3490 1598 3545 crinibus
1649 3491 1871 3545 raderes
1898 3533 1912 3557 ,

338 3593 609 3653 unguento
637 3585 924 3654 stirpares?
952 3585 1087 3652 Quid
1118 3587 1277 3656 ergo!
1309 3586 1553 3654 Intravit,
1585 3588 1775 3657 inquit,
1806 3606 1918 3642 ntu-

338 3676 431 3727 lier
459 3678 735 3744 peccatrix,
766 3694 879 3731 cum
904 3679 1158 3732 alabastro
1180 3682 1448 3751 unguenti,
1482 3684 1615 3735 stetit
1639 3685 1794 3752 juxta
1825 3700 1913 3751 pe-

340 3767 425 3819 des
474 3765 682 3820 Christi.
732 3769 796 3823 Et
849 3769 971 3839 quid
1022 3770 1297 3825 Salvator?
1333 3772 1579 3840 Nunquid
1632 3773 1915 3843 ignorabat

341 3854 492 3906 eam?
520 3856 753 3924 nunquid
783 3859 1056 3913 nesciebat
1094 3860 1234 3928 quod
1262 3870 1407 3914 esset
1454 3862 1735 3929 publicaita
1762 3863 1784 3916 '3
1816 3862 1916 3916 hoc

342 3944 491 3998 nefas
521 3956 602 3999 est
630 3946 831 4002 dcere.
886 3949 1080 4003 Verum
1105 3950 1193 4004 ubi
1218 3951 1350 4005 vidit
1371 3961 1767 4020 compunctum,
1795 3953 1908 4022 jam

341 4052 447 4089 non
481 4038 677 4106 repulit
712 4040 863 4106 quasi
908 4042 1245 4109 pnblicanam
1278 4052 1371 4096 aut
1409 4045 1609 4113 sprevit
1661 4045 1917 4114 importu-

342 4143 497 4195 nam;
528 4131 621 4183 sed
654 4133 854 4200 recepit
883 4134 1173 4202 dolentem,
1205 4143 1259 4188 et
1286 4135 1628 4204 amplectitur
1656 4138 1919 4204 paeniten-

343 4227 472 4272 tem.
502 4219 618 4274 Non
648 4223 694 4275 ei
744 4223 1023 4290 imputavit
1056 4235 1111 4277 ut
1146 4234 1263 4278 erat
1290 4225 1683 4290 imputandum.
1718 4227 1835 4278 Non
1869 4227 1917 4281 ei

342 4309 474 4364 dixit
506 4311 791 4366 Dominus:
813 4314 1359 4381 Mcretrix,adultcra,
1394 4314 1699 4381 fornicaria,
1732 4316 1914 4384 ﬂttida,

342 4411 397 4454 tu
426 4402 575 4456 venis
616 4403 681 4457 ad
731 4420 839 4471 me,
885 4414 938 4458 tu
991 4407 1343 4475 proximasti,
1378 4417 1434 4461 tu
1480 4423 1609 4462 ausa
1643 4424 1701 4462 es
1758 4410 1921 4478 pedes

341 4507 489 4546 meos
507 4494 749 4548 manibus
772 4496 990 4564 pollutis
1016 4497 1481 4567 contingere‘inon
1509 4498 1656 4552 vides
1687 4513 1914 4552 massam

342 4586 606 4639 malorum
641 4588 893 4640 tuorum?
915 4589 1092 4643 calent
1118 4591 1296 4643 adhuc
1322 4590 1374 4642 in
1410 4600 1459 4645 te
1485 4590 1730 4653 crimina,
1756 4607 1915 4645 mem-

344 4674 440 4728 bra
473 4684 556 4728 tua
591 4675 857 4732 l’ervorem
888 4678 1123 4732 libidinis
1151 4680 1378 4748 spirant,
1412 4695 1609 4749 corpus
1641 4691 1785 4733 tuum
1813 4683 1915 4735 cri-

340 4765 567 4819 minosis
600 4768 823 4822 maculis
862 4770 1074 4836 plenum
1104 4771 1221 4823 est!
1288 4771 1532 4824 Animam
1566 4775 1733 4839 ipsam
1768 4773 1912 4825 intus

339 4858 806 4912 contaminatiunis
839 4867 940 4913 tute
989 4859 1199 4914 funesta
1246 4863 1453 4915 sarcina
1486 4863 1712 4930 premit;
1746 4870 1801 4917 et
1861 4872 1913 4916 tu

343 4948 505 5000 tantis
533 4949 828 5004 sceleribus
856 4950 1168 5019 depravata,
1200 4966 1326 5006 ausa
1358 4966 1417 5006 es
1446 4953 1630 5007 venire
1675 4952 1739 5006 ad
1783 4953 1913 5007 me?

339 5035 455 5090 Non
500 5038 571 5091 illi
604 5041 683 5095 sic
713 5040 957 5095 Christus
1006 5057 1104 5097 nec
1136 5044 1442 5111 imputavit,
1477 5058 1577 5098 nec
1621 5043 1780 5098 dixit.
1816 5045 1917 5111 Qui

339 5132 440 5187 etsi
471 5130 712 5200 dixi-set,
752 5137 839 5190 illa
870 5136 992 5193 talis
1018 5138 1207 5193 mulier
1234 5148 1416 5208 parata
1456 5150 1572 5194 erat
1613 5141 1729 5195 sine
1757 5141 1917 5195 dubio

338 5225 609 5279 contraria
654 5230 996 5297 respondere.
1028 5230 1083 5285 Si
1125 5231 1350 5285 dixisset
1377 5232 1452 5286 illi
1496 5232 1785 5288 Christus:
1823 5234 1919 5287 lm-

338 5317 538 5372 munda
565 5319 778 5387 mulier,
804 5321 1122 5385 fmdissima,
1151 5324 1533 5389 contaminata,
1562 5339 1733 5389 cessa,
1769 5340 1797 5379 a
1830 5340 1916 5381 me

338 5410 554 5465 discede
577 5453 591 5477 ,
622 5413 820 5467 nullam
854 5414 1022 5469 habeo
1072 5431 1192 5470 cum
1242 5415 1617 5471 meretricibus
1651 5431 1865 5471 causam
1893 5433 1908 5481 ;

344 5502 531 5557 habuit
560 5505 646 5558 illa
672 5506 1082 5574 respondere,ut
1116 5508 1214 5560 hoc
1240 5509 1313 5560 illi
1347 5516 1669 5576 opponeret:
1689 5508 1911 5563 Domine

337 5608 430 5647 rex
462 5596 1061 5667 celestis,§Redetnptor
1085 5599 1289 5664 mundi,
1309 5614 1427 5667 quae
1456 5608 1580 5653 sunt
1599 5600 1711 5653 [nec
1740 5598 1762 5651 ?
1789 5599 1913 5669 quid

339 5688 664 5745 descendisti
691 5691 757 5747 de
786 5694 923 5748 ραεό
952 5702 1167 5761 propter
1187 5692 1359 5760 justos
1386 5694 1626 5747 tantum?
1649 5694 1914 5761 thnanti

340 5791 464 5837 sunt
520 5782 689 5851 justi?
721 5784 797 5840 sic
849 5794 1155 5841 oeccatorcs
1188 5782 1475 5852 repudi-as?
1528 5784 1623 5839 Ubi
1686 5783 1912 5853 populus

2014 1929 2267 1984 libamina
2292 1938 2496 1983 tantum
2521 1929 2740 1997 quieris,
2769 1937 3025 1998 quantum
3057 1926 3308 1997 laerymis
3338 1927 3574 1982 delecta-

2020 2021 2114 2076 ris.
2139 2021 2466 2075 Sacriﬁcium
2493 2021 2583 2075 ιιῂί
2607 2031 2686 2075 est
2707 2020 3250 2088 corcontribulatum,
3273 2028 3327 2074 et
3350 2020 3574 2088 spiritus

2011 2122 2385 2181 compunctus.
2442 2110 2667 2178 Suscipe
2723 2110 2900 2178 itaque
2967 2109 3196 2177 pretium
3252 2109 3581 2176 ptenitentiat

2010 2219 2167 2272 mete,
2204 2211 2258 2257 et
2283 2202 2348 2256 da
2373 2202 2500 2255 mihi
2528 2201 2804 2268 praemium
2845 2200 3188 2270 indulgentiae
3231 2210 3353 2255 tute.
3393 2200 3581 2253 Pastor

2015 2297 2176 2360 bone,
2208 2294 2292 2348 dic
2314 2293 2465 2356 mihi,
2498 2307 2701 2361 quaeso,
2734 2292 2969 2361 nunquid
3002 2307 3103 2345 non
3137 2307 3254 2346 sum
3285 2292 3351 2346 de
3392 2292 3582 2345 ovibus

2011 2386 2154 2440 tuis?
2185 2385 2291 2440 Sed
2316 2382 2494 2438 erravi
2534 2385 2599 2436 de
2649 2397 2840 2452 grege,
2878 2392 2930 2435 et
2961 2382 3093 2436 facta
3140 2398 3257 2436 sum
3298 2383 3438 2435 sicut
3467 2382 3583 2437 ovis

2013 2476 2217 2547 perdita
2253 2492 2266 2529 :
2294 2489 2475 2544 quaere
2504 2474 2753 2562 ancillam
2799 2482 2964 2535 tuam,
2991 2482 3043 2526 et
3075 2473 3152 2526 iac
3189 2488 3274 2551 me
3296 2473 3362 2526 de
3415 2487 3583 2526 merc~

2013 2571 2141 2623 trice
2188 2569 2462 2639 pudicam!
2516 2569 2632 2623 Noli
2666 2585 2751 2624 me
2806 2569 3110 2637 despicere,
3144 2584 3247 2622 non
3287 2582 3403 2621 sam
3448 2565 3583 2630 soia,

2012 2663 2202 2717 multas
2226 2663 2396 2717 habeo
2426 2670 2794 2730 compares,et
2816 2676 2973 2731 quam
3006 2661 3240 2713 maxima
3268 2674 3389 2728 pars
3410 2657 3585 2713 ovium

2014 2764 2219 2807 tuarum
2255 2756 2304 2806 in
2338 2769 2423 2808 me
2467 2764 2568 2807 est.
2614 2752 2802 2807 Pastor
2851 2752 3085 2815 excelse,
3117 2766 3297 2820 qui-re
3326 2764 3452 2803 oves
3476 2749 3585 2802 dis~

2015 2860 2195 2912 persas
2228 2852 2284 2898 et
2313 2843 2492 2897 scabie
2524 2853 2848 2897 contractas.
2875 2840 3079 2909 Collige
3109 2854 3200 2894 eas
3230 2840 3279 2892 in
3314 2854 3495 2899 unum,
3525 2846 3584 2891 et.

2013 2935 2174 3003 imple
2197 2935 2337 2987 ovile
2362 2944 2528 2986 tuum.
2560 2933 2638 2986 Tu
2666 2947 2895 3000 namque
2924 2930 3143 3006 dixisui:
3185 2930 3356 2982 Habeo
3386 2939 3431 2981 et
3460 2930 3587 2981 alia:

1984 3016 2128 3080 'oves
2146 3043 2256 3095 qua:
2283 3034 2511 3078 uomunt
2543 3042 2603 3078 ex
2628 3027 2724 3077 hoc
2750 3025 2869 3077 orili
2893 3040 2911 3086 ;
2940 3024 3030 3076 has
3075 3034 3272 3091 Oportet
3306 3037 3384 3074 me
3412 3035 3587 3090 aggre-

2013 3136 2135 3191 gare
2163 3130 2212 3172 ut
2257 3120 2348 3188 ﬁat
2378 3135 2510 3172 unus
2537 3134 2663 3189 grex
2692 3126 2735 3171 et
2768 3133 2897 3170 unus
2928 3128 3119 3183 pastor.
3154 3116 3282 3180 Qua:
3311 3123 3434 3166 sunt
3471 3111 3587 3166 ista:

2014 3228 2141 3269 oves
2194 3228 2313 3282 qua:
2362 3227 2469 3266 non
2499 3222 2627 3266 sunt
2673 3210 2741 3265 de
2773 3209 2992 3262 mandra
3025 3209 3158 3261 tua?
3190 3205 3425 3275 nunquid
3479 3219 3588 3258 non

2018 3307 2327 3360 meretrices
2358 3314 2412 3359 et
2443 3302 2753 3372 publicani?
2781 3301 3016 3369 nunquid
3054 3308 3362 3369 peccatores
3386 3338 3401 3363 ,
3431 3296 3587 3350 adul-

2019 3399 2136 3461 teri,
2189 3407 2243 3450 et
2292 3394 2509 3464 injusti?
2557 3394 2822 3448 Caeterum
2864 3393 2907 3444 si
2961 3395 3057 3445 hos
3101 3388 3464 3458 repudiaveris
3508 3385 3588 3440 vel

2017 3468 2328 3553 excluseris,
2360 3486 2450 3557 qui
2472 3485 2826 3541 remanebunt
2845 3484 2932 3551 qui
2950 3482 3207 3551 impleant
3231 3480 3372 3534 ovile
3398 3491 3543 3531 tuum
3569 3476 3589 3529 ?

2019 3582 2378 3649 Proi-hetmet
2405 3579 2655 3647 apostoli,
2683 3586 2966 3646 martyres,
2996 3574 3229 3643 virgines
3250 3572 3590 3625 etcontinen-

2025 3674 2141 3729 tes?
2171 3672 2362 3739 Quanti
2384 3669 2583 3725 suntad
2614 3671 2877 3736 integrum
2894 3665 3143 3734 pupulum
3166 3666 3179 3716 l
3206 3663 3259 3717 Si
3288 3662 3440 3731 igitur
3459 3676 3591 3727 prae-

2020 3768 2273 3822 scribitur
2321 3762 2714 3832 peccatoribus,
2771 3760 2926 3829 pauri
2979 3759 3139 3821 intus,
3172 3767 3224 3809 et
3266 3754 3415 3807 multi
3465 3752 3592 3805 foris

2018 3872 2199 3917 erunt.
2224 3859 2330 3915 Sed
2359 3857 2607 3926 quoniam
2631 3855 2939 3921 redemptor
2958 3866 3016 3906 es
3029 3849 3312 3919 generalis,
3339 3858 3392 3901 et
3415 3855 3593 3915 pastor

2018 3952 2340 4016 communis,
2387 3950 2477 4018 qui
2507 3945 2699 4001 venisti
2753 3959 2858 3998 non
2912 3941 3135 4011 perdere
3188 3939 3281 3992 sed
3340 3937 3548 3992 salvare
3579 3979 3593 4003 ,

2021 4047 2215 4115 collige
2243 4053 2297 4099 et
2324 4043 2504 4099 scabie
2536 4047 2816 4107 corruptas
2845 4051 2995 4099 oves,
3034 4046 3087 4089 et
3126 4035 3397 4100 dispersas
3432 4030 3596 4084 reduc

2021 4140 2086 4195 ad
2114 4137 2296 4192 caulas
2323 4135 2599 4189 cmleSIes.
2635 4130 2738 4183 Fac
2768 4129 2834 4182 de
2880 4127 3131 4181 omnibus
3172 4138 3334 4176 unum
3381 4135 3595 4190 gregem

2022 4244 2076 4288 et
2098 4239 2215 4287 esto
2239 4227 2490 4282 omnibus
2515 4239 2649 4279 unus
2678 4223 2839 4293 (sicut
2866 4217 3181 4290 promi-isti)
3201 4226 3252 4268 et
3273 4214 3517 4269 Salvator
3544 4222 3598 4270 et

2026 4304 2234 4380 Pastor.
2267 4321 2505 4376 Obsecro
2532 4329 2583 4371 te
2629 4331 2728 4384 ego
2764 4314 2956 4367 mulier
2989 4317 3047 4364 ut
3077 4308 3315 4375 indigna,
3355 4316 3407 4359 et
3439 4306 3597 4358 tacita

2024 4416 2157 4469 intra
2192 4427 2276 4465 me
2320 4424 2478 4479 prece
2508 4408 2740 4473 deposco
2769 4444 2783 4468 ,
2828 4401 3007 4456 sciens
3052 4409 3102 4453 te
3135 4411 3256 4450 esse
3304 4392 3597 4449 errantium

2025 4505 2309 4561 medicum.
2344 4500 2588 4555 Dolorem
2620 4509 2797 4550 meum
2827 4491 3004 4546 verbis
3028 4488 3317 4558 ingemino,
3351 4494 3405 4540 et
3434 4486 3594 4538 actio-

2027 4615 2146 4655 nem
2177 4610 2347 4649 meam
2371 4590 2591 4646 secretis
2614 4584 2933 4655 singultibus
2961 4594 3166 4650 premo.
3193 4577 3319 4631 Esto
3345 4575 3477 4633 mihi
3504 4574 3600 4626 ad.

2027 4698 2245 4745 vocatus
2280 4705 2293 4741 :
2323 4684 2537 4750 suscipe
2564 4693 2777 4733 causam
2824 4688 3019 4737 meam,
3046 4681 3099 4726 et
3136 4668 3285 4724 solve
3312 4664 3601 4734 compedes

2027 4795 2196 4835 meos.
2224 4778 2444 4831 Multum
2474 4780 2556 4825 est
2606 4767 2749 4838 quod
2798 4765 2970 4821 merui
3004 4770 3225 4831 tangere
3264 4757 3429 4827 pedes
3461 4766 3602 4809 tuos.

2027 4874 2136 4940 Ego
2184 4868 2395 4923 ﬂetibus
2453 4860 2780 4932 paenitentiae
2823 4852 3086 4925 perfunde
3132 4850 3316 4940 pedes,
3349 4858 3490 4900 tuos.
3525 4844 3603 4899 Tu

2035 4939 2212 5016 lumen
2261 4954 2599 5024 indulgentia:
2625 4992 2641 5017 ,
2693 4949 2813 5004 dele
2856 4945 3077 5001 crimina
3120 4957 3258 4998 mea.
3292 4939 3474 5007 Tango
3530 4945 3604 5002 te,

2026 5056 2292 5113 Salvator,
2322 5063 2422 5117 ego
2476 5042 2749 5099 immunda
2802 5040 3017 5103 mulier,
3073 5045 3127 5091 et
3176 5034 3390 5088 osculor
3440 5030 3604 5100 pedes

2028 5155 2149 5200 tuos
2192 5159 2206 5197 :
2237 5156 2342 5196 non
2398 5148 2457 5192 ut
2488 5137 2763 5205 inquinem
2797 5129 2937 5201 quod
2972 5137 3130 5198 tango
3152 5169 3166 5192 ,
3199 5126 3293 5180 sed
3324 5132 3380 5178 ut
3417 5122 3603 5176 abluar

2020 5237 2087 5291 ab
2108 5249 2173 5289 eo
2200 5246 2359 5302 quem
2386 5239 2563 5298 tango.
2595 5228 2638 5281 0
2678 5222 2956 5284 meretrix,
2992 5234 3181 5288 magna
3213 5226 3295 5272 est
3328 5216 3458 5269 ﬁdes
3487 5224 3599 5302 tua,

2022 5325 2155 5379 mira
2182 5299 2546 5382 conversatio,
2575 5316 2722 5370 clara
2753 5308 3057 5367 confessio!
3088 5307 3201 5362 Non
3248 5314 3299 5359 te
3335 5303 3444 5372 jam
3467 5299 3601 5354 dici-

2026 5430 2144 5471 mus
2175 5413 2534 5473 meretricem,
2562 5406 2655 5461 sed
2685 5404 2921 5460 omnium
2953 5396 3406 5455 meretricantium
3434 5390 3604 5444 medi-

2025 5521 2140 5563 cam
2170 5524 2182 5558 :
2209 5505 2275 5560 de
2305 5511 2357 5558 te
2381 5502 2522 5557 enim
2555 5498 2769 5567 capiunt
2799 5492 2949 5549 mn'ti
2979 5485 3397 5559 recuperationis
3420 5496 3604 5536 exem-

2024 5599 2164 5668 plum
2177 5638 2190 5652 .
2208 5594 2313 5651 Sed
2327 5591 2487 5659 ccepti
2505 5588 2721 5658 capituli
2740 5587 2980 5641 ordinem
2998 5582 3272 5651 replicem.
3300 5572 3602 5668 Phariszeus

2024 5661 2224 5743 intrrea
2255 5686 2340 5754 qui
2371 5689 2650 5752 rogaverat
2682 5678 2961 5732 Dominum
2993 5716 3010 5739 ,
3037 5671 3123 5725 ubi
3155 5668 3285 5723 v‘dit
3325 5663 3467 5717 velut
3518 5661 3601 5754 in-

2023 5781 2232 5851 dignam
2265 5752 2539 5837 mulierem
2568 5813 2582 5839 ,
2618 5773 2687 5826 ait
2721 5772 2858 5825 intra
2893 5780 2949 5820 se
2979 5782 2995 5817 :
3031 5764 3132 5817 Hic
3156 5763 3199 5816 si
3228 5771 3348 5814 esset
3380 5752 3605 5827 prophe-
