4126 6362
614 321 715 375 1υὸ

1627 337 1685 390 S.
1719 338 2086 396 LAURENTII
2128 341 2575 404 NOVARIENSIS
2616 351 2908 415 EPISCOI‘I

3772 376 3872 431 104

607 444 679 499 ta,
709 452 808 489 non
836 438 1020 492 sineret
1052 440 1181 494 hunc
1210 445 1469 499 mulierem
1502 456 1705 515 tangere
1734 465 1805 515 se,
1840 453 1992 521 cujus
2020 470 2045 507 s
2084 454 2186 509 iret
2216 454 2265 513 Α
2295 454 2768 531 blicatium,nbjice
2794 469 3156 537 meretricem,
3177 472 3359 529 ctdic:
3382 475 3569 546 Cessa,
3592 484 3874 539 conscien-

612 524 695 546 ευρ
727 543 752 546 __
781 527 877 546 !-_._
934 528 1018 546 In,
1084 532 1094 542 ο
1159 533 1171 544 ο
1220 544 1227 546 _
1627 540 1636 546 .

612 524 904 580 infamiam.
934 528 1030 583 Illo
1053 532 1130 585 sic
1159 533 1293 588 intra
1323 551 1380 590 se
1408 551 1601 605 perpen
1626 540 1767 595 lente
1794 558 1841 596 ei
1871 559 2185 614 prosperum

609 626 785 670 actum
813 618 1105 677 obscurare
1133 625 1354 690 nitente,
1379 630 1661 696 cogitatum
1690 632 1803 700 ejus
1827 638 2187 704 comprehen-

603 707 683 758 dit
717 708 995 775 Dominus,
1045 722 1100 767 et
1140 715 1342 770 detexit
1390 736 1403 770 :
1434 718 1642 781 Simon,
1676 723 1863 792 inquit,
1898 726 2057 781 habeo
2093 730 2184 784 tibi

602 796 801 865 aliquid
822 802 1005 855 dicere.
1029 803 1094 857 At
1123 806 1216 859 ille
1244 810 1503 873 respondit
1526 826 1546 865 :
1573 812 1839 883 Magister,
1869 819 1969 871 die.
2001 818 2182 874 Faene-

598 897 742 940 rator
762 889 943 959 aliquis
969 894 1098 947 duos
1125 896 1338 952 habebat
1360 900 1639 967 debitores;
1658 922 1786 960 unus
1808 909 2013 964 debebat
2031 915 2181 980 quin-

600 988 774 1045 gentos
825 982 1085 1049 denarios,
1132 988 1260 1040 alter
1312 992 1679 1063 quinquaginta
1716 1013 1735 1050 :
1777 999 1864 1051 isti
1900 1001 2022 1054 dum
2079 1020 2177 1057 non

600 1066 837 1122 haberent
870 1075 1003 1126 unde
1026 1078 1291 1132 redderent
1318 1122 1333 1143 ,
1365 1082 1559 1137 dimisit
1588 1087 1804 1153 utrique.
1835 1087 1951 1158 Dic,
1979 1110 2173 1161 qua'so,

598 1161 710 1223 quis
738 1162 801 1213 dx
823 1163 931 1217 istis
962 1166 1160 1221 duobus
1188 1171 1399 1242 diligere
1424 1174 1536 1239 plus
1559 1177 1769 1231 debuit?
1797 1186 2053 1249 respondit
2082 1185 2172 1240 Si-

597 1263 737 1311 mon,
772 1261 819 1303 et
843 1253 971 1306 dixit
1003 1272 1020 1308 :
1052 1257 1310 1323 Quantum
1342 1280 1432 1333 ego
1458 1266 1673 1334 restimo,
1717 1271 1803 1323 ille
1830 1274 1911 1324 cui
1942 1276 2056 1341 plus
2077 1277 2170 1329 do-

596 1341 755 1392 navit.
782 1340 921 1397 Dixit
946 1349 991 1399 ei
1018 1346 1301 1405 Dominus:
1329 1364 1459 1408 recte
1472 1358 1741 1425 judicasti.
1771 1362 1951 1418 Simon
1978 1366 2171 1435 hoslies

598 1426 888 1499 l’liarisme,
918 1438 1110 1506 collige
1136 1442 1200 1491 ad
1235 1452 1283 1493 te
1304 1446 1609 1511 parabolatn
1637 1451 1823 1518 istam;
1860 1461 2031 1510 nescis
2049 1461 2169 1527 quia

592 1530 809 1587 propter
828 1532 876 1576 te
900 1524 1042 1580 illam
1074 1532 1303 1596 protuli?
1326 1548 1422 1587 cur
1448 1537 1761 1609 indignaris,
1786 1560 1882 1599 cur
1908 1563 2165 1605 venenum

598 1621 783 1663 ver-as
816 1610 866 1665 in
901 1625 1115 1681 pectore
1140 1622 1263 1675 luo?
1295 1637 1389 1676 cur
1414 1638 1599 1682 contra
1631 1630 1821 1686 {actutm
1850 1635 2047 1691 bonttm
2080 1654 2168 1693 su-

587 1694 753 1766 brigis
792 1713 953 1771 caput
980 1712 1289 1775 serpentis?
1320 1713 1597 1785 Indignum
1629 1721 1833 1789 iudicas
1862 1742 1947 1781 me
1989 1731 2163 1785 susci-

587 1799 717 1851 pere
752 1791 1028 1848 mulierem
1061 1796 1403 1858 fornicariam
1430 1807 1788 1879 lacrymarum
1815 1814 2048 1873 fontibus
2080 1820 2164 1874 in-

586 1878 875 1935 undantem
901 1898 915 1937 :
942 1885 1034 1940 sed
1058 1886 1187 1945 facis
1203 1890 1303 1948 boc
1319 1898 1469 1964 quasi
1504 1878 1811 1959 incredulus
1841 1905 2162 1979 Pharisaeus,

586 1966 711 2019 dum
755 1986 871 2025 ~non
926 1975 1005 2029 vis
1033 1993 1120 2032 me
1169 1995 1291 2038 esse
1334 1996 1424 2039 aut
1453 1990 1677 2046 credere
1721 1994 1919 2052 Deum!
1956 2002 2160 2069 Amice,

585 2055 753 2110 iecisti
787 2076 897 2115 rem
929 2064 1119 2122 bonam
1146 2086 1162 2135 ;
1198 2076 1394 2140 parasti
1418 2078 1546 2133 milii
1577 2084 1899 2151 convivium,
1924 2099 1978 2144 et
2006 2105 2165 2159 pran-

576 2144 723 2199 dium
750 2152 1035 2210 exbibuisti
1058 2175 1072 2211 :
1093 2160 1187 2215 sed
1214 2164 1339 2231 quid
1365 2166 1430 2220 ad
1456 2172 1607 2224 istam
1636 2144 1950 2232 mulierem?
1970 2144 2161 2239 A'ninia

573 2236 695 2303 ejus
747 2242 864 2308 plus
895 2255 978 2301 est
1022 2264 1179 2318 quam
1214 2260 1297 2307 tua
1332 2257 1667 2329 humanitas,
1700 2281 1852 2321 amor
1882 2270 1998 2338 ejus
2028 2275 2161 2329 vicit

582 2333 727 2382 tuum
762 2336 1088 2393 convivium.
1129 2341 1245 2397 Non
1274 2345 1450 2402 vidisti
1482 2350 1606 2419 quid
1651 2352 1816 2410 fecit?
1856 2358 2055 2416 lntravi
2098 2366 2153 2418 in

574 2418 784 2475 domum
824 2434 987 2492 tuam,
1016 2448 1203 2500 aquam
1247 2438 1459 2502 pedibus
1490 2418 1614 2498 meis
1644 2462 1744 2501 non
1788 2449 1975 2506 dedisti
2003 2470 2023 2509 :
2049 2456 2158 2511 Ita'c

567 2520 742 2562 autem
773 2512 1015 2585 lacrymis
1045 2522 1229 2592 rigavit
1256 2527 1409 2595 pedes
1426 2548 1582 2588 meos.
1619 2535 1862 2595 Osculum
1892 2545 2017 2600 mihi
2055 2564 2156 2602 non

567 2598 795 2656 dedisti:
821 2604 929 2660 ἠως
964 2620 1134 2663 autern
1165 2630 1229 2668 ea:
1253 2633 1354 2686 quo
1377 2621 1608 2691 intravit,
1640 2644 1744 2682 non
1775 2636 1982 2689 cessavit
2007 2653 2155 2692 oscu-

568 2689 673 2741 lari
694 2694 846 2761 pedes
876 2713 1033 2754 meos.
1073 2702 1198 2759 Uleo
1240 2724 1341 2763 non
1381 2717 1573 2769 unxiin
1620 2732 1771 2791 caput
1820 2729 2155 2792 meum;lta:c

568 2781 722 2845 pedes
765 2801 900 2839 meos
951 2806 1207 2862 unguento
1263 2804 1490 2872 perfudit
1542 2824 1561 2863 :
1600 2781 1806 2885 propter
1850 2781 2151 2890 quod'dico

568 2869 679 2934 tibi,
730 2878 941 2931 remissa
987 2894 1103 2937 sunt
1153 2888 1233 2957 illi
1290 2869 1517 2961 inﬁnita.
1559 2869 1875 2977 P'har'isme,1
1891 2926 1957 2969 ex
2009 2920 2169 2985 malo

571 2959 828 2985 nmmum“-.-
868 2967 877 2985 ε
938 2969 971 2985 ι·
1118 2976 1127 2985 .
1233 2982 1243 2985 -

566 3422 616 3467 te
648 3422 953 3484 parabolam
986 3444 1195 3495 meam;
1231 3441 1377 3506 aperi
1414 3445 1601 3501 oculos
1633 3460 1751 3505 tuos
1780 3464 1834 3509 et
1886 3458 2026 3515 vide.
2061 3463 2139 3517 Tu

564 3503 738 3561 fecisti
772 3516 1100 3590 convivium,
1129 3535 1182 3578 et
1213 3535 1467 3587 meretrix
1495 3551 1748 3598 coronata
1780 3558 1880 3607 est.
1912 3551 2088 3617 Quare
2119 3557 2141 3610 ?

566 3600 689 3665 quia
714 3605 935 3661 multum
954 3612 1161 3680 dilexit,
1193 3622 1416 3678 multum
1448 3628 1690 3700 ploravit,
1716 3640 1943 3696 multum
1964 3650 2135 3714 paeni-

566 3689 653 3714 i..:.
734 3692 787 3714 Ιὶι
814 3713 821 3714 κ
949 3700 960 3714 ¹
1006 3704 1016 3714 ⁸
1195 3710 1205 3714 “

1448 3689 1461 3695 -
1674 3689 1689 3700 ,
1720 3689 1942 3696 ηψπ-η.
1964 3689 2135 3714 ,ηψπ

557 3689 679 3742 luit.
732 3692 857 3752 Plus
880 3700 1039 3756 valuit
1069 3710 1206 3776 apud
1238 3728 1321 3768 me
1352 3714 1509 3774 lletus
1538 3727 1833 3785 meretricis
1857 3748 2018 3802 quam
2050 3750 2137 3793 tua

560 3778 749 3802 l'..-...-_l_
815 3787 874 3802 η,
912 3790 922 3799 ο
986 3791 998 3802 ι
1093 3796 1105 3802 -
1186 3799 1198 3802 -

560 3778 779 3839 fercula.
813 3787 880 3842 Et
911 3790 1034 3848 inde
1074 3796 1238 3867 duplo
1270 3804 1367 3859 tibi
1413 3812 1629 3876 praelata

551 3874 770 3939 quando
801 3888 854 3933 tu
884 3884 1289 3960 quinquaginta,
1317 3874 1427 3952 illa
1451 3906 1759 3976 quingentis

547 3973 633 4016 est
664 3972 919 4025 nummis.
942 3976 1053 4033 Nec
1080 3979 1347 4041 immerito
1373 3989 1441 4045 de
1474 3972 1622 4050 vobis
1664 3972 1978 4067 praedictum
2027 4021 2131 4077 est,

555 4054 687 4077 ll-.3—
722 4074 791 4077 μιν
862 4071 872 4077 ι
909 4065 919 4075 '
1186 4074 1194 4077 ’
1222 4075 1227 4077 ’

1664 4054 1677 4067 Ι
1736 4054 1978 4061 """"""
2028 4054 2131 4077 """

552 4054 687 4116 Quia
718 4065 1001 4121 meretrices
1030 4080 1077 4122 et
1107 4074 1364 4139 publicant
1407 4088 1696 4149 precedent
1743 4107 1830 4145 vos
1884 4096 1936 4148 in
1976 4113 2131 4168 regno

561 4141 599 4168 Π
613 4149 647 4168 _:
713 4148 769 4168 Β.
1131 4163 1152 4168 ⁸

1407 4141 1418 4149 _
1978 4141 2129 4168 .-νην

551 4141 667 4201 Dei.
705 4148 770 4202 Et
817 4168 1086 4214 conversus
1119 4163 1367 4223 Dominus
1396 4171 1547 4229 Jesus
1569 4178 1700 4233 dixit
1722 4184 1792 4235 ad
1817 4188 2079 4243 mulierem
2113 4208 2132 4245 :

548 4232 706 4291 Fides
735 4251 821 4294 tua
866 4256 911 4299 te
939 4249 1131 4306 salvam
1173 4258 1292 4322 [erit
1315 4298 1331 4323 ,
1370 4265 1495 4318 vade
1522 4266 1574 4320 in
1611 4287 1735 4339 pace
1759 4266 1953 4342 (Matt.
1988 4282 2123 4351 ut).

551 4324 683 4351 νη,-
714 4345 861 4351 Mm
929 4336 940 4351 .

547 4324 685 4381 Ecce
709 4336 979 4398 quomodo
1003 4355 1292 4409 patuerunt
1313 4356 1586 4422 pr0posita
1611 4324 1667 4413 in
1702 4324 1908 4421 diiobus
1936 4324 2126 4424 exeni-

550 4418 671 4486 plis.
708 4422 843 4479 Ecce
873 4435 1142 4497 quomodo
1193 4440 1417 4497 crimina
1456 4453 1743 4506 contrariis
1773 4457 1961 4513 collisa
1999 4474 2124 4519 sunt

537 4526 727 4568 armis.

536 4604 762 4662 crimina
780 4608 1030 4683 lacrymtc
1052 4622 1462 4683 restrinxerunt.
1482 4630 1765 4692 Feneravit
1783 4642 2118 4717 publicanus,

534 4705 594 4750 et
647 4698 819 4757 factus
871 4715 955 4761 est
988 4706 1203 4778 justus;
1238 4714 1381 4772 ﬂevit
1427 4721 1732 4796 fornicaria,
1762 4698 1817 4786 et
1858 4733 1996 4791 facta
2035 4698 2121 4795 es;

536 4802 741 4847 sancta.
773 4797 909 4863 Quid
947 4808 1002 4856 tu
1053 4805 1117 4859 ad
1150 4805 1289 4876 haec,
1324 4810 1611 4872 libidinose
1632 4864 1646 4887 ,
1678 4836 1997 4890 provocatus
2024 4848 2118 4887 ex-

536 4880 729 4948 emplis
742 4884 1036 4955 desperas?
1062 4893 1222 4950 Forte
1250 4897 1375 4954 dum
1400 4880 1644 4974 duplices
1669 4880 1757 4967 tibi
1776 4880 2116 4985 ipsi;desitie

533 4968 841 5042 desperare,
880 4988 936 5035 et
964 4982 1109 5040 disce
1137 4990 1261 5055 quid
1293 5007 1443 5063 agas.

605 5062 830 5130 Quando
861 5075 940 5128 vis
987 5094 1143 5136 orare
1174 5098 1270 5152 pro
1313 5088 1519 5146 luxuria
1547 5110 1665 5164 quae
1711 5110 1796 5156 est
1825 5104 1875 5159 in
1922 5113 1994 5175 te,
2026 5122 2117 5168 aut

536 5165 762 5224 erogare
788 5160 988 5233 aliquid
1034 5185 1129 5237 pro
1179 5180 1444 5246 pet-catis,
1480 5160 1593 5241 scio
1620 5190 1741 5257 quia
1772 5160 1993 5252 resistit,
2021 5202 2112 5258 tibi

540 5250 855 5308 :onscientia
890 5265 977 5313 tua
1008 5272 1063 5316 et
1104 5271 1329 5326 revolvit
1387 5276 1476 5331 tibi
1519 5278 1783 5341 inﬁnitum
1825 5304 2107 5351 numerum

526 5350 887 5403 peccatorum.
924 5351 1198 5427 Obstrepit
1228 5364 1320 5419 tibi
1349 5368 1589 5439 silenter,
1610 5375 1796 5434 dicens
1822 5396 1835 5435 :
1861 5382 1997 5450 Quid
2025 5350 2108 5443 est

522 5434 665 5530 quod
694 5451 850 5507 oras,
882 5455 974 5499 aut
1023 5453 1147 5519 quid
1180 5466 1261 5511 est
1309 5462 1451 5529 quod
1502 5434 1733 5539 erogas?
1783 5434 1997 5533 Clade—s—
2025 5434 2105 5536 est

1327 5519 1339 5529 υ
1514 5519 1547 5520 "
1572 5519 1694 5539 ’0-⁷
1715 5519 1726 5525 ⁷
1788 5519 1976 5533 ν’““ν¹⁷
2025 5519 2102 5536 Vo.

522 5519 658 5577 intra
688 5536 767 5594 te;
800 5535 1062 5595 scelerum
1104 5553 1154 5599 te
1179 5554 1427 5609 cumulus
1456 5569 1605 5628 urget
1641 5578 1654 5620 :
1684 5574 1739 5618 et
1788 5579 1989 5635 quanta
2020 5583 2102 5628 est

522 5611 705 5635 AL---»
747 5622 781 5635 -'

1518 5611 1603 5628 υρ
1641 5611 1654 5620 ,
1691 5611 1739 5618 --
1790 5611 1989 5635 Ἱππ...
2020 5611 2097 5628 ις..

517 5611 820 5677 obsecratio
864 5634 949 5683 tua
977 5676 992 5700 ,
1024 5635 1106 5690 vel
1157 5645 1442 5713 erogatio?
1471 5649 1696 5714 Quando
1728 5656 1806 5714 sic
1826 5654 2097 5734 ‘objurgat

513 5709 841 5772 conscientia
871 5729 979 5791 tua,
1018 5737 1070 5782 tu
1101 5732 1206 5788 noli
1236 5709 1461 5826 tegeri;
1494 5745 1588 5801 sed
1624 5762 1690 5818 op
1708 5765 1847 5819 pone
1878 5709 1953 5812 illi
1989 5709 2091 5831 riu-

761 4517 1010 4578 Avaritize
1061 4528 1163 4583 tela
1212 4536 1435 4591 retrudit
1486 4542 1867 4615 eleemosyna;
1902 4553 2205 4623 luxuriteD

2295 550 2398 615 tia;
2430 552 2537 607 noli
2561 555 2688 610 mihi
2717 557 3050 630 obstrepere,
3072 565 3179 620 noli
3203 569 3485 627 obsistere.
3510 574 3872 636 Estaccessus

2290 641 2354 694 ad
2390 642 2590 711 Deum,
2620 657 2673 701 et
2702 648 2851 705 locus
2875 658 3147 711 remeandi
3181 660 3243 712 ad
3269 659 3559 718 Christum.

2357 735 2555 807 Impius
2586 740 2682 796 fuit
2711 746 3045 817 publicanus,
3075 751 3169 806 sed
3204 769 3307 807 non
3339 756 3639 824 desperavit
3665 778 3681 811 :
3713 760 3872 819 fene-

2285 829 2419 881 ravit
2447 830 2783 901 publicanus,
2816 849 2869 891 et
2910 839 3079 896 fartus
3107 855 3187 897 est
3230 845 3473 915 intimus;
3522 851 3668 909 ﬂevit
3695 872 3871 913 merc-

2284 919 2407 985 trix,
2438 931 2491 976 et
2523 923 2658 979 facta
2688 939 2768 981 est
2792 930 2936 984 felix.
2963 932 3031 987 Ut
3051 937 3174 1005 quid
3200 954 3284 995 me
3307 944 3553 1014 corripis,
3586 952 3873 1004 conscien-

2282 1008 2389 1063 tia?
2422 1011 2489 1066 Ut
2517 1014 2641 1083 quid
2675 1031 2762 1071 me
2799 1020 3111 1089 confundis,
3151 1038 3203 1080 et
3232 1008 3525 1098 depravare
3551 1040 3874 1094 contendis?

2281 1100 2337 1154 Si
2371 1102 2511 1158 Deus
2538 1106 2759 1175 recipit,
2789 1112 2911 1178 quis
2950 1124 3031 1167 est
3062 1118 3401 1187 qui'rt-j‘cit?
3420 1124 3463 1177 si
3491 1124 3633 1180 Deus
3657 1127 3871 1196 justiti-

2277 1200 2384 1257 cat,
2403 1194 2522 1261 quis
2543 1203 2627 1250 est
2642 1200 2729 1265 qui
2760 1202 3114 1260 condemnati
3136 1206 3440 1267 Christiane
3457 1214 3583 1282 quid
3602 1257 3614 1280 ,
3646 1194 3825 1272 tardas
3854 1239 3870 1277 :

2277 1282 2611 1348 publicanum
2666 1289 2815 1345 vides
2861 1304 3143 1359 antequam
3177 1299 3350 1355 adhuc
3392 1305 3676 1372 paeniteret
3713 1327 3870 1367 rece-

2280 1384 2450 1443 ptum,
2485 1380 2787 1452 etambigis
2822 1401 2833 1435 :
2865 1386 2990 1454 quid
3024 1393 3255 1445 metuis?
3293 1393 3426 1449 Vitio
3477 1397 3710 1454 libidinis
3756 1418 3868 1472 quo

2271 1481 2461 1537 corpus
2487 1472 2742 1540 polluitur
2760 1485 2819 1530 et
2846 1480 3082 1535 membra
3107 1485 3462 1556 maculantur,
3480 1492 3522 1543 si
3548 1501 3659 1547 toto
3681 1496 3867 1550 animo

2268 1563 2554 1626 gemueris,
2585 1566 2897 1623 absolveris.

2345 1650 2532 1715 llomo,
2568 1656 2611 1707 si
2642 1669 2737 1710 cur
2768 1666 2916 1714 tuum
2951 1660 3116 1728 vides,
3150 1665 3297 1720 vides
3327 1682 3432 1723 uno
3462 1680 3737 1727 momento
3765 1690 3865 1744 ρετ

2268 1742 2413 1797 solas
2444 1745 2711 1816 lacrymas
2739 1750 2998 1818 ablutum,
3032 1763 3085 1807 et
3113 1755 3362 1812 dubitas?
3384 1759 3487 1815 Sed
3512 1761 3646 1816 dicis
3673 1781 3688 1814 :
3720 1742 3863 1821 Ecce

2196 1823 2243 1882 B
2270 1848 2496 1903 compun
2533 1846 2617 1893 tus
2648 1842 2835 1907 oravi,
2869 1855 2957 1897 aut
2981 1845 3102 1899 ﬂevi
3129 1863 3224 1916 pro
3254 1849 3333 1903 bis
3362 1867 3478 1920 qua:
3505 1857 3649 1910 male
3676 1858 3817 1926 gessi
3844 1875 3861 1922 ;

2270 1926 2609 1995 aliquatenus
2652 1934 2821 1987 merui
2872 1949 2901 1988 a
2962 1937 3189 1993 Domino
3238 1941 3561 2013 indulgentia
3617 1948 3858 2015 absolvi;

2269 2029 2389 2085 post
2412 2018 2533 2085 hoc,
2563 2032 2618 2077 ut
2665 2033 2747 2078 est
2776 2025 2887 2093 ipsa
2910 2029 3177 2095 conditio,
3225 2032 3270 2086 si
3315 2050 3501 2090 rursus
3538 2052 3857 2106 peccavero,

2266 2107 2388 2174 quid
2422 2109 2657 2165 facturus
2693 2117 2851 2169 sum?
2878 2117 3121 2188 Nunquid
3153 2122 3340 2177 iterum
3379 2125 3508 2180 ﬂere
3537 2128 3728 2193 debeo,
3763 2143 3860 2187 aut

2267 2197 2645 2267 indulgentiam
2680 2204 2955 2272 ﬂagitare?
2981 2217 3072 2263 aut
3098 2214 3333 2279 nunquid
3377 2224 3458 2269 est
3490 2217 3665 2272 adhuc
3692 2235 3857 2290 repe-

2260 2297 2377 2345 tere
2424 2295 2756 2349 remedium?
2802 2298 3123 2368 Respondeo
3170 2305 3261 2360 tibi
3297 2308 3386 2363 :si
3434 2311 3645 2379 quidem
3699 2313 3853 2369 radis

2265 2383 2466 2449 peccati
2497 2385 2548 2438 in
2580 2389 2834 2442 membris
2863 2392 2966 2445 tuis
2991 2407 3280 2464 aresceret,
3317 2400 3399 2454 vel
3425 2402 3493 2457 ab
3518 2404 3713 2459 animis
3739 2410 3851 2461 tu’s

2261 2469 2597 2544 discederet,
2630 2488 2776 2533 recte
2806 2479 2907 2536 boc
2935 2482 3164 2541 diceres.
3198 2486 3254 2543 Si
3286 2492 3426 2544 enim
3454 2506 3480 2546 s
3504 2493 3701 2549 imnlus
3726 2511 3851 2550 car-

2260 2560 2344 2615 nis
2373 2563 2693 2634 quiesceret,
2729 2584 2949 2625 securus
2984 2588 3142 2631 esses
3172 2592 3270 2633 nec
3302 2591 3576 2648 peccatum
3620 2584 3846 2651 laceres,

2260 2670 2357 2709 nec
2388 2658 2757 2724 paenitentiam
2786 2676 3089 2731 quzereres;
3127 2669 3219 2723 sed
3264 2685 3478 2742 semper
3503 2677 3653 2744 quasi
3685 2692 3847 2747 ange-

2259 2744 2595 2804 lusillibatus
2627 2752 2921 2810 incederes.
2953 2758 3102 2823 Quod
3146 2764 3189 2814 si
3240 2771 3292 2817 te
3340 2768 3597 2821 naturalis
3652 2784 3847 2823 concu.

2257 2838 2513 2905 piscentia
2555 2852 2710 2913 urget
2754 2854 2807 2900 et
2848 2851 3033 2919 pungit
3079 2852 3241 2907 libido
3267 2897 3281 2921 ,
3336 2858 3461 2927 quid
3511 2859 3745 2915 tacturus
3782 2878 3847 2917 es

2256 2927 2500 2998 fragilis?
2553 2932 2795 2990 Vinceris
2843 2939 3109 3006 subinde,
3160 2944 3392 3001 ﬂecteris
3439 2948 3747 3021 frequenter
3785 2967 3845 3013 et

2252 3016 2383 3073 facis
2412 3020 2609 3090 aliquid
2640 3026 2782 3094 quod
2818 3027 2958 3084 Deus
2988 3046 3091 3086 non
3126 3034 3258 3091 vult.

2298 3209 2533 3274 postolus
2566 3229 2578 3263 :
2608 3211 2660 3265 Ν
2667 3231 2729 3268 ιη
2758 3220 2894 3284 quod
2918 3222 3031 3274 volo
3052 3239 3170 3294 ago,
3201 3226 3290 3278 sed
3316 3228 3453 3297 quod
3474 3230 3562 3283 odi
3583 3229 3678 3284 hoc
3703 3233 3843 3303 facio

2250 3294 2428 3362 (Rom.
2466 3314 2558 3365 vn,
2604 3302 2713 3373 15).
2762 3307 2899 3374 Quid
2931 3316 3108 3369 nunc?
3148 3332 3275 3374 ecce
3318 3294 3520 3391 orasti,
3568 3336 3620 3381 et
3650 3294 3838 3382 annuit

2247 3385 2523 3443 Dominus.
2558 3392 2781 3461 Adjuvit
2818 3399 2957 3468 pius,
2988 3402 3206 3461 indulsit
3234 3411 3543 3469 misericors
3568 3460 3583 3483 ,
3614 3419 3836 3473 evasisti

2245 3489 2545 3545 peccatum.
2590 3482 2696 3539 Sed
2726 3489 2815 3556 qui
2840 3489 2949 3559 jam
2986 3494 3261 3553 absolutus
3290 3511 3376 3556 est
3409 3518 3439 3557 a
3469 3482 3688 3563 stimulo
3714 3526 3838 3564 car-

2244 3568 2349 3632 nis,
2378 3583 2505 3625 eece
2534 3572 2724 3629 iterum
2754 3580 2895 3648 cogit
2942 3585 3175 3639 conditio
3215 3590 3410 3647 cadere
3460 3606 3577 3663 post
3622 3600 3834 3654 vniam

2243 3656 2603 3733 impetratam,
2651 3667 2964 3739 delinquere
3013 3686 3131 3744 post
3178 3656 3595 3753 indulgentiam,
3629 3699 3681 3743 et
3712 3701 3835 3759 post

2242 3746 2503 3819 lacrymas
2526 3752 2723 3811 iterum
2754 3758 2934 3829 lapsus
2956 3763 3249 3826 incurrere.

2312 3840 2367 3894 In
2415 3842 2516 3900 ltoc
2548 3846 2705 3915 plane
2742 3850 2853 3919 jam
2899 3870 3146 3928 magnum
3192 3861 3497 3933 intervenit
3525 3871 3729 3938 odium,
3775 3886 3830 3931 et

2241 3929 2614 3991 inestimabilis
2662 3940 2966 3999 difficultas.
3016 3950 3207 4006 Conari
3255 3932 3683 4023 quidemrdebes
3715 3929 3827 4021 loto

2238 4023 2417 4078 animo
2443 4068 2458 4091 ,
2486 4037 2542 4082 et
2568 4044 2807 4101 pugnare
2839 4038 3183 4104 perlinat-iter
3212 4059 3400 4104 contra
3433 4056 3611 4108 carnis
3639 4057 3827 4112 stimu-

2236 4113 2314 4169 los
2342 4127 2395 4170 et
2419 4122 2911 4191 concupiscentiam
2944 4134 3141 4204 cordis,
3178 4150 3233 4192 ut
3264 4143 3449 4199 vincas
3478 4155 3531 4199 et
3563 4164 3667 4202 non
3701 4166 3825 4219 pec-

2232 4217 2346 4259 ces.
2373 4207 2478 4263 Sed
2512 4211 2555 4264 si
2596 4215 2735 4271 forte
2765 4228 2948 4275 contra
2993 4238 3171 4281 votum
3205 4238 3350 4286 tuum
3380 4237 3615 4293 conditio
3645 4244 3825 4299 carnis

2232 4298 2439 4367 vicerit,
2465 4312 2517 4358 et
2538 4308 2801 4376 cupiditas
2828 4319 3076 4372 straverit
3100 4320 3150 4374 in
3175 4337 3473 4395 peccatum,
3499 4332 3622 4401 quid
3653 4332 3824 4389 factu-

2231 4406 2321 4445 rus
2350 4395 2444 4449 es?
2472 4396 2637 4453 debes
2660 4400 2768 4470 jam
2800 4404 3077 4475 despicere
3106 4424 3193 4467 aut
3226 4414 3516 4486 desperare
3546 4424 3775 4479 salutem
3800 4430 3822 4479 ’ἒ

2228 4480 2344 4537 Noli
2373 4486 2450 4540 sic
2480 4489 2717 4557 cogitare
2754 4511 2765 4545 :
2799 4511 2956 4567 surge
2987 4501 3203 4570 iterum,
3248 4506 3427 4577 homo,
3477 4528 3637 4584 surge
3665 4534 3679 4581 ;
3712 4518 3821 4575 noli

2232 4572 2441 4642 timere,
2476 4582 2581 4633 noli
2609 4582 2807 4650 jacere.
2842 4588 2932 4643 Est
2959 4595 3049 4659 qui
3100 4598 3320 4667 recipiat
3366 4612 3419 4657 et
3462 4606 3553 4674 qui
3604 4616 3655 4662 te
3709 4624 3815 4665 non

2226 4664 2506 4737 deSpiciat,
2546 4672 2589 4725 si
2621 4678 2813 4746 surgis.

2225 4855 2369 4904 tuum
2402 4850 2562 4923 Deus,
2590 4859 2682 4912 sed
2705 4862 2941 4921 animum
2970 4870 3215 4940 respicit;
3245 4891 3344 4931 nec
3369 4891 3642 4947 peccatum
3665 4899 3817 4938 com-

2222 4951 2391 5009 putat,
2423 4946 2517 5001 sed
2545 4952 2912 5017 pomitentiam
2947 4972 3157 5028 pensat.
3189 4964 3313 5022 Odit
3354 4946 3509 5039 plane
3554 4972 3599 5027 si
3642 4983 3694 5029 te
3734 4976 3814 5030 vi-

2226 5030 2366 5087 derit
2409 5039 2781 5111 negligentem,
2817 5059 2907 5102 aut
2944 5053 3236 5111 resolutum
3257 5103 3271 5125 ,
3302 5030 3395 5115 aut
3422 5063 3650 5133 pigvum,
3684 5066 3727 5120 si
3759 5078 3811 5124 te

2225 5122 2421 5179 viderit
2448 5143 2553 5184 non
2584 5131 2914 5192 laborantem
2943 5142 2994 5195 in
3027 5146 3375 5216 ptenitudine,
3402 5153 3495 5207 sed
3525 5169 3810 5213 remanen—

2223 5219 2326 5267 tem
2352 5213 2407 5268 in
2437 5218 2679 5276 crimine.
2706 5222 2850 5278 Talis
2874 5244 3101 5303 namque
3124 5245 3207 5291 est
3230 5238 3369 5295 Deus
3391 5256 3513 5315 erga
3538 5247 3807 5303 homines.

2218 5303 2341 5359 Odit
2369 5321 2701 5380 peccantem,
2736 5321 3079 5389 amplectitur
3127 5303 3504 5397 pmnitenten‘i.
3546 5336 3686 5406 Ergo
3714 5353 3807 5393 ce-

2213 5396 2428 5452 cidisti?
2454 5402 2564 5457 noli
2595 5404 2840 5465 difﬁdere
2870 5396 3218 5485 autdill‘erre,
3260 5422 3355 5477 sed
3404 5439 3583 5497 surge.
3618 5396 3673 5483 si
3709 5444 3804 5497 per

2210 5488 2448 5557 singulos
2478 5493 2593 5549 dies
2619 5502 2906 5571 erraveris,
2935 5520 3031 5576 per
3056 5509 3297 5580 singulos
3319 5515 3433 5571 dies
3457 5529 3794 5585 convertere,
3870 5518 3875 5521 ’

2207 5588 2261 5633 et
2288 5583 2513 5639 emenda
2556 5601 2571 5640 :

2203 5671 2367 5742 exigit
2394 5673 2553 5732 Deus.
2589 5679 2692 5735 Aut
2721 5699 2826 5741 non
2853 5688 3051 5746 audisti
3076 5696 3346 5763 quomodo
3365 5697 3482 5766 ejus
3507 5716 3605 5754 vox
3640 5718 3789 5757 reso-

2202 5768 2318 5838 nat}
2346 5783 2442 5838 per
2476 5771 2762 5831 Jerem’am
2803 5781 3160 5851 prophetam?
3224 5787 3479 5861 Nunquid
3520 5793 3609 5863 qui
3652 5796 3794 5850 cadit

2624 5586 2725 5645 hoc
2766 5602 2848 5648 est
2895 5598 3038 5653 enim
3086 5603 3226 5671 quod
3270 5618 3298 5657 a
3337 5614 3389 5661 te
3427 5618 3699 5680 exspectat
3741 5622 3798 5667 et
