4126 6362
310 322 412 377 105

1624 317 1901 375 HUMILIA
1944 319 2283 375 SECUNDA.

3469 330 3571 386 106

306 420 411 492 non
441 437 716 508 resurget?
763 446 852 490 aut
895 438 979 505 qui
1021 437 1259 491 adversus
1301 445 1376 489 est
1426 451 1525 488 non
1581 435 1891 486 revertetur?
1915 440 1965 495 Α
2000 432 2162 486 habet
2194 433 2463 502 vigorem;
2502 434 2843 505 eleemosyna
2888 452 3040 507 aqua
3085 440 3243 495 habet
3278 442 3567 511 lquorem.

309 529 423 585 Hoc
450 545 556 584 non
596 532 662 585 de
693 545 797 583 uno
837 544 965 583 casu
1007 530 1150 594 dicit,
1182 530 1275 583 sed
1305 527 1464 581 totius
1496 526 1747 594 temporis
1776 525 1888 592 lap-

310 636 404 677 sus
430 631 675 677 testatur.
702 621 759 677 Si
778 622 918 676 enim
943 623 1224 688 contigerit
1245 635 1387 688 saepe
1410 620 1625 683 cadere,
1656 620 1889 686 plerum-

307 731 414 784 que
432 715 758 783 delinquere,
786 714 981 767 clamat
1020 713 1110 767 ille
1152 726 1363 781 semper
1392 721 1448 765 et
1491 711 1657 765 dicit:
1694 710 1885 778 Surge,

311 808 495 861 homo.
523 806 659 873 Quid
698 805 858 860 dicit?
890 803 1139 873 Nunquid
1178 804 1265 872 qui
1304 804 1439 855 cadit
1480 818 1579 855 non
1622 800 1889 871 resurget?

307 897 503 967 Surge,
535 906 802 965 peccator,
824 906 880 951 et
905 907 1157 950 converte
1187 895 1253 949 ad
1284 910 1398 959 me,
1423 894 1547 964 quia
1576 896 1701 947 nolo
1741 908 1887 947 inor-

309 1002 419 1045 tem
444 992 758 1061 peccatoris.
808 990 1071 1056 Quantum
1102 999 1154 1043 et
1182 988 1393 1058 quoties
1418 989 1734 1057 peccaverit,
1762 1001 1890 1040 con-

309 1090 487 1138 vertat
524 1097 582 1137 se
620 1098 651 1137 a
699 1083 783 1136 via
810 1098 903 1135 sua
934 1082 1186 1149 maligna,
1220 1092 1272 1135 et
1303 1079 1462 1134 vivet.
1497 1079 1608 1132 lloc
1638 1082 1706 1131 ita
1736 1077 1885 1140 dicit,

312 1182 371 1228 ut
409 1189 517 1229 non
558 1186 611 1228 tu
650 1189 743 1243 per
770 1174 964 1227 multas
992 1173 1174 1227 ruinas
1214 1187 1275 1226 ac
1316 1172 1360 1224 si
1404 1171 1687 1237 despectus
1711 1211 1724 1233 ,
1753 1184 1814 1223 ac
1842 1169 1889 1223 si

308 1265 623 1335 desperatus
643 1266 879 1330 delicias,
911 1264 1004 1319 sed
1033 1266 1275 1334 subrigas
1307 1273 1357 1318 te
1385 1252 1678 1326 sollicitior,
1703 1276 1766 1315 ac
1796 1276 1890 1329 per

310 1357 552 1427 singulos
596 1358 774 1425 lapsus
812 1366 921 1412 stes
968 1366 1155 1411 contra
1188 1364 1484 1424 peccatum.
1518 1353 1767 1422 Opponas
1814 1353 1888 1407 illi

316 1452 599 1522 lacrymas,
624 1452 845 1521 objicias
870 1453 1287 1521 eleemosynam,
1322 1452 1605 1504 interseras
1629 1448 1889 1502 orationis

310 1545 591 1607 excubias,
637 1555 694 1597 ut
744 1544 949 1613 pondus
995 1545 1218 1613 peccati,
1263 1541 1607 1611 ptenitudinis
1655 1542 1891 1609 pondere

313 1639 511 1693 obruas
537 1648 593 1692 et
618 1650 850 1692 evertas.
878 1638 965 1692 Sic
1000 1638 1366 1705 persistentem
1396 1651 1665 1704 nunquam
1687 1633 1891 1689 deserit

310 1729 492 1783 divina
521 1729 822 1783 clementia.
852 1730 904 1781 ln
930 1730 1030 1795 isto
1055 1744 1225 1797 agone
1255 1729 1457 1796 positus
1480 1729 1639 1780 homo
1668 1740 1771 1779 non
1797 1741 1890 1794 per

1994 522 2083 577 Sic
2109 536 2473 593 comparatum
2505 537 2607 581 est.
2651 527 2768 582 Stat
2808 534 3029 585 materia
3062 543 3243 588 contra
3270 540 3571 601 materiam,

1992 622 2097 665 stat
2124 629 2256 683 aqua
2281 626 2464 669 contra
2493 617 2704 685 ignem,
2733 630 2838 672 Stat
2868 620 3205 693 eleemosyna
3234 640 3420 681 contra
3448 643 3573 696 pec-

1992 715 2189 757 catum.
2219 706 2455 760 Audistis
2485 708 2610 776 quid
2647 710 2905 783 scriptum
2944 716 3063 766 est?
3112 714 3256 768 Sicut
3296 718 3463 787 ignem
3488 716 3571 771 ar-

1992 796 2187 848 dentem
2217 799 2490 866 exstinguit
2521 815 2654 867 aqua
2673 840 2689 862 ,
2720 803 2792 855 sic
2812 802 3127 874 eleemosyna
3156 808 3429 879 exstinguit
3458 827 3574 881 pec-

1993 894 2108 936 cata
2138 884 2304 955 (Eccl.
2339 893 2437 956 in).
2466 889 2716 945 Homines
2737 909 2857 946 cum
2886 896 3053 948 simus
3086 900 3135 949 in
3164 897 3362 951 lubrica
3383 913 3573 956 natura

1993 976 2306 1047 plerumque
2329 988 2629 1046 peccantes,
2650 998 2756 1036 non
2788 997 2963 1040 cesset
2993 988 3169 1041 anima
3193 989 3414 1056 iustitia:
3435 1007 3571 1060 aqua

1992 1069 2321 1125 exuberans.
2354 1073 2527 1126 Radix
2548 1077 2773 1128 omnium
2798 1080 3069 1145 malorum,
3094 1082 3218 1149 quid
3241 1085 3360 1136 est?
3391 1081 3590 1137 Avari--

1994 1160 2141 1231 tia(l
2170 1162 2301 1219 Tim.
2335 1166 2431 1234 ix).
2464 1166 2630 1220 Radix
2681 1173 2916 1225 omnium
2964 1174 3223 1229 bonorum
3268 1180 3393 1248 quid
3443 1186 3571 1236 est!

1994 1252 2369 1327 Eleemosyna.
2390 1258 2453 1311 Et
2474 1260 2561 1328 qui
2583 1275 2724 1314 nunc
2740 1262 3047 1321 vulneratus
3068 1281 3126 1320 es
3151 1281 3244 1336 per
3267 1271 3570 1336 avaritiam,

1993 1362 2119 1401 cura
2146 1359 2196 1403 te
2227 1365 2323 1417 per
2348 1352 2762 1424 eleemosynam.
2788 1356 3027 1412 Mortuus
3054 1376 3111 1413 es
3137 1378 3229 1429 per
3254 1366 3527 1419 avaritiam
3550 1370 3574 1419 ’ἔ

1992 1438 2197 1493 vivilica
2229 1450 2279 1496 te
2309 1456 2403 1509 per
2429 1445 2843 1516 eleemosynam.
2885 1449 3211 1507 Exulcerata.
3232 1463 3314 1509 est
3343 1461 3574 1525 peccatis

1994 1532 2168 1586 anima
2202 1534 2329 1586 tua?
2379 1551 2517 1604 unge
2573 1550 2691 1592 eam
2750 1541 2961 1607 pietatis
3008 1558 3069 1596 ac
3110 1545 3334 1613 justitite
3387 1566 3571 1618 opere.

1993 1622 2204 1677 Audisti
2235 1627 2705 1683 commonitionem
2746 1631 2921 1698 justi?
2951 1633 3284 1705 Eleemosgnu
3314 1638 3376 1691 de
3416 1656 3575 1695 morte

1995 1718 2196 1784 liberat,
2221 1729 2267 1773 et
2289 1738 2389 1807 non
2410 1724 2653 1791 permittit
2675 1726 2864 1779 intrare
2911 1729 2962 1779 in
2998 1729 3226 1783 tenebras
3253 1731 3405 1802 (Tob.
3454 1738 3549 1807 xu)

313 1821 476 1873 latam
508 1820 702 1873 incedit
729 1819 889 1883 viam,
915 1819 1006 1872 sed
1033 1796 1259 1887 angusto
1287 1818 1477 1871 itinere
1496 1818 1683 1886 pergit.
1710 1817 1891 1870 Latum
1922 1817 1971 1877 B
1997 1807 2289 1877 ltnplicavit
2318 1796 2369 1866 te
2407 1812 2669 1881 cupiditas
2689 1855 2704 1879 ,
2750 1816 2913 1871 habes
2942 1820 3108 1872 multa
3150 1796 3390 1889 piacula?
3420 1796 3576 1881 Jaccs

313 1912 473 1979 plane
516 1921 660 1967 tenet
700 1911 839 1964 viain
885 1911 972 1979 qui
998 1926 1101 1964 non
1142 1912 1252 1963 vult
1278 1924 1557 1976 resurgere
1581 1910 1647 1964 de
1674 1909 1840 1961 ruinis
1876 1925 1890 1960 :

315 2013 597 2070 angustam
638 2002 856 2056 conlicit
900 2002 1143 2055 semitam
1187 2000 1299 2069 qui,
1330 2001 1538 2069 quoties
1570 2000 1891 2069 peccaverit,

318 2092 687 2157 redarmatur,
712 2102 765 2145 et
796 2091 1013 2159 plangit,
1042 2100 1095 2143 et
1120 2100 1264 2144 tenet
1288 2105 1501 2157 semper
1530 2089 1893 2157 paenitentiam

316 2181 374 2234 in
404 2183 485 2234 via
517 2194 736 2250 angusta
765 2196 884 2250 qua:
914 2181 1061 2234 ducit
1087 2182 1151 2235 ad
1184 2182 1378 2244 vitam,
1412 2180 1535 2235 huic
1564 2182 1753 2234 dicitur
1781 2181 1896 2234 sine

313 2273 520 2328 dubio:
554 2273 651 2340 Qui
693 2274 1079 2343 perseveraverit
1122 2288 1281 2340 usque
1306 2274 1355 2325 in
1398 2272 1574 2341 ﬁnem,
1606 2272 1687 2324 hic
1728 2275 1897 2326 salvus

312 2365 430 2419 erit.

913 2455 1197 2510 HOMILIA
1237 2456 1301 2510 ll.

894 2549 973 2603 De
1000 2552 1337 2619 eleemosyna.

391 2644 607 2699 Fratres
637 2644 939 2698 cbarissimi
961 2684 977 2708 ,
1006 2644 1179 2697 omnis
1209 2643 1481 2711 Scriptura
1521 2642 1775 2697 divinitus
1816 2642 1897 2695 in-

313 2736 516 2803 epirata
565 2745 617 2788 et
678 2734 962 2789 salubriter
1028 2732 1270 2787 ordinata
1318 2735 1423 2803 (ut
1490 2733 1565 2786 ait
1614 2733 1901 2801 Apostolus

314 2822 368 2899 [Ι
389 2824 516 2879 Tim.
544 2824 664 2895 m1),
684 2826 827 2879 utilis
848 2824 1009 2879 estad
1033 2824 1509 2892 audiendum,apta
1535 2824 1601 2877 ad
1628 2823 1900 2876 inStruen-

317 2920 443 2973 dum
463 2958 480 2984 ,
509 2918 812 2972 necessaria
835 2917 903 2970 ad
928 2915 1287 2983 retinendum,
1319 2916 1501 2969 suavis
1526 2915 1591 2968 ad
1622 2915 1901 2983 perfruen-

314 3008 466 3062 dnm.
510 3007 616 3062 Sed
648 3007 789 3061 inter
838 3008 1003 3060 multa
1053 3007 1200 3059 utilia
1235 3019 1290 3061 et
1333 3006 1585 3060 salutaria
1642 3015 1904 3074 pra-cepta

317 3114 438 3169 qua:
472 3099 669 3167 scripta
707 3107 836 3152 sunt
879 3099 931 3151 in
988 3097 1184 3151 divinis
1239 3097 1471 3166 paginis,
1513 3095 1656 3149 nulla
1694 3104 1777 3149 est
1803 3095 1904 3150 alia

1997 1900 2218 1953 avaritia
2272 1903 2557 1969 praeditus,
2609 1910 2928 1974 depravatus
2978 1910 3216 1965 luxuria?
3270 1912 3575 1983 derogasti,

1996 1989 2403 2059 blasphemasti,
2450 1996 2573 2063 quia
2623 1997 2867 2064 plurimis
2902 2014 3045 2069 saepe
3083 2001 3336 2056 mentitus
3359 2019 3437 2069 es,
3468 2008 3581 2075 ple-

1997 2100 2221 2154 rmnque
2270 2086 2555 2155 pejerasti?
2600 2089 2681 2143 his
2728 2091 2978 2159 nequitia:
3030 2094 3305 2161 partibus,
3354 2098 3581 2167 aliisque

1996 2177 2261 2231 similibus
2290 2179 2480 2232 obruta
2504 2188 2583 2233 est
2606 2195 2756 2234 mens
2777 2224 2793 2249 ,
2819 2186 3077 2237 convulsa
3103 2194 3186 2238 est
3209 2187 3532 2242 conscientia
3558 2194 3580 2239 ἲ

1997 2269 2122 2335 quid
2175 2272 2377 2324 modo?
2425 2272 2672 2342 Nunquid
2720 2275 3114 2342 desperandum
3142 2281 3392 2334 estinter
3424 2284 3581 2337 hinc?

1998 2360 2114 2415 Non
2145 2363 2396 2432 sicjubet
2430 2365 2705 2420 Dominus.
2752 2368 2859 2422 Sed
2909 2370 3031 2437 quid
3067 2371 3340 2440 pruicipit?
3380 2373 3580 2437 Facite,

2004 2454 2202 2525 inquit,
2245 2456 2650 2527 eleemosynam,
2698 2469 2742 2512 et
2782 2462 2911 2526 ﬁunt
2942 2464 2993 2516 in
3018 2464 3153 2518 vobis
3180 2468 3349 2519 omnia
3393 2471 3585 2521 munda

2002 2548 2151 2615 (Luc.
2183 2550 2261 2616 χ).
2303 2551 2422 2604 holi
2469 2553 2803 2621 temetipsum
2833 2556 2885 2609 in
2918 2558 3112 2611 talibus
3142 2559 3457 2629 desperare;
3490 2567 3586 2617 sed

2002 2641 2203 2694 declina
2226 2659 2257 2695 α
2275 2646 2430 2712 malo,
2452 2654 2501 2698 et
2524 2647 2761 2701 accelera
2782 2647 2959 2703 facere
2977 2652 3160 2704 bonum
3175 2653 3349 2722 (Psal.
3378 2664 3582 2726 xxxvi).

2004 2732 2146 2785 Deus
2199 2744 2249 2787 te
2299 2751 2403 2788 non
2452 2737 2708 2806 deSpicit;
2743 2751 2794 2792 et
2841 2750 2894 2794 tu
2932 2742 3231 2812 desperas?
3279 2747 3481 2801 Errasti
3533 2752 3585 2803 in

1979 2823 2261 2876 'avaritia?
2290 2826 2515 2879 eruenda
2567 2835 2619 2879 te
2667 2827 2721 2881 in
2766 2828 3128 2903 eleemosyna.
3165 2834 3360 2891 Polluit
3410 2850 3459 2893 te
3488 2839 3590 2892 im-

2005 2912 2310 2965 munditia?
2344 2916 2583 2981 pnrilicet
2611 2916 2837 2985 justitia.
2881 2920 2935 2975 Si
2979 2923 3121 2977 enim
3150 2940 3217 2979 ex
3258 2928 3440 2980 animo
3469 2944 3590 2981 ero-

2005 3002 2382 3070 guverismon
2424 3007 2594 3059 solum
2643 3010 2986 3066 mundaberis
3017 3026 3258 3082 peccato,
3302 3018 3396 3071 sed
3426 3021 3590 3074 etiam

2009 3094 2189 3149 laudat
2230 3105 2281 3150 te
2311 3099 2570 3165 pr0pheta
2608 3099 2980 3171 justitiamque
3013 3114 3153 3158 tuam
3204 3106 3476 3175 prtedicat.
3510 3111 3587 3161 di-

320 3205 427 3246 tain
458 3191 672 3255 efﬁcax,
697 3199 803 3244 tam
827 3188 997 3243 valida
1026 3198 1079 3243 et
1110 3188 1262 3243 velox
1290 3197 1595 3242 nostrorum
1620 3187 1897 3242 vulnerum
1926 3182 1974 3245 C
2003 3198 2128 3239 cens
2165 3204 2175 3237 :
2219 3185 2489 3241 Jucundus
2516 3188 2669 3243 homo
2715 3193 2804 3260 qui
2849 3196 3113 3249 miseretur
3146 3206 3193 3250 et
3244 3202 3467 3266 fenerat;
3509 3202 3591 3253 hic

319 3285 615 3347 medicina,
656 3298 813 3353 quam
861 3293 1186 3352 praeceptum
1217 3282 1597 3352 eleemosynae.
1630 3281 1903 3349 Siquidem

316 3379 661 3447 eleemosyna
704 3391 811 3430 non
855 3378 1028 3430 solum
1066 3386 1279 3443 peccata
1328 3384 1545 3443 purgat,
1596 3385 1651 3428 et
1682 3374 1904 3427 vulnera

318 3471 664 3525 conscientiae
685 3480 857 3538 curat,
877 3470 971 3524 sed
1000 3470 1159 3525 etiam
1181 3468 1412 3523 animam
1442 3469 1608 3537 ipsam
1636 3469 1703 3523 de
1734 3478 1907 3523 morte

320 3570 572 3626 revocat,
602 3574 995 3629 regnorumque
1036 3560 1335 3613 caelestium
1368 3557 1495 3611 facit
1522 3572 1644 3613 esse
1684 3573 1908 3612 consor-

322 3666 450 3711 tem.
488 3655 655 3724 Hujus
685 3652 1057 3723 prieceptionis
1086 3653 1170 3707 vel
1195 3652 1372 3721 Operis
1402 3660 1586 3705 auctor
1610 3662 1694 3705 est
1714 3651 1905 3721 justis-

316 3753 493 3803 simus
514 3744 739 3811 Tobias,
772 3762 947 3801 caecus
976 3760 1233 3816 corpore,
1269 3754 1322 3800 et
1352 3745 1530 3799 clarus
1559 3760 1754 3813 opere;
1790 3754 1908 3798 ten-

323 3849 468 3894 tatus
498 3840 565 3893 ad
596 3851 836 3908 tempus,
870 3848 925 3895 et
953 3853 1059 3893 non
1092 3838 1473 3901 mortiﬁcatus;
1512 3838 1789 3906 temporali
1820 3852 1908 3891 as-

326 3946 483 4000 pectu
518 3933 785 4000 paulisper
824 3932 1088 3999 privatus,
1122 3938 1176 3984 et
1206 3941 1461 3999 perpetuo
1491 3930 1748 3983 bonorum
1780 3944 1910 3998 ope-

321 4037 443 4076 rum
475 4022 674 4077 lumine
705 4023 915 4090 plenus.
960 4022 1052 4075 His
1100 4022 1292 4075 talibus
1334 4020 1548 4075 monitis
1592 4020 1757 4074 lilium
1787 4036 1910 4089 per-

323 4115 565 4168 struebat
599 4131 611 4168 :
647 4114 770 4178 Fili,
801 4118 863 4168 de
907 4114 1187 4167 substantia
1213 4124 1305 4165 tua
1332 4114 1413 4183 fac
1443 4115 1830 4182 eleemosynam,
1861 4122 1909 4167 et

323 4220 387 4256 ne
413 4214 605 4258 avertas
637 4206 817 4274 faciem
845 4213 985 4257 tuam
1012 4204 1074 4255 ab
1098 4204 1235 4255 omni
1265 4218 1506 4271 paupere,
1533 4203 1605 4255 sic
1627 4202 1712 4269 ﬁet
1734 4210 1838 4253 uta
1862 4210 1910 4255 te

327 4310 427 4347 non
457 4306 711 4348 avertatur
741 4297 895 4364 facies
922 4294 1017 4347 Dei
1040 4293 1191 4364 (Tob.
1220 4309 1271 4347 tv
1304 4294 1343 4361 ).
1372 4293 1517 4345 Tulit
1566 4292 1724 4345 etiam
1758 4307 1909 4345 scru-

326 4387 508 4454 pulum
542 4385 609 4441 de
634 4391 820 4439 animo
850 4386 1058 4454 trepide
1089 4385 1170 4439 vel
1190 4384 1360 4439 dubie
1392 4384 1686 4453 largientis,
1717 4393 1774 4437 ut
1794 4383 1907 4437 sive

324 4481 394 4535 de
419 4482 606 4549 multo,
641 4482 753 4534 sive
779 4480 848 4534 de
873 4481 1106 4543 modico,
1134 4479 1394 4547 quispiam
1433 4478 1610 4546 largiri
1634 4492 1737 4532 non
1761 4476 1906 4532 desi-

326 4584 418 4625 nat
449 4591 462 4627 :
492 4573 617 4637 Fili,
652 4572 934 4626 secundum
958 4571 1094 4642 quod
1126 4572 1215 4624 tibi
1259 4580 1332 4624 est
1367 4572 1526 4639 facito

322 4674 397 4719 est
422 4666 724 4731 substantia,
757 4669 951 4736 largius
973 4681 1159 4736 eroga;
1186 4666 1230 4718 si
1259 4666 1481 4729 modica,
1517 4664 1718 4734 porrige
1738 4664 1907 4716 modi-

324 4774 461 4811 cum.
509 4760 574 4813 Et
620 4762 729 4814 noli
774 4759 1020 4827 dubitare
1071 4759 1196 4812 dum
1244 4773 1464 4826 erogas,
1496 4757 1605 4811 noli
1638 4756 1904 4824 difﬁdere,

322 4850 511 4906 dicens
547 4871 559 4906 :
593 4868 660 4907 ne
694 4853 832 4907 forte
876 4868 981 4906 non
1008 4851 1239 4906 sul’liciat
1274 4851 1460 4917 nobis;
1484 4850 1577 4905 sed
1608 4860 1725 4903 esto
1754 4849 1908 4905 laetus

322 4940 453 4995 dum
502 4956 732 5013 erogas,
780 4942 901 5012 quia
946 4943 1169 4995 hilarem
1225 4941 1466 4994 datorem
1522 4939 1694 5008 diligit
1745 4940 1905 4994 Deus.

322 5031 610 5088 Praemium
638 5035 825 5087 bonum
854 5035 1173 5089 thesaurizas
1196 5032 1307 5098 tibi,
1336 5032 1476 5101 quod
1502 5031 1570 5087 de
1593 5041 1643 5085 te
1670 5030 1912 5099 subrigat

320 5125 379 5175 in
402 5124 483 5177 die
511 5126 856 5189 necessitatis;
880 5127 1120 5194 quoniam
1150 5109 1465 5192 eleemosgna
1491 5123 1552 5174 de
1589 5134 1749 5176 morte
1791 5122 1912 5175 libe-

320 5225 428 5276 rat,
453 5225 501 5269 et
525 5233 627 5270 non
650 5220 892 5287 permittit
917 5219 1110 5271 intrare
1138 5218 1191 5269 in
1217 5216 1448 5270 tenebras
1480 5234 1495 5269 :
1525 5218 1802 5284 prtemium
1828 5224 1913 5270 est

322 5304 451 5359 vita:
487 5317 777 5372 perpetuae.
811 5308 1056 5363 Probasti
1088 5309 1449 5379 eleemosynae
1484 5310 1809 5373 efﬁcaciam,
1833 5308 1914 5360 vi-

322 5397 449 5453 disti
491 5397 653 5451 ﬁdum
701 5412 764 5451 ac
800 5402 1069 5469 singulare
1107 5403 1377 5457 solatium.
1428 5403 1550 5457 Haec
1589 5418 1816 5472 namque
1861 5404 1907 5459 si

322 5489 488 5544 fuerit
511 5488 740 5543 ﬁdeliter
766 5489 1061 5555 impertita,
1095 5510 1200 5549 non
1231 5496 1402 5549 solum
1434 5509 1707 5564 peccatum
1753 5511 1907 5551 ever-

328 5584 409 5643 tit,
434 5581 528 5635 sed
561 5581 725 5636 etiam
765 5590 992 5634 mortem
1035 5582 1346 5651 exstinguit.
1378 5586 1544 5649 Quam
1585 5588 1793 5642 validus
1824 5596 1906 5642 est

324 5674 466 5742 ignis
490 5674 703 5743 quando
730 5672 910 5727 ardet!
945 5682 999 5725 et
1021 5680 1195 5726 tamen
1219 5674 1444 5729 validior
1468 5688 1549 5730 est
1568 5678 1741 5731 adhuc
1768 5693 1903 5746 aqua

325 5781 447 5835 quae
490 5768 662 5837 ignem
715 5766 1021 5835 exstinguit.
1060 5764 1195 5830 Quid
1239 5766 1397 5837 igitur
1424 5772 1735 5837 peccatum?
1766 5770 1903 5839 ignis

619 5885 886 5943 ΡΑτιιοι..
936 5884 975 5942 ι
990 5882 1155 5943 XVI.

1930 5864 1961 5873 ν

2008 3280 2141 3331 enim
2164 3279 2213 3330 in
2235 3280 2421 3332 steculo
2450 3296 2553 3333 non
2574 3284 2988 3340 commovebitur.
3014 3287 3221 3352 Quare?
3248 3288 3367 3357 quia
3396 3292 3593 3360 disper-

1990 3372 2090 3432 .sit,
2123 3371 2262 3424 dedit
2292 3373 2622 3441 pauperibus,
2642 3378 2849 3447 justitia
2890 3380 2999 3448 ejus
3035 3390 3202 3432 manet
3244 3383 3298 3435 in
3349 3386 3594 3435 swculum

2007 3464 2201 3528 steculi,
2226 3480 2384 3518 cornu
2413 3466 2525 3535 ejus
2554 3469 2861 3522 exaltabitur
2888 3471 2942 3524 in
2970 3473 3136 3541 gloria
3163 3471 3333 3544 (Psal.
3355 3480 3499 3544 cst).
3534 3479 3592 3531 Si

2011 3556 2090 3610 sic
2132 3559 2271 3626 sapit
2311 3558 2474 3611 homo
2518 3571 2785 3627 peccator,
2816 3571 2871 3615 et
2916 3563 3163 3633 intelligit
3206 3565 3467 3622 sollicitus
3496 3582 3594 3636 pro

2007 3660 2099 3712 se;
2142 3649 2186 3703 si
2227 3648 2322 3703 alit
2365 3650 2663 3719 indigentes
2689 3660 2745 3707 et
2787 3653 3002 3722 adjuvat
3042 3657 3302 3721 miseros,
3337 3656 3485 3712 addit
3516 3659 3594 3711 illi

2008 3739 2269 3808 propheta
2293 3742 2603 3807 ampliorem
2633 3742 2840 3796 laudem
2860 3784 2875 3809 ,
2903 3743 3083 3798 dicens
3118 3762 3130 3797 :
3160 3743 3353 3800 Beatus
3381 3750 3469 3816 qui
3514 3754 3597 3800 in-

2011 3832 2192 3903 telligit
2214 3848 2369 3900 super
2395 3849 2606 3903 egenum
2634 3845 2680 3887 et
2703 3850 2997 3901 pauperem,
3025 3838 3075 3889 in
3097 3838 3180 3890 die
3202 3840 3339 3891 mala
3367 3839 3596 3895 liberabit

2009 3940 2124 3977 eum
2152 3923 2401 3978 Dominus
2431 3925 2603 3995 (Psal.
2633 3926 2741 3995 ιι).
2775 3929 2881 3981 Nec
2923 3928 3114 3982 liberat
3146 3939 3369 3996 tantum,
3409 3935 3502 3990 sed
3535 3937 3597 3987 li-

2008 4017 2250 4072 beratum
2278 4028 2579 4086 conservat,
2614 4014 2852 4073 viviﬁcat
2882 4037 2944 4073 ac
2976 4022 3262 4076 beatilicat.
3311 4023 3365 4078 Si
3392 4023 3593 4093 justum

2009 4108 2271 4164 invenerit
2294 4110 3042 4181 elcemosyna,cumulateum
3063 4114 3297 4179 meritis;
3329 4115 3372 4167 si
3403 4130 3596 4183 pecea-

2009 4212 2204 4269 torem,
2237 4204 2519 4257 absolvita
2554 4205 2823 4270 peccatis;
2854 4206 2896 4258 si
2945 4184 3225 4273 aegrotum,
3270 4207 3519 4262 sublevat
3565 4227 3597 4262 a

2008 4297 2304 4351 doloribus.
2334 4296 2582 4349 Dominus
2616 4297 2831 4366 (inquit)
2867 4298 3073 4369 adjuvet
3102 4314 3213 4351 eum
3241 4314 3391 4367 super
3414 4300 3599 4352 lectum

2009 4387 2205 4442 doloris
2234 4391 2346 4459 ejus
2373 4386 2559 4459 (Ibid).
2595 4388 2806 4455 Quem?
2836 4388 2986 4442 illum
3014 4389 3218 4443 scilicet
3246 4391 3335 4459 qui
3362 4390 3599 4462 intelligit

2008 4498 2161 4552 super
2198 4498 2409 4553 egenum
2446 4492 2494 4537 et
2534 4499 2830 4553 pauperem.
2862 4482 2988 4537 llmc
3013 4498 3131 4552 quae
3177 4483 3409 4538 diximus
3439 4484 3597 4539 Davi-

1576 4586 1594 4622 :
1635 4572 1680 4623 si
1723 4572 1913 4643 largior
1940 4557 1992 4617 Ι)
2016 4572 2131 4626 dica
2162 4585 2305 4627 sunt.
2356 4573 2493 4627 Ecce
2524 4572 2827 4628 Salomonis
2878 4574 3052 4627 adhuc
3083 4574 3337 4628 validiora
3368 4576 3596 4641 solatia;

2016 4680 2135 4734 qua:
2179 4664 2563 4719 misericordia:
2610 4666 2875 4720 medicina
2904 4668 3084 4719 fovent
3124 4676 3465 4735 aegrotantes,
3499 4668 3600 4720 l'ul-

2016 4760 2162 4815 ciunt
2205 4758 2515 4814 titubantes.
2563 4756 2821 4811 Conclude
2864 4758 3081 4829 (inquit)
3125 4758 3493 4827 eleemosynam
3544 4763 3601 4813 in

2016 4867 2101 4905 ore
2127 4865 2439 4920 pauperum,
2489 4858 2534 4901 et
2574 4852 2683 4919 ipsa
2730 4850 2956 4902 exorabit
3000 4865 3095 4919 pro
3138 4863 3185 4903 te
3236 4850 3289 4903 in
3331 4850 3412 4903 die
3462 4852 3599 4903 malo

2016 4940 2188 5013 (Eccl.
2218 4938 2388 5009 XXIX).
2415 4939 2553 5006 Quid
2597 4948 2678 4993 est
2718 4940 2817 4991 hoc
2844 4939 2982 5007 quod
3010 4939 3183 4994 dicit?
3212 4942 3303 4994 liat
3332 4952 3595 5009 apertum.

2016 5033 2195 5088 Habes
2231 5033 2517 5088 multarum
2549 5030 2905 5085 oliensionum
2936 5041 2992 5087 et
3023 5042 3361 5100 peccatorum
3403 5050 3599 5104 conge-

2015 5134 2151 5180 stam
2181 5126 2397 5179 molem.
2429 5124 2601 5190 Quam
2631 5139 2750 5178 cum
2784 5126 2931 5180 solus
2970 5140 3076 5179 non
3108 5136 3261 5194 potes
3298 5128 3365 5182 ab
3406 5130 3597 5183 animis

2016 5214 2122 5269 tuis
2149 5214 2456 5283 depellere,
2493 5214 2600 5268 noli
2643 5213 2866 5280 ttediari,
2900 5214 3054 5268 adest
3094 5216 3366 5271 auxilium.
3401 5219 3456 5272 Si
3486 5219 3589 5283 vis,

2014 5319 2181 5373 prope
2204 5312 2331 5358 sunt
2357 5302 2653 5373 adgutores.
2684 5304 2849 5372 Aperi
2896 5305 3082 5359 oculos
3135 5314 3274 5370 tuos,
3306 5307 3596 5375 ctreSpice

2016 5400 2067 5453 in
2094 5412 2373 5468 pauperes,
2401 5397 2500 5466 ipsi
2528 5390 2673 5451 enim
2700 5406 2822 5451 sunt
2871 5397 2925 5451 in
2972 5399 3064 5452 tali
3095 5413 3257 5467 opere
3294 5397 3591 5466 adjutores.

2014 5490 2187 5559 Eroga
2210 5499 2467 5559 quantum
2497 5488 2719 5542 valuerit
2749 5504 2937 5543 manus
2966 5499 3055 5542 tua
3090 5508 3102 5543 :
3151 5489 3409 5543 concludo
3450 5492 3594 5546 elec-

2013 5596 2291 5652 mosynam
2337 5583 2389 5634 in
2438 5579 2556 5635 sinu
2584 5593 2896 5649 pauperum,
2933 5589 2986 5632 et
3029 5581 3144 5647 ipsa
3186 5589 3236 5632 te
3279 5587 3450 5633 eruet.
3484 5580 3593 5635 Fac

2012 5676 2433 5747 eleemosynam,
2478 5676 2644 5729 moles
2692 5675 2782 5728 illa
2827 5674 3110 5727 criminum
3155 5687 3315 5741 quam
3343 5672 3590 5740 timebas,

2012 5779 2283 5827 momento
2306 5768 2563 5826 minuitur
2587 5770 2641 5825 e't
2667 5783 2696 5821 a
2718 5766 3045 5823 conscientia
3069 5767 3286 5824 labitur.
3313 5768 3595 5826 Studiosus

3088 5873 3125 5933 [ι.
