4126 6362
617 308 714 360 107

1589 310 1643 363 S.
1687 308 2056 366 LAURENTII
2099 308 2546 367 NOVARIENSIS
2588 312 2889 370 EPISCOPI

3770 316 3873 369 tus

614 420 845 489 agricola
877 417 1078 473 vicinos
1104 432 1230 472 suos
1252 419 1324 472 ad
1363 434 1497 488 opus
1547 422 1859 490 plerumque
1905 420 2108 484 invitat,
2138 430 2194 473 ut
2224 424 2269 479 A
2298 430 2411 474 stus
2445 423 2791 494 donat,'quod
2818 434 2901 480 est
2944 424 3237 495 paradisus.
3272 425 3337 482 Et
3366 426 3420 482 in
3467 427 3715 496 paradiso
3741 433 3868 500 quid

613 513 755 580 agris
782 512 893 565 suis
918 509 1088 564 vineis
1110 520 1349 580 tempore
1374 520 1677 581 opportuno
1699 513 1952 566 adhibeat
1980 524 2195 579 compe-

614 610 812 656 tentem
840 600 1099 655 culturam
1129 617 1142 653 :
1174 616 1241 655 ne
1283 603 1326 653 si
1379 601 1673 670 neglexerit
1699 646 1713 669 ,
1741 603 1865 657 dum
1911 603 2055 657 solus
2085 616 2193 655 non

613 694 815 746 evincit
858 703 947 746 aut
994 693 1270 761 prtevalet,
1316 704 1406 747 aut
1436 708 1562 763 ager
1584 696 1753 763 spinis
1779 694 2072 758 sordescat,
2102 701 2194 747 aut

611 788 765 840 vinea
794 787 1079 840 sarmentis
1107 786 1376 840 silvescat.
1414 786 1505 840 llle
1533 786 1806 855 adjutores
1829 787 1929 839 sibi
1955 785 2194 855 adjungit

612 879 908 948 operarios,
952 887 1005 931 et
1052 878 1370 946 multiplicat
1418 878 1470 931 in
1516 888 1727 932 terrena
1771 878 2001 938 cultura,
2040 884 2094 929 et
2137 886 2191 929 tu

612 986 797 1040 agrum
826 971 1004 1026 cordis
1034 970 1107 1023 tui
1136 970 1453 1040 vineamque
1481 971 1665 1037 animi,
1694 972 1820 1025 dum
1845 972 1991 1025 solus
2015 972 2192 1025 colere

612 1068 714 1130 vis,
747 1067 1004 1135 relinquis
1033 1066 1337 1120 desertam?
1370 1065 1575 1129 Homo,
1621 1066 1842 1120 adverte
1877 1064 2017 1135 quod
2060 1064 2192 1118 dici-

613 1168 717 1212 tur.
749 1158 1011 1227 Spiritalis
1040 1165 1123 1212 est
1151 1159 1274 1223 iSIa,
1306 1172 1409 1211 non
1439 1158 1669 1211 carnalis
1693 1158 1920 1210 cultura.
1953 1156 2029 1209 De
2048 1155 2191 1209 elec-

612 1267 832 1324 mosyna
872 1252 1080 1306 conduc
1122 1253 1413 1320 operarios.
1465 1251 1653 1318 Quos?
1702 1266 1903 1313 caecos,
1940 1250 2188 1314 claudos,

609 1348 840 1411 debiles,
867 1358 921 1403 et
946 1348 1081 1401 alios
1116 1347 1195 1403 his
1227 1346 1449 1402 similes.
1483 1348 1544 1401 lli
1592 1358 1715 1402 sunt
1760 1348 1990 1418 operarii
2028 1362 2189 1417 parva

610 1440 859 1495 mercede
882 1439 1163 1501 conducti;
1190 1440 1277 1509 qui
1309 1448 1535 1509 purgant
1565 1454 1751 1508 agrum
1798 1439 1977 1493 cordis
2013 1440 2107 1501 tui,
2137 1446 2190 1492 et

609 1542 867 1589 renovant
896 1534 1128 1597 vineam,
1150 1542 1204 1583 ut
1228 1532 1355 1585 fiant
1378 1531 1431 1585 in
1458 1542 1507 1584 te
1530 1532 1649 1600 (per
1668 1532 1929 1585 culturam
1959 1531 2191 1584 eleemo-

608 1622 779 1694 synte)
807 1632 861 1678 et
889 1638 1017 1692 ager
1047 1623 1296 1692 frugifer,
1327 1630 1381 1675 et
1408 1622 1675 1676 fructifera
1713 1623 1887 1676 vinea.
1917 1621 2189 1675 Conclude

608 1719 1004 1787 eleemusynam
1033 1718 1085 1770 in
1112 1732 1207 1771 ore
1237 1732 1550 1784 pauperum,
1593 1726 1698 1770 etc.
1749 1716 1870 1781 Dies
1905 1715 2077 1769 malus
2103 1714 2186 1768 vel

2260 507 2267 513 ’
2296 516 2411 570 est?
2437 517 2654 587 Lignum
2679 522 2819 574 vitae.
2846 520 2911 573 Et
2932 519 2982 572 in
3009 520 3153 589 ligno
3188 523 3311 575 vitae
3334 521 3497 591 quid?
3528 523 3717 577 Manna
3750 527 3872 577 abs-

2295 607 2590 661 conditum.
2633 608 2742 662 lloc
2779 610 2891 677 ipse
2935 609 3190 663 Dominus
3231 611 3283 664 in
3315 612 3417 665 alia
3455 614 3715 681 scriptura
3746 629 3871 683 prn-

2295 696 2456 749 mittit
2490 715 2502 749 ε
2541 696 2773 751 Vincenti
2802 699 2934 751 dabo
2963 701 3155 771 lignum
3181 700 3313 763 vita,
3346 711 3392 754 et
3433 718 3621 755 manna
3656 703 3874 756 abscon-

2294 786 2458 840 ditum
2501 787 2637 855 quod
2682 799 2753 840 est
2783 788 2836 840 in
2876 790 3116 858 paradiso
3152 789 3247 843 Dei
3277 791 3460 860 (Apoc.
3496 795 3576 849 Ill.
3608 792 3707 859 Qui
3749 804 3877 847 sunt

2296 886 2471 931 autem
2504 878 2716 945 victuri,
2749 895 2909 947 quam
2944 881 3020 934 illi
3052 880 3243 949 quibus
3273 883 3403 936 dixit
3438 901 3450 935 :
3492 882 3688 947 Venite,
3721 884 3875 938 bene-

2292 972 2415 1024 dicti
2441 970 2615 1025 Patris
2646 974 2773 1038 mei;
2809 976 3062 1043 possidete
3105 980 3325 1047 regnum'
3355 988 3593 1048 paratum
3629 979 3769 1032 vobis
3811 980 3876 1033 ab

2290 1064 2487 1131 origine
2524 1064 2746 1117 mundi:
2778 1067 2983 1129 esurivi,
3016 1079 3063 1119 et
3108 1068 3320 1121 dedistis
3360 1068 3486 1121 mihi
3526 1070 3874 1131 manducare;

2291 1153 2446 1216 sitivi,
2491 1162 2537 1205 et
2587 1154 2798 1207 dedistis
2836 1155 2963 1207 mihi
3012 1156 3215 1223 bibere;
3246 1159 3412 1212 nudus
3440 1160 3541 1223 fui,
3585 1170 3633 1213 et
3661 1160 3876 1214 dedistis

2292 1242 2415 1301 mihi
2439 1243 2831 1298 indumentum?
2863 1247 2997 1300 Ecce
3035 1248 3204 1316 palma
3235 1259 3292 1302 et
3327 1252 3564 1318 prtemia.
3600 1251 3703 1305 Pro
3737 1266 3876 1320 pane

2293 1333 2502 1387 modico
2533 1349 2689 1401 quem
2718 1334 2931 1400 dedisti,
2957 1336 3207 1404 accepisti
3230 1353 3424 1393 manna
3451 1340 3825 1396 absconditum
3858 1359 3873 1394 :

2294 1436 2474 1490 potum
2507 1426 2816 1492 porrexisti,
2856 1437 2910 1481 et
2951 1428 3252 1495 paradisum
3298 1431 3573 1497 recepisti.
3635 1433 3698 1487 Si
3744 1448 3876 1502 ergo

2291 1515 2475 1569 videris
2498 1517 2823 1583 usurientem,
2855 1522 3033 1588 frange
3058 1520 3135 1572 illi
3166 1537 3348 1589 partem
3374 1532 3517 1575 tuum
3539 1522 3696 1590 (Isai.
3731 1526 3871 1593 ut);

2290 1607 2335 1660 si
2368 1608 2566 1662 videris
2596 1608 2814 1673 nudum,
2845 1610 2911 1663 da
2944 1610 3016 1664 illi
3049 1612 3422 1667 vestimentum
3457 1629 3473 1678 ;
3521 1624 3578 1669 et
3614 1616 3716 1670 hoc
3749 1631 3873 1669 cum

2291 1700 2503 1771 feceris,
2545 1717 2651 1755 non
2695 1702 2883 1767 donas,
2928 1704 3023 1757 sed
3067 1706 3303 1760 debitum
3343 1706 3525 1761 solvis.
3558 1707 3694 1775 Quid
3721 1708 3876 1779 jubet

610 1812 868 1862 malorum
898 1810 1015 1877 quis
1044 1819 1148 1875 e5t,
1178 1807 1280 1860 nisi
1312 1808 1425 1860 dies
1449 1806 1658 1875 judicii,
1683 1806 1799 1860 dies
1827 1804 2078 1859 terribilis
2109 1806 2176 1857 fu-

2295 1793 2584 1849 Dominus?
2615 1793 2675 1849 Si
2703 1796 2889 1849 videris
2918 1796 3133 1866 (inquit)
3161 1797 3389 1861 nudum,
3420 1799 3576 1863 vesti,
3606 1810 3656 1853 et
3686 1800 3790 1855 hoc
3818 1813 3873 1854 tu

610 1901 712 1954 turi
740 1900 1024 1953 examinis.
1063 1899 1288 1952 Provide
1316 1900 1432 1962 tibi,
1467 1900 1651 1963 homo;
1697 1913 1956 1966 compone
2004 1897 2184 1951 vineas

609 2002 750 2057 tuas,
775 1991 976 2044 colloca
1006 2000 1057 2045 te
1086 1992 1172 2044 hic
1202 1992 1252 2044 in
1283 2006 1375 2044 ore
1404 2005 1719 2059 pauperum.
1747 1988 2017 2044 Conclude
2042 1990 2185 2043 elre-

609 2099 883 2156 mosynam
942 2094 1082 2139 tuam
1130 2084 1180 2137 in
1222 2085 1569 2138 esurientium
1619 2085 1790 2147 victu,
1832 2092 1887 2136 nt
1933 2083 2047 2137 dies
2095 2082 2184 2136 ille

608 2176 916 2231 tremendus
958 2193 1060 2230 non
1095 2176 1187 2229 tibi
1218 2178 1270 2229 in
1304 2186 1445 2231 metu
1474 2178 1677 2241 veniat,
1704 2176 1802 2231 sed
1833 2177 1885 2229 in
1918 2187 2061 2229 voto.
2094 2174 2183 2229 Ille

605 2284 838 2337 namque
865 2267 980 2321 dies
1008 2277 1262 2335 properat
1289 2268 1374 2337 qui
1406 2268 1605 2321 strictis
1636 2266 1942 2320 hominibus
1971 2279 2184 2319 amarus

602 2362 851 2429 emergit,
880 2359 1313 2414 inisericordibus
1337 2374 1465 2413 vero
1486 2359 1734 2428 optabilis
1756 2365 1838 2413 est
1858 2366 1913 2413 et
1931 2356 2180 2412 alfabilis.

602 2452 877 2508 Conclude
902 2453 1298 2523 eleemnsynant
1324 2453 1375 2505 in
1398 2468 1492 2506 ore
1515 2466 1829 2521 pauperum,
1849 2460 1902 2505 et
1924 2450 2035 2519 ipsa
2063 2463 2184 2505 exo-

603 2546 743 2600 rabit
768 2560 864 2616 pro
894 2554 945 2599 te
974 2544 1026 2598 in
1058 2544 1144 2598 die
1176 2545 1455 2597 malorum.
1480 2543 1558 2597 Tu
1577 2551 1743 2608 taces,
1767 2553 1817 2597 et
1846 2544 2180 2612 eleentosyna

602 2657 761 2711 quam
805 2642 972 2696 fecisti
1010 2641 1329 2710 deprecatur
1361 2654 1457 2708 pro
1490 2648 1558 2693 te.
1587 2638 1738 2705 Quod
1778 2638 1829 2691 in
1876 2638 2088 2691 silentio
2118 2635 2183 2689 fe-

603 2732 755 2799 cisti,
791 2734 842 2785 in
886 2713 979 2786 ore
1011 2746 1301 2801 pauperum
1352 2730 1674 2799 publicatur.
1706 2730 1907 2783 Bonum
1937 2728 2077 2797 quod
2108 2728 2184 2780 la-

604 2834 781 2877 tenter
812 2822 1006 2889 fecisti,
1036 2824 1086 2877 in
1115 2822 1293 2891 lingua
1327 2822 1674 2892 indigentium
1706 2821 2039 2889 praedicatur.
2075 2818 2181 2874 Re-

601 2915 787 2970 missio
835 2915 1153 2969 delictorum
1203 2924 1414 2969 tuorum
1463 2914 1515 2967 in
1561 2928 1656 2968 ore
1702 2928 1888 2968 eorum
1939 2912 2179 2967 resultat.

597 3006 875 3061 Conclude
918 3006 1318 3071 eleétnosynam
1368 3007 1420 3060 iu
1473 3022 1567 3061 ore
1620 3004 1933 3075 pauperum,
1980 3016 2034 3059 et
2068 3006 2180 3072 ipsa

602 3114 699 3168 pro
727 3109 779 3154 te
802 3099 1011 3168 mitigat
1038 3099 1169 3152 iram
1196 3099 1309 3154 Dei.
1336 3099 1533 3169 Mitigat
1558 3102 1712 3167 iram,
1742 3102 1868 3153 dum
1898 3100 2065 3153 abluit
2086 3098 2181 3151 cri-

2289 1900 2408 1940 cum
2436 1886 2620 1940 fenore
2648 1886 2801 1941 facis.
2830 1888 2932 1953 Qui
2958 1888 3111 1956 jubet
3142 1898 3192 1943 te
3241 1890 3342 1943 hoc
3382 1889 3558 1945 facere
3581 1930 3595 1954 ,
3632 1892 3723 1945 tibi
3760 1895 3875 1948 vult

2290 1981 2514 2045 mederi,
2546 1991 2599 2037 et
2630 1984 2797 2037 vicem
2830 1984 2927 2039 tibi
2960 1985 3201 2053 rependit
3233 1987 3323 2041 ille
3353 1988 3438 2054 qui
3470 1998 3753 2056 utrumque
3783 2003 3882 2063 re-A

2291 2072 2492 2139 pendit.
2526 2072 2683 2127 Videt
2705 2074 2845 2127 enim
2879 2074 2967 2129 ille
2995 2076 3049 2128 in
3092 2091 3322 2143 paupere
3367 2077 3582 2146 quidem
3630 2079 3872 2147 corporis

2292 2164 2608 2229 nuditatem,
2641 2166 2692 2219 in
2726 2174 2775 2219 te
2800 2175 2975 2220 autem
3016 2166 3177 2220 animi
3206 2167 3523 2223 fteditatem.
3548 2170 3686 2239 Ergo
3716 2171 3759 2223 si
3792 2170 3874 2222 vi-

2290 2255 2434 2310 deris
2464 2256 2684 2321 nudum,
2716 2258 2871 2311 vesti.
2906 2258 2970 2311 Et
2999 2259 3211 2327 quando
3238 2260 3387 2313 illum
3420 2261 3637 2319 texeris.
3667 2261 3871 2314 ornasti

2290 2347 2519 2401 animam
2551 2357 2724 2410 tuam,
2759 2358 2975 2417 peccato
3005 2349 3267 2417 spoliante
3298 2351 3570 2404 nudatam.
3608 2350 3687 2404 Tu
3717 2351 3868 2405 illum

2290 2439 2465 2493 texisti
2496 2454 2754 2507 corporea
2779 2441 2990 2503 tunica,
3023 2440 3112 2493 ille
3140 2440 3208 2493 de
3236 2448 3289 2495 te
3316 2442 3524 2509 expulit
3554 2441 3869 2496 fceditatem.

2287 2528 2407 2582 Mox
2440 2539 2587 2584 veste
2619 2540 2704 2582 tua
2749 2545 2869 2583 cum
2902 2530 3099 2584 texeris
3140 2531 3342 2586 viscera
3376 2532 3749 2601 indigentium,
3784 2548 3872 2587 re-

2288 2620 2483 2674 format
2508 2621 2599 2676 ilie
2625 2620 2676 2675 in
2705 2631 2760 2679 te
2790 2624 3123 2693 baptismatis
3152 2635 3377 2695 vestem,
3407 2638 3461 2683 et
3503 2630 3700 2683 retexit
3736 2631 3868 2681 tuni-

2282 2726 2400 2767 cam
2429 2728 2587 2781 quam
2617 2729 2902 2783 acceperas
2941 2733 3005 2771 ex
3038 2734 3174 2788 aqua
3211 2730 3263 2774 et
3311 2721 3527 2789 spiritu.
3574 2720 3690 2775 Non
3722 2724 3869 2774 enim

2285 2813 2459 2873 potest
2490 2805 2649 2860 homo
2678 2823 2895 2861 munera
2923 2810 3116 2863 lavacri
3149 2811 3348 2864 illibata
3377 2826 3613 2879 servare,
3641 2827 3736 2866 nec
3766 2828 3869 2879 pu-

2286 2910 2376 2949 rus
2400 2911 2619 2965 semper
2639 2898 2945 2967 persistere,
2979 2905 3131 2954 noxia
3159 2902 3259 2956 sibi
3289 2902 3632 2957 incumbente
3655 2911 3867 2959 natura.

2289 2989 2481 3042 Verum
2511 3005 2632 3043 cum
2662 2993 2961 3061 saepissime
2994 2994 3230 3049 lubricus
3271 2996 3504 3062 incedat,
3552 3007 3604 3049 et
3635 2996 3869 3062 offensas

2284 3082 2542 3146 incurrat,
2576 3099 2740 3152 opera
2774 3086 2975 3141 faciunt
3005 3087 3409 3157 indulgentiam,
3445 3090 3750 3158 paenitentia
3779 3106 3869 3146 re-

599 3192 775 3255 mina;
825 3205 886 3243 os
934 3206 1225 3258 pauperum
1269 3192 1550 3259 corrigitur
1595 3191 1688 3243 tibi
1725 3191 1777 3243 in
1817 3190 2098 3258 baptisma,
2127 3198 2176 3241 et

2285 3172 2476 3225 format
2506 3174 2811 3242 puritatem,
2840 3179 3011 3231 oratio
3042 3188 3260 3247 prtestat
3286 3179 3503 3235 abolere
3532 3180 3869 3236 remissionis

598 3292 785 3335 venter
811 3282 1162 3335 esurientium
1201 3285 1423 3335 satiatus
1464 3281 1805 3349 indulgentia:
1850 3284 1943 3334 tibi
1987 3296 2177 3350 aquam

603 3372 858 3426 exundat.
892 3374 1081 3426 l’arum
1126 3383 1207 3427 est
1242 3374 1382 3442 quod
1411 3376 1492 3427 eis
1529 3374 1841 3439 impartitur,
1873 3384 1926 3427 et
1955 3353 2175 3427 multum

603 3473 687 3519 est
710 3466 848 3535 quod
881 3466 947 3521 ab
976 3468 1054 3521 eis
1083 3466 1335 3520 nascitur.
1372 3467 1623 3520 llortatur
1648 3467 1761 3535 ipse
1794 3466 2051 3521 Dominus
2082 3482 2178 3538 per

602 3558 945 3629 prOpbetam:
974 3557 1175 3630 Frange
1196 3561 1435 3613 esurienti
1455 3577 1634 3631 partem
1661 3571 1801 3613 tuum
1823 3558 1973 3632 (lsai.
2001 3540 2175 3628 Lt’itt).

600 3651 736 3720 Quid
764 3668 860 3721 pro
896 3654 994 3706 hoc
1026 3653 1372 3722 recepturus?
1401 3655 1580 3721 accipe
1608 3653 1966 3723 evangelicam
2016 3668 2173 3722 spon-

594 3746 801 3799 sionem
848 3762 862 3797 :
914 3744 1087 3799 Venite
1111 3788 1125 3811 ,
1156 3747 1404 3800 benedicti
1443 3746 1612 3800 Patris
1642 3747 1739 3800 mei
1764 3762 1783 3811 ;
1828 3748 2073 3815 possidete
2102 3764 2175 3801 re-

597 3852 752 3906 gnum
793 3849 1027 3906 paratum
1065 3839 1204 3891 vobis
1239 3840 1300 3891 ab
1343 3839 1536 3909 origine
1568 3840 1745 3891 mundi
1774 3838 1988 3909 (Matth.
2025 3840 2170 3907 xxv).

593 3927 804 3992 Quare?
832 3945 935 3983 non
968 3931 1089 3998 quia
1120 3933 1335 4001 superbi
1377 3944 1466 3984 aut
1494 3933 1685 3986 divites
1715 3931 1920 3999 fuistis,
1952 3944 2041 3985 aut
2074 3948 2171 3997 po-

594 4029 770 4074 tentes
799 4023 853 4073 in
886 4022 1084 4074 mundo
1113 4022 1324 4090 praediis
1351 4038 1364 4087 ;
1419 4024 1510 4077 sed
1543 4024 1661 4089 quia
1692 4024 1897 4088 esurivi,
1929 4033 1972 4076 et
1997 4024 2170 4077 dedis-

590 4111 655 4163 tis
708 4110 832 4164 milzi
869 4113 1200 4179 manducare.
1242 4113 1286 4168 Ο
1325 4114 1709 4170 commutatio!
1745 4115 1941 4168 Panem
1975 4113 2169 4169 dedisti

588 4203 947 4268 csurienti,et
969 4207 1251 4275 percepisti
1297 4223 1539 4276 regnum.
1586 4206 1843 4272 Quantam
1890 4207 2167 4275 pecuniam

588 4291 863 4359 profundit
895 4296 1055 4348 homo
1102 4297 1154 4348 in
1202 4295 1303 4349 hoc
1336 4296 1556 4362 mundo,
1586 4309 1642 4350 ut
1668 4308 1758 4350 aut
1785 4298 2045 4365 mancipia
2078 4304 2170 4349 aut

585 4386 822 4454 praedam
858 4390 1169 4456 comparet!
1222 4390 1460 4458 Regnum
1506 4405 1795 4460 supernum
1848 4393 1937 4443 tibi
1985 4393 2170 4446 vendit

583 4476 832 4531 Christus
884 4487 990 4531 tam
1029 4480 1289 4533 vilissimo
1319 4483 1518 4551 pretio,
1561 4491 1615 4536 et
1662 4497 1971 4551 comparare
2016 4484 2170 4537 dissi-

2286 3265 2506 3321 fontem.
2538 3267 2811 3339 Lacryinte
2841 3271 3063 3325 abluunt
3093 3272 3295 3326 fuscam
3334 3275 3591 3338 tunicam;
3624 3275 3868 3328 eleemo-

2283 3370 2412 3426 syna
2454 3358 2630 3412 reddit
2669 3361 2981 3415 candorem.
3013 3363 3139 3417 Haec
3171 3380 3428 3420 exercens
3457 3366 3561 3420 erit
3601 3367 3690 3420 tibi
3723 3366 3865 3421 intra

2282 3458 2333 3502 te
2374 3450 2679 3517 quotidiana
2720 3453 2952 3517 oblatio,
3001 3455 3305 3524 quotidiana
3353 3458 3620 3511 remissio.
3652 3458 3744 3513 Ille
3775 3469 3863 3513 est

2281 3538 2398 3593 fons
2428 3541 2716 3611 refrigerii;
2753 3544 2843 3598 ille
2870 3555 2953 3599 est
3002 3546 3246 3599 remissio
3288 3542 3498 3601 tuoriim
3546 3549 3863 3613 criminum,

2278 3634 2367 3696 qui
2383 3633 2513 3685 dixit
2530 3635 2651 3688 tibi:
2673 3634 2892 3701 Esurivi,
2911 3648 2957 3690 et
2970 3638 3179 3691 dedistis
3198 3639 3322 3691 mihi
3336 3642 3673 3705 manducare;
3692 3643 3864 3695 nudus

2275 3720 2376 3788 fui,
2408 3732 2454 3775 et
2483 3724 2691 3779 dedistis
2724 3726 2849 3779 mihi
2898 3728 3267 3783 indumentum.
3316 3730 3431 3783 Noli
3476 3741 3530 3784 tu
3582 3734 3865 3788 intendere

2278 3814 2577 3869 mendicum
2618 3829 2709 3875 aut
2757 3822 3129 3890 peregrinum,
3179 3824 3445 3891 captivum
3495 3833 3588 3877 aut
3626 3825 3858 3888 nudum;

2275 3906 2370 3959 sed
2402 3906 2692 3976 Christum,
2723 3913 2809 3979 qui
2854 3914 2905 3965 in
2938 3914 3021 3966 his
3070 3914 3322 3983 loquitur,
3351 3916 3741 3984 contemplare.
3775 3921 3858 3969 An

2276 4013 2380 4052 non
2409 4002 2600 4055 audisti
2625 4004 2750 4071 quid
2777 4004 2877 4057 ait:
2905 4006 3149 4071 Quaudiu
3178 4006 3381 4061 fecistis
3406 4008 3493 4060 uni
3521 4023 3583 4061 ex
3620 4008 3861 4061 minimi!

2273 4089 2411 4157 iStts,
2447 4093 2576 4147 mihi
2620 4096 2855 4149 fecistis?
2885 4096 2987 4149 bed
3018 4096 3152 4151 dicis
3188 4115 3200 4149 :
3248 4097 3493 4152 Christus
3542 4098 3635 4152 Dei
3686 4098 3859 4152 Filius

2272 4184 2361 4251 qui
2390 4185 2440 4237 iu
2470 4189 2793 4255 pauperibus
2816 4190 3053 4257 pascitur
3074 4229 3089 4254 ,
3120 4206 3215 4243 cur
3248 4207 3352 4243 non
3383 4192 3548 4260 magis
3578 4191 3692 4258 ipse
3723 4207 3861 4259 opu-

2275 4276 2438 4331 lentat
2464 4278 2670 4345 inopes,
2695 4281 2897 4333 exaltat
2922 4281 3165 4343 Immites,
3190 4282 3341 4351 erigit
3372 4281 3670 4351 indigentes
3691 4322 3705 4345 ,
3731 4296 3855 4335 cum
3941 4318 3947 4325 ο

2274 4366 2387 4433 ipse
2410 4368 2476 4421 sit
2507 4370 2743 4421 omnium
2782 4370 3029 4437 provisor
3058 4382 3111 4423 et
3141 4371 3398 4439 largitor?
3427 4370 3527 4435 Qui
3561 4373 3660 4424 hoc
3687 4386 3857 4437 oppo-

2275 4460 2371 4524 nit,
2401 4459 2579 4512 audiat
2607 4474 2638 4513 e
2677 4459 2913 4514 diverso.
2944 4459 3103 4515 Forte
3131 4464 3394 4524 a-stimas,
3424 4462 3605 4524 homo,
3632 4476 3753 4516 esse
3777 4461 3857 4513 illi

585 4569 791 4624 mulas!
827 4569 943 4625 Noli
965 4571 1211 4626 diffidere
1245 4548 1465 4641 :frange
1490 4548 1747 4629 esurienti
1778 4548 1965 4643 panem
1993 4585 2164 4642 tuum,
2190 4556 2237 4619 Ο
2271 4548 2470 4617 aliquid
2516 4551 2880 4619 impossmile?
2928 4551 3042 4605 Non
3091 4553 3346 4617 ammest
3380 4555 3567 4617 homo;
3604 4554 3697 4605 sed
3728 4552 3855 4604 andi

584 4660 727 4714 nutri
755 4661 1085 4731 indigentem
1103 4704 1118 4727 ,
1149 4658 1282 4717 vesti
1309 4664 1510 4718 nudum
1529 4706 1543 4727 ,
1574 4665 1697 4719 fove
1723 4669 2082 4733 peregrinum,
2112 4673 2166 4720 et

585 4754 799 4822 posside
821 4769 1067 4823 regnum,
1088 4771 1192 4809 non
1209 4770 1498 4820 terrenum,
1519 4760 1610 4812 sed
1628 4774 1940 4827 supernum.
1958 4760 2165 4815 Clamat

586 4844 741 4897 Pater
771 4845 838 4899 de
863 4848 1198 4914 prmcedente
1229 4848 1497 4902 volumine
1527 4866 1538 4901 :
1570 4846 1776 4919 Frange
1801 4852 2042 4905 esurienti
2070 4870 2164 4922 pa-

580 4950 696 4987 nem
722 4944 864 4988 tuum
889 4952 907 4989 :
933 4939 1222 5006 respondet
1244 4949 1297 4993 et
1327 4940 1491 4994 Filius
1515 4940 1582 4995 de
1616 4942 1921 5011 evangelica
1948 4948 2156 5013 pagina,

580 5025 851 5091 esurivi,et
873 5025 1057 5081 dedisti
1079 5028 1205 5082 mihi
1221 5030 1548 5085 manducare.
1569 5030 1869 5087 Concordat
1892 5035 1991 5089 sibi
2017 5042 2161 5089 uter-

578 5129 683 5184 que
709 5129 895 5169 sonus.
921 5118 1071 5183 Quod
1105 5119 1263 5173 Pater
1289 5121 1599 5189 auticipavit
1628 5122 1682 5175 in
1715 5122 1986 5191 prophetis
2014 5166 2026 5188 ,
2061 5128 2160 5179 hoc

582 5205 750 5261 Filius
778 5206 831 5260 iit
858 5221 949 5261 sua
985 5223 1209 5276 persona
1233 5221 1540 5279 susceptum
1566 5212 1823 5280 implevit.
1858 5212 2051 5268 Factus
2076 5222 2162 5269 est

576 5312 814 5369 pauper,
841 5307 899 5352 ut
926 5307 1032 5352 tam
1063 5315 1325 5369 pauperes
1363 5303 1565 5356 foveret
1603 5318 1760 5372 quam
1791 5303 1985 5359 divites
2013 5320 2159 5359 com-

577 5404 837 5451 moveret.
883 5394 1076 5449 Factus
1120 5405 1203 5449 est
1239 5411 1459 5465 paupe',
1508 5406 1565 5450 ut
1606 5398 1791 5467 eulpas
1834 5398 2054 5453 divitum
2103 5400 2157 5453 in

578 5486 897 5554 pauperibus
926 5485 1261 5551 emendaret,
1289 5497 1342 5541 et
1364 5489 1487 5541 vitii
1515 5504 1698 5543 eorum
1725 5491 1773 5542 in
1800 5490 2159 5558 eleemosynis

578 5578 833 5646 expiaret.
857 5575 936 5630 Ob
958 5577 1060 5630 hoc
1082 5576 1221 5631 dicet
1249 5595 1260 5627 :
1286 5576 1515 5643 Esurivi,
1556 5590 1602 5632 et
1629 5580 1839 5633 dedistis
1868 5582 1993 5633 mihi
2022 5597 2162 5633 man-

578 5672 804 5731 ducare;
856 5677 911 5723 et
952 5670 1071 5739 quia
1113 5684 1200 5725 me
1241 5669 1528 5736 refecistis,
1560 5671 1780 5739 recipite
1816 5686 1847 5726 e
1888 5672 2159 5725 contrario

580 5774 819 5830 regnum.
856 5760 1026 5826 Quale
1053 5760 1320 5830 regnum?
1360 5760 1415 5818 in
1447 5776 1612 5831 regno
1655 5759 1801 5831 justo
1831 5761 1972 5830 quod
2003 5761 2160 5814 Citri-

2269 4642 2395 4712 quid
2423 4653 2527 4700 est.
2556 4644 2611 4700 Si
2638 4645 2780 4698 enim
2813 4659 2999 4698 omnes
3048 4642 3292 4697 homines
3331 4645 3543 4698 feciSset
3583 4643 3810 4711 aequales
3832 4684 3850 4705 ,

2270 4735 2359 4789 ubi
2388 4744 2503 4789 erat
2531 4735 2655 4790 fidei
2685 4736 3019 4800 exercitium,
3060 4737 3145 4791 ubi
3169 4737 3589 4804 experimentum
3610 4735 3855 4788 virtutis?

2268 4825 2325 4879 Si
2356 4824 2569 4880 fecisset
2594 4841 2782 4881 omnes
2811 4828 3003 4882 divites
3022 4868 3037 4893 ,
3062 4842 3252 4881 omnes
3283 4828 3505 4881 licenter
3530 4826 3853 4894 delinquen-

2268 4926 2369 4970 tes.
2404 4917 2468 4971 Et
2494 4918 2538 4972 si
2570 4919 2640 4971 ita
2667 4929 2830 4984 esset,
2861 4921 2999 4973 unde
3030 4920 3231 4973 veniret
3258 4916 3574 4983 remedium,
3600 4925 3690 4970 aut
3713 4916 3855 4969 unde

2268 5019 2510 5064 maneret
2538 5011 2823 5065 remissio?
2850 5012 2991 5065 unde
3024 5023 3138 5066 erat
3180 5011 3504 5075 indulgentia
3534 5018 3853 5075 exspectau-

2268 5102 2378 5155 da?
2412 5103 2750 5157 Providentia
2785 5118 2914 5172 ergo
2940 5104 3119 5158 divina
3152 5107 3362 5172 aperuit
3388 5102 3542 5156 nobis
3582 5100 3855 5169 peccanti-

2267 5195 2366 5249 bus
2397 5195 2673 5249 medicina:
2704 5198 3026 5261 armarium,
3060 5206 3117 5249 ut
3165 5198 3363 5249 faceret
3398 5196 3560 5261 (sicut
3591 5193 3849 5256 scriptum

2264 5288 2371 5355 est)
2399 5297 2451 5340 et
2481 5287 2680 5340 divites
2708 5296 2761 5340 et
2791 5302 3051 5357 pauperes
3073 5327 3088 5350 ,
3121 5295 3177 5341 et
3216 5286 3447 5339 humiles
3476 5294 3532 5338 et
3557 5281 3802 5334 excelsos
3830 5294 3847 5331 :

2265 5393 2325 5437 ut
2353 5385 2602 5453 quoniam
2645 5382 2841 5438 divites
2873 5398 2968 5452 per
3010 5381 3416 5437 exuberantiam
3465 5389 3644 5428 rerum
3696 5371 3850 5441 proni

2274 5487 2397 5531 sunt
2435 5477 2499 5530 ad
2534 5477 2659 5529 vitia
2682 5517 2696 5536 ,
2723 5490 2786 5530 ac
2816 5490 2909 5544 per
2936 5470 3393 5538 intemperantiam
3432 5467 3744 5535 plerumque
3774 5465 3849 5517 la-

2270 5571 2486 5632 buntur,
2533 5568 2791 5622 haberent
2833 5567 3146 5632 conjunctos
3193 5562 3291 5616 sibi
3338 5561 3669 5628 indigentes,
3703 5554 3849 5609 velut

2268 5664 2467 5717 fontem
2514 5658 2707 5713 lavacri
2750 5665 2885 5710 :aut
2924 5661 3003 5727 (ut
3051 5655 3169 5724 plus
3216 5654 3414 5722 dicam)
3456 5654 3602 5707 velut
3647 5650 3848 5704 flumen

2268 5758 2537 5823 Jordauis,
2584 5756 2671 5811 ubi
2699 5752 2947 5808 Christus
2979 5752 3175 5805 tinetus
3205 5758 3283 5803 est
3314 5790 3326 5803 .
3359 5750 3411 5801 in
3452 5762 3555 5817 quo
3582 5762 3675 5815 per
3702 5744 3845 5799 elec-
