4126 6362
271 300 385 390 ’κιο

1584 333 1865 393 HOMILIA
1908 329 2243 389 SECUNDA.

3435 326 3535 381 HD

277 465 519 523 magna
543 451 840 520 largitatem
866 451 1055 509 diurna
1080 460 1336 523 superent
1383 450 1598 505 delicta.
1635 451 1701 505 Et
1728 448 1846 519 qui-
1883 456 1935 513 Α
1962 444 2136 499 mines
2176 440 2484 510 hypocritas
2514 435 2798 508 appellavit
2835 450 3013 492 sermo
3048 435 3278 491 divinus.
3309 434 3417 501 Sic,
3453 438 3536 490 in-

275 542 401 597 dem
424 545 476 598 in
504 543 736 599 Jordane
765 546 934 601 semel
965 547 1158 603 tinctus
1187 544 1539 601 sanctificavit
1562 558 1727 614 aquas
1759 562 1771 595 ε
1798 544 1852 597 in

275 635 601 704 pauperibus
645 645 825 691 autem
870 652 1083 707 semper
1130 644 1335 703 manet,
1366 645 1421 690 et
1450 635 1661 689 assidue
1690 634 1857 689 abluit

272 728 501 782 crimina
558 730 916 799 largientium.
970 731 1125 786 Dedit
1171 730 1348 799 itaque
1399 729 1644 784 Christus
1702 728 1856 781 nobis

275 819 427 873 velut
470 820 814 888 indulgentiae
857 821 1079 876 indices.
1130 821 1313 888 Quos?
1358 834 1552 884 ctecos,
1604 817 1854 882 claudos,

276 909 503 977 debiles,
538 912 890 981 paralyticos;
925 913 1051 981 quin
1082 912 1241 965 etiam
1272 911 1538 979 orphanos
1563 918 1616 963 et
1647 908 1851 971 viduas,

278 1002 629 1073 peregrinos,
663 1006 959 1075 proSt-lytos
996 1012 1051 1058 et
1076 1004 1337 1071 advenas,
1367 1015 1524 1072 atque
1556 999 1859 1071 hujusmodi

280 1092 529 1149 homines
558 1095 703 1148 omni
735 1095 934 1147 auxilio
958 1094 1255 1162 indigentes
1281 1111 1295 1159 ;
1327 1101 1386 1148 ut
1413 1094 1465 1146 in
1495 1092 1605 1156 his,
1636 1092 1860 1160 quicun-

279 1200 389 1254 que
430 1195 554 1241 sunt
600 1187 994 1252 opulentiores,
1039 1187 1181 1256 pium
1210 1184 1541 1254 praetendant
1564 1183 1809 1239 affectum
1844 1199 1858 1236 :

281 1277 565 1333 ﬂectantur
596 1278 775 1332 faciles
818 1278 885 1331 ad
937 1293 1079 1347 aegra
1122 1293 1185 1331 ac
1224 1278 1418 1331 debilia
1447 1290 1692 1343 corpora,
1743 1274 1861 1327 ani-

215 1426 221 1431 ,
282 1382 504 1435 masque
548 1374 798 1430 vexatas;
850 1365 1047 1420 faciant
1087 1366 1186 1419 sibi
1242 1366 1376 1420 tales
1424 1368 1625 1418 amicos
1675 1362 1863 1436 (juxta

282 1460 642 1529 evangelicum
665 1458 985 1529 doctrinam)
1017 1458 1083 1513 de
1109 1458 1309 1513 infideli
1344 1471 1640 1511 mammona
1673 1454 1746 1525 (id
1784 1461 1868 1511 est

283 1552 355 1607 de
384 1552 632 1608 brevibus
660 1552 865 1619 rebus),
900 1562 955 1606 ttt
984 1567 1104 1606 cum
1138 1550 1436 1606 defecerint
1462 1550 1546 1603 hic
1566 1591 1582 1615 ,
1621 1548 1869 1618 recipiant

281 1660 382 1702 eos
409 1646 463 1699 in
490 1655 680 1700 (eterna
720 1644 1047 1699 tabernacula
1078 1644 1231 1713 (Luc.
1262 1642 1403 1714 xvr).
1441 1645 1504 1697 Et
1532 1642 1750 1703 idcirco,
1782 1640 1867 1693 di-

186 1764 195 1771 -
287 1736 446 1800 vites,
474 1736 640 1790 nolite
665 1735 942 1804 deSpicere
972 1735 1160 1803 inopes
1180 1775 1195 1799 ,
1227 1734 1396 1787 nolite
1442 1745 1696 1801 respuere
1736 1729 1872 1783 indi-

284 1836 496 1896 gentes,
516 1827 749 1881 scientes
778 1826 919 1895 quod
938 1826 1092 1879 amici
1121 1835 1244 1879 sunt
1272 1824 1567 1878 animarum
1598 1829 1653 1875 et
1679 1820 1868 1875 medici

288 1917 571 1971 vulnerum
604 1916 957 1969 internorum.
992 1916 1131 1984 Ager
1158 1924 1240 1968 est
1262 1914 1412 1982 juxta
1442 1922 1524 1977 te;
1562 1926 1751 1982 sparge
1787 1925 1873 1965 sc-

290 2024 415 2063 men
460 2017 701 2076 tempore
744 2006 1107 2076 competenti,
1154 2014 1210 2060 et
1259 2004 1587 2070 esto‘fidns,
1618 2004 1737 2072 quia
1766 2016 1870 2056 non

290 2109 346 2153 te
391 2098 525 2152 fallit
576 2102 676 2152 ista
737 2100 963 2152 cultura.
1018 2097 1113 2150 llic
1165 2098 1331 2161 seris,
1382 2106 1436 2150 et
1489 2098 1612 2150 alibi
1662 2104 1869 2158 metes;

290 2192 500 2259 Spargis
554 2189 849 2252 modicum,
898 2197 952 2242 et
1003 2187 1219 2254 colliges
1289 2187 1533 2240 multum.
1605 2184 1872 2253 Quidquid

291 2276 510 2332 dederis
559 2276 827 2343 colligitur
892 2275 963 2329 ibi
1021 2277 1073 2329 in
1142 2290 1373 2343 superno
1424 2275 1680 2329 cellario:
1714 2274 1873 2344 quid-

293 2366 420 2438 quid
477 2368 782 2436 porrexeris
831 2365 1041 2435 prolicit
1098 2367 1148 2419 in
1204 2366 1400 2419 futuro.
1463 2366 1709 2433 Nunquid
1768 2380 1871 2419 non

295 2468 475 2528 potest
523 2456 767 2511 Christus
823 2458 994 2511 ditare
1060 2456 1413 2512 mendicum?
1471 2456 1711 2527 nunquid
1767 2470 1874 2509 non

296 2554 438 2605 valet
457 2551 615 2605 modo
632 2550 934 2603 illuminare
951 2564 1173 2616 caecum,
1200 2563 1393 2603 curare
1417 2549 1688 2611 claudum,
1714 2548 1873 2601 strin-

296 2659 422 2714 gere
449 2646 819 2714 paralyticum,
844 2643 1103 2697 mundare
1125 2642 1438 2710 leprosum?
1467 2643 1607 2694 valet
1633 2641 1874 2709 quidem,

297 2738 391 2792 sed
417 2735 717 2790 dissimulat
759 2736 811 2788 in
842 2744 928 2799 te;
961 2745 1016 2788 ut
1048 2747 1141 2800 per
1172 2734 1272 2788 hos
1300 2734 1523 2785 aliorum
1571 2731 1877 2786 debilitates

298 2827 567 2891 excludat,
599 2834 654 2880 et
680 2826 1023 2893 :egritudines
1050 2824 1283 2893 effugiat.
1317 2824 1445 2878 Nam
1478 2839 1598 2878 cum
1644 2828 1750 2878 sint
1777 2825 1875 2877 de-

299 2919 457 2984 biles,
479 2920 612 2973 fiunt
628 2931 802 2973 tamen
820 2918 1242 2985 delinquentium
1266 2916 1454 2971 medici
1478 2936 1489 2969 :
1512 2931 1616 2970 non
1639 2915 1759 2984 ipsi,
1782 2915 1877 2971 sed

300 3012 390 3066 ille
414 3012 506 3082 qui
535 3012 688 3072 dixit,
714 3010 939 3079 quaitdiu
963 3010 1154 3076 fecistis
1199 3009 1300 3073 his,
1334 3007 1459 3060 mihi
1488 3008 1699 3075 fecistis.
1728 3005 1881 3059 Chri-

300 3111 418 3157 sms
463 3112 547 3156 est
575 3104 626 3154 in
658 3101 736 3154 eis
765 3100 1035 3163 medicus,
1064 3100 1152 3167 qui
1183 3113 1280 3167 per
1326 3112 1421 3151 eos
1466 3107 1617 3151 sanat
1648 3097 1875 3150 divitum

300 3193 724 3261 delinquentium
756 3191 1013 3255 vulnera;
1044 3200 1099 3243 ut
1122 3204 1243 3243 cum
1269 3200 1477 3257 tempus
1508 3195 1874 3257 exspectatum

1960 534 2097 603 quit,
2132 531 2335 585 faciunt
2358 532 2651 600 hypocrita:
2671 529 2724 583 in
2745 526 3029 599 synagogis
3055 528 3179 581 etin
3211 527 3366 581 vicis.
3399 526 3531 581 Ero-

1959 632 2087 693 gant
2117 622 2347 691 publice,
2371 632 2425 672 ut
2450 619 2663 689 publice
2686 617 3034 687 prteferantur
3054 657 3068 682 ,
3094 632 3197 670 non
3228 631 3256 669 a
3286 617 3414 679 Deo.
3437 617 3532 671 sed

1962 715 2030 767 ab
2054 711 2376 764 hominibus.
2398 709 2554 762 Dedit
2575 710 2750 776 itaque
2780 708 3030 760 Dominus
3058 709 3331 775 pulchram
3352 721 3413 760 ac
3438 723 3531 759 ve-

1962 801 2251 856 recundam
2285 814 2464 868 operis
2487 799 2735 863 formam,
2761 798 2972 867 quando
3002 798 3132 851 tales
3156 799 3401 866 prohibet
3424 800 3537 851 imi-

1963 894 2096 957 tari,
2143 903 2196 947 et
2228 891 2383 961 jubet
2422 891 2476 944 in
2520 892 2737 945 silentio
2782 892 3014 959 operari.
3065 892 3128 945 Et
3156 892 3277 961 quid
3309 894 3430 947 dico
3478 894 3530 945 in

1961 985 2219 1040 silentio?
2250 983 2488 1048 nunquid
2540 985 2754 1051 quando
2815 984 2943 1037 facis
2993 983 3389 1053 CiCCillOSyllam
3446 996 3539 1037 aut

1963 1092 2097 1146 opus
2126 1076 2339 1146 aliquod
2367 1084 2597 1143 gratum,
2620 1085 2790 1143 potest
2823 1076 3024 1129 latere?
3056 1077 3214 1130 absit.
3242 1082 3368 1131 nam
3396 1089 3444 1132 te
3469 1089 3539 1131 la-

1965 1178 2144 1232 cente,
2174 1170 2285 1237 ipsa
2318 1184 2478 1236 opera
2507 1167 2736 1221 clamant
2764 1176 2817 1221 et
2841 1169 3103 1236 publicant
3135 1170 3329 1223 factum
3357 1180 3537 1228 tuum:

1967 1270 2019 1315 te
2049 1262 2191 1315 enim
2227 1261 2529 1329 ignorante,
2564 1259 2853 1329 prtcferunt
2896 1262 3041 1315 multi
3069 1264 3323 1325 justitiam
3358 1278 3497 1316 tuam
3521 1305 3537 1326 ,

1966 1360 2023 1405 et
2074 1355 2469 1419 eleemosynam
2511 1351 2823 1420 prtedicant.
2869 1351 3180 1407 Geminatur
3212 1354 3303 1408 tibi
3341 1356 3539 1423 gratia,

1969 1443 2093 1512 quia
2138 1444 2360 1497 silenter
2397 1444 2571 1511 egisti.
2616 1444 2697 1495 Ah
2743 1442 3050 1496 hominibus
3090 1444 3284 1511 act-ipis
3333 1446 3543 1510 plenam

1972 1534 2182 1589 laudem
2205 1578 2218 1602 ,
2245 1536 2366 1601 quia
2409 1535 2619 1589 tacuisti
2650 1550 2679 1589 a
2731 1535 2838 1589 Deo
2868 1536 3157 1602 perfectam
3204 1540 3501 1593 mercedem
3528 1557 3543 1603 ;

1971 1627 2094 1696 quia
2125 1626 2264 1694 quod
2298 1625 2457 1694 jussit
2508 1625 2702 1679 fecisti.
2742 1626 2876 1692 Quid
2920 1626 3081 1695 jussit
3118 1637 3209 1681 aut
3253 1630 3377 1697 quid
3410 1645 3548 1699 pra:-

1973 1718 2155 1787 cepit?
2186 1728 2241 1771 ut
2281 1734 2385 1772 non
2416 1718 2538 1772 tuba
2566 1734 2789 1773 caneres
2826 1728 2951 1773 ante
2982 1728 3033 1773 te
3061 1737 3073 1773 :
3120 1722 3168 1774 id
3198 1732 3300 1788 est,
3344 1734 3397 1776 ut
3441 1740 3548 1779 non

1977 1809 2093 1878 ipse
2122 1811 2395 1878 praeferas,
2428 1810 2521 1865 sed
2554 1811 2663 1864 alii.
2700 1810 2829 1864 Nam
2857 1822 2913 1866 et
2945 1812 3218 1867 fructifera
3249 1817 3411 1870 arbor
3440 1833 3547 1871 non

1902 1870 1949 1928 Β
1976 1902 2212 1971 loquitur
2234 1903 2448 1969 quidem
2469 1943 2485 1969 ,
2516 1914 2571 1958 et
2602 1912 2776 1958 tamen
2803 1920 2865 1959 ex
2898 1906 3070 1960 fructu
3099 1910 3457 1977 cognoscitur.
3489 1913 3555 1965 Et

1976 2008 2105 2062 apes
2145 1996 2360 2064 quando
2398 2010 2641 2050 cerarum
2692 1996 2854 2050 cellas
2886 1998 3158 2063 intexunt,
3206 2001 3420 2068 quando
3449 2003 3556 2056 mel

1976 2085 2269 2141 conficiunt
2308 2096 2363 2141 et
2391 2087 2532 2142 dulci
2563 2088 2873 2142 distendunt
2912 2100 3125 2143 nectare
3154 2091 3333 2157 favos,
3364 2109 3467 2146 non
3502 2094 3556 2148 in

1982 2177 2199 2246 publico
2228 2192 2361 2246 opus
2390 2188 2664 2243 exercent,
2690 2182 2781 2231 sed
2807 2180 2906 2231 sub
2936 2180 3027 2232 vili
3060 2181 3260 2234 cortice
3286 2184 3447 2236 clusa:
3480 2183 3556 2236 la-

1978 2268 2203 2334 borant,
2231 2277 2284 2321 et
2312 2268 2436 2322 inde
2485 2272 2824 2337 postmodum
2862 2270 3029 2339 gratia
3059 2270 3296 2325 dulcoris
3323 2274 3560 2342 erumpit

1978 2359 2030 2412 in
2056 2359 2306 2425 publico;
2342 2375 2441 2413 nec
2482 2360 2750 2413 immerito
2785 2359 2986 2414 dictum
3027 2370 3109 2414 est
3150 2369 3269 2431 quia
3300 2363 3458 2417 brevis
3504 2366 3561 2417 in

1976 2450 2273 2504 volatilibus
2313 2453 2424 2519 apis
2448 2451 2617 2521 (Eccl.
2640 2456 2699 2519 t),
2730 2460 2783 2504 et
2811 2462 2986 2506 tamen
3019 2456 3299 2521 primatum
3324 2456 3561 2511 dulcoris

1979 2541 2141 2595 habet
2165 2542 2365 2596 fruetus
2387 2542 2523 2611 ejus.
2545 2542 2734 2597 Retine
2757 2558 2884 2612 ergo
2909 2554 3229 2613 praeceptum
3251 2546 3515 2601 modicum
3545 2567 3560 2602 :

1980 2632 2087 2688 Fac
2124 2634 2523 2705 eleemosynam
2546 2675 2561 2697 ,
2597 2636 2867 2688 absconde
2896 2650 3062 2703 penes
3105 2648 3176 2691 te.
3224 2638 3303 2691 Sit
3341 2638 3477 2693 intra
3508 2652 3561 2694 te

1979 2726 2114 2780 cella
2166 2736 2277 2792 tua,
2323 2739 2379 2780 ut
2408 2727 2550 2795 quod
2598 2737 2650 2780 tu
2695 2728 2827 2795 tegis
2853 2728 2921 2781 ab
2950 2728 3069 2783 aliis
3116 2732 3464 2798 praedicetur-
3507 2742 3565 2787 et

1979 2826 2108 2873 tunc
2135 2821 2604 2873 remunerabitura
2633 2817 2728 2873 Chr
2747 2821 2848 2874 isto
2872 2822 2957 2889 qui
2988 2822 3115 2875 dicit
3142 2841 3154 2875 :
3184 2826 3404 2889 Quando
3432 2826 3563 2891 facis

1982 2908 2373 2979 eleemosynam,
2406 2912 2597 2963 nesciat
2634 2911 2843 2963 sinistra
2882 2923 2970 2965 tua
2995 2914 3118 2982 quid
3163 2915 3319 2981 faciat
3353 2923 3562 2970 dextera

1982 3000 2295 3071 tuat'Mattlt.
2311 3002 2385 3072 v).
2410 3002 2783 3055 Discutiendus
2799 3017 2999 3071 sermo,
3018 3005 3332 3073 requirenda
3348 3019 3563 3062 senten-

1984 3090 2076 3144 tia.
2107 3092 2244 3156 Quid
2274 3101 2356 3146 est
2394 3093 2527 3146 hoc?
2558 3094 2793 3162 nunquid
2822 3095 3005 3164 dispar
3031 3109 3113 3151 est
3146 3096 3308 3153 homo
3336 3100 3475 3154 intra
3503 3115 3563 3155 se

1985 3180 2037 3235 in
2067 3197 2172 3237 uno
2212 3197 2472 3252 corpore,
2505 3194 2561 3237 ut
2606 3186 2676 3238 sit
2732 3186 2865 3239 alter
2896 3186 2948 3239 in
2986 3187 3205 3253 dextra,
3237 3190 3376 3243 alter
3405 3191 3457 3245 in
3488 3208 3565 3245 8|-

300 3245 603 3349 venerit,et
629 3297 888 3352 pauperes
917 3297 1043 3336 suos
1070 3282 1266 3335 exaltet
1302 3280 1352 3333 in
1388 3279 1578 3349 gloria,
1601 3287 1655 3333 et
1684 3279 1875 3334 divites
1900 3245 1947 3307 C
1981 3273 2150 3328 nistra
2174 3275 2196 3328 ἲ
2223 3275 2390 3329 absit!
2427 3276 2565 3329 Idem
2602 3276 2762 3329 homo
2802 3286 2883 3331 est
2917 3279 3007 3347 qui
3041 3280 3199 3334 habet
3224 3291 3279 3335 et
3312 3281 3557 3335 dextram

294 3375 461 3445 justis
490 3374 738 3443 operibus
766 3374 975 3427 deditos
999 3372 1219 3440 ret-ipiztt
1250 3373 1408 3441 (sicut
1429 3371 1575 3438 dixi)
1595 3372 1644 3423 in
1677 3382 1876 3424 :eterna

298 3463 553 3532 hospitia.
578 3463 726 3516 Unde
748 3461 964 3532 (fratres
1001 3461 1335 3515 dilectissimi
1363 3468 1418 3513 et
1455 3461 1671 3528 optandi
1696 3461 1877 3528 amici)

300 3554 533 3607 retinete
566 3552 711 3618 haec,
747 3562 800 3605 et
828 3566 987 3620 super
1016 3551 1131 3604 haec
1166 3550 1341 3604 adhuc
1369 3549 1557 3604 discite
1591 3550 1713 3602 alia.
1742 3551 1878 3604 Nec-

300 3643 429 3697 dum
458 3644 599 3697 enim
629 3643 797 3712 patuit
820 3657 937 3697 mea
961 3642 1202 3697 doetrina
1229 3657 1244 3694 :
1270 3641 1577 3710 replicanda
1607 3652 1688 3695 est
1715 3656 1881 3695 evan-

299 3733 471 3802 gelica
502 3732 690 3796 forma,
714 3743 773 3786 ut
797 3732 920 3786 inde
952 3732 1246 3802 pandamus
1269 3731 1410 3800 quod
1443 3730 1734 3798 perfectum
1766 3741 1877 3796 est;

298 3824 665 3895 eleemosynae
690 3825 1031 3893 perfectionis
1064 3836 1245 3894 typum
1270 3828 1504 3878 nondum
1527 3823 1879 3878 ostendimus.

300 3916 509 3987 Typum
534 3920 891 3986 eleemosyute
908 3917 1020 3970 suis
1041 3917 1321 3985 praaceptis
1340 3916 1575 3971 decrevit
1596 3916 1841 3971 Salvator
1864 3932 1876 3967 :

300 4010 561 4062 Attendite
588 4010 805 4079 (inquit)
836 4025 897 4062 ne
917 4010 1172 4077 justitiam
1218 4018 1434 4062 vestram
1482 4008 1684 4078 faciatis
1710 4023 1882 4060 coram

300 4098 618 4152 hominibus.
652 4100 706 4155 Si
739 4099 1041 4154 mercedem
1084 4100 1313 4166 speratis
1352 4100 1626 4153 rmlestem
1650 4138 1666 4164 ,
1694 4098 1881 4151 huma-
1921 4116 1927 4123 ·

301 4202 431 4241 num
451 4188 659 4245 debetis
682 4191 953 4245 declinare
976 4199 1272 4259 aspectum.
1300 4190 1507 4246 Sufficit
1530 4191 1676 4244 illum
1700 4191 1881 4245 videre

222 4346 227 4349 _
306 4295 447 4350 opus
476 4283 529 4336 in
558 4295 794 4349 secreto,
817 4285 904 4352 qui
928 4299 1105 4354 operae
1127 4285 1357 4353 pretium
1380 4284 1554 4338 reddit
1571 4284 1623 4337 in
1648 4285 1880 4352 publico.

301 4372 441 4440 Quid
464 4380 684 4444 qua-ris,
716 4375 987 4430 hominem
1014 4377 1152 4430 scire
1178 4377 1318 4445 quod
1346 4376 1456 4430 Deo
1490 4378 1772 4431 reservas?
1792 4386 1884 4431 aut

301 4466 431 4535 quid
469 4483 605 4536 opus
645 4477 727 4521 «νει
759 4468 960 4521 homini
993 4468 1173 4522 videre
1201 4467 1340 4537 quod
1365 4467 1504 4522 Deus
1534 4469 1882 4523 remunerat?

303 4555 862 4612 Sufficitconscientia
896 4567 1005 4621 tua,
1028 4557 1193 4611 habes
1220 4566 1408 4613 testem
1438 4560 1614 4627 operis
1639 4559 1731 4635 tui.
1759 4559 1813 4612 ln
1832 4567 1882 4613 te

1982 3375 2034 3420 et
2065 3367 2364 3420 sinistram.
2401 3368 2465 3420 Et
2500 3368 2766 3436 quomodo
2796 3379 2968 3436 potest
2995 3371 3130 3435 ﬁeri,
3160 3383 3217 3425 ut
3249 3372 3456 3441 ignoret
3488 3375 3561 3427 si-

1982 3457 2147 3510 nistra
2176 3458 2299 3526 quid
2323 3457 2479 3511 faciat
2500 3460 2685 3512 dextra
2708 3458 2730 3508 ?
2754 3476 2873 3512 nam
2900 3462 2999 3513 etsi
3038 3478 3226 3516 manus
3273 3465 3394 3517 dum.
3438 3476 3561 3519 sunt

1982 3547 2033 3602 in
2062 3550 2312 3616 corpore,
2344 3549 2531 3603 dextra
2570 3549 2838 3618 lzevaque,
2872 3552 2964 3605 scd
2990 3567 3200 3607 animus
3233 3571 3365 3608 unus
3387 3567 3470 3610 est
3500 3561 3550 3610 in

1981 3637 2220 3703 homine,
2245 3640 2332 3707 qui
2354 3642 2481 3706 tegit
2504 3650 2788 3709 utrumque
2812 3642 2944 3695 latus
2965 3644 3015 3696 in
3033 3644 3219 3698 dextra
3244 3657 3297 3699 et
3320 3649 3557 3702 sinistra.

1982 3727 2177 3797 Liquet
2207 3729 2365 3798 igitur
2383 3740 2437 3783 et
2466 3745 2569 3783 non
2590 3746 2667 3783 est
2692 3732 3019 3800 ambiguum,
3052 3738 3189 3802 quod
3217 3737 3267 3788 in
3294 3736 3393 3791 hoc
3425 3754 3561 3806 pra:-

1983 3828 2139 3886 cepto
2171 3819 2333 3872 altius
2357 3820 2555 3888 aliquid
2589 3820 2946 3877 introducitur
2974 3836 3025 3878 et
3053 3828 3336 3881 sublimius
3366 3830 3563 3884 intellia

1983 3911 2143 3979 gitur.
2189 3910 2391 3978 Duplex
2437 3920 2521 3964 est
2555 3913 2710 3978 plane
2754 3915 2914 3968 homo
2967 3920 3101 3968 intra
3133 3920 3454 3971 senisu-um
3491 3921 3563 3973 sit

1984 4017 2143 4069 unus,
2165 4002 2370 4056 divisus
2392 4014 2475 4057 est
2494 4014 2669 4058 tamen
2694 4005 2744 4058 in
2768 4006 2955 4059 dextra
2973 4019 3026 4060 et
3048 4008 3285 4062 sinistra.
3317 4011 3562 4065 Divisns?

1983 4093 2296 4161 quomodo?
2328 4109 2431 4146 non
2458 4096 2674 4160 animo,
2708 4098 2801 4150 sed
2839 4113 3043 4165 opere;
3078 4116 3183 4154 non
3217 4114 3425 4167 mente,
3466 4107 3562 4159 sed

1984 4185 2246 4240 moribus.
2308 4186 2586 4254 llabetque
2637 4188 2835 4243 bonum
2870 4200 2924 4243 et
2962 4193 3159 4245 malum
3206 4192 3454 4247 :bonum
3510 4199 3563 4249 in

1984 4275 2195 4342 dextra,
2223 4278 2421 4331 malum
2455 4280 2507 4331 in
2538 4280 2777 4334 sinistra.
2805 4281 3053 4353 Praecipit
3072 4284 3347 4351 Dominus,
3377 4290 3567 4340 nesciat

1984 4367 2194 4420 sinistra
2220 4370 2343 4437 quid
2387 4370 2544 4438 faciat
2568 4371 2748 4425 dextra
2769 4389 2787 4426 :
2809 4374 2948 4443 quod
2980 4390 3009 4428 a
3042 4376 3195 4429 nobis
3233 4379 3310 4432 sic
3342 4378 3565 4448 intelligi

1986 4456 2123 4512 solet
2145 4467 2399 4529 tanquam
2422 4461 2465 4513 si
2492 4461 2564 4514 ita
2590 4461 2787 4517 dictum
2810 4467 2907 4518 sit:
2931 4457 3157 4521 Sinistra
3183 4469 3309 4521 tacit
3327 4470 3559 4533 malum;

1987 4567 2092 4606 non
2118 4553 2194 4607 illi
2222 4557 2520 4609 consentiat
2546 4557 2764 4623 dextra;
2789 4559 2838 4611 id
2863 4568 2965 4623 est,
2999 4560 3043 4613 si
3072 4576 3265 4630 corpus
3292 4573 3438 4617 tuum
3467 4565 3567 4619 de-

302 4655 456 4717 patet
485 4648 559 4701 illi
588 4649 728 4717 quod
772 4649 897 4703 latet
929 4619 1149 4702 homini.
1184 4649 1236 4704 Si
1267 4619 1494 4718 plaudis,
1529 4665 1636 4702 non
1669 4624 1875 4716 places:
1912 4619 1963 4679 Β
1990 4646 2233 4716 linquere
2264 4649 2426 4716 cogit,
2456 4663 2561 4701 non
2589 4649 2665 4703 illi
2706 4619 2962 4704 assentiat
2999 4619 3198 4708 anima.
3229 4655 3364 4718 Quid
3396 4666 3479 4709 est
3507 4658 3560 4711 in

301 4738 350 4792 si
380 4739 689 4794 hominibus
718 4740 931 4809 placere
952 4741 1067 4806 vis,
1094 4740 1346 4808 displices
1379 4741 1449 4794 illi
1472 4742 1560 4810 qui
1588 4741 1787 4795 docuit.
1821 4742 1877 4796 Si

302 4830 595 4900 displices,
637 4832 915 4886 minorasti
962 4833 1226 4901 justitiam
1250 4876 1265 4902 ,
1300 4834 1586 4887 vulnerasti
1617 4836 1837 4901 gratiam
1862 4875 1878 4898 ,

302 4926 515 4978 violasti
555 4925 880 4979 mercedem.
917 4925 1159 4993 Denique
1188 4927 1267 4979 sic
1298 4926 1571 4995 subjungit
1609 4925 1748 4979 idem
1779 4925 1879 4978 do-

302 5026 422 5069 ctor
448 5033 460 5067 :
486 5016 545 5070 Si
588 5014 893 5071 hominibus
938 5017 1147 5086 placere
1193 5017 1381 5082 vultis,
1424 5016 1726 5070 mercedem
1774 5031 1880 5070 non

306 5106 576 5161 habebitis
605 5110 743 5175 apud
786 5108 999 5161 Patrem
1045 5108 1340 5163 caelestem.
1379 5107 1432 5161 In
1475 5092 1633 5161 simili
1667 5108 1882 5176 negotio

303 5194 469 5249 etiam
500 5198 863 5265 pronuntiavit
906 5199 1192 5268 Apostolus
1222 5216 1233 5249 :
1270 5197 1330 5251 Si
1379 5198 1671 5250 hominibus
1709 5200 1883 5267 place-

302 5303 434 5350 rem,
459 5285 645 5341 Christi
676 5305 845 5343 servus
884 5305 983 5341 non
1010 5304 1189 5342 essem.
1218 5289 1351 5342 Cum
1393 5289 1551 5358 igitur
1593 5290 1720 5359 facis
1750 5288 1885 5342 elee-

303 5394 593 5447 mosynam,
622 5379 730 5431 noli
753 5380 869 5431 tuba
895 5395 1074 5432 canere
1122 5390 1241 5432 ante
1267 5390 1331 5443 te,
1362 5381 1454 5433 sed
1488 5391 1605 5435 tace
1625 5420 1639 5445 ,
1671 5389 1723 5435 et
1754 5396 1882 5447 sup-

302 5469 482 5537 prime
508 5471 643 5524 intra
671 5482 722 5523 te
753 5472 948 5524 factum
984 5482 1154 5524 tuum.
1202 5472 1313 5526 Noli
1343 5473 1643 5540 tibicinare,
1674 5489 1738 5527 ne
1768 5474 1886 5527 vul-

308 5574 469 5615 neres
496 5576 631 5629 opus
665 5572 810 5615 tuum
837 5578 849 5614 :
878 5563 983 5615 noli
1019 5563 1245 5629 prodere
1282 5565 1422 5632 qttod
1470 5565 1663 5619 fecisti.
1695 5566 1886 5633 Opera:

307 5651 536 5718 pretium
565 5653 871 5718 perdidisti,
900 5653 943 5705 si
975 5652 1179 5705 laudari
1207 5653 1273 5705 ab
1304 5653 1613 5709 hominibus
1644 5657 1881 5709 voluisti.

306 5740 518 5797 Sufﬁcit
555 5724 646 5797 iibi
676 5742 811 5808 hoc;
845 5743 1009 5799 habes
1041 5742 1342 5799 mercedem
1382 5753 1547 5799 tuam.
1582 5746 1739 5801 Tales
1788 5750 1887 5801 ho-

1989 4737 2205 4794 homine
2225 4740 2450 4795 dextra?
2472 4757 2650 4796 nOnne
2668 4758 2791 4809 pars
2813 4745 3043 4798 animat?
3063 4748 3187 4815 quin
3210 4760 3286 4803 est
3314 4750 3566 4803 sinistra?

1990 4847 2165 4885 nonne
2197 4847 2319 4901 pars
2351 4834 2629 4901 corporis?
2660 4833 2816 4887 Disce
2846 4836 2970 4903 quid
3012 4837 3299 4892 introducit
3326 4845 3564 4894 :-nesciat

1990 4922 2198 4976 sinistra
2229 4924 2351 4989 quid
2392 4925 2546 4991 faciat
2578 4926 2778 4978 dextra.
2817 4926 3061 4996 Nunquid
3105 4932 3317 4992 quando
3366 4933 3562 4986 h0num

1991 5022 2192 5082 geritur
2223 5030 2348 5068 caro
2380 5017 2619 5084 ignorat,
2644 5026 2736 5069 aut
2762 5020 2973 5087 quando
3015 5021 3210 5073 malum
3256 5021 3376 5075 facit
3406 5040 3562 5090 caro,

1992 5104 2167 5157 anima
2199 5105 2535 5159 nescitinon
2557 5117 2639 5160 est
2669 5107 2762 5161 ita.
2792 5108 2967 5162 Aliter.
2989 5109 3224 5178 illlt'illge
3252 5112 3319 5165 de
3350 5114 3567 5167 sinistra

1992 5207 2047 5249 et
2067 5195 2276 5249 dextra.
2304 5196 2434 5251 Tale
2454 5208 2555 5259 est,
2579 5200 2718 5266 quod
2735 5200 2861 5253 dit-it
2880 5218 2890 5251 :
2907 5200 3130 5266 Quando
3151 5204 3343 5257 bonum
3367 5206 3565 5273 aliquid

1994 5298 2219 5342 conatur
2246 5289 2421 5344 faccre
2451 5290 2660 5353 dextra,
2688 5293 2736 5345 id
2770 5304 2849 5346 est
2877 5295 3075 5359 anima,
3107 5312 3210 5349 nun
3234 5298 3373 5351 illum
3400 5300 3567 5364 impe-

1994 5380 2105 5434 diat
2135 5382 2374 5449 sinistra,
2419 5400 2535 5453 qua:
2564 5394 2647 5437 est
2673 5401 2832 5449 caro;
2864 5389 2955 5441 sed
2989 5398 3235 5455 tanquam
3266 5391 3567 5445 dormiente

1996 5473 2211 5526 sinistra
2242 5474 2455 5529 festinet
2483 5477 2668 5529 dextra
2704 5477 2899 5530 furtivo
2931 5495 3080 5534 more
3108 5482 3315 5549 operari
3348 5483 3565 5545 bonum,

1997 5578 2049 5622 et
2076 5568 2341 5635 expellere
2371 5571 2565 5623 malum
2595 5571 2661 5624 de
2709 5573 2996 5633 membris,
3043 5576 3182 5640 quod
3215 5572 3409 5624 dieitur
3437 5573 3569 5627 sini-

1995 5671 2162 5730 strum
2190 5676 2202 5711 :
2240 5660 2327 5714 hic
2356 5672 2437 5714 est
2465 5677 2675 5727 sensus,
2706 5671 2759 5715 et
2802 5662 2887 5715 hic
2919 5671 3001 5715 est
3032 5660 3331 5713 intellectus
3361 5664 3567 5718 dextra:

1996 5763 2049 5810 et
2075 5755 2327 5810 sinistrae.
2360 5753 2671 5824 Exponatur
2703 5757 2959 5825 apertius,
2990 5763 3043 5811 et
3080 5753 3255 5810 luceat
3294 5770 3473 5811 sermo
3514 5758 3567 5813 in
