4126 6362
621 417 717 472 ιιι

1606 420 1661 474 S.
1705 416 2068 474 LAUltENTll
2107 418 2556 477 NUVARIENSIS
2599 421 2897 476 EPISCUPI

3782 421 3893 476 ΗΞ

619 551 801 606 opere.
827 535 1054 591 Sinistra
1075 546 1182 604 tua,
1216 537 1264 592 id
1290 547 1371 593 est
1400 552 1545 600 caro,
1568 538 1800 591 erravit?
1825 538 2033 604 dextra,
2054 537 2195 606 quod
2229 542 2278 599 Α
2308 554 2403 593 sua
2434 550 2685 594 stateram
2735 540 2786 593 in
2826 556 2926 609 qua
2972 540 3252 609 perpendit
3291 542 3430 597 inter
3458 541 3566 598 duo
3607 541 3884 613 pondera,

617 635 700 680 est
728 628 901 681 anima
921 669 935 693 ,
962 628 1189 683 emenda
1221 644 1477 682 errorem.
1515 626 1688 679 i‘ntuit
1723 628 1865 680 enim
1897 628 1947 679 in
1978 628 2198 681 homine

617 719 862 773 dextrum
890 721 1002 774 ﬁeri
1036 730 1319 787 utrumque
1351 720 1508 781 latus,
1540 720 1632 773 sed
1675 720 1793 773 ideo
1819 720 2001 787 dispar
2030 721 2199 774 iactus

618 821 699 863 est
730 810 781 863 in
813 822 1060 880 utroque,
1094 822 1149 865 ιιι
1177 821 1280 864 tam
1309 811 1429 864 boni
1458 827 1615 877 quam
1655 811 1779 863 mali
1804 811 1853 864 in
1885 826 1943 864 se
1971 810 2201 864 fermen-

617 911 727 954 tttttt
763 903 1045 957 retineret.
1087 903 1216 955 Boni
1256 901 1577 956 fermentum
1623 902 1674 955 itt
1717 904 1928 972 dextra,
1973 902 2096 955 ntali
2146 903 2199 957 in

620 992 833 1047 sinistra
867 1010 880 1057 ;
915 992 1055 1063 quod
1084 994 1160 1046 sic
1191 994 1447 1062 distingui
1494 1003 1667 1062 potest
1696 1009 1709 1043 :
1741 995 1955 1048 sinistra
2001 1004 2085 1046 tua
2116 993 2200 1046 in-

619 1082 770 1136 duxit
794 1092 844 1137 te
868 1083 917 1135 in
938 1092 1210 1151 peccatum
1236 1084 1257 1135 ?
1284 1083 1467 1136 dextra
1493 1094 1579 1137 tua
1609 1094 1761 1138 eruat
1790 1094 1839 1137 te
1863 1084 1929 1137 de
1958 1094 2197 1154 peccatu.

616 1172 847 1228 Sinistra
886 1174 1121 1241 peccavit
1158 1175 1208 1227 in
1240 1176 1494 1242 aspectu?
1520 1175 1704 1229 dextra
1749 1177 2001 1245 prepitiet
2032 1176 2083 1229 itt
2116 1191 2202 1231 se-

618 1276 783 1318 creto.
819 1266 1044 1319 Sinistra
1078 1266 1203 1320 fecit
1236 1267 1467 1334 prmdaut
1491 1269 1513 1318 ἰ)
1547 1267 1730 1320 dextra
1765 1267 1923 1321 faciat
1967 1268 2201 1323 eleemo—

543 1368 550 1375 ‘
616 1372 825 1426 synam.
863 1358 1014 1423 Quod
1048 1359 1135 1411 illa
1194 1359 1318 1413 fecit
1376 1360 1769 1427 imprudenter,
1806 1358 1919 1412 hinc
1951 1360 2202 1415 emendet

618 1453 861 1509 silenter.
895 1455 1122 1508 Sinistta
1155 1456 1326 1524 rapuit
1351 1455 1638 1510 vestitum?
1660 1455 1846 1508 dextra
1879 1456 2075 1508 VCSlial
2104 1470 2202 1507 nu-

621 1544 740 1596 dos.
776 1544 865 1597 Illa
896 1546 1159 1613 percussit
1188 1546 1528 1601 crudeliter?
1564 1549 1663 1599 ista
1689 1546 1932 1599 sublevet
1966 1555 2019 1599 et
2048 1556 2201 1599 sanet

617 1634 913 1689 humiliter.
944 1636 1037 1690 Illa
1067 1640 1337 1707 congessit
1384 1637 1713 1705 impietatem
1745 1637 1766 1687 ?
1801 1637 1899 1689 ista
1938 1636 2005 1689 sit
2043 1637 2198 1705 plena

619 1727 833 1793 pietate.
866 1729 959 1783 llla
993 1731 1261 1798 impressit
1292 1731 1554 1783 vulnera?
1587 1728 1684 1782 ista
1716 1728 1953 1797 impetiat
1978 1729 2199 1783 medici-

616 1835 740 1872 nam
781 1830 832 1875 et
866 1823 1115 1877 adhibeat
1142 1839 1342 1878 curam.
1382 1824 1580 1877 Beatus
1609 1832 1690 1875 est
1734 1822 1784 1873 in
1823 1821 2039 1877 sinistra
2068 1823 2088 1874 ?
2115 1838 2200 1875 re-

2306 648 2464 684 unnm
2498 632 2689 695 meriti,
2739 643 2791 686 et
2825 648 2983 685 unum
3019 634 3241 700 peccati.
3276 635 3515 691 Przevide
3561 646 3633 703 te,
3672 638 3840 695 homo
3870 658 3884 692 :

2306 727 2441 778 senti
2476 725 2684 795 pondus
2710 736 2879 788 tuum,
2907 736 3189 793 antequam
3215 728 3434 783 veniens
3456 730 3548 783 ille
3577 730 3630 784 in
3654 746 3750 785 sua
3773 741 3891 786 sta-

2306 828 2417 871 tera
2445 826 2496 870 te
2519 817 2828 882 suSpendat.
2866 817 3156 872 Considera
3201 827 3395 873 statum
3431 830 3609 885 tuum,
3656 832 3711 877 et
3763 832 3887 877 esto

2307 906 2404 959 tibi
2432 909 2545 974 ipse
2562 915 2781 960 statera.
2809 906 2903 961 Sat
2928 908 3020 961 tibi
3043 908 3109 962 de
3136 923 3363 976 corpore
3393 921 3482 964 tuo
3503 922 3721 967 statera.
3752 912 3887 967 Duae

2306 1011 2495 1049 manus
2524 1008 2647 1063 tute,
2679 998 2783 1052 duo
2812 1008 2938 1051 sunt
2964 1000 3158 1052 calculi
3191 1000 3312 1053 hinc
3344 1009 3503 1069 atque
3534 1002 3657 1056 inde
3687 1003 3740 1057 in
3772 1017 3887 1057 Sta-

2306 1097 2414 1141 tera
2447 1089 2760 1155 pendentes.
2800 1090 2960 1144 Vides
2983 1092 3251 1159 quomodo
3293 1092 3409 1160 ipse
3439 1092 3531 1145 tibi
3559 1108 3617 1148 es
3641 1096 3885 1149 Statera?

2306 1184 2575 1252 perpende
2620 1200 2712 1237 cor
2741 1193 2885 1239 tuum
2914 1195 2968 1239 et
3003 1186 3407 1241 conscientiam.
3442 1186 3715 1255 Perpende
3768 1192 3887 1242 ani-

2305 1290 2443 1329 mam
2478 1285 2617 1329 tuam
2650 1277 2995 1345 membraque
3039 1276 3152 1353 ipsa
3187 1279 3243 1331 in
3274 1286 3497 1343 statera,
3538 1281 3681 1345 prius
3719 1296 3883 1349 quam

2302 1368 2538 1420 divinum
2572 1384 2796 1422 examen
2850 1370 3132 1431 incurras;
3174 1370 3243 1423 sit
3273 1372 3484 1425 animus
3526 1380 3646 1426 tuus
3685 1372 3887 1427 arbiter

2301 1461 2559 1514 {actorum
2610 1472 2852 1528 tuorum,
2888 1464 3291 1533 pondernmque
3340 1467 3611 1533 inspector
3643 1479 3883 1521 tuorum.

2305 1548 2510 1617 Inspice
2544 1550 2823 1619 diligenter
2853 1552 2980 1621 quid
3013 1564 3157 1607 tenet
3202 1554 3414 1617 dextra,
3446 1567 3535 1609 aut
3578 1557 3706 1624 quid
3746 1560 3887 1625 gerit

2302 1640 2536 1693 sinistra.
2567 1641 2739 1694 tlabes
2770 1643 2975 1696 scilicet
3003 1644 3201 1696 malum
3234 1644 3284 1697 in
3312 1643 3527 1698 sinistra
3574 1646 3845 1699 cenditum
3868 1689 3884 1709 ,

2303 1732 2552 1785 meritum
2585 1732 2636 1785 in
2669 1732 2857 1787 dextra
2899 1736 3206 1791 collectum.
3250 1735 3380 1791 Vide
3408 1738 3535 1805 quid
3572 1738 3691 1805 plus
3713 1747 3795 1792 est
3825 1740 3881 1792 in

2299 1836 2464 1889 apere
2495 1833 2621 1886 tuo,
2652 1836 2742 1877 aut
2777 1840 2895 1893 quae
2929 1841 3051 1894 pars
3084 1827 3133 1879 in
3165 1826 3373 1881 actibus
3422 1828 3528 1881 tuis
3580 1829 3880 1893 exuberat;

617 1910 801 1965 missio
832 1912 900 1965 sit
930 1911 981 1965 in
1012 1914 1221 1968 dextra.
1261 1915 1451 1969 Malum
1501 1913 1641 1981 quod
1674 1913 1889 1965 sinistra
1939 1913 2192 1982 ingessit,
2232 1918 2273 1977 Β
2302 1902 2515 1969 sinistra
2550 1931 2614 1969 an
2646 1916 2865 1980 dextra;
2898 1927 2954 1971 et
2984 1918 3095 1973 vult
3122 1929 3171 1972 te
3196 1919 3473 1975 collidere.
3508 1920 3625 1973 Noli
3657 1922 3882 1986 cedere,

618 2004 806 2056 dextra
850 2004 1105 2071 repellat;
1136 2020 1401 2059 venenum
1461 2004 1603 2057 illius
1650 2004 1746 2055 ista
1777 2002 2097 2071 exstinguat.
2134 2003 2198 2055 Et

617 2093 742 2160 quid
773 2094 966 2161 plura?
1000 2096 1133 2161 ignis
1163 2107 1244 2150 est
1280 2097 1329 2149 in
1356 2097 1593 2157 sinistra,
1631 2104 1684 2147 et
1709 2104 1788 2146 est
1818 2109 1954 2161 aqua
1987 2095 2038 2147 itt
2067 2096 2195 2149 dett-

620 2195 723 2237 tra.
759 2184 983 2250 Quando
1009 2190 1194 2257 ﬂagrat
1222 2190 1274 2240 in
1308 2188 1521 2241 sinistra
1549 2184 1685 2253 ignis
1718 2192 1942 2258 peccati,
1970 2189 2113 2257 plnat
2145 2190 2195 2242 in

619 2285 804 2338 dextra
844 2284 1062 2351 justitiic
1088 2297 1251 2349 aqua,
1282 2290 1335 2333 et
1389 2280 1520 2333 nihil
1550 2295 1631 2335 est
1666 2295 1791 2335 tunc
1818 2281 1957 2350 quod
1986 2292 2194 2336 noceat.

618 2375 751 2429 Dum
780 2375 971 2443 imples
998 2372 1125 2427 illud
1152 2372 1293 2439 quod
1326 2372 1525 2425 dictum
1552 2382 1655 2438 est,
1677 2373 1822 2427 Sicut
1846 2390 1979 2442 aqua
2008 2374 2200 2424 crstin-

615 2468 724 2537 guit
746 2468 930 2536 ignem,
949 2466 1022 2517 sic
1043 2465 1361 2532 elecmosyna
1385 2466 1663 2537 exstinguit
1681 2465 1894 2517 crimina
1911 2464 2078 2534 (Eccl.
2095 2464 2197 2531 In).

615 2560 716 2614 llic
740 2558 1076 2612 manifestum
1110 2565 1211 2620 est,
1264 2558 1385 2623 quia
1438 2572 1535 2609 nec
1583 2566 1856 2625 peccatum
1911 2558 2109 2611 desinit
2144 2557 2193 2611 in

618 2654 857 2715 homine,
884 2666 979 2703 nec
1003 2649 1143 2713 fons,
1176 2664 1273 2703 nec
1307 2650 1552 2703 remissio
1582 2620 1765 2705 de'licit
1796 2666 2051 2719 unquam.
2088 2651 2197 2705 Sed

615 2745 819 2799 divism
850 2743 1009 2795 homo
1040 2742 1091 2794 in
1122 2741 1337 2794 sinislra
1373 2752 1426 2795 et
1466 2742 1653 2795 dextra
1682 2758 1696 2804 ;
1736 2742 1849 2808 ipse
1880 2744 1959 2795 sui
1996 2743 2199 2797 arbiter

615 2845 721 2902 est,
752 2845 842 2890 aut
870 2835 1071 2903 perdit,
1105 2842 1195 2885 aut
1228 2835 1461 2886 invenit:
1498 2834 1623 2900 quid
1670 2844 1725 2888 tu
1757 2836 1821 2888 ad
1854 2834 2012 2889 lucc?
2044 2836 2198 2889 times

613 2928 754 2983 {orte
784 2942 848 2981 ne
876 2926 1089 2978 sinistra
1124 2924 1383 2991 superet?
1411 2923 1527 2977 Noli
1557 2925 1727 2978 vereri
1758 2942 1769 2975 :
1803 2925 1917 2993 plus
1948 2925 2115 2988 valet,
2151 2925 2193 2977 si

614 3020 844 3076 voluerit
874 3018 1081 3073 dextra.
1119 3015 1185 3068 Et
1216 3016 1259 3068 si
1294 3015 1507 3070 inimica
1540 3028 1624 3070 est
1652 3016 1871 3070 sinistra
1903 3032 2020 3084 qurc
2048 3016 2197 3070 dam-

616 3120 740 3179 nat,
765 3114 855 3167 sed
879 3112 1048 3166 amica
1081 3120 1163 3165 est
1210 3111 1403 3164 dextra
1445 3128 1563 3176 quze
1594 3111 1781 3163 salvat.
1820 3110 1883 3163 Et
1910 3112 1953 3163 si
1993 3111 2077 3163 illa
2112 3112 2194 3164 itt-

613 3207 819 3273 quinat,
854 3205 1095 3273 protinus
1126 3204 1223 3255 ista
1250 3202 1566 3255 sanctificat.
1602 3200 1839 3254 Validior
1867 3210 1953 3254 est
1979 3216 2113 3270 aqua
2143 3202 2195 3254 in

2300 2010 2424 2077 quia
2456 2011 2713 2077 scriptum
2744 2021 2826 2065 est
2878 2012 2969 2065 tibi
3001 2028 3015 2064 :
3058 2011 3182 2067 Noti
3209 2014 3340 2066 vinci
3365 2030 3398 2066 a
3428 2015 3586 2081 "toto,
3629 2014 3718 2068 sed
3745 2016 3887 2068 vince

2303 2102 2354 2153 in
2380 2100 2509 2153 bono
2534 2102 2724 2155 malum
2750 2103 2924 2169 (Rom.
2951 2105 3067 2168 xu).
3104 2105 3322 2158 Molesta
3356 2105 3447 2159 tibi
3468 2115 3550 2160 est
3570 2106 3807 2165 sinislra.
3831 2115 3888 2160 et

2303 2195 2495 2258 qumrit
2527 2204 2577 2248 te
2618 2195 2867 2249 subdere.
2904 2196 3068 2250 Intrat
3094 2208 3418 2265 opportune,
3452 2208 3609 2253 vexat
3639 2209 3689 2253 te
3726 2200 3887 2253 vehe-

2304 2294 2541 2346 menter,
2565 2285 2765 2339 cullidit
2800 2287 3141 2355 frequenter,
3171 2301 3223 2342 et
3253 2291 3393 2357 capit
3433 2290 3633 2359 jugiter
3662 2307 3677 2352 ;
3708 2306 3875 2358 pravo

2300 2374 2542 2439 pondere
2574 2386 2727 2445 urget
2776 2378 3007 2437 animam
3030 2418 3043 2440 ,
3088 2388 3139 2432 et
3190 2394 3403 2433 morsus
3436 2381 3629 2435 ferales
3658 2382 3842 2450 inﬂigit
3869 2425 3883 2446 ,

2309 2464 2497 2518 dentes
2529 2466 2581 2519 in
2616 2476 2665 2521 te
2695 2468 3146 2536 concupiscentiae
3171 2471 3403 2524 carnalis
3434 2472 3628 2539 inligit,
3662 2475 3886 2528 interna-

2304 2569 2407 2620 que
2449 2555 2614 2608 la'era
2659 2568 2745 2609 tua
2796 2558 3049 2611 vitiorum
3099 2574 3319 2613 suorum
3368 2561 3631 2628 unguibus
3680 2563 3874 2617 sulcat.

2304 2646 2528 2710 Quando
2559 2646 2757 2702 videris
2789 2658 2843 2702 tu
2874 2650 3018 2718 quod
3052 2665 3173 2715 pars
3216 2651 3318 2704 ista
3350 2651 3565 2705 inimica
3590 2656 3887 2708 concrescit

2302 2736 2354 2789 in
2386 2737 2545 2800 malo,
2574 2740 2846 2808 armisque
2875 2741 3161 2795 hostilibus
3192 2742 3386 2809 stipata
3430 2742 3644 2797 sinistra
3695 2749 3887 2814 quaerit

2302 2835 2355 2881 te
2393 2844 2731 2898 expugnare,
2761 2839 3043 2900 castraque
3092 2833 3322 2900 peetoris
3370 2834 3445 2887 tui
3484 2845 3712 2889 conatur
3741 2838 3888 2891 evel-

2301 2917 2452 2983 lere;
2483 2930 2536 2973 tu
2580 2920 2686 2973 noli
2720 2922 2932 2987 terreri,
2966 2922 3061 2976 sed
3101 2924 3213 2977 redi
3256 2923 3308 2976 in
3367 2938 3585 2978 sensum
3632 2936 3801 2990 tuum,
3833 2936 3888 2980 et

2304 3010 2373 3063 ibi
2408 3012 2647 3065 invenies
2675 3012 2978 3083 adjutorem
3011 3014 3200 3069 Deum.
3232 3014 3286 3068 Si
3334 3026 3511 3069 tamen
3543 3016 3691 3069 illum
3728 3018 3887 3071 times

2301 3114 2354 3157 et
2385 3104 2619 3157 futurum
2661 3106 3053 3174 ejusjudicium
3081 3107 3369 3161 reformida
3400 3124 3414 3165 :
3444 3108 3497 3161 in
3526 3109 3629 3164 hoc
3663 3110 3801 3172 loco,
3834 3110 3885 3164 in

2301 3193 2404 3247 isto
2456 3197 2750 3249 certamine
2801 3211 2905 3251 non
2955 3198 3161 3266 ignoret
3202 3202 3450 3264 sinistra,
3483 3201 3579 3254 sed
3612 3204 3747 3255 sciat
3778 3217 3886 3255 ma-

615 3298 804 3352 dextra
833 3310 991 3365 quam
1021 3296 1158 3363 ignis
1180 3294 1234 3346 in
1258 3292 1496 3345 sinistra.
1526 3292 1654 3344 Nam
1681 3291 2054 3345 exuberaverit
2085 3290 2195 3356 illa,
2227 3298 2272 3359 ο
2302 3284 2382 3352 gis
2412 3284 2537 3349 quid
2564 3284 2723 3338 faciat
2757 3285 2979 3341 dextera
3023 3298 3131 3341 tua.
3171 3288 3318 3343 Sciat
3346 3290 3485 3359 quod
3518 3292 3761 3358 ignorat;
3788 3292 3886 3344 ad-

618 3382 922 3443 moxjstius
960 3380 1155 3433 damna
1193 3377 1474 3446 subigitur.
1521 3378 1666 3431 Scito
1722 3378 1896 3444 itaque
1943 3376 2065 3445 quia
2096 3374 2195 3428 etsi

618 3475 834 3528 ﬂamma
866 3482 946 3525 est
975 3470 1155 3523 delicti
1187 3468 1238 3521 in
1263 3483 1509 3537 corpore,
1535 3468 1627 3521 sed
1662 3467 1782 3520 fons
1805 3466 2119 3539 estdivinus
2144 3466 2197 3517 in

618 3567 819 3620 corde:
850 3562 1090 3616 ﬂammas
1141 3562 1377 3614 membra
1433 3560 1758 3621 ministrant,
1801 3560 2001 3611 fontem
2046 3572 2198 3610 mens

618 3656 904 3724 exprimat.
943 3652 1031 3705 Sic
1062 3651 1151 3703 ﬁet
1181 3664 1229 3701 ut
1261 3650 1400 3718 quod
1436 3650 1789 3718 inquinavcrit
1812 3648 2052 3710 sinistra,
2076 3661 2201 3698 san-

618 3750 821 3803 ctilicet
850 3745 1059 3798 dextra.
1093 3740 1323 3795 Sinistra
1352 3741 1601 3794 diurnum
1646 3739 1806 3793 habet
1838 3738 2201 3806 inquinamen-

619 3851 756 3906 tum,
788 3847 841 3892 et
861 3838 1045 3891 dextra
1071 3838 1314 3888 diurnam
1344 3834 1503 3886 habet
1531 3833 1954 3894 absolutionem;
1981 3842 2037 3884 ut
2058 3848 2124 3899 qu
2166 3830 2199 3883 d

619 3932 877 4002 polluitur
907 3930 965 3996 in
985 3928 1226 3990 sinistra,
1259 3926 1567 3994 purilicetur
1596 3926 1644 3977 llt
1669 3925 1869 3977 dextra.
1913 3922 2082 3976 lluuio
2111 3936 2200 3975 sa-

622 4026 777 4092 piens
828 4018 1075 4088 intelligit
1125 4017 1258 4070 bazc.
1310 4015 1439 4069 Esto
1478 4014 1759 4083 providus,
1802 4020 1921 4067 esto
1970 4015 2203 4081 proticus

619 4116 856 4172 sanctis:
883 4112 1132 4182 quoniam
1164 4109 1417 4164 continuo
1440 4116 1694 4161 Venturus
1722 4116 1803 4161 est
1830 4122 2093 4175 supernus
2120 4108 2205 4174 ju-

623 4209 732 4264 dex
777 4207 1046 4261 discutere
1096 4211 1245 4257 actus
1303 4217 1579 4256 servorum
1625 4215 1885 4263 suorum,
1917 4208 1973 4253 et
2004 4201 2205 4252 nudare

625 4310 855 4355 secreta.
894 4296 1104 4352 Sanctis
1135 4294 1405 4363 quomodo
1449 4292 1722 4347 feneratur
1758 4291 2027 4355 coelesus,
2063 4290 2209 4343 venit

624 4402 896 4460 erogatam
926 4389 1204 4457 pecuniam
1246 4388 1463 4455 exigere
1492 4401 1613 4439 cum
1646 4385 1842 4439 usuris.
1880 4385 1942 4438 Et
1965 4398 2083 4452 qua:
2126 4391 2210 4436 est

626 4486 727 4540 ista
771 4481 993 4553 pecunia
1014 4521 1027 4543 ,
1059 4495 1217 4547 quain
1275 4477 1582 4545 evangelica
1632 4476 2019 4533 observantia?
2046 4475 2208 4528 verba

625 4585 754 4629 sunt
787 4574 910 4625 vitm
932 4570 1213 4624 seminata.
1245 4568 1400 4622 Venit
1431 4578 1575 4621 sator
1624 4568 1714 4621 ille
1743 4568 1964 4620 seminis
1993 4566 2074 4618 sui
2100 4564 2211 4618 col-

2303 3387 2450 3431 verte
2476 3377 2764 3447 diligenter
2811 3382 3025 3449 quando
3052 3382 3242 3450 strepit
3279 3384 3494 3437 sinistra
3521 3385 3572 3437 in
3606 3384 3760 3438 malis
3788 3403 3801 3438 :
3832 3386 3889 3439 id

2301 3478 2385 3520 est
2417 3470 2627 3535 quando
2657 3470 2978 3539 multiplicat
3017 3487 3143 3525 caro
3193 3484 3371 3541 partes
3403 3473 3658 3528 adversas
3698 3485 3889 3529 contra

2302 3561 2549 3612 virtutem
2578 3561 2792 3624 animae,
2818 3573 2867 3614 et
2900 3573 3195 3632 exaggerat
3235 3564 3483 3620 crimina.
3525 3566 3641 3619 Stet
3666 3565 3889 3619 dextera

2306 3662 2392 3703 tua
2419 3651 2648 3705 obnoxia
2698 3661 2887 3706 contra
2924 3664 3100 3722 partes
3142 3656 3480 3722 pestilentiae,
3506 3666 3693 3711 contra
3738 3671 3889 3710 arma

2305 3744 2557 3809 hostilia,
2595 3756 2781 3799 contra
2811 3746 3119 3801 effeminata
3159 3748 3305 3812 vitia,
3349 3759 3535 3802 contra
3578 3758 3794 3818 peccata
3836 3758 3889 3803 et

2304 3837 2568 3899 crimina;
2602 3846 2705 3891 stet
2736 3838 2952 3892 dextera
2987 3848 3072 3892 tua
3120 3851 3347 3904 armata,
3388 3840 3440 3893 id
3467 3850 3571 3904 est,
3618 3841 3751 3895 lides
3801 3852 3889 3893 ro-

2308 3927 2483 3985 busta.
2511 3940 2658 3994 spes,
2691 3928 2952 3982 stabilitas
2991 3943 3174 3982 amore
3201 3929 3469 3996 copulata.
3501 3929 3742 3983 Obducat
3768 3944 3889 3985 scu—

2270 4028 2273 4031 '
2309 4026 2418 4068 tum
2455 4016 2599 4081 lidei,
2631 4018 2845 4073 inducat
2878 4020 3095 4073 loricant
3128 4021 3262 4084 Spei,
3295 4021 3513 4087 objiciat
3538 4020 3762 4087 justitiae
3789 4022 3888 4074 ha-

2262 4154 2267 4157 .
2309 4118 2471 4172 stam,
2503 4108 2749 4162 intendat
2795 4111 3054 4165 orationis
3080 4126 3288 4175 arcum,
3332 4112 3503 4181 erigat
3534 4112 3892 4182 eleemosyna

2312 4210 2609 4267 tropaeum;
2640 4212 2694 4254 et
2715 4201 3001 4255 confestim
3025 4218 3127 4255 non
3151 4203 3324 4255 solum
3354 4204 3496 4257 cedit
3524 4218 3619 4270 per
3641 4202 3891 4266 adversa,

2309 4295 2402 4345 sed
2433 4303 2592 4345 etiam
2623 4293 2765 4345 cadit
2796 4294 2946 4346 elisa.
2979 4293 3129 4347 Jacet
3160 4295 3210 4347 itt
3249 4293 3469 4348 vulnere
3498 4304 3553 4348 et
3592 4294 3893 4348 succumbtt

2314 4383 2567 4436 victoriae.
2602 4384 2729 4448 Qua:
2752 4382 3004 4450 diximus,
3034 4384 3330 4437 evidentius
3354 4396 3682 4452 repetamus.
3714 4384 3894 4439 llostt-

2313 4473 2435 4526 liter
2472 4484 2522 4527 te
2546 4476 2841 4528 stimulavit
2867 4478 3036 4530 caro?
3063 4477 3282 4530 strinxit
3324 4478 3595 4542 conditio,
3629 4486 3687 4531 ut
3720 4478 3895 4533 delin-

2313 4581 2505 4633 queres
2528 4570 2551 4620 ’ρ
2575 4570 2848 4636 peccasti?
2874 4570 3064 4623 crebro
3086 4570 3353 4624 offendisti
3379 4571 3401 4623 7
3426 4585 3607 4637 pressa
3630 4579 3713 4624 est
3742 4585 3897 4624 mens

625 4670 793 4739 ligere
830 4668 1050 4727 l'ructus,
1086 4661 1432 4731 pecuniaeque
1474 4676 1583 4715 sum
1629 4660 1847 4730 exigere
1897 4674 2113 4727 pensas.
2150 4659 2205 4712 Si
2236 4674 2288 4733 Ι)
2316 4657 2577 4713 horrore?
2607 4661 2771 4713 tristis
2798 4672 2881 4714 est
2906 4660 3080 4714 anima
3108 4677 3274 4730 usque
3304 4663 3368 4714 ad
3396 4663 3667 4716 mortem?
3691 4664 3897 4730 Super-

626 4759 801 4815 fecisti
833 4757 970 4828 quod
1017 4755 1325 4809 mandatum
1366 4762 1449 4809 est
1473 4794 1488 4817 ,
1524 4753 1619 4807 tibi
1665 4753 1793 4807 dicit
1825 4771 1836 4804 :
1877 4751 2039 4822 Euge,
2074 4768 2213 4807 serve

629 4852 755 4904 bone
777 4858 825 4903 et
850 4847 1032 4912 ﬁdelis,
1049 4847 1169 4917 quia
1191 4862 1340 4915 super
1357 4861 1520 4915 pauca
1544 4844 1683 4913 fuisti
1702 4844 1885 4911 ﬁdelis,
1906 4860 2058 4914 super
2079 4844 2214 4896 mul-

632 4952 683 4993 ta
714 4950 760 4994 te
785 4926 1116 5000 constituant;
1149 4938 1284 4989 intra
1311 4936 1361 4988 in
1390 4935 1634 5004 gaudium
1654 4934 1861 4988 Domini
1889 4937 1963 4989 tui
1993 4936 2205 5004 (Matth.

634 5032 784 5101 xxv).
821 5030 911 5083 Vis
940 5030 1079 5083 scire
1107 5028 1279 5098 qualis
1303 5036 1638 5095 quantusque
1676 5029 1744 5079 sit
1771 5028 1874 5081 ἰειε
1900 5028 1989 5095 qui
2022 5028 2208 5091 venit?

632 5138 725 5190 par
750 5132 832 5175 est
875 5124 1026 5175 trina:
1056 5122 1296 5185 virtutis,
1328 5120 1575 5188 princeps
1613 5129 1696 5173 est
1740 5119 2073 5187 angelorum,
2109 5120 2208 5173 im-

632 5224 848 5283 perator
876 5225 961 5269 est
991 5229 1237 5282 superna:
1269 5214 1496 5277 militiae,
1530 5212 1788 5267 Dominus
1816 5224 1898 5268 est
1925 5216 2211 5280 caelorum,

638 5307 955 5374 gubernator
985 5313 1067 5361 est
1111 5316 1374 5359 tetrarum
1406 5321 1419 5369 ;
1460 5320 1622 5373 super
1652 5306 1910 5359 cherubin
1957 5308 2129 5372 sedet,
2158 5317 2214 5362 et

634 5400 811 5471 abyssi
844 5398 1106 5468 profunda
1157 5399 1399 5452 rimatur.
1442 5399 1541 5465 Qui
1586 5414 1748 5453 carne
1789 5401 2036 5467 vestitus,
2089 5399 2213 5455 fecit

636 5493 847 5558 quidem
905 5492 1270 5547 remissionem
1321 5490 1627 5558 generalem
1672 5492 1724 5543 in
1767 5490 2121 5560 baptismate,
2158 5493 2209 5545 in

636 5602 772 5654 aqua
796 5594 849 5638 et
869 5584 1069 5654 Spiritu
1096 5600 1109 5645 ;
1140 5584 1233 5635 sed
1265 5592 1516 5635 venturus
1541 5592 1624 5635 est
1648 5598 1786 5636 nunc
1813 5584 2033 5654 exigere
2061 5584 2211 5638 debi-

636 5692 745 5730 tum
767 5717 780 5738 ,
810 5675 1064 5752 nonitlud
1094 5673 1231 5742 quod
1256 5675 1401 5743 prius
1432 5675 1673 5737 indulsit,
1694 5675 1787 5729 sed
1817 5676 1957 5745 quod
1990 5686 2108 5745 post
2135 5675 2212 5728 la-

638 5785 851 5822 uacrum
882 5784 1032 5837 aqua:
1061 5769 1129 5823 ab
1162 5784 1484 5839 unoquoque
1513 5780 1843 5824 contractum
1878 5780 1981 5834 est,
2014 5781 2066 5825 et
2103 5784 2211 5823 non

637 5870 717 5913 est
749 5861 1073 5931 ptenitutline
1100 5860 1354 5919 deletum.
1390 5861 1559 5919 [labet
1604 5860 1768 5931 judex
1797 5862 1896 5919 iste
1952 5864 2002 5919 in
2051 5879 2211 5920 manu

2317 4753 2433 4806 ﬂuit
2453 4763 2698 4807 mensura
2740 4755 3022 4807 criminum
3051 4757 3099 4807 in
3118 4755 3635 4820 sinistra,claudicat
3658 4754 3711 4808 in
3732 4755 3901 4809 scien-

2316 4847 2408 4903 tia.
2444 4855 2813 4900 nutatstatera
2839 4856 2944 4911 tua,
2988 4856 3041 4900 et
3061 4848 3281 4902 dextera
3325 4856 3414 4900 tua
3454 4848 3606 4901 lance
3635 4861 3899 4914 suspensa

2315 4948 2480 4991 totum
2510 4938 2717 5006 pondus
2743 4938 2970 5006 divergit
2999 4938 3051 4991 in
3075 4938 3386 4992 sinistram?
3410 4936 3541 4991 Cum
3574 4937 3796 4999 videris,
3816 4936 3902 4989 dic

2315 5031 2379 5081 ad
2406 5030 2633 5083 animant
2670 5041 2811 5083 tuam
2836 5048 2847 5081 :
2871 5030 3084 5095 Anima,
3108 5031 3269 5086 ubies
3287 5031 3310 5083 ?
3330 5030 3456 5100 quid
3480 5040 3665 5084 actura
3683 5045 3743 5084 es
3766 5032 3904 5082 inter

2314 5120 2468 5174 lucc?
2492 5136 2655 5189 quare
2680 5136 2785 5175 non
2809 5120 3086 5174 clamitas?
3114 5121 3315 5175 malum
3342 5119 3493 5174 vides
3520 5120 3827 5183 imminere,
3850 5127 3905 5171 et

2314 5214 2506 5277 taces?
2536 5228 2632 5267 cur
2665 5230 2770 5268 non
2810 5214 3042 5283 vigilas?
3074 5224 3305 5268 mortem
3338 5215 3515 5268 cernis
3565 5212 3904 5270 incumbere.

2317 5314 2371 5359 et
2399 5315 2451 5357 tu
2484 5320 2587 5358 non
2619 5306 2851 5374 aspicis?
2879 5307 2971 5359 ubi
3002 5306 3213 5361 resides
3242 5307 3390 5375 pigra
3414 5305 3436 5357 ?
3460 5304 3551 5358 ubi
3577 5303 3729 5373 jaces
3754 5317 3905 5357 resu-

2319 5399 2499 5466 pinata
2520 5398 2542 5451 ?
2564 5399 2783 5453 dextera
2833 5408 2919 5453 tua
2960 5400 3234 5464 dormitat,
3268 5410 3323 5453 et
3348 5415 3452 5452 non
3485 5399 3628 5451 illam
3659 5396 3904 5451 excitas?

2323 5496 2521 5562 pateris
2549 5504 2606 5546 ιιι
2640 5502 2691 5547 ιε
2718 5495 2895 5547 vincat
2918 5493 3159 5553 sinistra,
3193 5501 3249 5547 et
3270 5492 3575 5561 portionem
3608 5500 3752 5543 tuam
3780 5489 3906 5558 jun-

2320 5602 2413 5657 gas
2435 5604 2554 5641 cum
2584 5588 2868 5655 perituris?
2890 5586 3014 5656 quid
3047 5586 3249 5641 factura
3277 5600 3355 5651 es,
3375 5592 3625 5652 superata
3648 5600 3677 5638 a
3704 5596 3871 5637 carne
3887 5620 3903 5642 ,

2317 5695 2436 5736 cum
2483 5681 2713 5747 cmperis
2744 5694 2864 5733 cum
2914 5679 3031 5748 ipsa
3060 5680 3303 5749 experiri
3343 5678 3604 5747 supplicia
3634 5678 3656 5729 ?
3688 5676 3905 5729 sinistra

2318 5771 2534 5839 satagit,
2555 5780 2606 5823 et
2633 5769 2792 5824 debet
2814 5768 3050 5824 dormire
3076 5769 3337 5824 dextera?
3365 5768 3435 5824 ibi
3461 5768 3614 5837 plena
3642 5773 3727 5820 est
3754 5779 3905 5817 meu-

2318 5877 2460 5929 sura,
2486 5872 2540 5918 et
2581 5861 2668 5919 hic
2698 5860 2855 5918 debet
2909 5861 3142 5919 existere
3174 5860 3384 5918 vacua?
3414 5860 3631 5917 sinistra
3665 5858 3807 5912 valet
3852 5855 3905 5907 in
