4126 6362
198 445 210 455 ,
299 379 310 449 l

301 306 422 388 his

308 554 419 594 non
451 539 620 608 magis
641 538 895 592 minuitur
922 538 993 592 ibi
1018 547 1313 608 peccatum,
1346 547 1400 593 et
1427 540 1513 593 hic
1533 539 1745 594 additur
1769 557 1881 596 me-

307 631 510 685 ritum?
532 645 697 698 quare
725 647 828 685 non
855 631 1098 701 liquescit
1122 632 1374 700 nequitia,
1400 641 1453 686 et
1472 635 1709 702 augescit
1729 635 1884 703 justi-

307 725 384 778 tia
404 725 426 777 Τ
445 724 708 778 Judicium
730 725 822 779 Dei
846 725 995 780 vides
1018 725 1320 790 imminere,
1339 735 1392 779 et
1419 729 1638 796 stupes?
1663 727 1885 784 thronus

311 816 574 886 tremendi
597 816 792 885 judicis
816 817 870 872 in
893 816 1154 872 ﬂammeis
1174 819 1324 872 ardet
1352 819 1484 872 rotis
1511 820 1670 889 (Dan.
1694 822 1804 889 vn),
1830 829 1886 875 ut

309 908 500 964 Daniel
520 911 615 974 ait,
643 920 694 964 et
736 925 840 965 non
867 912 1138 980 trepidas?
1164 912 1360 966 ﬂuvius
1389 915 1556 967 currit
1587 914 1881 980 ﬂammeus,

307 1001 401 1070 qui
430 1001 620 1070 globos
649 1003 982 1057 ﬂammarum
1015 1004 1197 1069 volvit,
1240 1013 1294 1058 et
1321 1013 1374 1057 tu
1405 1006 1577 1060 soluta
1606 1006 1754 1074 jaces
1775 1007 1797 1060 ?
1817 1026 1882 1062 an

308 1094 492 1149 nescis
512 1093 650 1164 quod
675 1094 867 1149 ﬂuvius
893 1097 993 1150 iste
1020 1096 1392 1164 peccatoribus
1418 1109 1680 1164 permeat,
1702 1109 1753 1152 et
1775 1115 1879 1153 non

305 1182 365 1239 In
397 1183 778 1252 paenitentibus
805 1186 1148 1240 murmurat?
1173 1185 1288 1240 Non
1313 1187 1504 1242 audisti
1528 1190 1650 1258 quid
1676 1205 1885 1244 annun-

309 1272 637 1338 tiatlsaias:
673 1274 804 1328 Ecce
834 1276 943 1329 dies
983 1275 1189 1330 Domini
1241 1279 1570 1345 insanabilis,
1604 1283 1734 1334 venit
1778 1284 1884 1336 dies

309 1362 405 1416 ine
441 1372 488 1416 et
517 1364 882 1434 indignationis
924 1384 1110 1434 ponere
1147 1370 1315 1422 orbem
1346 1379 1494 1424 terra:
1524 1372 1811 1438 desertum,
1837 1383 1884 1427 et

309 1465 597 1522 peccatores
625 1447 842 1528 perdere
877 1475 941 1513 ea:
965 1475 1024 1513 eo
1048 1458 1201 1531 (Isai.
1233 1462 1366 1526 x‘tv).
1400 1463 1594 1532 Plange
1633 1474 1716 1517 tua
1768 1480 1884 1519 sce-

309 1546 452 1610 lera;
487 1549 699 1620 corrige
729 1557 779 1604 te
805 1553 1106 1617 confestim,
1130 1563 1184 1608 et
1226 1554 1458 1608 transfer
1494 1565 1544 1611 te
1573 1556 1640 1610 de
1667 1556 1882 1611 sinistra

309 1635 377 1689 ad
400 1636 665 1693 dextram.
701 1641 816 1696 Non
839 1653 920 1697 est
949 1645 1279 1714 ambiguum,
1313 1635 1497 1715 aperte
1543 1650 1722 1703 sonuit
1761 1650 1882 1716 quia

308 1725 452 1781 Deus
493 1740 799 1797 peccatores
829 1735 1169 1788 exterminat.
1205 1737 1523 1792 Peecatores
1550 1739 1697 1793 dixi:
1731 1748 1803 1803 tu,
1837 1741 1881 1795 si

1627 332 1905 390 HOMILIA
1942 332 2159 389 SECUN
2168 335 2274 389 DA.

299 433 474 514 'vitiis,
507 462 601 504 cur
617 462 721 504 non
753 447 919 518 magis
948 447 1167 503 dextera
1199 449 1251 503 in
1282 436 1562 503 virtutibus
1589 449 1766 519 viget?
1789 465 1882 504 cur
1912 450 1958 512 Α
1987 449 2126 503 circa
2153 448 2326 503 femur
2350 457 2516 514 tuum,
2543 433 3078 518 potentissime.Quis
3100 461 3183 506 est
3202 451 3300 506 iste
3320 451 3566 522 gladius?

3465 342 3568 396 114

1989 538 2106 606 Ipse
2133 538 2296 604 dicit,
2319 540 2482 609 specie
2509 550 2596 592 tua
2624 549 2671 593 et
2697 540 3074 610 pulchritudine
3102 552 3206 595 tua.
3245 542 3310 596 Et
3336 559 3454 612 qua:
3477 553 3568 600 est

1988 632 2087 685 ista
2110 632 2334 699 species,
2366 647 2522 700 quam
2556 632 2724 686 virtus
2753 632 2946 692 animi.
2978 641 3031 686 et
3060 634 3110 686 in
3143 648 3228 700 ea,
3254 635 3410 703 plena
3449 649 3561 703 pte-

1989 723 2217 776 nitudo?
2247 738 2431 791 quteve
2460 734 2542 777 est
2570 723 2927 792 pulchritudo,
2961 740 3121 795 quam
3155 727 3408 798 lacrymae
3433 743 3564 783 ocu‘

1989 814 2183 875 lorum,
2211 825 2262 867 et
2285 814 2501 884 largitas
2537 815 2928 884 eleemosinm?
2960 817 3022 871 Et
3054 819 3179 886 quid
3208 819 3440 875 deinde?
3471 818 3567 874 In»

1990 909 2154 973 tende,
2189 907 2377 976 inquit,
2429 925 2668 977 prospere
2691 911 2903 977 procede
2931 922 2976 964 et
3007 927 3186 982 regna.
3216 914 3412 981 Aperta
3439 928 3563 968 sen-

1991 1001 2154 1054 tentia
2180 1012 2279 1053 est.
2313 1000 2548 1062 Intende,
2582 1012 2848 1068 peccator,
2870 1005 2990 1070 quia
3013 1005 3240 1072 peccasti
3266 1021 3279 1068 ;
3303 1023 3559 1076 prospere,

1988 1092 2110 1162 quia
2139 1094 2428 1160 pmnituisﬁ
2457 1110 2470 1156 ;
2507 1096 2719 1159 procede
2749 1104 2793 1147 et
2827 1113 3000 1165 regna,
3034 1096 3156 1166 quia
3199 1097 3560 1167 trittntphasti.

1989 1182 2216 1238 Procede
2259 1184 2617 1250 confidenter,
2648 1187 2768 1254 quia
2804 1188 3018 1256 plorasti
3053 1182 3146 1255 pro
3193 1203 3446 1259 peccato;
3486 1192 3564 1244 vi-

1987 1276 2108 1329 cisti
2164 1285 2365 1330 reatum
2407 1286 2461 1330 ut
2509 1279 2815 1345 pervenires
2862 1281 2927 1333 ad
2976 1298 3229 1352 regnum,
3257 1285 3474 1350 procede
3517 1295 3564 1337 et

1987 1384 2165 1438 regna.
2197 1367 2396 1438 Plange
2422 1369 2526 1435 hic,
2562 1379 2620 1424 ut
2651 1371 2870 1436 plaudas
2899 1374 3049 1428 alibi.
3087 1375 3332 1443 Procede,
3367 1379 3560 1446 inquit,

1987 1470 2035 1514 et
2064 1476 2242 1528 regna.
2289 1463 2512 1530 Propter
2538 1464 2705 1532 quid?
2729 1476 2936 1534 propter
2964 1471 3221 1523 veritatem
3249 1483 3294 1524 et
3331 1489 3565 1526 mansue-

1988 1550 2212 1612 tudinem
2238 1559 2282 1604 et
2306 1553 2580 1621 justitiam.
2605 1555 2827 1619 Quando
2856 1559 3073 1613 sinistra
3099 1559 3261 1616 infert
3289 1572 3342 1617 et
3373 1564 3565 1632 ingerit
3588 1629 3600 1642 .

1989 1643 2084 1696 tibi
2115 1644 2408 1700 candentes
2428 1643 2673 1704 stimulos
2695 1651 2953 1715 avaritim,
2976 1652 3220 1720 luxuriae,
3246 1659 3565 1725 arrogantiae

1990 1735 2076 1788 vel
2111 1735 2342 1792 libidinis
2363 1780 2377 1803 ,
2410 1750 2489 1793 sla
2522 1752 2709 1796 contra
2750 1742 3020 1797 sinistram
3065 1754 3229 1811 tuam,
3262 1750 3564 1804 succinctus

308 1820 676 1886 manentia".
707 1824 902 1892 egeris,
922 1826 1032 1893 jam
1061 1842 1164 1880 non
1201 1836 1252 1881 ιε
1284 1829 1477 1895 perdit,
1506 1830 1598 1882 sed
1633 1830 1881 1899 protegit,
1918 1830 1964 1887 Β
1991 1827 2236 1895 veritate,
2269 1842 2506 1885 armatus
2538 1835 2968 1902 mansuetudine,
2992 1846 3213 1890 ornatus
3239 1839 3460 1907 iustitia,
3511 1852 3568 1897 et

306 1911 369 1966 Si
399 1925 751 1984 compunctus
780 1915 943 1971 fueris
968 1933 998 1972 a
1027 1921 1280 1988 peccatis,
1301 1920 1416 1989 jam
1442 1937 1547 1975 non
1579 1931 1628 1976 te
1649 1922 1886 1976 damnat.

307 2005 499 2060 Minaci
525 2007 742 2076 quidem
768 2024 901 2064 voce
927 2019 982 2064 et
1007 2011 1228 2066 terribili
1263 2013 1384 2066 tuba
1431 2015 1746 2069 testificatur
1773 2031 1888 2086 pro-

309 2097 508 2164 pheta,
557 2098 777 2153 dicens:
812 2098 944 2154 Ecce
990 2102 1098 2156 dies
1154 2103 1363 2157 Domini
1409 2106 1707 2161 insanabilis
1752 2109 1886 2161 venit

307 2166 497 2270 po‘tere.
522 2189 688 2242 orbem
721 2200 868 2243 terra:
901 2193 1174 2256 desertum,
1211 2203 1256 2246 et
1278 2206 1564 2262 peccatores
1589 2198 1795 2268 perdere
1825 2215 1888 2253 ea:

303 2294 388 2330 eo.
424 2277 614 2332 Verum
652 2295 756 2334 non
792 2280 911 2335 ideo
959 2283 1098 2338 Deus
1148 2285 1382 2339 minatur
1423 2296 1479 2340 ut
1519 2290 1740 2356 perdat,
1787 2291 1881 2345 sed

307 2370 626 2424 testificatur
649 2381 705 2424 ut
727 2373 979 2441 corrigat,
1010 2374 1248 2444 increpat
1280 2387 1336 2430 ut
1365 2387 1674 2448 componat,
1700 2381 1884 2449 objur-

301 2470 396 2532 gat
433 2471 492 2516 ιιι
534 2465 763 2533 eripiat:
795 2466 1054 2537 insurgit,
1088 2483 1193 2522 non
1235 2471 1554 2540 perimentis
1586 2486 1759 2540 metu,
1791 2478 1882 2532 sed

303 2554 612 2610 miserantis
660 2556 875 2611 affectu.
910 2559 1175 2615 Cmterum
1219 2563 1264 2615 si
1315 2566 1577 2631 percutiat
1617 2567 1800 2623 urbem
1833 2579 1885 2624 ct

307 2643 502 2712 perdat
523 2658 852 2715 peccatores,
887 2648 1227 2720 ubi-pepulus
1249 2653 1458 2724 integer
1481 2671 1638 2726 quem
1668 2661 1767 2714 sibi
1795 2677 1884 2718 ac-

307 2735 526 2802 quisivit
551 2739 810 2806 sanguine
840 2751 1044 2804 suo,_et
1078 2743 1325 2810 passione
1353 2748 1620 2802 redemit?
1644 2750 1749 2804 Sed
1795 2752 1881 2805 di-

304 2826 385 2880 cis
414 2843 427 2878 :
457 2825 690 2883 Ostende
717 2814 878 2896 milti,
924 2848 1140 2899 quaeso,
1179 2851 1284 2905 quo
1317 2846 1503 2894 tenore
1544 2855 1758 2909 possum
1789 2860 1884 2898 ex-

305 2934 533 2974 onerare
563 2921 866 2988 sinistram,
909 2933 963 2977 et
989 2927 1263 2982 cumulare
1306 2929 1570 2986 dextram.
1603 2934 1712 2990 lloc
1739 2937 1880 3005 quod

306 3007 606 3080 interrogas
638 3027 742 3066 non
798 3022 881 3067 est
907 3015 1257 3084 incognitum.
1290 3018 1535 3088 Nunquid
1569 3025 1693 3078 latet
1721 3042 1877 3095 aspc-

305 3109 450 3153 ctum
479 3109 650 3170 tuum,
677 3113 769 3156 aut
794 3117 882 3157 ars
907 3113 990 3158 est
1016 3120 1172 3174 quam
1199 3109 1410 3163 nescis?
1433 3111 1516 3166 tibi
1537 3113 1733 3170 videris
1753 3120 1874 3187 quia

1991 1932 2110 1971 cum
2133 1919 2321 1973 viceris
2343 1923 2638 1988 sinistram,
2666 1934 2788 1979 tunc
2813 1927 2988 1980 educet
3012 1938 3058 1980 te
3080 1929 3376 1984 mirabiliter
3398 1933 3568 1986 dexte-

1991 2021 2050 2058 ra
2081 2016 2184 2059 tua.
2210 2009 2360 2064 Tunc
2392 2012 2557 2067 vincit
2585 2014 2771 2068 dextra
2805 2026 2857 2070 et
2879 2017 2998 2071 silet
3019 2018 3257 2085 sinistra,
3291 2037 3410 2075 cum
3435 2022 3570 2092 fugit

1990 2097 2272 2167 impietas,
2304 2111 2360 2155 et
2399 2101 2553 2158 ﬂoret
2587 2105 2819 2160 rediviva
2850 2110 3051 2176 pietas;
3085 2111 3282 2166 cadunt
3309 2114 3565 2181 crimina,

1989 2195 2046 2242 et
2072 2201 2322 2245 crescunt
2352 2195 2568 2249 merita.
2609 2196 2878 2266 Quidquid
2911 2200 3106 2255 malum
3139 2203 3324 2258 minuit
3354 2207 3403 2258 in
3430 2207 3567 2260 sini-

1989 2288 2120 2345 stra,
2155 2284 2401 2337 meritum
2434 2288 2672 2355 augescit
2698 2287 2750 2341 in
2781 2288 2988 2342 dextra.
3021 2292 3110 2345 Sic
3141 2305 3192 2346 te
3220 2307 3411 2363 agente.
3432 2339 3446 2361 ,
3481 2298 3568 2350 de-

1989 2373 2139 2426 ducet
2169 2384 2216 2427 te
2245 2375 2546 2429 mirabiliter
2567 2378 2771 2431 dextera
2795 2389 2904 2445 tua,
2928 2381 3078 2448 juxta
3106 2384 3326 2438 verbum
3353 2385 3566 2440 Davidi—

1986 2479 2129 2519 cum.
2178 2465 2395 2522 Subduc
2441 2469 2647 2536 pondus
2690 2485 2755 2524 ex
2806 2471 3032 2526 adverso
3091 2475 3297 2542 latere,
3347 2493 3564 2534 remove

1987 2559 2166 2628 plagas
2195 2559 2261 2614 de
2289 2543 2527 2631 sinistra,
2562 2565 2696 2618 ut'itt
2733 2565 2818 2620 die
2840 2566 3028 2635 judicii
3055 2569 3284 2624 deducat
3321 2582 3374 2627 te
3402 2576 3564 2627 mira-

1986 2649 2164 2706 biliter
2190 2652 2409 2708 dextera
2450 2664 2558 2708 tua.
2591 2655 2755 2724 Imple
2805 2672 3110 2713 mensuram
3138 2662 3398 2729 justitize;
3430 2680 3564 2732 quo-

1985 2743 2446 2808 modo?orando,
2497 2746 2786 2815 vigilando,
2839 2750 3216 2820 lacrymaudo,
3263 2757 3562 2825 erogando,

1948 2821 2273 2902 'jejuuando
2302 2855 2313 2888 :
2349 2839 2474 2904 quin
2501 2842 2660 2891 etiam
2695 2841 3040 2908 parciutoniis
3075 2821 3566 2919 pulsandoIncgli-

1984 2927 2158 2994 gendo
2196 2926 2436 2995 delicias,
2475 2939 2528 2983 et
2576 2933 2864 2986 nutriendo
2893 2933 3266 3002 disciplinam;
3314 2938 3565 3010 fugiendo

1983 3018 2202 3088 festivas
2227 3021 2416 3089 dapes,
2451 3032 2504 3076 et
2535 3023 2891 3094 frugalitatem
2946 3028 3200 3095 ferendo;
3246 3032 3563 3100 deponendo

1987 3109 2386 3178 pinguedinem,
2419 3122 2472 3166 et
2498 3112 2768 3183 diligendo
2809 3117 3088 3184 pallorem.
3131 3121 3353 3187 Quando
3393 3135 3560 3180 statuo

303 3195 609 3252 dominatur
646 3200 738 3266 tibi
767 3201 854 3257 lex
891 3206 1124 3272 peccati,
1174 3207 1437 3276 imperant
1475 3212 1628 3278 vitia,
1667 3217 1877 3274 crelre-

1992 3211 2096 3254 tam
2125 3217 2346 3257 exerces
2373 3205 2645 3270 virtutem,
2677 3209 2910 3262 exsultat
2939 3210 3153 3266 dextera
3203 3223 3288 3268 tua
3308 3255 3322 3280 ,
3351 3226 3412 3270 et,
3434 3217 3562 3272 latet

305 3296 465 3342 scunt
488 3291 733 3356 crimina,
776 3296 953 3349 omnis
987 3297 1193 3351 sarcina
1236 3299 1469 3355 declinat
1498 3303 1547 3354 in
1583 3304 1721 3359 latus
1752 3308 1882 3362 siui-

221 3392 224 3393 '
305 3387 473 3432 strum
497 3420 513 3446 ,
543 3382 650 3436 noli
678 3383 872 3440 cedere
887 3394 1044 3455 atque
1066 3389 1362 3457 quiescere,
1381 3392 1473 3446 sed
1504 3394 1660 3449 incita
1688 3409 1881 3453 temet-

301 3471 478 3539 ipsum
503 3489 517 3536 ;
550 3488 768 3530 recurre
790 3477 856 3532 ad
887 3493 1034 3533 arma
1057 3485 1347 3549 contraria,
1377 3493 1430 3538 et
1459 3489 1722 3559 prtcciuge
1751 3501 1801 3546 te
1829 3495 1881 3547 in

303 3563 495 3619 dextra
521 3576 632 3632 tua,
661 3568 887 3636 implens
916 3571 1042 3626 illud
1076 3574 1216 3642 quod
1246 3577 1440 3629 cecinit
1470 3578 1631 3633 David
1665 3585 1880 3648 psa‘trni-

301 3666 384 3710 sta
399 3675 418 3721 _:
441 3658 734 3730 Accingere,
766 3661 954 3730 inquit,
977 3664 1150 3733 gladio
1169 3676 1277 3730 tuo,
1306 3683 1463 3736 quem
1493 3670 1874 3742 vicitsiniSIra,

301 3763 462 3816 quem
493 3753 763 3820 superavit
785 3755 1034 3823 segnitia,
1066 3772 1222 3826 quem
1260 3769 1452 3813 stravt
1492 3765 1757 3831 nequitia;
1786 3783 1876 3819 ac-

300 3841 503 3910 cingere
530 3843 703 3913 gladio
729 3854 814 3898 tuo
847 3847 980 3900 circa
1026 3851 1213 3918 femur,
1245 3853 1607 3919 potentissime.
1656 3855 1874 3922 Qualem

299 3929 573 3998 gladium?
592 3937 758 4002 sp'ecie
784 3947 872 3988 tua
902 3949 947 3990 et
979 3939 1362 4005 pulchritudine
1389 3951 1495 3995 tua.
1523 3944 1638 3997 Tibi
1672 3946 1772 4021 hoc
1799 3947 1869 3999 tli-
1911 3960 1914 3964 '

299 4019 395 4086 cit,
424 4023 511 4090 qui
537 4025 851 4081 criminibus
886 4029 1066 4094 cedis;
1099 4030 1165 4084 ad
1200 4041 1250 4086 te
1300 4033 1552 4102 loquitur,
1583 4037 1668 4104 qui
1701 4019 1871 4091 crimi-

297 4112 459 4168 nibus
490 4115 755 4171 vinceris!
791 4117 866 4172 Te
892 4132 1195 4176 commonet
1229 4133 1282 4176 et
1320 4126 1658 4196 compungit,
1691 4143 1876 4195 pecca-

297 4207 422 4259 tor!
457 4207 584 4262 vicit
624 4220 675 4264 te
723 4225 844 4279 pars
888 4213 1134 4278 sinistra,
1171 4215 1427 4284 percipiet
1475 4231 1526 4270 te
1572 4221 1622 4270 in
1679 4224 1874 4275 factum

296 4308 470 4355 tuum.
501 4301 654 4357 Plora
684 4316 1059 4372 compunctus,
1094 4318 1146 4359 ut
1177 4309 1349 4375 possis
1379 4311 1616 4377 recipere
1637 4311 1872 4378 speciem
1923 4365 1927 4371 .

294 4388 474 4444 cordis
521 4392 629 4456 tui,
659 4402 709 4446 et
764 4395 1214 4462 pulchritudinem
1266 4400 1530 4465 corporis.
1580 4402 1715 4468 Quid
1765 4405 1875 4473 vult

291 4479 454 4534 esse?
477 4482 667 4536 errasti
696 4483 745 4536 in
777 4484 1013 4538 lumbis?
1043 4486 1310 4542 offendisti
1349 4490 1402 4544 in
1435 4491 1672 4549 femore?
1705 4498 1871 4550 mani-

1985 3292 2231 3346 sitttistra:
2263 3293 2545 3350 deficiente
2567 3300 2708 3352 enim
2739 3303 2992 3370 nequitia:
3017 3305 3224 3360 sarcina
3250 3309 3557 3375 insinistra,

1981 3386 2336 3441 sanctificatio
2385 3387 2618 3444 dextere
2667 3398 2772 3445 tute
2819 3396 3224 3463 prteponderat,
3258 3408 3314 3454 et
3354 3402 3464 3469 ipsa
3510 3414 3560 3458 te

1982 3477 2210 3532 deducet
2240 3480 2558 3547 mirabiliter
2585 3483 2638 3536 itt
2669 3485 2918 3540 salutem.
2954 3488 3131 3552 Unde,
3165 3489 3329 3546 frater
3354 3493 3559 3548 citaris-
3633 3483 3635 3485 ’

1981 3568 2138 3632 sime,
2173 3585 2277 3622 non
2308 3571 2522 3625 ttediutn
2557 3587 2803 3644 superet,
2838 3593 2940 3630 non
2992 3580 3255 3636 subducat
3302 3583 3506 3655 ignavia
3540 3603 3553 3650 ;

1982 3676 2088 3714 non
2130 3661 2270 3717 inter
2316 3679 2464 3732 spem
2497 3675 2551 3719 et
2581 3677 2780 3722 metum
2812 3669 3034 3725 alternis
3063 3676 3295 3730 motibus
3325 3691 3560 3734 aestuan-

1983 3757 2088 3804 tem
2120 3749 2424 3820 despcratio
2451 3754 2634 3823 frigida
2666 3758 2968 3825 perfundat,
3005 3764 3099 3818 sed
3153 3767 3320 3836 magis
3361 3783 3555 3824 conca-

1981 3841 2147 3895 lesrat
2170 3858 2263 3897 cor
2287 3853 2432 3897 tuum
2460 3845 2587 3900 dum
2616 3847 2850 3918 dubitas,
2882 3839 3083 3906 ferv‘eat
3108 3837 3472 3933 spiritus-tutis
3501 3860 3552 3914 in

1982 3942 2034 3987 te
2050 3949 2170 3987 eum
2199 3951 2397 4002 anceps
2414 3937 2553 3991 inter
2573 3949 2862 4030 utrumque
2883 3943 3112 4010 laboras,
3139 3947 3191 4001 id
3215 3958 3317 4014 est,
3342 3959 3399 4004 ut
3417 3953 3554 4006 inter

1979 4041 2124 4095 spem
2155 4038 2209 4082 et
2251 4038 2448 4083 metum
2491 4032 2837 4104 meditatione
2894 4048 2980 4092 tua
3029 4041 3346 4096 exardescat
3393 4045 3550 4113 ignis.

1983 4118 2143 4190 Erige
2174 4131 2224 4176 te
2247 4122 2296 4175 itt
2323 4123 2500 4178 calore
2527 4125 2706 4180 cordis
2728 4129 2824 4194 tui,
2847 4137 2921 4193 et,
2943 4129 2996 4184 in
3027 4132 3143 4186 zelo
3171 4135 3406 4209 pectoris
3426 4152 3556 4191 cou-

1980 4213 2201 4277 citatus,
2231 4215 2453 4268 abutere
2482 4215 2700 4270 dextera
2726 4227 2840 4282 ttta,
2879 4228 2932 4273 et
2973 4222 3228 4277 tumulare
3258 4225 3550 4295 sinistram,

1978 4303 2166 4359 dcens
2196 4307 2244 4360 ei
2279 4325 2292 4358 :
2326 4307 2460 4372 Quid
2491 4308 2621 4362 mihi
2665 4321 2718 4364 et
2764 4310 2857 4365 tibi
2895 4321 2996 4378 est,
3034 4315 3295 4395 sinistra?
3333 4318 3549 4380 desine.

1979 4409 2155 4460 cessa,
2185 4397 2671 4467 conquiescegnoli
2702 4402 2829 4457 mibi
2861 4405 3086 4460 suadere
3118 4417 3173 4461 ut
3199 4422 3407 4474 errem;
3442 4414 3550 4466 noli

1979 4502 2064 4542 me
2091 4487 2340 4554 subdere,
2368 4499 2425 4544 ut
2465 4491 2751 4547 offendam.
2798 4494 2904 4549 Cur
2934 4497 3264 4567 implicatum
3297 4509 3467 4570 tenes,
3498 4516 3554 4558 et

289 4567 487 4624 festum
515 4581 597 4625 est
624 4573 746 4642 quia
778 4575 862 4628 ubi
892 4576 1123 4643 lumbus,
1151 4579 1221 4633 ibi
1254 4579 1434 4646 libido,
1479 4595 1533 4639 et
1560 4587 1645 4640 ubi
1673 4587 1866 4654 femur,
1901 4566 1947 4624 Ι)
1975 4595 2080 4633 non
2114 4585 2375 4648 permittis
2399 4585 2643 4640 exsolvi?
2667 4587 2774 4641 noli
2802 4604 2887 4644 me
2908 4605 3101 4659 capere
3120 4595 3400 4662 saporibus
3424 4598 3549 4661 luis.

290 4660 364 4714 ibi
392 4661 691 4719 fornicatio.
713 4667 848 4733 Quid
879 4670 1277 4737 etgo‘lfmdasti
1306 4673 1477 4728 femur
1498 4684 1645 4730 tuum
1672 4681 1870 4733 earnali

288 4753 558 4809 libidine?
589 4759 818 4811 reforma
859 4760 985 4814 illud
1020 4761 1420 4830 pulchritudine
1451 4767 1701 4834 spiritali.
1745 4768 1868 4824 Slu-

285 4847 454 4917 prasti
483 4849 694 4903 lumbos
716 4861 834 4905 tuos
863 4853 914 4905 in
943 4854 1333 4911 fornicatione?
1356 4860 1460 4912 noli
1482 4859 1746 4927 difﬁdere,
1771 4864 1863 4917 sed

285 4949 508 4996 exstrue
533 4943 727 4997 bellum
755 4955 939 5000 contra
963 4948 1235 5003 sinistram
1266 4963 1316 5004 et
1338 4964 1523 5006 contra
1547 4969 1863 5024 corporeum

287 5045 585 5101 peccatum,
616 5048 802 5094 contra
840 5053 1081 5109 stuprum
1104 5043 1189 5097 vel
1217 5045 1558 5101 adulterium.
1594 5049 1786 5104 Femur
1809 5061 1860 5106 te

282 5122 539 5179 fmdavit?
561 5127 733 5182 fetnur
766 5141 815 5183 te
846 5132 1098 5186 reformet
1135 5143 1294 5202 atque
1338 5149 1639 5205 rccuperet.
1670 5140 1862 5195 Accin-

280 5227 432 5282 gere,
480 5217 679 5288 inquit,
709 5221 884 5290 gladio
931 5223 1071 5277 circa
1105 5223 1312 5290 femur,
1358 5229 1747 5297 potentissime.
1785 5233 1860 5288 Te

280 5308 506 5377 corripit
551 5326 730 5365 sermo
783 5314 1146 5383 propheticus,
1203 5319 1323 5386 quia
1375 5325 1631 5388 peccasti.
1692 5324 1860 5379 FuiSti

279 5397 533 5466 profusus
580 5403 630 5455 itt
663 5401 921 5458 libidine?
954 5413 1069 5460 esto
1099 5411 1502 5476 potentissimus
1551 5415 1602 5468 in
1643 5415 1856 5470 virtute.

277 5489 502 5543 Laxasti
531 5493 768 5546 membra
800 5502 884 5546 tua
917 5496 966 5547 in
1005 5495 1207 5550 luxuria
1232 5499 1253 5552 ?
1283 5503 1547 5571 restringe
1578 5507 1858 5560 vivacitate

277 5595 497 5634 armoru
524 5601 576 5637 ιι.
622 5587 781 5637 Arma
817 5584 1024 5638 lumbos
1052 5590 1228 5642 cordis
1259 5594 1354 5658 tui,
1384 5609 1516 5648 orna
1547 5596 1720 5651 femur
1745 5599 1858 5651 ani-

278 5687 380 5724 tnze
403 5681 528 5736 tum,
553 5663 606 5726 ut
635 5678 878 5742 corporei
905 5678 1122 5733 femoris
1145 5683 1355 5736 eximas
1380 5687 1560 5740 fmdita
1587 5703 1696 5753 em,
1715 5690 1859 5744 evel-

280 5761 467 5832 lasque
491 5765 554 5820 de
581 5768 993 5827 visceribustuis
1018 5773 1220 5844 plagas.
1245 5776 1538 5849 Accingere
1564 5781 1742 5850 gladio
1769 5791 1857 5838 tuo

1976 4673 2064 4739 qui
2121 4674 2270 4730 brevi
2317 4685 2557 4745 tempore
2608 4679 2792 4735 dulces
2835 4695 2898 4737 et.
2943 4688 3279 4753 postmodum
3337 4704 3551 4760 semper

1974 4769 2140 4822 amari
2170 4788 2180 4822 :
2219 4768 2352 4823 tales
2382 4783 2505 4826 sunt
2543 4787 2770 4842 sapores
2802 4776 2910 4844 tui,
2941 4779 3115 4846 qualia
3167 4781 3547 4837 dormientium

1972 4861 2200 4914 somnia.
2233 4861 2579 4916 Suri-exerunt
2606 4881 2633 4918 e
2663 4883 2867 4934 somno,
2891 4878 2940 4920 et
2967 4871 3111 4923 obliti
3131 4882 3245 4925 sunt
3274 4890 3386 4940 qua:
3413 4876 3546 4929 vide-

1969 4967 2125 5024 runt;
2158 4959 2236 5011 sic.
2267 4969 2387 5012 tuus
2412 4975 2604 5029 sapor,
2655 4962 2732 5015 sic
2775 4971 2860 5016 tua
2897 4963 3184 5021 delectatio
3217 4981 3230 5018 :
3265 4967 3314 5020 in
3339 4968 3549 5022 delictis

1974 5065 2159 5117 parum
2191 5051 2395 5119 inuogit
2449 5052 2654 5117 fauces,
2693 5068 2744 5106 et
2792 5057 3130 5121 postmodum
3170 5058 3272 5112 urit
3314 5061 3545 5114 animam

1970 5140 2258 5196 delectatio
2282 5152 2388 5195 tua.
2419 5145 2462 5197 0
2483 5147 2694 5199 sinistra
2723 5149 2736 5199 !
2761 5147 2975 5202 dolores
3009 5149 3137 5205 facis
3161 5152 3418 5220 prolixos,
3445 5157 3543 5208 nisi

1967 5234 2132 5288 fueris
2165 5249 2429 5301 repressa,
2460 5236 2616 5290 (ltilce
2659 5249 2804 5292 tuum
2837 5242 2893 5294 fit
2940 5255 3224 5307 amarum;
3247 5246 3394 5300 favus
3425 5258 3544 5300 tuus

1969 5325 2022 5378 in
2050 5325 2117 5379 fel
2163 5331 2513 5383 convertitur.
2558 5333 2637 5384 Att
2681 5346 2784 5384 non
2829 5333 3025 5386 audisti
3079 5338 3398 5392 sententiam
3445 5337 3545 5391 Sa-

1970 5415 2198 5471 lomonis
2226 5461 2238 5482 ,
2273 5422 2360 5487 qtti
2402 5421 2532 5474 dixit
2567 5441 2580 5474 :
2627 5422 2742 5476 Vias
2780 5440 2893 5489 qum
2935 5443 2966 5478 a
3008 5429 3202 5482 dextris
3238 5440 3356 5483 sunt
3405 5432 3543 5482 novit

1972 5510 2252 5574 Dominus;
2303 5531 2547 5583 pervenre
2609 5528 2779 5569 autem
2854 5531 2973 5572 sunt
3035 5539 3148 5592 qua?
3214 5540 3247 5576 a
3323 5523 3542 5576 sinistris

1969 5599 2157 5664 (Prov.
2191 5618 2264 5667 tv,
2296 5606 2423 5672 27)?
2468 5606 2649 5660 Nescis
2694 5616 2744 5662 tu
2794 5611 2912 5678 quia
2951 5624 3168 5680 angns'a
3202 5615 3281 5665 via
3323 5622 3392 5666 est
3427 5630 3544 5680 qua?

1968 5695 2104 5746 ducit
2137 5699 2206 5746 ad
2236 5697 2427 5751 vitam?
2457 5699 2562 5752 Cur
2597 5717 2682 5754 tne
2716 5700 2916 5771 frangis
2946 5713 2998 5755 et
3039 5705 3206 5757 flectis
3242 5705 3306 5758 ad
3346 5707 3543 5758 latam?

1967 5784 2070 5840 (iur
2107 5801 2191 5842 me
2227 5786 2379 5844 ducis
2423 5791 2484 5844 ad
2529 5792 2814 5860 spaliOS'llll
2863 5795 3000 5853 viam
3042 5813 3161 5866 qua)
3203 5798 3328 5852 mihi
3373 5798 3558 5868 aperit.
