4126 6362
606 320 711 375 “5

1572 322 1629 378 S.
1672 322 2035 376 LAUltliNTll
2077 316 2531 378 NOVABIENSIS
2573 321 2876 379 EPISCOPI

3759 338 3866 391 H6

603 430 786 487 fauces
830 430 1019 485 inferni
1040 471 1054 495 ,
1096 432 1151 484 in
1191 431 1386 499 quibus
1441 433 1585 499 picea
1636 433 1849 487 ﬂamma
1900 434 2078 496 ardet,
2124 442 2179 489 et
2207 442 2256 495 Α
2286 448 2375 497 re,
2405 434 2497 488 sed
2522 426 2706 503 'vi'gila.
2736 422 2879 504 opus
2910 445 3056 492 tuum
3082 438 3238 495 dulce
3261 450 3375 506 est,
3406 445 3547 499 actio
3579 455 3667 501 tua
3690 452 3867 506 melli-

604 524 829 592 poenalis
857 524 1028 591 caligo
1059 524 1353 577 exaestuat?
1381 523 1606 577 Sinistra
1638 540 1758 592 pars
1791 533 1879 577 tua
1907 525 2180 593 planctum

605 616 924 683 ingeminat,
974 618 1205 683 provisio
1251 626 1335 669 tua
1389 627 1646 671 tartareas
1696 617 1854 670 habet
1903 617 2175 671 tenebras.

604 706 893 759 Cellarium
943 715 1088 759 tuum
1139 718 1416 773 corruptas
1460 707 1616 761 habet
1655 709 1892 776 species;
1944 707 2179 761 thesauri

604 796 680 849 tui
712 796 927 865 liquidis
956 797 1241 850 ardoribus
1271 798 1409 865 pleni
1440 808 1581 850 sunt.
1617 797 1771 861 Aspis
1801 807 1883 850 est
1924 797 1977 849 in
2019 812 2182 865 opere

605 897 699 939 tuo
722 928 735 949 ,
761 887 1164 956 antiquissimus
1191 888 1280 941 ille
1307 903 1527 955 serpens
1561 888 1727 959 hydra
1747 930 1761 952 ,
1789 888 2181 955 multorumque

604 983 819 1048 spirans
844 997 1195 1037 venenorum.
1226 982 1291 1036 Ut
1322 982 1518 1049 Spargit
1551 993 1754 1051 pestem
1794 989 1984 1035 auctor
2012 981 2180 1035 scele-

606 1088 753 1136 rum,
782 1075 1033 1143 nequitia:
1068 1075 1327 1143 armiger!
1356 1075 1584 1128 Sinistra
1624 1076 1673 1127 in
1713 1084 1861 1142 parte
1891 1085 1996 1137 tua,
2025 1089 2173 1128 scan-

604 1166 724 1220 dala
754 1168 944 1235 qui-bus
979 1168 1175 1221 dictum
1200 1179 1283 1222 est
1309 1187 1322 1221 :
1353 1168 1602 1221 D'scedile
1631 1185 1661 1220 a
1689 1184 1787 1230 me,
1816 1169 2091 1230 maledicti,
2126 1168 2179 1219 in

603 1259 769 1326 ignem
798 1268 1063 1321 wternum,
1095 1276 1243 1328 quem
1275 1260 1576 1325 pra’pararit
1618 1258 1772 1312 Pater
1803 1277 1940 1311 mlius
1976 1259 2179 1311 diabolo

602 1351 873 1420 (liangelis
902 1352 1031 1411 eius.
1081 1350 1220 1417 Ignis
1253 1350 1460 1404 ardebit
1501 1352 1550 1404 in
1593 1364 1739 1418 parte
1778 1362 1888 1413 tua,
1931 1350 2174 1414 diabole,

601 1441 748 1508 aspis
770 1443 1009 1509 antique,
1049 1451 1234 1494 aurtor
1272 1442 1521 1508 nequitia:
1563 1459 1573 1491 :
1616 1441 1708 1493 tibi
1739 1448 2067 1509 prmparatus
2099 1448 2180 1493 est

602 1532 739 1597 ignis
761 1541 815 1585 et
839 1534 1044 1600 angelis
1080 1534 1217 1593 tuis;
1248 1533 1371 1600 quid
1407 1533 1506 1586 hoc
1537 1532 1601 1585 ad
1638 1532 1880 1586 homines
1907 1532 2178 1601 pertinet?

560 1614 565 1619 ’
601 1618 826 1673 Sinistra
871 1631 956 1675 tua
1010 1621 1143 1674 nihil
1186 1622 1345 1675 valet.
1401 1621 1540 1675 Nihil
1572 1621 1712 1674 valet
1756 1635 1880 1689 pars
1924 1620 2174 1686 sinislra;

601 1717 875 1786 corrigunt
908 1732 964 1769 se
995 1718 1237 1769 homines
1266 1732 1293 1769 a
1322 1717 1574 1783 peccatis,
1606 1727 1661 1769 et
1688 1718 1890 1769 vivunt.
1922 1716 2178 1769 Desinunt

2288 526 2390 580 ﬂua
2416 537 2495 580 est
2516 566 2533 591 ,
2562 528 2830 596 vigilantia
2868 538 2952 582 tua
2985 529 3234 588 viviticat.
3270 535 3523 603 Expande
3552 548 3606 593 te
3632 541 3696 595 ad
3740 558 3871 612 pro-

2285 631 2377 671 ces
2404 618 2605 685 pariter
2618 635 2737 673 cum
2760 620 3002 685 sinistra;
3030 622 3175 693 erige
3192 634 3243 679 te
3264 624 3329 679 ad
3354 641 3587 696 superna
3599 631 3861 690 subsidia.

2284 708 2574 763 Commove
2597 724 2760 764 venas
2777 721 2915 777 tuas,
2938 720 2992 766 et
3016 714 3272 783 conquiro
3302 719 3561 785 remedia,
3593 723 3866 783 coulunde

2285 799 2589 866 inimicum,
2621 810 2675 855 et
2714 810 2935 857 contere
2967 807 3166 873 peccati
3205 807 3527 865 ministrum.
3578 813 3866 881 Quomodo

2283 902 2405 941 eum
2424 889 2834 955 confundis,aut
2856 909 2963 961 quo
2992 894 3183 951 itinere
3208 901 3589 967 conteris,'nisi
3617 906 3667 959 in
3694 922 3865 976 opere

2285 978 2413 1044 Dei,
2447 980 2498 1034 in
2527 981 2902 1039 observatione
2930 986 3255 1056 evangelica,
3287 991 3340 1045 in
3371 992 3710 1052 ordinatione
3746 997 3864 1054 dis-

2283 1070 2518 1137 ciplinm,
2552 1072 2602 1126 in
2631 1074 2970 1131 ordinatione
3000 1077 3296 1148 largitatis?
3337 1082 3556 1153 Dextra,
3602 1086 3685 1142 fac
3721 1105 3857 1159 opus

2278 1157 2551 1226 justitize:
2597 1166 2805 1232 respice
2856 1165 3170 1238 famelicos,
3229 1175 3364 1229 vesti
3429 1177 3632 1243 nudos,
3701 1157 3858 1237 visita

2284 1264 2517 1320 aegrotos
2538 1295 2553 1319 ,
2585 1259 2800 1327 suscipe
2829 1265 3176 1334 peregrinos,
3208 1268 3357 1324 solve
3386 1273 3751 1342 compeditos,
3778 1276 3857 1331 lo-

2282 1356 2348 1397 ve
2375 1346 2615 1410 captivos
2637 1388 2651 1413 ,
2688 1353 2972 1408 consolare
3000 1370 3352 1424 compunctus
3386 1380 3397 1412 :
3436 1362 3481 1415 si
3523 1364 3600 1417 sic
3629 1364 3856 1432 feceris,

2282 1436 2464 1489 eruisti
2508 1452 2592 1492 me
2631 1439 2698 1495 de
2740 1456 3006 1511 maerore,
3053 1436 3397 1507 liberasti'de
3438 1456 3755 1524 muscipula.
3806 1461 3854 1515 0

2280 1524 2488 1592 dextra,
2522 1542 2627 1582 non
2660 1530 2844 1586 vides?
2882 1537 3034 1591 stevit
3061 1538 3311 1607 sinistra,
3339 1552 3394 1598 et
3431 1546 3690 1613 supplicia
3727 1563 3859 1603 con-

2280 1618 2450 1684 gerit?
2487 1620 2698 1675 sinistra
2732 1634 2783 1679 te
2814 1628 2997 1695 vincit,
3026 1640 3079 1685 et
3107 1632 3343 1689 dormis!
3376 1651 3600 1707 serpens
3631 1650 3683 1695 te
3713 1656 3856 1697 mor-

2281 1708 2370 1761 det
2393 1748 2409 1772 ,
2433 1718 2488 1763 et
2512 1712 2672 1767 duras
2704 1729 2808 1769 non
2842 1718 2996 1773 vides
3023 1733 3204 1790 partes
3226 1724 3478 1781 adversas
3506 1731 3770 1798 turbatas,
3803 1746 3856 1790 et

601 1808 935 1875 delinquere,
975 1819 1027 1862 et
1069 1819 1254 1861 carent
1289 1808 1592 1871 doloribus;
1628 1808 1934 1861 renuntiant
1974 1807 2088 1869 tibi,
2124 1816 2169 1861 et

2287 1798 2620 1871 insurgentes
2663 1807 2938 1863 turbines?
2988 1816 3129 1867 venti
3170 1815 3375 1883 spirant
3416 1818 3656 1886 adversi,
3709 1838 3859 1879 mare

604 1907 829 1963 regnant
860 1912 979 1949 cum
1019 1898 1263 1959 Christo;
1299 1898 1601 1950 remansisti
1645 1897 1793 1949 solus
1821 1911 1939 1949 cum
1978 1896 2181 1964 angelis

604 1987 738 2040 tuis.
789 1986 1027 2049 Diabole,
1073 1987 1197 2052 quill
1239 1988 1379 2055 regis
1418 1988 1685 2039 sinistram
1739 1987 1983 2055 partem?
2018 1986 2082 2040 ad
2130 1996 2181 2040 te

606 2080 841 2143 corrigo,
864 2078 1081 2129 verbum
1104 2077 1193 2129 tibi
1216 2077 1439 2143 imputo,
1465 2086 1515 2130 te
1535 2081 1768 2146 castigo:
1787 2076 1912 2146 quid
1934 2078 2180 2147 glor‘aris

608 2170 678 2222 de
719 2177 867 2236 parte
906 2168 1159 2222 sinistra?
1217 2168 1428 2221 ﬂamma
1474 2170 1560 2223 illa
1608 2170 1869 2238 gehennae
1907 2170 2028 2231 tibi,
2073 2184 2176 2223 non

606 2261 912 2315 hominibus
947 2261 1163 2329 ﬂagrat;
1200 2262 1391 2315 camini
1427 2264 1640 2316 tartarei
1675 2264 1771 2316 tibi
1802 2273 1928 2317 sunt
1968 2276 2177 2331 prepa-

601 2352 702 2405 rati
730 2362 781 2404 et
803 2354 1003 2419 angelis
1035 2353 1158 2406 tuis.

668 2464 880 2531 Quare?
903 2466 1027 2534 quia
1058 2467 1396 2520 adversarius
1426 2468 1518 2521 Dei
1550 2482 1608 2522 es
1630 2510 1641 2528 ,
1666 2483 1879 2537 semper
1908 2483 2057 2522 erras
2082 2514 2093 2530 ,
2123 2477 2177 2521 rt

598 2570 866 2624 nunquam
890 2557 1175 2620 emendas;
1204 2572 1414 2625 semper
1446 2558 1639 2627 impius
1660 2569 1712 2612 et
1741 2560 2011 2623 seduCIor,
2037 2574 2177 2612 sem-

599 2662 694 2715 per
728 2648 980 2717 prodigus
1006 2659 1062 2702 et
1092 2648 1381 2716 profanus;
1410 2659 1559 2703 atrox
1593 2652 1645 2704 in
1684 2653 1872 2716 malis,
1912 2662 1967 2705 et
2002 2651 2175 2706 inimi-

597 2751 695 2790 cus
724 2738 776 2791 in
803 2738 989 2803 bouis;
1022 2749 1076 2793 et
1103 2739 1227 2808 quia
1259 2756 1527 2806 nunquam
1563 2752 1613 2795 te
1648 2745 1902 2811 poenitet,
1937 2743 2057 2796 ideo
2083 2758 2175 2811 pe-

598 2830 821 2883 riturus.
855 2830 991 2897 Quid
1023 2831 1123 2884 hoc
1151 2832 1217 2884 ad
1250 2832 1521 2887 hominem
1558 2834 1905 2901 ptenitentcm
1930 2876 1945 2898 ,
1976 2850 2174 2905 suaque

597 2930 813 2989 peccata
842 2922 1226 2977 conﬁtentem?
1260 2924 1378 2993 plus
1411 2934 1494 2980 est
1538 2927 1848 2993 pmuitentia
1896 2941 2052 2995 quam
2086 2936 2173 2979 tua

596 3013 920 3080 pestilentia.
956 3014 1080 3068 Plus
1111 3024 1234 3069 sunt
1267 3017 1517 3085 lacrymze
1556 3017 1863 3082 hominum,
1895 3032 2053 3087 quam
2094 3019 2171 3070 tui

596 3103 993 3158 insidiosissimi
1026 3104 1219 3174 laquei.
1258 3105 1499 3173 Amplius
1527 3118 1607 3160 εει
1641 3106 1985 3177 eleemosyna
2013 3122 2170 3176 quam

2283 1890 2510 1962 insurgit
2546 1910 2708 1964 super
2763 1910 2852 1971 te,
2901 1907 3102 1970 peccati
3152 1908 3372 1977 pelagus
3420 1923 3577 1982 urget
3621 1916 3859 1972 animam

2284 1991 2447 2048 tuam,
2469 1987 2696 2063 strident
2724 1991 2774 2043 in
2797 1998 3051 2049 membris
3082 2000 3185 2053 tuis
3213 1998 3546 2070 iuiquitatum
3570 2009 3851 2075 procellaa;

2280 2086 2331 2129 et
2360 2092 2464 2131 non
2497 2079 2746 2138 excitaris
2768 2125 2782 2149 ,
2810 2086 2907 2139 sed
2954 2089 3177 2159 negligis
3203 2093 3215 2145 !
3252 2108 3355 2146 nou
3386 2096 3679 2152 stimularis
3700 2102 3856 2185 ,.sed

2282 2173 2487 2239 torpes!
2522 2174 2744 2228 Dextera
2766 2179 3107 2245 gubernatrix
3135 2223 3150 2245 ,
3181 2194 3260 2237 sta
3295 2186 3345 2239 in
3370 2202 3571 2257 puppe,
3603 2173 3856 2275 etdi'rjge

2282 2276 2489 2329 proram
2524 2282 2535 2317 :
2566 2269 2805 2325 extende
2825 2272 2941 2336 vela
2962 2317 2976 2341 ,
3008 2291 3153 2329 arma
3186 2293 3395 2335 naiem.
3431 2282 3569 2337 Ecce
3614 2269 3856 2349 pericula

2283 2354 2594 2423 imminent,
2626 2375 2752 2416 ecce
2778 2367 2983 2432 scepuli
3015 2378 3139 2422 ante
3165 2380 3253 2437 te,
3294 2387 3423 2427 ecce
3456 2375 3707 2431 horrendi
3733 2395 3854 2434 cau-

2280 2456 2397 2514 tes,
2446 2449 2726 2520 naul’ragia
2772 2455 2823 2508 in
2855 2457 3075 2513 latebris
3104 2461 3336 2527 instant,
3386 2474 3441 2519 et
3478 2483 3583 2520 non
3623 2468 3852 2539 vigilas!

2278 2549 2394 2592 esto
2426 2542 2685 2612 pervigil,
2735 2556 2851 2600 esto
2896 2561 3105 2605 amator
3140 2553 3402 2609 bonorum
3444 2572 3707 2627 operum,
3738 2572 3855 2617 esto

2277 2632 2522 2688 bellatrix
2553 2636 2882 2703 pmnitentiae
2902 2683 2917 2706 ,
2948 2652 2999 2697 te
3028 2644 3172 2699 enim
3201 2647 3579 2718 triumphante,
3610 2655 3733 2707 vivo
3754 2669 3854 2725 ego

2280 2725 2331 2777 in
2359 2725 2554 2780 virtute
2580 2727 2675 2783 Dei
2700 2771 2716 2795 ,
2760 2741 2815 2786 et
2844 2734 3013 2787 evndo
3042 2738 3231 2792 noxias
3260 2748 3471 2807 partes;
3520 2745 3755 2800 extende
3784 2746 3853 2801 ad

2273 2816 2555 2887 justitiam,
2578 2821 2742 2891 imple
2768 2826 3019 2894 pugillum
3046 2837 3190 2883 tuum
3213 2832 3421 2886 caelesti
3444 2835 3652 2891 semine
3677 2854 3689 2887 :
3710 2838 3850 2905 jacta

2276 2924 2459 2966 semen
2509 2914 2864 2985 poenitentiae,
2911 2928 2966 2972 et
3006 2921 3198 2992 collige
3236 2924 3439 2980 fructus
3485 2927 3848 2998 indulgentiae.

2276 3000 2396 3055 Noli
2422 3002 2691 3072 dormire,
2721 3006 2907 3062 dextra
2927 3052 2941 3075 ,
2974 3012 3071 3066 sed
3101 3012 3183 3068 fac
3221 3030 3385 3084 opera
3423 3033 3540 3088 qua:
3562 3035 3590 3072 a
3626 3029 3677 3075 te
3703 3022 3857 3077 Chri-

2276 3101 2389 3145 stus
2412 3104 2706 3163 exspectat.
2728 3097 2963 3153 Emenda
2985 3116 3224 3158 errorem
3253 3122 3454 3173 meum,
3470 3109 3593 3167 dele
3615 3112 3857 3167 dolorem

597 3205 683 3248 tua
713 3196 1136 3264 inquinamenta.
1179 3196 1497 3251 Sollicitudo
1535 3197 1699 3253 solvit
1743 3208 1995 3267 peccata,
2046 3199 2147 3268 vigi

2280 3196 2455 3235 meum
2476 3224 2491 3248 ,
2523 3185 2716 3254 collige
2740 3190 2987 3244 meritum
3015 3195 3155 3262 qnod
3184 3197 3447 3268 dispersi,
3493 3217 3681 3271 repara
3710 3206 3852 3275 quod

599 3285 761 3339 lautia
791 3287 892 3339 vini
915 3287 954 3339 it
977 3288 1292 3355 nequitiam,
1308 3291 1649 3357 compnnctio
1674 3291 1910 3345 eradicat
1929 3291 2171 3347 crimina.

601 3377 821 3433 luimice
851 3379 1084 3444 diabole,
1108 3379 1264 3433 fallax
1284 3421 1299 3445 ,
1331 3381 1459 3451 quid
1492 3381 1647 3451 ﬁngis
1671 3384 1966 3437 terrorem?
1989 3399 2172 3453 parum

599 3477 701 3528 est,
735 3467 876 3535 quod
915 3483 1104 3521 vereor
1132 3467 1303 3529 donec
1329 3478 1616 3523 convertar
1644 3470 1709 3523 ad
1748 3471 2016 3525 Christum
2035 3516 2049 3539 ,
2082 3474 2171 3542 qui

600 3573 683 3608 me
712 3558 953 3611 salvavil.
990 3557 1158 3612 Video
1188 3568 1403 3627 peccata
1436 3576 1585 3625 mea,
1614 3570 1668 3615 et
1697 3576 1859 3629 pauca
1894 3564 2173 3619 considero

598 3651 879 3701 commissa
913 3664 1063 3715 mea;
1102 3661 1155 3705 et
1187 3650 1438 3706 horresco
1468 3653 1639 3706 donec
1667 3664 1950 3709 convertar
1977 3656 2041 3709 ad
2069 3657 2171 3710 Do-

600 3742 825 3791 minum.
852 3739 1005 3793 Stant
1034 3751 1156 3794 ante
1181 3758 1265 3795 me
1296 3742 1531 3797 facinora
1557 3759 1673 3799 mea
1700 3746 1848 3814 quasi
1875 3750 2037 3799 turris
2068 3746 2172 3802 fer-

598 3846 687 3882 rea
716 3846 775 3883 ac
803 3848 984 3886 murus
1009 3849 1183 3888 :ereus
1202 3877 1217 3899 ,
1257 3835 1429 3891 donec
1460 3839 1828 3907 memetipsum
1851 3839 2089 3907 videam,
2119 3851 2172 3896 et

597 3924 766 3976 donec
793 3923 979 3977 sitiens
1004 3927 1304 4004 amplectar
1352 3928 1621 4013 Christum
1661 3931 2004 4001 indulgentia:
2054 3932 2172 3988 l‘on-

602 4025 743 4076 tem,
776 4023 1095 4085 teneantque
1126 4018 1286 4085 pedes
1316 4020 1432 4088 ejus
1465 4020 1709 4089 quidixit
1742 4039 1755 4073 :
1788 4023 1926 4078 Nolo
1958 4041 2170 4081 mortem

598 4110 912 4175 peccatoris,
948 4120 1193 4187 quantum
1224 4122 1478 4166 convertat
1517 4130 1571 4167 se
1597 4132 1628 4167 a
1668 4116 1748 4168 via
1794 4134 1887 4170 sua
1915 4118 2082 4181 mala,
2123 4130 2168 4173 et

594 4202 745 4254 vivat.
774 4201 827 4256 Si
858 4203 958 4256 hoc
988 4202 1190 4267 iecero;
1223 4220 1408 4260 murus
1437 4223 1608 4262 aereus
1648 4220 1920 4263 momento
1950 4212 2170 4267 collabi-

597 4301 682 4345 tur
704 4333 717 4356 ,
748 4295 907 4347 turris
948 4294 1119 4349 ferrea
1150 4296 1427 4350 fulminata
1459 4298 1800 4369 dispergitur.
1833 4302 1986 4357 Aries
2022 4306 2166 4358 enim

596 4385 925 4452 ptuuitentite
955 4388 1213 4441 subvertit
1245 4398 1458 4457 peccata
1488 4402 1539 4444 et
1563 4395 1768 4446 subruit
1794 4396 2040 4451 crimina.
2070 4397 2171 4451 Ca-

592 4476 721 4529 dent
758 4486 882 4531 ante
925 4480 1105 4531 lletum
1146 4482 1493 4547 pmnitentis,
1542 4482 1691 4550 quasi
1725 4485 1925 4539 caduca
1970 4486 2094 4541 folia
2133 4502 2163 4541 a

2278 3275 2466 3340 amisi,
2499 3275 2593 3331 sed
2632 3276 2837 3349 integra
2870 3284 3008 3349 quod
3043 3286 3321 3344 minoravi.
3360 3290 3621 3348 Flammat
3664 3295 3853 3352 {ornas

2277 3365 2585 3433 criminum,
2617 3380 2673 3423 et
2723 3381 2776 3425 tu
2806 3372 2992 3436 ,siccas
3018 3382 3198 3445 operis
3230 3382 3305 3436 tui
3350 3382 3597 3440 fontem?
3635 3400 3852 3457 peccata

2278 3458 2605 3527 praevalent,
2637 3472 2691 3516 et
2720 3473 2773 3518 tu
2797 3466 3073 3523 subtrahis
3103 3475 3313 3539 pietatis
3344 3479 3633 3545 praasidia?
3663 3481 3736 3536 Da
3759 3499 3856 3539 ro-

2276 3565 2387 3605 rem
2422 3562 2593 3619 tuum,
2614 3564 2669 3609 et
2696 3556 2951 3627 refrigera
2976 3560 3026 3614 in
3071 3578 3157 3617 me
3182 3566 3319 3632 quod
3345 3578 3535 3623 azstuat
3563 3570 3616 3624 iu
3647 3573 3849 3631 calore.

2278 3641 2461 3706 Timeo
2491 3661 2719 3716 namque
2770 3665 2837 3704 ne
2865 3652 3223 3709 dormientem
3253 3658 3471 3715 sinistra
3499 3674 3757 3732 superet,
3800 3676 3856 3723 et

2276 3734 2448 3802 rapiat
2472 3751 2576 3791 me.
2618 3738 2921 3805 Diripiendo
2949 3743 3015 3795 ad
3060 3744 3245 3800 funera
3267 3790 3282 3814 ,
3318 3749 3397 3805 sic
3439 3761 3491 3806 te
3523 3757 3853 3813 oscitantem

2274 3822 2546 3889 dextram,
2589 3835 2644 3882 et
2671 3828 3041 3899 objurgautem
3088 3836 3398 3907 sinistram,
3437 3843 3668 3915 suscipit
3695 3847 3855 3902 Chri-

2273 3923 2389 3995 stus
2410 3925 2471 3970 et
2495 3919 2857 3986 amplectitur.
2882 3923 3172 3996 Disrumpit
3191 3930 3398 3986 vincula
3427 3933 3541 3999 tua,
3559 3945 3615 3991 et
3636 3939 3853 3995 deducit

2275 4015 2521 4076 tanquam
2540 4008 2717 4065 lumen
2732 4010 2993 4080 justitiam
3014 4028 3176 4084 tuatn,
3192 4030 3247 4075 et
3261 4022 3521 4091 judicium
3535 4039 3680 4083 tuum
3698 4011 3857 4088 meri-

2273 4094 3002 4167 diauosplendoreillustrat:
3029 4110 3282 4167 utdextra
3309 4115 3425 4184 ejus
3448 4120 3709 4186 visitatus,
3728 4138 3856 4193 gra-

2272 4186 2448 4257 tiaque
2476 4188 2730 4255 donatus,
2760 4193 2853 4248 sed
2887 4212 3107 4253 munere
3124 4208 3522 4276 arcumulatus,
3549 4227 3659 4267 non
3686 4186 3856 4271 tristis

2272 4282 2529 4337 abscedas
2567 4296 2657 4339 aut
2680 4287 2903 4353 inutilis,
2928 4291 3019 4344 sed
3050 4294 3281 4357 gaudeas
3301 4313 3419 4353 cum
3440 4300 3599 4369 justis
3627 4307 3693 4360 ad
3722 4306 3856 4363 dex-

2273 4381 2406 4426 tram
2438 4374 2773 4431 venientibus
2803 4378 2854 4431 in
2877 4392 3081 4435 acterna
3112 4387 3299 4454 requie
3326 4397 3711 4458 permansuris.

2466 4484 2703 4543 LIBEB‘
2745 4493 2831 4547 DE
2873 4495 3175 4554 MULIERE
3231 4502 3652 4566 (ΣΗΑΝΑΝᾹΞΑ.

593 4578 756 4621 vento
794 4570 1087 4635 Concussa,
1136 4580 1229 4625 aut
1257 4571 1407 4639 quasi
1452 4573 1645 4641 plumae
1687 4576 1968 4632 volitantes
2006 4589 2167 4634 vento
2195 4569 2245 4628 D
2342 4575 2491 4630 Mulli
2542 4581 2759 4647 quidem
2811 4588 3104 4659 conﬂigunt
3158 4597 3304 4650 venti
3356 4600 3687 4671 saaviuntque
3727 4620 3855 4674 pro-

594 4660 862 4725 impulse.
901 4661 1061 4713 Adest
1107 4662 1363 4715 Dominus
1402 4663 1609 4729 oranti,
1650 4677 1848 4733 praesto
1891 4678 1973 4724 est
2004 4686 2164 4725 excu-

593 4754 737 4805 banti
769 4754 1117 4821 erogantique
1153 4754 1415 4822 Christus,
1444 4765 1716 4824 protector
1744 4761 2016 4827 excelsus,
2041 4780 2161 4817 mu-

587 4845 776 4899 nilicus
806 4855 966 4913 atque
992 4844 1231 4899 liberalis
1261 4846 1529 4911 indultor;
1561 4859 1615 4902 et
1649 4858 1753 4903 tota
1799 4852 1887 4903 illa
1911 4864 2158 4918 peccato-

586 4951 706 4988 rum
751 4936 961 4987 saicina
992 4950 1148 5003 quam
1179 4937 1483 4999 verebaris,
1526 4948 1583 4992 ut
1629 4955 1749 4993 cera
1780 4941 2057 5009 lique-cit,
2102 4954 2159 4998 ut

585 5028 761 5079 fumus
792 5028 1021 5095 fugatur,
1043 5036 1097 5078 ut
1124 5041 1288 5091 vapor
1318 5029 1749 5094 exinanitur,aut
1777 5033 1927 5101 quasi
1957 5033 2155 5103 lanugo

583 5119 858 5172 Cttlllbttsla
900 5118 1127 5187 deperit.
1168 5118 1453 5188 Pestquam
1493 5121 1572 5175 sic
1617 5123 1960 5191 castigaveris
1994 5126 2153 5180 sinis-

585 5221 692 5264 tras
726 5221 895 5279 partes
916 5251 931 5275 ,
963 5220 1016 5264 et
1040 5226 1160 5264 cum
1187 5211 1387 5266 eisdem
1414 5214 1651 5281 partibus
1682 5215 1852 5281 ipsum
1880 5216 2153 5271 diabolum

579 5303 963 5371 prostraveris,
1007 5314 1259 5357 converte
1301 5311 1352 5357 te
1388 5304 1453 5356 ad
1490 5304 1799 5369 dexteram,
1835 5314 1890 5357 et
1933 5305 2150 5374 loquere

581 5393 679 5458 illi,
716 5394 1072 5461 multiplicans
1097 5394 1163 5445 ad
1192 5409 1308 5445 eam
1340 5394 1701 5447 exhortatoria
1727 5395 1888 5447 verba
1909 5436 1925 5460 ,
1958 5395 2035 5449 sic
2066 5397 2147 5450 di-

577 5501 704 5539 cens
726 5504 737 5537 :
757 5486 981 5539 Dextera
1002 5500 1118 5540 mea
1145 5486 1252 5540 Deo
1267 5496 1495 5550 sacrata,
1521 5487 1978 5542 salvatrixanima:
1995 5506 2146 5557 metu,

572 5578 831 5633 ﬁrmatrix
864 5578 1062 5642 cordis,
1104 5578 1378 5632 munimen
1408 5580 1650 5648 corporis
1672 5620 1686 5646 ,
1719 5590 1773 5636 tu
1805 5581 1916 5636 noli
1945 5583 2148 5638 dormi-

645 5729 663 5747 ‘
696 5725 749 5778 In
782 5727 872 5779 Ms.
913 5728 1101 5796 legitur
1133 5708 1316 5779 titulus
1375 5725 1475 5779 hoc
1521 5724 1717 5797 modo:
1772 5725 1970 5797 Incipit
2013 5725 2138 5781 liber

574 5797 765 5866 primus
813 5804 971 5850 sancti
1020 5797 1282 5850 Laurentii
1328 5798 1549 5866 episcopi
1580 5796 1641 5849 de
1690 5796 1893 5852 muliere
1945 5799 2142 5853 Chana-

2270 4666 2457 4732 cellm;
2491 4670 2585 4724 sed
2620 4688 2853 4729 vestrum
2884 4692 3206 4739 conventum
3254 4703 3358 4742 non
3402 4691 3648 4749 dissolvit
3678 4706 3850 4753 tenta-

2271 4758 2343 4810 tio
2366 4802 2380 4827 ,
2415 4774 2513 4814 nec
2536 4764 2769 4821 studium
2802 4770 3039 4825 violavit.
3071 4774 3185 4829 Non
3217 4789 3395 4833 cessat
3426 4782 3697 4851 Ecclesia,
3727 4803 3853 4857 qua

2266 4866 2480 4922 semper
2523 4869 2751 4927 pugnat,
2806 4874 2860 4916 et
2909 4880 3125 4933 semper
3174 4871 3500 4941 triumphat;
3535 4886 3769 4933 tentatur
3788 4890 3847 4936 et

2266 4961 2372 4999 non
2403 4962 2705 5017 superatur.
2743 4953 2797 5007 ln
2829 4968 3086 5025 quantum
3130 4963 3375 5030 pulsatur
3397 4976 3447 5021 et
3476 4972 3757 5038 premitur,
3787 4973 3839 5026 in

2269 5048 2474 5093 tantum
2504 5044 2759 5111 praevalet
2786 5056 2839 5101 et
2859 5052 3098 5117 augescit
3124 5071 3135 5103 :
3168 5056 3370 5112 circum
3400 5061 3627 5117 saeviunt
3648 5064 3800 5120 unda:
3822 5108 3837 5131 ,

2263 5130 2355 5184 sed
2384 5146 2487 5186 non
2517 5146 2760 5191 movetur
2790 5140 2943 5207 lapis.

2332 5225 2832 5287 Sermocinantibus
2872 5236 3055 5302 nobis,
3085 5254 3305 5297 somnus
3336 5248 3557 5301 recessit
3586 5250 3616 5303 ὸ
3643 5251 3835 5317 vobis;

2261 5330 2361 5369 nox
2404 5333 2463 5372 se
2491 5321 2779 5377 transfodit
2834 5325 2884 5378 in
2939 5326 3104 5382 diem.
3136 5332 3179 5385 0
3220 5348 3516 5391 conventus
3569 5338 3831 5397 forensis!

2259 5419 2432 5474 pmest
2470 5412 2613 5465 enim
2666 5423 2720 5467 et
2750 5414 2835 5469 hic
2878 5432 2998 5472 esse
3033 5434 3325 5480 conventus
3372 5426 3647 5486 Ecclesiae.
3685 5431 3835 5489 Fecit

2258 5514 2361 5551 nox
2416 5501 2469 5553 iu
2516 5503 2629 5555 loro
2669 5504 2992 5569 Ecclesiam.
3025 5520 3079 5563 et
3125 5517 3321 5570 mentis
3353 5530 3546 5574 vestra:
3574 5524 3831 5592 strepitus

2255 5592 2482 5644 armavit
2529 5593 2881 5651 industriam:
2932 5603 3164 5656 cessavit
3192 5607 3370 5662 omnis
3418 5611 3662 5681 pigritia,
3695 5629 3826 5670 con-

2250 5748 2379 5819 nata:
2453 5733 2653 5815 Confer
2686 5740 3117 5819 _auuo_t~ationem
3170 5746 3428 5814 opusculo
3500 5748 3828 5819 subjectum,

2255 5804 2410 5868 pmlo
2440 5816 2554 5871 post
2586 5806 2812 5863 initium.
2853 5808 3005 5864 Ευιτ.
