4126 6362
306 365 409 419 H7

300 583 409 624 non
439 571 694 634 miretur,
726 585 792 625 eo
821 571 960 640 quod
993 588 1096 625 non
1124 574 1298 627 solum
1347 574 1515 628 nostri
1567 590 1880 640 permanse-

300 663 409 717 rint
436 662 740 725 nobiscum,
775 664 867 718 sed
895 664 1053 717 etiam
1086 664 1341 733 incogniti
1373 668 1679 737 congregati
1713 683 1879 723 vene-

300 762 460 819 runt,
502 763 559 809 et
598 754 810 823 proficit
860 756 1086 811 tentatio
1130 756 1182 810 in
1222 757 1462 813 utilitatis
1496 762 1878 828 augmentum?

300 842 437 897 Nam
468 843 609 898 sicut
639 845 813 913 pluvia
842 845 1177 901 descendens
1205 849 1374 902 nutrit
1423 851 1629 903 semina
1675 852 1877 920 germi-

304 936 511 1004 nantia,
540 938 619 991 sic
648 939 889 1003 tentatio,
920 954 1040 993 cum
1070 942 1477 1008 exatninaverit,
1507 945 1737 999 animam
1770 947 1878 1000 sal-

242 1014 245 1017 ⁷
304 1038 415 1083 vat.
448 1027 686 1084 Verbum
718 1029 924 1084 Domini
954 1041 1038 1086 est
1063 1033 1363 1101 immobile,
1393 1043 1448 1089 et
1491 1046 1653 1102 portae
1684 1037 1877 1093 inferni

301 1137 409 1175 non
458 1124 826 1192 praevalebunt
852 1126 915 1178 ad
943 1141 1085 1180 eum.
1125 1127 1372 1196 Seipsum
1404 1130 1647 1185 vulnerat
1671 1132 1879 1202 impug-

301 1224 457 1267 natnr
502 1215 784 1280 Ecclesiae;
839 1216 1049 1281 plebem
1099 1234 1231 1273 vero
1280 1220 1492 1275 fidelem
1527 1222 1874 1291 insigniorem

300 1307 556 1361 ostendit.
590 1308 739 1365 Vires
784 1310 992 1364 collidit
1040 1314 1284 1381 proprias
1332 1314 1422 1382 qui
1462 1316 1745 1369 zemulatur
1772 1317 1875 1371 Ec-

301 1398 516 1465 clesiaa;
572 1400 728 1454 nobis
782 1416 909 1457 vero
968 1404 1223 1473 triumphi
1280 1406 1489 1461 confert
1536 1407 1872 1477 dignitatem.

299 1490 483 1544 Justus
518 1499 632 1545 erat
671 1503 724 1546 et
751 1504 907 1549 antea
952 1494 1084 1558 Joh;
1139 1497 1232 1552 sed
1277 1498 1475 1566 justior
1529 1502 1870 1569 postmodum

299 1582 368 1637 de
396 1598 565 1652 agone
593 1588 831 1641 emersit.
867 1588 1040 1643 Sanus
1069 1591 1278 1645 validus
1307 1590 1477 1646 factus
1506 1603 1590 1647 est
1615 1610 1755 1663 aeger
1783 1612 1873 1648 va-

306 1674 503 1728 lidior:
537 1676 713 1732 clarus
743 1678 795 1731 in
822 1694 985 1747 opere
1014 1680 1184 1736 factus
1218 1691 1334 1746 est.
1376 1685 1427 1738 in
1452 1685 1707 1752 opinione
1734 1704 1869 1753 prte-

300 1767 520 1821 clarior.
554 1768 828 1838 Nunquam
885 1771 1043 1841 igitur
1092 1774 1143 1826 in
1184 1775 1477 1830 tentatione
1508 1777 1779 1831 formides.
1812 1778 1869 1832 Si

297 1858 441 1912 enim
476 1860 641 1915 fueris
674 1862 727 1914 in
766 1865 977 1931 propria
1031 1864 1222 1919 virtute
1278 1865 1525 1920 fundatus
1542 1870 1562 1935 ',
1599 1884 1871 1937 nunquam
1906 1859 1952 1918 Β

297 1951 391 2005 tibi
423 1951 597 2005 oberit
643 1955 942 2017 tribulatio,
978 1972 1096 2025 qua:
1127 1959 1396 2023 patientia:
1427 1960 1665 2014 declarat
1695 1963 1869 2015 virtu-

300 2051 431 2096 tem.
468 2042 618 2097 Sicut
655 2045 798 2097 enim
830 2046 1015 2100 fornax
1046 2062 1166 2101 cunt
1199 2051 1500 2114 examinat,
1529 2063 1870 2120 augmentum

294 2135 423 2187 facit
471 2135 523 2187 in
555 2136 734 2203 specie
761 2138 913 2201 auri,
958 2140 1033 2191 sic
1080 2142 1300 2195 tentatio
1338 2142 1485 2195 addit
1520 2144 1710 2196 anima:
1756 2148 1873 2211 pul-

292 2225 677 2280 chritudinem.
711 2226 767 2280 lu
799 2243 904 2297 quo
933 2229 1074 2282 enim
1109 2234 1260 2283 noxia
1291 2240 1377 2285 est
1416 2232 1625 2285 flamma
1658 2234 1712 2287 in
1745 2249 1871 2302 spe—

290 2317 377 2369 cie
401 2316 660 2369 attri‘faut
678 2318 731 2370 in
757 2333 861 2387 quo
879 2318 1120 2373 hutniliat
1145 2324 1366 2375 tentatio
1390 2325 1696 2392 patientiam
1714 2366 1727 2389 ,
1750 2342 1870 2394 qua:

294 2405 437 2459 tollit
469 2407 771 2473 tristitiam,
820 2419 874 2464 et
904 2406 1060 2482 auget
1091 2413 1364 2477 laetitiam,
1403 2426 1457 2469 et
1486 2415 1608 2470 facit
1636 2417 1867 2471 animam

293 2483 527 2551 hominis
555 2499 607 2551 in
637 2502 943 2554 examinata
976 2505 1156 2571 specie
1188 2504 1486 2573 refulgere?

365 2588 664 2644 introduxit
705 2594 1061 2659 tentationes,
1108 2604 1163 2649 ut
1202 2597 1448 2651 excludat
1490 2599 1864 2669 adversarios,

292 2682 381 2750 qui
412 2696 499 2736 me
544 2684 852 2737 existimant
902 2686 1189 2742 inimicum.
1240 2686 1558 2760 Congregati
1601 2703 1727 2746 sunt
1754 2708 1867 2747 ma-

296 2774 422 2843 ligni
450 2776 501 2829 in
532 2793 694 2830 unttm
720 2794 734 2842 ;
767 2779 859 2833 sed
885 2781 1011 2845 quid
1045 2781 1117 2833 illi
1151 2783 1200 2834 in
1224 2782 1539 2839 confusione
1562 2826 1577 2849 ,
1603 2795 1654 2839 et
1685 2788 1868 2853 quales

294 2867 466 2919 nostri
495 2867 547 2920 in
573 2868 980 2936 compassione?
1004 2872 1090 2923 ubi
1121 2882 1245 2925 sunt
1280 2873 1393 2926 illi?
1426 2890 1549 2928 num
1578 2880 1869 2944 apparent?

292 2957 496 3024 aspicio
528 2960 579 3011 in
620 2958 767 3025 foro,
820 2975 886 3013 eo
920 2977 1012 3029 per
1061 2964 1294 3029 plateas,
1338 2954 1391 3017 et
1435 2967 1639 3021 nullum
1690 2968 1863 3022 video.

292 3046 534 3103 Frondes
563 3048 777 3103 fuerunt
805 3091 819 3114 ,
848 3062 903 3105 et
949 3053 1257 3107 ceciderunt
1296 3069 1325 3108 a
1358 3068 1517 3110 vento
1546 3075 1562 3123 ;
1594 3059 1867 3126 plumbum

294 3139 419 3205 luit,
446 3150 501 3194 et
532 3140 870 3211 liquefactum
908 3154 1027 3208 est;
1075 3145 1126 3199 bi
1154 3162 1285 3201 vero
1320 3149 1585 3220 refulgent
1615 3152 1666 3205 in
1688 3155 1868 3221 specie

1611 369 1892 424 HOMILIA
1933 369 2269 426 SECUNDA.

301 480 504 547 quievit
533 479 764 550 ignavia.
788 479 918 547 Quis
948 480 1050 534 hoe
1076 495 1181 534 non
1211 481 1385 535 volvat
1408 481 1618 546 animo,
1643 492 1735 537 aut
1754 486 1869 555 quis
1899 489 1946 547 Α
1983 506 2299 573 ρυωίρεηιη
2348 507 2473 562 [πεί

3464 383 3562 435 lt8

2526 510 2684 562 sunt?
2731 510 2916 567 Nonne
2965 524 3123 581 caput
3157 517 3357 581 rapinae
3387 530 3441 571 et
3476 520 3561 574 lex

1991 597 2299 652 violentiae?
2327 598 2460 664 Quid
2491 608 2573 653 est
2605 601 2950 667 publicanus?
2984 605 3163 672 prmdo
3182 607 3302 660 sine
3324 608 3562 678 pudore,

1986 689 2223 743 medicus
2253 692 2581 745 exterminii.
2611 691 2796 757 Nonne
2828 695 3107 750 immanior
3134 709 3214 751 est
3241 698 3443 754 furibus
3466 716 3562 769 pu-

1983 781 2263 833 blicanus?
2290 781 2373 835 fur
2402 798 2648 851 namque
2675 785 2758 839 vel
2791 786 2983 841 timens
3013 787 3245 847 iuratur:
3280 790 3364 844 hic
3383 802 3560 848 autem

1981 874 2309 928 confidenter
2358 874 2654 943 delinquit;
2700 876 2793 932 sed
2841 878 2925 932 hic
2956 881 3281 948 publicanus
3331 894 3559 953 repente

1981 968 2291 1032 apostolus;
2326 970 2597 1036 quomodo
2634 978 2725 1022 aut
2752 987 2856 1037 quo
2887 974 3113 1027 tenore?
3147 974 3423 1029 Trausiens
3453 975 3560 1030 Do-

1980 1056 2150 1107 minus
2198 1056 2323 1108 vidit
2368 1073 2484 1110 eum
2528 1059 2784 1112 sedentem
2828 1062 2880 1114 in
2925 1065 3155 1127 teloneo,
3185 1068 3414 1137 dixitque
3440 1069 3559 1126 illi:

1981 1150 2207 1219 Sequere
2230 1168 2327 1206 me.
2355 1151 2420 1204 Et
2443 1170 2654 1221 surgens
2675 1166 2869 1209 secutus
2891 1169 2964 1211 est
2992 1176 3107 1212 eum
3124 1160 3339 1231 (Matth.
3372 1178 3443 1228 Ix,
3475 1162 3555 1234 9).

1977 1239 2022 1293 Ο
2064 1244 2239 1297 virtus
2279 1247 2573 1299 sermonis!
2605 1248 2751 1301 venit
2777 1249 2950 1303 crucis
2982 1251 3155 1316 palma
3175 1293 3190 1315 ,
3219 1262 3275 1305 et
3307 1252 3429 1308 fecit
3458 1255 3559 1307 mi-

1979 1330 2123 1386 litem
2152 1334 2218 1388 de
2246 1335 2491 1402 captivo,
2527 1346 2581 1391 et
2611 1336 2780 1392 lutum
2806 1339 3049 1408 protinus
3078 1345 3341 1398 convertit
3372 1347 3423 1398 in
3458 1361 3557 1400 au-

1979 1440 2116 1481 rum.
2172 1427 2330 1482 Venit
2375 1430 2550 1484 crucis
2605 1431 2809 1498 palma,
2867 1441 2922 1487 et
2965 1449 3189 1503 surgens
3240 1438 3550 1503 publicane...

1975 1526 2189 1572 secutus
2218 1529 2300 1573 est
2334 1519 2639 1585 Christum;
2679 1522 2743 1577 de
2772 1524 3037 1591 profundo
3068 1528 3317 1582 mteroris
3346 1529 3545 1598 gurgik

1976 1621 2137 1677 super
2162 1624 2321 1666 omne
2361 1613 2570 1668 decoris
2600 1614 2871 1683 fastigium
2893 1618 3237 1673 sublimatur.
3269 1622 3437 1677 Nemo
3464 1624 3556 1691 igi-

1976 1708 2060 1751 tur
2089 1699 2382 1770 desperans
2426 1704 2597 1759 salute
2638 1705 2859 1770 fruitur,
2920 1724 3024 1760 non
3071 1718 3151 1763 est
3184 1710 3323 1763 enim
3357 1713 3553 1766 malum

1977 1789 2028 1841 in
2061 1792 2319 1846 membris
2363 1795 2557 1849 vestris
2609 1797 2921 1853 naturaliter
2953 1798 3169 1854 insitum
3196 1820 3207 1854 :
3241 1802 3306 1855 de
3332 1803 3554 1859 arbitrio

1978 1896 2077 1935 nos
2122 1884 2805 1958 gratiamlibertatemque
2836 1892 3162 1960 acquiritnus
3235 1891 3554 1949 Publicanus

1977 1977 2118 2029 enim
2152 1980 2320 2033 factus
2366 1990 2448 2035 est
2493 1984 2847 2051 evangelista,
2888 1986 3231 2054 blasphemus
3262 1988 3432 2041 factus
3472 1999 3555 2043 est

1978 2069 2187 2134 doctor,
2220 2071 2355 2125 latro
2385 2073 2692 2140 paradisum
2740 2078 2961 2140 meruit,
2995 2077 3248 2132 seductor
3276 2077 3443 2132 factus
3471 2090 3555 2134 est

1976 2161 2290 2217 verissimus
2325 2164 2598 2219 adorator.
2643 2165 2759 2220 Non
2804 2177 2885 2220 est
2916 2168 3201 2236 quidquam
3236 2171 3287 2222 in
3316 2170 3557 2224 crimini-

1976 2254 2106 2316 bus,
2137 2256 2275 2324 qttod
2310 2272 2414 2310 non
2456 2257 2786 2326 paenitudine
2825 2260 3142 2313 resolvatur.
3178 2261 3243 2315 Et
3295 2261 3415 2315 ideo
3450 2263 3578 2329 Do—_

1974 2346 2148 2398 minus
2188 2347 2356 2415 ipsius
2394 2349 2635 2403 criminis
2683 2348 2950 2403 deSIruxit
2996 2350 3237 2420 fastigia,
3286 2366 3341 2405 ut
3373 2355 3558 2408 nullus

1977 2437 2137 2489 vitam
2166 2452 2314 2491 suam
2343 2439 2507 2493 etiam
2540 2441 2593 2493 in
2626 2452 2774 2495 sexta
2808 2452 2964 2496 :etate
2990 2444 3260 2511 desperet.

2044 2528 2121 2583 Ne
2150 2529 2297 2583 dicas
2331 2529 2464 2583 intra
2503 2540 2591 2585 te:
2626 2530 2879 2595 Peccavi,
2907 2534 3104 2600 etquid
3138 2533 3361 2588 faciam?
3386 2534 3550 2589 habes

1971 2620 2282 2676 imitabilem
2299 2621 2787 2697 [F.inimitabilem]
2810 2627 3069 2680 medicum
3089 2629 3175 2696 qui
3191 2639 3550 2683 resecatmor-

1971 2712 2118 2775 bum,
2139 2720 2194 2765 et
2211 2721 2363 2766 sanat
2380 2728 2590 2768 omnem
2614 2716 2954 2787 languorem;
2985 2719 3149 2773 habes
3176 2721 3437 2775 medicum
3459 2722 3554 2791 qui

1970 2805 2123 2858 adest
2151 2806 2456 2873 gemitibus,
2481 2817 2533 2862 et
2557 2817 2686 2861 nutu
2713 2811 2938 2876 imperat
2963 2813 3264 2866 sanitatem.
3298 2814 3371 2867 Ex
3403 2824 3548 2867 tanta

1972 2904 2025 2949 te
2048 2896 2112 2950 de
2145 2897 2437 2966 improviso
2459 2900 2677 2954 materia
2705 2901 2861 2956 ﬁnxit
2890 2914 2945 2957 et
2971 2904 3256 2958 vivificavit
3282 2918 3337 2959 ut
3359 2921 3509 2961 esses
3531 2924 3548 2959 :

1972 3003 2114 3041 nunc
2139 2988 2329 3042 factum
2355 2998 2408 3045 te
2430 3000 2484 3045 et
2507 2992 2761 3046 nutritum
2793 2996 2986 3062 poterit
3012 2996 3287 3050 oblivisci?
3310 3013 3413 3051 non
3436 3008 3551 3053 erat

1969 3087 2124 3133 antea
2163 3080 2354 3145 homo,
2406 3092 2458 3137 et
2513 3082 2757 3151 figuravit
2810 3086 2954 3139 illum
3009 3102 3073 3140 ex
3122 3088 3264 3141 limo.
3298 3085 3545 3159 Requii'ic

1976 3169 2113 3225 forte
2141 3172 2449 3241 qualitatem
2478 3192 2488 3226 :
2528 3176 2708 3230 nescio
2737 3192 2867 3247 ego,
2897 3179 3010 3246 ipse
3035 3179 3135 3232 scit
3165 3188 3335 3235 artem
3369 3196 3542 3237 suam.

290 3233 429 3284 auri.
459 3233 587 3298 QUiS
630 3247 723 3287 COS
770 3250 926 3303 quam
979 3238 1263 3293 criminosa
1319 3256 1503 3295 ΘΟΙῚΙΠΙ
1536 3246 1861 3299 οοηεοὶθηιὶι
1890 3234 1934 3298 C
1969 3233 2215 3332 Nunquid
2266 3279 2369 3318 ηοη
2420 3280 2541 3320 eras
2571 3268 2746 3321 terra?
2770 3233 2879 3323 “sea
2919 3233 3124 3341 :r.ccepil
3156 3282 3359 3341 partem
3389 3285 3549 3330 terra

291 3324 585 3391 elfugavit?
631 3326 820 3380 Sciunt
862 3327 1005 3382 enim
1056 3330 1157 3399 ipsi
1207 3333 1334 3400 quid
1382 3335 1622 3388 fecerint.
1655 3335 1785 3389 Nam
1812 3345 1867 3391 et

292 3414 424 3467 Cain
456 3429 575 3469 cum
601 3426 842 3484 cmperat
874 3422 1145 3487 preprium
1180 3423 1440 3490 perimere
1466 3425 1715 3493 fratrem,
1748 3443 1869 3496 per:

292 3518 503 3575 petrato
542 3511 777 3575 scelere,
834 3514 1025 3568 uitnens
1072 3530 1134 3569 ac
1184 3526 1421 3573 tremens
1474 3538 1634 3591 super
1668 3536 1863 3579 terram

289 3595 545 3651 incessit:
570 3599 646 3653 sic
675 3612 729 3654 et
758 3601 843 3655 isti
880 3619 985 3657 non
1011 3606 1254 3660 manibus
1289 3610 1501 3677 quidem
1522 3653 1537 3676 ,
1567 3614 1659 3667 sed
1688 3627 1866 3672 mente

290 3686 564 3757 ntalignati
604 3700 761 3755 sunt;
806 3701 859 3745 et
904 3693 979 3745 illi
1022 3696 1233 3762 quidem
1265 3700 1469 3767 operati
1497 3714 1619 3756 sunt
1642 3721 1861 3772 necem,

288 3776 553 3833 Dominus
600 3792 775 3864 aptem
827 3785 1149 3841 condonavit
1178 3792 1427 3846 salutem.
1462 3794 1584 3848 llaec
1612 3799 1751 3849 enim
1785 3798 1863 3850 lo-

284 3878 441 3921 cutus
472 3884 588 3923 sum
632 3883 848 3943 propter
878 3890 971 3928 vos
994 3918 1007 3941 ,
1040 3890 1095 3929 ut
1147 3882 1379 3937 exsultet
1406 3900 1557 3938 mens
1599 3898 1773 3941 vestra
1806 3890 1860 3943 in

288 3960 520 4016 Domino
538 4004 551 4028 ,
571 3973 625 4017 et
644 3981 916 4036 nunqunm
939 3967 993 4021 in
1019 3973 1407 4029 tentationibus
1428 3979 1677 4045 trepidet.
1704 3980 1861 4036 Petra

284 4060 371 4105 est
401 4052 708 4112 immobilis.
739 4061 782 4111 υ
814 4058 979 4113 homo
1001 4101 1019 4127 ,
1053 4063 1175 4129 quid
1204 4064 1375 4135 flatus
1402 4071 1644 4123 vereris?
1691 4072 1865 4137 Super

283 4144 450 4208 hanc,
492 4145 690 4215 inquit,
743 4158 940 4218 petram
981 4155 1248 4221 wdiﬁcaba
1278 4156 1558 4213 Ecclesiam
1588 4180 1751 4217 meam
1770 4206 1785 4229 ,
1816 4179 1862 4219 et

284 4246 447 4302 parta:
475 4237 755 4307 inferorum
780 4258 881 4295 non
911 4245 1251 4311 praevalebunt
1273 4249 1341 4300 ad
1362 4266 1473 4302 eam
1508 4251 1721 4322 (Matth.
1739 4238 1862 4322 .XVI,

290 4328 403 4393 l8).
436 4327 879 4400 Quandoquidem
902 4344 1157 4392 extranea
1179 4382 1192 4406 ,
1221 4341 1653 4411 quandoquidem
1684 4356 1864 4403 autem

282 4415 533 4471 intestina
587 4430 713 4474 sunt
754 4421 926 4488 bella;
970 4426 1064 4480 sed
1096 4429 1275 4485 nullus
1306 4442 1483 4500 potest
1513 4436 1860 4494 stabilitatem

281 4521 541 4572 quassare
578 4520 883 4567 structurae.
911 4516 1061 4581 Quod
1092 4529 1268 4574 autem
1320 4525 1566 4592 expendo
1611 4537 1855 4600 tempus,

281 4597 337 4649 itt
383 4601 799 4667 exprobratione
841 4608 1136 4674 alorum;
1179 4628 1277 4667 nec
1309 4618 1451 4669 enim
1475 4618 1551 4671 fas
1580 4632 1662 4675 est
1688 4597 1857 4678 insul-
1887 4605 1942 4666 D

280 4699 398 4744 tare
422 4692 619 4748 diutius
651 4699 907 4763 inimicis,
938 4710 989 4755 et
1030 4701 1166 4757 filios
1189 4706 1465 4775 despicere
1493 4713 1744 4769 scientes.

355 4780 519 4848 Igitur
552 4788 804 4842 hesterno
837 4792 991 4845 nobis
1022 4792 1220 4850 Paulus
1264 4802 1537 4866 apostolus
1573 4805 1856 4863 adornavit

277 4877 615 4942 eonvivium,
651 4880 807 4936 hodie
836 4895 1013 4939 autem
1046 4887 1325 4947 Matthteus
1351 4912 1361 4944 :
1402 4894 1652 4951 hesterno
1680 4902 1858 4955 coria-

274 4966 424 5031 rius,
496 4968 655 5026 hodie
731 4975 1088 5043 publicanus;
1157 4981 1409 5039 hesterno
1472 4987 1850 5058 blasphemus,

275 5055 440 5114 hodie
460 5072 662 5129 raptor.
696 5065 799 5119 Sed
833 5083 938 5122 non
961 5071 1014 5123 in
1040 5073 1370 5140 blaSphemia
1398 5055 1688 5145 permansit
1715 5055 1857 5141 blas;

273 5148 539 5220 phemus,
572 5169 672 5208 nec
700 5167 882 5225 raptor
914 5161 963 5213 in
996 5165 1184 5232 rapina
1208 5171 1520 5232 permansit.
1551 5173 1743 5229 Factus
1773 5189 1854 5231 est

271 5241 418 5293 enim
449 5242 643 5299 Paulus
690 5261 848 5303 verus
895 5257 1168 5321 aposmlus
1194 5267 1247 5311 et
1284 5260 1430 5315 utilis
1450 5263 1656 5331 doctor;
1684 5268 1854 5324 factus

269 5340 357 5384 est
387 5332 533 5386 enim
562 5345 615 5390 et
646 5338 929 5396 Matthteus
968 5346 1245 5417 Evangelii
1291 5354 1625 5420 praedicator.
1656 5360 1855 5416 Memo-

271 5424 405 5477 rabo
445 5427 619 5494 priora
668 5443 879 5500 peccata
908 5479 921 5500 ,
958 5448 1010 5491 ut
1058 5449 1350 5507 posteriora
1403 5454 1591 5505 merita
1643 5458 1847 5513 enites-

268 5523 398 5568 cant
423 5533 435 5569 :
465 5528 522 5571 ut
550 5519 726 5575 discas
757 5532 811 5576 tu
834 5526 961 5594 quid
993 5530 1062 5583 sit
1092 5520 1329 5590 converti
1360 5539 1428 5595 de
1473 5544 1612 5598 malo
1661 5548 1711 5600 in
1745 5549 1844 5603 bo-

268 5620 397 5658 num
422 5648 438 5670 ,
484 5624 557 5664 ne
589 5612 877 5681 aliquando
906 5619 1050 5674 desis
1097 5624 1147 5676 in
1177 5631 1388 5696 propria
1418 5634 1545 5687 vita.
1583 5637 1844 5696 Doctores

266 5697 429 5759 igitur
458 5705 625 5758 nostri
654 5706 796 5774 prius
818 5709 869 5763 in
896 5711 1208 5771 criminibus
1247 5722 1567 5779 sorduerunt
1587 5768 1601 5791 ,
1632 5740 1683 5783 et
1708 5732 1830 5788 inde

262 5795 511 5851 conversi
538 5796 591 5851 in
636 5801 839 5857 meritis
886 5817 1199 5864 sonuerunt.
1232 5812 1367 5879 Quid
1398 5815 1739 5888 blasphemus
1775 5834 1831 5881 et

1972 3366 2164 3424 potens
2197 3344 2287 3412 ille
2329 3358 2511 3426 opifex
2535 3402 2551 3423 ,
2593 3369 2650 3415 et
2697 3360 2823 3416 fecit
2864 3364 3010 3430 prius
3049 3379 3243 3433 corpus
3273 3375 3419 3420 tuum
3446 3409 3460 3431 ,
3494 3369 3546 3421 ir

1968 3463 2076 3516 quo
2119 3448 2383 3517 disposuit
2421 3461 2471 3503 et
2516 3450 2759 3505 distinxit
2790 3453 2935 3507 varia
2968 3455 3238 3521 membra,
3279 3472 3466 3512 manus
3494 3468 3550 3513 et

1968 3540 2165 3607 pedes;
2211 3551 2369 3607 caput
2407 3544 2606 3607 etiam,
2661 3544 2712 3595 in
2762 3560 2867 3613 quo
2915 3545 3051 3599 oculi
3086 3556 3139 3599 et
3170 3563 3356 3613 aures,
3404 3564 3464 3603 os
3495 3561 3551 3603 et

1966 3631 2224 3686 odoratus
2240 3672 2254 3693 ,
2291 3636 2437 3685 frons
2461 3643 2514 3686 et
2536 3650 2686 3703 genae
2706 3676 2721 3700 ,
2744 3646 2795 3688 et
2820 3636 3019 3703 reliqua
3050 3640 3284 3691 membra
3310 3641 3545 3694 inferius.

1966 3725 2063 3779 llle
2091 3741 2221 3796 ergo
2269 3716 2464 3780 artifex
2518 3728 2606 3796 qui
2652 3730 2730 3781 sic
2778 3738 2829 3783 te
2863 3733 3079 3798 proprio
3110 3732 3258 3785 tinxit
3285 3732 3545 3797 arbitrio,

1966 3832 2073 3870 non
2119 3828 2295 3884 potest
2346 3827 2435 3871 tua
2482 3818 2693 3873 auferre
2732 3822 2994 3888 peccata?
3038 3821 3154 3875 Noli
3200 3837 3390 3876 sensus
3433 3823 3548 3893 ejus

1967 3909 2149 3961 rimari
2176 3952 2190 3973 ,
2225 3910 2333 3963 noli
2365 3910 2535 3965 nodos
2564 3913 2874 3966 examinare
2897 3915 3138 3982 virtutis,
3172 3916 3277 3969 noli
3305 3931 3548 3985 quaerere

1965 4000 2236 4070 quomodo
2269 4000 2392 4055 fecit
2412 4042 2428 4066 ,
2458 4003 2551 4056 sed
2585 4003 2783 4057 mirare
2804 4006 2872 4059 de
2895 4005 3056 4060 facto.

2036 4091 2140 4147 Sed
2182 4092 2316 4147 dicis
2346 4112 2357 4144 :
2393 4092 2517 4147 Feci
2560 4107 2783 4163 peccata
2812 4097 2976 4149 multa
3007 4108 3061 4152 et
3085 4100 3294 4163 magna.
3330 4099 3395 4152 Et
3424 4101 3543 4165 quis

1968 4192 2055 4237 est
2098 4184 2166 4239 de
2212 4184 2518 4237 hominibus
2568 4187 2656 4254 qui
2688 4201 2793 4239 non
2828 4189 3045 4253 peccet?
3097 4189 3174 4242 Tu
3201 4190 3323 4242 die:
3362 4190 3552 4246 Erravi

1964 4290 2124 4343 super
2152 4292 2340 4331 omnes
2371 4278 2614 4332 homines
2635 4322 2648 4344 ,
2680 4278 2877 4334 sufficit
2906 4282 3035 4335 mihi
3074 4284 3126 4337 in
3157 4285 3424 4339 sacrificio
3447 4286 3548 4339 ista

1969 4369 2274 4434 confessio;
2303 4371 2391 4425 die
2420 4379 2473 4425 tu
2507 4372 2652 4439 prius
2681 4372 2989 4444 iniquitates
3018 4385 3137 4430 tuas
3159 4420 3173 4443 ,
3205 4388 3260 4431 ut
3282 4378 3547 4444 iustiﬁce-

1963 4460 2041 4515 ris
2060 4500 2082 4526 ,
2102 4477 2369 4530 cognosce
2390 4464 2639 4533 quoniam
2672 4477 2923 4532 peccator
2952 4483 3010 4523 es
3036 4486 3047 4522 :
3086 4468 3223 4525 habe
3242 4470 3509 4525 tristitiam
3529 4513 3545 4536 ,

1966 4568 2086 4606 cum
2115 4556 2624 4610 converteris:esto
2646 4571 2707 4610 ac
2728 4558 2773 4612 si
2818 4558 3136 4626 desperatus
3181 4571 3236 4615 et
3286 4575 3541 4627 maestus.

1964 4644 2058 4697 sed
2082 4652 2137 4697 et
2166 4644 2427 4714 lacrymas
2456 4656 2809 4715 compunctus
2840 4649 3072 4705 effunde.
3107 4653 3352 4723 Nunquid
3400 4656 3543 4711 aliud

1960 4736 2157 4803 aliquid
2189 4737 2287 4791 t‘nit
2315 4740 2364 4791 in
2396 4741 2701 4801 meretrice,
2730 4756 2887 4808 quam
2920 4745 3272 4814 lacrymarum
3314 4747 3547 4811 effusio?

1959 4838 2011 4883 et
2039 4843 2102 4882 ex
2129 4828 2227 4882 hac
2254 4829 2563 4897 profusione
2608 4833 2812 4886 invenit
2858 4836 3163 4899 praesidium
3184 4878 3200 4903 ,
3231 4847 3285 4893 et
3316 4851 3539 4911 accepta

1961 4920 2151 4975 fiducia
2175 4922 2400 4974 accessit
2427 4921 2491 4975 ad
2523 4922 2723 4977 fontem
2755 4924 3036 4979 Dominum
3065 4928 3265 4985 Jesum.

2035 5010 2138 5063 Sed
2185 5014 2461 5066 veniamus
2488 5013 2553 5066 ad
2580 5029 2820 5070 causam.
2850 5018 2986 5082 Quid
3015 5034 3145 5091 ergo
3178 5024 3538 5095 evangelista?

1958 5098 2028 5153 Et
2078 5103 2197 5155 inde
2243 5104 2493 5156 transiens
2518 5106 2670 5159 lctus
2712 5109 2847 5160 venit
2876 5110 2927 5161 in
2951 5123 3120 5180 partes
3146 5112 3271 5184 Tyri
3302 5128 3349 5169 et
3377 5116 3539 5171 Sido-

1958 5192 2073 5253 nis;
2100 5202 2145 5245 et
2167 5208 2279 5246 erce
2308 5194 2488 5247 mulier
2513 5193 2806 5250 Chananwa
2829 5198 3039 5269 (Matth.
3067 5203 3178 5271 xv).
3206 5205 3390 5259 Miratn
3423 5223 3535 5263 rem

1956 5283 2031 5335 ait
2050 5285 2398 5352 evangelista.
2422 5286 2559 5341 Ecce
2587 5288 2779 5343 mulier
2798 5301 2955 5359 caput
2987 5300 3216 5363 peccati,
3250 5317 3401 5355 arma
3429 5302 3536 5356 dia-

1959 5371 2098 5437 boli,
2145 5375 2391 5443 expulsio
2431 5376 2659 5444 paradisi
2683 5419 2698 5438 ,
2727 5379 2834 5434 doli
2864 5392 3054 5451 mater,
3100 5392 3374 5460 corruptio
3403 5392 3538 5464 legis

1959 5464 2214 5531 antiquae.
2245 5464 2384 5521 Ecce
2414 5468 2609 5522 mulier
2634 5471 2886 5527 veniebat
2922 5475 2987 5528 ad
3021 5476 3301 5534 Dominum
3330 5482 3537 5552 Jesum,

1960 5554 2156 5609 mulier
2212 5556 2511 5647 alienigena
2554 5559 2622 5613 de
2667 5562 2953 5629 gentibus,
3004 5571 3215 5622 novella
3256 5572 3535 5641 plantatin.

1957 5646 2146 5699 Mirum
2170 5650 2470 5716 negotium!
2497 5648 2793 5703 Chananma
2819 5657 3090 5729 sequitur;
3114 5658 3283 5713 Judtei
3309 5666 3534 5732 fugiunt,

1951 5736 2230 5792 domestici
2259 5740 2664 5807 derelinquunt,
2694 5742 2991 5812 alienigena
3019 5748 3220 5805 haeret!
3252 5755 3388 5811 Ecce
3417 5774 3532 5813 mn-

1952 5833 2051 5889 lier
2073 5834 2141 5891 de
2171 5828 2489 5892 fittibus‘illis
2512 5852 2721 5907 egressa
2753 5840 3013 5898 clamabat
3039 5848 3224 5906 dicens
3250 5870 3262 5908 :
3290 5854 3539 5914 Miserere
